  <div class='ocr_page' id='page_1' title='image "/cluster/home/n/w/nwhite01/storage/ocr_20150623/94/nnc1.0046979999/404.png"; bbox 0 0 4198 6492; ppageno 0'>
   <div class='ocr_carea' id='block_1_1' title="bbox 293 472 406 535">
    <p class='ocr_par' dir='ltr' id='par_1_1' title="bbox 293 472 406 535">
     <span class='ocr_line' id='line_1_1' title="bbox 293 472 406 535; baseline 0 0"><span class='ocrx_word' id='word_1_1' title='bbox 293 472 406 535; x_wconf 72' lang='grc'><strong>793</strong></span> 
     </span>
    </p>
   </div>
   <div class='ocr_carea' id='block_1_2' title="bbox 1381 473 2462 542">
    <p class='ocr_par' dir='ltr' id='par_1_2' title="bbox 1381 473 2462 542">
     <span class='ocr_line' id='line_1_2' title="bbox 1381 473 2462 542; baseline 0.005 -7"><span class='ocrx_word' id='word_1_2' title='bbox 1381 476 1479 535; x_wconf 89' lang='lat' dir='ltr'><strong>DE</strong></span> <span class='ocrx_word' id='word_1_3' title='bbox 1520 474 1699 536; x_wconf 83' lang='lat' dir='ltr'><strong>FIDE</strong></span> <span class='ocrx_word' id='word_1_4' title='bbox 1738 473 2201 537; x_wconf 79' lang='lat' dir='ltr'><strong>ORTIIODOXA</strong></span> <span class='ocrx_word' id='word_1_5' title='bbox 2240 479 2385 540; x_wconf 82' lang='lat' dir='ltr'><strong>LIB.</strong></span> <span class='ocrx_word' id='word_1_6' title='bbox 2418 483 2462 542; x_wconf 92' lang='grc' dir='ltr'><strong>Ι.</strong></span> 
     </span>
    </p>
   </div>
   <div class='ocr_carea' id='block_1_3' title="bbox 3444 489 3547 555">
    <p class='ocr_par' dir='ltr' id='par_1_3' title="bbox 3444 489 3547 555">
     <span class='ocr_line' id='line_1_3' title="bbox 3444 489 3547 555; baseline -0.029 0"><span class='ocrx_word' id='word_1_7' title='bbox 3444 489 3547 555; x_wconf 65' lang='grc' dir='ltr'><strong>τῦί</strong></span> 
     </span>
    </p>
   </div>
   <div class='ocr_carea' id='block_1_4' title="bbox 282 584 1857 673">
    <p class='ocr_par' dir='ltr' id='par_1_4' title="bbox 282 584 1857 658">
     <span class='ocr_line' id='line_1_4' title="bbox 282 584 1857 658; baseline 0 -16"><span class='ocrx_word' id='word_1_8' title='bbox 282 588 485 657; x_wconf 85' lang='grc' dir='ltr'>ἁγίου,</span> <span class='ocrx_word' id='word_1_9' title='bbox 530 584 624 640; x_wconf 78' lang='grc' dir='ltr'>καὶ</span> <span class='ocrx_word' id='word_1_10' title='bbox 679 584 967 657; x_wconf 80' lang='grc' dir='ltr'>ἄνθρωπος</span> <span class='ocrx_word' id='word_1_11' title='bbox 1022 586 1225 649; x_wconf 81' lang='grc' dir='ltr'>τέλειος</span> <span class='ocrx_word' id='word_1_12' title='bbox 1288 588 1347 652; x_wconf 77' lang='grc' dir='ltr'>ἐξ</span> <span class='ocrx_word' id='word_1_13' title='bbox 1400 589 1572 658; x_wconf 79' lang='grc' dir='ltr'>αὐτῆς</span> <span class='ocrx_word' id='word_1_14' title='bbox 1622 589 1811 657; x_wconf 73' lang='grc' dir='ltr'>γέγονε</span> <span class='ocrx_word' id='word_1_15' title='bbox 1843 604 1857 618; x_wconf 76' lang='grc'><strong><em>⁸</em></strong></span> 
     </span>
    </p>
   </div>
   <div class='ocr_carea' id='block_1_5' title="bbox 1958 584 3542 673">
    <p class='ocr_par' dir='ltr' id='par_1_5' title="bbox 1962 591 3542 673">
     <span class='ocr_line' id='line_1_5' title="bbox 1962 591 3542 673; baseline 0.01 -30"><span class='ocrx_word' id='word_1_16' title='bbox 1962 591 2174 647; x_wconf 86' lang='lat' dir='ltr'><strong>viscera</strong></span> <span class='ocrx_word' id='word_1_17' title='bbox 2225 594 2612 652; x_wconf 74' lang='lat' dir='ltr'><strong>misericordiae</strong></span> <span class='ocrx_word' id='word_1_18' title='bbox 2667 614 2801 668; x_wconf 61' lang='lat' dir='ltr'><strong>sum,</strong></span> <span class='ocrx_word' id='word_1_19' title='bbox 2857 604 2929 660; x_wconf 93' lang='lat' dir='ltr'><strong>ob</strong></span> <span class='ocrx_word' id='word_1_20' title='bbox 2979 604 3213 662; x_wconf 94' lang='lat' dir='ltr'><strong>salutem</strong></span> <span class='ocrx_word' id='word_1_21' title='bbox 3272 616 3542 673; x_wconf 89' lang='lat' dir='ltr'><strong>nostram,</strong></span> 
     </span>
    </p>
   </div>
   <div class='ocr_carea' id='block_1_6' title="bbox 279 678 1869 749">
    <p class='ocr_par' dir='ltr' id='par_1_6' title="bbox 279 678 1869 749">
     <span class='ocr_line' id='line_1_6' title="bbox 279 678 1869 749; baseline 0.001 -16"><span class='ocrx_word' id='word_1_22' title='bbox 279 680 378 734; x_wconf 70' lang='grc' dir='ltr'>καὶ</span> <span class='ocrx_word' id='word_1_23' title='bbox 431 679 569 732; x_wconf 85' lang='grc' dir='ltr'><strong>ὅτιὸ</strong></span> <span class='ocrx_word' id='word_1_24' title='bbox 599 678 761 742; x_wconf 80' lang='grc' dir='ltr'>αὐτὸς</span> <span class='ocrx_word' id='word_1_25' title='bbox 799 678 951 744; x_wconf 63' lang='grc' dir='ltr'>Θεὸς,</span> <span class='ocrx_word' id='word_1_26' title='bbox 991 679 1193 744; x_wconf 83' lang='grc' dir='ltr'>τέλειός</span> <span class='ocrx_word' id='word_1_27' title='bbox 1239 680 1385 733; x_wconf 75' lang='grc' dir='ltr'>ἐστιν</span> <span class='ocrx_word' id='word_1_28' title='bbox 1434 681 1570 749; x_wconf 79' lang='grc' dir='ltr'>ὁμοῦ</span> <span class='ocrx_word' id='word_1_29' title='bbox 1624 682 1718 734; x_wconf 77' lang='grc' dir='ltr'><strong>καὶ</strong></span> <span class='ocrx_word' id='word_1_30' title='bbox 1772 680 1869 735; x_wconf 76' lang='grc' dir='ltr'><strong>ἄν·</strong></span> 
     </span>
    </p>
   </div>
   <div class='ocr_carea' id='block_1_7' title="bbox 280 769 1869 843">
    <p class='ocr_par' dir='ltr' id='par_1_7' title="bbox 280 769 1869 843">
     <span class='ocr_line' id='line_1_7' title="bbox 280 769 1869 843; baseline 0.001 -20"><span class='ocrx_word' id='word_1_31' title='bbox 280 772 501 842; x_wconf 84' lang='grc' dir='ltr'>θρωπος</span> <span class='ocrx_word' id='word_1_32' title='bbox 520 769 744 836; x_wconf 80' lang='grc' dir='ltr'>τέλειος,</span> <span class='ocrx_word' id='word_1_33' title='bbox 779 770 843 823; x_wconf 80' lang='grc' dir='ltr'>ἐκ</span> <span class='ocrx_word' id='word_1_34' title='bbox 866 769 959 823; x_wconf 84' lang='grc' dir='ltr'><strong>δύο</strong></span> <span class='ocrx_word' id='word_1_35' title='bbox 988 771 1222 839; x_wconf 80' lang='grc' dir='ltr'><strong>φύσεων,</strong></span> <span class='ocrx_word' id='word_1_36' title='bbox 1258 771 1513 843; x_wconf 85' lang='grc' dir='ltr'>θεότητός</span> <span class='ocrx_word' id='word_1_37' title='bbox 1550 790 1608 825; x_wconf 89' lang='grc' dir='ltr'><strong>τε</strong></span> <span class='ocrx_word' id='word_1_38' title='bbox 1641 773 1736 826; x_wconf 78' lang='grc' dir='ltr'><strong>καὶ</strong></span> <span class='ocrx_word' id='word_1_39' title='bbox 1770 773 1869 825; x_wconf 79' lang='grc' dir='ltr'><strong>ἀνο</strong></span> 
     </span>
    </p>
   </div>
   <div class='ocr_carea' id='block_1_8' title="bbox 279 860 1873 936">
    <p class='ocr_par' dir='ltr' id='par_1_8' title="bbox 279 860 1873 936">
     <span class='ocr_line' id='line_1_8' title="bbox 279 860 1873 936; baseline -0.001 -21"><span class='ocrx_word' id='word_1_40' title='bbox 279 862 635 936; x_wconf 82' lang='grc' dir='ltr'>θρωπότητος</span> <span class='ocrx_word' id='word_1_41' title='bbox 658 899 673 926; x_wconf 86' lang='grc'><strong>,</strong></span> <span class='ocrx_word' id='word_1_42' title='bbox 696 861 791 914; x_wconf 70' lang='grc' dir='ltr'><strong>καὶ</strong></span> <span class='ocrx_word' id='word_1_43' title='bbox 823 863 879 914; x_wconf 79' lang='grc' dir='ltr'>ὲν</span> <span class='ocrx_word' id='word_1_44' title='bbox 928 860 1022 915; x_wconf 88' lang='grc' dir='ltr'><strong>δύο</strong></span> <span class='ocrx_word' id='word_1_45' title='bbox 1054 860 1250 931; x_wconf 75' lang='grc' dir='ltr'>φύσεσι</span> <span class='ocrx_word' id='word_1_46' title='bbox 1277 864 1491 933; x_wconf 84' lang='grc' dir='ltr'>νοεραῖς</span> <span class='ocrx_word' id='word_1_47' title='bbox 1510 904 1525 929; x_wconf 87' lang='grc'><strong>,</strong></span> <span class='ocrx_word' id='word_1_48' title='bbox 1556 862 1873 931; x_wconf 80' lang='grc' dir='ltr'>Οελητικαϊς</span> 
     </span>
    </p>
   </div>
   <div class='ocr_carea' id='block_1_9' title="bbox 276 954 1873 1026">
    <p class='ocr_par' dir='ltr' id='par_1_9' title="bbox 276 954 1873 1026">
     <span class='ocr_line' id='line_1_9' title="bbox 276 954 1873 1026; baseline 0.001 -20"><span class='ocrx_word' id='word_1_49' title='bbox 276 970 338 1006; x_wconf 85' lang='grc' dir='ltr'><strong>τε</strong></span> <span class='ocrx_word' id='word_1_50' title='bbox 386 954 480 1007; x_wconf 78' lang='grc' dir='ltr'>καὶ</span> <span class='ocrx_word' id='word_1_51' title='bbox 521 956 921 1026; x_wconf 76' lang='grc' dir='ltr'>ἐνεργητικαῖς,</span> <span class='ocrx_word' id='word_1_52' title='bbox 961 956 1056 1008; x_wconf 75' lang='grc' dir='ltr'>καὶ</span> <span class='ocrx_word' id='word_1_53' title='bbox 1098 955 1498 1021; x_wconf 78' lang='grc' dir='ltr'>αὑτεξουσίοις,</span> <span class='ocrx_word' id='word_1_54' title='bbox 1548 956 1642 1009; x_wconf 76' lang='grc' dir='ltr'><strong>καὶ</strong></span> <span class='ocrx_word' id='word_1_55' title='bbox 1684 954 1873 1018; x_wconf 86' lang='grc' dir='ltr'>ἁπλῶς</span> 
     </span>
    </p>
   </div>
   <div class='ocr_carea' id='block_1_10' title="bbox 276 1045 1869 1117">
    <p class='ocr_par' dir='ltr' id='par_1_10' title="bbox 276 1045 1869 1117">
     <span class='ocr_line' id='line_1_10' title="bbox 276 1045 1869 1117; baseline 0.001 -20"><span class='ocrx_word' id='word_1_56' title='bbox 276 1046 475 1110; x_wconf 79' lang='grc' dir='ltr'>εἰπεῖν,</span> <span class='ocrx_word' id='word_1_57' title='bbox 507 1045 727 1108; x_wconf 81' lang='grc' dir='ltr'><strong>τελείως</strong></span> <span class='ocrx_word' id='word_1_58' title='bbox 767 1045 1017 1115; x_wconf 78' lang='grc' dir='ltr'>ἐχούσαις</span> <span class='ocrx_word' id='word_1_59' title='bbox 1042 1046 1182 1100; x_wconf 79' lang='grc' dir='ltr'>κατὰ</span> <span class='ocrx_word' id='word_1_60' title='bbox 1208 1047 1298 1100; x_wconf 77' lang='grc' dir='ltr'>τὸν</span> <span class='ocrx_word' id='word_1_61' title='bbox 1346 1047 1551 1116; x_wconf 79' lang='grc' dir='ltr'>ἑκάστῃ</span> <span class='ocrx_word' id='word_1_62' title='bbox 1592 1045 1869 1117; x_wconf 82' lang='grc' dir='ltr'><strong>πρέποντα</strong></span> 
     </span>
    </p>
   </div>
   <div class='ocr_carea' id='block_1_11' title="bbox 275 1135 1871 1207">
    <p class='ocr_par' dir='ltr' id='par_1_11' title="bbox 275 1135 1871 1207">
     <span class='ocr_line' id='line_1_11' title="bbox 275 1135 1871 1207; baseline 0.001 -19"><span class='ocrx_word' id='word_1_63' title='bbox 275 1135 404 1205; x_wconf 79' lang='grc' dir='ltr'>ὅρον</span> <span class='ocrx_word' id='word_1_64' title='bbox 460 1153 519 1188; x_wconf 90' lang='grc' dir='ltr'><strong>τε</strong></span> <span class='ocrx_word' id='word_1_65' title='bbox 576 1137 670 1189; x_wconf 79' lang='grc' dir='ltr'>καὶ</span> <span class='ocrx_word' id='word_1_66' title='bbox 719 1136 877 1205; x_wconf 86' lang='grc' dir='ltr'>λόγον</span> <span class='ocrx_word' id='word_1_67' title='bbox 905 1153 916 1167; x_wconf 78' lang='grc'><strong><em>⁸</em></strong></span> <span class='ocrx_word' id='word_1_68' title='bbox 951 1136 1168 1206; x_wconf 83' lang='grc' dir='ltr'>θεότητί</span> <span class='ocrx_word' id='word_1_69' title='bbox 1228 1154 1287 1189; x_wconf 90' lang='grc' dir='ltr'><strong>τε</strong></span> <span class='ocrx_word' id='word_1_70' title='bbox 1342 1137 1437 1190; x_wconf 73' lang='grc' dir='ltr'><strong>καὶ</strong></span> <span class='ocrx_word' id='word_1_71' title='bbox 1491 1135 1871 1207; x_wconf 75' lang='grc' dir='ltr'>ἀνθρωπότητί</span> 
     </span>
    </p>
   </div>
   <div class='ocr_carea' id='block_1_12' title="bbox 278 1228 1868 1300">
    <p class='ocr_par' dir='ltr' id='par_1_12' title="bbox 278 1228 1868 1300">
     <span class='ocr_line' id='line_1_12' title="bbox 278 1228 1868 1300; baseline -0.001 -20"><span class='ocrx_word' id='word_1_72' title='bbox 278 1244 457 1298; x_wconf 84' lang='grc' dir='ltr'>φημι·</span> <span class='ocrx_word' id='word_1_73' title='bbox 498 1230 597 1300; x_wconf 79' lang='grc' dir='ltr'>μιᾷ</span> <span class='ocrx_word' id='word_1_74' title='bbox 642 1228 701 1282; x_wconf 81' lang='grc' dir='ltr'><strong>δὲ</strong></span> <span class='ocrx_word' id='word_1_75' title='bbox 754 1228 994 1299; x_wconf 82' lang='grc' dir='ltr'>συνθέτῳ</span> <span class='ocrx_word' id='word_1_76' title='bbox 1028 1229 1358 1283; x_wconf 79' lang='grc' dir='ltr'>ὑποστάσειο</span> <span class='ocrx_word' id='word_1_77' title='bbox 1389 1228 1472 1283; x_wconf 80' lang='grc' dir='ltr'>ὅτι</span> <span class='ocrx_word' id='word_1_78' title='bbox 1514 1245 1574 1281; x_wconf 91' lang='grc' dir='ltr'><strong>τε</strong></span> <span class='ocrx_word' id='word_1_79' title='bbox 1615 1228 1868 1298; x_wconf 83' lang='grc' dir='ltr'>ὲπείνησε</span> 
     </span>
    </p>
   </div>
   <div class='ocr_carea' id='block_1_13' title="bbox 277 1315 1867 1388">
    <p class='ocr_par' dir='ltr' id='par_1_13' title="bbox 277 1315 1867 1388">
     <span class='ocr_line' id='line_1_13' title="bbox 277 1315 1867 1388; baseline -0.001 -19"><span class='ocrx_word' id='word_1_80' title='bbox 277 1318 374 1370; x_wconf 75' lang='grc' dir='ltr'><strong>καὶ</strong></span> <span class='ocrx_word' id='word_1_81' title='bbox 401 1315 641 1387; x_wconf 73' lang='grc' dir='ltr'>ἐδίψησε,</span> <span class='ocrx_word' id='word_1_82' title='bbox 671 1319 767 1371; x_wconf 73' lang='grc' dir='ltr'>καὶ</span> <span class='ocrx_word' id='word_1_83' title='bbox 794 1318 1076 1381; x_wconf 76' lang='grc' dir='ltr'>ἐκοπίασε,</span> <span class='ocrx_word' id='word_1_84' title='bbox 1118 1319 1216 1371; x_wconf 76' lang='grc' dir='ltr'>καὶ</span> <span class='ocrx_word' id='word_1_85' title='bbox 1260 1316 1605 1388; x_wconf 75' lang='grc' dir='ltr'>ἐσταυρώθη,</span> <span class='ocrx_word' id='word_1_86' title='bbox 1646 1316 1739 1369; x_wconf 80' lang='grc' dir='ltr'><strong>καὶ</strong></span> <span class='ocrx_word' id='word_1_87' title='bbox 1771 1316 1867 1369; x_wconf 82' lang='grc' dir='ltr'><strong>Θα-</strong></span> 
     </span>
    </p>
   </div>
   <div class='ocr_carea' id='block_1_14' title="bbox 276 1406 1872 1479">
    <p class='ocr_par' dir='ltr' id='par_1_14' title="bbox 276 1406 1872 1479">
     <span class='ocr_line' id='line_1_14' title="bbox 276 1406 1872 1479; baseline 0.001 -21"><span class='ocrx_word' id='word_1_88' title='bbox 276 1409 440 1461; x_wconf 69' lang='grc' dir='ltr'>νάτου</span> <span class='ocrx_word' id='word_1_89' title='bbox 475 1408 569 1462; x_wconf 75' lang='grc' dir='ltr'>καὶ</span> <span class='ocrx_word' id='word_1_90' title='bbox 601 1409 780 1478; x_wconf 78' lang='grc' dir='ltr'>ταφῆς</span> <span class='ocrx_word' id='word_1_91' title='bbox 816 1410 1013 1478; x_wconf 84' lang='grc' dir='ltr'>πεῖραν</span> <span class='ocrx_word' id='word_1_92' title='bbox 1042 1408 1261 1474; x_wconf 80' lang='grc' dir='ltr'>ἐδέξατο</span> <span class='ocrx_word' id='word_1_93' title='bbox 1302 1409 1600 1479; x_wconf 82' lang='grc' dir='ltr'>τριήμερος</span> <span class='ocrx_word' id='word_1_94' title='bbox 1624 1447 1641 1474; x_wconf 84' lang='grc'><strong>,</strong></span> <span class='ocrx_word' id='word_1_95' title='bbox 1664 1406 1758 1460; x_wconf 71' lang='grc' dir='ltr'><strong>καὶ</strong></span> <span class='ocrx_word' id='word_1_96' title='bbox 1787 1409 1872 1469; x_wconf 83' lang='grc' dir='ltr'><strong>είς</strong></span> 
     </span>
    </p>
   </div>
   <div class='ocr_carea' id='block_1_15' title="bbox 274 1500 1861 1571">
    <p class='ocr_par' dir='ltr' id='par_1_15' title="bbox 274 1500 1861 1571">
     <span class='ocr_line' id='line_1_15' title="bbox 274 1500 1861 1571; baseline 0 -20"><span class='ocrx_word' id='word_1_97' title='bbox 274 1500 541 1569; x_wconf 75' lang='grc' dir='ltr'>οὐρανοὺς</span> <span class='ocrx_word' id='word_1_98' title='bbox 594 1501 968 1571; x_wconf 85' lang='grc' dir='ltr'>ἁνεφοίτησεν,</span> <span class='ocrx_word' id='word_1_99' title='bbox 1015 1501 1136 1554; x_wconf 81' lang='grc' dir='ltr'>ὅθεν</span> <span class='ocrx_word' id='word_1_100' title='bbox 1190 1501 1285 1554; x_wconf 77' lang='grc' dir='ltr'><strong>καὶ</strong></span> <span class='ocrx_word' id='word_1_101' title='bbox 1330 1500 1466 1570; x_wconf 83' lang='grc' dir='ltr'>πρὸς</span> <span class='ocrx_word' id='word_1_102' title='bbox 1495 1500 1642 1569; x_wconf 81' lang='grc' dir='ltr'>ἡμᾶς</span> <span class='ocrx_word' id='word_1_103' title='bbox 1683 1515 1861 1568; x_wconf 88' lang='grc' dir='ltr'>παρα-</span> 
     </span>
    </p>
   </div>
   <div class='ocr_carea' id='block_1_16' title="bbox 274 1588 1861 1663">
    <p class='ocr_par' dir='ltr' id='par_1_16' title="bbox 274 1588 1861 1663">
     <span class='ocr_line' id='line_1_16' title="bbox 274 1588 1861 1663; baseline -0.001 -21"><span class='ocrx_word' id='word_1_104' title='bbox 274 1590 488 1657; x_wconf 77' lang='grc' dir='ltr'>γέγονε,</span> <span class='ocrx_word' id='word_1_105' title='bbox 520 1592 613 1645; x_wconf 77' lang='grc' dir='ltr'><strong>καὶ</strong></span> <span class='ocrx_word' id='word_1_106' title='bbox 646 1592 1085 1663; x_wconf 83' lang='grc' dir='ltr'>παραγενήσεται</span> <span class='ocrx_word' id='word_1_107' title='bbox 1117 1591 1278 1645; x_wconf 77' lang='grc' dir='ltr'>πάλιν</span> <span class='ocrx_word' id='word_1_108' title='bbox 1330 1592 1409 1650; x_wconf 86' lang='grc' dir='ltr'>εἰς</span> <span class='ocrx_word' id='word_1_109' title='bbox 1463 1588 1690 1660; x_wconf 72' lang='grc' dir='ltr'>ὕστερον</span> <span class='ocrx_word' id='word_1_110' title='bbox 1716 1606 1731 1622; x_wconf 76' lang='grc' dir='ltr'><strong><em>ο</em></strong></span> <span class='ocrx_word' id='word_1_111' title='bbox 1764 1588 1861 1642; x_wconf 73' lang='grc' dir='ltr'>καὶ</span> 
     </span>
    </p>
   </div>
   <div class='ocr_carea' id='block_1_17' title="bbox 272 1679 1853 1752">
    <p class='ocr_par' dir='ltr' id='par_1_17' title="bbox 272 1679 1853 1752">
     <span class='ocr_line' id='line_1_17' title="bbox 272 1679 1853 1752; baseline 0.001 -20"><span class='ocrx_word' id='word_1_112' title='bbox 272 1680 307 1749; x_wconf 76' lang='grc' dir='ltr'>ἡ</span> <span class='ocrx_word' id='word_1_113' title='bbox 344 1679 464 1733; x_wconf 84' lang='grc' dir='ltr'>Θεία</span> <span class='ocrx_word' id='word_1_114' title='bbox 503 1680 692 1752; x_wconf 76' lang='grc' dir='ltr'>Γραφὴ</span> <span class='ocrx_word' id='word_1_115' title='bbox 747 1681 994 1752; x_wconf 79' lang='grc' dir='ltr'>μάρτυς,</span> <span class='ocrx_word' id='word_1_116' title='bbox 1022 1682 1118 1735; x_wconf 78' lang='grc' dir='ltr'><strong>καὶ</strong></span> <span class='ocrx_word' id='word_1_117' title='bbox 1170 1684 1276 1745; x_wconf 74' lang='grc' dir='ltr'><strong>πᾶς</strong></span> <span class='ocrx_word' id='word_1_118' title='bbox 1317 1683 1345 1736; x_wconf 83' lang='grc' dir='ltr'>ὁ</span> <span class='ocrx_word' id='word_1_119' title='bbox 1390 1681 1501 1735; x_wconf 86' lang='grc' dir='ltr'><strong>τῶν</strong></span> <span class='ocrx_word' id='word_1_120' title='bbox 1555 1681 1726 1750; x_wconf 81' lang='grc' dir='ltr'>ἁγίων</span> <span class='ocrx_word' id='word_1_121' title='bbox 1760 1697 1853 1750; x_wconf 84' lang='grc' dir='ltr'><strong>χο-</strong></span> 
     </span>
    </p>
   </div>
   <div class='ocr_carea' id='block_1_18' title="bbox 274 1771 389 1842">
    <p class='ocr_par' dir='ltr' id='par_1_18' title="bbox 274 1771 389 1842">
     <span class='ocr_line' id='line_1_18' title="bbox 274 1771 389 1842; baseline 0.035 -19"><span class='ocrx_word' id='word_1_122' title='bbox 274 1771 389 1842; x_wconf 82' lang='grc' dir='ltr'>ρός.</span> 
     </span>
    </p>
   </div>
   <div class='ocr_carea' id='block_1_19' title="bbox 1971 676 3546 765">
    <p class='ocr_par' dir='ltr' id='par_1_19' title="bbox 1971 676 3546 765">
     <span class='ocr_line' id='line_1_19' title="bbox 1971 676 3546 765; baseline 0.01 -33"><span class='ocrx_word' id='word_1_123' title='bbox 1971 676 2206 749; x_wconf 83' lang='lat' dir='ltr'><strong>benigna</strong></span> <span class='ocrx_word' id='word_1_124' title='bbox 2233 678 2415 737; x_wconf 87' lang='lat' dir='ltr'><strong>Patris</strong></span> <span class='ocrx_word' id='word_1_125' title='bbox 2443 683 2722 743; x_wconf 89' lang='lat' dir='ltr'><strong>voluntate</strong></span> <span class='ocrx_word' id='word_1_126' title='bbox 2746 729 2762 751; x_wconf 96' lang='lat'><strong>,</strong></span> <span class='ocrx_word' id='word_1_127' title='bbox 2815 704 2881 747; x_wconf 87' lang='lat' dir='ltr'><strong>ac</strong></span> <span class='ocrx_word' id='word_1_128' title='bbox 2924 693 3260 749; x_wconf 73' lang='lat' dir='ltr'><strong>sanctissimi</strong></span> <span class='ocrx_word' id='word_1_129' title='bbox 3308 692 3546 765; x_wconf 78' lang='lat' dir='ltr'><strong>Spiritus</strong></span> 
     </span>
    </p>
   </div>
   <div class='ocr_carea' id='block_1_20' title="bbox 1974 770 3546 855">
    <p class='ocr_par' dir='ltr' id='par_1_20' title="bbox 1974 770 3546 855">
     <span class='ocr_line' id='line_1_20' title="bbox 1974 770 3546 855; baseline 0.012 -35"><span class='ocrx_word' id='word_1_130' title='bbox 1974 770 2387 837; x_wconf 87' lang='lat' dir='ltr'><strong>coeperatione,</strong></span> <span class='ocrx_word' id='word_1_131' title='bbox 2423 773 2631 845; x_wconf 89' lang='lat' dir='ltr'><strong>absque</strong></span> <span class='ocrx_word' id='word_1_132' title='bbox 2677 781 2887 837; x_wconf 85' lang='lat' dir='ltr'><strong>semine</strong></span> <span class='ocrx_word' id='word_1_133' title='bbox 2938 795 3263 855; x_wconf 80' lang='lat' dir='ltr'><strong>conceptus,</strong></span> <span class='ocrx_word' id='word_1_134' title='bbox 3299 786 3437 838; x_wconf 84' lang='lat' dir='ltr'><strong>citra</strong></span> <span class='ocrx_word' id='word_1_135' title='bbox 3463 786 3546 839; x_wconf 88' lang='lat' dir='ltr'><strong>ul-</strong></span> 
     </span>
    </p>
   </div>
   <div class='ocr_carea' id='block_1_21' title="bbox 1973 857 3545 946">
    <p class='ocr_par' dir='ltr' id='par_1_21' title="bbox 1973 857 3545 946">
     <span class='ocr_line' id='line_1_21' title="bbox 1973 857 3545 946; baseline 0.015 -37"><span class='ocrx_word' id='word_1_136' title='bbox 1973 857 2081 911; x_wconf 91' lang='lat' dir='ltr'><strong>lam</strong></span> <span class='ocrx_word' id='word_1_137' title='bbox 2130 864 2545 931; x_wconf 85' lang='lat' dir='ltr'><strong>corruptionem</strong></span> <span class='ocrx_word' id='word_1_138' title='bbox 2598 884 2665 923; x_wconf 83' lang='lat' dir='ltr'><strong>ex</strong></span> <span class='ocrx_word' id='word_1_139' title='bbox 2719 880 2909 927; x_wconf 89' lang='lat' dir='ltr'><strong>saneta</strong></span> <span class='ocrx_word' id='word_1_140' title='bbox 2938 872 3166 946; x_wconf 81' lang='lat' dir='ltr'><strong>Virgine</strong></span> <span class='ocrx_word' id='word_1_141' title='bbox 3202 876 3408 946; x_wconf 86' lang='lat' dir='ltr'><strong>Deique</strong></span> <span class='ocrx_word' id='word_1_142' title='bbox 3437 875 3545 932; x_wconf 84' lang='lat' dir='ltr'><strong>Ge-</strong></span> 
     </span>
    </p>
   </div>
   <div class='ocr_carea' id='block_1_22' title="bbox 1973 949 3543 1033">
    <p class='ocr_par' dir='ltr' id='par_1_22' title="bbox 1973 949 3543 1033">
     <span class='ocr_line' id='line_1_22' title="bbox 1973 949 3543 1033; baseline 0.011 -30"><span class='ocrx_word' id='word_1_143' title='bbox 1973 949 2176 1007; x_wconf 90' lang='lat' dir='ltr'><strong>nitrice</strong></span> <span class='ocrx_word' id='word_1_144' title='bbox 2233 953 2405 1010; x_wconf 80' lang='lat' dir='ltr'><strong>Maria</strong></span> <span class='ocrx_word' id='word_1_145' title='bbox 2444 974 2540 1027; x_wconf 90' lang='lat' dir='ltr'><strong>per</strong></span> <span class='ocrx_word' id='word_1_146' title='bbox 2592 958 2861 1033; x_wconf 89' lang='lat' dir='ltr'><strong>Spiritum</strong></span> <span class='ocrx_word' id='word_1_147' title='bbox 2926 978 3181 1022; x_wconf 88' lang='lat' dir='ltr'><strong>sanetum</strong></span> <span class='ocrx_word' id='word_1_148' title='bbox 3235 979 3397 1023; x_wconf 89' lang='lat' dir='ltr'><strong>natus</strong></span> <span class='ocrx_word' id='word_1_149' title='bbox 3451 970 3543 1031; x_wconf 87' lang='lat' dir='ltr'><strong>sit,</strong></span> 
     </span>
    </p>
   </div>
   <div class='ocr_carea' id='block_1_23' title="bbox 1973 1046 3546 1128">
    <p class='ocr_par' dir='ltr' id='par_1_23' title="bbox 1973 1046 3546 1128">
     <span class='ocr_line' id='line_1_23' title="bbox 1973 1046 3546 1128; baseline 0.013 -35"><span class='ocrx_word' id='word_1_150' title='bbox 1973 1048 2139 1112; x_wconf 87' lang='lat' dir='ltr'><strong>atque</strong></span> <span class='ocrx_word' id='word_1_151' title='bbox 2167 1059 2235 1099; x_wconf 89' lang='lat' dir='ltr'><strong>ex</strong></span> <span class='ocrx_word' id='word_1_152' title='bbox 2265 1059 2328 1100; x_wconf 92' lang='lat' dir='ltr'><strong>ea</strong></span> <span class='ocrx_word' id='word_1_153' title='bbox 2388 1046 2551 1105; x_wconf 91' lang='lat' dir='ltr'><strong>homo</strong></span> <span class='ocrx_word' id='word_1_154' title='bbox 2586 1052 2867 1122; x_wconf 79' lang='lat' dir='ltr'><strong>perlaetus</strong></span> <span class='ocrx_word' id='word_1_155' title='bbox 2924 1058 3199 1112; x_wconf 79' lang='lat' dir='ltr'><strong>exstiterit</strong></span> <span class='ocrx_word' id='word_1_156' title='bbox 3233 1076 3246 1113; x_wconf 87' lang='lat'><strong>:</strong></span> <span class='ocrx_word' id='word_1_157' title='bbox 3288 1058 3546 1128; x_wconf 82' lang='lat' dir='ltr'><strong>quodque</strong></span> 
     </span>
    </p>
   </div>
   <div class='ocr_carea' id='block_1_24' title="bbox 1972 1130 3547 1218">
    <p class='ocr_par' dir='ltr' id='par_1_24' title="bbox 1972 1130 3547 1218">
     <span class='ocr_line' id='line_1_24' title="bbox 1972 1130 3547 1218; baseline 0.011 -35"><span class='ocrx_word' id='word_1_158' title='bbox 1972 1130 2115 1186; x_wconf 86' lang='lat' dir='ltr'><strong>idem</strong></span> <span class='ocrx_word' id='word_1_159' title='bbox 2150 1134 2317 1191; x_wconf 93' lang='lat' dir='ltr'><strong>simul</strong></span> <span class='ocrx_word' id='word_1_160' title='bbox 2368 1148 2421 1193; x_wconf 87' lang='lat' dir='ltr'><strong>et</strong></span> <span class='ocrx_word' id='word_1_161' title='bbox 2458 1140 2731 1208; x_wconf 76' lang='lat' dir='ltr'><strong>perfectus</strong></span> <span class='ocrx_word' id='word_1_162' title='bbox 2776 1143 2920 1201; x_wconf 89' lang='lat' dir='ltr'><strong>Deus</strong></span> <span class='ocrx_word' id='word_1_163' title='bbox 2967 1156 3021 1201; x_wconf 91' lang='lat' dir='ltr'><strong>et</strong></span> <span class='ocrx_word' id='word_1_164' title='bbox 3072 1148 3355 1218; x_wconf 83' lang='lat' dir='ltr'><strong>perfectus</strong></span> <span class='ocrx_word' id='word_1_165' title='bbox 3387 1148 3547 1201; x_wconf 92' lang='lat' dir='ltr'><strong>homo</strong></span> 
     </span>
    </p>
   </div>
   <div class='ocr_carea' id='block_1_25' title="bbox 1969 1222 3538 1306">
    <p class='ocr_par' dir='ltr' id='par_1_25' title="bbox 1969 1222 3538 1306">
     <span class='ocr_line' id='line_1_25' title="bbox 1969 1222 3538 1306; baseline 0.01 -29"><span class='ocrx_word' id='word_1_166' title='bbox 1969 1222 2064 1285; x_wconf 87' lang='lat' dir='ltr'><strong>sit,</strong></span> <span class='ocrx_word' id='word_1_167' title='bbox 2112 1239 2178 1278; x_wconf 81' lang='lat' dir='ltr'><strong>ex</strong></span> <span class='ocrx_word' id='word_1_168' title='bbox 2218 1227 2438 1284; x_wconf 89' lang='lat' dir='ltr'><strong>duabus</strong></span> <span class='ocrx_word' id='word_1_169' title='bbox 2492 1235 2730 1298; x_wconf 90' lang='lat' dir='ltr'><strong>naturis,</strong></span> <span class='ocrx_word' id='word_1_170' title='bbox 2786 1237 3176 1306; x_wconf 84' lang='lat' dir='ltr'><strong>intelligentia,</strong></span> <span class='ocrx_word' id='word_1_171' title='bbox 3230 1240 3538 1303; x_wconf 87' lang='lat' dir='ltr'><strong>voluntate,</strong></span> 
     </span>
    </p>
   </div>
   <div class='ocr_carea' id='block_1_26' title="bbox 1972 1312 3542 1397">
    <p class='ocr_par' dir='ltr' id='par_1_26' title="bbox 1972 1312 3542 1397">
     <span class='ocr_line' id='line_1_26' title="bbox 1972 1312 3542 1397; baseline 0.01 -33"><span class='ocrx_word' id='word_1_172' title='bbox 1972 1312 2165 1381; x_wconf 82' lang='lat' dir='ltr'><strong>agendi</strong></span> <span class='ocrx_word' id='word_1_173' title='bbox 2202 1313 2486 1381; x_wconf 82' lang='lat' dir='ltr'><strong>facultate,</strong></span> <span class='ocrx_word' id='word_1_174' title='bbox 2519 1329 2683 1390; x_wconf 85' lang='lat' dir='ltr'><strong>atque</strong></span> <span class='ocrx_word' id='word_1_175' title='bbox 2713 1324 2929 1379; x_wconf 88' lang='lat' dir='ltr'><strong>arbitrii</strong></span> <span class='ocrx_word' id='word_1_176' title='bbox 2962 1333 3233 1395; x_wconf 88' lang='lat' dir='ltr'><strong>potestate</strong></span> <span class='ocrx_word' id='word_1_177' title='bbox 3277 1326 3542 1397; x_wconf 66' lang='lat' dir='ltr'><strong>praeditis;</strong></span> 
     </span>
    </p>
   </div>
   <div class='ocr_carea' id='block_1_27' title="bbox 1974 1411 3546 1485">
    <p class='ocr_par' dir='ltr' id='par_1_27' title="bbox 1974 1411 3546 1485">
     <span class='ocr_line' id='line_1_27' title="bbox 1974 1411 3546 1485; baseline 0.006 -25"><span class='ocrx_word' id='word_1_178' title='bbox 1974 1411 2162 1474; x_wconf 81' lang='lat' dir='ltr'><strong>atque,</strong></span> <span class='ocrx_word' id='word_1_179' title='bbox 2193 1414 2253 1460; x_wconf 88' lang='lat' dir='ltr'><strong>ut</strong></span> <span class='ocrx_word' id='word_1_180' title='bbox 2284 1411 2454 1464; x_wconf 86' lang='lat' dir='ltr'><strong>verbo</strong></span> <span class='ocrx_word' id='word_1_181' title='bbox 2479 1411 2680 1478; x_wconf 86' lang='lat' dir='ltr'><strong>dicam,</strong></span> <span class='ocrx_word' id='word_1_182' title='bbox 2715 1415 2769 1469; x_wconf 93' lang='lat' dir='ltr'><strong>in</strong></span> <span class='ocrx_word' id='word_1_183' title='bbox 2794 1418 2999 1485; x_wconf 86' lang='lat' dir='ltr'><strong>quibus</strong></span> <span class='ocrx_word' id='word_1_184' title='bbox 3028 1418 3328 1473; x_wconf 87' lang='lat' dir='ltr'><strong>secundum</strong></span> <span class='ocrx_word' id='word_1_185' title='bbox 3359 1415 3546 1472; x_wconf 79' lang='lat' dir='ltr'><strong>delini-</strong></span> 
     </span>
    </p>
   </div>
   <div class='ocr_carea' id='block_1_28' title="bbox 1966 1496 3545 1577">
    <p class='ocr_par' dir='ltr' id='par_1_28' title="bbox 1966 1496 3545 1577">
     <span class='ocr_line' id='line_1_28' title="bbox 1966 1496 3545 1577; baseline 0.008 -28"><span class='ocrx_word' id='word_1_186' title='bbox 1966 1496 2177 1552; x_wconf 85' lang='lat' dir='ltr'><strong>tionem</strong></span> <span class='ocrx_word' id='word_1_187' title='bbox 2209 1500 2368 1570; x_wconf 76' lang='lat'><strong>125</strong></span> <span class='ocrx_word' id='word_1_188' title='bbox 2399 1515 2465 1556; x_wconf 87' lang='lat' dir='ltr'><strong>ac</strong></span> <span class='ocrx_word' id='word_1_189' title='bbox 2497 1504 2766 1559; x_wconf 88' lang='lat' dir='ltr'><strong>rationem</strong></span> <span class='ocrx_word' id='word_1_190' title='bbox 2824 1509 3056 1577; x_wconf 84' lang='lat' dir='ltr'><strong>utrique,</strong></span> <span class='ocrx_word' id='word_1_191' title='bbox 3088 1510 3194 1564; x_wconf 86' lang='lat' dir='ltr'><strong>hoc</strong></span> <span class='ocrx_word' id='word_1_192' title='bbox 3231 1517 3316 1564; x_wconf 83' lang='lat' dir='ltr'><strong>est</strong></span> <span class='ocrx_word' id='word_1_193' title='bbox 3344 1508 3545 1563; x_wconf 87' lang='lat' dir='ltr'><strong>divini-</strong></span> 
     </span>
    </p>
   </div>
   <div class='ocr_carea' id='block_1_29' title="bbox 1964 1588 3544 1670">
    <p class='ocr_par' dir='ltr' id='par_1_29' title="bbox 1964 1588 3544 1670">
     <span class='ocr_line' id='line_1_29' title="bbox 1964 1588 3544 1670; baseline 0.008 -28"><span class='ocrx_word' id='word_1_194' title='bbox 1964 1588 2060 1642; x_wconf 85' lang='lat' dir='ltr'><strong>tati</strong></span> <span class='ocrx_word' id='word_1_195' title='bbox 2088 1597 2142 1644; x_wconf 89' lang='lat' dir='ltr'><strong>et</strong></span> <span class='ocrx_word' id='word_1_196' title='bbox 2184 1589 2536 1657; x_wconf 85' lang='lat' dir='ltr'><strong>humanitati,</strong></span> <span class='ocrx_word' id='word_1_197' title='bbox 2580 1606 2746 1665; x_wconf 90' lang='lat' dir='ltr'><strong>atque</strong></span> <span class='ocrx_word' id='word_1_198' title='bbox 2788 1598 2880 1651; x_wconf 90' lang='lat' dir='ltr'><strong>uni</strong></span> <span class='ocrx_word' id='word_1_199' title='bbox 2938 1614 3182 1669; x_wconf 73' lang='lat' dir='ltr'><strong>personae</strong></span> <span class='ocrx_word' id='word_1_200' title='bbox 3228 1615 3544 1670; x_wconf 89' lang='lat' dir='ltr'><strong>congruen-</strong></span> 
     </span>
    </p>
   </div>
   <div class='ocr_carea' id='block_1_30' title="bbox 1963 1682 3542 1761">
    <p class='ocr_par' dir='ltr' id='par_1_30' title="bbox 1963 1682 3542 1761">
     <span class='ocr_line' id='line_1_30' title="bbox 1963 1682 3542 1761; baseline 0.008 -29"><span class='ocrx_word' id='word_1_201' title='bbox 1963 1688 2093 1744; x_wconf 90' lang='lat' dir='ltr'><strong>tem,</strong></span> <span class='ocrx_word' id='word_1_202' title='bbox 2129 1682 2262 1734; x_wconf 88' lang='lat' dir='ltr'><strong>nihil</strong></span> <span class='ocrx_word' id='word_1_203' title='bbox 2308 1683 2533 1739; x_wconf 83' lang='lat' dir='ltr'><strong>omnino</strong></span> <span class='ocrx_word' id='word_1_204' title='bbox 2567 1686 2741 1755; x_wconf 85' lang='lat' dir='ltr'><strong>desit;</strong></span> <span class='ocrx_word' id='word_1_205' title='bbox 2795 1691 2941 1756; x_wconf 88' lang='lat' dir='ltr'><strong>quod</strong></span> <span class='ocrx_word' id='word_1_206' title='bbox 2988 1692 3214 1761; x_wconf 86' lang='lat' dir='ltr'><strong>insuper</strong></span> <span class='ocrx_word' id='word_1_207' title='bbox 3259 1690 3542 1752; x_wconf 87' lang='lat' dir='ltr'><strong>esurierit,</strong></span> 
     </span>
    </p>
   </div>
   <div class='ocr_carea' id='block_1_31' title="bbox 1961 1771 3545 1849">
    <p class='ocr_par' dir='ltr' id='par_1_31' title="bbox 1961 1771 3545 1849">
     <span class='ocr_line' id='line_1_31' title="bbox 1961 1771 3545 1849; baseline 0.006 -23"><span class='ocrx_word' id='word_1_208' title='bbox 1961 1772 2178 1838; x_wconf 88' lang='lat' dir='ltr'><strong>siticrit,</strong></span> <span class='ocrx_word' id='word_1_209' title='bbox 2207 1771 2479 1844; x_wconf 77' lang='lat' dir='ltr'><strong>fueritque</strong></span> <span class='ocrx_word' id='word_1_210' title='bbox 2501 1774 2757 1847; x_wconf 80' lang='lat' dir='ltr'><strong>fatigatus</strong></span> <span class='ocrx_word' id='word_1_211' title='bbox 2778 1788 2831 1835; x_wconf 82' lang='lat' dir='ltr'><strong>et</strong></span> <span class='ocrx_word' id='word_1_212' title='bbox 2851 1780 3076 1837; x_wconf 71' lang='lat' dir='ltr'><strong>sumxus</strong></span> <span class='ocrx_word' id='word_1_213' title='bbox 3122 1783 3298 1849; x_wconf 90' lang='lat' dir='ltr'><strong>cruci,</strong></span> <span class='ocrx_word' id='word_1_214' title='bbox 3320 1782 3545 1835; x_wconf 85' lang='lat' dir='ltr'><strong>mortis-</strong></span> 
     </span>
    </p>
   </div>
   <div class='ocr_carea' id='block_1_32' title="bbox 272 1844 3543 1938">
    <p class='ocr_par' dir='ltr' id='par_1_32' title="bbox 272 1844 3543 1938">
     <span class='ocr_line' id='line_1_32' title="bbox 272 1844 3543 1938; baseline 0.003 -23"><span class='ocrx_word' id='word_1_215' title='bbox 272 1879 383 1933; x_wconf 90' lang='lat' dir='ltr'><strong>que</strong></span> <span class='ocrx_word' id='word_1_216' title='bbox 435 1879 499 1919; x_wconf 91' lang='lat' dir='ltr'><strong>ac</strong></span> <span class='ocrx_word' id='word_1_217' title='bbox 544 1865 838 1935; x_wconf 82' lang='lat' dir='ltr'><strong>sepulturae</strong></span> <span class='ocrx_word' id='word_1_218' title='bbox 908 1864 1214 1936; x_wconf 89' lang='lat' dir='ltr'><strong>periculum</strong></span> <span class='ocrx_word' id='word_1_219' title='bbox 1268 1844 1480 1928; x_wconf 77' lang='lat' dir='ltr'><strong>fecerit,</strong></span> <span class='ocrx_word' id='word_1_220' title='bbox 1550 1862 1841 1934; x_wconf 81' lang='lat' dir='ltr'><strong>triduoque</strong></span> <span class='ocrx_word' id='word_1_221' title='bbox 1883 1872 2007 1933; x_wconf 86' lang='lat' dir='ltr'><strong>post</strong></span> <span class='ocrx_word' id='word_1_222' title='bbox 2040 1867 2425 1931; x_wconf 82' lang='lat' dir='ltr'><strong>resurrexerit,</strong></span> <span class='ocrx_word' id='word_1_223' title='bbox 2465 1876 2519 1922; x_wconf 90' lang='lat' dir='ltr'><strong>et</strong></span> <span class='ocrx_word' id='word_1_224' title='bbox 2572 1844 2625 1924; x_wconf 77' lang='lat' dir='ltr'><strong>in</strong></span> <span class='ocrx_word' id='word_1_225' title='bbox 2655 1872 2849 1938; x_wconf 69' lang='lat' dir='ltr'><strong>caelos,</strong></span> <span class='ocrx_word' id='word_1_226' title='bbox 2894 1875 3036 1929; x_wconf 88' lang='lat' dir='ltr'><strong>unde</strong></span> <span class='ocrx_word' id='word_1_227' title='bbox 3071 1873 3139 1929; x_wconf 90' lang='lat' dir='ltr'><strong>ad</strong></span> <span class='ocrx_word' id='word_1_228' title='bbox 3207 1844 3309 1930; x_wconf 83' lang='lat' dir='ltr'><strong>nos</strong></span> <span class='ocrx_word' id='word_1_229' title='bbox 3373 1887 3543 1927; x_wconf 86' lang='lat' dir='ltr'><strong>vene-</strong></span> 
     </span>
    </p>
   </div>
   <div class='ocr_carea' id='block_1_33' title="bbox 272 1953 3543 2031">
    <p class='ocr_par' dir='ltr' id='par_1_33' title="bbox 272 1953 3543 2031">
     <span class='ocr_line' id='line_1_33' title="bbox 272 1953 3543 2031; baseline 0.005 -28"><span class='ocrx_word' id='word_1_230' title='bbox 272 1962 380 2017; x_wconf 87' lang='lat' dir='ltr'><strong>rat,</strong></span> <span class='ocrx_word' id='word_1_231' title='bbox 427 1969 682 2009; x_wconf 81' lang='lat' dir='ltr'><strong>reversus</strong></span> <span class='ocrx_word' id='word_1_232' title='bbox 721 1956 814 2019; x_wconf 89' lang='lat' dir='ltr'><strong>sit,</strong></span> <span class='ocrx_word' id='word_1_233' title='bbox 860 1968 926 2009; x_wconf 86' lang='lat' dir='ltr'><strong>ac</strong></span> <span class='ocrx_word' id='word_1_234' title='bbox 964 1954 1148 2026; x_wconf 72' lang='lat' dir='ltr'><strong>denuo</strong></span> <span class='ocrx_word' id='word_1_235' title='bbox 1192 1954 1411 2010; x_wconf 86' lang='lat' dir='ltr'><strong>tandem</strong></span> <span class='ocrx_word' id='word_1_236' title='bbox 1459 1963 1725 2008; x_wconf 87' lang='lat' dir='ltr'><strong>venturus</strong></span> <span class='ocrx_word' id='word_1_237' title='bbox 1781 1953 1878 2017; x_wconf 91' lang='lat' dir='ltr'><strong>sit,</strong></span> <span class='ocrx_word' id='word_1_238' title='bbox 1940 1962 2053 2007; x_wconf 91' lang='lat' dir='ltr'><strong>tum</strong></span> <span class='ocrx_word' id='word_1_239' title='bbox 2119 1955 2303 2009; x_wconf 87' lang='lat' dir='ltr'><strong>divina</strong></span> <span class='ocrx_word' id='word_1_240' title='bbox 2372 1955 2653 2029; x_wconf 79' lang='lat' dir='ltr'><strong>Scriptura</strong></span> <span class='ocrx_word' id='word_1_241' title='bbox 2714 1970 2992 2031; x_wconf 89' lang='lat' dir='ltr'><strong>testatur,</strong></span> <span class='ocrx_word' id='word_1_242' title='bbox 3062 1975 3173 2019; x_wconf 90' lang='lat' dir='ltr'><strong>tum</strong></span> <span class='ocrx_word' id='word_1_243' title='bbox 3251 1965 3543 2021; x_wconf 89' lang='lat' dir='ltr'><strong>universus</strong></span> 
     </span>
    </p>
   </div>
   <div class='ocr_carea' id='block_1_34' title="bbox 273 2051 847 2105">
    <p class='ocr_par' dir='ltr' id='par_1_34' title="bbox 273 2051 847 2105">
     <span class='ocr_line' id='line_1_34' title="bbox 273 2051 847 2105; baseline -0.002 0"><span class='ocrx_word' id='word_1_244' title='bbox 273 2057 590 2105; x_wconf 85' lang='lat' dir='ltr'><strong>sanctorum</strong></span> <span class='ocrx_word' id='word_1_245' title='bbox 618 2051 847 2105; x_wconf 84' lang='lat' dir='ltr'><strong>chorus.</strong></span> 
     </span>
    </p>
   </div>
   <div class='ocr_carea' id='block_1_35' title="bbox 342 2137 1857 2216">
    <p class='ocr_par' dir='ltr' id='par_1_35' title="bbox 342 2140 1851 2212">
     <span class='ocr_line' id='line_1_35' title="bbox 342 2140 1851 2212; baseline 0.003 -20"><span class='ocrx_word' id='word_1_246' title='bbox 342 2140 409 2193; x_wconf 90' lang='grc' dir='ltr'>Τί</span> <span class='ocrx_word' id='word_1_247' title='bbox 450 2140 507 2193; x_wconf 80' lang='grc' dir='ltr'>δέ</span> <span class='ocrx_word' id='word_1_248' title='bbox 545 2142 660 2195; x_wconf 80' lang='grc' dir='ltr'>ἐστι</span> <span class='ocrx_word' id='word_1_249' title='bbox 692 2141 827 2195; x_wconf 82' lang='grc' dir='ltr'>Θεοῦ</span> <span class='ocrx_word' id='word_1_250' title='bbox 859 2142 1049 2207; x_wconf 82' lang='grc' dir='ltr'>οὐσία,</span> <span class='ocrx_word' id='word_1_251' title='bbox 1081 2142 1114 2212; x_wconf 80' lang='grc' dir='ltr'>ἢ</span> <span class='ocrx_word' id='word_1_252' title='bbox 1165 2143 1284 2208; x_wconf 86' lang='grc' dir='ltr'>πῶς</span> <span class='ocrx_word' id='word_1_253' title='bbox 1323 2144 1470 2197; x_wconf 73' lang='grc' dir='ltr'>ἐστιν</span> <span class='ocrx_word' id='word_1_254' title='bbox 1499 2145 1556 2197; x_wconf 82' lang='grc' dir='ltr'>ὲν</span> <span class='ocrx_word' id='word_1_255' title='bbox 1593 2143 1781 2204; x_wconf 78' lang='grc' dir='ltr'>πᾶσιν,</span> <span class='ocrx_word' id='word_1_256' title='bbox 1817 2140 1851 2212; x_wconf 79' lang='grc' dir='ltr'>ἦ</span> 
     </span>
    </p>
   </div>
   <div class='ocr_carea' id='block_1_36' title="bbox 1958 2137 3545 2216">
    <p class='ocr_par' dir='ltr' id='par_1_36' title="bbox 2028 2137 3545 2216">
     <span class='ocr_line' id='line_1_36' title="bbox 2028 2137 3545 2216; baseline 0.009 -26"><span class='ocrx_word' id='word_1_257' title='bbox 2028 2137 2159 2203; x_wconf 68' lang='lat' dir='ltr'><strong>Qum</strong></span> <span class='ocrx_word' id='word_1_258' title='bbox 2205 2154 2297 2193; x_wconf 84' lang='lat' dir='ltr'><strong>nec</strong></span> <span class='ocrx_word' id='word_1_259' title='bbox 2360 2139 2653 2209; x_wconf 80' lang='lat' dir='ltr'><strong>intelligere</strong></span> <span class='ocrx_word' id='word_1_260' title='bbox 2705 2158 2983 2211; x_wconf 71' lang='lat' dir='ltr'><strong>possumus</strong></span> <span class='ocrx_word' id='word_1_261' title='bbox 3039 2161 3133 2199; x_wconf 86' lang='lat' dir='ltr'><strong>nec</strong></span> <span class='ocrx_word' id='word_1_262' title='bbox 3187 2145 3354 2216; x_wconf 83' lang='lat' dir='ltr'><strong>loqui.</strong></span> <span class='ocrx_word' id='word_1_263' title='bbox 3389 2148 3545 2204; x_wconf 84' lang='lat' dir='ltr'><strong>—At</strong></span> 
     </span>
    </p>
   </div>
   <div class='ocr_carea' id='block_1_37' title="bbox 268 2228 1863 2305">
    <p class='ocr_par' dir='ltr' id='par_1_37' title="bbox 268 2228 1863 2305">
     <span class='ocr_line' id='line_1_37' title="bbox 268 2228 1863 2305; baseline 0.004 -28"><span class='ocrx_word' id='word_1_264' title='bbox 268 2228 390 2291; x_wconf 77' lang='grc' dir='ltr'>πῶς</span> <span class='ocrx_word' id='word_1_265' title='bbox 421 2230 612 2283; x_wconf 80' lang='grc' dir='ltr'>ἑαυτὸν</span> <span class='ocrx_word' id='word_1_266' title='bbox 645 2229 888 2296; x_wconf 86' lang='grc' dir='ltr'>κενώσας</span> <span class='ocrx_word' id='word_1_267' title='bbox 923 2233 952 2286; x_wconf 78' lang='grc' dir='ltr'>ὁ</span> <span class='ocrx_word' id='word_1_268' title='bbox 980 2232 1273 2305; x_wconf 62' lang='grc' dir='ltr'>μονογενὴς</span> <span class='ocrx_word' id='word_1_269' title='bbox 1307 2232 1435 2296; x_wconf 81' lang='grc' dir='ltr'>Υίδς</span> <span class='ocrx_word' id='word_1_270' title='bbox 1454 2232 1553 2300; x_wconf 61' lang='grc' dir='ltr'><strong>καὶ</strong></span> <span class='ocrx_word' id='word_1_271' title='bbox 1579 2232 1731 2295; x_wconf 81' lang='grc' dir='ltr'>Θεὸς,</span> <span class='ocrx_word' id='word_1_272' title='bbox 1766 2230 1863 2284; x_wconf 86' lang='grc' dir='ltr'><strong>ἄν·</strong></span> 
     </span>
    </p>
   </div>
   <div class='ocr_carea' id='block_1_38' title="bbox 274 2312 1855 2395">
    <p class='ocr_par' dir='ltr' id='par_1_38' title="bbox 274 2312 1855 2395">
     <span class='ocr_line' id='line_1_38' title="bbox 274 2312 1855 2395; baseline 0.001 -22"><span class='ocrx_word' id='word_1_273' title='bbox 274 2327 492 2391; x_wconf 83' lang='grc' dir='ltr'>θρωπος</span> <span class='ocrx_word' id='word_1_274' title='bbox 548 2322 769 2390; x_wconf 79' lang='grc' dir='ltr'>γέγονεν</span> <span class='ocrx_word' id='word_1_275' title='bbox 815 2324 879 2377; x_wconf 84' lang='grc' dir='ltr'>ὲκ</span> <span class='ocrx_word' id='word_1_276' title='bbox 937 2312 1282 2394; x_wconf 68' lang='grc' dir='ltr'>παρθενικῶν</span> <span class='ocrx_word' id='word_1_277' title='bbox 1351 2325 1597 2394; x_wconf 82' lang='grc' dir='ltr'>αἱμάτων</span> <span class='ocrx_word' id='word_1_278' title='bbox 1628 2364 1642 2389; x_wconf 92' lang='grc'><strong>,</strong></span> <span class='ocrx_word' id='word_1_279' title='bbox 1686 2323 1855 2395; x_wconf 80' lang='grc' dir='ltr'>ἑτέρῳ</span> 
     </span>
    </p>
   </div>
   <div class='ocr_carea' id='block_1_39' title="bbox 270 2404 1865 2487">
    <p class='ocr_par' dir='ltr' id='par_1_39' title="bbox 270 2404 1865 2487">
     <span class='ocr_line' id='line_1_39' title="bbox 270 2404 1865 2487; baseline 0.003 -23"><span class='ocrx_word' id='word_1_280' title='bbox 270 2412 426 2482; x_wconf 75' lang='grc' dir='ltr'>παρὰ</span> <span class='ocrx_word' id='word_1_281' title='bbox 452 2413 551 2483; x_wconf 82' lang='grc' dir='ltr'>τὴν</span> <span class='ocrx_word' id='word_1_282' title='bbox 579 2413 740 2483; x_wconf 87' lang='grc' dir='ltr'>φύσιν</span> <span class='ocrx_word' id='word_1_283' title='bbox 769 2414 955 2486; x_wconf 86' lang='grc' dir='ltr'>θεσμῷ</span> <span class='ocrx_word' id='word_1_284' title='bbox 985 2404 1521 2487; x_wconf 75' lang='grc' dir='ltr'>πλαστουργηθεὶς,ἧ</span> <span class='ocrx_word' id='word_1_285' title='bbox 1552 2415 1669 2478; x_wconf 84' lang='grc' dir='ltr'><strong>πῶς</strong></span> <span class='ocrx_word' id='word_1_286' title='bbox 1702 2414 1865 2486; x_wconf 81' lang='grc' dir='ltr'>ἀϐρό-</span> 
     </span>
    </p>
   </div>
   <div class='ocr_carea' id='block_1_40' title="bbox 268 2505 1854 2579">
    <p class='ocr_par' dir='ltr' id='par_1_40' title="bbox 268 2505 1854 2579">
     <span class='ocr_line' id='line_1_40' title="bbox 268 2505 1854 2579; baseline 0.001 -21"><span class='ocrx_word' id='word_1_287' title='bbox 268 2522 390 2576; x_wconf 70' lang='lat' dir='ltr'><strong>xm;</strong></span> <span class='ocrx_word' id='word_1_288' title='bbox 419 2507 544 2559; x_wconf 81' lang='grc' dir='ltr'>ποσὶ</span> <span class='ocrx_word' id='word_1_289' title='bbox 573 2509 688 2570; x_wconf 86' lang='grc' dir='ltr'>τοῖς</span> <span class='ocrx_word' id='word_1_290' title='bbox 740 2505 930 2561; x_wconf 75' lang='grc' dir='ltr'>ὕδασιν</span> <span class='ocrx_word' id='word_1_291' title='bbox 981 2506 1474 2579; x_wconf 56' lang='grc' dir='ltr'>ἐπεπόρευτοςςίοιαὶ</span> <span class='ocrx_word' id='word_1_292' title='bbox 1527 2506 1854 2578; x_wconf 84' lang='grc' dir='ltr'>ἁγνοοῦμεν,</span> 
     </span>
    </p>
   </div>
   <div class='ocr_carea' id='block_1_41' title="bbox 267 2594 1859 2669">
    <p class='ocr_par' dir='ltr' id='par_1_41' title="bbox 267 2594 1859 2669">
     <span class='ocr_line' id='line_1_41' title="bbox 267 2594 1859 2669; baseline 0.002 -21"><span class='ocrx_word' id='word_1_293' title='bbox 267 2597 368 2649; x_wconf 76' lang='grc' dir='ltr'>καὶ</span> <span class='ocrx_word' id='word_1_294' title='bbox 400 2596 580 2665; x_wconf 68' lang='grc' dir='ltr'>λέγειν</span> <span class='ocrx_word' id='word_1_295' title='bbox 604 2597 663 2649; x_wconf 82' lang='grc' dir='ltr'><strong>ού</strong></span> <span class='ocrx_word' id='word_1_296' title='bbox 689 2597 985 2668; x_wconf 80' lang='grc' dir='ltr'>δυνάμεθα.</span> <span class='ocrx_word' id='word_1_297' title='bbox 1018 2599 1091 2651; x_wconf 80' lang='grc' dir='ltr'><strong>Οὐ</strong></span> <span class='ocrx_word' id='word_1_298' title='bbox 1136 2596 1366 2655; x_wconf 67' lang='grc' dir='ltr'>δυνατῢν</span> <span class='ocrx_word' id='word_1_299' title='bbox 1403 2594 1497 2652; x_wconf 82' lang='grc' dir='ltr'><strong>οὖν</strong></span> <span class='ocrx_word' id='word_1_300' title='bbox 1528 2615 1581 2652; x_wconf 87' lang='grc' dir='ltr'><strong>τι</strong></span> <span class='ocrx_word' id='word_1_301' title='bbox 1612 2599 1761 2669; x_wconf 69' lang='grc' dir='ltr'>παρὰ</span> <span class='ocrx_word' id='word_1_302' title='bbox 1790 2599 1859 2651; x_wconf 73' lang='grc' dir='ltr'>τὰ</span> 
     </span>
    </p>
   </div>
   <div class='ocr_carea' id='block_1_42' title="bbox 265 2683 1858 2759">
    <p class='ocr_par' dir='ltr' id='par_1_42' title="bbox 265 2683 1858 2759">
     <span class='ocr_line' id='line_1_42' title="bbox 265 2683 1858 2759; baseline 0.005 -23"><span class='ocrx_word' id='word_1_303' title='bbox 265 2683 505 2748; x_wconf 82' lang='grc' dir='ltr'>θειωδῶς</span> <span class='ocrx_word' id='word_1_304' title='bbox 542 2685 647 2739; x_wconf 67' lang='grc' dir='ltr'><strong>ὑπὸ</strong></span> <span class='ocrx_word' id='word_1_305' title='bbox 675 2684 781 2738; x_wconf 85' lang='grc' dir='ltr'><strong>τῶν</strong></span> <span class='ocrx_word' id='word_1_306' title='bbox 813 2685 972 2739; x_wconf 83' lang='grc' dir='ltr'>Θείων</span> <span class='ocrx_word' id='word_1_307' title='bbox 1019 2686 1216 2755; x_wconf 87' lang='grc' dir='ltr'>λογίων</span> <span class='ocrx_word' id='word_1_308' title='bbox 1266 2683 1365 2759; x_wconf 74' lang='grc' dir='ltr'>τῆς</span> <span class='ocrx_word' id='word_1_309' title='bbox 1394 2704 1449 2740; x_wconf 90' lang='grc' dir='ltr'><strong>τε</strong></span> <span class='ocrx_word' id='word_1_310' title='bbox 1489 2686 1735 2751; x_wconf 83' lang='grc' dir='ltr'>Παλαιᾶς</span> <span class='ocrx_word' id='word_1_311' title='bbox 1764 2692 1858 2744; x_wconf 73' lang='grc' dir='ltr'>καὶ</span> 
     </span>
    </p>
   </div>
   <div class='ocr_carea' id='block_1_43' title="bbox 263 2776 1853 2849">
    <p class='ocr_par' dir='ltr' id='par_1_43' title="bbox 263 2776 1853 2849">
     <span class='ocr_line' id='line_1_43' title="bbox 263 2776 1853 2849; baseline 0.003 -21"><span class='ocrx_word' id='word_1_312' title='bbox 263 2776 479 2845; x_wconf 79' lang='grc' dir='ltr'>Καινῆς</span> <span class='ocrx_word' id='word_1_313' title='bbox 498 2778 771 2849; x_wconf 80' lang='grc' dir='ltr'>Διαθήκης</span> <span class='ocrx_word' id='word_1_314' title='bbox 802 2778 934 2849; x_wconf 78' lang='grc' dir='ltr'>ἡμῖν</span> <span class='ocrx_word' id='word_1_315' title='bbox 971 2777 1536 2849; x_wconf 75' lang='grc' dir='ltr'>ὲκπεφασμὲνα,εἴτοι</span> <span class='ocrx_word' id='word_1_316' title='bbox 1568 2779 1853 2849; x_wconf 81' lang='grc' dir='ltr'>εἰρημένα,</span> 
     </span>
    </p>
   </div>
   <div class='ocr_carea' id='block_1_44' title="bbox 262 2868 1854 2941">
    <p class='ocr_par' dir='ltr' id='par_1_44' title="bbox 262 2868 1854 2941">
     <span class='ocr_line' id='line_1_44' title="bbox 262 2868 1854 2941; baseline 0.001 -20"><span class='ocrx_word' id='word_1_317' title='bbox 262 2868 363 2921; x_wconf 80' lang='grc' dir='ltr'><strong>καὶ</strong></span> <span class='ocrx_word' id='word_1_318' title='bbox 397 2868 855 2940; x_wconf 76' lang='grc' dir='ltr'>πεφανερωμένα,</span> <span class='ocrx_word' id='word_1_319' title='bbox 897 2871 1069 2923; x_wconf 83' lang='grc' dir='ltr'>εἰπεῖν</span> <span class='ocrx_word' id='word_1_320' title='bbox 1098 2886 1151 2922; x_wconf 83' lang='grc' dir='ltr'><strong>τι</strong></span> <span class='ocrx_word' id='word_1_321' title='bbox 1177 2870 1305 2941; x_wconf 77' lang='grc' dir='ltr'>περὶ</span> <span class='ocrx_word' id='word_1_322' title='bbox 1337 2868 1495 2935; x_wconf 80' lang='grc' dir='ltr'>Θεοῦ,</span> <span class='ocrx_word' id='word_1_323' title='bbox 1523 2869 1556 2939; x_wconf 79' lang='grc' dir='ltr'>ἢ</span> <span class='ocrx_word' id='word_1_324' title='bbox 1598 2870 1736 2933; x_wconf 83' lang='grc' dir='ltr'>ὅλως</span> <span class='ocrx_word' id='word_1_325' title='bbox 1764 2871 1854 2923; x_wconf 86' lang='grc' dir='ltr'><strong>ὲν-</strong></span> 
     </span>
    </p>
   </div>
   <div class='ocr_carea' id='block_1_45' title="bbox 262 2976 481 3031">
    <p class='ocr_par' dir='ltr' id='par_1_45' title="bbox 262 2976 481 3031">
     <span class='ocr_line' id='line_1_45' title="bbox 262 2976 481 3031; baseline 0.005 -17"><span class='ocrx_word' id='word_1_326' title='bbox 262 2976 481 3031; x_wconf 83' lang='grc' dir='ltr'>νοησαι.</span> 
     </span>
    </p>
   </div>
   <div class='ocr_carea' id='block_1_46' title="bbox 1961 2230 3542 2307">
    <p class='ocr_par' dir='ltr' id='par_1_46' title="bbox 1961 2230 3542 2307">
     <span class='ocr_line' id='line_1_46' title="bbox 1961 2230 3542 2307; baseline 0.008 -26"><span class='ocrx_word' id='word_1_327' title='bbox 1961 2244 2112 2295; x_wconf 90' lang='lat' dir='ltr'><strong>vero,</strong></span> <span class='ocrx_word' id='word_1_328' title='bbox 2150 2231 2281 2301; x_wconf 88' lang='lat' dir='ltr'><strong>quid</strong></span> <span class='ocrx_word' id='word_1_329' title='bbox 2324 2230 2417 2286; x_wconf 88' lang='lat' dir='ltr'><strong>Dei</strong></span> <span class='ocrx_word' id='word_1_330' title='bbox 2472 2234 2783 2288; x_wconf 79' lang='lat' dir='ltr'><strong>substantia</strong></span> <span class='ocrx_word' id='word_1_331' title='bbox 2820 2235 2910 2298; x_wconf 88' lang='lat' dir='ltr'><strong>sit,</strong></span> <span class='ocrx_word' id='word_1_332' title='bbox 2960 2244 3055 2289; x_wconf 87' lang='lat' dir='ltr'><strong>aut</strong></span> <span class='ocrx_word' id='word_1_333' title='bbox 3082 2252 3191 2307; x_wconf 90' lang='lat' dir='ltr'><strong>quo</strong></span> <span class='ocrx_word' id='word_1_334' title='bbox 3238 2248 3399 2307; x_wconf 87' lang='lat' dir='ltr'><strong>pacto</strong></span> <span class='ocrx_word' id='word_1_335' title='bbox 3425 2256 3542 2294; x_wconf 90' lang='lat' dir='ltr'><strong>om-</strong></span> 
     </span>
    </p>
   </div>
   <div class='ocr_carea' id='block_1_47' title="bbox 1960 2320 3541 2400">
    <p class='ocr_par' dir='ltr' id='par_1_47' title="bbox 1960 2320 3541 2400">
     <span class='ocr_line' id='line_1_47' title="bbox 1960 2320 3541 2400; baseline 0.008 -27"><span class='ocrx_word' id='word_1_336' title='bbox 1960 2320 2128 2376; x_wconf 88' lang='lat' dir='ltr'><strong>nibus</strong></span> <span class='ocrx_word' id='word_1_337' title='bbox 2168 2324 2336 2377; x_wconf 85' lang='lat' dir='ltr'><strong>rebus</strong></span> <span class='ocrx_word' id='word_1_338' title='bbox 2386 2323 2540 2388; x_wconf 90' lang='lat' dir='ltr'><strong>insit,</strong></span> <span class='ocrx_word' id='word_1_339' title='bbox 2577 2325 2661 2378; x_wconf 63' lang='grc' dir='ltr'><strong>τοι</strong></span> <span class='ocrx_word' id='word_1_340' title='bbox 2698 2326 2974 2395; x_wconf 87' lang='lat' dir='ltr'><strong>quomodo</strong></span> <span class='ocrx_word' id='word_1_341' title='bbox 3022 2326 3166 2382; x_wconf 89' lang='lat' dir='ltr'><strong>Deus</strong></span> <span class='ocrx_word' id='word_1_342' title='bbox 3208 2343 3275 2383; x_wconf 88' lang='lat' dir='ltr'><strong>ex</strong></span> <span class='ocrx_word' id='word_1_343' title='bbox 3313 2329 3423 2385; x_wconf 90' lang='lat' dir='ltr'><strong>Deo</strong></span> <span class='ocrx_word' id='word_1_344' title='bbox 3450 2345 3541 2400; x_wconf 86' lang='lat' dir='ltr'><strong>ge-</strong></span> 
     </span>
    </p>
   </div>
   <div class='ocr_carea' id='block_1_48' title="bbox 1959 2413 3537 2490">
    <p class='ocr_par' dir='ltr' id='par_1_48' title="bbox 1959 2413 3537 2490">
     <span class='ocr_line' id='line_1_48' title="bbox 1959 2413 3537 2490; baseline 0.006 -24"><span class='ocrx_word' id='word_1_345' title='bbox 1959 2413 2108 2467; x_wconf 91' lang='lat' dir='ltr'><strong>nitus</strong></span> <span class='ocrx_word' id='word_1_346' title='bbox 2164 2414 2260 2478; x_wconf 88' lang='lat' dir='ltr'><strong>sit,</strong></span> <span class='ocrx_word' id='word_1_347' title='bbox 2294 2415 2375 2470; x_wconf 87' lang='lat' dir='ltr'><strong>vel</strong></span> <span class='ocrx_word' id='word_1_348' title='bbox 2412 2416 2775 2486; x_wconf 89' lang='lat' dir='ltr'><strong>processerit;</strong></span> <span class='ocrx_word' id='word_1_349' title='bbox 2813 2426 2908 2472; x_wconf 90' lang='lat' dir='ltr'><strong>aut</strong></span> <span class='ocrx_word' id='word_1_350' title='bbox 2954 2434 3061 2487; x_wconf 91' lang='lat' dir='ltr'><strong>qua</strong></span> <span class='ocrx_word' id='word_1_351' title='bbox 3098 2420 3314 2475; x_wconf 88' lang='lat' dir='ltr'><strong>ratione</strong></span> <span class='ocrx_word' id='word_1_352' title='bbox 3337 2421 3537 2490; x_wconf 78' lang='lat' dir='ltr'><strong>unige-</strong></span> 
     </span>
    </p>
   </div>
   <div class='ocr_carea' id='block_1_49' title="bbox 1961 2503 3541 2586">
    <p class='ocr_par' dir='ltr' id='par_1_49' title="bbox 1961 2503 3541 2586">
     <span class='ocr_line' id='line_1_49' title="bbox 1961 2503 3541 2586; baseline 0.005 -27"><span class='ocrx_word' id='word_1_353' title='bbox 1961 2505 2111 2560; x_wconf 88' lang='lat' dir='ltr'><strong>nitus</strong></span> <span class='ocrx_word' id='word_1_354' title='bbox 2141 2503 2315 2560; x_wconf 90' lang='lat' dir='ltr'><strong>Filius</strong></span> <span class='ocrx_word' id='word_1_355' title='bbox 2347 2521 2410 2561; x_wconf 90' lang='lat' dir='ltr'><strong>ac</strong></span> <span class='ocrx_word' id='word_1_356' title='bbox 2455 2507 2596 2563; x_wconf 88' lang='lat' dir='ltr'><strong>Deus</strong></span> <span class='ocrx_word' id='word_1_357' title='bbox 2639 2522 2762 2564; x_wconf 88' lang='lat' dir='ltr'><strong>sese</strong></span> <span class='ocrx_word' id='word_1_358' title='bbox 2793 2509 3141 2574; x_wconf 82' lang='lat' dir='ltr'><strong>exinaniens,</strong></span> <span class='ocrx_word' id='word_1_359' title='bbox 3165 2526 3242 2586; x_wconf 80' lang='lat' dir='ltr'><strong>ex</strong></span> <span class='ocrx_word' id='word_1_360' title='bbox 3277 2511 3541 2581; x_wconf 78' lang='lat' dir='ltr'><strong>virgineis</strong></span> 
     </span>
    </p>
   </div>
   <div class='ocr_carea' id='block_1_50' title="bbox 1964 2596 3538 2673">
    <p class='ocr_par' dir='ltr' id='par_1_50' title="bbox 1964 2596 3538 2673">
     <span class='ocr_line' id='line_1_50' title="bbox 1964 2596 3538 2673; baseline 0.003 -21"><span class='ocrx_word' id='word_1_361' title='bbox 1964 2596 2328 2665; x_wconf 80' lang='lat' dir='ltr'><strong>sanguinibus</strong></span> <span class='ocrx_word' id='word_1_362' title='bbox 2365 2598 2530 2654; x_wconf 91' lang='lat' dir='ltr'><strong>homo</strong></span> <span class='ocrx_word' id='word_1_363' title='bbox 2564 2599 2743 2655; x_wconf 81' lang='lat' dir='ltr'><strong>lactus</strong></span> <span class='ocrx_word' id='word_1_364' title='bbox 2786 2601 2877 2667; x_wconf 90' lang='lat' dir='ltr'><strong>sit,</strong></span> <span class='ocrx_word' id='word_1_365' title='bbox 2911 2601 3070 2657; x_wconf 90' lang='lat' dir='ltr'><strong>aliter</strong></span> <span class='ocrx_word' id='word_1_366' title='bbox 3093 2602 3346 2658; x_wconf 85' lang='lat' dir='ltr'><strong>videlicet</strong></span> <span class='ocrx_word' id='word_1_367' title='bbox 3375 2619 3538 2673; x_wconf 90' lang='lat' dir='ltr'><strong>quam</strong></span> 
     </span>
    </p>
   </div>
   <div class='ocr_carea' id='block_1_51' title="bbox 1963 2689 3542 2764">
    <p class='ocr_par' dir='ltr' id='par_1_51' title="bbox 1963 2689 3542 2764">
     <span class='ocr_line' id='line_1_51' title="bbox 1963 2689 3542 2764; baseline 0.006 -23"><span class='ocrx_word' id='word_1_368' title='bbox 1963 2697 2175 2743; x_wconf 74' lang='lat' dir='ltr'><strong>natura:</strong></span> <span class='ocrx_word' id='word_1_369' title='bbox 2221 2690 2305 2743; x_wconf 88' lang='lat' dir='ltr'><strong>lex</strong></span> <span class='ocrx_word' id='word_1_370' title='bbox 2364 2689 2523 2757; x_wconf 81' lang='lat' dir='ltr'><strong>ferat,</strong></span> <span class='ocrx_word' id='word_1_371' title='bbox 2581 2690 2835 2758; x_wconf 84' lang='lat' dir='ltr'><strong>eliictus;</strong></span> <span class='ocrx_word' id='word_1_372' title='bbox 2889 2700 2984 2747; x_wconf 88' lang='lat' dir='ltr'><strong>aut</strong></span> <span class='ocrx_word' id='word_1_373' title='bbox 3040 2695 3321 2764; x_wconf 86' lang='lat' dir='ltr'><strong>quomodo</strong></span> <span class='ocrx_word' id='word_1_374' title='bbox 3373 2695 3542 2750; x_wconf 84' lang='lat' dir='ltr'><strong>siccis</strong></span> 
     </span>
    </p>
   </div>
   <div class='ocr_carea' id='block_1_52' title="bbox 1961 2779 3541 2851">
    <p class='ocr_par' dir='ltr' id='par_1_52' title="bbox 1961 2779 3541 2851">
     <span class='ocr_line' id='line_1_52' title="bbox 1961 2779 3541 2851; baseline 0.004 -18"><span class='ocrx_word' id='word_1_375' title='bbox 1961 2779 2193 2849; x_wconf 87' lang='lat' dir='ltr'><strong>pedibus</strong></span> <span class='ocrx_word' id='word_1_376' title='bbox 2236 2797 2401 2850; x_wconf 89' lang='lat' dir='ltr'><strong>super</strong></span> <span class='ocrx_word' id='word_1_377' title='bbox 2453 2798 2626 2851; x_wconf 85' lang='lat' dir='ltr'><strong>aquas</strong></span> <span class='ocrx_word' id='word_1_378' title='bbox 2687 2782 3018 2839; x_wconf 89' lang='lat' dir='ltr'><strong>incesserit:</strong></span> <span class='ocrx_word' id='word_1_379' title='bbox 3081 2784 3194 2837; x_wconf 67' lang='lat' dir='ltr'><strong>hate</strong></span> <span class='ocrx_word' id='word_1_380' title='bbox 3249 2799 3383 2839; x_wconf 86' lang='lat' dir='ltr'><strong>sane</strong></span> <span class='ocrx_word' id='word_1_381' title='bbox 3441 2798 3541 2839; x_wconf 87' lang='lat' dir='ltr'><strong>nec</strong></span> 
     </span>
    </p>
   </div>
   <div class='ocr_carea' id='block_1_53' title="bbox 1960 2873 3542 2945">
    <p class='ocr_par' dir='ltr' id='par_1_53' title="bbox 1960 2873 3542 2945">
     <span class='ocr_line' id='line_1_53' title="bbox 1960 2873 3542 2945; baseline 0.003 -21"><span class='ocrx_word' id='word_1_382' title='bbox 1960 2873 2191 2936; x_wconf 83' lang='lat' dir='ltr'><strong>scimus,</strong></span> <span class='ocrx_word' id='word_1_383' title='bbox 2217 2888 2344 2928; x_wconf 66' lang='lat' dir='ltr'><strong>v‘nec</strong></span> <span class='ocrx_word' id='word_1_384' title='bbox 2398 2874 2583 2929; x_wconf 89' lang='lat' dir='ltr'><strong>dicere</strong></span> <span class='ocrx_word' id='word_1_385' title='bbox 2636 2889 2935 2943; x_wconf 87' lang='lat' dir='ltr'><strong>possumus</strong></span> <span class='ocrx_word' id='word_1_386' title='bbox 2972 2876 3037 2927; x_wconf 77' lang='lat'><strong>‘°.</strong></span> <span class='ocrx_word' id='word_1_387' title='bbox 3091 2874 3230 2929; x_wconf 88' lang='lat' dir='ltr'><strong>Fieri</strong></span> <span class='ocrx_word' id='word_1_388' title='bbox 3285 2890 3417 2945; x_wconf 91' lang='lat' dir='ltr'><strong>ergo</strong></span> <span class='ocrx_word' id='word_1_389' title='bbox 3454 2891 3542 2929; x_wconf 88' lang='lat' dir='ltr'><strong>ne-</strong></span> 
     </span>
    </p>
   </div>
   <div class='ocr_carea' id='block_1_54' title="bbox 1960 2962 3542 3033">
    <p class='ocr_par' dir='ltr' id='par_1_54' title="bbox 1960 2962 3542 3033">
     <span class='ocr_line' id='line_1_54' title="bbox 1960 2962 3542 3033; baseline 0.003 -19"><span class='ocrx_word' id='word_1_390' title='bbox 1960 2962 2099 3032; x_wconf 90' lang='lat' dir='ltr'><strong>quit,</strong></span> <span class='ocrx_word' id='word_1_391' title='bbox 2137 2969 2197 3015; x_wconf 93' lang='lat' dir='ltr'><strong>ut</strong></span> <span class='ocrx_word' id='word_1_392' title='bbox 2242 2972 2439 3033; x_wconf 67' lang='lat' dir='ltr'><strong>praeter</strong></span> <span class='ocrx_word' id='word_1_393' title='bbox 2475 2964 2564 3017; x_wconf 90' lang='lat' dir='ltr'><strong>illa</strong></span> <span class='ocrx_word' id='word_1_394' title='bbox 2609 2979 2732 3032; x_wconf 65' lang='lat' dir='ltr'><strong>quae</strong></span> <span class='ocrx_word' id='word_1_395' title='bbox 2786 2964 3051 3018; x_wconf 91' lang='lat' dir='ltr'><strong>divinitus</strong></span> <span class='ocrx_word' id='word_1_396' title='bbox 3106 2963 3264 3018; x_wconf 85' lang='lat' dir='ltr'><strong>nobis</strong></span> <span class='ocrx_word' id='word_1_397' title='bbox 3293 2978 3322 3015; x_wconf 91' lang='lat' dir='ltr'><strong>a</strong></span> <span class='ocrx_word' id='word_1_398' title='bbox 3358 2978 3542 3019; x_wconf 64' lang='lat' dir='ltr'><strong>sacror-</strong></span> 
     </span>
    </p>
   </div>
   <div class='ocr_carea' id='block_1_55' title="bbox 260 3054 3541 3129">
    <p class='ocr_par' dir='ltr' id='par_1_55' title="bbox 260 3054 3541 3129">
     <span class='ocr_line' id='line_1_55' title="bbox 260 3054 3541 3129; baseline 0 -16"><span class='ocrx_word' id='word_1_399' title='bbox 260 3057 475 3113; x_wconf 82' lang='lat' dir='ltr'><strong>sanctis</strong></span> <span class='ocrx_word' id='word_1_400' title='bbox 506 3056 719 3113; x_wconf 80' lang='lat' dir='ltr'><strong>Veteris</strong></span> <span class='ocrx_word' id='word_1_401' title='bbox 744 3072 808 3112; x_wconf 91' lang='lat' dir='ltr'><strong>ac</strong></span> <span class='ocrx_word' id='word_1_402' title='bbox 839 3054 975 3113; x_wconf 86' lang='lat' dir='ltr'><strong>Novi</strong></span> <span class='ocrx_word' id='word_1_403' title='bbox 1003 3056 1342 3114; x_wconf 89' lang='lat' dir='ltr'><strong>Testamenti</strong></span> <span class='ocrx_word' id='word_1_404' title='bbox 1380 3056 1621 3112; x_wconf 89' lang='lat' dir='ltr'><strong>oraculis</strong></span> <span class='ocrx_word' id='word_1_405' title='bbox 1655 3055 1939 3112; x_wconf 89' lang='lat' dir='ltr'><strong>enuntiata</strong></span> <span class='ocrx_word' id='word_1_406' title='bbox 2007 3065 2160 3118; x_wconf 90' lang='lat' dir='ltr'><strong>sunt,</strong></span> <span class='ocrx_word' id='word_1_407' title='bbox 2222 3069 2316 3111; x_wconf 88' lang='lat' dir='ltr'><strong>aut</strong></span> <span class='ocrx_word' id='word_1_408' title='bbox 2369 3058 2539 3123; x_wconf 84' lang='lat' dir='ltr'><strong>dicta,</strong></span> <span class='ocrx_word' id='word_1_409' title='bbox 2608 3066 2702 3113; x_wconf 90' lang='lat' dir='ltr'><strong>aut</strong></span> <span class='ocrx_word' id='word_1_410' title='bbox 2736 3059 3029 3128; x_wconf 81' lang='lat' dir='ltr'><strong>patefacta,</strong></span> <span class='ocrx_word' id='word_1_411' title='bbox 3091 3059 3157 3113; x_wconf 88' lang='lat' dir='ltr'><strong>de</strong></span> <span class='ocrx_word' id='word_1_412' title='bbox 3216 3059 3323 3114; x_wconf 87' lang='lat' dir='ltr'><strong>Deo</strong></span> <span class='ocrx_word' id='word_1_413' title='bbox 3382 3056 3541 3129; x_wconf 87' lang='lat' dir='ltr'><strong>quid-</strong></span> 
     </span>
    </p>
   </div>
   <div class='ocr_carea' id='block_1_56' title="bbox 258 3147 2019 3222">
    <p class='ocr_par' dir='ltr' id='par_1_56' title="bbox 258 3147 2019 3222">
     <span class='ocr_line' id='line_1_56' title="bbox 258 3147 2019 3222; baseline 0 -21"><span class='ocrx_word' id='word_1_414' title='bbox 258 3163 432 3222; x_wconf 84' lang='lat' dir='ltr'><strong>quam</strong></span> <span class='ocrx_word' id='word_1_415' title='bbox 485 3148 794 3219; x_wconf 88' lang='lat' dir='ltr'><strong>loquamur,</strong></span> <span class='ocrx_word' id='word_1_416' title='bbox 847 3157 942 3202; x_wconf 90' lang='lat' dir='ltr'><strong>aut</strong></span> <span class='ocrx_word' id='word_1_417' title='bbox 986 3149 1213 3204; x_wconf 91' lang='lat' dir='ltr'><strong>omnino</strong></span> <span class='ocrx_word' id='word_1_418' title='bbox 1255 3149 1498 3220; x_wconf 84' lang='lat' dir='ltr'><strong>cogitatu</strong></span> <span class='ocrx_word' id='word_1_419' title='bbox 1556 3160 1919 3218; x_wconf 88' lang='lat' dir='ltr'><strong>assequamur</strong></span> <span class='ocrx_word' id='word_1_420' title='bbox 1951 3147 2019 3202; x_wconf 79' lang='lat'><strong>&quot;.</strong></span> 
     </span>
    </p>
   </div>
   <div class='ocr_carea' id='block_1_57' title="bbox 876 3241 1234 3297">
    <p class='ocr_par' dir='ltr' id='par_1_57' title="bbox 876 3241 1234 3297">
     <span class='ocr_line' id='line_1_57' title="bbox 876 3241 1234 3297; baseline -0.008 -1"><span class='ocrx_word' id='word_1_421' title='bbox 876 3241 1127 3297; x_wconf 77' lang='grc' dir='ltr'><strong>ΚΕΦΑΛ.</strong></span> <span class='ocrx_word' id='word_1_422' title='bbox 1156 3242 1234 3294; x_wconf 81' lang='grc' dir='ltr'><strong>Γ’.</strong></span> 
     </span>
    </p>
   </div>
   <div class='ocr_carea' id='block_1_58' title="bbox 662 3315 1459 3398">
    <p class='ocr_par' dir='ltr' id='par_1_58' title="bbox 662 3315 1459 3398">
     <span class='ocr_line' id='line_1_58' title="bbox 662 3315 1459 3398; baseline 0.001 -12"><span class='ocrx_word' id='word_1_423' title='bbox 662 3330 993 3397; x_wconf 58' lang='grc' dir='ltr'>’Δπόδειελς</span> <span class='ocrx_word' id='word_1_424' title='bbox 1021 3315 1113 3384; x_wconf 73' lang='grc' dir='ltr'>δὲι</span> <span class='ocrx_word' id='word_1_425' title='bbox 1137 3330 1269 3384; x_wconf 77' lang='grc' dir='ltr'>ἐστὶ</span> <span class='ocrx_word' id='word_1_426' title='bbox 1297 3332 1459 3398; x_wconf 76' lang='grc' dir='ltr'>θεός.</span> 
     </span>
    </p>
   </div>
   <div class='ocr_carea' id='block_1_59' title="bbox 336 3417 1851 3494">
    <p class='ocr_par' dir='ltr' id='par_1_59' title="bbox 336 3417 1851 3494">
     <span class='ocr_line' id='line_1_59' title="bbox 336 3417 1851 3494; baseline -0.003 -15"><span class='ocrx_word' id='word_1_427' title='bbox 336 3423 460 3479; x_wconf 82' lang='grc' dir='ltr'>Ὀτι</span> <span class='ocrx_word' id='word_1_428' title='bbox 490 3423 588 3494; x_wconf 80' lang='grc' dir='ltr'>μὲν</span> <span class='ocrx_word' id='word_1_429' title='bbox 620 3417 715 3477; x_wconf 77' lang='grc' dir='ltr'><strong>οὖν</strong></span> <span class='ocrx_word' id='word_1_430' title='bbox 758 3423 874 3476; x_wconf 70' lang='grc' dir='ltr'>ἐστι</span> <span class='ocrx_word' id='word_1_431' title='bbox 903 3422 1060 3485; x_wconf 80' lang='grc' dir='ltr'>Θεὸς,</span> <span class='ocrx_word' id='word_1_432' title='bbox 1091 3424 1203 3485; x_wconf 81' lang='grc' dir='ltr'>τοῖς</span> <span class='ocrx_word' id='word_1_433' title='bbox 1244 3422 1343 3493; x_wconf 82' lang='grc' dir='ltr'>μὲν</span> <span class='ocrx_word' id='word_1_434' title='bbox 1381 3424 1479 3487; x_wconf 84' lang='grc' dir='ltr'><strong>τὰς</strong></span> <span class='ocrx_word' id='word_1_435' title='bbox 1508 3421 1671 3490; x_wconf 83' lang='grc' dir='ltr'>ἁγίας</span> <span class='ocrx_word' id='word_1_436' title='bbox 1708 3422 1851 3493; x_wconf 86' lang='grc' dir='ltr'>Γρα-</span> 
     </span>
    </p>
   </div>
   <div class='ocr_carea' id='block_1_60' title="bbox 257 3512 1847 3588">
    <p class='ocr_par' dir='ltr' id='par_1_60' title="bbox 257 3512 1847 3588">
     <span class='ocr_line' id='line_1_60' title="bbox 257 3512 1847 3588; baseline -0.004 -16"><span class='ocrx_word' id='word_1_437' title='bbox 257 3517 374 3588; x_wconf 60' lang='lat' dir='ltr'><strong>cpi;</strong></span> <span class='ocrx_word' id='word_1_438' title='bbox 403 3516 733 3588; x_wconf 78' lang='grc' dir='ltr'>δεχομένοις,</span> <span class='ocrx_word' id='word_1_439' title='bbox 757 3515 856 3585; x_wconf 83' lang='grc' dir='ltr'>τήν</span> <span class='ocrx_word' id='word_1_440' title='bbox 885 3531 946 3567; x_wconf 91' lang='grc' dir='ltr'><strong>τε</strong></span> <span class='ocrx_word' id='word_1_441' title='bbox 981 3514 1223 3567; x_wconf 78' lang='grc' dir='ltr'>Παλαιὰν</span> <span class='ocrx_word' id='word_1_442' title='bbox 1264 3514 1358 3568; x_wconf 76' lang='grc' dir='ltr'><strong>καὶ</strong></span> <span class='ocrx_word' id='word_1_443' title='bbox 1394 3513 1600 3585; x_wconf 79' lang='grc' dir='ltr'>Καινὴν</span> <span class='ocrx_word' id='word_1_444' title='bbox 1645 3512 1847 3584; x_wconf 77' lang='grc' dir='ltr'>Διαθῆ-</span> 
     </span>
    </p>
   </div>
   <div class='ocr_carea' id='block_1_61' title="bbox 2596 3242 2868 3299">
    <p class='ocr_par' dir='ltr' id='par_1_61' title="bbox 2596 3242 2868 3299">
     <span class='ocr_line' id='line_1_61' title="bbox 2596 3242 2868 3299; baseline -0.007 0"><span class='ocrx_word' id='word_1_445' title='bbox 2596 3242 2748 3299; x_wconf 80' lang='lat' dir='ltr'><strong>CAP.</strong></span> <span class='ocrx_word' id='word_1_446' title='bbox 2779 3242 2868 3297; x_wconf 88' lang='lat' dir='ltr'><strong>Ill.</strong></span> 
     </span>
    </p>
   </div>
   <div class='ocr_carea' id='block_1_62' title="bbox 2299 3332 3191 3403">
    <p class='ocr_par' dir='ltr' id='par_1_62' title="bbox 2299 3332 3191 3403">
     <span class='ocr_line' id='line_1_62' title="bbox 2299 3332 3191 3403; baseline 0.004 -17"><span class='ocrx_word' id='word_1_447' title='bbox 2299 3332 2693 3389; x_wconf 79' lang='lat' dir='ltr'><strong>Demonstrntio</strong></span> <span class='ocrx_word' id='word_1_448' title='bbox 2744 3335 2883 3403; x_wconf 83' lang='lat' dir='ltr'><strong>quod</strong></span> <span class='ocrx_word' id='word_1_449' title='bbox 2928 3334 3062 3391; x_wconf 74' lang='lat' dir='ltr'><strong>Deus</strong></span> <span class='ocrx_word' id='word_1_450' title='bbox 3099 3335 3191 3390; x_wconf 74' lang='lat' dir='ltr'><strong>sit.</strong></span> 
     </span>
    </p>
   </div>
   <div class='ocr_carea' id='block_1_63' title="bbox 2032 3422 3538 3496">
    <p class='ocr_par' dir='ltr' id='par_1_63' title="bbox 2032 3422 3538 3496">
     <span class='ocr_line' id='line_1_63' title="bbox 2032 3422 3538 3496; baseline -0.001 -19"><span class='ocrx_word' id='word_1_451' title='bbox 2032 3422 2191 3479; x_wconf 86' lang='lat' dir='ltr'><strong>Deum</strong></span> <span class='ocrx_word' id='word_1_452' title='bbox 2252 3441 2366 3478; x_wconf 79' lang='lat' dir='ltr'><strong>esse</strong></span> <span class='ocrx_word' id='word_1_453' title='bbox 2433 3433 2754 3494; x_wconf 82' lang='lat' dir='ltr'><strong>agnoverunt</strong></span> <span class='ocrx_word' id='word_1_454' title='bbox 2807 3425 3041 3495; x_wconf 81' lang='lat' dir='ltr'><strong>plerique</strong></span> <span class='ocrx_word' id='word_1_455' title='bbox 3087 3423 3380 3496; x_wconf 77' lang='lat' dir='ltr'><strong>gentilium.</strong></span> <span class='ocrx_word' id='word_1_456' title='bbox 3469 3453 3538 3463; x_wconf 96' lang='lat'><strong>—</strong></span> 
     </span>
    </p>
   </div>
   <div class='ocr_carea' id='block_1_64' title="bbox 1956 3508 3536 3587">
    <p class='ocr_par' dir='ltr' id='par_1_64' title="bbox 1956 3508 3536 3587">
     <span class='ocr_line' id='line_1_64' title="bbox 1956 3508 3536 3587; baseline 0.002 -20"><span class='ocrx_word' id='word_1_457' title='bbox 1956 3514 2111 3581; x_wconf 83' lang='lat' dir='ltr'><strong>Quod</strong></span> <span class='ocrx_word' id='word_1_458' title='bbox 2142 3532 2273 3586; x_wconf 88' lang='lat' dir='ltr'><strong>ergo</strong></span> <span class='ocrx_word' id='word_1_459' title='bbox 2307 3515 2449 3570; x_wconf 90' lang='lat' dir='ltr'><strong>Deus</strong></span> <span class='ocrx_word' id='word_1_460' title='bbox 2500 3508 2592 3580; x_wconf 83' lang='lat' dir='ltr'><strong>sit,</strong></span> <span class='ocrx_word' id='word_1_461' title='bbox 2646 3518 2715 3571; x_wconf 87' lang='lat' dir='ltr'><strong>ab</strong></span> <span class='ocrx_word' id='word_1_462' title='bbox 2775 3517 2886 3571; x_wconf 88' lang='lat' dir='ltr'><strong>illis</strong></span> <span class='ocrx_word' id='word_1_463' title='bbox 2920 3517 3015 3587; x_wconf 85' lang='lat' dir='ltr'><strong>qui</strong></span> <span class='ocrx_word' id='word_1_464' title='bbox 3054 3531 3243 3572; x_wconf 90' lang='lat' dir='ltr'><strong>sacras</strong></span> <span class='ocrx_word' id='word_1_465' title='bbox 3279 3515 3536 3578; x_wconf 85' lang='lat' dir='ltr'><strong>Litteras,</strong></span> 
     </span>
    </p>
   </div>
   <div class='ocr_carea' id='block_1_65' title="bbox 256 3575 1857 3679">
    <p class='ocr_par' dir='ltr' id='par_1_65' title="bbox 256 3575 1853 3679">
     <span class='ocr_line' id='line_1_65' title="bbox 256 3575 1853 3679; baseline -0.002 -19"><span class='ocrx_word' id='word_1_466' title='bbox 256 3575 371 3677; x_wconf 63' lang='grc' dir='ltr'><strong>ἐςηᾷ</strong></span> <span class='ocrx_word' id='word_1_467' title='bbox 434 3575 607 3676; x_wconf 59' lang='grc' dir='ltr'>φῖιᾲι,</span> <span class='ocrx_word' id='word_1_468' title='bbox 669 3575 769 3658; x_wconf 81' lang='grc' dir='ltr'><strong>ούκ</strong></span> <span class='ocrx_word' id='word_1_469' title='bbox 812 3575 1240 3675; x_wconf 64' lang='grc' dir='ltr'>ἁμφιϐάλλεται,</span> <span class='ocrx_word' id='word_1_470' title='bbox 1291 3603 1449 3679; x_wconf 51' lang='grc' dir='ltr'>οὓτεξ</span> <span class='ocrx_word' id='word_1_471' title='bbox 1468 3604 1526 3657; x_wconf 87' lang='grc' dir='ltr'>δὲ</span> <span class='ocrx_word' id='word_1_472' title='bbox 1556 3575 1687 3666; x_wconf 52' lang='grc' dir='ltr'>’τοῖς</span> <span class='ocrx_word' id='word_1_473' title='bbox 1744 3575 1853 3657; x_wconf 65' lang='grc' dir='ltr'>τίύν</span> 
     </span>
    </p>
   </div>
   <div class='ocr_carea' id='block_1_66' title="bbox 1958 3575 3535 3679">
    <p class='ocr_par' dir='ltr' id='par_1_66' title="bbox 1960 3575 3535 3676">
     <span class='ocr_line' id='line_1_66' title="bbox 1960 3575 3535 3676; baseline -0.001 -16"><span class='ocrx_word' id='word_1_474' title='bbox 1960 3605 2153 3673; x_wconf 82' lang='lat' dir='ltr'><strong>Vetus,</strong></span> <span class='ocrx_word' id='word_1_475' title='bbox 2194 3608 2440 3675; x_wconf 90' lang='lat' dir='ltr'><strong>inquam,</strong></span> <span class='ocrx_word' id='word_1_476' title='bbox 2465 3615 2519 3662; x_wconf 90' lang='lat' dir='ltr'><strong>et</strong></span> <span class='ocrx_word' id='word_1_477' title='bbox 2556 3605 2766 3661; x_wconf 83' lang='lat' dir='ltr'><strong>Novum</strong></span> <span class='ocrx_word' id='word_1_478' title='bbox 2787 3575 3218 3669; x_wconf 69' lang='lat' dir='ltr'><strong>Testamentum,</strong></span> <span class='ocrx_word' id='word_1_479' title='bbox 3244 3606 3535 3676; x_wconf 85' lang='lat' dir='ltr'><strong>recipiunt,</strong></span> 
     </span>
    </p>
   </div>
   <div class='ocr_carea' id='block_1_67' title="bbox 272 3692 1854 3766">
    <p class='ocr_par' dir='ltr' id='par_1_67' title="bbox 272 3692 1854 3766">
     <span class='ocr_line' id='line_1_67' title="bbox 272 3692 1854 3766; baseline -0.003 -17"><span class='ocrx_word' id='word_1_480' title='bbox 272 3696 542 3766; x_wconf 80' lang='grc' dir='ltr'>Ἑλλήνων</span> <span class='ocrx_word' id='word_1_481' title='bbox 593 3694 886 3758; x_wconf 84' lang='grc' dir='ltr'>πλείστοις.</span> <span class='ocrx_word' id='word_1_482' title='bbox 927 3695 1018 3758; x_wconf 79' lang='grc' dir='ltr'>Ὠς</span> <span class='ocrx_word' id='word_1_483' title='bbox 1066 3695 1178 3765; x_wconf 83' lang='grc' dir='ltr'>γὰρ</span> <span class='ocrx_word' id='word_1_484' title='bbox 1207 3694 1421 3765; x_wconf 73' lang='grc' dir='ltr'>ἔφημεν</span> <span class='ocrx_word' id='word_1_485' title='bbox 1448 3692 1547 3765; x_wconf 71' lang='grc'><strong>(2),</strong></span> <span class='ocrx_word' id='word_1_486' title='bbox 1581 3696 1614 3765; x_wconf 80' lang='grc' dir='ltr'>ὴ</span> <span class='ocrx_word' id='word_1_487' title='bbox 1650 3693 1854 3762; x_wconf 86' lang='grc' dir='ltr'>γνῶσις</span> 
     </span>
    </p>
   </div>
   <div class='ocr_carea' id='block_1_68' title="bbox 253 3783 1854 3857">
    <p class='ocr_par' dir='ltr' id='par_1_68' title="bbox 253 3783 1854 3857">
     <span class='ocr_line' id='line_1_68' title="bbox 253 3783 1854 3857; baseline -0.002 -17"><span class='ocrx_word' id='word_1_488' title='bbox 253 3787 359 3840; x_wconf 80' lang='grc' dir='ltr'>τοῦ</span> <span class='ocrx_word' id='word_1_489' title='bbox 386 3783 522 3839; x_wconf 80' lang='grc' dir='ltr'>εἶναι</span> <span class='ocrx_word' id='word_1_490' title='bbox 540 3786 671 3839; x_wconf 80' lang='grc' dir='ltr'>Θεὸν</span> <span class='ocrx_word' id='word_1_491' title='bbox 710 3785 954 3856; x_wconf 84' lang='grc' dir='ltr'>φυσικῶς</span> <span class='ocrx_word' id='word_1_492' title='bbox 979 3788 1112 3857; x_wconf 79' lang='grc' dir='ltr'>ἡμῖν</span> <span class='ocrx_word' id='word_1_493' title='bbox 1139 3785 1604 3855; x_wconf 77' lang='grc' dir='ltr'>ὲγκατέσπαρται.</span> <span class='ocrx_word' id='word_1_494' title='bbox 1631 3784 1854 3853; x_wconf 79' lang='grc' dir='ltr'>Ἐπειδὴ</span> 
     </span>
    </p>
   </div>
   <div class='ocr_carea' id='block_1_69' title="bbox 254 3873 1856 3949">
    <p class='ocr_par' dir='ltr' id='par_1_69' title="bbox 254 3873 1856 3949">
     <span class='ocr_line' id='line_1_69' title="bbox 254 3873 1856 3949; baseline -0.006 -15"><span class='ocrx_word' id='word_1_495' title='bbox 254 3882 319 3934; x_wconf 80' lang='grc' dir='ltr'><strong>δὲ</strong></span> <span class='ocrx_word' id='word_1_496' title='bbox 354 3879 606 3933; x_wconf 72' lang='grc' dir='ltr'>τοσοῦτον</span> <span class='ocrx_word' id='word_1_497' title='bbox 654 3880 875 3949; x_wconf 77' lang='grc' dir='ltr'>ἴσχυσεν</span> <span class='ocrx_word' id='word_1_498' title='bbox 907 3878 940 3946; x_wconf 81' lang='grc' dir='ltr'>ἡ</span> <span class='ocrx_word' id='word_1_499' title='bbox 962 3877 1066 3931; x_wconf 66' lang='grc' dir='ltr'>τοῦ</span> <span class='ocrx_word' id='word_1_500' title='bbox 1092 3876 1330 3947; x_wconf 83' lang='grc' dir='ltr'>πονηροῦ</span> <span class='ocrx_word' id='word_1_501' title='bbox 1387 3876 1557 3930; x_wconf 88' lang='grc' dir='ltr'>κακία</span> <span class='ocrx_word' id='word_1_502' title='bbox 1584 3874 1725 3927; x_wconf 77' lang='grc' dir='ltr'>κατὰ</span> <span class='ocrx_word' id='word_1_503' title='bbox 1754 3873 1856 3943; x_wconf 84' lang='grc' dir='ltr'>τῆς</span> 
     </span>
    </p>
   </div>
   <div class='ocr_carea' id='block_1_70' title="bbox 254 3965 1853 4041">
    <p class='ocr_par' dir='ltr' id='par_1_70' title="bbox 254 3965 1853 4041">
     <span class='ocr_line' id='line_1_70' title="bbox 254 3965 1853 4041; baseline -0.004 -16"><span class='ocrx_word' id='word_1_504' title='bbox 254 3973 374 4026; x_wconf 84' lang='grc' dir='ltr'><strong>τῶν</strong></span> <span class='ocrx_word' id='word_1_505' title='bbox 403 3970 704 4041; x_wconf 84' lang='grc' dir='ltr'>ἀνθρώπων</span> <span class='ocrx_word' id='word_1_506' title='bbox 744 3971 979 4038; x_wconf 79' lang='grc' dir='ltr'>φύσεως,</span> <span class='ocrx_word' id='word_1_507' title='bbox 1016 3969 1155 4022; x_wconf 85' lang='grc' dir='ltr'>ὥστε</span> <span class='ocrx_word' id='word_1_508' title='bbox 1192 3970 1285 4022; x_wconf 84' lang='grc' dir='ltr'><strong>καί</strong></span> <span class='ocrx_word' id='word_1_509' title='bbox 1331 3985 1481 4032; x_wconf 85' lang='grc' dir='ltr'>τινας</span> <span class='ocrx_word' id='word_1_510' title='bbox 1512 3969 1593 4030; x_wconf 80' lang='grc' dir='ltr'><strong>εἰς</strong></span> <span class='ocrx_word' id='word_1_511' title='bbox 1625 3967 1686 4019; x_wconf 73' lang='grc' dir='ltr'>τὸ</span> <span class='ocrx_word' id='word_1_512' title='bbox 1726 3965 1853 4019; x_wconf 80' lang='grc' dir='ltr'>ἀλο-</span> 
     </span>
    </p>
   </div>
   <div class='ocr_carea' id='block_1_71' title="bbox 254 4060 1855 4132">
    <p class='ocr_par' dir='ltr' id='par_1_71' title="bbox 254 4060 1855 4132">
     <span class='ocr_line' id='line_1_71' title="bbox 254 4060 1855 4132; baseline -0.003 -17"><span class='ocrx_word' id='word_1_513' title='bbox 254 4064 508 4132; x_wconf 75' lang='grc' dir='ltr'>γώτατον</span> <span class='ocrx_word' id='word_1_514' title='bbox 551 4064 646 4116; x_wconf 71' lang='grc' dir='ltr'>καὶ</span> <span class='ocrx_word' id='word_1_515' title='bbox 699 4064 918 4115; x_wconf 68' lang='grc' dir='ltr'>πάντων</span> <span class='ocrx_word' id='word_1_516' title='bbox 948 4061 1057 4114; x_wconf 74' lang='grc' dir='ltr'><strong>τῶν</strong></span> <span class='ocrx_word' id='word_1_517' title='bbox 1085 4060 1269 4114; x_wconf 83' lang='grc' dir='ltr'>κακῶν</span> <span class='ocrx_word' id='word_1_518' title='bbox 1312 4062 1575 4114; x_wconf 82' lang='grc' dir='ltr'>κάκιστον</span> <span class='ocrx_word' id='word_1_519' title='bbox 1610 4074 1855 4125; x_wconf 82' lang='grc' dir='ltr'>καταγα-</span> 
     </span>
    </p>
   </div>
   <div class='ocr_carea' id='block_1_72' title="bbox 253 4148 1850 4225">
    <p class='ocr_par' dir='ltr' id='par_1_72' title="bbox 253 4148 1850 4225">
     <span class='ocr_line' id='line_1_72' title="bbox 253 4148 1850 4225; baseline -0.002 -17"><span class='ocrx_word' id='word_1_520' title='bbox 253 4159 379 4224; x_wconf 76' lang='grc' dir='ltr'>γεῖν</span> <span class='ocrx_word' id='word_1_521' title='bbox 405 4155 503 4223; x_wconf 66' lang='grc' dir='ltr'>τῆς</span> <span class='ocrx_word' id='word_1_522' title='bbox 535 4154 812 4217; x_wconf 83' lang='grc' dir='ltr'>ἀπωλείας</span> <span class='ocrx_word' id='word_1_523' title='bbox 834 4153 1127 4225; x_wconf 79' lang='grc' dir='ltr'>βάραθρον,</span> <span class='ocrx_word' id='word_1_524' title='bbox 1146 4154 1207 4208; x_wconf 80' lang='grc' dir='ltr'><strong>τὸ</strong></span> <span class='ocrx_word' id='word_1_525' title='bbox 1231 4154 1411 4223; x_wconf 84' lang='grc' dir='ltr'>λέγειν</span> <span class='ocrx_word' id='word_1_526' title='bbox 1434 4154 1507 4225; x_wconf 81' lang='grc' dir='ltr'>μὴ</span> <span class='ocrx_word' id='word_1_527' title='bbox 1529 4148 1670 4206; x_wconf 79' lang='grc' dir='ltr'>εἶναι</span> <span class='ocrx_word' id='word_1_528' title='bbox 1693 4151 1850 4205; x_wconf 75' lang='grc' dir='ltr'>Θεόνο</span> 
     </span>
    </p>
   </div>
   <div class='ocr_carea' id='block_1_73' title="bbox 253 4246 1854 4319">
    <p class='ocr_par' dir='ltr' id='par_1_73' title="bbox 253 4246 1854 4319">
     <span class='ocr_line' id='line_1_73' title="bbox 253 4246 1854 4319; baseline -0.006 -15"><span class='ocrx_word' id='word_1_529' title='bbox 253 4246 333 4304; x_wconf 80' lang='grc' dir='ltr'>ὧν</span> <span class='ocrx_word' id='word_1_530' title='bbox 370 4249 469 4319; x_wconf 78' lang='grc' dir='ltr'><strong>τὴν</strong></span> <span class='ocrx_word' id='word_1_531' title='bbox 529 4247 842 4317; x_wconf 73' lang='grc' dir='ltr'>ἀφροσύνην</span> <span class='ocrx_word' id='word_1_532' title='bbox 873 4247 1151 4315; x_wconf 79' lang='grc' dir='ltr'>ἐμφαίνων</span> <span class='ocrx_word' id='word_1_533' title='bbox 1168 4248 1212 4307; x_wconf 65' lang='lat' dir='ltr'><strong>id</strong></span> <span class='ocrx_word' id='word_1_534' title='bbox 1243 4248 1566 4319; x_wconf 75' lang='grc' dir='ltr'>ἱεροφάντης</span> <span class='ocrx_word' id='word_1_535' title='bbox 1611 4246 1715 4316; x_wconf 80' lang='grc' dir='ltr'>ἔφη</span> <span class='ocrx_word' id='word_1_536' title='bbox 1752 4248 1854 4298; x_wconf 87' lang='grc' dir='ltr'><strong>Δα-</strong></span> 
     </span>
    </p>
   </div>
   <div class='ocr_carea' id='block_1_74' title="bbox 252 4334 1851 4407">
    <p class='ocr_par' dir='ltr' id='par_1_74' title="bbox 252 4334 1851 4407">
     <span class='ocr_line' id='line_1_74' title="bbox 252 4334 1851 4407; baseline -0.002 -14"><span class='ocrx_word' id='word_1_537' title='bbox 252 4341 344 4393; x_wconf 81' lang='grc' dir='ltr'>6ἱδ</span> <span class='ocrx_word' id='word_1_538' title='bbox 377 4355 393 4372; x_wconf 80' lang='grc' dir='ltr'><strong>ο</strong></span> <span class='ocrx_word' id='word_1_539' title='bbox 443 4334 625 4392; x_wconf 71' lang='grc' dir='ltr'>Εἶπεν</span> <span class='ocrx_word' id='word_1_540' title='bbox 669 4338 874 4406; x_wconf 54' lang='grc' dir='ltr'>ἄφρων</span> <span class='ocrx_word' id='word_1_541' title='bbox 923 4338 991 4391; x_wconf 80' lang='grc' dir='ltr'><strong>ὲν</strong></span> <span class='ocrx_word' id='word_1_542' title='bbox 1042 4336 1117 4405; x_wconf 80' lang='grc' dir='ltr'>τῇ</span> <span class='ocrx_word' id='word_1_543' title='bbox 1178 4337 1388 4407; x_wconf 80' lang='grc' dir='ltr'>καρδίᾳ</span> <span class='ocrx_word' id='word_1_544' title='bbox 1450 4335 1639 4390; x_wconf 80' lang='grc' dir='ltr'>αὐτοῦ</span> <span class='ocrx_word' id='word_1_545' title='bbox 1672 4355 1684 4369; x_wconf 78' lang='grc' dir='ltr'><strong>ο</strong></span> <span class='ocrx_word' id='word_1_546' title='bbox 1719 4339 1851 4391; x_wconf 83' lang='grc' dir='ltr'><strong>Οὐκ</strong></span> 
     </span>
    </p>
   </div>
   <div class='ocr_carea' id='block_1_75' title="bbox 252 4423 1851 4499">
    <p class='ocr_par' dir='ltr' id='par_1_75' title="bbox 252 4423 1851 4499">
     <span class='ocr_line' id='line_1_75' title="bbox 252 4423 1851 4499; baseline -0.004 -14"><span class='ocrx_word' id='word_1_547' title='bbox 252 4433 392 4485; x_wconf 83' lang='grc' dir='ltr'>ἔστι</span> <span class='ocrx_word' id='word_1_548' title='bbox 419 4430 590 4494; x_wconf 77' lang='grc' dir='ltr'>Θεός·</span> <span class='ocrx_word' id='word_1_549' title='bbox 624 4430 671 4481; x_wconf 81' lang='grc' dir='ltr'><strong>οἱ</strong></span> <span class='ocrx_word' id='word_1_550' title='bbox 707 4429 803 4496; x_wconf 78' lang='grc' dir='ltr'><strong>μὲν</strong></span> <span class='ocrx_word' id='word_1_551' title='bbox 832 4423 927 4481; x_wconf 70' lang='grc' dir='ltr'><strong>οὖν</strong></span> <span class='ocrx_word' id='word_1_552' title='bbox 949 4425 1041 4481; x_wconf 82' lang='grc' dir='ltr'>τοῦ</span> <span class='ocrx_word' id='word_1_553' title='bbox 1074 4429 1281 4499; x_wconf 85' lang='grc' dir='ltr'>Κυρίου</span> <span class='ocrx_word' id='word_1_554' title='bbox 1316 4427 1555 4498; x_wconf 79' lang='grc' dir='ltr'>μαθηταὶ</span> <span class='ocrx_word' id='word_1_555' title='bbox 1588 4428 1683 4480; x_wconf 76' lang='grc' dir='ltr'><strong>καὶ</strong></span> <span class='ocrx_word' id='word_1_556' title='bbox 1716 4426 1851 4480; x_wconf 84' lang='grc' dir='ltr'><strong>ἀπό-</strong></span> 
     </span>
    </p>
   </div>
   <div class='ocr_carea' id='block_1_76' title="bbox 253 4516 1846 4589">
    <p class='ocr_par' dir='ltr' id='par_1_76' title="bbox 253 4516 1846 4589">
     <span class='ocr_line' id='line_1_76' title="bbox 253 4516 1846 4589; baseline -0.001 -17"><span class='ocrx_word' id='word_1_557' title='bbox 253 4519 433 4572; x_wconf 82' lang='grc' dir='ltr'>στολοι</span> <span class='ocrx_word' id='word_1_558' title='bbox 490 4517 567 4587; x_wconf 81' lang='grc' dir='ltr'><strong>τῷ</strong></span> <span class='ocrx_word' id='word_1_559' title='bbox 615 4516 869 4588; x_wconf 84' lang='grc' dir='ltr'>παναγίῳ</span> <span class='ocrx_word' id='word_1_560' title='bbox 922 4518 1270 4587; x_wconf 81' lang='grc' dir='ltr'>σοφισοέντες</span> <span class='ocrx_word' id='word_1_561' title='bbox 1317 4519 1618 4589; x_wconf 80' lang='grc' dir='ltr'>Πνεύματι,</span> <span class='ocrx_word' id='word_1_562' title='bbox 1650 4519 1746 4572; x_wconf 72' lang='grc' dir='ltr'>καὶ</span> <span class='ocrx_word' id='word_1_563' title='bbox 1780 4521 1846 4589; x_wconf 84' lang='grc' dir='ltr'>τῇ</span> 
     </span>
    </p>
   </div>
   <div class='ocr_carea' id='block_1_77' title="bbox 249 4610 1848 4682">
    <p class='ocr_par' dir='ltr' id='par_1_77' title="bbox 249 4610 1848 4682">
     <span class='ocr_line' id='line_1_77' title="bbox 249 4610 1848 4682; baseline -0.004 -16"><span class='ocrx_word' id='word_1_564' title='bbox 249 4610 423 4667; x_wconf 71' lang='grc' dir='ltr'>αὐτοῦ</span> <span class='ocrx_word' id='word_1_565' title='bbox 453 4610 678 4679; x_wconf 78' lang='grc' dir='ltr'>δυνάμει</span> <span class='ocrx_word' id='word_1_566' title='bbox 710 4612 805 4665; x_wconf 79' lang='grc' dir='ltr'><strong>καὶ</strong></span> <span class='ocrx_word' id='word_1_567' title='bbox 827 4610 1011 4682; x_wconf 82' lang='grc' dir='ltr'>χάριτι</span> <span class='ocrx_word' id='word_1_568' title='bbox 1039 4611 1137 4675; x_wconf 80' lang='grc' dir='ltr'>τὰς</span> <span class='ocrx_word' id='word_1_569' title='bbox 1186 4611 1512 4681; x_wconf 83' lang='grc' dir='ltr'>θεοσημείας</span> <span class='ocrx_word' id='word_1_570' title='bbox 1543 4610 1848 4681; x_wconf 79' lang='grc' dir='ltr'>ὲργαζόμε-</span> 
     </span>
    </p>
   </div>
   <div class='ocr_carea' id='block_1_78' title="bbox 250 4701 1847 4774">
    <p class='ocr_par' dir='ltr' id='par_1_78' title="bbox 250 4701 1847 4774">
     <span class='ocr_line' id='line_1_78' title="bbox 250 4701 1847 4774; baseline 0 -19"><span class='ocrx_word' id='word_1_571' title='bbox 250 4720 359 4764; x_wconf 86' lang='grc' dir='ltr'>νοι,</span> <span class='ocrx_word' id='word_1_572' title='bbox 393 4704 458 4771; x_wconf 81' lang='grc' dir='ltr'>τῇ</span> <span class='ocrx_word' id='word_1_573' title='bbox 488 4701 597 4755; x_wconf 81' lang='grc' dir='ltr'><strong>τῶν</strong></span> <span class='ocrx_word' id='word_1_574' title='bbox 622 4702 919 4772; x_wconf 84' lang='grc' dir='ltr'>θαυμάτων</span> <span class='ocrx_word' id='word_1_575' title='bbox 952 4705 1163 4774; x_wconf 85' lang='grc' dir='ltr'>σαγήνῃ</span> <span class='ocrx_word' id='word_1_576' title='bbox 1199 4703 1338 4773; x_wconf 82' lang='grc' dir='ltr'>πρὸς</span> <span class='ocrx_word' id='word_1_577' title='bbox 1368 4702 1426 4755; x_wconf 76' lang='grc' dir='ltr'><strong>τὸ</strong></span> <span class='ocrx_word' id='word_1_578' title='bbox 1457 4702 1573 4771; x_wconf 83' lang='grc' dir='ltr'><strong>φῶς</strong></span> <span class='ocrx_word' id='word_1_579' title='bbox 1600 4702 1699 4772; x_wconf 84' lang='grc' dir='ltr'>τῆς</span> <span class='ocrx_word' id='word_1_580' title='bbox 1730 4701 1847 4755; x_wconf 85' lang='grc' dir='ltr'>Θεο-</span> 
     </span>
    </p>
   </div>
   <div class='ocr_carea' id='block_1_79' title="bbox 246 4791 1846 4865">
    <p class='ocr_par' dir='ltr' id='par_1_79' title="bbox 246 4791 1846 4865">
     <span class='ocr_line' id='line_1_79' title="bbox 246 4791 1846 4865; baseline -0.002 -18"><span class='ocrx_word' id='word_1_581' title='bbox 246 4794 494 4865; x_wconf 83' lang='grc' dir='ltr'>γνωσίας</span> <span class='ocrx_word' id='word_1_582' title='bbox 526 4794 590 4846; x_wconf 81' lang='grc' dir='ltr'>ὲκ</span> <span class='ocrx_word' id='word_1_583' title='bbox 630 4793 724 4846; x_wconf 81' lang='grc' dir='ltr'>τοῦ</span> <span class='ocrx_word' id='word_1_584' title='bbox 783 4792 945 4863; x_wconf 87' lang='grc' dir='ltr'>βύοου</span> <span class='ocrx_word' id='word_1_585' title='bbox 989 4793 1089 4863; x_wconf 79' lang='grc' dir='ltr'><strong>τῆς</strong></span> <span class='ocrx_word' id='word_1_586' title='bbox 1136 4795 1411 4861; x_wconf 83' lang='grc' dir='ltr'>ἀγνωσίας</span> <span class='ocrx_word' id='word_1_587' title='bbox 1438 4792 1462 4832; x_wconf 74' lang='grc' dir='ltr'>ἀ</span> <span class='ocrx_word' id='word_1_588' title='bbox 1498 4792 1693 4856; x_wconf 81' lang='grc' dir='ltr'>αὐτοὺς</span> <span class='ocrx_word' id='word_1_589' title='bbox 1741 4791 1846 4855; x_wconf 80' lang='grc' dir='ltr'><strong>ζω-</strong></span> 
     </span>
    </p>
   </div>
   <div class='ocr_carea' id='block_1_80' title="bbox 245 4884 1841 4958">
    <p class='ocr_par' dir='ltr' id='par_1_80' title="bbox 245 4884 1841 4958">
     <span class='ocr_line' id='line_1_80' title="bbox 245 4884 1841 4958; baseline -0.003 -18"><span class='ocrx_word' id='word_1_590' title='bbox 245 4885 515 4958; x_wconf 79' lang='grc' dir='ltr'>γροῦντες</span> <span class='ocrx_word' id='word_1_591' title='bbox 546 4886 836 4957; x_wconf 79' lang='grc' dir='ltr'>ἀνήγαγον.</span> <span class='ocrx_word' id='word_1_592' title='bbox 873 4884 1105 4955; x_wconf 87' lang='grc' dir='ltr'>Ὁμοίως</span> <span class='ocrx_word' id='word_1_593' title='bbox 1128 4886 1224 4939; x_wconf 76' lang='grc' dir='ltr'><strong>καὶ</strong></span> <span class='ocrx_word' id='word_1_594' title='bbox 1255 4887 1305 4939; x_wconf 80' lang='grc' dir='ltr'><strong>οἱ</strong></span> <span class='ocrx_word' id='word_1_595' title='bbox 1333 4885 1538 4940; x_wconf 87' lang='grc' dir='ltr'>τούτων</span> <span class='ocrx_word' id='word_1_596' title='bbox 1557 4884 1658 4953; x_wconf 81' lang='grc' dir='ltr'>τῆς</span> <span class='ocrx_word' id='word_1_597' title='bbox 1680 4884 1841 4953; x_wconf 83' lang='grc' dir='ltr'>χάρι-</span> 
     </span>
    </p>
   </div>
   <div class='ocr_carea' id='block_1_81' title="bbox 329 5012 1678 5084">
    <p class='ocr_par' dir='ltr' id='par_1_81' title="bbox 329 5012 1678 5084">
     <span class='ocr_line' id='line_1_81' title="bbox 329 5012 1678 5084; baseline 0.001 -18"><span class='ocrx_word' id='word_1_598' title='bbox 329 5015 375 5047; x_wconf 83' lang='grc'><strong>¹⁰</strong></span> <span class='ocrx_word' id='word_1_599' title='bbox 402 5012 557 5068; x_wconf 91' lang='lat' dir='ltr'><strong>Dion.</strong></span> <span class='ocrx_word' id='word_1_600' title='bbox 585 5014 707 5082; x_wconf 72' lang='lat' dir='ltr'><strong>cap.</strong></span> <span class='ocrx_word' id='word_1_601' title='bbox 734 5014 768 5067; x_wconf 73' lang='grc'>2</span> <span class='ocrx_word' id='word_1_602' title='bbox 799 5013 876 5068; x_wconf 88' lang='lat' dir='ltr'><strong>De</strong></span> <span class='ocrx_word' id='word_1_603' title='bbox 901 5014 1006 5068; x_wconf 84' lang='lat' dir='ltr'><strong>div.</strong></span> <span class='ocrx_word' id='word_1_604' title='bbox 1038 5030 1182 5069; x_wconf 90' lang='lat' dir='ltr'><strong>nom.</strong></span> <span class='ocrx_word' id='word_1_605' title='bbox 1221 5016 1261 5046; x_wconf 82' lang='grc'>¹¹</span> <span class='ocrx_word' id='word_1_606' title='bbox 1286 5015 1421 5070; x_wconf 86' lang='lat' dir='ltr'><strong>Ibid.</strong></span> <span class='ocrx_word' id='word_1_607' title='bbox 1466 5014 1678 5084; x_wconf 82' lang='lat' dir='ltr'><strong>cap.-l.</strong></span> 
     </span>
    </p>
   </div>
   <div class='ocr_carea' id='block_1_82' title="bbox 1757 5005 2271 5076">
    <p class='ocr_par' dir='ltr' id='par_1_82' title="bbox 1757 5005 2271 5076">
     <span class='ocr_line' id='line_1_82' title="bbox 1757 5005 2271 5076; baseline -0.004 -15"><span class='ocrx_word' id='word_1_608' title='bbox 1757 5012 1798 5042; x_wconf 80' lang='lat'>“</span> <span class='ocrx_word' id='word_1_609' title='bbox 1834 5006 1999 5076; x_wconf 88' lang='lat' dir='ltr'><strong>Supr.</strong></span> <span class='ocrx_word' id='word_1_610' title='bbox 2060 5020 2181 5074; x_wconf 89' lang='lat' dir='ltr'><strong>cap.</strong></span> <span class='ocrx_word' id='word_1_611' title='bbox 2220 5005 2271 5059; x_wconf 79' lang='lat' dir='ltr'><strong>l.</strong></span> 
     </span>
    </p>
   </div>
   <div class='ocr_carea' id='block_1_83' title="bbox 1959 3694 3534 3767">
    <p class='ocr_par' dir='ltr' id='par_1_83' title="bbox 1959 3694 3534 3767">
     <span class='ocr_line' id='line_1_83' title="bbox 1959 3694 3534 3767; baseline -0.002 -15"><span class='ocrx_word' id='word_1_612' title='bbox 1959 3714 2066 3752; x_wconf 88' lang='lat' dir='ltr'><strong>non</strong></span> <span class='ocrx_word' id='word_1_613' title='bbox 2099 3697 2419 3766; x_wconf 89' lang='lat' dir='ltr'><strong>ambigitur,</strong></span> <span class='ocrx_word' id='word_1_614' title='bbox 2453 3706 2512 3750; x_wconf 90' lang='lat' dir='ltr'><strong>ut</strong></span> <span class='ocrx_word' id='word_1_615' title='bbox 2545 3711 2644 3752; x_wconf 90' lang='lat' dir='ltr'><strong>nec</strong></span> <span class='ocrx_word' id='word_1_616' title='bbox 2667 3711 2695 3751; x_wconf 88' lang='lat' dir='ltr'><strong>a</strong></span> <span class='ocrx_word' id='word_1_617' title='bbox 2725 3698 3001 3767; x_wconf 78' lang='lat' dir='ltr'><strong>plerisque</strong></span> <span class='ocrx_word' id='word_1_618' title='bbox 3025 3697 3331 3765; x_wconf 81' lang='lat' dir='ltr'><strong>gentilium.</strong></span> <span class='ocrx_word' id='word_1_619' title='bbox 3372 3694 3534 3751; x_wconf 80' lang='lat' dir='ltr'><strong>Velut</strong></span> 
     </span>
    </p>
   </div>
   <div class='ocr_carea' id='block_1_84' title="bbox 1957 3780 3529 3858">
    <p class='ocr_par' dir='ltr' id='par_1_84' title="bbox 1957 3780 3529 3858">
     <span class='ocr_line' id='line_1_84' title="bbox 1957 3780 3529 3858; baseline -0.004 -14"><span class='ocrx_word' id='word_1_620' title='bbox 1957 3791 2101 3844; x_wconf 81' lang='lat' dir='ltr'><strong>enim</strong></span> <span class='ocrx_word' id='word_1_621' title='bbox 2147 3790 2260 3858; x_wconf 88' lang='lat' dir='ltr'><strong>jam</strong></span> <span class='ocrx_word' id='word_1_622' title='bbox 2294 3788 2534 3843; x_wconf 81' lang='lat' dir='ltr'><strong>diximus</strong></span> <span class='ocrx_word' id='word_1_623' title='bbox 2569 3789 2636 3854; x_wconf 72' lang='grc' dir='ltr'>η,</span> <span class='ocrx_word' id='word_1_624' title='bbox 2681 3780 2907 3842; x_wconf 71' lang='lat' dir='ltr'><strong>insitum</strong></span> <span class='ocrx_word' id='word_1_625' title='bbox 2935 3789 3093 3842; x_wconf 79' lang='lat' dir='ltr'><strong>nobis</strong></span> <span class='ocrx_word' id='word_1_626' title='bbox 3121 3803 3151 3841; x_wconf 89' lang='lat' dir='ltr'><strong>a</strong></span> <span class='ocrx_word' id='word_1_627' title='bbox 3182 3796 3380 3841; x_wconf 88' lang='lat' dir='ltr'><strong>natura</strong></span> <span class='ocrx_word' id='word_1_628' title='bbox 3420 3797 3529 3855; x_wconf 83' lang='lat' dir='ltr'><strong>est,</strong></span> 
     </span>
    </p>
   </div>
   <div class='ocr_carea' id='block_1_85' title="bbox 1957 3862 3538 3945">
    <p class='ocr_par' dir='ltr' id='par_1_85' title="bbox 1957 3862 3538 3945">
     <span class='ocr_line' id='line_1_85' title="bbox 1957 3862 3538 3945; baseline -0.001 -10"><span class='ocrx_word' id='word_1_629' title='bbox 1957 3891 2014 3935; x_wconf 92' lang='lat' dir='ltr'><strong>ut</strong></span> <span class='ocrx_word' id='word_1_630' title='bbox 2072 3880 2239 3935; x_wconf 88' lang='lat' dir='ltr'><strong>Deum</strong></span> <span class='ocrx_word' id='word_1_631' title='bbox 2301 3895 2426 3935; x_wconf 91' lang='lat' dir='ltr'><strong>esse</strong></span> <span class='ocrx_word' id='word_1_632' title='bbox 2464 3862 2781 3936; x_wconf 80' lang='lat' dir='ltr'><strong>noscamus.</strong></span> <span class='ocrx_word' id='word_1_633' title='bbox 2833 3879 3097 3945; x_wconf 83' lang='lat' dir='ltr'><strong>Quoniam</strong></span> <span class='ocrx_word' id='word_1_634' title='bbox 3147 3894 3275 3934; x_wconf 88' lang='lat' dir='ltr'><strong>vero</strong></span> <span class='ocrx_word' id='word_1_635' title='bbox 3324 3878 3538 3933; x_wconf 63' lang='lat' dir='ltr'><strong>Satanae</strong></span> 
     </span>
    </p>
   </div>
   <div class='ocr_carea' id='block_1_86' title="bbox 1956 3969 3534 4040">
    <p class='ocr_par' dir='ltr' id='par_1_86' title="bbox 1956 3969 3534 4040">
     <span class='ocr_line' id='line_1_86' title="bbox 1956 3969 3534 4040; baseline -0.003 -16"><span class='ocrx_word' id='word_1_636' title='bbox 1956 3971 2283 4040; x_wconf 89' lang='lat' dir='ltr'><strong>improbitas</strong></span> <span class='ocrx_word' id='word_1_637' title='bbox 2339 3979 2550 4024; x_wconf 89' lang='lat' dir='ltr'><strong>tantum</strong></span> <span class='ocrx_word' id='word_1_638' title='bbox 2610 3971 2875 4025; x_wconf 88' lang='lat' dir='ltr'><strong>adversus</strong></span> <span class='ocrx_word' id='word_1_639' title='bbox 2930 3969 3210 4039; x_wconf 88' lang='lat' dir='ltr'><strong>hominum</strong></span> <span class='ocrx_word' id='word_1_640' title='bbox 3282 3978 3534 4022; x_wconf 85' lang='lat' dir='ltr'><strong>naturam</strong></span> 
     </span>
    </p>
   </div>
   <div class='ocr_carea' id='block_1_87' title="bbox 1953 4061 3537 4132">
    <p class='ocr_par' dir='ltr' id='par_1_87' title="bbox 1953 4061 3537 4132">
     <span class='ocr_line' id='line_1_87' title="bbox 1953 4061 3537 4132; baseline 0.002 -18"><span class='ocrx_word' id='word_1_641' title='bbox 1953 4062 2146 4127; x_wconf 78' lang='lat' dir='ltr'><strong>valuit,</strong></span> <span class='ocrx_word' id='word_1_642' title='bbox 2178 4070 2237 4115; x_wconf 93' lang='lat' dir='ltr'><strong>ut</strong></span> <span class='ocrx_word' id='word_1_643' title='bbox 2267 4070 2320 4115; x_wconf 86' lang='lat' dir='ltr'><strong>et</strong></span> <span class='ocrx_word' id='word_1_644' title='bbox 2346 4061 2614 4132; x_wconf 80' lang='lat' dir='ltr'><strong>quosdam</strong></span> <span class='ocrx_word' id='word_1_645' title='bbox 2659 4062 2713 4115; x_wconf 90' lang='lat' dir='ltr'><strong>in</strong></span> <span class='ocrx_word' id='word_1_646' title='bbox 2779 4061 3214 4124; x_wconf 89' lang='lat' dir='ltr'><strong>stolidissimam,</strong></span> <span class='ocrx_word' id='word_1_647' title='bbox 3265 4069 3319 4115; x_wconf 90' lang='lat' dir='ltr'><strong>et</strong></span> <span class='ocrx_word' id='word_1_648' title='bbox 3342 4061 3537 4130; x_wconf 90' lang='lat' dir='ltr'><strong>quovis</strong></span> 
     </span>
    </p>
   </div>
   <div class='ocr_carea' id='block_1_88' title="bbox 1956 4149 3535 4220">
    <p class='ocr_par' dir='ltr' id='par_1_88' title="bbox 1956 4149 3535 4220">
     <span class='ocr_line' id='line_1_88' title="bbox 1956 4149 3535 4220; baseline -0.001 -15"><span class='ocrx_word' id='word_1_649' title='bbox 1956 4153 2100 4206; x_wconf 88' lang='lat' dir='ltr'><strong>malo</strong></span> <span class='ocrx_word' id='word_1_650' title='bbox 2148 4150 2390 4219; x_wconf 77' lang='lat' dir='ltr'><strong>peiorem</strong></span> <span class='ocrx_word' id='word_1_651' title='bbox 2440 4149 2595 4204; x_wconf 79' lang='lat' dir='ltr'><strong>exitii</strong></span> <span class='ocrx_word' id='word_1_652' title='bbox 2628 4150 2940 4220; x_wconf 65' lang='lat' dir='ltr'><strong>uoraginem</strong></span> <span class='ocrx_word' id='word_1_653' title='bbox 2977 4150 3303 4211; x_wconf 89' lang='lat' dir='ltr'><strong>detruserit,</strong></span> <span class='ocrx_word' id='word_1_654' title='bbox 3351 4152 3426 4202; x_wconf 85' lang='lat' dir='ltr'><strong>ita</strong></span> <span class='ocrx_word' id='word_1_655' title='bbox 3477 4161 3535 4203; x_wconf 91' lang='lat' dir='ltr'><strong>ut</strong></span> 
     </span>
    </p>
   </div>
   <div class='ocr_carea' id='block_1_89' title="bbox 1957 4240 3533 4314">
    <p class='ocr_par' dir='ltr' id='par_1_89' title="bbox 1957 4240 3533 4314">
     <span class='ocr_line' id='line_1_89' title="bbox 1957 4240 3533 4314; baseline -0.001 -18"><span class='ocrx_word' id='word_1_656' title='bbox 1957 4244 2124 4298; x_wconf 86' lang='lat' dir='ltr'><strong>Deum</strong></span> <span class='ocrx_word' id='word_1_657' title='bbox 2160 4257 2282 4298; x_wconf 85' lang='lat' dir='ltr'><strong>esse</strong></span> <span class='ocrx_word' id='word_1_658' title='bbox 2308 4251 2572 4314; x_wconf 84' lang='lat' dir='ltr'><strong>negarent</strong></span> <span class='ocrx_word' id='word_1_659' title='bbox 2604 4244 2880 4314; x_wconf 89' lang='lat' dir='ltr'><strong>(quorum</strong></span> <span class='ocrx_word' id='word_1_660' title='bbox 2914 4242 3286 4312; x_wconf 85' lang='lat' dir='ltr'><strong>insipientiam</strong></span> <span class='ocrx_word' id='word_1_661' title='bbox 3312 4240 3533 4295; x_wconf 89' lang='lat' dir='ltr'><strong>divino-</strong></span> 
     </span>
    </p>
   </div>
   <div class='ocr_carea' id='block_1_90' title="bbox 1956 4333 3530 4404">
    <p class='ocr_par' dir='ltr' id='par_1_90' title="bbox 1956 4333 3530 4404">
     <span class='ocr_line' id='line_1_90' title="bbox 1956 4333 3530 4404; baseline -0.001 -15"><span class='ocrx_word' id='word_1_662' title='bbox 1956 4352 2075 4390; x_wconf 86' lang='lat' dir='ltr'><strong>rum</strong></span> <span class='ocrx_word' id='word_1_663' title='bbox 2114 4335 2405 4390; x_wconf 86' lang='lat' dir='ltr'><strong>verborum</strong></span> <span class='ocrx_word' id='word_1_664' title='bbox 2449 4336 2721 4403; x_wconf 71' lang='lat' dir='ltr'><strong>interpres</strong></span> <span class='ocrx_word' id='word_1_665' title='bbox 2765 4333 3141 4404; x_wconf 67' lang='lat' dir='ltr'><strong>Davidpalam</strong></span> <span class='ocrx_word' id='word_1_666' title='bbox 3179 4333 3388 4388; x_wconf 79' lang='lat' dir='ltr'><strong>faciens</strong></span> <span class='ocrx_word' id='word_1_667' title='bbox 3422 4334 3530 4387; x_wconf 89' lang='lat' dir='ltr'><strong>ait:</strong></span> 
     </span>
    </p>
   </div>
   <div class='ocr_carea' id='block_1_91' title="bbox 1951 4423 3536 4494">
    <p class='ocr_par' dir='ltr' id='par_1_91' title="bbox 1951 4423 3536 4494">
     <span class='ocr_line' id='line_1_91' title="bbox 1951 4423 3536 4494; baseline 0 -15"><span class='ocrx_word' id='word_1_668' title='bbox 1951 4424 2099 4480; x_wconf 78' lang='lat' dir='ltr'><strong>Dixit</strong></span> <span class='ocrx_word' id='word_1_669' title='bbox 2133 4427 2380 4494; x_wconf 78' lang='lat' dir='ltr'><strong>insipiens</strong></span> <span class='ocrx_word' id='word_1_670' title='bbox 2398 4427 2450 4478; x_wconf 89' lang='lat' dir='ltr'><strong>in</strong></span> <span class='ocrx_word' id='word_1_671' title='bbox 2472 4424 2627 4478; x_wconf 84' lang='lat' dir='ltr'><strong>corde</strong></span> <span class='ocrx_word' id='word_1_672' title='bbox 2646 4441 2739 4477; x_wconf 86' lang='lat' dir='ltr'><strong>suo</strong></span> <span class='ocrx_word' id='word_1_673' title='bbox 2759 4441 2778 4479; x_wconf 92' lang='lat'><strong><em>:</em></strong></span> <span class='ocrx_word' id='word_1_674' title='bbox 2801 4423 2923 4478; x_wconf 87' lang='lat' dir='ltr'><strong>Non</strong></span> <span class='ocrx_word' id='word_1_675' title='bbox 2942 4435 3018 4478; x_wconf 80' lang='lat' dir='ltr'><strong>est</strong></span> <span class='ocrx_word' id='word_1_676' title='bbox 3044 4424 3178 4477; x_wconf 82' lang='lat' dir='ltr'><strong>Deus</strong></span> <span class='ocrx_word' id='word_1_677' title='bbox 3204 4424 3291 4491; x_wconf 86' lang='grc'><strong>¹³),</strong></span> <span class='ocrx_word' id='word_1_678' title='bbox 3316 4439 3435 4477; x_wconf 91' lang='lat' dir='ltr'><strong>eam</strong></span> <span class='ocrx_word' id='word_1_679' title='bbox 3463 4425 3536 4479; x_wconf 88' lang='lat' dir='ltr'><strong>ob</strong></span> 
     </span>
    </p>
   </div>
   <div class='ocr_carea' id='block_1_92' title="bbox 1949 4514 3535 4584">
    <p class='ocr_par' dir='ltr' id='par_1_92' title="bbox 1949 4514 3535 4584">
     <span class='ocr_line' id='line_1_92' title="bbox 1949 4514 3535 4584; baseline -0.003 -13"><span class='ocrx_word' id='word_1_680' title='bbox 1949 4531 2171 4571; x_wconf 88' lang='lat' dir='ltr'><strong>causam</strong></span> <span class='ocrx_word' id='word_1_681' title='bbox 2211 4516 2461 4584; x_wconf 88' lang='lat' dir='ltr'><strong>discipuli</strong></span> <span class='ocrx_word' id='word_1_682' title='bbox 2499 4514 2709 4569; x_wconf 89' lang='lat' dir='ltr'><strong>Domini</strong></span> <span class='ocrx_word' id='word_1_683' title='bbox 2743 4523 2796 4569; x_wconf 91' lang='lat' dir='ltr'><strong>et</strong></span> <span class='ocrx_word' id='word_1_684' title='bbox 2824 4515 3073 4584; x_wconf 84' lang='lat' dir='ltr'><strong>apostoli,</strong></span> <span class='ocrx_word' id='word_1_685' title='bbox 3114 4529 3142 4567; x_wconf 90' lang='lat' dir='ltr'><strong>a</strong></span> <span class='ocrx_word' id='word_1_686' title='bbox 3176 4514 3377 4584; x_wconf 87' lang='lat' dir='ltr'><strong>Spiritu</strong></span> <span class='ocrx_word' id='word_1_687' title='bbox 3410 4529 3535 4567; x_wconf 83' lang='lat' dir='ltr'><strong>sau-</strong></span> 
     </span>
    </p>
   </div>
   <div class='ocr_carea' id='block_1_93' title="bbox 1947 4603 3532 4675">
    <p class='ocr_par' dir='ltr' id='par_1_93' title="bbox 1947 4603 3532 4675">
     <span class='ocr_line' id='line_1_93' title="bbox 1947 4603 3532 4675; baseline -0.002 -16"><span class='ocrx_word' id='word_1_688' title='bbox 1947 4614 2037 4659; x_wconf 91' lang='lat' dir='ltr'><strong>eto</strong></span> <span class='ocrx_word' id='word_1_689' title='bbox 2083 4606 2308 4667; x_wconf 89' lang='lat' dir='ltr'><strong>eruditi,</strong></span> <span class='ocrx_word' id='word_1_690' title='bbox 2350 4604 2550 4659; x_wconf 78' lang='lat' dir='ltr'><strong>divinis</strong></span> <span class='ocrx_word' id='word_1_691' title='bbox 2604 4604 2725 4673; x_wconf 81' lang='lat' dir='ltr'><strong>ejus</strong></span> <span class='ocrx_word' id='word_1_692' title='bbox 2764 4604 3004 4675; x_wconf 80' lang='lat' dir='ltr'><strong>potentia</strong></span> <span class='ocrx_word' id='word_1_693' title='bbox 3066 4613 3121 4657; x_wconf 90' lang='lat' dir='ltr'><strong>et</strong></span> <span class='ocrx_word' id='word_1_694' title='bbox 3171 4606 3342 4669; x_wconf 78' lang='lat' dir='ltr'><strong>gratia</strong></span> <span class='ocrx_word' id='word_1_695' title='bbox 3372 4603 3532 4657; x_wconf 86' lang='lat' dir='ltr'><strong>editis</strong></span> 
     </span>
    </p>
   </div>
   <div class='ocr_carea' id='block_1_94' title="bbox 1948 4692 3532 4765">
    <p class='ocr_par' dir='ltr' id='par_1_94' title="bbox 1948 4692 3532 4765">
     <span class='ocr_line' id='line_1_94' title="bbox 1948 4692 3532 4765; baseline -0.003 -16"><span class='ocrx_word' id='word_1_696' title='bbox 1948 4696 2232 4765; x_wconf 78' lang='lat' dir='ltr'><strong>prodigiis,</strong></span> <span class='ocrx_word' id='word_1_697' title='bbox 2271 4693 2665 4747; x_wconf 89' lang='lat' dir='ltr'><strong>miraculorum</strong></span> <span class='ocrx_word' id='word_1_698' title='bbox 2726 4708 2929 4762; x_wconf 85' lang='lat' dir='ltr'><strong>sagena</strong></span> <span class='ocrx_word' id='word_1_699' title='bbox 2976 4708 3070 4746; x_wconf 87' lang='lat' dir='ltr'><strong>eos</strong></span> <span class='ocrx_word' id='word_1_700' title='bbox 3111 4707 3175 4746; x_wconf 81' lang='lat' dir='ltr'><strong>ex</strong></span> <span class='ocrx_word' id='word_1_701' title='bbox 3212 4692 3532 4761; x_wconf 73' lang='lat' dir='ltr'><strong>ignorantia:</strong></span> 
     </span>
    </p>
   </div>
   <div class='ocr_carea' id='block_1_95' title="bbox 1946 4781 3527 4855">
    <p class='ocr_par' dir='ltr' id='par_1_95' title="bbox 1946 4781 3527 4855">
     <span class='ocr_line' id='line_1_95' title="bbox 1946 4781 3527 4855; baseline -0.003 -17"><span class='ocrx_word' id='word_1_702' title='bbox 1946 4785 2160 4855; x_wconf 80' lang='lat' dir='ltr'><strong>gurgite</strong></span> <span class='ocrx_word' id='word_1_703' title='bbox 2197 4791 2498 4848; x_wconf 79' lang='lat' dir='ltr'><strong>extractos,</strong></span> <span class='ocrx_word' id='word_1_704' title='bbox 2539 4783 2604 4836; x_wconf 88' lang='lat' dir='ltr'><strong>ad</strong></span> <span class='ocrx_word' id='word_1_705' title='bbox 2636 4782 2933 4852; x_wconf 85' lang='lat' dir='ltr'><strong>agnitionis</strong></span> <span class='ocrx_word' id='word_1_706' title='bbox 2988 4781 3079 4834; x_wconf 89' lang='lat' dir='ltr'><strong>Dei</strong></span> <span class='ocrx_word' id='word_1_707' title='bbox 3117 4782 3295 4834; x_wconf 90' lang='lat' dir='ltr'><strong>lumen</strong></span> <span class='ocrx_word' id='word_1_708' title='bbox 3334 4796 3527 4850; x_wconf 83' lang='lat' dir='ltr'><strong>prove-</strong></span> 
     </span>
    </p>
   </div>
   <div class='ocr_carea' id='block_1_96' title="bbox 1945 4873 3508 4946">
    <p class='ocr_par' dir='ltr' id='par_1_96' title="bbox 1945 4873 3508 4946">
     <span class='ocr_line' id='line_1_96' title="bbox 1945 4873 3508 4946; baseline -0.002 -15"><span class='ocrx_word' id='word_1_709' title='bbox 1945 4886 2166 4931; x_wconf 86' lang='lat' dir='ltr'><strong>xerunt.</strong></span> <span class='ocrx_word' id='word_1_710' title='bbox 2212 4875 2415 4930; x_wconf 89' lang='lat' dir='ltr'><strong>Eodem</strong></span> <span class='ocrx_word' id='word_1_711' title='bbox 2463 4889 2680 4946; x_wconf 88' lang='lat' dir='ltr'><strong>quoque</strong></span> <span class='ocrx_word' id='word_1_712' title='bbox 2733 4875 2894 4929; x_wconf 88' lang='lat' dir='ltr'><strong>modo</strong></span> <span class='ocrx_word' id='word_1_713' title='bbox 2920 4875 3134 4928; x_wconf 85' lang='lat' dir='ltr'><strong>illorqu</strong></span> <span class='ocrx_word' id='word_1_714' title='bbox 3172 4883 3284 4927; x_wconf 88' lang='lat' dir='ltr'><strong>tum</strong></span> <span class='ocrx_word' id='word_1_715' title='bbox 3319 4873 3508 4944; x_wconf 69' lang='lat' dir='ltr'><strong>gratia:</strong></span> 
     </span>
    </p>
   </div>
   <div class='ocr_carea' id='block_1_97' title="bbox 2352 5003 2805 5069">
    <p class='ocr_par' dir='ltr' id='par_1_97' title="bbox 2352 5003 2805 5069">
     <span class='ocr_line' id='line_1_97' title="bbox 2352 5003 2805 5069; baseline 0.007 -12"><span class='ocrx_word' id='word_1_716' title='bbox 2352 5003 2394 5035; x_wconf 79' lang='grc'><strong>³³</strong></span> <span class='ocrx_word' id='word_1_717' title='bbox 2425 5003 2571 5059; x_wconf 86' lang='lat' dir='ltr'><strong>Psal.</strong></span> <span class='ocrx_word' id='word_1_718' title='bbox 2603 5020 2719 5069; x_wconf 77' lang='lat' dir='ltr'><strong>xui,</strong></span> <span class='ocrx_word' id='word_1_719' title='bbox 2755 5004 2805 5060; x_wconf 79' lang='lat' dir='ltr'><strong>i.</strong></span> 
     </span>
    </p>
   </div>
   <div class='ocr_carea' id='block_1_98' title="bbox 1563 5142 2235 5203">
    <p class='ocr_par' dir='ltr' id='par_1_98' title="bbox 1563 5142 2235 5203">
     <span class='ocr_line' id='line_1_98' title="bbox 1563 5142 2235 5203; baseline -0.003 0"><span class='ocrx_word' id='word_1_720' title='bbox 1563 5147 1796 5203; x_wconf 72' lang='lat' dir='ltr'><strong>VAle</strong></span> <span class='ocrx_word' id='word_1_721' title='bbox 1831 5142 2235 5202; x_wconf 84' lang='lat' dir='ltr'><strong>LECTIONES.</strong></span> 
     </span>
    </p>
   </div>
   <div class='ocr_carea' id='block_1_99' title="bbox 322 5238 3239 5313">
    <p class='ocr_par' dir='ltr' id='par_1_99' title="bbox 322 5238 3239 5313">
     <span class='ocr_line' id='line_1_99' title="bbox 322 5238 3239 5313; baseline -0.002 -16"><span class='ocrx_word' id='word_1_722' title='bbox 322 5243 352 5286; x_wconf 76' lang='grc' dir='ltr'>ιι</span> <span class='ocrx_word' id='word_1_723' title='bbox 379 5241 521 5297; x_wconf 85' lang='lat' dir='ltr'><strong>Edit.</strong></span> <span class='ocrx_word' id='word_1_724' title='bbox 561 5252 616 5299; x_wconf 92' lang='lat' dir='ltr'><strong>et</strong></span> <span class='ocrx_word' id='word_1_725' title='bbox 653 5243 810 5297; x_wconf 92' lang='lat' dir='ltr'><strong>multi</strong></span> <span class='ocrx_word' id='word_1_726' title='bbox 850 5244 972 5298; x_wconf 90' lang='lat' dir='ltr'><strong>cod.</strong></span> <span class='ocrx_word' id='word_1_727' title='bbox 1002 5243 1153 5309; x_wconf 73' lang='lat' dir='ltr'><strong>Regii</strong></span> <span class='ocrx_word' id='word_1_728' title='bbox 1182 5246 1422 5313; x_wconf 83' lang='grc' dir='ltr'>ἀγνοίας,</span> <span class='ocrx_word' id='word_1_729' title='bbox 1458 5254 1510 5300; x_wconf 90' lang='lat' dir='ltr'><strong>et</strong></span> <span class='ocrx_word' id='word_1_730' title='bbox 1537 5248 1721 5300; x_wconf 86' lang='lat' dir='ltr'><strong>statim</strong></span> <span class='ocrx_word' id='word_1_731' title='bbox 1755 5246 1808 5298; x_wconf 91' lang='lat' dir='ltr'><strong>in</strong></span> <span class='ocrx_word' id='word_1_732' title='bbox 1834 5245 1997 5300; x_wconf 87' lang='lat' dir='ltr'><strong>editis</strong></span> <span class='ocrx_word' id='word_1_733' title='bbox 2026 5251 2082 5298; x_wconf 89' lang='lat' dir='ltr'><strong>et</strong></span> <span class='ocrx_word' id='word_1_734' title='bbox 2112 5240 2397 5296; x_wconf 89' lang='lat' dir='ltr'><strong>nonnullis</strong></span> <span class='ocrx_word' id='word_1_735' title='bbox 2436 5238 2623 5311; x_wconf 84' lang='lat' dir='ltr'><strong>Regiis</strong></span> <span class='ocrx_word' id='word_1_736' title='bbox 2651 5240 2833 5295; x_wconf 89' lang='lat' dir='ltr'><strong>codic.</strong></span> <span class='ocrx_word' id='word_1_737' title='bbox 2874 5239 3097 5309; x_wconf 82' lang='grc' dir='ltr'>ἀνῆγον.</span> <span class='ocrx_word' id='word_1_738' title='bbox 3152 5240 3239 5291; x_wconf 85' lang='lat' dir='ltr'><strong>At.</strong></span> 
     </span>
    </p>
   </div>
   <div class='ocr_carea' id='block_1_100' title="bbox 1731 5357 1963 5412">
    <p class='ocr_par' dir='ltr' id='par_1_100' title="bbox 1731 5357 1963 5412">
     <span class='ocr_line' id='line_1_100' title="bbox 1731 5357 1963 5412; baseline 0.004 -1"><span class='ocrx_word' id='word_1_739' title='bbox 1731 5357 1963 5412; x_wconf 66' lang='lat' dir='ltr'><strong>NOTAE.</strong></span> 
     </span>
    </p>
   </div>
   <div class='ocr_carea' id='block_1_101' title="bbox 324 5446 1829 5519">
    <p class='ocr_par' dir='ltr' id='par_1_101' title="bbox 324 5446 1829 5519">
     <span class='ocr_line' id='line_1_101' title="bbox 324 5446 1829 5519; baseline 0.001 -19"><span class='ocrx_word' id='word_1_740' title='bbox 324 5446 402 5516; x_wconf 74' lang='lat'><strong>(2)</strong></span> <span class='ocrx_word' id='word_1_741' title='bbox 452 5448 547 5514; x_wconf 86' lang='grc' dir='ltr'>Ὡς</span> <span class='ocrx_word' id='word_1_742' title='bbox 579 5448 689 5517; x_wconf 76' lang='grc' dir='ltr'>γὰρ</span> <span class='ocrx_word' id='word_1_743' title='bbox 713 5450 961 5519; x_wconf 60' lang='grc' dir='ltr'>ἔφημεν.</span> <span class='ocrx_word' id='word_1_744' title='bbox 995 5450 1060 5503; x_wconf 84' lang='lat' dir='ltr'><strong>Ut</strong></span> <span class='ocrx_word' id='word_1_745' title='bbox 1088 5452 1225 5504; x_wconf 88' lang='lat' dir='ltr'><strong>enim</strong></span> <span class='ocrx_word' id='word_1_746' title='bbox 1250 5450 1504 5502; x_wconf 70' lang='lat' dir='ltr'><strong>diximus.</strong></span> <span class='ocrx_word' id='word_1_747' title='bbox 1541 5448 1653 5504; x_wconf 82' lang='lat' dir='ltr'><strong>lloc</strong></span> <span class='ocrx_word' id='word_1_748' title='bbox 1674 5449 1829 5519; x_wconf 73' lang='lat' dir='ltr'><strong>dixe-</strong></span> 
     </span>
    </p>
   </div>
   <div class='ocr_carea' id='block_1_102' title="bbox 243 5518 1828 5588">
    <p class='ocr_par' dir='ltr' id='par_1_102' title="bbox 243 5518 1828 5588">
     <span class='ocr_line' id='line_1_102' title="bbox 243 5518 1828 5588; baseline -0.001 -15"><span class='ocrx_word' id='word_1_749' title='bbox 243 5527 340 5573; x_wconf 83' lang='lat' dir='ltr'><strong>rat</strong></span> <span class='ocrx_word' id='word_1_750' title='bbox 391 5532 510 5584; x_wconf 80' lang='lat' dir='ltr'><strong>Cap.</strong></span> <span class='ocrx_word' id='word_1_751' title='bbox 564 5519 788 5588; x_wconf 66' lang='lat' dir='ltr'><strong>Lquod</strong></span> <span class='ocrx_word' id='word_1_752' title='bbox 831 5518 887 5574; x_wconf 87' lang='lat' dir='ltr'><strong>in</strong></span> <span class='ocrx_word' id='word_1_753' title='bbox 932 5533 1164 5587; x_wconf 84' lang='lat' dir='ltr'><strong>utroque</strong></span> <span class='ocrx_word' id='word_1_754' title='bbox 1214 5521 1334 5574; x_wconf 77' lang='lat' dir='ltr'><strong>loco</strong></span> <span class='ocrx_word' id='word_1_755' title='bbox 1370 5536 1476 5573; x_wconf 87' lang='lat' dir='ltr'><strong>non</strong></span> <span class='ocrx_word' id='word_1_756' title='bbox 1529 5521 1600 5572; x_wconf 84' lang='lat' dir='ltr'><strong>ita</strong></span> <span class='ocrx_word' id='word_1_757' title='bbox 1663 5518 1828 5571; x_wconf 63' lang='lat' dir='ltr'><strong>fuerit</strong></span> 
     </span>
    </p>
   </div>
   <div class='ocr_carea' id='block_1_103' title="bbox 247 5588 1822 5658">
    <p class='ocr_par' dir='ltr' id='par_1_103' title="bbox 247 5588 1822 5658">
     <span class='ocr_line' id='line_1_103' title="bbox 247 5588 1822 5658; baseline -0.003 -15"><span class='ocrx_word' id='word_1_758' title='bbox 247 5588 691 5655; x_wconf 75' lang='lat' dir='ltr'><strong>intelligendum,</strong></span> <span class='ocrx_word' id='word_1_759' title='bbox 723 5600 783 5644; x_wconf 90' lang='lat' dir='ltr'><strong>ut</strong></span> <span class='ocrx_word' id='word_1_760' title='bbox 816 5593 1102 5658; x_wconf 74' lang='lat' dir='ltr'><strong>congenita</strong></span> <span class='ocrx_word' id='word_1_761' title='bbox 1134 5593 1293 5643; x_wconf 81' lang='lat' dir='ltr'><strong>nobis</strong></span> <span class='ocrx_word' id='word_1_762' title='bbox 1328 5590 1397 5642; x_wconf 80' lang='lat' dir='ltr'><strong>sit</strong></span> <span class='ocrx_word' id='word_1_763' title='bbox 1421 5590 1660 5656; x_wconf 81' lang='lat' dir='ltr'><strong>cognitio</strong></span> <span class='ocrx_word' id='word_1_764' title='bbox 1689 5589 1777 5641; x_wconf 74' lang='lat' dir='ltr'><strong>Dei</strong></span> <span class='ocrx_word' id='word_1_765' title='bbox 1810 5606 1822 5639; x_wconf 92' lang='lat'><strong>:</strong></span> 
     </span>
    </p>
   </div>
   <div class='ocr_carea' id='block_1_104' title="bbox 244 5659 1825 5726">
    <p class='ocr_par' dir='ltr' id='par_1_104' title="bbox 244 5659 1825 5726">
     <span class='ocr_line' id='line_1_104' title="bbox 244 5659 1825 5726; baseline -0.004 -11"><span class='ocrx_word' id='word_1_766' title='bbox 244 5659 348 5715; x_wconf 86' lang='lat' dir='ltr'><strong>sed</strong></span> <span class='ocrx_word' id='word_1_767' title='bbox 383 5669 441 5710; x_wconf 94' lang='lat' dir='ltr'><strong>ut</strong></span> <span class='ocrx_word' id='word_1_768' title='bbox 472 5661 707 5712; x_wconf 86' lang='lat' dir='ltr'><strong>humana</strong></span> <span class='ocrx_word' id='word_1_769' title='bbox 738 5677 891 5715; x_wconf 82' lang='lat' dir='ltr'><strong>meus</strong></span> <span class='ocrx_word' id='word_1_770' title='bbox 917 5678 981 5714; x_wconf 82' lang='lat' dir='ltr'><strong>ex</strong></span> <span class='ocrx_word' id='word_1_771' title='bbox 1017 5662 1254 5714; x_wconf 70' lang='lat' dir='ltr'><strong>universi</strong></span> <span class='ocrx_word' id='word_1_772' title='bbox 1289 5661 1451 5725; x_wconf 87' lang='lat' dir='ltr'><strong>hujus</strong></span> <span class='ocrx_word' id='word_1_773' title='bbox 1484 5660 1825 5726; x_wconf 65' lang='lat' dir='ltr'><strong>inspectione</strong></span> 
     </span>
    </p>
   </div>
   <div class='ocr_carea' id='block_1_105' title="bbox 244 5728 1824 5792">
    <p class='ocr_par' dir='ltr' id='par_1_105' title="bbox 244 5728 1824 5792">
     <span class='ocr_line' id='line_1_105' title="bbox 244 5728 1824 5792; baseline -0.001 -11"><span class='ocrx_word' id='word_1_774' title='bbox 244 5728 320 5781; x_wconf 78' lang='lat' dir='ltr'><strong>ad</strong></span> <span class='ocrx_word' id='word_1_775' title='bbox 354 5728 596 5781; x_wconf 76' lang='lat' dir='ltr'><strong>auctoris</strong></span> <span class='ocrx_word' id='word_1_776' title='bbox 656 5731 901 5783; x_wconf 76' lang='lat' dir='ltr'><strong>notitiam</strong></span> <span class='ocrx_word' id='word_1_777' title='bbox 926 5731 993 5783; x_wconf 85' lang='lat' dir='ltr'><strong>de</strong></span> <span class='ocrx_word' id='word_1_778' title='bbox 1036 5730 1179 5784; x_wconf 75' lang='lat' dir='ltr'><strong>facili</strong></span> <span class='ocrx_word' id='word_1_779' title='bbox 1212 5730 1481 5783; x_wconf 71' lang='lat' dir='ltr'><strong>deveniat.</strong></span> <span class='ocrx_word' id='word_1_780' title='bbox 1521 5728 1661 5780; x_wconf 59' lang='lat' dir='ltr'><strong>Nam</strong></span> <span class='ocrx_word' id='word_1_781' title='bbox 1688 5731 1824 5792; x_wconf 78' lang='lat' dir='ltr'><strong>quod</strong></span> 
     </span>
    </p>
   </div>
   <div class='ocr_carea' id='block_1_106' title="bbox 248 5798 1822 5866">
    <p class='ocr_par' dir='ltr' id='par_1_106' title="bbox 248 5798 1822 5866">
     <span class='ocr_line' id='line_1_106' title="bbox 248 5798 1822 5866; baseline 0 -16"><span class='ocrx_word' id='word_1_782' title='bbox 248 5798 395 5850; x_wconf 75' lang='lat' dir='ltr'><strong>Deus</strong></span> <span class='ocrx_word' id='word_1_783' title='bbox 458 5798 523 5849; x_wconf 72' lang='lat' dir='ltr'><strong>ait</strong></span> <span class='ocrx_word' id='word_1_784' title='bbox 552 5838 566 5858; x_wconf 94' lang='lat'><strong>,</strong></span> <span class='ocrx_word' id='word_1_785' title='bbox 600 5800 675 5851; x_wconf 81' lang='lat' dir='ltr'><strong>uit</strong></span> <span class='ocrx_word' id='word_1_786' title='bbox 725 5800 1037 5866; x_wconf 64' lang='lat' dir='ltr'><strong>Tlicolugus</strong></span> <span class='ocrx_word' id='word_1_787' title='bbox 1067 5843 1079 5863; x_wconf 91' lang='lat'><strong>,</strong></span> <span class='ocrx_word' id='word_1_788' title='bbox 1114 5810 1253 5854; x_wconf 72' lang='lat' dir='ltr'><strong>orat.</strong></span> <span class='ocrx_word' id='word_1_789' title='bbox 1309 5801 1375 5853; x_wconf 67' lang='grc' dir='ltr'><strong>δί</strong></span> <span class='ocrx_word' id='word_1_790' title='bbox 1406 5841 1418 5859; x_wconf 83' lang='grc'><strong>,</strong></span> <span class='ocrx_word' id='word_1_791' title='bbox 1455 5800 1691 5866; x_wconf 72' lang='lat' dir='ltr'><strong>quodque</strong></span> <span class='ocrx_word' id='word_1_792' title='bbox 1755 5801 1822 5850; x_wconf 79' lang='lat' dir='ltr'><strong>sit</strong></span> 
     </span>
    </p>
   </div>
   <div class='ocr_carea' id='block_1_107' title="bbox 245 5874 1825 5939">
    <p class='ocr_par' dir='ltr' id='par_1_107' title="bbox 245 5874 1825 5939">
     <span class='ocr_line' id='line_1_107' title="bbox 245 5874 1825 5939; baseline 0.001 -20"><span class='ocrx_word' id='word_1_793' title='bbox 245 5882 418 5920; x_wconf 59' lang='lat' dir='ltr'><strong>musa</strong></span> <span class='ocrx_word' id='word_1_794' title='bbox 450 5882 706 5938; x_wconf 71' lang='lat' dir='ltr'><strong>puncrps,</strong></span> <span class='ocrx_word' id='word_1_795' title='bbox 740 5888 853 5939; x_wconf 76' lang='lat' dir='ltr'><strong>quw</strong></span> <span class='ocrx_word' id='word_1_796' title='bbox 901 5888 977 5924; x_wconf 56' lang='lat' dir='ltr'><strong>res</strong></span> <span class='ocrx_word' id='word_1_797' title='bbox 1009 5888 1182 5924; x_wconf 68' lang='lat' dir='ltr'><strong>omnes</strong></span> <span class='ocrx_word' id='word_1_798' title='bbox 1228 5874 1513 5937; x_wconf 75' lang='lat' dir='ltr'><strong>pruu&#39;curtt</strong></span> <span class='ocrx_word' id='word_1_799' title='bbox 1545 5883 1589 5921; x_wconf 78' lang='lat' dir='ltr'><strong>ct</strong></span> <span class='ocrx_word' id='word_1_800' title='bbox 1623 5887 1825 5923; x_wconf 64' lang='lat' dir='ltr'><strong>conscr-</strong></span> 
     </span>
    </p>
   </div>
   <div class='ocr_carea' id='block_1_108' title="bbox 1927 5445 3518 5515">
    <p class='ocr_par' dir='ltr' id='par_1_108' title="bbox 1927 5445 3518 5515">
     <span class='ocr_line' id='line_1_108' title="bbox 1927 5445 3518 5515; baseline -0.003 -14"><span class='ocrx_word' id='word_1_801' title='bbox 1927 5457 2025 5512; x_wconf 83' lang='lat' dir='ltr'><strong>vet,</strong></span> <span class='ocrx_word' id='word_1_802' title='bbox 2054 5464 2171 5500; x_wconf 89' lang='lat' dir='ltr'><strong>cum</strong></span> <span class='ocrx_word' id='word_1_803' title='bbox 2201 5457 2439 5515; x_wconf 80' lang='lat' dir='ltr'><strong>aspectus</strong></span> <span class='ocrx_word' id='word_1_804' title='bbox 2473 5448 2597 5514; x_wconf 78' lang='lat' dir='ltr'><strong>ipse,</strong></span> <span class='ocrx_word' id='word_1_805' title='bbox 2625 5455 2735 5500; x_wconf 87' lang='lat' dir='ltr'><strong>tum</strong></span> <span class='ocrx_word' id='word_1_806' title='bbox 2765 5449 2849 5502; x_wconf 75' lang='lat' dir='ltr'><strong>lea:</strong></span> <span class='ocrx_word' id='word_1_807' title='bbox 2892 5447 3154 5501; x_wconf 76' lang='lat' dir='ltr'><strong>naturalis</strong></span> <span class='ocrx_word' id='word_1_808' title='bbox 3198 5445 3364 5499; x_wconf 80' lang='lat' dir='ltr'><strong>docet.</strong></span> <span class='ocrx_word' id='word_1_809' title='bbox 3398 5447 3518 5498; x_wconf 78' lang='lat' dir='ltr'><strong>[Inc</strong></span> 
     </span>
    </p>
   </div>
   <div class='ocr_carea' id='block_1_109' title="bbox 1922 5515 3512 5586">
    <p class='ocr_par' dir='ltr' id='par_1_109' title="bbox 1922 5515 3512 5586">
     <span class='ocr_line' id='line_1_109' title="bbox 1922 5515 3512 5586; baseline -0.003 -15"><span class='ocrx_word' id='word_1_810' title='bbox 1922 5520 2060 5571; x_wconf 84' lang='lat' dir='ltr'><strong>enim</strong></span> <span class='ocrx_word' id='word_1_811' title='bbox 2095 5518 2396 5571; x_wconf 85' lang='lat' dir='ltr'><strong>inductione</strong></span> <span class='ocrx_word' id='word_1_812' title='bbox 2432 5533 2611 5569; x_wconf 87' lang='lat' dir='ltr'><strong>eorum</strong></span> <span class='ocrx_word' id='word_1_813' title='bbox 2639 5534 2757 5586; x_wconf 76' lang='lat' dir='ltr'><strong>qua:</strong></span> <span class='ocrx_word' id='word_1_814' title='bbox 2803 5520 2895 5571; x_wconf 81' lang='lat' dir='ltr'><strong>sub</strong></span> <span class='ocrx_word' id='word_1_815' title='bbox 2938 5527 3207 5584; x_wconf 82' lang='lat' dir='ltr'><strong>aspectum</strong></span> <span class='ocrx_word' id='word_1_816' title='bbox 3242 5515 3512 5586; x_wconf 65' lang='lat' dir='ltr'><strong>cuduntur</strong></span> 
     </span>
    </p>
   </div>
   <div class='ocr_carea' id='block_1_110' title="bbox 1926 5585 3512 5655">
    <p class='ocr_par' dir='ltr' id='par_1_110' title="bbox 1926 5585 3512 5655">
     <span class='ocr_line' id='line_1_110' title="bbox 1926 5585 3512 5655; baseline 0 -16"><span class='ocrx_word' id='word_1_817' title='bbox 1926 5601 2065 5639; x_wconf 84' lang='lat' dir='ltr'><strong>recto</strong></span> <span class='ocrx_word' id='word_1_818' title='bbox 2116 5588 2301 5640; x_wconf 83' lang='lat' dir='ltr'><strong>ordine</strong></span> <span class='ocrx_word' id='word_1_819' title='bbox 2350 5585 2703 5653; x_wconf 81' lang='lat' dir='ltr'><strong>disponuntur</strong></span> <span class='ocrx_word' id='word_1_820' title='bbox 2731 5627 2745 5649; x_wconf 93' lang='lat'><strong>,</strong></span> <span class='ocrx_word' id='word_1_821' title='bbox 2775 5599 2961 5639; x_wconf 87' lang='lat' dir='ltr'><strong>auctor</strong></span> <span class='ocrx_word' id='word_1_822' title='bbox 3003 5588 3286 5655; x_wconf 78' lang='lat' dir='ltr'><strong>colligitur.</strong></span> <span class='ocrx_word' id='word_1_823' title='bbox 3340 5585 3512 5639; x_wconf 84' lang='lat' dir='ltr'><strong>Porro</strong></span> 
     </span>
    </p>
   </div>
   <div class='ocr_carea' id='block_1_111' title="bbox 1924 5655 3507 5725">
    <p class='ocr_par' dir='ltr' id='par_1_111' title="bbox 1924 5655 3507 5725">
     <span class='ocr_line' id='line_1_111' title="bbox 1924 5655 3507 5725; baseline 0.001 -18"><span class='ocrx_word' id='word_1_824' title='bbox 1924 5659 2096 5723; x_wconf 82' lang='lat' dir='ltr'><strong>prima</strong></span> <span class='ocrx_word' id='word_1_825' title='bbox 2131 5658 2222 5710; x_wconf 88' lang='lat' dir='ltr'><strong>illa</strong></span> <span class='ocrx_word' id='word_1_826' title='bbox 2258 5658 2608 5711; x_wconf 83' lang='lat' dir='ltr'><strong>ratiocinatio</strong></span> <span class='ocrx_word' id='word_1_827' title='bbox 2648 5672 2753 5725; x_wconf 85' lang='lat' dir='ltr'><strong>qua</strong></span> <span class='ocrx_word' id='word_1_828' title='bbox 2804 5658 3003 5711; x_wconf 80' lang='lat' dir='ltr'><strong>Noster</strong></span> <span class='ocrx_word' id='word_1_829' title='bbox 3035 5657 3199 5709; x_wconf 82' lang='lat' dir='ltr'><strong>Deum</strong></span> <span class='ocrx_word' id='word_1_830' title='bbox 3238 5655 3507 5709; x_wconf 62' lang='lat' dir='ltr'><strong>exsistere</strong></span> 
     </span>
    </p>
   </div>
   <div class='ocr_carea' id='block_1_112' title="bbox 1921 5727 3501 5793">
    <p class='ocr_par' dir='ltr' id='par_1_112' title="bbox 1921 5727 3501 5793">
     <span class='ocr_line' id='line_1_112' title="bbox 1921 5727 3501 5793; baseline -0.001 -14"><span class='ocrx_word' id='word_1_831' title='bbox 1921 5729 2286 5789; x_wconf 75' lang='lat' dir='ltr'><strong>deinuustrat,</strong></span> <span class='ocrx_word' id='word_1_832' title='bbox 2323 5727 2637 5781; x_wconf 81' lang='lat' dir='ltr'><strong>lirmissima</strong></span> <span class='ocrx_word' id='word_1_833' title='bbox 2686 5736 2739 5780; x_wconf 88' lang='lat' dir='ltr'><strong>ct</strong></span> <span class='ocrx_word' id='word_1_834' title='bbox 2799 5728 3227 5793; x_wconf 77' lang='lat' dir='ltr'><strong>explicatissima</strong></span> <span class='ocrx_word' id='word_1_835' title='bbox 3259 5732 3365 5789; x_wconf 88' lang='lat' dir='ltr'><strong>est,</strong></span> <span class='ocrx_word' id='word_1_836' title='bbox 3394 5738 3501 5790; x_wconf 74' lang='lat' dir='ltr'><strong>qua</strong></span> 
     </span>
    </p>
   </div>
   <div class='ocr_carea' id='block_1_113' title="bbox 1922 5794 3499 5866">
    <p class='ocr_par' dir='ltr' id='par_1_113' title="bbox 1922 5794 3499 5866">
     <span class='ocr_line' id='line_1_113' title="bbox 1922 5794 3499 5866; baseline -0.001 -19"><span class='ocrx_word' id='word_1_837' title='bbox 1922 5811 2030 5849; x_wconf 77' lang='lat' dir='ltr'><strong>tres</strong></span> <span class='ocrx_word' id='word_1_838' title='bbox 2065 5800 2274 5860; x_wconf 77' lang='lat' dir='ltr'><strong>priores</strong></span> <span class='ocrx_word' id='word_1_839' title='bbox 2298 5796 2545 5866; x_wconf 72' lang='lat' dir='ltr'><strong>Angelici</strong></span> <span class='ocrx_word' id='word_1_840' title='bbox 2574 5798 2814 5851; x_wconf 80' lang='lat' dir='ltr'><strong>doctoris</strong></span> <span class='ocrx_word' id='word_1_841' title='bbox 2835 5794 3341 5852; x_wconf 78' lang='lat' dir='ltr'><strong>demonstrationes</strong></span> <span class='ocrx_word' id='word_1_842' title='bbox 3362 5808 3499 5850; x_wconf 85' lang='lat' dir='ltr'><strong>ccu-</strong></span> 
     </span>
    </p>
   </div>
   <div class='ocr_carea' id='block_1_114' title="bbox 1920 5876 2185 5922">
    <p class='ocr_par' dir='ltr' id='par_1_114' title="bbox 1920 5876 2185 5922">
     <span class='ocr_line' id='line_1_114' title="bbox 1920 5876 2185 5922; baseline 0 -3"><span class='ocrx_word' id='word_1_843' title='bbox 1920 5876 2185 5922; x_wconf 71' lang='grc' dir='ltr'>ειιιυιιιυτ.</span> 
     </span>
    </p>
   </div>
  </div>
