4198 6492
750 386 863 451 799
1913 377 1971 436 S.
2007 378 2325 443 JQANNIS
2368 378 2802 446 DAMASCENI
3869 373 3976 437 800

750 487 956 557 Ecquis
983 486 1157 554 igitur
1175 481 1223 537 ei
1252 491 1463 538 motum
1493 480 1985 550 aliert?Quidquid
2018 484 2163 534 enim
2194 498 2310 535 mo—
2341 494 2375 540 Α

2417 484 2832 553 καταντήσωμεν
2866 486 2944 545 εἴς
2994 501 3044 536 τι
3086 483 3360 554 ἀκίνητον,
3388 484 3461 539 Τδ
3495 484 3602 556 γὰρ
3624 482 3839 553 πρῶτον
3887 497 3977 533 κι-

754 588 930 639 vetur,
991 576 1061 628 ab
1119 573 1227 626 alio
1275 574 1482 627 moveri
1542 587 1769 627 necesse
1825 579 1931 625 est.
1981 572 2025 624 A
2069 586 2311 641 quonam

2417 570 2555 634 νοῦν,
2589 574 2845 642 ἀκίνητον
2869 614 2885 637 ,
2908 576 3044 644 ὅπερ
3076 576 3192 628 ἐστὶ
3231 574 3293 628 τὸ
3338 576 3513 631 Θεῖον.
3546 574 3666 636 Πῶς
3701 574 3758 626 δὲ
3786 572 3890 625 οὐκ
3920 571 3980 622 ὲν

752 665 882 717 item
919 661 1055 715 illud
1086 662 1389 745 movetur?
1436 662 1614 728 Atque
1654 659 1730 712 ita
1768 659 1827 712 in
1875 656 2152 711 inﬁnitum
2185 672 2315 725 pro-

2417 661 2562 729 τόπῳ
2600 661 2973 731 περιγραπτον
2994 703 3010 728 ,
3042 665 3104 717 τδ
3148 665 3465 734 κινούμενον
3498 682 3513 729 ;
3545 664 3721 718 Μόνον
3775 657 3874 714 οὖν
3917 658 3981 709 τὸ

751 750 1006 821 grediar,
1047 765 1336 819 quousque
1371 752 1436 803 ad
1487 749 1706 818 aliquod
1756 747 1979 801 tandem
2028 747 2313 817 pervenia-

2417 748 2564 801 Θεῖον
2623 750 2881 822 ἀκίνητον
2906 790 2921 816 ,
2953 754 3022 805 δι’
3072 753 3355 822 ἀκινησίας
3408 753 3479 805 τὰ
3529 752 3706 805 πάντα
3772 745 3982 802 κινοῦν.

752 858 876 896 unus
906 842 1056 911 quod
1104 841 1252 895 omni
1297 850 1444 893 motu
1478 846 1684 893 careat.
1732 838 1867 891 Nam
1911 838 2148 905 primum
2199 851 2314 890 mo-

2424 837 2738 908 Ἀσὼματον
2768 842 2945 899 τοίνυν
2980 843 3316 910 ὑποληπτέον
3346 843 3408 896 τδ
3426 842 3602 895 Θεῖον.

750 947 887 985 vens
924 931 1145 984 aliunde
1174 944 1280 981 non
1331 938 1616 983 movetur:
1669 936 1721 981 ct
1771 929 1872 979 hoc
1922 927 2146 995 quidem
2176 925 2317 980 Deus
2356 937 2460 982 est.
2488 928 2609 985 lluc
2654 931 2893 995 accedit,
2925 934 3070 1001 quod
3112 935 3233 989 loco
3314 922 3698 989 circumscribi
3764 934 3987 997 oportet

754 1023 888 1076 illud
920 1024 1060 1091 quod
1094 1028 1345 1074 movetur
1374 1039 1386 1072 :
1425 1036 1489 1074 ac
1542 1020 1773 1089 proinde
1822 1019 1977 1073 solus
2036 1018 2177 1072 Deus
2239 1027 2389 1074 motu
2429 1032 2601 1087 caret,
2635 1038 2735 1079 sua
2762 1024 3155 1082 immobililate
3187 1026 3371 1082 omnia
3403 1040 3627 1080 movens
3656 1025 3727 1071 ’³.
3751 1023 3829 1076 Ex
3862 1021 3987 1089 qui-

754 1116 858 1169 bus
887 1114 1137 1171 edicitur,
1172 1119 1231 1165 ut
1283 1112 1424 1165 Deus
1463 1113 1823 1178 incorporeus
1855 1110 2187 1164 statuendus
2217 1109 2310 1162 sit.

826 1203 1197 1269 Incorporeum
1225 1202 1449 1255 essentia
1482 1200 1578 1253 Dei
1605 1216 1705 1253 non
1742 1210 1843 1254 est.
1872 1228 1943 1238 -——
1968 1199 2108 1253 Deus
2136 1199 2313 1267 aptius

754 1293 1030 1362 negatione
1060 1292 1367 1345 declaratur
1410 1307 1566 1359 quam
1602 1291 1878 1358 positione.
1903 1319 1968 1330 —
1997 1290 2065 1342 At
2110 1304 2177 1342 ne
2212 1291 2314 1341 hoc

756 1380 981 1451 quidem
1037 1382 1333 1435 essentiam
1379 1380 1499 1447 ejus
1531 1379 1776 1432 declarat
1807 1397 1818 1431 :
1852 1377 2314 1445 quemadmodum

755 1485 860 1525 nec
894 1485 1018 1523 cum
1070 1470 1399 1538 ingenitum,
1449 1469 1818 1538 principiique
1879 1483 1944 1521 ac
1997 1466 2317 1531 mutationis

754 1569 811 1615 et
842 1560 1219 1627 corruptionis
1268 1565 1549 1626 expertem
1589 1573 1713 1610 eum
1745 1557 1982 1610 dicimus
2016 1566 2070 1609 et
2120 1563 2319 1608 uetera

757 1665 878 1718 qua:
906 1650 971 1703 de
1005 1649 1135 1712 Deo,
1191 1648 1274 1701 vel
1332 1647 1481 1700 circa
1543 1647 1724 1715 ipsum
1782 1660 1904 1699 esse
1958 1646 2220 1699 dicuntur
2249 1645 2315 1697 ".

760 1742 883 1795 llmc
911 1739 1055 1793 enini
1086 1754 1192 1791 non
1228 1737 1358 1806 quid
1391 1737 1483 1800 sit,
1520 1736 1614 1791 sed
1646 1735 1773 1804 quid
1806 1748 1914 1788 non
1943 1736 2017 1789 sit
2046 1735 2315 1788 indicant.
2352 1718 2391 1772 Β

757 1826 920 1896 Atqui
954 1834 1167 1894 oportet
1209 1840 1356 1889 cum,
1397 1823 1490 1892 qui
1535 1822 1615 1876 rei
1665 1820 1902 1889 alicujus
1942 1829 2195 1875 naturam
2225 1835 2317 1873 ex-

758 1931 962 1987 periere
994 1917 1048 1968 in
1089 1916 1271 1969 animo
1323 1915 1508 1978 habet,
1550 1913 1679 1983 quid
1728 1927 1791 1966 ea
1833 1912 1905 1964 sit
1958 1911 2164 1974 dicere,
2209 1925 2316 1963 non

756 2005 891 2075 quid
922 2020 1028 2059 non
1062 2006 1155 2061 sit.
1197 2005 1267 2059 De
1291 2004 1401 2059 Dco
1434 2011 1613 2058 autem
1646 2002 1984 2072 impossibile
2016 2010 2125 2065 est,
2158 1999 2320 2068 quid-

757 2110 887 2151 nam
955 2096 1200 2151 essentia
1236 2112 1334 2151 sua
1371 2110 1434 2150 ac
1491 2103 1686 2149 natura
1725 2094 1796 2147 sit
1840 2092 2131 2147 enuntiare
2164 2108 2177 2143 :
2210 2107 2314 2159 ap-

757 2186 980 2254 tiusque
1015 2193 1101 2240 est
1152 2201 1217 2240 ex
1266 2186 1509 2241 omnium
1568 2186 1874 2238 remotione
1929 2192 1985 2237 et
2036 2183 2323 2253 negatione

757 2290 1069 2330 sermonem
1119 2277 1187 2331 de
1232 2290 1297 2331 eo
1343 2275 1620 2331 facere“.
1683 2272 1868 2343 Neque
1926 2274 2070 2327 enim
2112 2272 2321 2340 aliquid

755 2372 1061 2437 esteorum
1113 2382 1236 2437 qua:
1288 2377 1421 2422 sunt
1465 2384 1480 2421 :
1537 2366 1645 2420 non
1677 2375 1737 2419 ut
1780 2365 2094 2418 nullatenus
2128 2364 2202 2418 sit
2237 2365 2318 2428 '5;

2502 1194 2643 1247 Ἀλλ’
2676 1196 2795 1249 οὐδὲ
2827 1196 2987 1249 τοῦτο
3015 1199 3114 1267 τῆς
3162 1199 3347 1264 οὐσίας
3376 1199 3541 1253 αὐτοῦ
3578 1202 3989 1270 παραστατικόν

2421 1285 2587 1348 ἐστιν,
2622 1284 2809 1357 ὥσπερ
2845 1287 2964 1339 οὐδὲ
2994 1286 3057 1338 τὸ
3099 1288 3394 1356 ἀγέννητον
3420 1330 3435 1352 ,
3468 1291 3561 1342 καὶ
3604 1290 3663 1343 τὸ
3709 1292 3984 1361 ἄναρχον,

2424 1376 2519 1427 καὶ
2550 1376 2611 1427 τὸ
2640 1376 3013 1443 ἀναλλοίωτον,
3041 1380 3136 1432 καὶ
3166 1380 3226 1432 τὸ
3250 1366 3560 1450 ἄφθαρτον,
3587 1383 3679 1433 καὶ
3711 1383 3812 1435 ὅσα
3854 1383 3989 1453 περὶ

2422 1466 2576 1531 Θεοῦ,
2608 1467 2641 1535 ἢ
2684 1467 2812 1536 περὶ
2860 1468 2990 1520 Θεὸν
3021 1465 3162 1522 εἶναι
3209 1470 3428 1537 λέγεται
3447 1488 3461 1502 ’
3484 1457 3658 1525 ταῦτα
3673 1473 3779 1542 γὰρ
3808 1475 3871 1526 οὐ
3902 1489 3986 1537 το,

2422 1556 2480 1607 τί
2511 1557 2647 1617 ἐστι,
2673 1559 2944 1627 σημαίνει.
2976 1560 3111 1613 ἀλλὰ
3143 1560 3221 1626 τὸ,
3246 1561 3313 1613 τι·
3340 1562 3441 1614 οὐκ
3482 1561 3620 1616 ἔστι.
3651 1563 3770 1634 Χρὴ
3803 1563 3860 1616 δὲ
3896 1564 3990 1621 τὸν

2427 1644 2748 1715 βουλόμενον
2775 1650 2872 1716 τήν
2897 1666 3040 1712 τινος
3070 1649 3256 1703 οὐσίαν
3289 1652 3483 1715 εἰπεῖν,
3510 1653 3561 1704 τί
3588 1653 3723 1715 ἐστι,
3755 1654 3988 1721 φράσαι,

2420 1735 2482 1787 οὐ
2514 1736 2592 1798 τὸ,
2625 1737 2796 1790 τιούκ
2828 1738 2942 1791 ἔστι
2967 1756 2980 1770 ·
3014 1741 3164 1809 ὅμως
3191 1742 3285 1793 ἐπὶ
3324 1740 3483 1806 Θεοῦ,
3514 1741 3568 1793 τί
3604 1744 3773 1805 ἐστιν,
3809 1744 3991 1795 εἰπεῖν

2423 1824 2683 1878 ἀδύνατον
2732 1828 2855 1879 κατ’
2907 1828 3093 1883 οὐσίαν
3128 1846 3144 1861 ο
3175 1831 3503 1901 οἰκειότερον
3550 1831 3608 1883 δὲ
3664 1831 3861 1900 μᾶλλον
3923 1833 3991 1885 ἐκ

2422 1918 2519 1985 τῆς
2541 1918 2795 1969 ἁπάντων
2821 1918 3162 1989 ἀφαιρέσεως
3192 1921 3466 1974 ποιεῖσθαι
3491 1921 3581 1974 τὸν
3611 1921 3787 1989 λόγον.
3816 1921 3993 1975 Οὐδὲν

2422 2006 2531 2075 γὰρ
2563 2006 2671 2059 τῶν
2707 2007 2873 2061 ὄντων
2899 2010 3075 2062 ἐστίν·
3101 2011 3196 2079 οὐχ
3223 2011 3298 2074 ὡς
3353 2012 3429 2082 μὴ
3475 2013 3569 2076 ὣν,
3598 2012 3714 2066 ἀλλ’
3745 2012 3822 2075 ὡς
3844 2012 3991 2082 ὑπὲρ

2425 2096 2601 2149 πάντα
2632 2098 2698 2150 τὰ
2722 2098 2872 2161 ὄντα,
2910 2100 3004 2151 καὶ
3053 2099 3194 2171 ὑπὲρ
3225 2101 3358 2155 αὐτὸ
3375 2102 3436 2155 τὸ
3466 2096 3608 2155 εἶναι
3650 2100 3745 2156 ὢν.
3782 2102 3847 2154 Ei
3879 2102 3991 2173 γὰρ

2428 2186 2537 2238 τῶν
2578 2186 2751 2240 ὅντων
2788 2189 2882 2241 καὶ
2929 2188 3177 2256 γνώσεις,
3214 2190 3277 2244 τὸ
3304 2192 3445 2262 ὑπὲρ
3493 2192 3694 2259 γνῶσιν
3723 2234 3737 2258 ,
3770 2192 3994 2255 πάντως

2429 2275 2522 2326 καὶ
2556 2274 2694 2344 ὑπὲρ
2742 2275 2930 2329 οὐσίαν
2983 2276 3162 2331 ἔσται·
3188 2280 3282 2332 καὶ
3335 2280 3399 2334 τὸ
3439 2281 3705 2338 ἀνάπαλιν
3752 2283 3817 2335 τὸ
3848 2282 3994 2352 ὑπὲρ

2376 2405 2383 2419 .
2425 2362 2634 2430 οὐσίαν,
2665 2366 2759 2417 καὶ
2787 2366 2986 2433 γνῶσιν
3010 2366 3181 2421 ἔσται.

758 2456 858 2515 sed
912 2436 1044 2529 quia
1110 2436 1273 2528 super
1328 2456 1513 2513 omnia
1564 2471 1685 2527 quia
1742 2463 2100 2524 sunt,\atque
2161 2454 2322 2523 128
2357 2454 2518 2507 etiam
2610 2469 2776 2525 supra
2832 2443 3130 2525 ipsummct
3208 2474 3331 2514 esse
3382 2460 3501 2530 ipse
3546 2462 3635 2517 sit.
3691 2462 3903 2517 Etenim
3946 2446 3997 2515 εἰ

760 2549 1106 2618 cognitiones
1136 2549 1283 2601 circa
1333 2561 1422 2600 res
1466 2560 1587 2614 qua:
1626 2552 1757 2600 sunt
1805 2552 2134 2607 versantur;
2166 2542 2415 2611 profecto
2480 2544 2627 2612 quod
2680 2546 3092 2616 ‘cognitionem'
3152 2560 3397 2620 superat,
3461 2566 3627 2621 supra
3678 2555 3994 2624 essentiam

759 2654 984 2711 quoque
1023 2637 1169 2692 erit:
1220 2636 1576 2705 vicissimque
1611 2636 1759 2705 quod
1808 2643 1892 2691 est
1922 2650 2085 2704 supra
2117 2634 2443 2698 essentiam,
2487 2635 2865 2704 cognitionem
2901 2640 3206 2708 superabit.

830 2727 1139 2794 Aﬂirmatio
1172 2726 1272 2778 vim
1307 2724 1501 2778 habens
1550 2725 1899 2793 prwcellentis
1938 2716 2230 2795 negationis
2267 2724 2323 2775 in

758 2818 892 2874 Deo.
923 2846 991 2855 —
1014 2815 1268 2869 lniinitus
1300 2815 1466 2885 igitur
1495 2824 1578 2869 est
1612 2816 1776 2879 Deus,
1818 2822 1873 2868 et
1903 2814 2321 2883 incomprehen-

759 2908 982 2964 sibilis:
1024 2914 1189 2975 atque
1234 2907 1336 2959 hoc
1379 2922 1546 2959 unum
1588 2914 1689 2969 est,
1732 2906 1880 2974 quod
1915 2905 1983 2959 de
2016 2919 2081 2959 eo
2116 2905 2322 2974 percipi

759 2999 939 3072 possit
969 3009 1021 3054 et
1044 2998 1465 3067 comprehendi.
1511 2997 1868 3067 Quaecunque
1901 3004 2087 3050 autem
2118 2996 2186 3050 de
2215 2995 2325 3049 Deo

760 3105 859 3161 per
887 3089 1305 3153 aliirmationcm
1341 3089 1600 3151 dicimus,
1629 3102 1741 3141 non
1776 3086 1867 3141 Dei
1912 3075 2322 3147 naturam,'scd

760 3194 884 3248 qua:
935 3180 1083 3233 circa
1141 3188 1396 3231 naturam
1456 3179 1605 3232 illius
1651 3186 1801 3238 sunt,
1853 3174 2185 3231 'osteudunt.
2246 3175 2324 3229 Ita

761 3254 890 3323 sive.
917 3269 1156 3333 bonum,
1208 3269 1323 3323 sive
1371 3269 1623 3338 justum,
1674 3270 1789 3323 sive
1829 3270 2135 3337 sapientem
2164 3309 2176 3332 ,
2210 3268 2328 3322 sive

760 3359 1131 3429 quodcunque
1180 3360 1398 3413 tandem
1452 3361 1597 3413 aliud
1653 3360 1881 3423 dixeris,
1936 3364 2045 3412 non
2079 3358 2171 3413 Dei
2227 3373 2325 3411 na-

761 3460 966 3511 turam,
1021 3453 1113 3505 sel
1162 3466 1284 3520 qua:
1336 3452 1483 3505 circa
1554 3460 1808 3505 naturam
1866 3457 2024 3513 sunt,
2072 3450 2324 3518 exponis.

762 3540 903 3617 sunt
942 3556 1107 3610 porro
1137 3542 1405 3594 nonnulla
1453 3556 1574 3609 qua:
1607 3540 1822 3594 tametsi
1868 3554 1965 3609 per
2005 3537 2328 3592 aliirmatio-

765 3648 889 3686 nem
918 3633 985 3685 de
1012 3632 1118 3685 Dee
1152 3633 1431 3695 dicantur,
1463 3630 1832 3699 prazcclleutis
1866 3638 2048 3682 tamen
2081 3628 2329 3697 negatio-

2497 2726 2754 2794 ’Ἄπειρον
2800 2721 2895 2778 οὖν
2939 2727 3001 2780 τὸ
3050 2730 3204 2782 Θεῖον
3257 2731 3350 2783 καὶ
3417 2733 3805 2802 ἀκατάληπτον
3846 2750 3859 2763 ·
3896 2738 3994 2789 καὶ

2420 2813 2577 2866 τοῦτο
2603 2815 2761 2883 μόνον
2794 2816 2957 2869 αὐτοῦ
2982 2819 3351 2888 κατάληπτον,
3372 2824 3648 2893 ήάπειρία
3674 2826 3767 2877 καὶ
3790 2826 3997 2879 ἀκαταο

2420 2901 2608 2981 lviii/la.
2644 2905 2785 2957 Ὅσα
2823 2905 2879 2958 δὲ
2913 2907 3143 2977 λέγομεν
3174 2912 3267 2964 ἐπὶ
3306 2911 3438 2966 Θεοῦ
3475 2915 3865 2982 καταφατικῶς
3890 2956 3906 2980 ,
3931 2919 3997 2971 οὐ

2421 2993 2518 3061 τὴν
2541 2993 2723 3060 φύσιν,
2754 2996 2891 3049 ἀλλὰ
2917 2998 3145 3069 tta-napi.
3193 3003 3291 3072 τὴν
3329 3004 3489 3071 φύσιν
3510 3005 3681 3074 δηλοῖ.
3710 3007 3830 3059 Κᾶν
3858 3008 3996 3073 ἀγα-

2350 3115 2392 3174 C
2426 3083 2536 3149 Οὸν,
2570 3085 2672 3139 κᾶν
2698 3085 2925 3150 δίκαιον,
2968 3090 3074 3142 κᾶν
3104 3092 3285 3160 σοφὸν,
3317 3095 3418 3149 κᾶν
3456 3097 3486 3148 ὅ
3526 3094 3543 3134 ι
3570 3115 3623 3150 τι
3652 3097 3717 3149 ἂν
3757 3097 3889 3151 ἄλλο
3912 3096 3995 3148 εῖ-

2424 3190 2552 3245 πῃς,
2584 3176 2643 3227 οὐ
2680 3175 3044 3245 φύσιν-λέγεις
3069 3180 3225 3243 Θεοῦ,
3254 3182 3389 3237 ἀλλὰ
3415 3184 3489 3237 τὰ
3518 3187 3645 3257 περὶ
3677 3187 3778 3256 τὴν
3809 3186 3995 3255 φύσιν.

2424 3262 2542 3317 Εἰσὶ
2574 3264 2628 3317 δὲ
2683 3268 2775 3319 και
2826 3285 2948 3320 τινα
2980 3272 3366 3339 καταφατικῶς
3386 3273 3659 3343 λεγόμενα
3707 3277 3803 3329 ἐπὶ
3835 3276 3997 3342 Θεοῦ,

2422 3354 2649 3424 δύναμιν
2698 3356 3030 3428 ὑπεροχικῆς
3064 3362 3389 3431 ἀποφάσεως
3418 3364 3646 3434 ἔχοντα·
3684 3364 3817 3428 οἷον,
3859 3369 3989 3419 σιώ⁴

2423 3461 2510 3507 τος
2544 3444 2793 3513 λέγοντες
2839 3447 2930 3499 ἐπὶ
2957 3448 3091 3501 Θεοῦ
3116 3490 3129 3512 ,
3162 3452 3221 3503 οὐ
3257 3453 3445 3516 σκότος
3475 3454 3732 3523 νοοῦμεν,
3767 3454 3884 3508 ἀλλ’
3913 3455 3995 3508 ὅτι

2423 3537 2523 3587 οὐκ
2562 3534 2677 3588 ἔστι
2712 3535 2849 3604 φῶς,
2876 3538 2991 3591 ἀλλ’
3028 3540 3165 3608 ὑπὲρ
3205 3540 3265 3592 τὸ
3297 3542 3410 3609 φῶς
3444 3559 3458 3573 ·
3489 3545 3584 3597 καὶ
3616 3545 3750 3612 φῶς,
3778 3546 3862 3597 ὅτι
3895 3545 3997 3611 οὐκ

2426 3627 2543 3678 ἔστι
2574 3628 2783 3690 σκότος.

767 3725 854 3779 nis
886 3724 992 3776 vim
1037 3724 1261 3787 habent,
1294 3740 1345 3777 ν.
1376 3740 1462 3794 gr.
1500 3740 1622 3778 cum
1654 3723 1722 3777 de
1754 3706 1865 3776 Deo
1904 3721 2071 3775 verba
2114 3720 2407 3787 facientes,
2490 3721 2844 3791 tenebrarum
2913 3738 3099 3777 vocem
3171 3738 3527 3794 usurpamus,
3570 3739 3676 3778 non
3742 3724 4000 3780 tenebras

768 3815 918 3882 ipsas
965 3814 1345 3884 intelligimus,
1403 3814 1496 3868 sed
1557 3813 1701 3883 quod
1760 3813 1852 3865 lux
1909 3827 2019 3865 non
2067 3813 2174 3874 sit,
2231 3827 2423 3865 verum
2466 3812 3004 3889 luce‘prazstantior.
3087 3815 3294 3870 Eodem
3364 3816 3550 3878 modo,
3618 3831 3742 3869 cum
3821 3817 3998 3872 lucem

766 3921 892 3964 eum
944 3908 1202 3973 dicimus,
1260 3909 1367 3963 hoc
1424 3910 1823 3977 signiﬁcamus,
1882 3907 2031 3976 quod
2084 3908 2330 3961 tenebrze
2365 3920 2477 3960 non
2517 3906 2619 3960 sit.

1437 3998 1588 4053 CAP.
1625 3998 1689 4049 V.

817 4088 1209 4143 Demonstratio
1242 4092 1378 4156 quod
1416 4105 1550 4140 unus
1573 4089 1641 4140 sit
1677 4086 1816 4140 Deus
1845 4098 1898 4143 .et
1939 4103 2042 4139 non
2070 4087 2283 4153 plures.

840 4177 1009 4247 igitur
1058 4176 1206 4242 quod
1257 4176 1402 4230 Deus
1452 4176 1558 4237 sit,
1607 4174 1867 4242 quodque
1913 4175 2034 4241 ejus
2087 4174 2331 4228 essentia

772 4266 1159 4334 comprehendi
1197 4276 1458 4335 nequeat,
1493 4266 1709 4321 abunde
1755 4267 2195 4320 demonstratum
2224 4272 2328 4319 est.

772 4359 930 4425 Quod
963 4368 1142 4413 autem
1193 4375 1337 4413 unus
1384 4359 1476 4423 sit,
1533 4369 1586 4412 et
1632 4373 1739 4411 non
1786 4358 1999 4425 plures,
2056 4357 2198 4425 apud
2233 4370 2330 4409 eos

3022 3994 3269 4061 ΚΕΦΑΛ,
3322 3994 3397 4049 E'.

2513 4083 2839 4148 Ἀπόδειξις
2868 4082 2955 4135 ὅτι
2989 4079 3076 4149 εἷς
3102 4084 3231 4137 ἐστι
3256 4084 3401 4149 Θεὸς
3439 4085 3535 4137 καὶ
3579 4088 3652 4139 οὐ
3681 4086 3928 4139 πολλοί.

2502 4173 2625 4225 Ὅτι
2653 4174 2752 4241 μέν
2779 4174 2893 4224 ἐστι
2919 4172 3071 4236 Θεὸς,
3112 4174 3311 4235 ἱκανῶς
3359 4175 3756 4237 ἀποδέδεικται,
3790 4178 3887 4230 καὶ
3918 4179 4001 4231 ὅτι

2429 4262 2809 4331 ἀκατάληᾶττος
2843 4263 3011 4315 αὐτοῦ
3042 4264 3074 4331 ἠ
3106 4265 3281 4319 οὐσία.
3314 4265 3436 4317 Ὀτι
3456 4265 3513 4317 δὲ
3536 4261 3614 4327 εἷς
3642 4269 3755 4318 ἐστι
3783 4268 3919 4331 Θεὸς
3937 4277 3998 4328 ο,

2439 4353 2527 4403 καὶ
2550 4352 2608 4402 οὗ
2645 4350 2847 4411 πολλοὶ,
2878 4352 2989 4412 τοῖς
3015 4350 3113 4420 μὲν
3150 4353 3214 4420 τῇ
3257 4350 3378 4420 θείᾳ
3425 4350 3777 4420 πειθομένοις
3808 4353 4000 4424 Γραφῇ

772 4450 1016 4521 quidem,
1035 4451 1126 4519 qui
1150 4448 1451 4517 Scriptura:
1469 4448 1665 4502 divina:
1686 4441 1842 4502 [idem
1862 4447 2153 4509 adhibent,
2170 4454 2328 4500 extra
2365 4488 2375 4541 Ι

2437 4442 2534 4493 οὐκ
2563 4430 2974 4508 ἀμφιϐάλλεται.
3008 4442 3145 4509 Φησὶ
3176 4440 3284 4509 γὰρ
3311 4443 3339 4493 ὁ
3364 4440 3563 4512 Κύριος
3590 4443 3656 4513 ,ὲν
3688 4445 3754 4511 τῇ
3784 4443 3882 4511 τῆς
3915 4460 4001 4496 νο-

770 4541 1205 4595 eontroversiam
1259 4547 1361 4593 est.
1422 4538 1688 4592 Dominus
1726 4538 1873 4591 enim
1918 4551 2086 4606 quam
2148 4537 2360 4604 legem,

771 4630 961 4687 lsraeli
1000 4633 1160 4694 tulit,
1188 4632 1373 4685 verbis
1414 4632 1477 4685 iis
1504 4630 1828 4698 auspicatur
1876 4647 1893 4683 :
1933 4627 2041 4698 Ego
2071 4626 2329 4680 Dominus

772 4721 935 4784 Deus,
958 4722 1045 4788 qui
1068 4721 1226 4773 eduxi
1246 4730 1294 4773 te
1319 4719 1381 4773 de
1400 4728 1539 4772 terra
1558 4717 1793 4788 ﬁgypti.
1824 4717 1943 4772 Non
1970 4725 2121 4771 erunt
2138 4717 2233 4769 tibi
2253 4717 2329 4769 dii

772 4810 869 4863 alii
897 4818 1088 4877 prwter
1119 4824 1198 4861 me
1227 4809 1297 4861 “.
1334 4807 1395 4859 Et
1424 4824 1623 4862 rursus
1657 4809 1734 4859 ait
1761 4825 1775 4860 :
1802 4806 1964 4873 Audi,
1992 4804 2200 4859 Israel:
2228 4804 2333 4857 Do-

771 4900 948 4953 minus
1002 4898 1135 4951 Deus
1154 4905 1308 4959 ‘tuus,
1350 4896 1484 4950 Deus
1509 4912 1642 4954 unus
1679 4905 1755 4949 est
1786 4896 1852 4947 ".
1886 4894 1949 4947 Et
2000 4910 2096 4964 per
2128 4893 2326 4948 Isaiam

772 4990 1096 5061 prophetam
1134 5006 1146 5041 :
1195 4986 1303 5056 Ego
1354 4989 1516 5049 enim,
1562 4988 1763 5056 inquit,
1792 5001 1909 5039 sum
1941 4986 2081 5040 Deus
2110 4985 2330 5051 primus,

772 5089 821 5134 et
848 5096 939 5149 ego
982 5078 1243 5148 post/nec;
1290 5089 1340 5131 et
1387 5087 1579 5146 prmter
1617 5094 1696 5131 me
1738 5094 1839 5131 non
1867 5086 1945 5132 est
1993 5076 2155 5131 Deus.
2203 5076 2337 5129 Ante

774 5186 854 5222 me
914 5187 1015 5223 non
1063 5169 1165 5238 fuit
1216 5169 1355 5221 alius
1397 5170 1561 5235 Deus,
1613 5181 1661 5224 et
1713 5179 1831 5238 post
1879 5185 2091 5223 menon
2136 5169 2257 5231 erit,
2288 5178 2335 5221 et

774 5272 963 5328 prwter
990 5278 1067 5315 me
1100 5278 1202 5314 non
1224 5256 1307 5313 est
1326 5260 1391 5311 ⁸⁸.
1439 5260 1582 5325 Quin
1614 5270 1667 5317 ct
1698 5260 1966 5315 Dominus
1994 5261 2049 5313 in
2083 5258 2331 5329 Evange-

2438 4531 2692 4601 μοΟεσίας
2715 4531 2892 4601 ἀρχῇ·
2936 4531 3083 4599 Ἐγὼ
3126 4532 3340 4598 Κύριος
3368 4533 3401 4583 ό
3441 4531 3584 4595 Θεός
3625 4547 3763 4595 σου,
3804 4533 4002 4596 δέξα-

2432 4621 2627 4690 γαγών
2682 4623 2875 4675 (γε-ἐκ
2922 4622 3035 4690 γῆς
3086 4623 3407 4689 Αἰγύπτου.
3456 4625 3579 4677 Οὐκ
3609 4622 3860 4677 ἔσονταί
3902 4638 4005 4678 σοι

2430 4712 2551 4765 θεοὶ
2630 4711 2817 4778 ἕτεροι
2887 4710 3055 4777 πλὴν
3105 4711 3270 4776 ἐμοῦ.
3328 4712 3437 4765 Καὶ
3504 4711 3698 4766 ’πάλιν-
3748 4714 4001 4775 Ἄκουε.

2443 4799 2724 4868 Ἰσραήλ·
2760 4802 2972 4868 Κύριος
3017 4802 3051 4853 ό
3101 4802 3243 4865 Θεός
3272 4816 3410 4863 σου,
3446 4803 3661 4868 Κύριος
3707 4797 3796 4867 εἷς
3846 4803 4002 4859 ἐστι.

2431 4892 2542 4945 Καὶ
2567 4891 2654 4944 διὰ
2692 4891 2915 4944 Ἠσαίου
2969 4889 3064 4943 τοῦ
3112 4892 3388 4961 προφήτου
3421 4907 3436 4920 ·
3479 4890 3629 4960 Ἐγὼ
3667 4892 3778 4962 γὰρ
3804 4933 3819 4956 ,
3846 4893 4006 4963 φησὶ,

2433 4982 2578 5060 Θεὸς
2623 4979 2888 5050 πρῶτος-⁸
2924 4980 3021 5035 καὶ
3079 4980 3194 5049 ἐγὼ
3236 4982 3388 5049 μετὰ
3427 4982 3649 5048 ταῦτα,
3692 4982 3789 5036 καὶ
3837 4983 4008 5048 πλὴν

2430 5071 2575 5140 ἐμοῦ
2609 5075 2720 5126 οὐκ
2752 5071 2882 5125 ἐστι
2907 5073 3080 5136 Θεός·
3112 5069 3454 5139 ἔμπροσθέν
3472 5089 3592 5140 μου
3632 5073 3743 5126 οὐκ
3765 5072 4008 5141 ἐγένετο

2431 5165 2619 5231 ἄλλος
2649 5164 2829 5231 Θεὸς,
2854 5164 2952 5217 καὶ
3001 5164 3129 5233 μετ’
3160 5161 3403 5231 ἐμὲόὑκ
3448 5162 3643 5225 ἐσται,
3841 5162 4009 5228 πλὴν

2431 5256 2576 5326 ἐμοῦ
2609 5257 2719 5311 οὐκ
2739 5256 2887 5310 ἐστι.
2920 5255 3029 5308 Καὶ
3056 5254 3085 5306 ὁ
3113 5254 3311 5324 Κύριος
3338 5254 3395 5307 δὲ
3426 5254 3483 5307 ὲν
3509 5258 3621 5317 τοῖς
3654 5256 3821 5325 ἱεροῖς
3844 5263 3872 5291 ιι
3904 5255 4003 5307 Εὐ·

846 5440 891 5507 ’κ’
920 5436 1081 5506 Cret}.
1113 5438 1245 5492 ΝΜ.
1298 5446 1436 5490 orat.
1488 5437 1575 5499 '52,
1610 5438 1695 5492 54.
1774 5437 1820 5470 ’³
1850 5436 1926 5492 ld.
1946 5437 2075 5493 ibid.
2107 5437 2249 5495 "Id.
2286 5438 2423 5493 ibid.
2500 5438 2545 5468 "
2573 5438 2794 5507 Dionys.
2843 5433 2918 5489 De
2943 5442 3101 5503 myst:
3132 5433 3351 5502 theolog.
3462 5433 3510 5463 “
3550 5431 3721 5486 Exod.
3768 5446 3865 5496 xx,
3914 5430 4003 5486 21.

782 5505 825 5538 ³⁷
859 5505 1095 5573 υοιιι.νι,
1126 5509 1178 5564 Α.
1255 5508 1429 5563 "lsa.
1471 5522 1626 5572 sun,
1675 5507 1760 5561 i0.
1826 5516 1833 5525 '
1978 5542 1981 5546 λ

2058 5550 2291 5652 VARI/IS
2330 5593 2737 5651 LECTIONES.

864 5665 878 5710 ³
928 5689 1186 5745 Nonnulli
1215 5690 1371 5747 codd.
1418 5690 1516 5746 κᾶν
1552 5690 1747 5746 ὁτιοῦν.
1824 5699 1863 5728 ω
1896 5689 2053 5746 Dcest
2093 5689 2223 5750 Θεὺς
2255 5690 2305 5742 in
2332 5689 2466 5743 edit.
2512 5698 2572 5739 ,ιι
2609 5687 2663 5741 In
2687 5685 2854 5741 editis
2895 5684 3066 5750 abest,
3099 5684 3278 5753 ἱεροῖς.
3319 5682 3375 5739 lu
3427 5700 3556 5740 mss.
3600 5683 3816 5756 legitur.
