4198 6492
240 375 345 439 821

1347 368 1445 427 DE
1482 370 1662 449 rtus
1699 370 2167 433 eumenen
2207 373 2347 433 LIB.
2390 371 2417 429 ι

3407 368 3515 432 822

235 488 371 544 Υἱοῦ
406 486 602 548 ποιεῖν,
635 484 733 551 οὐχ
767 482 843 543 ὡς
869 481 938 534 δι’
987 480 1222 549 ὀργάνου
1255 477 1365 549 (2|)
1416 480 1819 552 λειτοεδργικοῦ,

1948 484 2026 553 psi
2058 482 2391 542 inserviens,
2427 478 2524 534 sed
2560 479 2666 532 vim
2695 477 2993 547 quamdam
3047 476 3291 530 nativam
3317 480 3515 531 statui-

236 579 378 636 ἀλλὰ
407 575 642 645 φυσικῆς
669 573 756 625 καὶ
781 571 1148 623 ἑνυποστάτου
1171 568 1471 637 δυνάμεως.
1493 572 1601 624 Καὶ
1632 572 1819 645 ὥσπερ

237 670 475 737 λέγομεν
502 664 566 718 τὸ
590 660 702 734 πῦρ
739 660 1017 736 φωτίζειν,
1052 659 1148 712 καὶ
1187 658 1347 712 πάλιν
1390 661 1574 729 φαμὲν
1604 661 1665 714 τὸ
1704 662 1821 731 φῶς

238 759 336 813 τοῦ
369 756 540 825 πυρὸς
578 752 855 824 φωτίζειν,
881 748 1027 804 οὕτω
1059 748 1257 801 πάντα
1285 748 1403 802 ὅσα
1440 750 1601 803 ποιεῖ
1629 756 1662 805 ό
1697 756 1819 805 Πα-

240 849 379 918 τὴρ,
411 847 626 916 ὁμοίως
668 844 767 899 καὶ
803 846 835 896 δ
886 842 1021 906 Υἱὸς
1061 840 1239 906 ποιεῖ.
1278 841 1437 894 ’Δλλὰ
1466 843 1528 894 τὸ
1573 844 1671 912 μὲν
1706 843 1823 911 φῶς

239 941 340 993 οὐκ
375 939 512 992 ἰδίαν
546 936 847 990 ὑπόστασιν
892 932 1045 1002 παρὰ
1079 931 1142 983 τὸ
1181 931 1293 1002 πῦρ
1334 932 1636 1004 κέκτηται·
1694 936 1724 986 ὁ
1766 934 1823 987 δὲ

253 1031 373 1093 ι’ἱδς
396 1030 580 1083 τελεία
602 1024 908 1088 ὐπόστασίς
933 1026 1071 1086 ἐστι,
1094 1023 1196 1093 τῆς
1221 1025 1495 1095 πατρικῆς
1515 1024 1824 1095 ἀχώριστος

246 1121 625 1185 ὑποστάσεως,
656 1117 735 1181 ὡς
780 1115 1037 1185 ἀνωτέρω
1060 1117 1503 1187 παρεστήκαμεν.
1536 1115 1825 1170 Ἀδύνατον

247 1214 360 1285 γὰρ
401 1211 693 1281 εὑρεθῆναι
728 1210 789 1262 ιν
831 1210 899 1279 τῇ
933 1207 1109 1260 κτίσει
1160 1209 1345 1260 εἰκόνα
1386 1195 1824 1281 ἀπαραλλάκτως

246 1307 307 1358 ἐν
354 1306 525 1375 ἑαυτῇ
576 1303 670 1356 τὸν
708 1302 914 1371 τρόπον
947 1300 1050 1369 τῆς
1096 1301 1258 1367 ἁγίας
1289 1301 1518 1371 Τριάδος
1564 1303 1827 1373 παραδει-

249 1396 548 1451 κνύουσαν.
593 1395 667 1447 Τὸ
718 1394 827 1463 γὰρ
860 1393 1076 1446 κτιστὺν
1112 1394 1204 1446 καὶ
1251 1392 1531 1458 σύνθετον,
1563 1380 1657 1448 καῖ
1701 1399 1827 1465 ῥευ-

251 1486 398 1547 στὺν,
450 1485 546 1539 καὶ
598 1484 854 1552 τρεπτὸν,
906 1484 1002 1534 καὶ
1048 1484 1452 1553 περίγραπτον,
1494 1485 1588 1537 καὶ
1639 1486 1828 1556 σχῆμα

246 1577 397 1642 ἕχον,
440 1576 534 1628 καὶ
563 1574 827 1643 φθαρτὸν,
861 1573 979 1635 πῶς
1005 1575 1190 1642 σαφῶς
1218 1576 1445 1646 δηλώσει
1472 1578 1572 1648 τὴν
1610 1578 1829 1633 πάντων

250 1667 464 1720 τούτων
521 1667 954 1738 ἀπηλλαγμένην
1008 1668 1332 1739 ὑπερούσιον
1394 1669 1547 1722 Θείαν
1601 1672 1826 1735 οὐσίαν;

253 1761 414 1813 Πᾶσα
442 1760 497 1813 δὲ
526 1761 558 1829 ἡ
584 1760 781 1822 κτίσις,
815 1760 972 1830 δῆλον
1003 1761 1078 1823 ὼς
1115 1762 1229 1822 τοῖς
1265 1760 1476 1813 πλείοσι
1512 1762 1717 1815 τούτων
1746 1765 1831 1816 ὲν-

1926 590 2051 629 rnus
2089 590 2100 627 :
2137 574 2256 643 pari
2305 571 2473 626 modo
2520 569 2743 623 Patrem
2790 570 2975 623 omnia
3036 585 3159 635 qua:
3208 568 3370 632 facit,
3423 584 3517 638 per

1928 666 2283 736 Unigenitum
2337 679 2497 718 suum
2555 662 2738 716 facere
2778 662 3056 725 dicimus,
3098 676 3204 715 non
3249 673 3515 728 tauquam

1925 774 2022 829 per
2044 758 2247 813 servile
2272 756 2549 827 quoddam
2576 769 2871 824 organum,
2895 753 2988 808 sed
3016 764 3074 807 ιιι
3100 769 3193 822 per
3218 755 3323 806 vim
3359 752 3517 822 137

1926 850 2239 903 naturalem
2294 856 2352 903 et
2408 847 2804 902 subsistentem
2837 845 2904 897 ".
2966 843 3200 911 Insuper
3252 842 3512 911 quennub

1928 941 2149 993 modum
2174 941 2357 1009 ignem
2382 939 2696 993 illuminare
2722 937 2998 1004 dicimus,
3037 937 3292 1005 idemque
3326 952 3513 989 rursm

1928 1032 2105 1100 ipsius
2139 1032 2248 1085 luci
2286 1031 2583 1086 tribuimus
2617 1046 2630 1093 ;
2666 1030 2745 1084 sic
2774 1028 2956 1083 omnia
2998 1045 3117 1097 qua:
3155 1028 3321 1080 Pater
3356 1027 3517 1094 furit,

1928 1120 2096 1176 Filius
2133 1123 2296 1175 etiam
2331 1121 2582 1176 similiter
2621 1121 2751 1189 facit
2787 1121 2855 1173 ⁸⁸.
2900 1121 2970 1173 At
3007 1134 3137 1174 vero
3173 1119 3227 1172 in
3264 1119 3365 1171 hoc
3405 1119 3518 1171 dis-

1928 1214 2141 1268 crimen
2169 1215 2335 1268 situm
2363 1222 2446 1268 est
2466 1252 2481 1277 ,
2512 1212 2660 1281 qttod
2689 1212 2781 1265 lux
2814 1212 3093 1281 propriam
3121 1220 3175 1264 et
3203 1209 3520 1262 distinctam

1930 1304 2000 1357 ab
2029 1304 2157 1374 igne
2187 1304 2607 1359 subsistentiam
2634 1317 2744 1357 non
2770 1303 2956 1357 habet.
2980 1302 3155 1357 Filius
3182 1312 3365 1357 autem
3401 1317 3522 1372 per-

1932 1394 2077 1450 fecta
2109 1395 2428 1467 liypostasis
2467 1402 2589 1457 est,
2626 1410 2656 1449 a
2699 1402 2930 1464 paterna
2980 1394 3261 1463 liypostasi
3302 1393 3523 1461 insepa—

1930 1488 2167 1552 rabilis,
2207 1496 2268 1542 ut
2300 1489 2560 1558 superius
2597 1502 2626 1540 a
2668 1486 2830 1541 nobis
2868 1493 3153 1540 ostensum
3195 1493 3299 1540 est.
3337 1483 3526 1552 Neque

1931 1579 2081 1633 enim
2116 1579 2233 1633 ﬁeri
2261 1587 2443 1649 potest
2469 1586 2529 1633 ut
2558 1579 2613 1633 in
2647 1580 2818 1632 rebus
2849 1577 3056 1631 creatis
3085 1575 3266 1644 imago
3296 1574 3405 1627 ulla
3434 1582 3524 1624 aut

1933 1670 2238 1725 similitudo
2264 1672 2594 1741 reperiatur,
2617 1685 2741 1740 quae
2764 1677 2971 1723 sancta:
2988 1666 3279 1720 Trinitatis
3305 1663 3525 1718 modum

1936 1761 1990 1814 in
2023 1763 2205 1832 seipsa
2238 1763 2374 1817 citra
2396 1764 2568 1817 ullum
2597 1760 3075 1817 dissimilitudinis
3107 1768 3290 1812 notam
3322 1771 3527 1827 reprze-

251 1851 459 1920 ἐχεται,
489 1852 584 1903 καὶ
614 1853 765 1906 πᾶσα
793 1851 937 1905 κατὰ
974 1852 1072 1920 τὴν
1116 1852 1316 1921 ἑαυτῆς
1349 1854 1513 1921 φύσιν
1545 1855 1612 1922 τῇ
1652 1851 1832 1925 φθορᾷ

1948 1862 2139 1909 sentet.
2188 1855 2347 1922 Quod
2403 1859 2548 1911 enim
2583 1864 2833 1910 creatum
2859 1897 2872 1919 ,
2923 1864 2977 1907 et
3022 1854 3433 1922 compositum,
3475 1860 3526 1902 et

252 1944 561 1997 ὑπόκειται.
1936 1946 2213 2003 caducum
2235 1989 2250 2012 ,
2293 1955 2348 2003 et
2393 1948 2700 2013 mutabi!e,
2736 1957 2790 2002 et
2818 1946 3349 2013 circumscriptum,
3385 1952 3438 1996 et
3472 1940 3531 1993 ii-

254 2051 390 2106 gnra
444 2035 735 2104 praeditum
760 2078 772 2098 ,
804 2045 857 2092 et
892 2035 1253 2105 corruptibile
1301 2046 1420 2098 est,
1467 2051 1579 2105 quo
1610 2036 1832 2092 tandem
1875 2041 2038 2096 modo
2066 2041 2593 2111 superessentialem
2627 2040 2928 2096 essentiam
2964 2038 3243 2100 divinam,
3315 2036 3382 2089 ab
3451 2035 3534 2087 Itis

254 2132 516 2187 oumibus
555 2133 822 2195 liberam,
864 2139 1051 2200 aperte
1089 2131 1438 2186 declarabit?
1508 2130 1867 2202 Perspicuum
1910 2142 2093 2191 autem
2165 2147 2249 2192 cst
2291 2151 2381 2191 res
2418 2151 2610 2190 omnes
2652 2143 2876 2189 creatas
2924 2134 3205 2204 plerisque
3255 2130 3532 2198 ejusmodi

258 2218 654 2279 atl‘ectionibus
687 2223 956 2277 obnoxias
992 2238 1152 2290 esse,
1189 2224 1382 2294 sicque
1413 2240 1440 2277 a
1475 2232 1669 2279 natura
1702 2240 2092 2298 comparatas,
2126 2238 2185 2283 ut
2219 2229 2567 2299 corruptioni
2606 2228 2948 2295 subiaceant.

345 2318 581 2380 ὐμοίως
613 2317 948 2387 πιστεύομεν
987 2318 1079 2370 καὶ
1109 2319 1189 2379 εἰς
1216 2318 1273 2369 ἓν
1307 2316 1530 2386 Πνεῦμα
1566 2319 1742 2385 ἆγιον,
1785 2320 1847 2373 τὸ

267 2407 500 2479 Κύριον,
526 2408 621 2461 καὶ
649 2409 911 2472 ζωοποιόν
932 2427 944 2440 ·
964 2409 1024 2462 τὸ
1046 2412 1109 2462 ὲκ
1135 2410 1227 2462 τοῦ
1251 2412 1461 2479 Πατρός
1484 2413 1849 2483 ἐκπορευόμει

267 2516 382 2564 νον,
410 2500 505 2551 καὶ
526 2501 583 2551 ἐν
606 2498 719 2568 Υιῷ
744 2500 1188 2569 ἀναπαυόμενον·
1220 2501 1280 2553 τὸ
1308 2503 1384 2569 τῷ
1415 2505 1591 2573 Πατρὶ
1620 2504 1713 2557 καὶ
1734 2504 1848 2574 Υἱῴ

264 2590 856 2660 συμπροσκυνούμενον
901 2594 995 2643 καὶ
1034 2591 1511 2662 συνδοξαζόμενον,
1545 2596 1620 2655 ὡς
1655 2597 1850 2665 ὁμοού-

265 2680 382 2731 σιόν
412 2697 471 2732 τε
499 2682 590 2733 καὶ
614 2683 881 2735 συναῒὸιον
903 2699 915 2712 ·
949 2683 1008 2733 τὸ
1033 2685 1096 2734 ὲκ
1129 2683 1262 2735 Θεοῦ
1296 2684 1542 2754 Πνεῦμα,
1570 2687 1631 2740 τὸ
1666 2687 1842 2753 εὑθὲς,

265 2770 328 2821 τὸ
352 2772 700 2840 ἡγεμονικὸν,
726 2773 825 2842 τὴν
855 2773 1035 2844 πηγὴν
1068 2775 1166 2842 τῆς
1197 2776 1408 2841 σοφίας,
1441 2778 1528 2828 καὶ
1561 2778 1725 2847 ζωῆς,
1752 2780 1848 2831 καὶ

264 2862 360 2914 τοῦ
385 2863 661 2931 ἁγιασμοῦ
686 2882 697 2895 ·
729 2862 863 2917 Θεὸν
900 2866 996 2916 σὺν
1020 2866 1193 2934 Πατρὶ
1220 2868 1314 2918 καὶ
1345 2866 1455 2936 Υἱῴ
1485 2869 1727 2938 ὑπάρχον
1752 2875 1845 2926 καὶ

266 2958 815 3027 προσαγορευόμενον
837 2976 850 2989 ·
885 2960 1161 3026 ἇκτιστον,
1182 2963 1408 3031 πλῆρες,
1439 2964 1770 3035 δημιουργὸν
1797 2968 1842 3034 ί,

269 3050 791 3118 παντοκρατορικὸν,
836 3053 1189 3121 παντουργὺν,
1226 3056 1657 3126 παντοδύναμον,
1691 3061 1848 3112 ἀπει-

2020 2323 2097 2376 De
2120 2323 2324 2391 Spiritu
2358 2333 2563 2377 sancto.
2601 2321 2846 2392 Ignotum
2877 2322 3026 2375 nobis
3058 2330 3112 2373 ut
3133 2319 3534 2387 distinguantur

1944 2432 1997 2467 in
2030 2414 2145 2469 Deo
2162 2416 2433 2483 generatio
2457 2428 2504 2467 ct
2529 2415 2813 2482 processio.
2849 2444 2916 2451 κ-
2946 2412 3148 2465 Eodem
3177 2413 3338 2465 etiam
3373 2412 3534 2460 modo

1944 2510 2225 2563 credimus
2261 2508 2315 2561 in
2349 2506 2616 2577 Spiritum
2651 2515 2930 2567 sanetum,
2963 2504 3276 2564 Dominum,
3311 2511 3363 2555 et
3396 2503 3533 2554 vivi-

1948 2602 2223 2664 licautem,
2255 2602 2347 2669 qui
2384 2617 2447 2654 ex
2487 2599 2647 2653 Patre
2696 2596 2967 2667 procedit,
3002 2606 3065 2673 et.
3096 2596 3150 2648 in
3200 2593 3339 2647 Filio
3398 2608 3531 2646 con--

1958 2692 2233 2762 quiescit;
2267 2694 2357 2762 qui
2387 2705 2512 2743 cum
2549 2690 2709 2744 Patre
2737 2698 2791 2743 et
2817 2688 2956 2743 Filio
3001 2688 3164 2741 simul
3191 2686 3453 2738 aduratur
3486 2693 3537 2732 ιιι

1955 2783 2440 2854 conglorilicatur,
2499 2789 2689 2851 utpote
2754 2777 3249 2835 consubstantialis
3319 2784 3373 2828 ct
3447 2790 3540 2827 eo-

1951 2883 2194 2929 mternus
2220 2875 2301 2939 °‘;
2333 2872 2425 2927 Dei
2448 2872 2737 2942 Spiritum,
2758 2880 2990 2933 rectum,
3030 2867 3414 2938 principalem;
3450 2880 3539 2918 sa-

1955 2966 2190 3034 pientiai,
2236 2964 2360 3018 vita:
2401 2972 2454 3017 et
2478 2963 2789 3017 sanctitatis
2824 2961 3065 3024 fontem;
3102 2960 3193 3013 Dei
3228 2975 3351 3011 cum
3380 2958 3542 3010 Patre

1956 3066 2008 3109 et
2050 3055 2189 3111 Filio
2224 3070 2348 3109 cum
2383 3070 2496 3109 rem
2536 3054 2849 3119 habentem,
2888 3060 3005 3105 tum
3036 3049 3539 3117 nuncupationem;

272 3136 593 3207 ροδύναμον,
611 3140 871 3205 δεσπόζον
891 3144 1068 3213 πάσης
1088 3147 1336 3209 κτίσεως,
1355 3149 1415 3200 οὐ
1433 3149 1486 3200 δε
1497 3149 1842 3219 σιιςοζόριειων⁴

1959 3150 2286 3209 increatum,
2322 3147 2567 3216 plenum,
2611 3144 2983 3205 conditorem,
3014 3142 3391 3196 continentem
3425 3152 3541 3188 om-

272 3229 508 3282 waavou
537 3230 862 3301 θεούμενον·
899 3235 1162 3305 πληροῦν,
1188 3238 1247 3288 οὐ
1281 3238 1690 3308 πληρούμενον·
1724 3259 1855 3311 μετ-

273 3320 552 3389 εχόμενον,
590 3324 648 3374 οὗ
682 3325 934 3394 μετέχον·
962 3328 1316 3397 ἀτιάζον.οὑχ
1335 3331 1694 3399 ἁγιαζόμενον
1714 3352 1727 3364 ·
1751 3353 1856 3386 πα-

278 3413 567 3483 ράκλητον,
586 3415 659 3478 ὡς
685 3417 781 3479 τὰς
810 3418 919 3469 τῶν
949 3419 1085 3471 ὅλων
1106 3421 1478 3491 παρακλήσεις
1524 3424 1814 3493 δεχόμενον
1839 3444 1851 3456 ·

275 3503 414 3555 κατὰ
442 3504 617 3556 πάντα
647 3507 831 3576 ὅμοιον
854 3508 930 3578 τῷ
958 3510 1132 3577 Πατρὶ
1153 3512 1244 3561 καὶ
1266 3511 1404 3580 Υἱῴ·
1429 3516 1490 3565 ὲκ
1515 3514 1607 3565 τοῦ
1642 3516 1853 3584 Harpe;

271 3595 727 3666 ἐκπορευόμενον,
749 3599 843 3653 καὶ
863 3600 928 3652 δι’
958 3600 1084 3653 Υἱοῦ
1119 3603 1553 3672 μεταδιδόμενον,
1572 3606 1664 3658 καὶ
1686 3625 1853 3675 μετα-

271 3684 683 3756 λαμϐανόμενον
731 3690 833 3744 ὑπὸ
871 3692 1048 3762 πάσης
1089 3693 1351 3760 κτίσεως,
1402 3697 1495 3748 καὶ
1539 3697 1605 3749 δι’
1655 3699 1851 3751 ἑαυτοῦ

273 3774 479 3841 κτίζον,
504 3778 597 3832 καὶ
628 3782 847 3835 οὺσιοῦν
880 3784 947 3835 τὰ
981 3783 1289 3853 σύμπαντα,
1345 3788 1437 3841 καὶ
1474 3788 1699 3855 ἁγιάζον
1719 3830 1731 3851 ,
1760 3791 1853 3843 καὶ

275 3867 538 3936 συνέχον·
573 3870 960 3939 ἑνυπόστατον,
1006 3876 1064 3927 ἐν
1109 3878 1214 3947 ἰδίᾳ
1248 3879 1539 3932 ὑποστάσει
1571 3880 1851 3951 ὑπάρχον,

273 3955 581 4027 ἀχώριστον
612 3964 706 4015 καὶ
740 3964 1127 4033 ἀνεκφοίτητον
1169 3969 1381 4035 Πατρὸς
1427 3972 1516 4021 καὶ
1556 3970 1707 4034 Υῑοῦ,
1761 3972 1852 4023 καὶ

276 4048 459 4103 πάντα
491 4051 613 4122 ἔχον
639 4054 738 4107 ὅσα
762 4054 875 4123 ἔχει
904 4057 933 4105 ό
963 4055 1151 4125 Πατὴρ
1176 4058 1269 4110 καὶ
1292 4059 1318 4109 ὁ
1339 4058 1485 4120 Υἱὸς,
1516 4060 1657 4129 πλὴν
1686 4062 1850 4126 ἀγεν-

274 4142 469 4210 νησίας
510 4146 604 4196 καὶ
636 4144 737 4211 τῆς
763 4147 1085 4217 γεννήσεως.
1120 4145 1176 4199 '0
1206 4148 1303 4214 μὲν
1328 4149 1433 4219 γὰρ
1476 4150 1665 4221 Πατὴρ
1694 4152 1850 4205 ἀναί-

272 4248 389 4293 τιος
421 4233 515 4285 καὶ
530 4234 840 4302 ἀγέννητος·
871 4237 928 4288 οὺ
964 4236 1069 4306 γὰρ
1096 4237 1156 4290 ἐκ
1187 4254 1352 4301 τινος·
1375 4241 1432 4306 ἐξ
1449 4241 1641 4293 ἑαυτοῦ
1664 4243 1773 4313 γὰρ
1796 4245 1853 4296 τὸ

276 4316 416 4373 εἷναι
442 4321 552 4391 ἔχει
570 4325 616 4387 ⁸,
643 4323 762 4377 οὐδὲ
797 4341 848 4378 τι
876 4325 984 4380 τῶν
1024 4327 1233 4397 ὅσαπερ
1261 4326 1375 4396 ἔχει
1405 4328 1464 4392 ἐξ
1490 4330 1679 4401 ἑτέρου
1716 4332 1850 4398 ἔχει·

276 4411 443 4473 αὐτὸς
468 4412 525 4463 δὲ
562 4413 764 4481 μᾶλλόν
791 4416 939 4467 ἐστιν
963 4416 1105 4487 ἁρχὴ
1137 4419 1232 4469 καὶ
1256 4418 1405 4471 αἰτία
1439 4419 1531 4471 τοῦ
1560 4422 1678 4484 πῶς
1713 4417 1853 4476 εἶναι

280 4500 528 4567 φυσικῶς
560 4504 672 4566 τοῖς
710 4506 890 4557 πᾶσιν.
938 4505 995 4558 Ὀ
1029 4505 1087 4559 δὲ
1116 4508 1241 4571 Υἱὸς
1272 4510 1335 4562 ἐκ
1363 4509 1455 4586 τοῦ
1495 4511 1706 4581 Πατρός
1733 4529 1857 4579 γενο

353 4672 397 4705 ⁷³
432 4676 593 4747 Greg.
631 4676 763 4734 Naz.
792 4690 933 4735 orat.
974 4683 1060 4748 i3,
1096 4682 1157 4736 51
1189 4684 1329 4737 et57

1442 4684 1486 4714 ⁸⁰
1508 4684 1665 4736 Joan.
1726 4702 1777 4746 ν,
1817 4685 1899 4738 ιε).

1961 3241 2049 3293 nia
2085 3255 2148 3293 ae
2182 3239 2584 3298 moderantem,
2621 3236 2872 3289 omnium
2910 3232 3251 3293 ell‘ectorem,
3286 3230 3541 3297 omnipo-

1959 3340 2186 3390 tentem,
2223 3328 2450 3382 inlinitte
2481 3328 2761 3396 potentiae,
2812 3326 3020 3380 creatis
3053 3324 3312 3378 omnibus
3364 3321 3541 3388 impe-

1956 3432 2165 3476 rantem
2195 3460 2210 3482 ,
2254 3420 2570 3488 nulliusquc
2618 3418 2852 3485 imperio
2900 3416 3275 3483 subjacentem
3324 3413 3400 3475 '";
3446 3414 3540 3479 qui

1953 3514 2087 3568 deos
2137 3513 2287 3576 facit,
2323 3526 2434 3565 non
2463 3511 2599 3565 deus
2636 3510 2726 3573 fit;
2762 3509 2856 3577 qui
2887 3508 3100 3577 implet,
3130 3521 3227 3559 nec
3258 3505 3537 3571 impletur;

1956 3607 2049 3675 qui
2084 3605 2460 3675 participatur,
2509 3617 2609 3657 nec
2663 3600 2991 3670 participat;
3046 3597 3380 3660 sanctiﬁcat,
3436 3610 3535 3647 nee

1957 3696 2364 3759 sanctilicatur;
2403 3692 2775 3753 Paracletum,
2820 3690 2924 3742 boc
2959 3694 3065 3751 est,
3101 3686 3533 3741 consolatorem,

1958 3796 2017 3841 ut
2044 3788 2136 3856 qui
2169 3786 2552 3839 universorum
2578 3781 2835 3835 admittat
2871 3777 3296 3833 obsecrationes
3328 3795 3339 3828 :
3387 3775 3534 3827 l’alri

1955 3886 2009 3931 et
2042 3876 2181 3929 Filio
2211 3891 2305 3944 per
2335 3875 2517 3927 omnia
2551 3874 2821 3937 similem;
2845 3888 2910 3927 ex
2941 3869 3102 3923 Patre
3130 3868 3542 3939 procedentem;

1954 3961 2047 4029 qui
2082 3976 2176 4028 per
2231 3960 2429 4013 Filium
2463 3960 2822 4021 conceditur,
2876 3966 2930 4012 et
2967 3959 3036 4011 ab
3094 3958 3241 4011 omni
3282 3967 3541 4009 creatura

1958 4050 2295 4120 percipitur;
2332 4052 2427 4120 qui
2459 4066 2554 4120 per
2582 4051 2825 4119 seipsum
2872 4056 3049 4109 creat,
3102 4056 3156 4101 et
3210 4049 3376 4100 rebus
3420 4064 3543 4098 οηι⁴

1959 4140 2124 4196 nibus
2182 4141 2599 4197 subsistentiam
2642 4140 2839 4194 tribuit
2866 4149 2919 4194 et
2946 4140 3323 4203 sanctitatem,
3367 4140 3456 4206 qui
3492 4142 3541 4189 in

1960 4236 2182 4303 propria
2235 4234 2512 4298 subsistit,
2561 4235 2679 4288 sive
2726 4233 2969 4307 exsistit,
3022 4232 3343 4301 hyposittsi;
3382 4236 3473 4298 qui
3517 4249 3544 4281 ει

1963 4324 2123 4379 Patre
2155 4335 2208 4379 et
2240 4324 2381 4380 Filio
2415 4342 2515 4378 nec
2545 4326 2853 4396 separatur
2906 4341 3004 4378 nec
3053 4324 3395 4392 digreditur;
3454 4314 3549 4389 qui

1961 4419 2147 4473 omnia
2172 4418 2331 4472 habet
2362 4434 2482 4486 quin
2508 4418 2667 4472 Pater
2688 4426 2742 4472 et
2768 4416 2959 4479 Filius,
2986 4427 3211 4484 excepta
3244 4416 3467 4483 illgl'llili
3493 4422 3546 4467 et

1964 4511 2129 4579 geniti
2162 4511 2511 4579 proprietate.
2552 4509 2714 4565 Pater
2749 4511 2953 4579 quippe
2986 4522 3209 4562 causam
3240 4523 3347 4560 non
3372 4524 3545 4577 agno-

1979 4686 2021 4717 "
2052 4686 2218 4757 Greg.
2249 4688 2355 4741 Nar.
2416 4696 2558 4741 orat.
2591 4686 2681 4741 57.
2759 4688 2804 4719 ⁸¹
2835 4687 2911 4740 Id.
2950 4696 3091 4739 orat.
3132 4686 3217 4739 49.

1558 4796 1786 4852 νΛΙίὶιΕ
1826 4797 2229 4854 LEUTIONES.

363 4908 385 4948 τ
415 4906 567 4960 Multi
601 4906 748 4977 Regii
783 4917 837 4961 et
868 4908 1020 4963 Colb.
1054 4909 1463 4979 δημιουργικόν.

1548 4912 1572 4949 ε
1605 4908 1737 4981 Reg.
1771 4910 1914 4967 9.924
1938 4912 1997 4962 οὐ
2024 4912 2133 4983 γὰρ
2155 4911 2218 4964 ἔκ
2247 4928 2389 4973 τινος
2420 4910 2481 4962 τὸ
2503 4908 2641 4963 εἶναι
2672 4909 2806 4980 ἔχει,
2824 4904 2968 4961 ὀὐδέ
2992 4925 3045 4960 τι
3070 4910 3176 4963 τῶν
3200 4912 3300 4962 ὅσα
3339 4911 3469 4979 ἔχει.

1812 5031 2049 5088 NOTAE.

360 5146 471 5215 (2|)
510 5149 633 5213 Οὐχ
769 5146 842 5201 δι’
872 5146 1150 5216 ὀργάνου.
1194 5146 1243 5201 Ν
1249 5166 1315 5203 on
1362 5158 1615 5219 tanquam
1647 5165 1738 5216 per
1774 5150 1858 5201 in-

283 5228 661 5273 strumentum.
700 5218 936 5271 Verbum
994 5226 1219 5287 propter
1262 5235 1352 5275 res
1400 5218 1721 5274 condendas
1782 5220 1860 5271 fa-

284 5300 437 5361 ctum
469 5288 841 5361 esseaiebant
876 5288 1310 5361 Ariani,quibus
1340 5290 1570 5359 opponit
1595 5290 1858 5361 Cyrillns,

284 5359 419 5413 dial.
465 5356 505 5430 2
544 5358 635 5430 ad;
664 5357 848 5411 Herm.
900 5356 1208 5428 exeiuplum
1254 5356 1517 5424 artilicis,
1572 5356 1666 5430 qui
1721 5375 1861 5428 Opus

287 5443 450 5483 suum
495 5427 830 5498 liamlaliter
866 5427 1224 5498 exsequatur,
1258 5431 1360 5485 nisi
1408 5427 1663 5485 manuct
1701 5427 1860 5484 indu-

288 5499 429 5553 stria
458 5511 577 5552 sua.
621 5495 883 5569 SicDeus
934 5509 983 5569 et
1022 5495 1229 5565 'I’ater,
1264 5502 1462 5569 inquit,
1505 5518 1620 5569 qua:
1675 5517 1863 5566 propo-

288 5570 455 5621 suerit
503 5570 549 5620 vi
602 5567 890 5621 conditrice
920 5568 1127 5636 facere,
1161 5570 1270 5626 lucc
1321 5567 1395 5633 ὡς
1442 5567 1527 5623 διά
1579 5571 1863 5639 δυνάμεως

292 5638 429 5701 ἰδίας
456 5643 689 5690 ποιεῖται
748 5639 842 5690 τοῦ
880 5640 1027 5702 Υἱοῦ,
1068 5657 1157 5708 per
1193 5640 1429 5703 Filimn,
1484 5657 1576 5694 ceu
1618 5638 1859 5709 perpro-

290 5709 469 5776 prium
512 5709 754 5780 virtu_!em
787 5712 935 5776 facit.
990 5709 1062 5762 ιη’
1089 5728 1281 5780 nmrpc
1343 5710 1512 5763 Filius
1555 5713 1623 5764 sit
1687 5714 1859 5763 virtus

294 5780 609 5836 subsistens
644 5778 841 5835 Patris.
863 5781 1022 5835 vvluti
1051 5778 1431 5837 docct‘Noster
1460 5801 1509 5837 ιιι
1552 5783 1692 5837 Uini.
1719 5795 1857 5837 eunt.

1962 5147 2269 5201 Μινύαισι
2294 5146 2447 5200 alibi.
2473 5144 2576 5199 Per
2608 5162 2816 5205 manus,
2851 5143 3032 5213 inquit
3061 5143 3320 5208 Ircnreus,
3361 5144 3457 5199 lib.
3492 5163 3540 5205 v,

1959 5236 2007 5272 υ.
2037 5220 2090 5274 b’.
2122 5218 2173 5268 id
2196 5226 2274 5269 est
2297 5234 2387 5283 per
2420 5216 2619 5268 Filium
2651 5224 2699 5270 et
2729 5214 2988 5281 Spiritum
3020 5226 3263 5267 sanctum
3294 5216 3355 5281 ﬁt
3390 5217 3541 5267 homo

1962 5288 2251 5343 secundum
2285 5286 2693 5340 similitudinem
2724 5284 2839 5339 Dei.
2866 5286 2967 5339 l’er
2993 5285 3093 5339 has
3114 5286 3345 5337 virtutes
3381 5286 3542 5335 l‘atm-

1963 5376 2086 5411 eum
2127 5358 2424 5411 invisibilis
2454 5359 2523 5423 sit
2553 5371 2610 5411 se
2642 5356 3033 5423 aspectaliiletu
3067 5355 3285 5423 prtebt-t.
3316 5356 3448 5405 Nam
3482 5365 3541 5406 ut

1964 5432 2037 5481 ait
2078 5428 2220 5483 idem
2273 5419 2580 5481 tloctor'lib.
2613 5442 2685 5487 tv,
2708 5419 2828 5494 cap.
2861 5426 2965 5479 H:
2999 5419 3213 5491 Agnitio
3251 5422 3429 5475 Patris
3463 5436 3540 5475 est

1968 5498 2093 5551 Filii
2144 5497 2525 5566 ntttnifestatio.
2575 5496 2677 5550 I’er
2720 5499 2892 5562 ipsum
2939 5494 3158 5547 Verbum
3199 5495 3457 5545 visibilem
3492 5506 3540 5545 et

1961 5570 2283 5636 palpabilem
2322 5571 2521 5635 factum
2546 5567 2710 5621 Pater
2744 5566 3136 5623 ostendebatur,
3167 5566 3327 5616 etiam
3362 5568 3406 5615 si
3440 5581 3540 5615 non

1969 5656 2144 5693 omnes
2176 5641 2421 5693 similiter
2451 5640 2728 5691 credebant
2755 5639 2801 5689 ei
2828 5653 2844 5688 :
2877 5636 2965 5688 sed
2996 5651 3173 5687 omnes
3215 5636 3452 5686 viderunt
3486 5636 3534 5684 in

1976 5710 2115 5761 Filio
2147 5710 2378 5761 Patrem.
2412 5706 2683 5763 luvisibile
2710 5708 2899 5761 etenim
2934 5703 3063 5758 Filii
3102 5704 3296 5767 Pater;
3334 5706 3537 5757 uisibile

1972 5795 2145 5835 autem
2174 5779 2356 5835 Putris
2393 5777 2588 5833 Filius.
