4198 6492
239 394 341 457 829

1276 398 1367 452 DF.
1397 398 1565 454 FIDE
1602 396 2055 455 OllTllUDUKA
2096 399 2240 456 LIB.
2285 401 2327 456 1.

3329 405 3432 464 830

240 500 380 567 μεοα
411 500 501 551 ἐπὶ
519 498 613 567 τῆς
629 500 733 550 ἀπε
744 500 1039 568 ριγράπτον
1064 501 1237 567 λέγειν
1257 502 1524 570 θεότητοςο
1545 506 1601 555 ἐν
1619 504 1782 571 ἀλλή-
1812 508 1857 561 Α
1885 511 1898 555 1

1770 534 1782 541 -
1812 508 1857 561 Α
1885 511 1975 556 tur
2003 507 2067 557 ".
2119 506 2295 560 Unum
2327 506 2526 574 quippe
2568 509 2733 563 Deum
2768 514 3176 579 cognoscimus;
3214 517 3264 566 in
3299 519 3428 568 solis

239 585 356 646 λαις
385 588 491 652 γὰρ
514 587 568 637 αἱ
616 588 940 649 ὑποστάσεις
968 591 1129 640 είσίν’
1159 592 1252 659 οὐχ
1284 593 1418 643 ὥστε
1450 594 1782 659 συγχεῖσθαι,

238 675 373 726 ἀλλά
401 675 539 726 ὥστε
566 677 805 743 ἔχεσθαι,
832 680 972 729 κατὰ
997 681 1084 731 τὸν
1105 682 1196 732 τοῦ
1226 684 1428 750 Κυρίου
1452 685 1625 748 λόγον,
1645 684 1788 750 Ἐγὼ

238 764 307 814 ἐν
331 763 409 827 τῷ
431 764 628 830 Πατρὶ.
653 766 750 817 καὶ
776 771 807 818 ό
837 767 1038 834 Πατὴρ
1065 771 1132 820 ἐν
1154 771 1301 835 ἐμοὶ.
1333 773 1600 838 φήσαντος
1627 793 1639 803 ·
1665 773 1787 823 οὔτε

240 848 545 916 (θελήματος
575 851 855 920 διαφορὰν,
886 853 918 921 ἢ
942 854 1183 923 γνώμης,
1205 857 1236 924 ἦ
1256 859 1550 924 ἐνεργείας,
1575 859 1607 926 ἢ
1629 860 1787 910 δυνά-

243 953 408 1002 μεως,
440 939 473 1006 ἦ
500 956 642 1000 τινος
663 942 870 1011 ἐτέρου,
904 944 1058 995 ᾶτινα
1088 946 1185 1013 τὴν
1236 949 1645 1017 πραγματικὴν,
1698 952 1790 1002 καὶ

238 1026 415 1078 διόλου
471 1030 530 1080 ὲν
586 1031 717 1099 ἡμῖν
762 1035 990 1100 γεννῶσι
1040 1036 1319 1106 διαίρεσιν.
1366 1039 1454 1089 Διὸ
1488 1039 1605 1089 οὐδὲ
1643 1043 1790 1107 τρεῖς

240 1115 396 1178 θεοὺς
422 1117 673 1187 λέγομεν,
736 1124 825 1174 τὸν
880 1127 1120 1195 Πατέρα,
1154 1130 1243 1179 καὶ
1296 1129 1383 1180 τὸν
1436 1131 1581 1191 Υἱὸν,
1619 1133 1791 1183 καὶτὸ

241 1202 397 1269 ἅγιον
440 1208 697 1274 Πνεῦμα·
750 1211 845 1263 ἕνα
901 1213 957 1264 δὲ
1025 1216 1218 1281 μᾶλλον
1277 1217 1441 1278 Θεὸν,
1493 1219 1589 1283 τὴν
1632 1220 1791 1283 ἁγίαν

243 1292 469 1362 Τριάδα,
496 1299 573 1359 εἰς
604 1299 661 1349 ἓν
686 1301 857 1353 αἴτιον
889 1302 997 1371 (9.6)
1038 1306 1164 1356 Υίοῦ
1196 1307 1285 1356 καὶ
1331 1306 1641 1373 Πνεύματος
1667 1310 1794 1360 ἀνα-

243 1380 575 1447 φερομένων,
604 1387 665 1436 οὐ
698 1388 1111 1458 συντιθεμένων,
1142 1392 1261 1442 οὐδὲ
1310 1394 1790 1464 συναλειφομένων,

243 1469 385 1521 κατὰ
420 1471 516 1541 τὴν
560 1474 845 1529 Σαϐελλίου
894 1481 1224 1549 συναίρεσιν·
1274 1483 1517 1535 ένοῦνται
1550 1485 1676 1553 γὰρ,
1713 1486 1793 1550 ὡς
1834 1486 1837 1487 ⁷

243 1558 475 1628 ἔφημεν,
529 1566 626 1633 οὐχ
664 1565 803 1619 ὥστε
858 1573 1195 1638 συγχεῖσθαι,
1244 1573 1358 1624 ἀλλ’
1393 1574 1531 1625 ὥστε
1575 1576 1793 1644 ἔχεσθαι

243 1648 521 1718 ἀλλήλων’
581 1657 674 1707 καὶ
721 1656 820 1725 τὴν
875 1659 933 1709 ἐν
979 1660 1232 1729 ἀλλήλαις
1267 1663 1633 1734 περιχώρησιν
1680 1665 1790 1735 (27)

244 1736 427 1806 ἔχουσι
456 1741 576 1809 δίχα
637 1743 816 1813 πάσης
872 1748 1190 1817 συναλοιφῆς
1248 1752 1336 1802 καὶ
1398 1752 1791 1822 συμφύρσεως”

244 1828 368 1881 οὐδὲ
403 1828 788 1900 ἐξισταμένων,
821 1835 852 1903 ἢ
886 1837 1003 1913 κατ’
1037 1838 1221 1889 οὐσίαν
1268 1840 1607 1908 τεμνομένων
1655 1843 1794 1893 κατᾶ

245 1917 344 1987 τὴν
406 1921 612 1990 Ἀρείου
673 1924 953 1994 διαίρεσιν.
1026 1928 1341 1997 Ἀμέριστος
1385 1930 1492 1997 γὰρ
1522 1932 1579 1981 ἐν
1628 1948 1796 1999 μεμε-

248 2012 546 2080 ρισμένοις,
598 2016 646 2066 εί
699 2016 779 2068 δεῖ
824 2019 1098 2086 συντόμως
1148 2022 1339 2084 εἰπεῖν,
1372 2022 1649 2090 ήΘεότης,
1702 2023 1795 2076 καὶ

246 2095 358 2153 οἷον
392 2104 448 2153 ἐν
477 2105 647 2172 ήλίοις
678 2108 849 2176 τρισὶν
885 2110 1158 2176 ἐχομένοις
1207 2112 1468 2179 ἀλλήλων,
1522 2114 1615 2164 καὶ
1648 2113 1797 2165 ἀδια-

249 2190 465 2252 στάτοις
495 2188 634 2252 οὖσι,
662 2195 761 2261 μία
791 2193 884 2245 τοῦ
917 2196 1091 2261 φωτὸς
1129 2198 1425 2265 σύγκρασίς
1448 2216 1506 2251 τε
1544 2201 1633 2251 καὶ
1664 2218 1793 2253 συν-

247 2278 434 2345 άφεια.
462 2282 628 2335 Ὅταν
660 2283 757 2353 μὲν
807 2282 898 2336 οὖν
938 2287 1073 2355 πρὸς
1120 2289 1216 2356 τὴν
1242 2289 1465 2358 θεότητα
1492 2289 1792 2360 βλέψωμεν,

249 2373 345 2423 καὶ
369 2372 467 2442 τὴν
499 2374 719 2443 πρώτην
753 2377 951 2439 αἰτίαν,
988 2379 1078 2429 καὶ
1122 2379 1216 2447 τὴν
1278 2382 1589 2449 μοναρχίαν,
1621 2384 1713 2433 καὶ
1738 2384 1797 2435 τὸ

248 2462 328 2527 ἓν,
358 2463 449 2514 καὶ
481 2465 677 2516 ταυτὸν
708 2467 804 2533 τῆς
826 2466 1099 2537 θεότητος,
1131 2470 1195 2521 ἵν’
1223 2469 1391 2531 οὕτως
1418 2472 1573 2535 εἴπω,
1594 2472 1798 2540 κίνημά

248 2567 307 2601 τε
362 2552 457 2603 καὶ
508 2553 770 2624 βούλημα,
833 2558 928 2609 καὶ⁸
957 2560 1051 2626 τὴν
1089 2560 1184 2627 τῆς
1252 2560 1457 2623 οὐσίας,
1509 2563 1603 2614 καὶ
1642 2563 1798 2615 δυνά-

253 2656 420 2706 μεως,
452 2642 544 2692 καὶ
574 2644 874 2713 ἐνεργείας,
902 2632 994 2698 θεαὶ
1030 2648 1344 2715 κυριότητος
1392 2649 1711 2718 ταυτότητα,
1743 2649 1800 2700 ἒν

249 2732 384 2797 ἡμῖν
437 2731 497 2783 τὸ
552 2737 971 2803 φανταζόμενον.
1004 2739 1169 2790 Ὅταν
1201 2740 1255 2789 δὲ
1302 2740 1434 2809 πρὸς
1465 2739 1533 2791 τὰ
1570 2742 1625 2791 έν
1655 2735 1735 2801 οἷς
1766 2743 1797 2810 ἡ

247 2821 473 2891 Had-mg,
500 2824 557 2893 ἢ,
589 2826 649 2877 τό
704 2843 765 2893 γε
821 2828 1202 2898 ἀκριϐέστερον
1241 2832 1433 2891 εἰπεῖν,
1458 2830 1492 2882 ἃ
1520 2834 1549 2897 ἡ
1579 2832 1798 2900 Θεότης,

251 2914 347 2967 καὶ
381 2915 449 2964 τὰ
487 2916 546 2984 ἐκ
579 2915 678 2983 τῆς
710 2916 929 2987 πρώτης
957 2920 1130 2981 αἰτίας
1152 2920 1394 2990 ἀχρὸνως
1422 2920 1626 2972 ἐκεῖθεν
1646 2920 1798 2984 ὄντα,

250 3004 347 3059 καὶ
374 3005 659 3072 ὁμοδόξως,
681 3009 771 3059 καὶ
800 3008 1133 3073 ἁδιαστάτως
1160 3027 1171 3040 ·
1192 3011 1433 3063 τουτέστι
1450 3011 1545 3072 τας
1571 3010 1803 3063 ὑποστά-

252 3108 369 3153 σεις
426 3095 517 3147 τοῦ
552 3097 677 3148 Υιοῦ
728 3101 817 3150 καὶ
859 3100 950 3152 τοῦ
991 3101 1318 3169 [Ινεύματος.
1368 3102 1491 3171 τρία
1534 3102 1602 3153 τὰ
1635 3118 1803 3169 προσ-

250 3184 705 3254 κυνούμεναιΕἴς
736 3190 921 3259 Πατὴρ
954 3192 981 3242 ὁ
1014 3192 1213 3262 Πατὴρ,
1248 3194 1338 3245 καὶ
1366 3194 1614 3261 ἄναρχος,
1659 3210 1806 3245 τουτ-

251 3274 423 3337 έστιν,
448 3277 720 3341 ἀναίτιος·
759 3280 818 3333 οὐ
857 3283 965 3350 γάρ
998 3281 1060 3335 ἐκ
1103 3301 1265 3346 τινος.
1297 3280 1388 3346 Εἷς
1436 3284 1561 3346 Υἱὸς
1590 3287 1617 3337 ὁ
1656 3284 1801 3347 Υἱὸς.

253 3370 347 3420 καὶ
378 3369 475 3421 οὐκ
499 3370 756 3441 ἄναρχος,
802 3374 1077 3426 τουτέστιν
1122 3376 1219 3427 οὐκ
1268 3376 1544 3438 ἀναίτιος·
1594 3378 1658 3429 ὲκ
1707 3376 1801 3429 τοῦ

253 3461 467 3531 Πατρὺς
492 3463 617 3532 γάρ.
648 3465 709 3516 Et
738 3465 791 3517 δὲ
812 3464 909 3536 τὴν
934 3466 1041 3518 ἀπὺ
1067 3466 1162 3518 τοῦ
1195 3467 1383 3537 χρόνου
1412 3466 1593 3529 λάὗοις
1612 3468 1803 3537 ἀρχὴν,

250 3552 351 3603 καὶ
388 3552 620 3623 ἄναρχος
641 3570 653 3583 ο
681 3556 906 3626 ποιητὴς
934 3555 1040 3623 γάρ
1067 3558 1286 3626 χρόνων,
1323 3558 1418 3626 οὐχ
1464 3557 1565 3609 ὑπὸ
1593 3558 1800 3626 χρόνον.

254 3644 356 3695 ’Ἑν
380 3642 621 3711 Πνεῦμα,
676 3644 828 3709 ἅγιον
878 3646 936 3697 τὸ
984 3646 1221 3714 Πνεῦμα,
1250 3647 1434 3715 προϊὸν
1463 3646 1561 3714 μὲν
1604 3648 1668 3697 ὲκ
1711 3644 1802 3697 τοῦ

255 3732 473 3803 Πατρός
499 3749 513 3763 ·
555 3734 848 3800 οὑχυίῖκῶς
884 3734 960 3796 δὲ,
992 3736 1103 3786 ἀλλ’
1148 3735 1512 3805 ὲκπορευτῶς,
1550 3735 1672 3787 οὔτε
1708 3735 1800 3787 τοῦ

249 3824 471 3893 Πατρὸς
497 3824 783 3887 ἐκστάντος
807 3826 902 3895 τῆς
933 3828 1275 3896 ἀγεννησίας,
1297 3826 1424 3879 διότι
1462 3826 1807 3897 γεγέννηκεν,

242 3912 382 3965 οὔτε
418 3914 509 3965 τοῦ
538 3914 664 3967 Υἱοῦ
695 3917 790 3984 τῆς
812 3920 1130 3985 γεννήσεως,
1158 3919 1237 3970 ὅτι
1275 3918 1533 3985 ἐγεννήθη
1558 3917 1616 3982 ἐξ
1648 3919 1808 3984 ἀγεν-

245 4007 417 4074 νήτου
442 4021 455 4036 ·
492 4006 604 4068 πῶς
637 4007 778 4075 γάρ;
806 4006 926 4058 οὔτε
943 4008 1033 4058 τοῦ
1063 4008 1391 4075 Πνεύματος,
1420 4008 1451 4076 ἦ
1483 4008 1561 4068 εἰς
1593 4008 1808 4075 Πατέρα

250 4094 707 4162 μεταπίπτοντος,
762 4096 794 4162 ἦ
842 4098 917 4156 είς
968 4096 1115 4157 Υἱδν,
1147 4097 1227 4148 ὅτι
1271 4095 1684 4165 έκπεπὸρευται,
1713 4097 1806 4147 καὶ

242 4188 336 4236 ὃτι
376 4184 504 4247 Θεὸς
530 4202 541 4213 '
570 4186 601 4254 ή
634 4185 741 4252 γὰρ
769 4186 962 4254 ἰδιότης
996 4186 1265 4255 ἀκίνητος,
1297 4186 1329 4254 ἦ
1370 4185 1482 4247 πῶς
1513 4184 1576 4237 ἂν
1607 4185 1804 4255 ιδιότης

327 4362 381 4430 ’ξ
422 4360 582 4429 Grcg.
620 4359 748 4412 Naz.
776 4369 916 4430 orat.
947 4362 1039 4422 '57;
1067 4361 1222 4428 Greg.
1258 4369 1437 4430 Nyss..
1463 4358 1635 4427 Epist.
1667 4360 1731 4412 ad
1756 4359 2030 4430 .lblab._ct
2059 4365 2203 4409 orat.
2234 4356 2321 4430 δῖ.

242 4432 300 4464 ⁸⁸
344 4428 505 4498 Greg.
536 4426 682 4482 erat.
718 4430 820 4493 29;
858 4428 1075 4501 Dionys.
1102 4446 1150 4483 c.
1180 4426 1240 4483 ἒ.
1279 4426 1349 4483 De
1381 4430 1466 4481 div
1500 4426 1636 4481 nam.
1694 4430 1740 4459 "
1761 4429 1919 4497 Greg.
1952 4427 2081 4480 Nat.
2113 4434 2254 4480 orat.
2286 4426 2373 4478 37.

1888 596 2335 661 pr0prietati|ius,
2384 598 2538 666 140
2590 600 2841 651 nimirum
2894 604 3257 670 paternilatis,
3300 606 3432 656 filia-

1888 685 2073 743 tionis,
2107 693 2161 735 et
2194 687 2597 749 proccssiouis;
2632 695 2793 753 atque
2824 700 3080 755 quantum
3112 692 3177 743 ad
3207 707 3430 744 rausazu

1887 780 1941 825 et
1981 782 2287 833 causatum,
2324 789 2386 826 ac
2422 776 2733 843 liyposmsis
2765 780 3167 844 perfectionem,
3206 783 3307 833 hoc
3351 791 3434 833 est

1887 862 2186 914 exsistcudi
2234 864 2474 927 modum,
2521 866 2939 938 ιιίειίιιειὶοηίιιιι⁸
2981 870 3329 938 intelligimus
3364 872 3430 918 ³³.

1888 950 2073 1020 Neque
2105 954 2246 1006 enim
2292 954 2605 1007 distantiam
2640 958 2935 1009 secundum
2966 959 3164 1017 locum,
3209 969 3263 1009 ut
3292 960 3432 1026 apud

1890 1054 2012 1101 nos,
2070 1040 2122 1091 in
2178 1038 2389 1093 Dcitate
2436 1056 2556 1108 qua:
2611 1044 3167 1110 circumscriptionem
3220 1061 3431 1096 omm-m

1890 1129 2153 1189 excludit,
2186 1130 2474 1183 admittere
2517 1132 2640 1183 Hect
2685 1135 2832 1197 (sunt
2866 1134 3005 1185 enim
3040 1150 3283 1199 personze
3319 1138 3436 1187 alia:

1892 1220 1944 1271 in
1974 1218 2125 1281 aliis;
2158 1234 2261 1271 non
2298 1228 2355 1271 ut
2382 1221 2521 1273 inter
2569 1237 2627 1274 se
2655 1222 3081 1285 confundantur,
3121 1229 3210 1279 scd
3250 1235 3306 1277 ut
3339 1242 3431 1277 co-

1891 1304 2150 1368 luercant,
2204 1308 2356 1373 juxta
2407 1323 2524 1360 eam
2584 1308 2794 1362 Domini
2843 1314 3158 1363 sententiam
3193 1332 3204 1366 :
3236 1317 3343 1381 Ego
3381 1316 3434 1366 in

1892 1394 2056 1448 Patre
2098 1406 2145 1449 et
2199 1397 2359 1450 Pater
2410 1399 2466 1450 in
2516 1416 2594 1451 me
2628 1410 2704 1451 est
2749 1402 2817 1468 “)
2856 1416 2951 1454 nec
2984 1404 3299 1469 voluntatis,
3340 1414 3438 1456 aut

1892 1490 2210 1551 sententiae;
2266 1496 2358 1541 aut
2417 1488 2798 1550 efficacitatis,
2849 1498 2940 1541 aut
2992 1494 3288 1556 potentiae;
3346 1504 3440 1545 aut

1894 1580 2117 1632 alterius
2143 1578 2431 1644 cujusdam
2462 1579 2559 1637 rei,
2593 1594 2713 1646 qua:
2761 1580 2959 1632 realem
2988 1594 3049 1631 ac
3078 1582 3437 1633 omnimodam

1894 1668 1947 1720 in
1989 1668 2146 1721 nobis
2192 1667 2599 1720 distinctionem
2654 1672 2858 1735 gignat,
2912 1667 3204 1720 discrimen
3253 1668 3440 1721 ullum.

1894 1757 2237 1825 Quapropter
2267 1772 2366 1809 nec
2396 1765 2508 1809 tres
2538 1756 2667 1809 deos
2693 1754 2906 1809 Patrem
2932 1765 2983 1808 ct
3016 1756 3208 1808 Filium
3241 1764 3294 1808 et
3321 1756 3442 1823 Spi-

1898 1846 2058 1896 ritum
2089 1853 2341 1897 sanctum
2369 1843 2638 1909 dicimus;
2672 1846 2803 1911 quin
2843 1846 3021 1911 potius
3044 1852 3288 1897 sanctam
3317 1842 3440 1895 Tri-

1895 1935 2115 1986 nitatem
2148 1949 2314 1986 unum
2349 1932 2516 1986 Deum
2568 1934 2867 1987 asserimus
2910 1952 2922 1988 :
2972 1934 3047 1987 sic
3098 1934 3347 1987 videlicet
3386 1941 3444 1985 ut

1896 2025 2065 2079 Filius
2100 2035 2148 2077 cl
2186 2024 2428 2092 Spiritus
2458 2032 2684 2077 sanctus
2715 2024 2781 2074 ad
2808 2038 2970 2074 unum
3005 2030 3280 2074 auctorem
3307 2023 3445 2076 refc-

1897 2125 2111 2176 rantur,
2142 2130 2250 2168 non
2295 2123 2475 2168 autem
2527 2124 2951 2182 componantur,
3004 2120 3094 2165 aut
3137 2114 3290 2181 juxta
3348 2113 3446 2165 Sa-

1897 2205 2039 2258 bellii
2096 2204 2523 2266 contractionem
2594 2218 2702 2256 una
2779 2204 3090 2257 coalescant
3136 2217 3201 2256 ac
3248 2204 3449 2271 permi-

1897 2303 2153 2349 sceantur
2185 2295 2476 2363 (uniuntur
2508 2296 2677 2355 enim,
2735 2301 2794 2348 ut
2841 2294 3098 2356 diximus,
3132 2309 3240 2347 non
3271 2294 3344 2347 ita
3390 2302 3447 2345 ut

1896 2384 2325 2449 confundantur,
2362 2385 2453 2439 sed
2498 2392 2556 2438 ut
2588 2384 2929 2446 colnrereant;
2966 2393 3127 2452 atque
3160 2398 3282 2437 sese
3310 2383 3446 2435 invi-

1899 2488 2021 2527 cem
2056 2474 2191 2527 citra
2226 2489 2442 2528 omnem
2491 2474 2979 2527 contradictionem
3016 2487 3079 2525 ac
3110 2472 3448 2526 commistio-

1898 2580 2018 2619 nem
2060 2564 2401 2632 pervadant),
2447 2578 2545 2616 nec
2598 2570 2752 2616 extra
2780 2578 2837 2615 se
2887 2563 3116 2614 invicem
3166 2563 3450 2621 sistantur,

1901 2661 1991 2706 aut
2022 2661 2282 2721 quantum
2320 2654 2383 2704 ad
2414 2654 2712 2707 essentiam
2754 2653 2907 2717 juxta
2962 2651 3074 2703 Arii
3130 2652 3451 2706 divisionem

1902 2744 2227 2798 scindantur
2270 2743 2336 2795 ’⁸.
2381 2742 2618 2796 lndivisa
2671 2742 2811 2795 eiiim
2861 2744 2913 2795 in
2964 2742 3175 2805 divisis,
3230 2748 3287 2794 ut
3339 2757 3452 2793 rem

1902 2830 2139 2884 breviter
2159 2831 2459 2892 enuntiem,
2492 2829 2760 2884 Diviuitas
2781 2838 2899 2895 est;
2931 2843 2993 2882 ac
3022 2830 3166 2881 velut
3197 2830 3249 2883 in
3280 2830 3455 2883 tribus

1902 2923 2108 2976 solibus
2129 2921 2229 2975 sibi
2263 2921 2493 2974 invicem
2524 2921 2940 2984 cohaerentibus,
2971 2922 3118 2974 nulla
3149 2922 3251 2974 loci
3286 2921 3457 2975 inter-

1903 3013 2168 3082 capedine
2198 3014 2519 3080 disjuuctis,
2549 3028 2653 3066 una
2685 3012 2988 3080 eademque
3019 3012 3157 3066 lucis
3190 3020 3458 3081 tempera-

1907 3103 1984 3156 tio
2026 3112 2187 3170 atque
2228 3102 2568 3169 conjunctio.
2623 3101 2803 3167 Quare
2849 3118 2971 3154 eum
3030 3102 3318 3165 Deitatem,
3350 3104 3459 3170 pri-

1908 3210 2160 3262 mamque
2217 3193 2361 3246 illam
2415 3206 2678 3257 causam,
2733 3199 2786 3244 ct
2846 3192 3257 3256 monarchiam,
3298 3202 3458 3260 atque

1906 3302 2067 3358 upam
2112 3284 2469 3352 eamdemque
2514 3283 2812 3337 divinitatis
2847 3284 2929 3351 (ut
2977 3284 3049 3335 ita
3095 3284 3299 3349 dicam)
3344 3300 3459 3335 mo-

1905 3379 2132 3441 tianem,
2169 3383 2222 3429 et
2256 3377 2613 3439 voluntatem,
2647 3373 2895 3427 eamdem
2937 3374 3233 3427 essentiam
3267 3388 3328 3425 ac
3365 3388 3459 3439 po-

1906 3468 2151 3528 tentiam.
2185 3465 2693 3531 efficacitatemque,
2725 3472 2776 3517 et
2806 3464 3227 3517 dominationem
3278 3464 3459 3517 intue-

1910 3572 2055 3621 mur,
2093 3570 2258 3609 unum
2290 3552 2556 3606 duntaxat
2591 3551 2775 3605 sensui
2820 3556 3006 3604 nostro
3054 3550 3459 3602 observatur".

1912 3648 1981 3700 At
2009 3656 2161 3711 vero,
2192 3660 2314 3699 cum
2346 3658 2431 3707 ea,
2463 3642 2516 3695 in
2549 3641 2747 3710 quibus
2785 3639 2967 3693 Deitas
3002 3649 3106 3702 est,
3141 3638 3243 3703 vel,
3281 3638 3325 3692 si
3374 3654 3462 3692 τιο-

1909 3738 2153 3792 curatius
2177 3733 2505 3804 loquendum
2536 3740 2642 3793 est,
2678 3745 2798 3800 quae
2829 3731 3001 3784 Deitas
3032 3738 3133 3794 est,
3174 3738 3338 3797 atque
3392 3744 3453 3783 ea

1916 3844 2036 3898 qua!
2066 3842 2130 3881 ex
2165 3825 2404 3895 principe
2461 3824 2550 3877 illa
2601 3838 2763 3875 causa
2814 3824 2950 3874 citra
3001 3837 3158 3875 omne
3202 3822 3462 3888 temporis

1914 3918 2189 3985 spatium,
2241 3916 2535 3984 gloriaeque
2584 3913 2913 3975 discrimen,
2960 3927 3021 3964 ac
3067 3912 3463 3980 separatiouem

1913 4007 2225 4069 exsistunt;
2257 4005 2358 4057 hoc
2406 4012 2492 4058 est
2538 4017 2819 4071 personas,
2864 4002 3301 4063 consideramus,
3361 4002 3462 4053 tria

1913 4103 2040 4150 sunt
2068 4110 2189 4165 qua:
2212 4110 2240 4146 a
2266 4094 2422 4147 nobis
2454 4094 2747 4146 adorantur
2766 4091 2834 4144 "'.
2874 4091 3024 4145 Unus
3050 4100 3221 4159 pater,
3266 4090 3460 4153 Pater;

1913 4185 2161 4253 idemque
2200 4184 2474 4252 principii,
2516 4183 2620 4236 hoc
2671 4191 2788 4238 est.
2832 4195 3008 4234 causa:
3042 4196 3235 4248 expers
3268 4182 3465 4249 (neque

2398 4358 2443 4388 "
2476 4355 2641 4409 Basil.
2676 4355 2817 4423 epist
2863 4354 2948 4407 45.
3024 4354 3344 4415 "luamvv,
3380 4355 3461 4407 ll.

2449 4426 2492 4456 "’
2525 4425 2601 4481 ld.
2631 4435 2768 4478 orat.
2798 4424 2859 4476 19
2884 4433 2936 4476 ct
2961 4424 3049 4477 29.

1788 4579 2014 4634 NOTAL'.

329 4677 441 4744 (:26)
472 4679 571 4741 Εἰς
626 4675 692 4728 ἐν
733 4676 943 4728 αἴτιον.
979 4673 1308 4744 δίσυίόείὶςει
1359 4684 1411 4723 ut
1466 4673 1652 4744 Fitius,
1698 4682 1803 4725 etc.
1840 4672 1881 4724 D
1913 4672 1979 4722 mi

1840 4672 1881 4724 D
1913 4672 2038 4744 mini
2066 4669 2191 4725 Jesu
2225 4679 2538 4744 naturarum
2596 4668 3038 4734 conjunctioncm
3072 4683 3186 4744 eam
3220 4683 3341 4721 esse
3371 4668 3466 4727 ait,

238 4742 387 4803 llaec
410 4742 577 4798 altera
613 4746 753 4799 ratio
778 4753 882 4805 est,
916 4759 980 4796 ex
1032 4745 1195 4797 variis
1227 4743 1495 4809 Tlieologi
1537 4742 1669 4795 locis
1715 4755 1804 4808 pe-

240 4822 381 4875 tita.
412 4824 628 4882 propter
659 4830 820 4883 quam
853 4822 967 4866 tres
1014 4828 1255 4882 personm
1296 4808 1447 4863 unus
1486 4808 1638 4883 Deus
1662 4816 1807 4870 sunt,

238 4892 332 4943 ob
368 4876 628 4936 unita-tem
677 4876 896 4938 scilicet
954 4876 1222 4948 principii,
1285 4895 1348 4931 ex
1399 4895 1504 4948 quo
1542 4876 1724 4948 Filius
1759 4887 1811 4929 et

239 4956 502 5025 Spiritus
537 4961 759 5025 sanctus
791 4946 1064 5025 individue
1102 4946 1606 5025 p_rocedunt."Naui,
1632 4946 1813 5025 IiListe
1842 4962 1849 4969 '

234 5017 454 5081 doctor
514 5023 619 5084 ait,
662 5035 769 5073 una
823 5022 875 5072 in
923 5017 1362 5073 tribusnatura.
1419 5018 1556 5070 Deus
1591 5032 1602 5066 :
1643 5017 1813 5068 "va,

236 5112 343 5155 σις
379 5092 433 5145 δὲ
464 5095 492 5144 ὁ
522 5091 732 5160 Πατὴρ,
780 5090 838 5154 ἐξ
882 5084 969 5160 οἵ)⁸
1008 5089 1100 5141 καὶ
1148 5088 1280 5156 πρὸς
1339 5088 1397 5137 ὃν
1440 5087 1697 5160 ἀνάγεται
1745 5084 1812 5136 τὰ

236 5164 411 5231 ἑξῆς,
437 5162 619 5226 copula
656 5157 777 5231 fere
831 5170 905 5212 est
942 5158 1119 5231 fater,
1154 5174 1216 5209 ea:
1248 5174 1346 5225 quo
1376 5166 1424 5208 et
1447 5157 1512 5208 ad
1551 5171 1698 5223 quem
1732 5170 1814 5207 re-

193 5270 201 5277 α
234 5227 430 5301 liqua,
470 5231 519 5283 id
550 5239 631 5284 est
656 5227 826 5301 Filius
851 5237 903 5301 et
937 5228 1168 5295 Spiritus
1198 5238 1441 5286 sanctus,
1476 5242 1575 5277 non
1607 5235 1661 5275 ut
1691 5241 1813 5276 con-

232 5298 574 5370 firmantur,
594 5298 681 5352 sed
711 5308 766 5370 ut
792 5298 1115 5358 coluereunt;
1142 5306 1315 5370 utpote
1335 5312 1461 5362 quos
1492 5312 1579 5370 nec
1614 5303 1811 5370 tempus

232 5364 537 5438 Hisjungit,
570 5385 657 5422 nec
684 5367 945 5430 voluntas,
987 5383 1076 5419 nec
1107 5367 1352 5431 polentia,
1379 5376 1501 5426 etc.,
1532 5364 1713 5438 plures
1742 5364 1814 5415 si-

230 5432 485 5511 quidem
513 5438 587 5511 dii
610 5438 866 5511 [οι-ενι,δί
886 5438 1082 5511 duplo;
1110 5450 1459 5511 personarum
1487 5432 1809 5511 principium

228 5496 412 5566 c'sset
447 5524 462 5559 :
493 5507 587 5562 sed
618 5496 806 5574 ὥσπερ
839 5506 932 5573 μία
956 5496 1125 5573 ἀρχὴ,
1148 5506 1337 5571 inquit,
1374 5496 1511 5555 κατᾶ
1548 5496 1703 5553 τοῦτο
1734 5496 1811 5562 εἷς

230 5578 416 5637 Θεὸς.
447 5592 561 5628 eam
592 5578 652 5629 ob
684 5593 792 5628 rem
824 5592 956 5626 unus
987 5584 1060 5626 est
1095 5574 1246 5625 Deus.

325 5646 447 5711 (27)
476 5646 585 5698 Καὶ
613 5646 725 5709 τὴν
747 5645 814 5696 ἐν
846 5642 1141 5706 ἀλλήλαις
1169 5641 1576 5709 περιχὼρησιν.
1641 5638 1807 5711 Atque

229 5736 300 5777 σε
335 5707 589 5780 invicem,
619 5707 725 5769 etc.
767 5711 1068 5782 Theologus
1108 5707 1344 5765 intimam
1390 5711 1667 5764 ambarum
1703 5707 1806 5762 Do-

1912 4750 1969 4791 ut
2010 4739 2062 4792 in
2098 4755 2219 4793 sese
2253 4749 2442 4792 mutuo
2494 4738 2746 4791 immeeut
2781 4746 2833 4790 et
2896 4737 3209 4805 pervadant,

1912 4810 2087 4877 μένων
2117 4809 2222 4860 τῶν
2255 4808 2491 4876 φύσεων,
2532 4808 2623 4858 καὶ
2669 4804 3087 4875 περιχωρουσῶν
3118 4808 3197 4867 εἰς
3229 4804 3464 4877 ἀλλήλας

1907 4878 1983 4944 τῷ
2017 4878 2154 4946 λόγῳ
2183 4880 2279 4945 τῆς
2314 4877 2602 4944 συμφυΐας,
2632 4878 2917 4927 commisti:
2957 4877 3161 4946 naturis
3188 4883 3234 4925 et
3277 4876 3469 4925 arctis-

1908 4948 2054 5000 simw
2082 4945 2458 5015 coiiiuuctionis
2499 4948 2699 4996 ratione
2731 4946 2783 4995 iu
2832 4960 2885 4996 δε
2920 4945 3132 5015 invicem
3170 4958 3469 5015 ςοηιηιεαητ

1912 5018 2067 5070 tibus.
2116 5011 2312 5069 vocem
2374 5017 2814 5084 περιχωρήσεως,
2859 5028 3015 5084 quam
3071 5011 3261 5084 Latine
3296 5011 3465 5084 nostri

1914 5079 2459 5139 circumincessioneni
2505 5079 2740 5140 venum.
2780 5097 2841 5133 ex
2873 5079 3058 5135 eodem
3112 5080 3334 5133 doctore
3363 5079 3464 5129 Da-

3291 4752 3473 4800 vtpva-

1916 5170 2201 5208 masceuus
2237 5163 2512 5207 mutuatus
2536 5165 2637 5215 εει,
2675 5167 2777 5219 qua
2812 5149 3095 5204 Trinitatis
3138 5164 3387 5219 persona:
3411 5148 3462 5201 in

1915 5241 1973 5277 se
2007 5224 2232 5278 invicem
2270 5238 2488 5277 manere
2549 5218 2765 5290 perinde
2798 5218 3176 5289 significaret:
3219 5219 3270 5270 in
3309 5218 3465 5290 cujus

1914 5294 2450 5347 circumincessiouis
2477 5288 2781 5357 exeiuplum
2840 5288 3210 5342 Nazianzenus
3259 5288 3464 5354 profert

1915 5364 2169 5417 unionem
2202 5362 2417 5424 mentis,
2458 5360 2824 5429 cogitationis.
2876 5367 2929 5413 et
2959 5362 3164 5417 animae,
3200 5374 3317 5422 qum
3344 5357 3464 5409 sine

1914 5434 2019 5485 ulla
2045 5432 2308 5485 divisione
2335 5447 2453 5484 sese
2488 5436 2790 5493 mutuobut
2824 5430 2893 5480 ita
2931 5429 3123 5484 dicam,
3157 5438 3461 5493 pt'llttll'ulll.

1910 5501 2096 5555 Simile
2152 5500 2293 5553 aliud
2326 5499 2545 5552 adducit
2594 5469 2825 5566 triplicis
2852 5498 3001 5556 solis,
3058 5469 3285 5561 qum-um
3330 5493 3462 5544 radii

1910 5572 2406 5625 couuniscerentur.
2429 5568 2546 5633 Qua
2569 5568 2633 5622 de
2670 5583 2726 5622 re
2754 5567 3008 5636 legendus
3073 5566 3458 5633 Dionysiaslcr.

1910 5657 2029 5709 Cap.
2073 5641 2106 5692 ξ
2137 5639 2211 5692 De
2238 5640 2339 5692 div.
2390 5656 2529 5691 nom.
