4198 6492
764 412 868 477 839

756 616 1041 676 perspecta
1108 604 1393 664 habemus,
1443 610 1607 667 atque
1669 613 1733 651 ex
1797 596 1882 649 liis
1947 595 2012 647 ad
2067 594 2308 646 divinam

768 698 1065 751 essentiam
1132 692 1302 745 veluti
1363 696 1615 758 porrecta
1641 700 1803 738 manu
1882 682 2152 744 ducimur,
2204 694 2312 733 non

759 786 1053 841 essentiam
1127 783 1324 851 ipsam,
1402 780 1495 833 sed
1557 790 1679 845 quae
1755 780 1887 827 sunt
1943 772 2087 825 circa
2123 782 2316 823 essen-

760 877 916 934 tiam,
966 874 1343 942 percipimus:
1395 865 1851 937 quemadmodum
1916 875 2017 915 nec
2077 859 2123 914 si
2157 858 2317 912 nobis

760 968 1103 1035 exploratum
1168 963 1241 1013 sit
1304 961 1541 1012 animam
1594 956 1972 1022 incorpoream
2038 963 2180 1012 esse,
2235 956 2321 999 ato

762 1070 870 1123 que
913 1052 1223 1120 quantitate
1269 1062 1331 1100 ac
1380 1046 1548 1114 ﬁgura
1590 1058 1810 1104 vacare,
1869 1038 2120 1107 protinus
2155 1036 2325 1103 ipsius

766 1159 992 1211 «lutoque
1046 1139 1339 1193 essentiam
1403 1134 1673 1211 cognitam
1749 1143 1815 1182 ac
1875 1126 2325 1194 comprehensam

766 1209 1165 1287 habuerimus:
1224 1209 1605 1285 consimiltfer,
1662 1234 1764 1274 nec
1808 1217 2062 1287 quamvis
2125 1226 2327 1281 corpus

766 1320 1021 1388 aliquod,
1081 1318 1165 1370 vel
1240 1313 1577 1373 candidum,
1630 1310 1712 1363 vel
1762 1318 1939 1361 atrum
1986 1320 2107 1360 esse
2165 1305 2326 1358 nobis

766 1416 995 1471 constet,
1039 1404 1269 1474 proinde
1294 1418 1514 1472 quoque
1548 1402 1722 1469 ipsms
1761 1396 2003 1451 essentia
2042 1401 2324 1462 comperta

765 1498 926 1551 nobis
974 1505 1080 1549 est.
1116 1494 1289 1547 Porro
1332 1506 1461 1545 vera
1507 1490 1758 1543 doctrina
1804 1484 1976 1539 Deum
2019 1483 2324 1551 simplicem

765 1578 905 1640 esse}
936 1586 1126 1645 tradit,
1172 1594 1335 1651 atque
1378 1596 1541 1634 unam
1593 1579 1899 1647 simplicem
1950 1578 2323 1644 operationem

766 1676 985 1736 habere,
1017 1688 1244 1741 eamque
1272 1672 1496 1733 bonam,
1523 1677 1578 1723 et
1603 1669 1788 1722 omnia
1831 1669 1884 1721 in
1913 1666 2173 1721 omnibus
2196 1680 2326 1734 Ope.

1844 410 1906 464 S.
1940 403 2260 467 JOANNIS
2302 400 2727 462 DAMASCENI

828 516 987 589 ιη
1019 515 1110 569 Dei
1136 514 1367 580 operatio
1397 526 1499 563 una
1524 506 1979 575 sintplex.—ll;rc
2005 506 2171 573 igitur
2191 519 2314 555 cum
2344 510 2389 563 Α

2344 510 2389 563 Α
2490 502 2673 553 Ταῦτα
2693 496 2787 552 οὗν
2820 500 3041 565 εἰδότες,
3071 501 3167 553 καὶ
3194 502 3258 553 ὲκ
3300 501 3505 553 τούτων
3537 504 3628 554 ἐπὶ
3682 504 3789 572 τὴν
3840 504 3998 555 θείαν

3892 398 3999 459 διο

2416 591 2601 642 οὐσίαν
2625 590 3151 658 χειραγωγούμενοι,
3173 590 3273 649 οῦκ
3302 590 3469 659 αὐτὴν
3486 590 3583 659 τὴν
3605 591 3803 641 οὐσίαν
3826 606 3999 642 καταρ-

2418 679 2792 747 λαμϐάνομεν,
2824 678 2960 731 ἀλλὰ
2987 679 3058 730 τὰ
3098 678 3229 747 ¹περὶ.
3257 680 3357 747 τὴν
3388 680 3611 733 οὐσίαν*
3640 680 3844 745 ῶσπερ
3874 679 3997 730 οὐδὲ

2421 770 2515 823 ἐὰν
2544 769 2780 837 γνῶμεν,
2804 770 2885 821 ὅτι
2918 772 2951 838 ή
3142 770 3430 838 ἀσώματός
3460 772 3597 834 ἐστι,
3631 774 3728 823 καὶ
3762 771 3995 833 ἄποσος,

2421 861 2515 912 καὶ
2545 859 2974 928 ἀσχημάτιστος,
3001 861 3101 929 ἢδη
3136 862 3229 912 καὶ
3259 860 3357 933 τὴν
3378 860 3565 912 οὐσίαν
3596 862 3772 930 αὐτῆς
3805 876 3995 913 κατει-

2422 949 2674 1018 λήφαμεν
2696 967 2712 981 ’
2746 949 2866 1003 οὐδὲ
2887 950 2983 1002 τοῦ
3007 950 3276 1019 σώματος,
3306 952 3468 1020 εἴπερ
3498 951 3715 1019 γνῶμεν
3744 954 3833 1004 ὅτι
3877 950 3997 1001 λεν.

2424 1040 2520 1091 κὸν
2550 1040 2584 1107 ἢ
2614 1040 2782 1108 μέλαν
2810 1040 2979 1102 ἐστὶν,
3007 1040 3144 1092 ἀλλὰ
3175 1040 3243 1092 τὰ
3273 1042 3403 1110 περὶ
3424 1041 3539 1109 -τὴν
3574 1042 3787 1094 οῦσεαν.
3835 1042 3898 1094 Ὅ
3942 1041 3997 1094 ἃ

2423 1128 2629 1195 ἀληθὴς
2669 1130 2825 1195 λόγος
2879 1129 2990 1199 (at)
3021 1129 3262 1182 διδάσκει
3289 1130 3493 1183 ἁπλοῦν
3541 1128 3677 1182 ιινη
3720 1132 3784 1182 τὸ
3812 1111 3995 1191 Ozias,

2424 1219 2521 1272 καὶ
2548 1219 2679 1286 μίαν
2723 1219 2901 1287 ἁπλῆν
2930 1219 3079 1289 ἔχειν
3109 1221 3410 1288 ἐνέργειαν,
3454 1221 3687 1290 ἀγαθὴν.
3726 1220 3827 1273 καὶ
3860 1221 3992 1271 πεῖσὶ

2424 1308 2492 1361 τὰ
2523 1309 2697 1361 πάντα
2729 1308 3078 1378 ἐνεργοῦσαν,
3128 1311 3269 1363 κατὰ
3312 1311 3412 1379 τὴν
3444 1311 3537 1363 τοῦ
3570 1312 3727 1379 ἡλίου
3771 1312 3991 1371 ἀκτῖνα,

2425 1400 2547 1467 ἥτις
2570 1400 2746 1451 πάντα
2769 1399 2982 1461 Θάλπει,
3006 1403 3099 1453 καί
3128 1403 3188 1453 ὲν
3218 1402 3431 1468 ἑκάστῳ
3459 1402 3601 1453 κατὰ
3622 1402 3720 1469 τὴν
3751 1399 3995 1467 φυσικὴν

2427 1488 2877 1555 ἐπιτηδειότητα,
2930 1490 3023 1541 καὶ
3075 1489 3327 1559 δεκτικὴν
3372 1491 3600 1557 δυναμιν
3632 1492 3877 1558 ἐνεργεῖ,
3932 1492 3995 1540 ἐι

2425 1577 2927 1647 δημιουργήσαντος
2951 1578 3085 1631 Θεοῦ
3109 1581 3207 1649 τὴν
3235 1579 3489 1649 τοιαύτην
3511 1580 3747 1649 εἰληφὼς
3775 1590 3805 1629 ει
3837 1580 3991 1648 ὲνέρ⁴

2426 1678 2603 1731 γειαν.

768 1774 1010 1827 rantem;
1041 1765 1210 1817 instar
1238 1763 1435 1817 solaris
1489 1761 1653 1823 radii,
1685 1761 1781 1827 qui
1814 1762 2000 1814 omnia
2034 1759 2201 1817 fovet,
2236 1766 2402 1825 atque
2440 1759 2493 1811 in
2526 1758 2784 1828 singulis,
2849 1766 3014 1829 prout
3074 1760 3332 1830 quodque
3385 1761 3619 1815 naturali
3685 1761 3994 1830 aptitudine

769 1853 1047 1917 prmditttnt
1077 1864 1180 1915 est,
1219 1860 1274 1907 et
1308 1853 1381 1905 ita
1412 1859 1791 1920 comparatum
1813 1886 1832 1913 ,
1865 1857 1925 1903 ut
1954 1849 2133 1919 ipsum
2168 1850 2427 1917 excipere
2456 1852 2656 1919 possit,
2689 1850 2801 1904 vim
2829 1865 2988 1907 suam
3049 1853 3226 1907 exerit
3250 1894 3268 1916 ,
3330 1850 3405 1906 ab
3472 1852 3670 1922 opiﬂee
3732 1853 3995 1909 videlicet

767 1941 876 1995 Deo
908 1945 1016 1996 vim
1043 1944 1351 2013 hujusmodi
1384 1953 1739 1999 consecutus.

2057 1999 2287 2063 VARIE
2319 2004 2716 2061 LEC‘I'IONES.

849 2136 874 2175 τι
915 2124 1104 2178 Melius
1129 2124 1344 2192 legeris,
1377 2122 1662 2193 εἰληφυῖα,
1689 2133 1748 2176 ιιι
1782 2122 1838 2176 in
1867 2120 2149 2176 nonnullis
2181 2118 2345 2173 codd.
2380 2108 2587 2188 Regiis.

2237 2236 2471 2291 NO'LB.

770 2336 1107 2415 damnatum:
1132 2334 1282 2415 Quod
1302 2336 1347 2388 si
1374 2335 1489 2415 quis
1518 2336 2092 2415 nostramndoctr‘inam
2122 2334 2326 2385 calum-
2355 2336 2398 2391 Β
2432 2328 2524 2384 Del
2548 2329 2745 2415 potiori
2776 2330 2901 2415 jure
2932 2340 3099 2415 quam
3144 2331 3741 2415 esseptigtmnvgnire,
3771 2341 3831 2415 n_t
3864 2335 3993 2415 Θεοί

768 2406 959 2465 nietur,
996 2406 1191 2470 inquit,
1244 2421 1305 2456 ac
1352 2404 1398 2456 si
1429 2420 1487 2457 eo
1509 2404 1646 2471 quod
1676 2404 1879 2455 nullum
1921 2404 2204 2457 discrimen
2238 2418 2319 2454 se-

765 2472 993 2527 cundum
1025 2483 1266 2523 naturam
1298 2473 1564 2532 admittat,
1617 2474 2004 2537 permistionem
2046 2481 2097 2525 et
2131 2472 2318 2537 conlu-

767 2544 963 2596 sionem
994 2542 1355 2609 hypostasium
1406 2541 1708 2592 introducat
1740 2556 1757 2593 :
1788 2543 1884 2593 Itoc
1916 2552 2102 2593 contra
2138 2540 2320 2591 crimi-

770 2622 979 2661 natores
1009 2611 1446 2673 respondebimus,
1473 2626 1566 2661 nos
1592 2610 1667 2661 sic
1702 2618 1948 2661 naturam
1995 2610 2318 2661 diversitatis

768 2692 1029 2741 expertem
1052 2678 1308 2742 conﬁteri,
1342 2689 1397 2729 ut
1430 2694 1534 2730 non
1563 2694 1803 2746 negemus
1826 2678 2199 2745 diferentiam,
2222 2678 2322 2745 τὴν

772 2748 909 2797 κατὰ
928 2748 986 2795 τδ
1010 2747 1182 2797 αἰτίαν
1206 2748 1296 2796 καὶ
1316 2748 1574 2806 αἰτιατόν,
1594 2763 1699 2814 qua
1719 2763 1852 2799 unus
1886 2760 2046 2798 causa
2072 2756 2168 2806 est,
2183 2748 2321 2799 alius

771 2832 803 2865 α
832 2830 1030 2875 causa;
1068 2816 1252 2880 quippe
1294 2831 1396 2881 qua
1436 2816 1761 2868 solummodo
1794 2816 2019 2868 alterum
2050 2819 2113 2866 ab
2156 2816 2323 2867 altera

768 2884 980 2951 di/ferre
1035 2884 1372 2951 concipimus.
1425 2883 1513 2951 τῷ
1562 2883 1623 2934 τὸ
1673 2885 1770 2951 μὲν
1828 2885 1997 2935 αἴτιον
2042 2884 2322 2934 πιστεύειν

768 2946 928 3012 εἶναι,
957 2952 1017 3001 τὺ
1065 2951 1121 3002 δὲ
1152 2953 1215 3001 ἐκ
1256 2950 1349 3002 τοῦ
1380 2946 1574 3015 αἰτῖου,
1621 2946 1715 3004 κάι
1745 2952 1838 3003 τοῦ
1866 2953 1923 3015 ἐξ
1945 2952 2123 3012 αἰτίας
2171 2952 2322 3012 ὄντος

771 3022 931 3071 πάλιν
954 3019 1120 3087 ἄλλην
1150 3020 1411 3089 διαφορὰν
1433 3019 1737 3088 ἐννοοῦμεν.
1762 3021 1893 3073 Cum
1917 3020 2155 3073 videlicet
2188 3021 2321 3073 alte-

768 3106 884 3139 rum
923 3104 1033 3141 esse
1078 3103 1290 3139 causam
1343 3090 1719 3153 principiumve
1765 3089 2051 3151 credimus,
2096 3092 2321 3141 alterum

769 3174 885 3209 vero
916 3173 980 3208 ex
1007 3158 1283 3222 principio,
1311 3173 1373 3208 ac
1395 3159 1602 3210 tandem
1635 3160 1914 3210 discrimen
1947 3158 2094 3209 aliud
2126 3158 2325 3210 intelli-

768 3229 962 3293 gimus,
993 3236 1121 3289 puta
1159 3227 1271 3291 ejus
1309 3226 1398 3293 qui
1434 3234 1509 3278 est
1556 3244 1588 3277 a
1612 3228 1917 3293 principio,
1946 3226 2024 3279 Ad
2060 3227 2226 3288 hunc,
2265 3236 2323 3278 ut

773 3311 917 3356 reor,
955 3295 1131 3345 locum
1171 3296 1534 3349 Damascenus
1557 3297 1846 3359 alludebat,
1878 3294 2098 3363 quando
2146 3296 2325 3363 bicAet

769 3378 885 3429 cap.
920 3364 1004 3423 l2,
1058 3363 1124 3414 de
1174 3377 1526 3430 personarum
1579 3361 1911 3418 discrimine
1949 3364 2186 3430 scripsit.
2232 3361 2323 3417 Sic

770 3430 989 3500 Dionysi.
1018 3444 1135 3495 cap.
1164 3430 1201 3500 2
1252 3430 1322 3481 De
1352 3432 1455 3483 div.
1495 3446 1635 3500 nam.
1663 3448 1680 3483 :
1728 3432 1837 3493 Τὰς
1865 3432 2186 3500 διακρίσεις,
2235 3433 2322 3483 ἰη-

765 3498 1024 3565 quiusa;
1045 3498 1444 3569 ayaﬂonpansi;
1486 3500 1583 3565 τῆς
1613 3499 1869 3569 θεαρχὲας
1921 3498 2178 3569 προόδους
2231 3500 2324 3551 καὶ

768 3570 1054 3634 suci-nat;
1076 3584 1087 3593 '
1119 3566 1484 3620 Distiuctiones
1509 3566 1722 3630 vocant,
1739 3566 1977 3634 optimas
1996 3570 2155 3620 dirini
2180 3570 2323 3635 prin-

2426 2415 2528 2470 της
2577 2399 2763 2470 _De_itas
2820 2408 3185 2470 nuncupgtur.
3240 2398 3520 2453 Novellum
3552 2399 3746 2470 dogma
3798 2403 3906 2459 hoc
3936 2407 3989 2459 in

2424 2466 2621 2589 primis
2648 2466 2965 2547 Damasceni
2999 2466 3163 2521 eﬂato
3184 2466 3647 2547 communiebant,
3676 2474 3825 2539 quod
3846 2474 3990 2553 infra

2465 2536 2677 2589 abetnr.
2715 2536 2808 2588 ltb.
2844 2552 2903 2589 ιι.
2934 2550 3057 2589 can.
3090 2537 3193 2589 l3:
3241 2544 3295 2589 et
3326 2538 3417 2589 lib.
3454 2552 3573 2589 xm.
3602 2553 3651 2589 e.
3683 2539 3748 2589 15
3777 2557 3792 2589 :
3827 2545 3990 2589 Alma

2465 2536 2677 2597 abetur,
2715 2536 2808 2605 lib.
2844 2552 2903 2598 Il,
2934 2550 3057 2605 cap.
3090 2537 3193 2596 l3;
3241 2544 3295 2589 et
3326 2538 3417 2590 lib.
3454 2552 3573 2601 xut,
3602 2553 3651 2592 c.
3683 2536 3748 2591 15
3777 2557 3792 2590 :
3826 2545 3991 2595 Aliud

2420 2621 2531 2660 esse
2562 2604 2812 2671 operandi
2842 2606 2963 2667 vim,
3006 2604 3169 2657 aliud
3202 2607 3431 2673 operari,
3469 2608 3614 2659 aliud
3658 2622 3989 2673 operantem,

2421 2683 2471 2727 et
2518 2674 2665 2727 aliud
2697 2674 2751 2724 id
2784 2675 2921 2742 quod
2959 2676 3259 2739 operatione
3287 2674 3574 2742 perﬁcitur.
3614 2675 3983 2742 Dionysiastri

2422 2683 2471 2727 et
2518 2676 2665 2727 aliud
2697 2676 2751 2724 id
2784 2676 2921 2742 quod
2959 2676 3259 2739 operatione
3287 2676 3574 2742 perﬁcitur.
3614 2676 3983 2747 Dionysiastri

2422 2743 2941 2814 etiamnauctoritate
2961 2743 3251 2814 admodum
3278 2745 3778 2814 gloriabantur,qui
3808 2756 3989 2802 tamen

2422 2827 2545 2880 cap.
2580 2812 2613 2864 5
2644 2810 2718 2863 De
2744 2812 2852 2863 div.
2897 2828 3041 2866 nam.
3092 2810 3334 2879 ipsoruin
3364 2826 3602 2865 errorem
3646 2810 3988 2878 prhfocavit,

2424 2882 2515 2933 ubi
2546 2880 2705 2932 docet
2753 2895 2858 2931 non
2884 2880 3045 2933 modo
3077 2884 3263 2938 vitam,
3289 2884 3606 2938 potentiam,
3637 2886 3986 2938 sapientiam.

2424 2894 2515 2933 llDl
2546 2894 2705 2932 nocet
2753 2895 2858 2931 non
2884 2894 3045 2933 modo
3077 2894 3263 2941 vnam,
3289 2894 3606 2947 potentiam,
3637 2894 3986 2951 sapientiam,

2421 2956 2475 3003 θί
2490 2949 2699 3037 3ῧέχῖ
2708 2946 3167 3037 Ρξὲθδέἳίξῖθῖἷ
3203 2950 3571 3037 δείὲἓῗὲωὲῗῑ
3595 2954 3797 3037 cf?!“
3817 2955 3993 3037 59"!“

2422 3018 2812 3071 communicari
2838 3056 2853 3078 ,
2885 3031 3077 3071 verum
3117 3024 3181 3070 et-
3223 3018 3401 3085 ipsum
3455 3032 3579 3072 esse
3630 3017 3724 3073 Dei
3761 3039 3774 3069 :
3817 3023 3876 3074 '0
3915 3023 3993 3074 ὢν

2421 3088 2542 3139 ὅλου
2565 3086 2659 3137 τοῦ
2683 3080 2820 3137 εἶναι
2843 3087 2981 3137 κατὰ
3001 3084 3226 3153 δύναμιν
3250 3085 3564 3153 ὑπεροὺσιὸς
3581 3087 3728 3139 ἐστιν
3751 3090 3991 3144 ὑποστά-

2422 3173 2522 3223 της
2542 3156 2636 3206 καὶ
2655 3154 2718 3221 δη
2728 3154 3167 3225 μιοῖιρτὺςὸντος,
3190 3154 3723 3225 ὑπάρξεωςηοῦσέας,
3747 3160 3987 3225 φύσεως.

2424 3222 2566 3288 Quin
2594 3237 2694 3276 nec
2727 3225 2781 3275 in
2816 3222 2922 3275 Deo
2949 3224 3094 3275 aliud
3128 3238 3250 3276 esse
3269 3224 3330 3275 τὸ
3380 3223 3605 3289 ἀγαθὸν,
3649 3222 3864 3287 bonum,
3898 3232 3993 3280 καὶ

2425 3294 2551 3344 ἄλλο
2582 3293 2643 3343 τὸ
2670 3291 2750 3353 ὂν,
2768 3292 2861 3343 καὶ
2885 3292 3013 3345 ἄλλο
3031 3291 3130 3359 τὴν
3152 3291 3317 3359 ζωὴν,
3344 3291 3377 3359 ἢ
3404 3293 3502 3359 τὴν
3522 3293 3732 3360 σοφίαν,
3763 3306 3813 3347 et
3842 3297 3993 3347 aliud

2423 3377 2534 3421 ens,
2570 3371 2618 3413 et
2640 3360 2787 3412 aliud
2820 3362 3002 3429 gitam,
3050 3369 3141 3411 aut
3169 3362 3482 3424 sapientiam
3503 3376 3522 3412 :
3556 3378 3731 3429 neque
3766 3379 3991 3417 rursum

2424 3430 2594 3480 πολλὰ
2622 3429 2771 3479 αῐτια
2797 3424 2953 3489 εἶναι,
2980 3430 3154 3494 plures
3177 3444 3288 3480 esse
3321 3444 3534 3491 causas,
3571 3424 3829 3497 pluresve
3868 3434 3991 3484 Θεό-

2422 3515 2612 3567 τητας,
2640 3497 2881 3549 deitates.
2922 3497 3041 3560 Quo
3071 3498 3204 3550 nihil
3248 3499 3561 3565 expressius
3604 3510 3798 3553 contra
3832 3499 3993 3553 Pala-

2425 3569 2609 3628 mitas,
2636 3567 2727 3633 qui
2771 3582 2895 3619 cum
2942 3567 3310 3631 Operationem
3357 3581 3519 3619 unam
3572 3570 3987 3636 proﬁterentur,

767 3639 972 3700 cipatus
1031 3639 1386 3702 processiones
1433 3648 1481 3689 et
1527 3639 1865 3689 radiationes.
1911 3637 2047 3690 llinc
2097 3645 2322 3705 apparet
2349 3648 2392 3704 ο
2427 3644 2603 3689 mente
2654 3638 2840 3702 plures
2864 3636 3149 3705 tenebant,
3210 3643 3270 3687 ut
3311 3636 3550 3689 ostendit
3593 3636 3845 3692 Calecas.
3897 3640 3989 3691 Sic

768 3722 929 3772 quam
960 3716 1103 3759 recte
1124 3706 1351 3758 doceant
1375 3707 1602 3773 theologi
1647 3708 1934 3760 relationes
1958 3718 2316 3773 persmiarum

767 3776 1075 3827 divinarum
1126 3773 1339 3827 fundari
1389 3777 1441 3827 in
1477 3777 1684 3843 origine
1718 3778 1881 3828 unius
1914 3777 2000 3827 ab
2044 3777 2171 3830 alia.
2214 3788 2320 3843 qua

768 3853 957 3911 negata
995 3844 1197 3895 nullum
1231 3846 1367 3895 inter
1398 3858 1489 3895 eas
1513 3844 1805 3897 discrimen
1846 3853 2119 3896 occurrat.
2150 3844 2321 3897 Porro

767 3914 951 3963 divina
1010 3927 1236 3979 persona
1274 3928 1379 3963 non
1424 3912 1501 3963 sic
1542 3914 1804 3965 relatione
1856 3914 2231 3976 coostituitur,
2263 3922 2322 3966 ut

768 3982 886 4049 ipsa
915 3982 1046 4034 nihil
1079 3983 1149 4033 sit
1179 3982 1323 4032 aliud
1359 3982 1463 4032 nisi
1516 3983 1705 4035 relatio
1745 3982 2076 4039 subsistens.
2112 3983 2208 4035 sed
2235 3991 2320 4035 est

764 4052 944 4101 divina
973 4052 1294 4109 substantia,
1330 4057 1386 4100 ut
1420 4050 1511 4101 tali
1545 4059 1789 4116 respectu
1828 4052 1997 4105 Veluti
2022 4052 2316 4118 sigillatnr.

768 4118 927 4178 Nam,
957 4130 1014 4169 ut
1035 4120 1112 4168 ait
1140 4119 1385 4178 Basilius,
1416 4120 1573 4185 epist.
1603 4120 1672 4171 45
1696 4120 1760 4170 ad
1788 4118 2011 4187 Gregor.
2035 4119 2190 4171 fratr.
2225 4123 2325 4187 hy-

767 4188 1007 4255 postasis
1025 4197 1107 4237 est
1146 4198 1336 4238 natura
1369 4196 1426 4236 ut
1458 4203 1551 4253 per
1597 4195 2013 4241 certam'notam
2063 4188 2322 4240 determi-

769 4254 951 4308 natur.
981 4254 1249 4307 Ceterum
1280 4257 1392 4306 haec
1421 4257 1613 4307 relatio
1650 4271 1756 4307 non
1788 4264 1871 4307 est
1904 4256 2008 4307 ulla
2040 4256 2319 4321 perfectio,

766 4338 873 4386 qua
912 4336 1141 4391 persona
1165 4337 1268 4373 una
1301 4338 1408 4389 pra:
1436 4326 1602 4391 altera
1634 4332 1878 4376 ornetur.
1918 4324 2051 4374 Οὐδὲ
2100 4325 2213 4391 γὰρ
2246 4325 2322 4391 τῷ

768 4392 884 4459 Υξῷ
910 4387 1082 4442 λείπει
1108 4408 1165 4461 τι
1346 4392 1406 4441 τὸ
1444 4387 1859 4461 εἷναι-Πατέρα,
1886 4392 2061 4458 inquit
2091 4387 2323 4461 Tlteolo;

767 4458 1060 4528 gustarat.
1106 4460 1194 4520 34,
1236 4476 1338 4528 non
1394 4462 1529 4511 enim
1574 4458 1717 4511 Filio
1747 4458 1916 4528 r'deest
1968 4460 2191 4527 aliquid,
2221 4476 2322 4528 quo

768 4527 866 4594 ﬁat
902 4527 1074 4581 Pater.
1112 4527 1376 4594 Siquidem
1420 4529 1613 4592 filietas
1660 4527 1892 4594 defectus
1919 4544 2021 4580 non
2047 4538 2146 4590 est,
2169 4527 2324 4580 anteo-

767 4614 877 4666 que
907 4599 1182 4666 processio
1234 4595 1508 4649 defectum
1567 4613 1674 4649 non
1712 4597 1938 4656 indicat,
1990 4600 2082 4651 sed
2112 4612 2320 4651 meram

770 4664 1098 4729 respectum.
1145 4664 1215 4716 Ex
1269 4667 1469 4733 quibus
1522 4666 1779 4719 omnibus
1839 4667 2097 4719 elucescit
2148 4669 2321 4733 magis

770 4737 927 4801 hujus
975 4736 1145 4802 adagii
1190 4736 1411 4794 veritas,
1459 4749 1567 4801 quo
1597 4745 1721 4802 post
1750 4735 2066 4788 Anselmutn
2115 4736 2264 4786 aiunt
2304 4752 2317 4785 :

771 4804 965 4857 Omnia
992 4806 1041 4853 iu
1059 4804 1248 4855 divinis
1279 4816 1397 4855 sunt
1428 4804 1564 4856 idem
1593 4803 1682 4855 ubi
1722 4817 1825 4855 non
1846 4806 2071 4856 occurrit
2102 4804 2321 4857 relatio-

769 4874 849 4925 nis
878 4874 1152 4936 oppositio.

842 4941 897 5008 (5
912 4943 954 5000 l)
970 4941 1031 4991 '0
1047 4939 1113 4991 δὲ
1127 4938 1358 5004 ἀληθὴς
1380 4940 1580 5006 λόγος.
1616 4937 1786 4991 Porro
1803 4956 1923 4991 vera
1941 4939 2316 4999 doctrina,etc.

768 4985 895 5061 ιιεὲὲ
912 4985 1925 5077 innatasti:ytatgs‘aiugntag
1942 4985 2077 5076 “at:
2097 4985 2206 5061 ’ὐεῖὲ
2218 4985 2316 5062 Ῑῐὶ
2337 4985 2396 5040 ὐ

769 5093 893 5131 men
935 5079 1409 5145 operationemque
1449 5078 1518 5129 ab
1546 5076 1677 5143 ejus
1702 5079 2008 5131 substantia
2042 5078 2320 5131 discreve-

768 5156 924 5215 runt;
964 5148 1065 5199 llOC
1090 5149 1387 5212 praesertim
1413 5147 1583 5199 innixi
1612 5148 2116 5215 argumento,quod
2157 5146 2319 5199 Joan-

768 5232 865 5269 nes
896 5214 1285 5284 Cyparissigta.
1327 5222 1381 5269 et
1413 5214 1731 5268 Emmanuel
1777 5214 2004 5270 Calecas
2050 5216 2318 5282 referunt,

768 5288 878 5338 imo
904 5281 1139 5354 S'ymeon
1164 5281 1688 5345 Thessalonicensis,
1711 5286 1824 5353 ipse
1847 5281 2322 5351 Palamita,opere

768 5355 966 5407 Contra
998 5355 1216 5407 Intreses
1245 5369 1262 5404 :
1305 5372 1324 5403 ι
1363 5354 1544 5407 Sacris
1580 5356 1810 5422 eloquiis
1842 5357 2157 5417 edocemur,
2185 5355 2323 5407 divi-

769 5432 850 5475 tia:
876 5440 974 5475 nos
999 5423 1133 5475 eﬂici
1159 5432 1438 5475 consortes
1469 5431 1713 5477 naturae:
1747 5424 1840 5477 sed
1881 5424 1995 5476 fieri
2028 5426 2214 5489 nequit
2263 5433 2320 5476 ttt

769 5505 960 5543 natura
997 5491 1180 5543 divina
1212 5501 1412 5545 ereata:
1445 5493 1521 5544 rei
1549 5493 2020 5555 commnnicetur;
2052 5494 2184 5559 quin
2222 5508 2321 5547 nec

770 5562 1083 5628 bypostases
1122 5561 1320 5613 divina:
1364 5564 1630 5615 creaturis
1662 5564 2153 5617 communicantur.
2193 5560 2319 5615 Sola

768 5631 931 5696 igitur
963 5632 1203 5698 operatio
1226 5632 1685 5694 communicatur,
1718 5641 1846 5700 puta
1872 5634 2004 5691 vita,
2037 5645 2212 5693 amor,
2235 5647 2322 5685 sa-

766 5700 989 5769 pientia,
1036 5701 1311 5769 potentia,
1350 5717 1370 5751 ι
1398 5707 1530 5763 etc.,
1574 5699 1728 5757 unde
1760 5699 2071 5756 inferebant
2116 5701 2320 5777 actioni

2424 3706 2721 3772 quamlibet
2776 3712 3035 3774 negarent
3085 3703 3251 3757 Deum
3286 3706 3528 3774 essentia
3572 3713 3626 3757 et
3665 3708 3991 3774 operatione

2421 3775 2781 3840 compositum
2817 3774 2917 3835 iri;
2952 3773 3012 3823 οὐ
3053 3776 3252 3824 νοεῖται
3288 3773 3536 3834 σύνθεσις
3565 3775 3658 3825 ἐπὶ
3707 3773 3843 3826 Θεοῦ
3897 3777 3989 3827 διὰ

2419 3842 2517 3912 τὴν
2547 3844 2644 3909 τῆς
2668 3843 2815 3904 Θείας
2843 3841 3029 3901 οὐσίας
3061 3842 3158 3894 καὶ
3184 3843 3463 3909 ἐνεργείας
3492 3844 3776 3909 διαφοράν,
3809 3846 3991 3912 inquit

2420 3909 2670 3963 Palamas
2696 3912 2751 3962 in
2804 3913 3078 3977 excerptis
3125 3924 3245 3978 quze
3289 3913 3429 3979 apud
3466 3926 3550 3964 me
3589 3926 3720 3965 mss.
3769 3909 3987 3966 Italico:

2420 3979 2553 4050 illud
2586 3986 2768 4032 tamen
2793 3994 2859 4032 ex
2888 3980 3437 4050 ipsorumprincipiis
3458 3979 3853 4039 deducebatur,
3886 3984 3986 4050 qui

2421 4048 2526 4101 hoc
2578 4054 2904 4111 statuerent,
2952 4048 3181 4101 essentia
3227 4048 3397 4106 habet,
3426 4050 3659 4111 operatio
3720 4048 3987 4112 habetur,-

2421 4117 2566 4170 unde
2588 4117 2943 4183 consequitur
2982 4116 3075 4169 Dei
3107 4118 3404 4169 essentiam
3446 4117 3751 4185 subjectum
3784 4132 3987 4185 opera-

2419 4186 2586 4254 tionis
2619 4185 2755 4238 l‘ore.
2791 4186 3080 4238 Enimvero
3112 4186 3505 4252 paralogismus
3533 4196 3649 4239 erat
3702 4202 3814 4254 quo
3844 4190 3987 4238 nite;-

2423 4253 2644 4314 bantur,
2690 4254 2906 4306 scilicet
2954 4255 3209 4306 neminem
3258 4255 3541 4312 dicturum,
3576 4255 3836 4307 hominem
3875 4272 3987 4309 esse

2420 4336 2783 4387 compositum,
2814 4338 2915 4388 qua
2938 4332 3184 4373 naturam
3233 4330 3283 4375 et
3323 4323 3645 4388 efﬁcientiam
3684 4323 3858 4385 habet,
3894 4335 3987 4375 aut

2421 4406 2525 4468 qua
2556 4399 2804 4468 naturam
2860 4390 3112 4468 habet,‘et
3163 4393 3583 4468 grammaticam,
3610 4393 3703 4468 _r_el
3736 4410 3985 4468 agrorum

2421 4458 2759 4509 colendorum
2786 4467 2972 4509 artem.
3016 4458 3180 4521 Quasi
3228 4474 3354 4511 vero
3382 4462 3706 4525 compositio
3748 4458 3853 4513 non
3889 4465 3984 4514 tiat

2421 4541 2486 4579 ex
2520 4526 2829 4580 substantia
2889 4535 2943 4578 ct
2966 4526 3358 4580 accidentibus.
3384 4525 3578 4579 Verum
3614 4527 3983 4583 Damascenus

2424 4610 2530 4647 non
2558 4597 2733 4647 solum
2759 4595 3052 4663 prohibuit,
3076 4611 3145 4647 ne
3167 4598 3402 4662 qualitas
3429 4594 3536 4649 Deo
3563 4600 3981 4657 attrilnteretur,

2421 4664 2515 4717 sed
2550 4679 2650 4733 nec
2682 4666 3133 4730 compositionem
3153 4680 3215 4717 ex
3239 4679 3434 4733 genere
3448 4674 3505 4717 et
3523 4665 3847 4719 differentiis
3873 4670 3985 4721 ad—

2423 4734 2591 4784 misit.
2627 4732 2793 4784 Deutn
2830 4733 3031 4801 quippe
3064 4732 3524 4801 simplicissimam
3561 4742 3614 4786 et
3641 4736 3987 4789 absolutissi-

2423 4816 2565 4853 niani
2584 4816 2715 4869 esse
2746 4804 3010 4854 unitatem
3043 4812 3289 4865 noverat,
3316 4803 3496 4869 inqua
3529 4818 3694 4855 unum
3730 4806 3843 4856 sint
3863 4820 3987 4869 qua:

2424 4871 2478 4921 in
2511 4868 2864 4923 inferioribus
2896 4870 3061 4940 rebus
3081 4868 3749 4940 dispersapereipiuntur,
3779 4868 3989 4926 utDio-

2424 4940 2616 5007 nysius
2645 4940 2901 5009 explicat.
2924 4938 3283 5002 Quamobrem
3302 4938 3637 5009 Nicephorus
3662 4939 3767 4994 Cl’.
3787 4940 3987 4996 Joanni

2425 5017 2617 5059 nostro
2636 5007 2748 5061 fere
2770 5010 2996 5075 aqualis
3020 5009 3074 5061 in
3102 5007 3470 5063 Antirrbetico
3494 5010 3546 5071 1,
3572 5012 3815 5063 nondum
3837 5012 3989 5064 edito

2423 5086 2617 5129 contra
2666 5078 3099 5146 lconomacltos,
3151 5078 3355 5130 sincera
3408 5078 3656 5146 religione
3704 5083 3986 5133 tenendum

2424 5147 2603 5205 docet,
2654 5144 2749 5198 Dei
2812 5156 3064 5198 cateruam
3114 5149 3397 5206 actionem,
3452 5144 3558 5199 inio
3611 5151 3985 5203 consistentem

2426 5216 2703 5279 actionem,
2733 5217 2876 5267 nullo
2897 5226 3051 5282 pacto
3080 5218 3277 5269 secerni
3298 5220 3361 5268 ab
3386 5217 3498 5283 ejus
3538 5217 3876 5277 substantia;
3899 5221 3987 5272 sed

2424 5284 2656 5351 ejusdem
2681 5286 2906 5338 rationis
2927 5301 3038 5338 esse
3060 5296 3270 5353 propter
3291 5288 3547 5349 simplicis
3574 5287 3721 5338 illius
3738 5296 3791 5339 et
3820 5291 3991 5341 incor-

2422 5355 2620 5423 poralis
2654 5365 2861 5408 natura:
2884 5358 3259 5423 proprietatem
3284 5372 3300 5407 :
3333 5356 3489 5407 Οῦτω
3524 5355 3631 5423 γὰρ
3652 5355 3719 5409 ἂν
3744 5357 3989 5416 εὐσεϐῶς

2424 5422 2659 5493 νοηθείη.
2696 5425 2757 5475 Ἥ
2793 5425 2890 5492 μὲν
2918 5422 3035 5476 θεία
3064 5425 3311 5493 ἐνέργεια
3337 5426 3525 5487 ὰῑδιος,
3558 5422 3760 5493 μᾶλλον
3784 5426 3843 5476 δὲ
3869 5428 3991 5476 αὺτ-

2426 5492 2693 5563 ενεργεια,
2727 5493 2787 5543 τὸ
2824 5493 2899 5560 μὴ
2924 5492 3201 5563 διωρίσθαι
3230 5495 3326 5561 τῆς
3350 5495 3534 5555 οὐσίας
3563 5492 3661 5563 τὴν
3683 5495 3989 5561 ἐνέργεια-ι.

2425 5561 2560 5613 ἀλλὰ
2580 5563 2669 5613 τὸν
2698 5563 2861 5614 αὑτὸν
2880 5561 3035 5628 λόγον
3064 5563 3425 5631 ἐπιδέχεσθαι,
3451 5564 3536 5614 διὰ
3564 5561 3660 5629 τῆν
3684 5568 3781 5631 τῆς
3813 5564 3993 5628 ἁπλῆς

2428 5632 2519 5683 καὶ
2550 5632 2838 5700 ἀσωμάτου
2870 5632 3083 5701 φύσεως
3119 5630 3375 5701 ἰδιότητα.
3436 5632 3701 5697 Quocirca
3739 5630 3990 5701 Cales-as

2427 5692 2740 5769 expendens
2797 5692 2947 5757 illum
2985 5692 3299 5756 Damascetii
3336 5692 3513 5757 locuin
3556 5717 3668 5771 quo
3692 5702 3791 5763 ait.
3842 5692 3993 5752 aliud
