4198 6492
264 441 363 506 841

1303 443 1400 505 οε
1430 444 1603 506 rma
1640 399 2085 509 onrnoboxa
2122 451 2264 511 LIB.
2302 453 2354 511 ι.

3300 425 3454 522 ω’

331 528 668 622 Διακὶκριται
723 552 779 606 δι
820 551 919 603 ὅσα
965 549 1063 618 τῆς
1100 548 1246 613 θείας
1282 554 1376 604 καὶ
1409 553 1781 623 φιλανθρώπου
1811 561 1858 618 Α
1955 558 1989 622 ρ

1737 572 1781 606 δυ
1811 561 1858 618 Α
1955 558 2084 622 Qua
2124 559 2192 611 ad
2227 558 2649 615 [incarnationem
2706 564 2954 629 pertinent
2989 565 3212 619 discreta
3254 581 3395 634 sunt,

263 637 357 691 τοῦ
379 639 522 690 θείου
549 638 716 704 Λόγου
754 636 1096 706 σαρκώστως.
1147 636 1236 688 Ἐν
1264 638 1471 700 τούτοις
1511 639 1619 709 γὰρ
1660 639 1780 692 οὔτε

263 729 293 779 ὁ
321 728 524 795 Πατὴρ,
549 725 668 778 οὔτε
700 727 760 778 τὸ
786 723 1023 792 Πνεῦμα,
1054 725 1172 778 κατ’
1189 726 1373 780 οὐδένα
1409 727 1560 794 λόγον
1599 745 1778 780 κεκοι-

263 813 522 880 νώνηκεν,
545 815 594 864 εί
624 814 697 880 μὴ
727 814 845 864 κατ’
868 812 1129 874 εὐδοκίαν,
1157 813 1249 865 καὶ
1275 816 1412 866 κατὰ
1431 815 1527 883 τὴν
1548 815 1780 884 ἄρρητον

263 894 798 967 θαυματουργίαν,’ἢν
821 899 913 950 καὶ
937 898 1054 950 καθ’
1072 900 1219 967 ἡμᾶς
1231 899 1507 966 ἄνθρωπος
1549 910 1570 936 ι’
1598 904 1626 953 ὁ
1651 900 1778 962 Θεὸς

261 985 430 1050 Λόγος
479 985 757 1054 γενόμενος
799 985 1077 1057 είργὰζετο
1097 1028 1112 1052 ,
1141 987 1215 1050 ὡς
1245 987 1594 1051 ἀναλλοίωτος
1648 989 1776 1049 Θεὸς

263 1076 357 1125 καί
378 1074 507 1126 Θεοῦ
539 1074 684 1137 Υίὸς.

1886 661 1945 696 ac
1993 645 2150 700 σοίὶαε
2179 643 2325 700 Filii.
2345 675 2414 685 —
2436 648 2695 702 Distincta
2743 658 2916 704 autem
2943 661 3065 706 sunt
3099 663 3256 720 atque
3285 657 3395 709 dis-

1884 743 2028 787 creta
2065 749 2127 787 ea
2178 735 2356 787 omnia
2387 750 2504 803 qua:
2536 737 2601 788 ad
2647 738 2878 790 divinam
2940 741 3396 806 benignissi'mmn-

1883 834 1988 887 que
2022 834 2144 888 erga
2182 821 2425 875 homines
2471 823 2566 876 Dei
2604 823 2763 877 Verbi
2819 827 3232 880 incarnationem
3271 842 3394 894 per-

1880 910 2072 962 tinent.
2097 912 2152 963 In
2185 911 2268 965 his
2302 915 2446 966 enim
2479 915 2637 968 nullae
2685 916 2902 969 omnino
2942 916 3118 969 Patris
3141 924 3193 969 et
3222 917 3390 984 Spiri-

1879 1001 1967 1048 tus
2025 987 2196 1048 sancti
2253 1007 2432 1064 partes
2482 1000 2822 1064 exstiterunt,
2861 1001 2964 1054 nisi
3015 1002 3187 1069 quoad
3239 1001 3393 1053 Lene-

1887 1079 2140 1148 placitum
2173 1080 2385 1144 attinet,
2433 1093 2595 1149 atque
2633 1083 2697 1135 ad
2749 1096 2810 1137 ea
2844 1084 2992 1136 omni
3023 1099 3268 1138 sermone
3307 1101 3395 1138 su-

265 1164 474 1230 periora
505 1163 785 1229 miracula,
811 1177 930 1236 qua
959 1162 1098 1218 Deus
1133 1164 1364 1220 Verbum
1392 1164 1548 1222 nobis
1612 1167 1805 1221 similis
1874 1167 2034 1220 homo
2086 1168 2284 1231 factus,
2338 1179 2396 1224 ut
2449 1171 2908 1228 incommutabilis
2969 1173 3130 1240 Deus,
3192 1171 3392 1242 Deique

262 1252 432 1309 Filius
459 1255 651 1310 edebat
686 1258 749 1310 η.

815 1349 1082 1403 ΚΕΦΔΛ.⁶
1108 1351 1208 1403 IA’.

364 1434 498 1500 Περὶ
526 1434 1001 1506 τῶν-σωματικῶς
1032 1437 1128 1490 ἐπὶ
1160 1438 1303 1491 Θεοῦ
1329 1437 1674 1506 λεγομένων.

345 1522 492 1574 Ἐπεὶ
521 1523 575 1575 δὲ
613 1524 828 1578 πλεῖστα
853 1527 978 1594 περὶ
1001 1525 1134 1578 Θεοῦ
1164 1526 1605 1595 σωματικώτερον
1631 1527 1687 1577 ἐν
1713 1528 1775 1593 τῇ

262 1606 381 1678 θείᾳ
407 1610 591 1679 Γραφῇ
623 1613 959 1680 συμϐολικῶς
989 1614 1246 1682 εἰρημένα
1282 1613 1617 1682 εὑρίσκομεν,
1641 1611 1776 1664 εἰδέ-

259 1709 347 1746 ναι
375 1697 499 1763 χρῆ,
550 1696 623 1758 ὼς
655 1698 965 1767 ἀνθρώπους
1009 1700 1162 1760 ὕντας
1204 1701 1367 1768 ἡμᾶς,
1407 1701 1496 1752 καὶ
1541 1700 1600 1749 τὸ
1632 1699 1772 1766 παχὺ

2503 1345 2650 1399 CAP.
2686 1346 2774 1400 XI.

1977 1437 2051 1488 De
2087 1437 2165 1488 Itis
2207 1450 2318 1503 qua:
2347 1435 2496 1488 modo
2529 1450 2770 1500 corporeo
2807 1438 2867 1489 de
2900 1436 3000 1490 Deo
3033 1440 3291 1494 dicuntur.

1945 1524 2210 1588 Quoniam
2263 1532 2438 1576 autem
2490 1524 2722 1590 plurima
2765 1525 2830 1577 de
2900 1523 3024 1589 Deo,
3081 1531 3392 1594 corporibus

1876 1611 2015 1664 aliini
2048 1610 2278 1678 quadam
2330 1610 2534 1661 ratione
2561 1612 2613 1661 in
2646 1611 2820 1662 sacris
2852 1608 3070 1664 Litteris
3104 1614 3392 1679 symboliro

1877 1713 1940 1753 ac
1969 1714 2061 1766 per
2105 1699 2324 1765 ﬁguram
2369 1697 2512 1749 dicta
2564 1698 2891 1763 reperimus;
2935 1697 3062 1762 illud
3109 1714 3390 1751 noscamus

257 1781 413 1832 τοῦτο
440 1784 653 1851 σαρκίον
679 1787 1104 1855 περικειμένους,
1131 1787 1225 1847 τὰς
1251 1787 1412 1848 θείας,
1437 1788 1526 1840 καὶ
1551 1785 1771 1855 ὑψηλὰς,
1809 1815 1848 1868 Β
1877 1804 1915 1855 οη

1730 1802 1771 1848 ς,
1809 1815 1848 1868 Β
1877 1794 2108 1858 oportet,
2147 1787 2258 1840 fieri
2300 1801 2407 1839 non
2450 1800 2626 1852 posse,
2663 1793 2720 1838 ut
2759 1801 2857 1839 nos
2900 1787 2988 1853 qui
3030 1789 3273 1840 homines
3301 1805 3388 1840 su-

258 1872 354 1922 καὶ
390 1872 582 1934 ἅΰλους
622 1873 720 1942 τῆς
748 1874 1006 1943 Θεὸτητος
1051 1875 1324 1945 ἐνεργείας
1372 1878 1507 1928 νοείν
1539 1875 1570 1943 ἦ
1605 1875 1777 1942 λέγειν

257 1959 529 2025 ἀδύνατον,
561 1963 609 2014 εί
631 1963 701 2032 μὴ
731 1964 898 2016 είκόσι
926 1965 1018 2017 καὶ
1043 1963 1228 2027 τύποις
1251 1965 1342 2017 καὶ
1371 1964 1648 2033 συμϐόλοις
1670 1967 1778 2027 τοῖς

259 2048 380 2100 καθ’
399 2052 539 2119 ἡμᾶς
570 2051 903 2122 χρησαίμεθα
926 2061 972 2107 ⁸.
1003 2055 1139 2106 Ὅσα
1157 2054 1331 2104 τοίνυν
1371 2054 1497 2122 περὶ
1520 2052 1651 2105 Θεοῦ
1676 2070 1776 2105 σω-

259 2138 620 2208 ματικώτερον
656 2142 886 2212 είρηται,
931 2143 1265 2212 συμϐολικῶς
1308 2143 1420 2194 ἐστι
1447 2143 1771 2210 λελεγμένα·

255 2223 367 2292 εχει
409 2226 462 2278 δὲ
503 2229 829 2298 ὑψηλοτέραν
867 2231 1129 2284 διάνοιανο
1165 2231 1360 2283 ἁπλοῦν
1394 2230 1499 2298 γὰρ
1530 2231 1590 2281 τὸ
1627 2230 1774 2282 Θεῖον

255 2315 349 2364 καὶ
388 2314 798 2383 ἀσχημάτιστον.
841 2318 1170 2384 Ὀφθαλμοὺς
1209 2317 1303 2384 μὲν
1333 2313 1424 2369 οὖν
1460 2315 1591 2368 Θεοῦ
1614 2353 1629 2380 ,
1682 2319 1774 2367 καὶ

255 2399 510 2468 βλέφαρα,
567 2403 658 2453 καὶ
688 2404 892 2472 ὅρασιν,
941 2405 1033 2456 καὶ
1062 2405 1157 2472 τὴν
1193 2405 1438 2458 ἁπάντων
1481 2404 1770 2474 ὲποπτικὴν

253 2488 415 2540 αὐτοῦ
444 2489 684 2558 δύναμιν,
711 2491 802 2543 καὶ
829 2492 888 2543 τὸ
919 2493 1178 2561 ἁλάθητον
1202 2494 1297 2562 τῆς
1338 2493 1500 2546 αὐτοῦ
1527 2494 1770 2560 γνώσεως

252 2576 605 2646 ιννοήσωμεν,
629 2579 734 2632 ἀπὺ
759 2580 850 2632 τοῦ
878 2582 1004 2650 παρ’
1034 2584 1161 2651 ἡμῖν
1201 2582 1288 2634 διὰ
1328 2582 1528 2650 ταύτης
1567 2585 1662 2651 τῆς
1691 2584 1771 2633 al-

253 2662 494 2732 σθήσεως
543 2667 916 2738 ἐντελεστέραν
965 2669 1159 2737 γνῶσίν
1190 2685 1247 2721 τε
1275 2670 1366 2721 καὶ
1405 2668 1767 2738 πληροφορίαν

254 2754 575 2820 ἐγγίνεσθαι.
607 2753 740 2810 Ὦτα
775 2759 829 2810 δὲ
868 2759 959 2811 καὶ
997 2759 1182 2829 ἀκοὴν,
1225 2759 1285 2810 τὸ
1317 2758 1647 2823 ὲξι).εωτικὸν
1678 2760 1770 2810 αὐ-

251 2841 367 2903 τοῦ,
397 2845 487 2896 καλ⁵
535 2845 628 2913 τῆς
657 2847 921 2917 ἡμετέρας
961 2849 1198 2900 δεκτικὸν
1225 2847 1471 2916 δεήσεως.
1512 2849 1618 2900 Καὶ
1664 2850 1769 2916 γὰρ

252 2934 421 3001 ἡμεῖς.
436 2937 546 2998 τοῖς
573 2935 668 2998 τὰς
687 2938 890 3001 ίκεσίας
929 2937 1279 3008 ποιουμένοις,
1314 2937 1398 2990 διὰ
1428 2938 1621 3006 ταύτης
1675 2940 1769 3006 τῆς

253 3024 550 3090 αίσθὴσεως
599 3027 838 3095 εὐμενεῖς
883 3028 1158 3097 γινόμεθα,
1197 3026 1551 3096 γνησιώτερον
1589 3028 1767 3088 αὐτοῖς

1877 1893 2017 1938 mus,
2049 1889 2342 1944 crassaque
2387 1889 2551 1928 carne
2594 1875 2932 1934 involvimur.
2994 1876 3199 1932 divinas
3251 1878 3385 1934 illas.
3431 1916 3435 1920 .

1873 1975 1925 2019 et
1965 1965 2237 2028 excelsas;
2289 1962 2771 2030 immaterialcsque
2819 1962 3123 2018 Divinitatis
3156 1966 3389 2016 actiones

1871 2054 2237 2122 intelligamus
2272 2064 2332 2103 ac
2363 2064 2610 2103 sermone
2642 2050 3081 2117 complectamur,
3124 2052 3225 2106 nisi
3266 2053 3389 2119 ligu-

1875 2141 1948 2192 ris
1991 2146 2043 2191 et
2095 2137 2439 2205 imaginibus,
2485 2137 2762 2204 signisque
2803 2147 3009 2191 naturae
3039 2150 3232 2191 nostra:
3263 2155 3386 2192 cou-

1871 2227 2140 2280 sentaneis
2171 2234 2385 2278 utamur
2420 2227 2481 2279 ⁸³.
2523 2226 2788 2289 Quocirca
2822 2243 2880 2280 ea
2920 2228 3094 2280 omnia
3123 2243 3238 2295 qua:
3277 2245 3389 2281 cor-

1872 2328 2031 2382 porea
2085 2313 2166 2365 vel
2217 2313 2490 2381 paululum
2548 2314 2759 2367 ratione
2818 2316 2882 2368 de
2946 2317 3049 2368 Deo
3109 2318 3386 2370 enuntiata

1871 2411 2016 2468 sunt,
2049 2402 2271 2472 ﬁgurate
2300 2403 2438 2457 dicta
2475 2414 2620 2466 sunt,
2669 2403 3020 2472 altioremque
3049 2421 3264 2459 sensum
3307 2408 3387 2459 in-

1869 2493 2128 2546 cludunt:
2186 2492 2384 2561 quippe
2433 2508 2553 2546 cum
2622 2494 2758 2546 Deus
2818 2493 3048 2562 simplex
3107 2496 3387 2562 omnisque

1870 2583 2054 2650 figura:
2090 2596 2281 2650 expers
2310 2582 2559 2636 exsistat.
2614 2581 2780 2650 Igitur
2834 2598 2924 2651 per
2952 2583 3156 2646 oculos,
3199 2595 3248 2636 et
3278 2586 3384 2649 pal-

1871 2674 2083 2741 pebras,
2113 2673 2395 2740 visumque
2427 2672 2540 2733 Dei,
2581 2674 2685 2723 vim
2733 2673 2900 2738 ipsius
2938 2679 3112 2725 reru‘m
3146 2672 3381 2723 omnium

1870 2759 2265 2826 inspectricem,
2298 2766 2458 2826 atque
2485 2757 2746 2824 ejusmodi
2792 2758 3146 2824 cognitionem
3189 2758 3383 2810 intelli-

1868 2862 2073 2916 gamus,
2103 2861 2260 2915 quam
2292 2861 2376 2900 res
2410 2847 2553 2898 nulla
2587 2843 2751 2914 fugiat
2785 2865 2796 2898 :
2828 2853 2885 2899 ut
2909 2847 3159 2898 nimirum
3191 2862 3382 2899 sensu;

1869 2938 2167 2991 ministerio
2197 2935 2481 3005 perfectior
2519 2936 2675 2989 nobis
2715 2945 2871 3003 atque
2920 2935 3119 2989 certior
3150 2937 3384 3004 cognitio

1871 3026 2106 3080 accedat.
2132 3026 2231 3079 Per
2261 3039 2418 3078 aures
2447 3032 2500 3078 et
2521 3024 2758 3077 auditum
2815 3024 2984 3093 ipsius
3017 3024 3081 3077 ad
3110 3025 3383 3093 ignoscen-

252 3111 312 3162 τὸ
337 3109 427 3171 οὖς
459 3112 835 3174 ὲπικλίνοντες.
867 3115 1043 3183 Στόμα
1070 3115 1125 3166 δὲ
1170 3116 1260 3166 καὶ
1290 3115 1488 3177 λαλιὰν,
1523 3115 1581 3166 τὸ
1609 3115 1768 3167 ἑνδει-
1795 3106 1836 3162 C
1871 3117 1900 3169 d

1727 3106 1836 3165 t-C
1871 3117 1995 3169 dum
2046 3116 2456 3184 propensionem
2510 3113 2660 3183 145
2728 3123 2885 3181 atque
2941 3116 2994 3168 in
3057 3114 3385 3180 excipiendis

253 3196 436 3247 κτικὺν
465 3196 563 3264 τῆς
593 3197 889 3264 βουλήσεως
921 3198 1103 3260 αὐτοῦ,
1136 3201 1197 3250 ἐκ
1233 3199 1325 3250 τοῦ
1362 3201 1488 3266 παρ’
1513 3202 1640 3268 ἡμῖν
1682 3201 1768 3251 διὰ

253 3284 514 3350 στόματος
542 3288 633 3336 καὶ
659 3286 840 3347 λαλιᾶς
870 3287 1217 3356 σημαίνεσθαι
1248 3289 1315 3347 τὰ
1361 3288 1613 3355 ὲγκάρδια
1645 3289 1766 3355 νοή-

255 3386 417 3438 ματα.
474 3368 676 3438 Βρῶσιν
705 3372 759 3424 δὲ
799 3373 888 3424 καὶ
922 3373 1094 3434 πόσιν,
1129 3374 1227 3442 τὴν
1256 3375 1523 3442 ἡμετέραν
1551 3375 1682 3441 πρὸς
1711 3375 1768 3425 τὸ

251 3457 413 3509 αὐτοῦ
447 3459 652 3528 Θὲλημα
707 3462 1021 3530 συνδρομήν.
1056 3463 1163 3514 Καὶ
1212 3463 1317 3531 γὰρ
1367 3462 1646 3531 ἡμεῖς.διά
1673 3463 1768 3531 τῆς

251 3549 540 3615 γευστικῆς
569 3549 978 3620 αίσθήσεωςμὴν
1000 3551 1099 3618 τῆς
1129 3551 1333 3618 φύσεως
1359 3551 1766 3620 ἀναπληροῦμεν

251 3637 548 3703 ἀναγκαίαν
573 3635 763 3708 ὖρεξιν.
797 3637 1093 3709 Ὀσφρησιν
1112 3640 1186 3704 δὲ,
1213 3639 1272 3692 τὸ
1294 3640 1654 3694 ἀποδεικτικὸν
1674 3642 1768 3709 τῆς

158 3797 167 3809 ί
254 3727 388 3793 πρὸς
416 3725 574 3778 αὐτὸν
624 3727 847 3791 ἑννοίας,
899 3728 992 3781 καὶ
1018 3727 1241 3790 ἑννοίας,
1285 3729 1348 3780 ὲκ
1375 3727 1464 3779 τοῦ
1496 3728 1622 3796 παρ’
1642 3730 1767 3797 ἡμῖν

252 3812 338 3864 διὰ
366 3811 561 3881 ταύτης
584 3813 678 3884 τῆς
706 3812 1121 3885 αίσθήσεως,τὴν
1150 3815 1244 3882 τῆς
1267 3813 1487 3873 εὐωδίας
1507 3813 1766 3882 ἀποδοχὴν

253 3900 578 3967 ἐγγίνεσθαι.
599 3902 881 3973 Πρόσωπον
908 3901 984 3966 δὲ,
1015 3903 1110 3966 τὴν
1128 3901 1192 3952 δι’
1221 3901 1390 3970 ἔργων
1411 3900 1571 3952 αὐτοῦ
1606 3900 1767 3952 ἔνδει-

254 3987 338 4053 ξίν
369 4005 426 4040 τε
454 3989 544 4040 καὶ
596 3990 978 4057 ἑμφάνειαν,ὲκ
1024 3989 1116 4042 τοῦ
1169 3989 1264 4057 τὴν
1292 3988 1558 4058 ἡμετέραν
1594 3988 1766 4055 ἐμφά-

253 4094 402 4129 νειαν
421 4077 507 4130 διὰ
537 4077 820 4149 προσώπου
851 4078 1105 4145 γίνεσθαι.
1125 4078 1315 4147 Χεῖρας
1347 4077 1422 4140 δὲ,
1469 4076 1527 4128 τὸ
1558 4078 1767 4130 ἀνυστι-

1870 3203 2119 3270 precibus
2166 3202 2367 3255 nostris
2403 3203 2806 3269 benignitatem.
2848 3200 3092 3254 Solemus
3132 3202 3269 3253 enim
3296 3217 3384 3267 per

1870 3291 2010 3342 hunc
2037 3304 2256 3343 sensum
2295 3290 2360 3341 iis
2403 3289 2493 3356 qui
2546 3289 2700 3342 nobis
2737 3289 3004 3356 supplices
3054 3298 3199 3348 sunt,
3235 3290 3382 3339 mites

1868 3395 1966 3446 nos
1995 3380 2285 3446 facilesque
2335 3377 2610 3446 praebere;
2667 3375 2953 3442 benignius
3007 3377 3246 3428 videlicet
3294 3390 3384 3425 an—

1869 3481 1977 3520 rem
2008 3466 2136 3533 ipsis
2180 3468 2541 3517 admoventes.
2584 3461 2682 3516 Per
2709 3475 2767 3515 os
2806 3476 2867 3514 ac
2912 3463 3249 3523 locutionem,
3292 3478 3382 3509 vn-

1836 3553 2090 3608 rluntatis
2141 3555 2309 3621 ipsius
2360 3554 2776 3607 declarationem
2824 3553 3139 3619 accipimus.
3180 3552 3382 3619 Quippe.

1870 3658 1969 3698 nos
1995 3658 2204 3712 quoque
2238 3642 2418 3695 abdita
2459 3640 2641 3694 cordis
2685 3654 2843 3694 sensa
2880 3655 2972 3706 per
3002 3655 3059 3692 cs
3090 3647 3140 3692 et
3180 3654 3381 3692 serum-

1870 3747 1988 3785 nem
2019 3733 2334 3801 promimus.
2370 3729 2471 3782 Per
2505 3729 2683 3782 cibum
2733 3741 2786 3781 et
2835 3737 3034 3795 potum,
3083 3737 3380 3794 promptum

1870 3826 2113 3874 nostrum
2162 3818 2229 3871 ad
2283 3819 2614 3870 voluntatem
2677 3828 2978 3867 accessum.
3029 3814 3234 3866 Etenim
3289 3826 3381 3863 nes

1871 3920 2083 3975 quoque
2125 3905 2488 3959 necessarium
2534 3913 2736 3955 natura:
2793 3897 3079 3968 appetitum
3113 3901 3383 3966 explemns

1873 4010 1964 4061 per
2011 4002 2198 4062 gustus
2242 4007 2477 4047 sensum.
2514 3989 2615 4044 Per
2645 3989 2919 4051 olfactum,
2975 3990 3075 4040 vim
3111 4003 3246 4050 eam,
3281 4002 3381 4054 qua

1872 4081 2244 4150 cogitationem
2320 4095 2381 4134 ac
2449 4080 2874 4133 benevolentiam
2943 4085 3151 4148 gratam
3234 4093 3383 4129 aere—

324 4255 367 4285 "
397 4249 692 4323 Greg.Naz.
715 4257 846 4304 orat.
876 4249 975 4317 2i;
1009 4251 1224 4319 Dionys.
1325 4249 1358 4300 2
1381 4250 1448 4304 De
1479 4253 1580 4336 diu.
1608 4266 1745 4304 nom.
1824 4252 1864 4282 "
1891 4240 2103 4322 Dionys.
2134 4266 2182 4306 c.
2209 4254 2230 4305 l
2260 4247 2342 4305 ‘De
2368 4253 2470 4306 div.
2505 4269 2641 4306 nam.
2668 4262 2719 4307 et
2753 4267 2865 4321 cap.
2901 4254 2975 4305 l5.
3023 4250 3093 4302 De
3122 4251 3228 4300 ι-ωι.
3258 4251 3395 4299 Mer.-

1511 4370 1739 4454 vauw
1776 4392 2171 4453 LECTlONES.

325 4555 593 4620 rQuidam
624 4555 838 4609 codices
882 4569 990 4607 non
1023 4553 1215 4606 habent
1255 4549 1551 4620 ἄνθρωπος,
1610 4567 1706 4604 nec
1745 4551 1934 4619 legitur
1959 4551 2097 4618 apud
2129 4550 2341 4618 Dionys.
2391 4551 2482 4601 lib.
2520 4547 2589 4600 De
2635 4550 2738 4602 div.
2770 4565 2953 4610 _nom.,
3015 4565 3076 4602 ex
3123 4566 3228 4618 quo
3283 4550 3389 4600 hinc

247 4617 549 4692 desumpta.
624 4634 644 4661 ⁶
678 4623 823 4675 Multi
881 4623 996 4676 cod.
1041 4621 1103 4672 ll.
1158 4617 1498 4688 χρησώμεθα.

1705 4704 1923 4757 NOTAE.

247 4846 369 4887 esse
398 4829 779 4898 operationem,
810 4827 952 4880 aliud
979 4826 1030 4898 id
1046 4827 1193 4898 quod
1220 4832 1490 4898 operatur,
1527 4831 1577 4898 et
1617 4822 1758 4898 aliud
1794 4829 1835 4881 ι)
1860 4827 2053 4898 corpus
2085 4821 2396 4873 ornabatur.
2441 4820 2529 4874 Sic
2564 4822 2770 4898 divina_
2788 4823 3129 4898 charismata,
3162 4835 3386 4888 quorum

245 4899 393 4970 quod
415 4890 927 4970 efﬁcitur,_observat
961 4895 1020 4970 τὸ
1042 4890 1330 4970 tumea,
1355 4893 1468 4946 sive
1497 4890 1759 4970 etl‘ectum,

245 4958 392 5037 quod
413 4967 619 5037 actione
645 4958 819 5037 divina
838 4958 1183 5037 producitur,
1219 4958 1424 5037 necnon
1455 4958 1762 5037 relationem

245 5026 358 5104 qua
388 5037 440 5088 id
485 5033 712 5088 refertur
737 5031 820 5104 ad‘
838 5026 1021 5092 Deum,
1056 5030 1214 5104 rebus
1240 5026 1448 5104 creatis.
1468 5026 1763 5083 accenseri,

290 5104 378 5154 uia
425 5109 547 5156 sunt
590 5108 742 5154 extra
787 5097 948 5151 Deum
982 5091 1013 5146 :7
1042 5102 1102 5148 'at
1153 5095 1400 5147 virtutem
1437 5091 1605 5158 ipsam
1661 5104 1764 5157 qua

290 5121 378 5154 llla
425 5121 547 5156 sunt
590 5121 742 5154 cura
787 5121 995 5151 ur:qu;
1042 5121 1102 5148 "at
1156 5121 1400 5147 νιιιυισιυ
1437 5121 1605 5158 ipsum
1661 5121 1764 5157 qua

244 5121 394 5224 Deus
425 5171 531 5238 agit
571 5176 625 5223 et
642 5169 759 5235 ejus
782 5165 1042 5238 actionem
1075 5162 1212 5238 idem
1250 5172 1634 5238 essepre'rsus,
1668 5173 1766 5238 nec

246 5239 320 5292 ab
342 5227 717 5304 ejnsvessenti'a
769 5233 967 5304 dirimi_,
1013 5231 1132 5282 licet
1169 5231 1222 5279 in
1261 5227 1415 5304 nobis
1444 5227 1762 5304 discrepent.

239 5294 669 5372 Nec'quisquam
701 5303 916 5370 olijiciat
939 5300 1319 5372 Damascenurn
1337 5295 1394 5348 in
1415 5307 1676 5372 sermone_
1691 5294 1767 5346 De

243 5362 724 5439 transﬁgur’atione,
750 5362 925 5439 lumen
952 5381 1056 5436 quo
1086 5365 1289 5439 Domini
1312 5375 1507 5439 corpus
1539 5362 1770 5439 resplen-

240 5441 384 5502 duit,
408 5431 672 5506 appellare
839 5431 1100 5506 ἄκτιστον,
1120 5434 1287 5485 tanien
1307 5431 1608 5506 increatum.
1635 5431 1768 5506 liam

242 5496 395 5566 aliud
432 5496 609 5559 l'u'inen
649 5496 754 5558 non
791 5496 1055 5573 significat
1085 5496 1275 5573 praeter
1320 5496 1771 5573 ipsttminet_Ver-

239 5564 395 5638 num,
416 5575 554 5642 quod
577 5581 651 5624 ut
681 5573 770 5625 ίαα
798 5564 915 5643 νεῖ-α
938 5564 1241 5643 illuminant
1265 5564 1462 5643 euntem
1490 5564 1767 5643 hominem,

241 5634 463 5720 propter
489 5644 641 5709 cujus
677 5642 1031 5708 presentiant,
1081 5637 1282 5706 ingenti
1339 5635 1535 5711 lumine
1570 5634 1770 5688 Christi

551 5733 810 5793 Pamoc.
845 5730 952 5789 Gtt.
976 5727 1170 5788 XCIV.

1866 4888 2094 4957 Spiritus
2123 4899 2339 4958 sanctus
2375 4899 2562 4941 auctor
2598 4899 2699 4951 est,
2739 4890 2971 4958 Spiritus
3003 4900 3218 4942 sanctus
3258 4905 3391 4941 nun-

1864 4969 2146 5024 eupantur.
2199 4957 2545 5010 Palamiticns
2596 4957 2792 5020 error,’
2823 4961 2977 5023 cujus
3022 4965 3209 5009 auctor
3263 4959 3388 5008 olim

1866 5022 2040 5079 fuerat
2076 5022 2290 5079 Simeon
2320 5029 2426 5089 ille,
2462 5043 2616 5095 quem
2643 5022 2910 5079 Juniorein
2941 5028 3224 5092 theologum
3252 5025 3391 5095 voci-

1865 5096 2414 5162 tarunt.proscriptns
2445 5090 2675 5162 primum
2707 5096 2804 5147 fuit
2844 5097 3020 5147 multis
3050 5090 3391 5162 in‘synodis:

1865 5156 2104 5232 posthac'
2118 5177 2241 5214 vero
2270 5156 2595 5230 a'pprobattis
2614 5173 2714 5224 est,
2747 5163 3035 5230 przesertim
3090 5161 3144 5210 in
3170 5156 3390 5224 synodo

1866 5245 2026 5299 quam
2056 5238 2286 5281 octavam
2326 5233 2608 5299 generalem
2647 5238 2975 5295 nuncupant,
3005 5235 3230 5299 propter
3257 5239 3389 5290 qua-

1871 5292 1991 5351 t'uor
2020 5292 2375 5365 patriarchas,
2395 5301 2484 5365 qui
2514 5298 2812 5351 adfuerunt.
2833 5292 2896 5348 'ln
2919 5297 3142 5365 concilio
3178 5292 3383 5343 Floren-

1873 5369 1992 5419 tino
2021 5363 2197 5417 Latini
2233 5368 2300 5434 de
2326 5363 2557 5420 essentia
2587 5374 2638 5418 et
2666 5366 2974 5434 operatione
3003 5363 3270 5427 disputare
3301 5374 3392 5434 vo-

1869 5438 2084 5502 luerunt
2116 5448 2236 5502 cum
2268 5432 2487 5495 Graecis,
2517 5435 2608 5502 qui
2641 5430 2890 5502 id'facere
2922 5431 3306 5502 detrectarunt,
3338 5430 3390 5502 τὸ

1867 5503 1922 5554 δὲ
1943 5501 2073 5623 ἔτερ).
2108 5501 2287 5563 οὐσίας
2331 5507 2424 5556 καὶ
2466 5493 2736 5571 ἐνεργείας
2787 5498 2890 5550 οὐδ’
2929 5498 3063 5559 ὅλως
3104 5493 3387 5564 ἀπολογούα

1873 5588 1937 5623 με
1973 5588 2025 5623 α.

1873 5588 2025 5640 μευα.

2896 5720 2962 5779 2Ἱ
