4198 6492
217 481 325 544 845
1296 476 1393 537 DE
1424 477 1601 537 FIDE
1627 475 1875 535 OllTlit]

1781 478 1829 535 li
1836 477 2033 537 ODOX
2044 478 2084 535 Λ
2125 477 2271 537 LIB.
2314 477 2361 535 l.
3332 483 3436 544 846

214 591 408 662 αρχὶα”
454 587 565 641 τῶν
611 588 915 657 οεουμένων
962 583 1221 655 θεαρχία’
1294 584 1403 636 τῶν
1472 585 1775 639 διεστώτων
1806 592 1849 645 Α

1806 592 1849 645 Α
1880 595 1992 639 tum
2025 597 2081 642 ut
2108 588 2415 657 gignerent,
2448 585 2623 656 ipsius
2650 602 2876 645 munere
2905 598 3035 645 sunt
3066 595 3344 648 consecuti
3370 595 3435 647 ".

212 683 402 749 εἰρήνη
422 696 435 709 ·
469 678 693 731 καὶτῶν
715 676 1071 746 ἁπλουμένων
1100 675 1340 744 ἁπλότης
1358 691 1369 702 ·
1411 676 1503 727 καὶ
1526 676 1631 728 τῶν
1670 678 1777 729 ἑνι-

1885 673 1979 728 Est
2009 674 2234 744 insuper
2265 683 2319 731 et
2350 689 2540 729 eorum
2583 677 2672 745 qui
2708 677 2885 744 ipsum
2917 689 3247 749 sequuntur,
3290 690 3342 735 et
3370 695 3435 736 eo

214 771 454 839 ζομένων
477 769 663 837 ἑνότης
686 784 699 796 ·
742 770 918 837 ἀρχῆς
946 766 1167 834 ἁπάσης
1204 764 1545 833 ὑπερούσιος,
1572 766 1647 828 ὡς
1674 768 1776 819 ὐπ-

1883 775 2101 833 pastore
2155 774 2456 835 reguntur,
2490 775 2707 835 pastor;
2759 783 2946 822 eorum
2984 771 3077 839 qui
3130 771 3440 825 illuminan-

213 860 400 929 ἀρχιος
430 862 569 931 ἀρχή
592 877 605 890 '
641 860 736 911 καὶ
761 858 853 911 τοῦ
878 860 1133 928 κρυφίου,
1176 858 1294 927 ἦτοι
1322 858 1420 927 τῆς
1448 858 1611 911 αὐτοῦ
1638 858 1777 925 γνώ-

1884 866 1991 921 tnr,
2040 857 2399 911 coruscatio:
2450 872 2642 911 eorum
2685 858 2781 926 qui
2820 860 2994 914 sacris
3038 862 3315 931 mysteriis
3344 864 3439 916 im-

216 968 353 1013 σεως
382 951 524 1003 κατὰ
562 951 625 1002 τὸ
650 949 871 1018 θεμιτὸν
922 951 1017 1002 καὶ
1052 948 1274 1018 ἐφικτὸν
1327 949 1560 1017 ἑκάστῳ,
1596 949 1774 1018 ἀγαθὴ

1882 948 2147 1014 buuntur,
2200 948 2530 1003 initialionis
2569 964 2814 1017 auspex;
2864 964 3054 1003 eorum
3101 954 3191 1020 qui
3240 954 3439 1009 deitate

217 1042 517 1111 μετάδοσις.
1880 1040 2175 1106 donantur,
2230 1040 2451 1096 deitatis
2518 1040 2777 1111 largitor;
2831 1040 3241 1107 dissidentium,
3296 1058 3437 1113 pax;

215 1130 554 1202 simplicitati
622 1132 995 1199 stndentium,
1092 1136 1444 1205 simplicitas;
1507 1134 1811 1190 colentium
1888 1136 2174 1198 unitatem,
2228 1135 2439 1200 unitas;
2504 1134 2759 1204 principii
2834 1133 3035 1199 omnis,
3086 1136 3438 1205 principium,

215 1229 455 1283 essentia
502 1228 649 1282 omni
700 1229 973 1300 principio
1033 1232 1325 1286 sublimius
1376 1246 1485 1285 :ac
1525 1230 1780 1301 idenique
1813 1230 2013 1284 occulti
2050 1231 2159 1292 sui,
2214 1230 2264 1283 id
2301 1239 2386 1284 est
2453 1244 2567 1284 suae
2618 1229 2973 1299 cognitionis,
3024 1238 3292 1301 quantum
3357 1230 3441 1287 l‘as
3531 1274 3534 1278 Α

216 1331 323 1387 est,
383 1335 446 1375 ac
494 1336 591 1390 pro
639 1320 909 1392 cujusque
955 1332 1143 1394 captu,
1193 1326 1427 1396 benigna
1473 1325 1915 1380 communicatio.

1783 1506 1848 1515 -ιη

227 1528 247 1556 \

294 1629 406 1702 [Iac
430 1639 588 1702 caput
616 1628 751 1702 quod
778 1631 1014 1696 proxime
1052 1634 1303 1702 sequitur,
1338 1630 1662 1702 adjectitium
1702 1638 1807 1702 est,
1839 1644 1927 1681 nec
1960 1630 2211 1702 reperitur
2250 1628 2598 1702 in‘codicibus
2635 1629 3024 1702 vetustioribus,
3056 1630 3146 1681 sed
3262 1629 3442 1694 paucis

217 1699 925 1768 quibusdam.recentissima:
958 1698 1209 1753 notwfln
1246 1701 1400 1768 Regio
1435 1699 1573 1751 5l09
1621 1698 1840 1749 habetur
1892 1710 2004 1754 post
2034 1715 2150 1764 cap.
2178 1699 2210 1750 9
2262 1698 2351 1768 lib.
2386 1714 2459 1758 tv,
2493 1706 2540 1750 ct
2572 1699 2625 1750 in
2659 1698 2825 1768 Regio
2850 1699 3017 1768 altero
3051 1715 3103 1749 η.
3136 1700 3296 1759 5451,
3327 1707 3443 1768 post

219 1766 396 1835 caput.
431 1767 467 1819 ‘2
492 1768 583 1826 lib.
612 1783 671 1821 II.
726 1766 1035 1823 Lambecius
1095 1780 1264 1821 mouet
1305 1766 1616 1834 adjunctum
1670 1768 1799 1818 illud
1848 1768 2010 1833 fuisse
2041 1770 2095 1819 in
2135 1768 2251 1820 cod.
2290 1767 2599 1819 Cwsariauo
2637 1784 2689 1822 η.
2730 1766 2837 1820 ‘200
2871 1767 2938 1817 ad
2988 1772 3181 1820 calcem
3218 1768 3340 1819 libri
3373 1767 3447 1821 De

221 1838 327 1890 title
358 1838 681 1889 orthodoxa.
721 1835 863 1889 Illud
892 1854 1007 1891 vero
1032 1836 1235 1891 Joanni
1264 1838 1592 1890 Damasceno
1642 1837 1971 1887 tribuendum
1997 1852 2129 1897 esse,
2157 1835 2389 1888 Joannes
2420 1836 2639 1893 Beccus.
2664 1836 2973 1903 patriarcha
3007 1838 3267 1901 quondam
3303 1835 3444 1889 Con-

220 1906 753 1972 stantinopolitanus,
787 1908 1001 1975 ejusque
1036 1909 1165 1961 socii
1205 1908 1464 1960 evicerunt
1496 1908 1549 1957 iu
1598 1905 1817 1957 solemni
1847 1915 2097 1975 conventu
2126 1908 2503 1971 episcoporum,
2541 1906 2690 1972 cujus
2728 1914 2845 1958 acta
2872 1903 3121 1975 Georgius
3151 1905 3443 1975 Pachymef

222 1992 306 2027 res
329 1976 381 2027 in
412 1976 747 2037 Andronico,
780 1972 873 2029 lib.
917 1972 998 2029 'vn
1026 1977 1207 2043 refert.
1265 1977 1510 2042 Quinimo
1549 1975 1802 2041 Georgius
1856 1972 2161 2027 Scholarius
2214 1976 2265 2027 in
2300 1981 2521 2037 utroque
2575 1991 2723 2040 opere
2755 1972 2891 2043 quod
2924 1972 2987 2025 de
3015 1973 3248 2041 Spiritus
3277 1972 3448 2028 mea

221 2045 550 2110 processione
576 2046 824 2100 adversus
859 2044 1081 2100 Latinos
1111 2045 1297 2112 edidit,
1327 2046 1497 2100 nostri
1526 2044 1759 2097 auctoris
1792 2043 1956 2111 [etum
1981 2058 2091 2096 esse
2125 2043 2373 2096 indubius
2402 2047 2665 2110 agnoscit.
3400 2043 3404 2047 ’

1785 2226 1853 2239 ι.-

370 2350 498 2403 Ἐτι
534 2352 658 2419 περὶ
684 2354 854 2406 θείων
886 2354 1193 2424 ὀνομάτων
1212 2357 1649 2426 ἀκριϐέστερον.

293 2441 368 2493 Τὸ
398 2441 549 2495 Θεῖον
576 2443 957 2514 ἀκατάληπτον
1003 2447 1080 2510 ὒν,
1118 2446 1332 2510 πάντως
1385 2451 1478 2501 καὶ
1506 2449 1781 2519 ἀνώνυμον

219 2533 397 2587 ἔσται.
443 2534 786 2602 Ἀγνοοῦντες
809 2532 903 2590 οὖν
931 2537 1027 2608 τὴν
1053 2538 1239 2591 οὐσίαν
1266 2539 1453 2605 αὐτοῦ,
1478 2541 1574 2609 τῆς
1600 2542 1782 2604 οὐσίας

218 2618 388 2673 αὐτοῦ
430 2618 504 2689 μὴ
541 2620 933 2693 ἐκζητήσωμεν
968 2624 1166 2695 ὄνομα·
1211 2626 1480 2697 δηλωτικὰ
1527 2628 1632 2697 γὰρ
1678 2629 1785 2682 τῶν

222 2715 569 2782 πραγμάτων
597 2716 713 2768 ἐστὶ
734 2717 805 2769 τὰ-
823 2718 1062 2788 ὀνόματα
1078 2736 1093 2752 ο
1121 2720 1235 2773 ἀλλ’
1260 2722 1460 2789 ἀγαθὸς
1493 2722 1567 2775 ὣν
1590 2723 1783 2789 ὁΘεὸς,

220 2802 324 2856 καὶ
353 2804 443 2854 ἐπὶ
468 2805 685 2873 μεθέξει
711 2808 810 2876 τῆς
830 2809 1163 2879 ἀγαῧότητος
1194 2813 1529 2881 παραγαγὼν
1551 2816 1696 2883 ἡμᾶς
1724 2816 1787 2867 ὲκ

218 2891 325 2945 τοῦ
363 2893 438 2962 μὴ
465 2893 616 2958 ὄντος
646 2898 727 2959 εἰς
762 2898 822 2950 τὸ
845 2892 1006 2963 εἶναι,
1044 2901 1137 2952 καὶ⁹
1175 2902 1508 2969 γνωστικοὺς
1560 2904 1786 2974 ποιήσας

219 2985 397 3054 ἡμᾶς,
426 2983 613 3056 ὥσπερ
640 2988 699 3039 οὐ
739 2989 838 3057 τῆς
882 2991 1078 3057 οὐσίας,
1105 2992 1268 3045 αὐτοῦ
1306 2994 1603 3062 μετέδωκεν
1634 2996 1782 3064 ἡμῖν,

219 3074 401 3138 οὕτως
423 3078 543 3130 οὐδὲ
569 3080 667 3148 τῆς
693 3080 948 3148 γνώσεως
998 3083 1096 3153 τῆς
1126 3085 1313 3146 οὐσίας
1344 3084 1531 3138 αὐτοῦ.
1571 3086 1788 3139 Ἀδύνα-

220 3181 318 3218 τον
364 3168 468 3237 γὰρ
524 3169 688 3237 φύσιν
738 3172 958 3235 τελείως
1000 3173 1201 3242 γνῶναι
1240 3176 1336 3246 τὴν
1387 3176 1789 3247 ὑπερκειμένην

220 3255 412 3324 φύσιν.
442 3260 504 3311 El
532 3260 588 3312 δὲ
611 3261 832 3315 καὶτῶν
860 3263 1029 3317 ὄντων
1055 3266 1111 3317 αἱ
1139 3265 1365 3334 γνώσεις
1393 3268 1439 3330 ί,
1464 3267 1525 3318 τὸ
1556 3267 1790 3337 ὐπερού-

220 3354 349 3398 σιον
395 3348 510 3412 πῶς
560 3352 972 3420 γνωσθήσεται;
1000 3356 1082 3408 Δι’.
1104 3356 1310 3423 ἄφατον
1342 3352 1435 3409 οὖν
1480 3359 1791 3428 ἀγαϐότητα

218 3435 529 3507 ηὐδόκησεν
574 3440 636 3492 ὲκ
674 3442 781 3519 τῶν
811 3448 931 3497 κατ’
965 3447 1110 3515 ἡμᾶς
1150 3449 1551 3516 ὀνομάζεσθαι,
1594 3452 1677 3501 ἵνα
1716 3452 1788 3521 μὴ

218 3526 487 3596 ἀμέτοχοι
547 3532 825 3596 παντελῶς
877 3528 1025 3605 ὧμέν
1073 3537 1169 3606 τῆς
1224 3539 1389 3591 αὐτοῦ
1421 3540 1788 3607 ἐπιγνώσεως,

218 3618 347 3670 ἀλλ’
372 3619 583 3690 ἔχωμεν
608 3623 710 3676 κᾶν
739 3626 983 3696 ἀμυδρὰν
1017 3630 1180 3683 αὐτοῦ
1231 3630 1460 3683 ἔννοιαν.
1510 3631 1659 3683 Καοδ
1691 3632 1790 3701 μὲν

2093 2355 2276 2408 Adhuc
2305 2354 2363 2407 de
2385 2354 2571 2407 divinis
2591 2353 2883 2407 nominibus
2915 2352 3233 2405 accuratius.

1959 2448 2052 2502 Dei
2077 2448 2303 2502 essentia
2339 2448 2394 2499 in
2422 2463 2475 2500 se
2508 2446 2655 2500 nobis
2702 2446 2901 2514 ignota,
2959 2459 3051 2498 nec
3088 2442 3444 2498 nominabilis.

1885 2538 1983 2592 Dei
2037 2540 2247 2592 nomina
2276 2554 2339 2591 ea:
2370 2538 2581 2599 creatis,
2627 2536 2741 2605 ipso
2767 2536 3158 2589 innominabili.
3179 2564 3247 2575 —-
3278 2533 3444 2596 Deus.

1888 2630 2463 2699 incomprehensibilis
2513 2643 2634 2683 cum
2672 2627 2768 2693 sit,
2819 2627 3042 2681 omnino
3093 2640 3309 2696 quoque
3359 2643 3449 2680 no-

1888 2719 2087 2773 minati
2121 2732 2229 2771 non
2272 2724 2471 2787 potest.
2521 2718 2654 2772 Cum
2702 2716 2884 2784 itaque
2932 2714 3107 2785 ipsius
3152 2717 3447 2771 essentiam

1887 2809 2225 2877 ignoremus,
2254 2807 2506 2861 essentia:
2545 2804 2717 2874 ipsius
2755 2818 2951 2858 nomen
2984 2819 3052 2858 ne
3076 2804 3446 2875 inquiramus.

1886 2895 2115 2950 Nomina
2165 2896 2364 2965 quippe
2416 2909 2598 2949 rerum
2644 2891 3049 2947 manifestantia
3115 2900 3245 2948 sunt
3272 2897 3335 2947 ¹⁷.
3374 2898 3446 2948 At

1888 2986 2031 3041 Deus
2084 2986 2177 3055 qui
2206 2986 2383 3041 bonus
2412 2994 2516 3045 est,
2563 3000 2777 3055 nosque
2799 2984 3006 3040 ideirco
3064 3002 3129 3041 ex
3167 2987 3322 3059 147
3359 2990 3445 3042 ni-

1888 3078 2001 3153 hilo
2036 3077 2310 3146 produxit,
2338 3083 2400 3130 ut
2434 3077 2609 3155 ipsius
2632 3076 2897 3132 bonitatis
2925 3079 3223 3148 participes
3247 3080 3442 3147 simus,

1890 3168 2091 3236 quique
2125 3166 2500 3234 cognoscendi
2556 3168 2666 3219 vim
2706 3167 2867 3222 nobis
2916 3168 3133 3231 indidit,
3185 3170 3325 3223 sicut
3356 3187 3446 3226 es-

1892 3259 2121 3311 sentiam
2157 3271 2314 3311 suam
2358 3257 2521 3311 nobis
2556 3272 2667 3311 non
2695 3257 3017 3327 impertivit,
3050 3260 3132 3313 sic
3159 3274 3227 3314 ne
3260 3276 3447 3316 essen-

1891 3349 1977 3402 tiae
2011 3348 2229 3417 quidem
2278 3363 2390 3403 suae
2423 3348 2791 3417 cognitionem
2839 3349 3048 3404 tribuit.
3081 3348 3266 3421 Neque
3293 3354 3439 3407 enim

1894 3438 2005 3492 lieri
2066 3446 2245 3506 potest
2311 3446 2373 3491 ut
2431 3444 2626 3490 natura
2688 3439 3029 3507 superiorem
3079 3455 3137 3495 se
3195 3454 3447 3502 naturam

1892 3530 2048 3598 plene
2079 3537 2370 3599 cognoscat
2404 3529 2469 3582 ¹⁸.
2501 3530 2570 3581 At
2606 3529 2653 3584 si
2694 3530 3034 3599 cognitiones
3081 3541 3211 3587 sunt
3249 3548 3438 3590 earum

1895 3636 2077 3675 rerum
2130 3635 2251 3689 qua:
2296 3629 2446 3684 sunt,
2487 3620 2633 3689 quod
2671 3622 2911 3675 essentia
2967 3623 3115 3676 omni
3156 3625 3447 3683 sublimius

216 3706 323 3760 οὖν
361 3710 741 3782 ἀκατάληπτός
790 3717 929 3781 ἐστι,
969 3720 1061 3771 καὶ
1106 3719 1568 3789 ἀκατονόμαστος.
1618 3698 1703 3783 Ὠς
1734 3722 1789 3773 δὲ
1815 3698 1858 3756 C

1815 3698 2008 3776 (ἔθει,
2064 3726 2304 3782 quonam
2365 3712 2529 3766 velim
2591 3711 2755 3771 modo
2814 3717 3211 3783 cognoscatur?
3271 3717 3450 3783 Quare

217 3799 449 3853 πάντων
480 3804 650 3866 αἴτιος
672 3846 686 3871 ,
734 3807 829 3860 καὶ
862 3808 1079 3862 πάντων
1122 3811 1231 3862 τῶν
1251 3810 1420 3863 ὄντων
1446 3812 1572 3874 τοὺς
1599 3812 1788 3879 λόγους

218 3892 324 3941 καὶ
356 3890 453 3953 τὰς
480 3894 655 3957 αἰτίας
700 3897 757 3947 ἐν
794 3897 969 3967 ἑαυτῷ
1014 3900 1279 3968 προέχων,
1334 3902 1397 3953 ἐκ
1434 3900 1649 3952 πάντων
1682 3902 1788 3953 τῶν

212 3977 398 4031 ὄντων
453 3984 914 4051 κατονομάζεται,
967 3989 1061 4038 καὶ
1087 3991 1149 4039 ἐκ
1197 3988 1304 4038 τῶν
1334 3988 1619 4039 ἐναντίων*
1676 3982 1786 4040 οἷον

215 4067 407 4136 φωτὸς
438 4071 530 4122 καὶ
553 4072 797 4135 σκότους,
837 4074 1025 4137 ὓδατος
1067 4078 1160 4129 καὶ
1205 4078 1407 4146 πυρός·
1450 4078 1535 4128 ἵνα
1571 4078 1786 4145 γνῶμεν

212 4159 311 4210 ὅτι
344 4160 403 4209 οὐ
435 4161 601 4216 ταῦτα
631 4165 751 4215 κατ’
790 4166 975 4220 οὐσίαν
1005 4169 1183 4220 ἐστίν’
1220 4170 1333 4222 ἀλλ’
1359 4169 1480 4221 ἐστι’
1495 4167 1593 4239 μὲν
1616 4170 1787 4239 ὑπερ-

210 4246 408 4309 ούσιος
436 4250 526 4300 καὶ
548 4252 984 4321 ἀκατονόμαστος
1006 4270 1017 4281 ·
1043 4253 1118 4317 ὡς
1147 4255 1202 4307 δὲ
1230 4257 1444 4309 πάντων
1477 4256 1584 4307 τῶν
1619 4253 1786 4306 ὄντων

212 4338 423 4401 αἴτιος,
456 4341 519 4392 ἐκ
558 4343 772 4395 πάντων
799 4343 906 4395 τῶν
945 4346 1199 4399 αἱτιατῶν
1227 4346 1572 4415 ὀνομάζεται.

1900 3802 2251 3858 inenarrabili
2298 3802 2469 3871 ipsius
2498 3788 2738 3856 bonitate
2787 3802 2990 3858 factum
3034 3814 3139 3871 est,
3174 3815 3232 3861 ut
3263 3824 3329 3862 ex
3364 3809 3451 3866 his

1894 3906 2013 3960 quae
2079 3892 2235 3944 nobis
2290 3890 2579 3943 familiaria
2634 3901 2781 3956 sunt,
2838 3894 3108 3949 nominari
3176 3898 3445 3964 voluerit;

1892 3996 1961 4034 ne
2009 3980 2209 4049 alioqui
2256 3980 2375 4049 ejus
2429 3980 2760 4049 cognitionis
2803 3998 3031 4051 prorsus
3069 3998 3321 4054 expertes
3361 4004 3449 4045 es-

1892 4086 2095 4134 semus,
2130 4070 2222 4123 sed
2252 4071 2531 4123 notionem
2564 4070 2757 4139 ipsius,
2792 4074 3096 4140 quamlibet
3127 4078 3445 4143 obscuram,

1895 4163 2241 4216 haberemus.
2276 4161 2341 4213 Et
2384 4164 2626 4232 quidem,
2675 4171 2949 4231 quatenus
2981 4225 2985 4229 _
3012 4180 3226 4221 omnem
3274 4173 3442 4225 animi

1894 4253 2443 4322 comprehensionem
2486 4261 2743 4322 superat,
2779 4256 2989 4309 nullum
3029 4258 3078 4311 ei
3110 4274 3305 4314 nomen
3355 4276 3446 4317 as-

1894 4343 2102 4411 signari
2157 4351 2373 4411 potest:
2419 4351 2691 4411 qnatenus
2745 4355 2924 4398 autem
2974 4348 3216 4401 omnium
3253 4358 3448 4405 auctor

211 4435 333 4489 est,
378 4443 667 4500 rerumque
716 4435 961 4488 omnium
1014 4450 1212 4491 causas
1265 4444 1320 4490 et
1352 4437 1595 4492 rationes
1635 4437 1689 4490 in
1724 4450 1781 4491 se
1826 4434 2086 4495 continet,
2123 4448 2190 4487 ex
2232 4433 2486 4486 omnibus
2519 4433 2705 4497 rebus,
2740 4434 2904 4488 etiam
2958 4435 3102 4490 inter
3187 4453 3246 4493 se
3309 4456 3445 4496 con-

212 4522 439 4584 trariis,
466 4524 799 4588 nominatur,
832 4529 985 4580 velut
1028 4543 1058 4582 a
1094 4530 1212 4582 luce
1254 4529 1513 4591 tenebris,
1584 4519 1651 4582 ab
1702 4542 1825 4597 igne
1864 4535 1918 4581 et
2000 4541 2182 4595 aqua;
2235 4537 2296 4578 ut
2340 4526 2742 4595 intelligamus,
2796 4527 2909 4581 haec
2957 4527 3107 4584 illum
3149 4534 3445 4590 secundum

210 4614 526 4671 essentiam
571 4630 681 4668 non
717 4632 857 4681 esse,
903 4619 996 4673 sed
1068 4621 1249 4688 potius
1305 4637 1472 4690 supra
1528 4620 1821 4675 essentiam
1900 4632 2045 4679 esse,
2111 4632 2208 4670 nec
2258 4616 2374 4673 ullo
2416 4618 2637 4670 nomine
2689 4619 2947 4686 appellari
2994 4622 3212 4689 quidem
3259 4639 3449 4693 posse,

210 4714 485 4759 caeterum
535 4718 593 4761 ut
637 4712 879 4764 omnium
941 4727 1186 4777 causam,
1227 4707 1273 4766 a'
1307 4717 1526 4783 cunctis
1574 4715 1787 4769 ell'ectis
1825 4712 2122 4767 nominari.

291 4799 392 4850 Διὸ
414 4800 521 4850 τῶν
550 4800 710 4855 Οείων
736 4804 1037 4873 ὀνομάτων,
1074 4807 1141 4870 τᾲ
1176 4810 1273 4877 μὲν
1301 4809 1651 4876 ἁποερατικῶς
1696 4807 1787 4859 λέ-

210 4904 411 4956 γεται,
441 4889 703 4957 δηλοῦντα
732 4894 793 4945 τὸ
818 4895 1159 4965 ὐπερούσιον·
1192 4894 1302 4950 οἷον
1335 4899 1600 4961 ἁνούσιος,
1627 4898 1790 4967 ἄχρο-

208 4998 342 5045 νος,
368 4980 622 5049 ἄναρχος,
646 4984 874 5054 ἀόρατος
893 5003 905 5016 °
939 4989 1035 5057 οὐχ
1066 4991 1145 5041 ὅτι
1170 4991 1313 5053 τινὸς
1338 4993 1515 5060 ἥττων
1554 4994 1721 5055 ἐστὶν,
1756 4995 1790 5063 ἦ

204 5090 375 5135 τινος
408 5074 689 5145 ἐστέρηται
714 5092 729 5106 θ
765 5080 928 5131 αὐτοῦ
961 5082 1069 5151 γάρ
1116 5085 1231 5135 ἐστι
1280 5083 1348 5134 τὰ
1380 5083 1576 5147 πάντα,
1610 5085 1701 5135 καὶ
1730 5085 1788 5149 ἐξ

204 5161 397 5216 αὐτοῦ
424 5165 603 5244 καὶ
635 5167 798 5219 αυτοῦ
828 5171 1037 5237 γέγονε,
1061 5174 1152 5224 καὶ
1180 5174 1236 5224 ἐν
1252 5174 1399 5243 αὐτῷ
1432 5174 1785 5242 συνέστηκεν·

203 5253 344 5307 ἀλλ’
359 5254 443 5305 ὅτι
456 5255 667 5308 πάντων
684 5257 904 5327 ὑπεροχι
916 5261 1025 5325 κῶς
1042 5262 1146 5315 τῶν
1162 5264 1328 5315 ὄντων
1346 5263 1792 5334 ἐξῄρηται.οὐδὲν

204 5344 337 5415 γὰρ
362 5343 472 5395 τῶν
483 5344 668 5409 ὄντων,
686 5348 801 5399 ἀλλ’
819 5349 956 5419 ὑπὲρ
972 5352 1151 5404 ,πάντα
1177 5352 1309 5405 ἐστί.
1331 5353 1408 5403 Τὰ
1429 5354 1482 5404 δὲ
1500 5368 1794 5420 καταφατι-

206 5434 343 5497 κῶς
377 5434 665 5504 λεγόμενα,
692 5437 765 5501 ὡς
800 5440 1107 5519 αἰτίουὶτῶν
1132 5442 1347 5495 πάντων
1383 5447 1786 5513 κατηγορεῖται.

1972 4805 2067 4858 Dei
2124 4807 2337 4857 nomina
2394 4806 2660 4872 negantia,
2711 4808 3048 4875 a/ﬁrmantia.
3094 4808 3223 4874 Qua:
3277 4814 3449 4880 aptius

1896 4896 1959 4949 de
1977 4894 2086 4950 Deo
2113 4895 2357 4948 dicantur
2378 4896 2607 4949 nomina.
2639 4894 2865 4959 Malum,
2908 4898 3072 4963 nihil;
3106 4899 3316 4964 bonum,
3354 4919 3448 4956 ex-

1900 4986 2161 5049 sistentia,
2186 5000 2247 5036 ac
2264 4998 2366 5038 res.
2384 4984 2547 5037 Mista
2582 4984 2679 5047 Dei
2716 4985 2946 5038 nomina.
2983 4986 3290 5053 Afﬁrmatio
3318 5005 3451 5056 pra:-

1895 5076 2128 5128 cellentis
2158 5073 2445 5141 negationis
2475 5073 2576 5124 vim
2601 5072 2814 5126 habens.
2849 5103 2917 5112 ——
2939 5073 3200 5138 Quocirca
3222 5092 3288 5130 ex
3313 5078 3450 5131 divi-

1898 5167 1981 5219 nis
2004 5165 2313 5218 nominibus
2343 5163 2587 5232 quadam
2638 5179 2733 5233 per
2786 5166 3125 5234 negationem
3169 5167 3447 5235 dicuntur,

1898 5256 2095 5326 quibus
2121 5255 2410 5309 essentiam
2444 5270 2657 5309 omnem
2681 5271 2803 5310 eum
2822 5272 3078 5325 superare
3104 5258 3408 5313 declaratur
3434 5280 3450 5329 ;

1900 5348 2045 5402 velut
2091 5362 2210 5400 cum
2267 5347 2520 5400 essentia:
2575 5362 2792 5417 expers,
2856 5350 2971 5403 sine
3019 5356 3276 5416 tempore,
3336 5351 3451 5404 sine

1900 5440 2185 5509 principio,
2217 5437 2507 5491 invisibilis
2541 5437 2739 5493 dicitur
2772 5456 2784 5491 :
2815 5454 2919 5492 non
2961 5439 3104 5508 quod
3136 5456 3192 5494 rc
3223 5442 3331 5495 ulla
3370 5443 3449 5495 in-

292 5571 349 5600 ¹⁶
371 5569 572 5627 Athan.
606 5587 748 5631 orat.
781 5578 994 5633 260m.
1028 5583 1242 5647 Ariau.;
1273 5582 1445 5652 Cyril.
1488 5582 1639 5636 Thes.
1681 5587 1877 5636 assert.
1909 5572 1993 5632 l3.
2073 5575 2113 5606 "
2140 5576 2300 5646 Greg.
2334 5576 2465 5631 Naz.
2502 5587 2639 5633 orat.
2673 5580 2759 5633 56.
2839 5579 2877 5611 ³⁸
2921 5578 3139 5650 Dionys.
3173 5593 3289 5647 cap.
3334 5574 3454 5630 le

203 5639 333 5694 diu.
377 5655 517 5693 nam.

1596 5737 1828 5793 VARI/IS
1860 5737 2259 5796 LECTIONES.

304 5826 326 5864 ι
370 5826 435 5877 li.
465 5826 601 5879 5109
629 5829 682 5879 αἱ
710 5828 899 5897 φύσεις
929 5832 1226 5899 ἄγνωστοι,
1270 5830 1400 5885 αὐτὸ
1446 5829 1767 5900 ὐπερούσιον
1830 5829 1944 5891 πῶς
1977 5830 2367 5902 γνωσθήσεται.
