  <div class='ocr_page' id='page_1' title='image "/cluster/home/n/w/nwhite01/storage/ocr_20150623/94/nnc1.0046979999/441.png"; bbox 0 0 4198 6492; ppageno 0'>
   <div class='ocr_carea' id='block_1_1' title="bbox 764 428 945 490">
    <p class='ocr_par' dir='ltr' id='par_1_1' title="bbox 764 428 945 490">
     <span class='ocr_line' id='line_1_1' title="bbox 764 428 945 490; baseline -0.055 0"><span class='ocrx_word' id='word_1_1' title='bbox 764 428 945 490; x_wconf 72' lang='lat'><strong>867.</strong></span> 
     </span>
    </p>
   </div>
   <div class='ocr_carea' id='block_1_2' title="bbox 1953 418 2828 493">
    <p class='ocr_par' dir='ltr' id='par_1_2' title="bbox 1953 418 2828 493">
     <span class='ocr_line' id='line_1_2' title="bbox 1953 418 2828 493; baseline 0.002 -14"><span class='ocrx_word' id='word_1_2' title='bbox 1953 421 2012 479; x_wconf 90' lang='lat' dir='ltr'><strong>S.</strong></span> <span class='ocrx_word' id='word_1_3' title='bbox 2046 418 2363 480; x_wconf 80' lang='lat' dir='ltr'><strong>JOANNIS</strong></span> <span class='ocrx_word' id='word_1_4' title='bbox 2392 420 2828 493; x_wconf 67' lang='lat' dir='ltr'><strong>DAMASCENI</strong></span> 
     </span>
    </p>
   </div>
   <div class='ocr_carea' id='block_1_3' title="bbox 3896 421 3996 484">
    <p class='ocr_par' dir='ltr' id='par_1_3' title="bbox 3896 421 3996 484">
     <span class='ocr_line' id='line_1_3' title="bbox 3896 421 3996 484; baseline 0 0"><span class='ocrx_word' id='word_1_5' title='bbox 3896 421 3996 484; x_wconf 74' lang='lat'><strong>868</strong></span> 
     </span>
    </p>
   </div>
   <div class='ocr_carea' id='block_1_4' title="bbox 768 522 2352 601">
    <p class='ocr_par' dir='ltr' id='par_1_4' title="bbox 768 522 2352 601">
     <span class='ocr_line' id='line_1_4' title="bbox 768 522 2352 601; baseline -0.008 -14"><span class='ocrx_word' id='word_1_6' title='bbox 768 534 926 601; x_wconf 73' lang='lat' dir='ltr'><strong>cujus</strong></span> <span class='ocrx_word' id='word_1_7' title='bbox 970 530 1197 589; x_wconf 77' lang='lat' dir='ltr'><strong>formam</strong></span> <span class='ocrx_word' id='word_1_8' title='bbox 1236 525 1559 581; x_wconf 61' lang='lat' dir='ltr'><strong>substantiae</strong></span> <span class='ocrx_word' id='word_1_9' title='bbox 1589 538 1651 579; x_wconf 89' lang='lat' dir='ltr'><strong>ac</strong></span> <span class='ocrx_word' id='word_1_10' title='bbox 1679 522 2052 579; x_wconf 79' lang='lat' dir='ltr'><strong>deﬁnitionem</strong></span> <span class='ocrx_word' id='word_1_11' title='bbox 2089 523 2318 577; x_wconf 85' lang='lat' dir='ltr'><strong>Creator</strong></span> <span class='ocrx_word' id='word_1_12' title='bbox 2348 571 2352 582; x_wconf 74' lang='grc'>,</span> 
     </span>
    </p>
   </div>
   <div class='ocr_carea' id='block_1_5' title="bbox 2420 522 3996 601">
    <p class='ocr_par' dir='ltr' id='par_1_5' title="bbox 2427 525 3996 596">
     <span class='ocr_line' id='line_1_5' title="bbox 2427 525 3996 596; baseline 0.002 -22"><span class='ocrx_word' id='word_1_13' title='bbox 2427 538 2637 577; x_wconf 80' lang='grc' dir='ltr'>σταται.</span> <span class='ocrx_word' id='word_1_14' title='bbox 2680 525 2993 595; x_wconf 79' lang='grc' dir='ltr'>’Λσώματος</span> <span class='ocrx_word' id='word_1_15' title='bbox 3018 525 3072 577; x_wconf 79' lang='grc' dir='ltr'><strong>δὲ</strong></span> <span class='ocrx_word' id='word_1_16' title='bbox 3096 525 3331 594; x_wconf 81' lang='grc' dir='ltr'>λέγεται,</span> <span class='ocrx_word' id='word_1_17' title='bbox 3360 527 3453 578; x_wconf 72' lang='grc' dir='ltr'>καὶ</span> <span class='ocrx_word' id='word_1_18' title='bbox 3485 526 3669 589; x_wconf 79' lang='grc' dir='ltr'>ἇῦλος,</span> <span class='ocrx_word' id='word_1_19' title='bbox 3706 525 3835 578; x_wconf 80' lang='grc' dir='ltr'>ὅσον</span> <span class='ocrx_word' id='word_1_20' title='bbox 3861 526 3996 596; x_wconf 76' lang='grc' dir='ltr'>πρὸς</span> 
     </span>
    </p>
   </div>
   <div class='ocr_carea' id='block_1_6' title="bbox 768 612 2323 681">
    <p class='ocr_par' dir='ltr' id='par_1_6' title="bbox 768 612 2323 681">
     <span class='ocr_line' id='line_1_6' title="bbox 768 612 2323 681; baseline -0.007 -7"><span class='ocrx_word' id='word_1_21' title='bbox 768 622 918 675; x_wconf 83' lang='lat' dir='ltr'><strong>solus</strong></span> <span class='ocrx_word' id='word_1_22' title='bbox 951 616 1124 670; x_wconf 77' lang='lat' dir='ltr'><strong>novit.</strong></span> <span class='ocrx_word' id='word_1_23' title='bbox 1176 614 1335 680; x_wconf 84' lang='lat' dir='ltr'><strong>Quod</strong></span> <span class='ocrx_word' id='word_1_24' title='bbox 1375 622 1559 668; x_wconf 90' lang='lat' dir='ltr'><strong>autem</strong></span> <span class='ocrx_word' id='word_1_25' title='bbox 1608 626 1836 681; x_wconf 90' lang='lat' dir='ltr'><strong>corpore</strong></span> <span class='ocrx_word' id='word_1_26' title='bbox 1871 626 1935 664; x_wconf 84' lang='lat' dir='ltr'><strong>ac</strong></span> <span class='ocrx_word' id='word_1_27' title='bbox 1966 612 2198 666; x_wconf 88' lang='lat' dir='ltr'><strong>materia</strong></span> <span class='ocrx_word' id='word_1_28' title='bbox 2227 625 2323 663; x_wconf 81' lang='lat' dir='ltr'><strong>va-</strong></span> 
     </span>
    </p>
   </div>
   <div class='ocr_carea' id='block_1_7' title="bbox 767 701 2323 770">
    <p class='ocr_par' dir='ltr' id='par_1_7' title="bbox 767 701 2323 770">
     <span class='ocr_line' id='line_1_7' title="bbox 767 701 2323 770; baseline -0.006 -8"><span class='ocrx_word' id='word_1_29' title='bbox 767 722 895 762; x_wconf 83' lang='lat' dir='ltr'><strong>care</strong></span> <span class='ocrx_word' id='word_1_30' title='bbox 922 705 1143 769; x_wconf 86' lang='lat' dir='ltr'><strong>dicitur,</strong></span> <span class='ocrx_word' id='word_1_31' title='bbox 1188 706 1292 758; x_wconf 79' lang='lat' dir='ltr'><strong>hoc</strong></span> <span class='ocrx_word' id='word_1_32' title='bbox 1336 704 1507 757; x_wconf 89' lang='lat' dir='ltr'><strong>nostri</strong></span> <span class='ocrx_word' id='word_1_33' title='bbox 1535 702 1744 755; x_wconf 89' lang='lat' dir='ltr'><strong>ratione</strong></span> <span class='ocrx_word' id='word_1_34' title='bbox 1773 701 2188 770; x_wconf 74' lang='lat' dir='ltr'><strong>intelligendum</strong></span> <span class='ocrx_word' id='word_1_35' title='bbox 2219 706 2323 755; x_wconf 81' lang='lat' dir='ltr'><strong>est°</strong></span> 
     </span>
    </p>
   </div>
   <div class='ocr_carea' id='block_1_8' title="bbox 765 790 2323 867">
    <p class='ocr_par' dir='ltr' id='par_1_8' title="bbox 765 790 2323 867">
     <span class='ocr_line' id='line_1_8' title="bbox 765 790 2323 867; baseline -0.004 -16"><span class='ocrx_word' id='word_1_36' title='bbox 765 798 980 867; x_wconf 83' lang='lat' dir='ltr'><strong>Alioqui</strong></span> <span class='ocrx_word' id='word_1_37' title='bbox 1031 797 1176 850; x_wconf 86' lang='lat' dir='ltr'><strong>enim</strong></span> <span class='ocrx_word' id='word_1_38' title='bbox 1230 793 1491 864; x_wconf 82' lang='lat' dir='ltr'><strong>quidquid</strong></span> <span class='ocrx_word' id='word_1_39' title='bbox 1545 807 1667 845; x_wconf 89' lang='lat' dir='ltr'><strong>eum</strong></span> <span class='ocrx_word' id='word_1_40' title='bbox 1723 791 1833 845; x_wconf 88' lang='lat' dir='ltr'><strong>Deo</strong></span> <span class='ocrx_word' id='word_1_41' title='bbox 1873 790 2177 854; x_wconf 80' lang='lat' dir='ltr'><strong>confertur,</strong></span> <span class='ocrx_word' id='word_1_42' title='bbox 2232 790 2323 859; x_wconf 90' lang='lat' dir='ltr'><strong>qui</strong></span> 
     </span>
    </p>
   </div>
   <div class='ocr_carea' id='block_1_9' title="bbox 767 882 2327 954">
    <p class='ocr_par' dir='ltr' id='par_1_9' title="bbox 767 882 2327 954">
     <span class='ocr_line' id='line_1_9' title="bbox 767 882 2327 954; baseline -0.005 -10"><span class='ocrx_word' id='word_1_43' title='bbox 767 888 1081 954; x_wconf 73' lang='lat' dir='ltr'><strong>solusnulli</strong></span> <span class='ocrx_word' id='word_1_44' title='bbox 1114 886 1416 954; x_wconf 86' lang='lat' dir='ltr'><strong>comparari</strong></span> <span class='ocrx_word' id='word_1_45' title='bbox 1457 888 1661 952; x_wconf 89' lang='lat' dir='ltr'><strong>potest,</strong></span> <span class='ocrx_word' id='word_1_46' title='bbox 1692 896 1938 936; x_wconf 89' lang='lat' dir='ltr'><strong>crassum</strong></span> <span class='ocrx_word' id='word_1_47' title='bbox 1970 889 2023 936; x_wconf 93' lang='lat' dir='ltr'><strong>et</strong></span> <span class='ocrx_word' id='word_1_48' title='bbox 2048 882 2327 936; x_wconf 86' lang='lat' dir='ltr'><strong>materiale</strong></span> 
     </span>
    </p>
   </div>
   <div class='ocr_carea' id='block_1_10' title="bbox 772 973 2324 1045">
    <p class='ocr_par' dir='ltr' id='par_1_10' title="bbox 772 973 2324 1045">
     <span class='ocr_line' id='line_1_10' title="bbox 772 973 2324 1045; baseline -0.005 -12"><span class='ocrx_word' id='word_1_49' title='bbox 772 978 1070 1039; x_wconf 87' lang='lat' dir='ltr'><strong>invenitur.</strong></span> <span class='ocrx_word' id='word_1_50' title='bbox 1114 976 1238 1030; x_wconf 88' lang='lat' dir='ltr'><strong>Sola</strong></span> <span class='ocrx_word' id='word_1_51' title='bbox 1267 976 1467 1045; x_wconf 86' lang='lat' dir='ltr'><strong>quippe</strong></span> <span class='ocrx_word' id='word_1_52' title='bbox 1497 974 1681 1029; x_wconf 87' lang='lat' dir='ltr'><strong>divina</strong></span> <span class='ocrx_word' id='word_1_53' title='bbox 1705 982 1907 1027; x_wconf 86' lang='lat' dir='ltr'><strong>natura</strong></span> <span class='ocrx_word' id='word_1_54' title='bbox 1936 988 2065 1028; x_wconf 89' lang='lat' dir='ltr'><strong>vere</strong></span> <span class='ocrx_word' id='word_1_55' title='bbox 2096 973 2324 1028; x_wconf 80' lang='lat' dir='ltr'><strong>materia</strong></span> 
     </span>
    </p>
   </div>
   <div class='ocr_carea' id='block_1_11' title="bbox 770 1072 1290 1136">
    <p class='ocr_par' dir='ltr' id='par_1_11' title="bbox 770 1072 1290 1136">
     <span class='ocr_line' id='line_1_11' title="bbox 770 1072 1290 1136; baseline -0.012 -15"><span class='ocrx_word' id='word_1_56' title='bbox 770 1074 825 1122; x_wconf 89' lang='lat' dir='ltr'><strong>et</strong></span> <span class='ocrx_word' id='word_1_57' title='bbox 861 1080 1089 1136; x_wconf 90' lang='lat' dir='ltr'><strong>corpore</strong></span> <span class='ocrx_word' id='word_1_58' title='bbox 1116 1072 1290 1117; x_wconf 86' lang='lat' dir='ltr'><strong>vacat.</strong></span> 
     </span>
    </p>
   </div>
   <div class='ocr_carea' id='block_1_12' title="bbox 839 1149 2328 1224">
    <p class='ocr_par' dir='ltr' id='par_1_12' title="bbox 839 1149 2328 1224">
     <span class='ocr_line' id='line_1_12' title="bbox 839 1149 2328 1224; baseline -0.001 -17"><span class='ocrx_word' id='word_1_59' title='bbox 839 1155 1063 1224; x_wconf 79' lang='lat' dir='ltr'><strong>Angelus</strong></span> <span class='ocrx_word' id='word_1_60' title='bbox 1092 1156 1328 1207; x_wconf 78' lang='lat' dir='ltr'><strong>libertate</strong></span> <span class='ocrx_word' id='word_1_61' title='bbox 1363 1153 1572 1205; x_wconf 81' lang='lat' dir='ltr'><strong>arbitrii</strong></span> <span class='ocrx_word' id='word_1_62' title='bbox 1618 1151 1892 1219; x_wconf 65' lang='lat' dir='ltr'><strong>praeditus.</strong></span> <span class='ocrx_word' id='word_1_63' title='bbox 1926 1179 1996 1192; x_wconf 94' lang='lat'>—</span> <span class='ocrx_word' id='word_1_64' title='bbox 2025 1149 2121 1204; x_wconf 84' lang='lat' dir='ltr'><strong>Est</strong></span> <span class='ocrx_word' id='word_1_65' title='bbox 2162 1151 2328 1220; x_wconf 79' lang='lat' dir='ltr'><strong>igitur</strong></span> 
     </span>
    </p>
   </div>
   <div class='ocr_carea' id='block_1_13' title="bbox 769 1239 2325 1312">
    <p class='ocr_par' dir='ltr' id='par_1_13' title="bbox 769 1239 2325 1312">
     <span class='ocr_line' id='line_1_13' title="bbox 769 1239 2325 1312; baseline -0.003 -15"><span class='ocrx_word' id='word_1_66' title='bbox 769 1245 993 1312; x_wconf 74' lang='lat' dir='ltr'><strong>angelus</strong></span> <span class='ocrx_word' id='word_1_67' title='bbox 1021 1251 1214 1296; x_wconf 89' lang='lat' dir='ltr'><strong>natura</strong></span> <span class='ocrx_word' id='word_1_68' title='bbox 1253 1242 1567 1303; x_wconf 88' lang='lat' dir='ltr'><strong>rationalis.</strong></span> <span class='ocrx_word' id='word_1_69' title='bbox 1601 1240 1936 1308; x_wconf 73' lang='lat' dir='ltr'><strong>intelligens,</strong></span> <span class='ocrx_word' id='word_1_70' title='bbox 1977 1239 2168 1303; x_wconf 87' lang='lat' dir='ltr'><strong>libera,</strong></span> <span class='ocrx_word' id='word_1_71' title='bbox 2202 1255 2325 1293; x_wconf 88' lang='lat' dir='ltr'><strong>ver-</strong></span> 
     </span>
    </p>
   </div>
   <div class='ocr_carea' id='block_1_14' title="bbox 766 1331 2325 1397">
    <p class='ocr_par' dir='ltr' id='par_1_14' title="bbox 766 1331 2325 1397">
     <span class='ocr_line' id='line_1_14' title="bbox 766 1331 2325 1397; baseline -0.001 -12"><span class='ocrx_word' id='word_1_72' title='bbox 766 1333 942 1386; x_wconf 83' lang='lat' dir='ltr'><strong>tibilis</strong></span> <span class='ocrx_word' id='word_1_73' title='bbox 976 1331 1276 1386; x_wconf 89' lang='lat' dir='ltr'><strong>secundum</strong></span> <span class='ocrx_word' id='word_1_74' title='bbox 1300 1332 1657 1397; x_wconf 85' lang='lat' dir='ltr'><strong>sententiam,</strong></span> <span class='ocrx_word' id='word_1_75' title='bbox 1690 1332 1806 1386; x_wconf 85' lang='lat' dir='ltr'><strong>sive</strong></span> <span class='ocrx_word' id='word_1_76' title='bbox 1838 1332 2120 1385; x_wconf 81' lang='lat' dir='ltr'><strong>voluntate</strong></span> <span class='ocrx_word' id='word_1_77' title='bbox 2149 1337 2325 1385; x_wconf 88' lang='lat' dir='ltr'><strong>muta-</strong></span> 
     </span>
    </p>
   </div>
   <div class='ocr_carea' id='block_1_15' title="bbox 766 1421 2325 1490">
    <p class='ocr_par' dir='ltr' id='par_1_15' title="bbox 766 1421 2325 1490">
     <span class='ocr_line' id='line_1_15' title="bbox 766 1421 2325 1490; baseline -0.001 -15"><span class='ocrx_word' id='word_1_78' title='bbox 766 1422 912 1477; x_wconf 86' lang='lat' dir='ltr'><strong>bilis.</strong></span> <span class='ocrx_word' id='word_1_79' title='bbox 944 1421 1217 1490; x_wconf 86' lang='lat' dir='ltr'><strong>Quidquid</strong></span> <span class='ocrx_word' id='word_1_80' title='bbox 1245 1422 1389 1476; x_wconf 91' lang='lat' dir='ltr'><strong>enim</strong></span> <span class='ocrx_word' id='word_1_81' title='bbox 1426 1429 1663 1477; x_wconf 85' lang='lat' dir='ltr'><strong>creatum</strong></span> <span class='ocrx_word' id='word_1_82' title='bbox 1695 1430 1800 1483; x_wconf 89' lang='lat' dir='ltr'><strong>est,</strong></span> <span class='ocrx_word' id='word_1_83' title='bbox 1833 1422 2122 1475; x_wconf 87' lang='lat' dir='ltr'><strong>mutationi</strong></span> <span class='ocrx_word' id='word_1_84' title='bbox 2149 1422 2325 1477; x_wconf 83' lang='lat' dir='ltr'><strong>subsit</strong></span> 
     </span>
    </p>
   </div>
   <div class='ocr_carea' id='block_1_16' title="bbox 768 1510 2325 1565">
    <p class='ocr_par' dir='ltr' id='par_1_16' title="bbox 768 1510 2325 1565">
     <span class='ocr_line' id='line_1_16' title="bbox 768 1510 2325 1565; baseline 0.001 -2"><span class='ocrx_word' id='word_1_85' title='bbox 768 1524 994 1564; x_wconf 89' lang='lat' dir='ltr'><strong>necesse</strong></span> <span class='ocrx_word' id='word_1_86' title='bbox 1049 1519 1136 1563; x_wconf 91' lang='lat' dir='ltr'><strong>est</strong></span> <span class='ocrx_word' id='word_1_87' title='bbox 1188 1527 1201 1562; x_wconf 89' lang='lat'><strong>:</strong></span> <span class='ocrx_word' id='word_1_88' title='bbox 1267 1510 1443 1564; x_wconf 87' lang='lat' dir='ltr'><strong>solum</strong></span> <span class='ocrx_word' id='word_1_89' title='bbox 1518 1515 1699 1562; x_wconf 91' lang='lat' dir='ltr'><strong>autem</strong></span> <span class='ocrx_word' id='word_1_90' title='bbox 1779 1514 1933 1563; x_wconf 80' lang='lat' dir='ltr'><strong>extra</strong></span> <span class='ocrx_word' id='word_1_91' title='bbox 2009 1511 2325 1565; x_wconf 81' lang='lat' dir='ltr'><strong>mutationis</strong></span> 
     </span>
    </p>
   </div>
   <div class='ocr_carea' id='block_1_17' title="bbox 767 1597 2323 1671">
    <p class='ocr_par' dir='ltr' id='par_1_17' title="bbox 767 1597 2323 1671">
     <span class='ocr_line' id='line_1_17' title="bbox 767 1597 2323 1671; baseline 0.002 -18"><span class='ocrx_word' id='word_1_92' title='bbox 767 1601 937 1653; x_wconf 85' lang='lat' dir='ltr'><strong>aleam</strong></span> <span class='ocrx_word' id='word_1_93' title='bbox 973 1601 1104 1653; x_wconf 91' lang='lat' dir='ltr'><strong>illud</strong></span> <span class='ocrx_word' id='word_1_94' title='bbox 1154 1608 1259 1663; x_wconf 90' lang='lat' dir='ltr'><strong>est,</strong></span> <span class='ocrx_word' id='word_1_95' title='bbox 1314 1598 1459 1669; x_wconf 86' lang='lat' dir='ltr'><strong>quod</strong></span> <span class='ocrx_word' id='word_1_96' title='bbox 1504 1599 1808 1654; x_wconf 85' lang='lat' dir='ltr'><strong>increatum</strong></span> <span class='ocrx_word' id='word_1_97' title='bbox 1855 1608 1961 1654; x_wconf 90' lang='lat' dir='ltr'><strong>est.</strong></span> <span class='ocrx_word' id='word_1_98' title='bbox 2006 1597 2323 1671; x_wconf 81' lang='lat' dir='ltr'><strong>Rursusque</strong></span> 
     </span>
    </p>
   </div>
   <div class='ocr_carea' id='block_1_18' title="bbox 768 1688 2322 1759">
    <p class='ocr_par' dir='ltr' id='par_1_18' title="bbox 768 1688 2322 1759">
     <span class='ocr_line' id='line_1_18' title="bbox 768 1688 2322 1759; baseline 0.002 -19"><span class='ocrx_word' id='word_1_99' title='bbox 768 1688 821 1741; x_wconf 89' lang='lat' dir='ltr'><strong>id</strong></span> <span class='ocrx_word' id='word_1_100' title='bbox 871 1704 1031 1743; x_wconf 91' lang='lat' dir='ltr'><strong>omne</strong></span> <span class='ocrx_word' id='word_1_101' title='bbox 1079 1689 1223 1758; x_wconf 90' lang='lat' dir='ltr'><strong>quod</strong></span> <span class='ocrx_word' id='word_1_102' title='bbox 1272 1691 1538 1744; x_wconf 78' lang='lat' dir='ltr'><strong>rationale</strong></span> <span class='ocrx_word' id='word_1_103' title='bbox 1584 1700 1687 1754; x_wconf 88' lang='lat' dir='ltr'><strong>est,</strong></span> <span class='ocrx_word' id='word_1_104' title='bbox 1743 1688 1953 1743; x_wconf 85' lang='lat' dir='ltr'><strong>arbitrii</strong></span> <span class='ocrx_word' id='word_1_105' title='bbox 1988 1704 2206 1759; x_wconf 91' lang='lat' dir='ltr'><strong>quoque</strong></span> <span class='ocrx_word' id='word_1_106' title='bbox 2258 1690 2322 1743; x_wconf 88' lang='lat' dir='ltr'><strong>li-</strong></span> 
     </span>
    </p>
   </div>
   <div class='ocr_carea' id='block_1_19' title="bbox 766 1776 2321 1847">
    <p class='ocr_par' dir='ltr' id='par_1_19' title="bbox 766 1776 2321 1847">
     <span class='ocr_line' id='line_1_19' title="bbox 766 1776 2321 1847; baseline 0.001 -17"><span class='ocrx_word' id='word_1_107' title='bbox 766 1776 973 1831; x_wconf 87' lang='lat' dir='ltr'><strong>bertate</strong></span> <span class='ocrx_word' id='word_1_108' title='bbox 1022 1777 1304 1846; x_wconf 72' lang='lat' dir='ltr'><strong>praeditum</strong></span> <span class='ocrx_word' id='word_1_109' title='bbox 1354 1786 1459 1831; x_wconf 86' lang='lat' dir='ltr'><strong>est.</strong></span> <span class='ocrx_word' id='word_1_110' title='bbox 1512 1779 1756 1847; x_wconf 78' lang='lat' dir='ltr'><strong>Angelus</strong></span> <span class='ocrx_word' id='word_1_111' title='bbox 1791 1778 1974 1845; x_wconf 82' lang='lat' dir='ltr'><strong>itaque</strong></span> <span class='ocrx_word' id='word_1_112' title='bbox 2013 1785 2071 1829; x_wconf 88' lang='lat' dir='ltr'><strong>ut</strong></span> <span class='ocrx_word' id='word_1_113' title='bbox 2119 1786 2321 1831; x_wconf 85' lang='lat' dir='ltr'><strong>natura</strong></span> 
     </span>
    </p>
   </div>
   <div class='ocr_carea' id='block_1_20' title="bbox 2425 616 3997 687">
    <p class='ocr_par' dir='ltr' id='par_1_20' title="bbox 2425 616 3997 687">
     <span class='ocr_line' id='line_1_20' title="bbox 2425 616 3997 687; baseline 0.001 -20"><span class='ocrx_word' id='word_1_114' title='bbox 2425 616 2611 683; x_wconf 81' lang='grc' dir='ltr'><strong>ἡμᾶς’</strong></span> <span class='ocrx_word' id='word_1_115' title='bbox 2670 618 2779 669; x_wconf 79' lang='grc' dir='ltr'><strong>πᾶν</strong></span> <span class='ocrx_word' id='word_1_116' title='bbox 2831 618 2936 686; x_wconf 76' lang='grc' dir='ltr'>γὰρ</span> <span class='ocrx_word' id='word_1_117' title='bbox 2987 618 3411 686; x_wconf 80' lang='grc' dir='ltr'><strong>συγκρινόμενον</strong></span> <span class='ocrx_word' id='word_1_118' title='bbox 3466 618 3603 687; x_wconf 78' lang='grc' dir='ltr'><strong>πρὸς</strong></span> <span class='ocrx_word' id='word_1_119' title='bbox 3657 618 3831 681; x_wconf 83' lang='grc' dir='ltr'>Θεὸν,</span> <span class='ocrx_word' id='word_1_120' title='bbox 3910 618 3997 669; x_wconf 69' lang='grc' dir='ltr'>τὸν</span> 
     </span>
    </p>
   </div>
   <div class='ocr_carea' id='block_1_21' title="bbox 2430 704 3993 778">
    <p class='ocr_par' dir='ltr' id='par_1_21' title="bbox 2430 704 3993 778">
     <span class='ocr_line' id='line_1_21' title="bbox 2430 704 3993 778; baseline 0.002 -22"><span class='ocrx_word' id='word_1_121' title='bbox 2430 704 2589 774; x_wconf 84' lang='grc' dir='ltr'>μόνον</span> <span class='ocrx_word' id='word_1_122' title='bbox 2620 708 2975 778; x_wconf 81' lang='grc' dir='ltr'>ἀσύγκριτον,</span> <span class='ocrx_word' id='word_1_123' title='bbox 3003 707 3147 776; x_wconf 79' lang='grc' dir='ltr'>παχύ</span> <span class='ocrx_word' id='word_1_124' title='bbox 3185 725 3245 759; x_wconf 78' lang='grc' dir='ltr'><strong>τε</strong></span> <span class='ocrx_word' id='word_1_125' title='bbox 3277 709 3370 760; x_wconf 75' lang='grc' dir='ltr'><strong>καὶ</strong></span> <span class='ocrx_word' id='word_1_126' title='bbox 3410 708 3595 760; x_wconf 76' lang='grc' dir='ltr'>ὑλικὸν</span> <span class='ocrx_word' id='word_1_127' title='bbox 3636 709 3959 778; x_wconf 68' lang='grc' dir='ltr'>εὑρίσκεται</span> <span class='ocrx_word' id='word_1_128' title='bbox 3980 732 3993 739; x_wconf 90' lang='grc'><strong>·</strong></span> 
     </span>
    </p>
   </div>
   <div class='ocr_carea' id='block_1_22' title="bbox 2429 793 3995 865">
    <p class='ocr_par' dir='ltr' id='par_1_22' title="bbox 2429 793 3995 865">
     <span class='ocr_line' id='line_1_22' title="bbox 2429 793 3995 865; baseline 0.003 -20"><span class='ocrx_word' id='word_1_129' title='bbox 2429 793 2588 862; x_wconf 87' lang='grc' dir='ltr'>μόνον</span> <span class='ocrx_word' id='word_1_130' title='bbox 2636 796 2743 865; x_wconf 82' lang='grc' dir='ltr'>γὰρ</span> <span class='ocrx_word' id='word_1_131' title='bbox 2804 796 2970 861; x_wconf 79' lang='grc' dir='ltr'>ὅντως</span> <span class='ocrx_word' id='word_1_132' title='bbox 3016 797 3176 849; x_wconf 66' lang='lat' dir='ltr'><strong>eam</strong></span> <span class='ocrx_word' id='word_1_133' title='bbox 3214 797 3276 849; x_wconf 79' lang='grc' dir='ltr'><strong>τὸ</strong></span> <span class='ocrx_word' id='word_1_134' title='bbox 3323 796 3463 852; x_wconf 83' lang='grc' dir='ltr'>θεῖόν</span> <span class='ocrx_word' id='word_1_135' title='bbox 3519 798 3636 850; x_wconf 74' lang='grc' dir='ltr'>ἔστι</span> <span class='ocrx_word' id='word_1_136' title='bbox 3700 799 3801 850; x_wconf 77' lang='grc' dir='ltr'><strong>καὶ</strong></span> <span class='ocrx_word' id='word_1_137' title='bbox 3855 798 3995 852; x_wconf 81' lang='grc' dir='ltr'>ἀσώ-</span> 
     </span>
    </p>
   </div>
   <div class='ocr_carea' id='block_1_23' title="bbox 2429 898 2617 950">
    <p class='ocr_par' dir='ltr' id='par_1_23' title="bbox 2429 898 2617 950">
     <span class='ocr_line' id='line_1_23' title="bbox 2429 898 2617 950; baseline 0.011 -17"><span class='ocrx_word' id='word_1_138' title='bbox 2429 898 2617 950; x_wconf 82' lang='grc' dir='ltr'>ματον.</span> 
     </span>
    </p>
   </div>
   <div class='ocr_carea' id='block_1_24' title="bbox 2500 1143 3992 1216">
    <p class='ocr_par' dir='ltr' id='par_1_24' title="bbox 2500 1143 3992 1216">
     <span class='ocr_line' id='line_1_24' title="bbox 2500 1143 3992 1216; baseline 0.004 -22"><span class='ocrx_word' id='word_1_139' title='bbox 2500 1144 2651 1195; x_wconf 83' lang='grc' dir='ltr'>Ἔστι</span> <span class='ocrx_word' id='word_1_140' title='bbox 2676 1145 2853 1197; x_wconf 78' lang='grc' dir='ltr'>τοίνυν</span> <span class='ocrx_word' id='word_1_141' title='bbox 2882 1143 3043 1213; x_wconf 74' lang='grc' dir='ltr'>φύσις</span> <span class='ocrx_word' id='word_1_142' title='bbox 3072 1144 3286 1214; x_wconf 78' lang='grc' dir='ltr'>λογικὴ,</span> <span class='ocrx_word' id='word_1_143' title='bbox 3317 1144 3479 1213; x_wconf 85' lang='grc' dir='ltr'>νοερά</span> <span class='ocrx_word' id='word_1_144' title='bbox 3500 1162 3581 1211; x_wconf 89' lang='grc' dir='ltr'><strong>τε,</strong></span> <span class='ocrx_word' id='word_1_145' title='bbox 3610 1145 3705 1216; x_wconf 78' lang='grc' dir='ltr'>καὶ</span> <span class='ocrx_word' id='word_1_146' title='bbox 3735 1147 3992 1211; x_wconf 72' lang='grc' dir='ltr'>αὐτεξού-</span> 
     </span>
    </p>
   </div>
   <div class='ocr_carea' id='block_1_25' title="bbox 2426 1235 3997 1307">
    <p class='ocr_par' dir='ltr' id='par_1_25' title="bbox 2426 1235 3997 1307">
     <span class='ocr_line' id='line_1_25' title="bbox 2426 1235 3997 1307; baseline 0.003 -22"><span class='ocrx_word' id='word_1_147' title='bbox 2426 1250 2559 1299; x_wconf 86' lang='grc' dir='ltr'>σιος,</span> <span class='ocrx_word' id='word_1_148' title='bbox 2588 1235 2797 1305; x_wconf 84' lang='grc' dir='ltr'>τρεπτὴ</span> <span class='ocrx_word' id='word_1_149' title='bbox 2824 1236 2962 1287; x_wconf 76' lang='grc' dir='ltr'>κατὰ</span> <span class='ocrx_word' id='word_1_150' title='bbox 2997 1236 3244 1306; x_wconf 83' lang='grc' dir='ltr'>γνώμην,</span> <span class='ocrx_word' id='word_1_151' title='bbox 3274 1237 3393 1306; x_wconf 72' lang='grc' dir='ltr'>ἦτοι</span> <span class='ocrx_word' id='word_1_152' title='bbox 3434 1236 3847 1307; x_wconf 75' lang='grc' dir='ltr'>ὲοελότρεπτος.</span> <span class='ocrx_word' id='word_1_153' title='bbox 3888 1240 3997 1292; x_wconf 78' lang='grc' dir='ltr'><strong>Πᾶν</strong></span> 
     </span>
    </p>
   </div>
   <div class='ocr_carea' id='block_1_26' title="bbox 2426 1308 3993 1397">
    <p class='ocr_par' dir='ltr' id='par_1_26' title="bbox 2426 1308 3993 1397">
     <span class='ocr_line' id='line_1_26' title="bbox 2426 1308 3993 1397; baseline 0.004 -21"><span class='ocrx_word' id='word_1_154' title='bbox 2426 1324 2535 1393; x_wconf 79' lang='grc' dir='ltr'>γὰρ</span> <span class='ocrx_word' id='word_1_155' title='bbox 2579 1325 2793 1377; x_wconf 81' lang='grc' dir='ltr'>κτιστὺν</span> <span class='ocrx_word' id='word_1_156' title='bbox 2818 1366 2831 1390; x_wconf 89' lang='grc'><strong>,</strong></span> <span class='ocrx_word' id='word_1_157' title='bbox 2883 1325 2976 1376; x_wconf 80' lang='grc' dir='ltr'>καὶ</span> <span class='ocrx_word' id='word_1_158' title='bbox 3008 1308 3238 1394; x_wconf 76' lang='grc' dir='ltr'>τρεπτόν</span> <span class='ocrx_word' id='word_1_159' title='bbox 3271 1342 3285 1357; x_wconf 87' lang='grc'><strong>·</strong></span> <span class='ocrx_word' id='word_1_160' title='bbox 3321 1328 3484 1397; x_wconf 84' lang='grc' dir='ltr'>μόνον</span> <span class='ocrx_word' id='word_1_161' title='bbox 3524 1329 3583 1381; x_wconf 82' lang='grc' dir='ltr'><strong>δὲ</strong></span> <span class='ocrx_word' id='word_1_162' title='bbox 3611 1330 3673 1381; x_wconf 80' lang='grc' dir='ltr'>τὸ</span> <span class='ocrx_word' id='word_1_163' title='bbox 3717 1330 3993 1396; x_wconf 75' lang='grc' dir='ltr'>ᾶκτιστον,</span> 
     </span>
    </p>
   </div>
   <div class='ocr_carea' id='block_1_27' title="bbox 2424 1416 3997 1490">
    <p class='ocr_par' dir='ltr' id='par_1_27' title="bbox 2424 1416 3997 1490">
     <span class='ocr_line' id='line_1_27' title="bbox 2424 1416 3997 1490; baseline 0.003 -22"><span class='ocrx_word' id='word_1_164' title='bbox 2424 1416 2714 1485; x_wconf 80' lang='grc' dir='ltr'>ἄτρεπτον.</span> <span class='ocrx_word' id='word_1_165' title='bbox 2746 1417 2855 1470; x_wconf 74' lang='grc' dir='ltr'><strong>Καὶ</strong></span> <span class='ocrx_word' id='word_1_166' title='bbox 2908 1419 3013 1468; x_wconf 82' lang='grc' dir='ltr'><strong>πᾶν</strong></span> <span class='ocrx_word' id='word_1_167' title='bbox 3064 1417 3313 1484; x_wconf 81' lang='grc' dir='ltr'>λογικὸν,</span> <span class='ocrx_word' id='word_1_168' title='bbox 3359 1419 3731 1483; x_wconf 82' lang='grc' dir='ltr'>αὐτεξούσιον.</span> <span class='ocrx_word' id='word_1_169' title='bbox 3776 1421 3867 1483; x_wconf 77' lang='grc' dir='ltr'><strong>Ὠς</strong></span> <span class='ocrx_word' id='word_1_170' title='bbox 3902 1422 3997 1490; x_wconf 61' lang='grc' dir='ltr'><strong>μὲν</strong></span> 
     </span>
    </p>
   </div>
   <div class='ocr_carea' id='block_1_28' title="bbox 2424 1503 3997 1577">
    <p class='ocr_par' dir='ltr' id='par_1_28' title="bbox 2424 1503 3997 1577">
     <span class='ocr_line' id='line_1_28' title="bbox 2424 1503 3997 1577; baseline 0.003 -17"><span class='ocrx_word' id='word_1_171' title='bbox 2424 1503 2517 1560; x_wconf 79' lang='grc' dir='ltr'>οὖν</span> <span class='ocrx_word' id='word_1_172' title='bbox 2560 1508 2750 1577; x_wconf 80' lang='grc' dir='ltr'>λογικὴ</span> <span class='ocrx_word' id='word_1_173' title='bbox 2801 1508 2895 1559; x_wconf 74' lang='grc' dir='ltr'>καὶ</span> <span class='ocrx_word' id='word_1_174' title='bbox 2943 1508 3101 1577; x_wconf 78' lang='grc' dir='ltr'>νοερὰ</span> <span class='ocrx_word' id='word_1_175' title='bbox 3128 1547 3143 1571; x_wconf 96' lang='grc'><strong>,</strong></span> <span class='ocrx_word' id='word_1_176' title='bbox 3196 1509 3541 1575; x_wconf 82' lang='grc' dir='ltr'>αὐτεξούσιός</span> <span class='ocrx_word' id='word_1_177' title='bbox 3586 1512 3739 1563; x_wconf 72' lang='grc' dir='ltr'>ἐστιν</span> <span class='ocrx_word' id='word_1_178' title='bbox 3768 1527 3785 1541; x_wconf 71' lang='grc' dir='ltr'><strong>ο</strong></span> <span class='ocrx_word' id='word_1_179' title='bbox 3837 1513 3913 1574; x_wconf 83' lang='grc' dir='ltr'>ὡς</span> <span class='ocrx_word' id='word_1_180' title='bbox 3944 1510 3997 1564; x_wconf 74' lang='grc' dir='ltr'><strong>δὲ</strong></span> 
     </span>
    </p>
   </div>
   <div class='ocr_carea' id='block_1_29' title="bbox 2425 1590 3996 1669">
    <p class='ocr_par' dir='ltr' id='par_1_29' title="bbox 2425 1590 3996 1669">
     <span class='ocr_line' id='line_1_29' title="bbox 2425 1590 3996 1669; baseline -0.001 -17"><span class='ocrx_word' id='word_1_181' title='bbox 2425 1599 2641 1669; x_wconf 78' lang='grc' dir='ltr'>κτιστὴ,</span> <span class='ocrx_word' id='word_1_182' title='bbox 2672 1590 2908 1669; x_wconf 81' lang='grc' dir='ltr'>τρεπτὴ,</span> <span class='ocrx_word' id='word_1_183' title='bbox 2938 1598 3133 1666; x_wconf 73' lang='grc' dir='ltr'>ἔχουσα</span> <span class='ocrx_word' id='word_1_184' title='bbox 3176 1599 3426 1665; x_wconf 80' lang='grc' dir='ltr'>ἐξουσίαν</span> <span class='ocrx_word' id='word_1_185' title='bbox 3448 1640 3464 1664; x_wconf 90' lang='grc'><strong>,</strong></span> <span class='ocrx_word' id='word_1_186' title='bbox 3493 1600 3587 1652; x_wconf 81' lang='grc' dir='ltr'><strong>καὶ</strong></span> <span class='ocrx_word' id='word_1_187' title='bbox 3632 1602 3821 1669; x_wconf 83' lang='grc' dir='ltr'>μένειν</span> <span class='ocrx_word' id='word_1_188' title='bbox 3845 1644 3861 1667; x_wconf 86' lang='lat'><strong>,</strong></span> <span class='ocrx_word' id='word_1_189' title='bbox 3906 1601 3996 1653; x_wconf 75' lang='grc' dir='ltr'><strong>καὶ</strong></span> 
     </span>
    </p>
   </div>
   <div class='ocr_carea' id='block_1_30' title="bbox 2424 1687 3994 1760">
    <p class='ocr_par' dir='ltr' id='par_1_30' title="bbox 2424 1687 3994 1760">
     <span class='ocr_line' id='line_1_30' title="bbox 2424 1687 3994 1760; baseline 0.001 -20"><span class='ocrx_word' id='word_1_190' title='bbox 2424 1690 2756 1758; x_wconf 84' lang='grc' dir='ltr'>προκόπτειν</span> <span class='ocrx_word' id='word_1_191' title='bbox 2787 1689 2847 1739; x_wconf 79' lang='grc' dir='ltr'>ἐν</span> <span class='ocrx_word' id='word_1_192' title='bbox 2893 1688 2970 1757; x_wconf 80' lang='grc' dir='ltr'>τῷ</span> <span class='ocrx_word' id='word_1_193' title='bbox 3008 1687 3196 1757; x_wconf 85' lang='grc' dir='ltr'>ἁγαθῷ</span> <span class='ocrx_word' id='word_1_194' title='bbox 3219 1729 3233 1753; x_wconf 95' lang='grc'><strong>,</strong></span> <span class='ocrx_word' id='word_1_195' title='bbox 3284 1689 3380 1742; x_wconf 74' lang='grc' dir='ltr'><strong>καὶ</strong></span> <span class='ocrx_word' id='word_1_196' title='bbox 3426 1689 3521 1742; x_wconf 73' lang='grc' dir='ltr'><strong>ἐπὶ</strong></span> <span class='ocrx_word' id='word_1_197' title='bbox 3563 1690 3627 1741; x_wconf 85' lang='grc' dir='ltr'><strong>τὸ</strong></span> <span class='ocrx_word' id='word_1_198' title='bbox 3654 1692 3847 1760; x_wconf 81' lang='grc' dir='ltr'>χεῖρον</span> <span class='ocrx_word' id='word_1_199' title='bbox 3874 1689 3994 1759; x_wconf 80' lang='grc' dir='ltr'>τρέ-</span> 
     </span>
    </p>
   </div>
   <div class='ocr_carea' id='block_1_31' title="bbox 2424 1780 3669 1833">
    <p class='ocr_par' dir='ltr' id='par_1_31' title="bbox 2424 1780 3669 1833">
     <span class='ocr_line' id='line_1_31' title="bbox 2424 1780 3669 1833; baseline 0.003 -1"><span class='ocrx_word' id='word_1_200' title='bbox 2424 1780 2643 1833; x_wconf 82' lang='grc' dir='ltr'>πεσθαι.</span> <span class='ocrx_word' id='word_1_201' title='bbox 3655 1796 3669 1813; x_wconf 85' lang='grc'><strong><em>“</em></strong></span> 
     </span>
    </p>
   </div>
   <div class='ocr_carea' id='block_1_32' title="bbox 764 1855 3991 1939">
    <p class='ocr_par' dir='ltr' id='par_1_32' title="bbox 764 1855 3991 1939">
     <span class='ocr_line' id='line_1_32' title="bbox 764 1855 3991 1939; baseline 0.001 -14"><span class='ocrx_word' id='word_1_202' title='bbox 764 1879 850 1925; x_wconf 86' lang='lat' dir='ltr'><strong>est</strong></span> <span class='ocrx_word' id='word_1_203' title='bbox 904 1870 1131 1923; x_wconf 87' lang='lat' dir='ltr'><strong>rationis</strong></span> <span class='ocrx_word' id='word_1_204' title='bbox 1183 1870 1473 1939; x_wconf 85' lang='lat' dir='ltr'><strong>particeps,</strong></span> <span class='ocrx_word' id='word_1_205' title='bbox 1528 1878 1583 1924; x_wconf 94' lang='lat' dir='ltr'><strong>et</strong></span> <span class='ocrx_word' id='word_1_206' title='bbox 1636 1872 1983 1938; x_wconf 80' lang='lat' dir='ltr'><strong>intelligens,</strong></span> <span class='ocrx_word' id='word_1_207' title='bbox 2025 1869 2181 1923; x_wconf 89' lang='lat' dir='ltr'><strong>liberi</strong></span> <span class='ocrx_word' id='word_1_208' title='bbox 2231 1880 2317 1927; x_wconf 87' lang='lat' dir='ltr'><strong>est</strong></span> <span class='ocrx_word' id='word_1_209' title='bbox 2355 1874 2606 1933; x_wconf 84' lang='lat' dir='ltr'><strong>arbitrii;</strong></span> <span class='ocrx_word' id='word_1_210' title='bbox 2655 1879 2713 1925; x_wconf 90' lang='lat' dir='ltr'><strong>ut</strong></span> <span class='ocrx_word' id='word_1_211' title='bbox 2747 1881 2967 1936; x_wconf 87' lang='lat' dir='ltr'><strong>creata,</strong></span> <span class='ocrx_word' id='word_1_212' title='bbox 2997 1871 3277 1927; x_wconf 88' lang='lat' dir='ltr'><strong>mutabilis</strong></span> <span class='ocrx_word' id='word_1_213' title='bbox 3342 1879 3449 1938; x_wconf 88' lang='lat' dir='ltr'><strong>est,</strong></span> <span class='ocrx_word' id='word_1_214' title='bbox 3489 1874 3578 1927; x_wconf 84' lang='lat' dir='ltr'><strong>cui</strong></span> <span class='ocrx_word' id='word_1_215' title='bbox 3629 1855 3875 1927; x_wconf 82' lang='lat' dir='ltr'><strong>liberum</strong></span> <span class='ocrx_word' id='word_1_216' title='bbox 3924 1877 3991 1931; x_wconf 87' lang='lat' dir='ltr'><strong>sit</strong></span> 
     </span>
    </p>
   </div>
   <div class='ocr_carea' id='block_1_33' title="bbox 764 1955 2659 2025">
    <p class='ocr_par' dir='ltr' id='par_1_33' title="bbox 764 1955 2659 2025">
     <span class='ocr_line' id='line_1_33' title="bbox 764 1955 2659 2025; baseline 0.003 -17"><span class='ocrx_word' id='word_1_217' title='bbox 764 1955 848 2010; x_wconf 88' lang='lat' dir='ltr'><strong>vel</strong></span> <span class='ocrx_word' id='word_1_218' title='bbox 878 1970 1097 2009; x_wconf 83' lang='lat' dir='ltr'><strong>manere</strong></span> <span class='ocrx_word' id='word_1_219' title='bbox 1128 1956 1180 2009; x_wconf 93' lang='lat' dir='ltr'><strong>in</strong></span> <span class='ocrx_word' id='word_1_220' title='bbox 1223 1956 1386 2011; x_wconf 85' lang='lat' dir='ltr'><strong>bono.</strong></span> <span class='ocrx_word' id='word_1_221' title='bbox 1417 1964 1469 2009; x_wconf 89' lang='lat' dir='ltr'><strong>et</strong></span> <span class='ocrx_word' id='word_1_222' title='bbox 1511 1957 1563 2008; x_wconf 91' lang='lat' dir='ltr'><strong>in</strong></span> <span class='ocrx_word' id='word_1_223' title='bbox 1596 1970 1660 2009; x_wconf 85' lang='lat' dir='ltr'><strong>eo</strong></span> <span class='ocrx_word' id='word_1_224' title='bbox 1683 1957 1963 2025; x_wconf 86' lang='lat' dir='ltr'><strong>prolicere,</strong></span> <span class='ocrx_word' id='word_1_225' title='bbox 1990 1957 2071 2009; x_wconf 87' lang='lat' dir='ltr'><strong>vel</strong></span> <span class='ocrx_word' id='word_1_226' title='bbox 2105 1958 2159 2009; x_wconf 91' lang='lat' dir='ltr'><strong>in</strong></span> <span class='ocrx_word' id='word_1_227' title='bbox 2201 1962 2403 2014; x_wconf 91' lang='lat' dir='ltr'><strong>malum</strong></span> <span class='ocrx_word' id='word_1_228' title='bbox 2436 1960 2659 2015; x_wconf 80' lang='lat' dir='ltr'><strong>inﬂecti.</strong></span> 
     </span>
    </p>
   </div>
   <div class='ocr_carea' id='block_1_34' title="bbox 834 2045 2406 2117">
    <p class='ocr_par' dir='ltr' id='par_1_34' title="bbox 834 2045 2406 2117">
     <span class='ocr_line' id='line_1_34' title="bbox 834 2045 2406 2117; baseline 0.004 -19"><span class='ocrx_word' id='word_1_229' title='bbox 834 2045 1059 2113; x_wconf 75' lang='lat' dir='ltr'><strong>Angelus</strong></span> <span class='ocrx_word' id='word_1_230' title='bbox 1094 2046 1318 2113; x_wconf 75' lang='lat' dir='ltr'><strong>incapax</strong></span> <span class='ocrx_word' id='word_1_231' title='bbox 1348 2047 1678 2115; x_wconf 73' lang='lat' dir='ltr'><strong>pmnitentim.</strong></span> <span class='ocrx_word' id='word_1_232' title='bbox 1709 2076 1779 2086; x_wconf 91' lang='lat'><strong>—</strong></span> <span class='ocrx_word' id='word_1_233' title='bbox 1807 2047 2149 2101; x_wconf 69' lang='lat' dir='ltr'><strong>Ptenitentia:</strong></span> <span class='ocrx_word' id='word_1_234' title='bbox 2168 2063 2330 2117; x_wconf 90' lang='lat' dir='ltr'><strong>porro</strong></span> <span class='ocrx_word' id='word_1_235' title='bbox 2363 2056 2406 2110; x_wconf 83' lang='grc' dir='ltr'><strong>Β</strong></span> 
     </span>
    </p>
   </div>
   <div class='ocr_carea' id='block_1_35' title="bbox 767 2137 2328 2207">
    <p class='ocr_par' dir='ltr' id='par_1_35' title="bbox 767 2137 2328 2207">
     <span class='ocr_line' id='line_1_35' title="bbox 767 2137 2328 2207; baseline 0.002 -16"><span class='ocrx_word' id='word_1_236' title='bbox 767 2152 831 2191; x_wconf 87' lang='lat' dir='ltr'><strong>ea</strong></span> <span class='ocrx_word' id='word_1_237' title='bbox 867 2138 1076 2190; x_wconf 89' lang='lat' dir='ltr'><strong>ratione</strong></span> <span class='ocrx_word' id='word_1_238' title='bbox 1106 2137 1327 2190; x_wconf 89' lang='lat' dir='ltr'><strong>minime</strong></span> <span class='ocrx_word' id='word_1_239' title='bbox 1365 2152 1535 2206; x_wconf 77' lang='lat' dir='ltr'><strong>capax</strong></span> <span class='ocrx_word' id='word_1_240' title='bbox 1564 2145 1648 2191; x_wconf 89' lang='lat' dir='ltr'><strong>est</strong></span> <span class='ocrx_word' id='word_1_241' title='bbox 1673 2137 1752 2203; x_wconf 59' lang='lat'><strong>‘3;</strong></span> <span class='ocrx_word' id='word_1_242' title='bbox 1788 2137 1947 2207; x_wconf 79' lang='lat'><strong>156</strong></span> <span class='ocrx_word' id='word_1_243' title='bbox 1980 2137 2109 2206; x_wconf 90' lang='lat' dir='ltr'><strong>quia</strong></span> <span class='ocrx_word' id='word_1_244' title='bbox 2140 2138 2328 2194; x_wconf 79' lang='lat' dir='ltr'><strong>incor—</strong></span> 
     </span>
    </p>
   </div>
   <div class='ocr_carea' id='block_1_36' title="bbox 2512 2050 4032 2127">
    <p class='ocr_par' dir='ltr' id='par_1_36' title="bbox 2512 2050 4032 2127">
     <span class='ocr_line' id='line_1_36' title="bbox 2512 2050 4032 2127; baseline 0.006 -23"><span class='ocrx_word' id='word_1_245' title='bbox 2512 2052 2883 2115; x_wconf 79' lang='grc' dir='ltr'>Ἀνεπιδεκτος</span> <span class='ocrx_word' id='word_1_246' title='bbox 2931 2051 3222 2122; x_wconf 74' lang='grc' dir='ltr'><strong>μετανοίας</strong></span> <span class='ocrx_word' id='word_1_247' title='bbox 3243 2052 3355 2123; x_wconf 69' lang='grc'><strong>(47)</strong></span> <span class='ocrx_word' id='word_1_248' title='bbox 3379 2095 3394 2117; x_wconf 86' lang='grc'><strong>,</strong></span> <span class='ocrx_word' id='word_1_249' title='bbox 3430 2053 3515 2105; x_wconf 86' lang='grc' dir='ltr'>ὅτι</span> <span class='ocrx_word' id='word_1_250' title='bbox 3553 2054 3648 2108; x_wconf 76' lang='grc' dir='ltr'>καὶ</span> <span class='ocrx_word' id='word_1_251' title='bbox 3682 2056 3991 2127; x_wconf 78' lang='grc' dir='ltr'><strong>ἀσώματος.</strong></span> <span class='ocrx_word' id='word_1_252' title='bbox 4027 2050 4032 2052; x_wconf 49' lang='grc'><em>’</em></span> 
     </span>
    </p>
   </div>
   <div class='ocr_carea' id='block_1_37' title="bbox 2439 2140 3992 2213">
    <p class='ocr_par' dir='ltr' id='par_1_37' title="bbox 2439 2140 3992 2213">
     <span class='ocr_line' id='line_1_37' title="bbox 2439 2140 3992 2213; baseline 0.005 -21"><span class='ocrx_word' id='word_1_253' title='bbox 2439 2140 2497 2192; x_wconf 89' lang='lat'><strong>&#39;0</strong></span> <span class='ocrx_word' id='word_1_254' title='bbox 2528 2140 2947 2211; x_wconf 67' lang='grc' dir='ltr'>γὰρᾶνορωπος</span> <span class='ocrx_word' id='word_1_255' title='bbox 2983 2140 3070 2194; x_wconf 85' lang='grc' dir='ltr'><strong>διὰ</strong></span> <span class='ocrx_word' id='word_1_256' title='bbox 3120 2141 3217 2211; x_wconf 81' lang='grc' dir='ltr'>τὴν</span> <span class='ocrx_word' id='word_1_257' title='bbox 3267 2141 3361 2194; x_wconf 83' lang='grc' dir='ltr'>τοῦ</span> <span class='ocrx_word' id='word_1_258' title='bbox 3396 2142 3650 2213; x_wconf 83' lang='grc' dir='ltr'>σώματος</span> <span class='ocrx_word' id='word_1_259' title='bbox 3707 2144 3992 2201; x_wconf 68' lang='grc' dir='ltr'>ἀσθένειαν</span> 
     </span>
    </p>
   </div>
   <div class='ocr_carea' id='block_1_38' title="bbox 766 2221 2352 2301">
    <p class='ocr_par' dir='ltr' id='par_1_38' title="bbox 766 2221 2331 2294">
     <span class='ocr_line' id='line_1_38' title="bbox 766 2221 2331 2294; baseline 0.004 -18"><span class='ocrx_word' id='word_1_260' title='bbox 766 2238 967 2292; x_wconf 83' lang='lat' dir='ltr'><strong>porcus</strong></span> <span class='ocrx_word' id='word_1_261' title='bbox 1012 2230 1116 2278; x_wconf 90' lang='lat' dir='ltr'><strong>est.</strong></span> <span class='ocrx_word' id='word_1_262' title='bbox 1152 2221 1287 2277; x_wconf 89' lang='lat' dir='ltr'><strong>Nam</strong></span> <span class='ocrx_word' id='word_1_263' title='bbox 1320 2224 1463 2294; x_wconf 91' lang='lat' dir='ltr'><strong>quod</strong></span> <span class='ocrx_word' id='word_1_264' title='bbox 1509 2225 1675 2280; x_wconf 89' lang='lat' dir='ltr'><strong>homo</strong></span> <span class='ocrx_word' id='word_1_265' title='bbox 1711 2226 2085 2294; x_wconf 61' lang='lat' dir='ltr'><strong>paenitentiam</strong></span> <span class='ocrx_word' id='word_1_266' title='bbox 2138 2241 2331 2283; x_wconf 87' lang='lat' dir='ltr'><strong>conse-</strong></span> 
     </span>
    </p>
   </div>
   <div class='ocr_carea' id='block_1_39' title="bbox 2420 2221 3443 2301">
    <p class='ocr_par' dir='ltr' id='par_1_39' title="bbox 2430 2229 3443 2301">
     <span class='ocr_line' id='line_1_39' title="bbox 2430 2229 3443 2301; baseline 0 -18"><span class='ocrx_word' id='word_1_267' title='bbox 2430 2229 2716 2301; x_wconf 79' lang='grc' dir='ltr'>μετανοίας</span> <span class='ocrx_word' id='word_1_268' title='bbox 2744 2230 2955 2300; x_wconf 74' lang='grc' dir='ltr'>ἔτυχεν.</span> <span class='ocrx_word' id='word_1_269' title='bbox 3429 2237 3443 2251; x_wconf 78' lang='lat'><strong><em>’</em></strong></span> 
     </span>
    </p>
   </div>
   <div class='ocr_carea' id='block_1_40' title="bbox 766 2314 2326 2387">
    <p class='ocr_par' dir='ltr' id='par_1_40' title="bbox 766 2314 2326 2387">
     <span class='ocr_line' id='line_1_40' title="bbox 766 2314 2326 2387; baseline 0.004 -20"><span class='ocrx_word' id='word_1_270' title='bbox 766 2324 931 2368; x_wconf 90' lang='lat' dir='ltr'><strong>eutus</strong></span> <span class='ocrx_word' id='word_1_271' title='bbox 980 2316 1074 2378; x_wconf 92' lang='lat' dir='ltr'><strong>sit,</strong></span> <span class='ocrx_word' id='word_1_272' title='bbox 1128 2314 1182 2369; x_wconf 89' lang='lat' dir='ltr'><strong>id</strong></span> <span class='ocrx_word' id='word_1_273' title='bbox 1232 2316 1481 2385; x_wconf 90' lang='lat' dir='ltr'><strong>corporis</strong></span> <span class='ocrx_word' id='word_1_274' title='bbox 1517 2316 1894 2387; x_wconf 73' lang='lat' dir='ltr'><strong>imbecillitati</strong></span> <span class='ocrx_word' id='word_1_275' title='bbox 1943 2316 2108 2371; x_wconf 81' lang='lat' dir='ltr'><strong>fuerit</strong></span> <span class='ocrx_word' id='word_1_276' title='bbox 2149 2319 2326 2374; x_wconf 81' lang='lat' dir='ltr'><strong>ascri-</strong></span> 
     </span>
    </p>
   </div>
   <div class='ocr_carea' id='block_1_41' title="bbox 766 2396 2027 2471">
    <p class='ocr_par' dir='ltr' id='par_1_41' title="bbox 766 2396 2027 2471">
     <span class='ocr_line' id='line_1_41' title="bbox 766 2396 2027 2471; baseline 0.001 -14"><span class='ocrx_word' id='word_1_277' title='bbox 766 2404 1025 2457; x_wconf 82' lang='lat' dir='ltr'><strong>benduin.</strong></span> <span class='ocrx_word' id='word_1_278' title='bbox 1502 2460 1509 2469; x_wconf 84' lang='lat'>_</span> <span class='ocrx_word' id='word_1_279' title='bbox 1745 2396 1753 2405; x_wconf 73' lang='grc'>’</span> <span class='ocrx_word' id='word_1_280' title='bbox 2024 2467 2027 2471; x_wconf 92' lang='lat'><strong><em>_</em></strong></span> 
     </span>
    </p>
   </div>
   <div class='ocr_carea' id='block_1_42' title="bbox 834 2494 2324 2567">
    <p class='ocr_par' dir='ltr' id='par_1_42' title="bbox 834 2494 2324 2567">
     <span class='ocr_line' id='line_1_42' title="bbox 834 2494 2324 2567; baseline 0.001 -18"><span class='ocrx_word' id='word_1_281' title='bbox 834 2494 931 2549; x_wconf 89' lang='lat' dir='ltr'><strong>Dei</strong></span> <span class='ocrx_word' id='word_1_282' title='bbox 954 2512 1162 2550; x_wconf 80' lang='lat' dir='ltr'><strong>munere</strong></span> <span class='ocrx_word' id='word_1_283' title='bbox 1183 2497 1499 2551; x_wconf 90' lang='lat' dir='ltr'><strong>immortalis</strong></span> <span class='ocrx_word' id='word_1_284' title='bbox 1530 2505 1609 2551; x_wconf 89' lang='lat' dir='ltr'><strong>est</strong></span> <span class='ocrx_word' id='word_1_285' title='bbox 1641 2496 1876 2567; x_wconf 69' lang='lat' dir='ltr'><strong>angelus,</strong></span> <span class='ocrx_word' id='word_1_286' title='bbox 1903 2505 2324 2553; x_wconf 85' lang='lat' dir='ltr'><strong>non_natura.-—</strong></span> 
     </span>
    </p>
   </div>
   <div class='ocr_carea' id='block_1_43' title="bbox 765 2582 2329 2657">
    <p class='ocr_par' dir='ltr' id='par_1_43' title="bbox 765 2582 2329 2657">
     <span class='ocr_line' id='line_1_43' title="bbox 765 2582 2329 2657; baseline 0.004 -21"><span class='ocrx_word' id='word_1_287' title='bbox 765 2582 1094 2641; x_wconf 85' lang='lat' dir='ltr'><strong>Immortalis</strong></span> <span class='ocrx_word' id='word_1_288' title='bbox 1119 2596 1223 2653; x_wconf 91' lang='lat' dir='ltr'><strong>est,</strong></span> <span class='ocrx_word' id='word_1_289' title='bbox 1256 2603 1365 2642; x_wconf 91' lang='lat' dir='ltr'><strong>non</strong></span> <span class='ocrx_word' id='word_1_290' title='bbox 1406 2589 1627 2657; x_wconf 90' lang='lat' dir='ltr'><strong>quidem</strong></span> <span class='ocrx_word' id='word_1_291' title='bbox 1685 2596 1901 2654; x_wconf 89' lang='lat' dir='ltr'><strong>natura,</strong></span> <span class='ocrx_word' id='word_1_292' title='bbox 1934 2588 2027 2643; x_wconf 88' lang='lat' dir='ltr'><strong>sed</strong></span> <span class='ocrx_word' id='word_1_293' title='bbox 2062 2587 2153 2643; x_wconf 89' lang='lat' dir='ltr'><strong>Dei</strong></span> <span class='ocrx_word' id='word_1_294' title='bbox 2207 2604 2329 2642; x_wconf 83' lang='lat' dir='ltr'><strong>mu-</strong></span> 
     </span>
    </p>
   </div>
   <div class='ocr_carea' id='block_1_44' title="bbox 768 2678 2328 2748">
    <p class='ocr_par' dir='ltr' id='par_1_44' title="bbox 768 2678 2328 2748">
     <span class='ocr_line' id='line_1_44' title="bbox 768 2678 2328 2748; baseline 0.003 -18"><span class='ocrx_word' id='word_1_295' title='bbox 768 2692 897 2731; x_wconf 86' lang='lat' dir='ltr'><strong>nere</strong></span> <span class='ocrx_word' id='word_1_296' title='bbox 923 2684 977 2732; x_wconf 89' lang='lat' dir='ltr'><strong>et</strong></span> <span class='ocrx_word' id='word_1_297' title='bbox 1009 2679 1203 2747; x_wconf 75' lang='lat' dir='ltr'><strong>gratia.</strong></span> <span class='ocrx_word' id='word_1_298' title='bbox 1233 2678 1685 2748; x_wconf 79' lang='lat' dir='ltr'><strong>Quidquid&#39;enim</strong></span> <span class='ocrx_word' id='word_1_299' title='bbox 1716 2686 1898 2732; x_wconf 91' lang='lat' dir='ltr'><strong>ortum</strong></span> <span class='ocrx_word' id='word_1_300' title='bbox 1927 2679 2138 2745; x_wconf 86' lang='lat' dir='ltr'><strong>habuit,</strong></span> <span class='ocrx_word' id='word_1_301' title='bbox 2165 2679 2328 2734; x_wconf 85' lang='lat' dir='ltr'><strong>linem</strong></span> 
     </span>
    </p>
   </div>
   <div class='ocr_carea' id='block_1_45' title="bbox 767 2770 2327 2839">
    <p class='ocr_par' dir='ltr' id='par_1_45' title="bbox 767 2770 2327 2839">
     <span class='ocr_line' id='line_1_45' title="bbox 767 2770 2327 2839; baseline 0.002 -18"><span class='ocrx_word' id='word_1_302' title='bbox 767 2782 986 2836; x_wconf 78' lang='lat' dir='ltr'><strong>qUOque</strong></span> <span class='ocrx_word' id='word_1_303' title='bbox 1014 2778 1206 2837; x_wconf 86' lang='lat' dir='ltr'><strong>suapte</strong></span> <span class='ocrx_word' id='word_1_304' title='bbox 1237 2778 1427 2822; x_wconf 88' lang='lat' dir='ltr'><strong>natura</strong></span> <span class='ocrx_word' id='word_1_305' title='bbox 1456 2770 1772 2825; x_wconf 88' lang='lat' dir='ltr'><strong>habiturum</strong></span> <span class='ocrx_word' id='word_1_306' title='bbox 1800 2780 1903 2824; x_wconf 90' lang='lat' dir='ltr'><strong>est.</strong></span> <span class='ocrx_word' id='word_1_307' title='bbox 1939 2770 2104 2825; x_wconf 87' lang='lat' dir='ltr'><strong>Solus</strong></span> <span class='ocrx_word' id='word_1_308' title='bbox 2148 2771 2327 2839; x_wconf 55' lang='lat' dir='ltr'><strong>siquia</strong></span> 
     </span>
    </p>
   </div>
   <div class='ocr_carea' id='block_1_46' title="bbox 766 2854 2352 2927">
    <p class='ocr_par' dir='ltr' id='par_1_46' title="bbox 766 2854 2352 2927">
     <span class='ocr_line' id='line_1_46' title="bbox 766 2854 2352 2927; baseline 0.002 -19"><span class='ocrx_word' id='word_1_309' title='bbox 766 2856 889 2908; x_wconf 90' lang='lat' dir='ltr'><strong>dem</strong></span> <span class='ocrx_word' id='word_1_310' title='bbox 923 2856 1065 2911; x_wconf 89' lang='lat' dir='ltr'><strong>Deus</strong></span> <span class='ocrx_word' id='word_1_311' title='bbox 1092 2871 1306 2925; x_wconf 84' lang='lat' dir='ltr'><strong>semper</strong></span> <span class='ocrx_word' id='word_1_312' title='bbox 1332 2867 1412 2911; x_wconf 88' lang='lat' dir='ltr'><strong>est</strong></span> <span class='ocrx_word' id='word_1_313' title='bbox 1435 2874 1449 2921; x_wconf 92' lang='lat'><strong>;</strong></span> <span class='ocrx_word' id='word_1_314' title='bbox 1479 2858 1588 2910; x_wconf 89' lang='lat' dir='ltr'><strong>imo</strong></span> <span class='ocrx_word' id='word_1_315' title='bbox 1602 2864 1670 2920; x_wconf 58' lang='lat' dir='ltr'><strong>,et</strong></span> <span class='ocrx_word' id='word_1_316' title='bbox 1698 2858 2031 2925; x_wconf 89' lang='lat' dir='ltr'><strong>sempiterno</strong></span> <span class='ocrx_word' id='word_1_317' title='bbox 2052 2854 2352 2927; x_wconf 80' lang='lat' dir='ltr'><strong>superior.‘</strong></span> 
     </span>
    </p>
   </div>
   <div class='ocr_carea' id='block_1_47' title="bbox 764 2946 2321 3019">
    <p class='ocr_par' dir='ltr' id='par_1_47' title="bbox 764 2946 2321 3019">
     <span class='ocr_line' id='line_1_47' title="bbox 764 2946 2321 3019; baseline 0.002 -19"><span class='ocrx_word' id='word_1_318' title='bbox 764 2946 881 3000; x_wconf 82' lang='lat' dir='ltr'><strong>Non</strong></span> <span class='ocrx_word' id='word_1_319' title='bbox 906 2948 1051 3000; x_wconf 87' lang='lat' dir='ltr'><strong>enim</strong></span> <span class='ocrx_word' id='word_1_320' title='bbox 1086 2948 1189 3001; x_wconf 90' lang='lat' dir='ltr'><strong>sub</strong></span> <span class='ocrx_word' id='word_1_321' title='bbox 1221 2955 1484 3016; x_wconf 90' lang='lat' dir='ltr'><strong>tempore,</strong></span> <span class='ocrx_word' id='word_1_322' title='bbox 1519 2948 1622 3002; x_wconf 84' lang='lat' dir='ltr'><strong>sed</strong></span> <span class='ocrx_word' id='word_1_323' title='bbox 1646 2962 1811 3017; x_wconf 87' lang='lat' dir='ltr'><strong>supra</strong></span> <span class='ocrx_word' id='word_1_324' title='bbox 1852 2958 2063 3019; x_wconf 91' lang='lat' dir='ltr'><strong>tempus</strong></span> <span class='ocrx_word' id='word_1_325' title='bbox 2103 2957 2207 3015; x_wconf 88' lang='lat' dir='ltr'><strong>est,</strong></span> <span class='ocrx_word' id='word_1_326' title='bbox 2228 2949 2321 3019; x_wconf 88' lang='lat' dir='ltr'><strong>qui</strong></span> 
     </span>
    </p>
   </div>
   <div class='ocr_carea' id='block_1_48' title="bbox 762 3031 1770 3105">
    <p class='ocr_par' dir='ltr' id='par_1_48' title="bbox 762 3031 1770 3105">
     <span class='ocr_line' id='line_1_48' title="bbox 762 3031 1770 3105; baseline 0.001 -14"><span class='ocrx_word' id='word_1_327' title='bbox 762 3032 891 3091; x_wconf 73' lang='lat' dir='ltr'><strong>fecit</strong></span> <span class='ocrx_word' id='word_1_328' title='bbox 915 3044 1177 3105; x_wconf 88' lang='lat' dir='ltr'><strong>tempora.</strong></span> <span class='ocrx_word' id='word_1_329' title='bbox 1767 3031 1770 3033; x_wconf 12' lang='grc' dir='ltr'><strong>Α</strong></span> 
     </span>
    </p>
   </div>
   <div class='ocr_carea' id='block_1_49' title="bbox 833 3115 2311 3201">
    <p class='ocr_par' dir='ltr' id='par_1_49' title="bbox 833 3115 2311 3201">
     <span class='ocr_line' id='line_1_49' title="bbox 833 3115 2311 3201; baseline 0.002 -24"><span class='ocrx_word' id='word_1_330' title='bbox 833 3122 1076 3201; x_wconf 69' lang='lat' dir='ltr'><strong>§ecunda</strong></span> <span class='ocrx_word' id='word_1_331' title='bbox 1104 3124 1325 3178; x_wconf 87' lang='lat' dir='ltr'><strong>lumina.</strong></span> <span class='ocrx_word' id='word_1_332' title='bbox 1353 3154 1423 3167; x_wconf 89' lang='lat'><strong>—-</strong></span> <span class='ocrx_word' id='word_1_333' title='bbox 1452 3124 1701 3181; x_wconf 87' lang='lat' dir='ltr'><strong>Secunda</strong></span> <span class='ocrx_word' id='word_1_334' title='bbox 1734 3127 1941 3181; x_wconf 90' lang='lat' dir='ltr'><strong>lumina</strong></span> <span class='ocrx_word' id='word_1_335' title='bbox 1977 3115 2311 3196; x_wconf 76' lang='lat' dir='ltr'><strong>spiritualia,</strong></span> 
     </span>
    </p>
   </div>
   <div class='ocr_carea' id='block_1_50' title="bbox 764 3213 2324 3287">
    <p class='ocr_par' dir='ltr' id='par_1_50' title="bbox 764 3213 2324 3287">
     <span class='ocr_line' id='line_1_50' title="bbox 764 3213 2324 3287; baseline 0.003 -20"><span class='ocrx_word' id='word_1_336' title='bbox 764 3227 831 3267; x_wconf 80' lang='lat' dir='ltr'><strong>ex</strong></span> <span class='ocrx_word' id='word_1_337' title='bbox 876 3213 1135 3281; x_wconf 89' lang='lat' dir='ltr'><strong>primaria</strong></span> <span class='ocrx_word' id='word_1_338' title='bbox 1172 3213 1265 3268; x_wconf 90' lang='lat' dir='ltr'><strong>illa</strong></span> <span class='ocrx_word' id='word_1_339' title='bbox 1302 3215 1422 3269; x_wconf 89' lang='lat' dir='ltr'><strong>luce</strong></span> <span class='ocrx_word' id='word_1_340' title='bbox 1456 3217 1749 3285; x_wconf 89' lang='lat' dir='ltr'><strong>omnisque</strong></span> <span class='ocrx_word' id='word_1_341' title='bbox 1782 3217 2035 3287; x_wconf 79' lang='lat' dir='ltr'><strong>principii</strong></span> <span class='ocrx_word' id='word_1_342' title='bbox 2084 3228 2324 3287; x_wconf 76' lang='lat' dir='ltr'><strong>experte,</strong></span> 
     </span>
    </p>
   </div>
   <div class='ocr_carea' id='block_1_51' title="bbox 766 3302 2327 3379">
    <p class='ocr_par' dir='ltr' id='par_1_51' title="bbox 766 3302 2327 3379">
     <span class='ocr_line' id='line_1_51' title="bbox 766 3302 2327 3379; baseline 0.003 -21"><span class='ocrx_word' id='word_1_343' title='bbox 766 3302 1109 3373; x_wconf 87' lang='lat' dir='ltr'><strong>splendorem</strong></span> <span class='ocrx_word' id='word_1_344' title='bbox 1177 3303 1479 3372; x_wconf 70' lang='lat' dir='ltr'><strong>habentia;</strong></span> <span class='ocrx_word' id='word_1_345' title='bbox 1521 3307 1722 3377; x_wconf 90' lang='lat' dir='ltr'><strong>quibus</strong></span> <span class='ocrx_word' id='word_1_346' title='bbox 1774 3321 1876 3362; x_wconf 89' lang='lat' dir='ltr'><strong>nec</strong></span> <span class='ocrx_word' id='word_1_347' title='bbox 1937 3308 2125 3379; x_wconf 77' lang='lat' dir='ltr'><strong>lingua</strong></span> <span class='ocrx_word' id='word_1_348' title='bbox 2190 3323 2327 3379; x_wconf 81' lang='lat' dir='ltr'><strong>opus</strong></span> 
     </span>
    </p>
   </div>
   <div class='ocr_carea' id='block_1_52' title="bbox 837 3436 1286 3495">
    <p class='ocr_par' dir='ltr' id='par_1_52' title="bbox 837 3436 1286 3495">
     <span class='ocr_line' id='line_1_52' title="bbox 837 3436 1286 3495; baseline 0.011 -5"><span class='ocrx_word' id='word_1_349' title='bbox 837 3436 883 3470; x_wconf 78' lang='lat'>“</span> <span class='ocrx_word' id='word_1_350' title='bbox 906 3438 1121 3495; x_wconf 86' lang='lat' dir='ltr'><strong>Nemes.</strong></span> <span class='ocrx_word' id='word_1_351' title='bbox 1154 3454 1204 3495; x_wconf 92' lang='lat' dir='ltr'><strong>c.</strong></span> <span class='ocrx_word' id='word_1_352' title='bbox 1235 3442 1286 3495; x_wconf 83' lang='lat' dir='ltr'><strong>l.</strong></span> 
     </span>
    </p>
   </div>
   <div class='ocr_carea' id='block_1_53' title="bbox 2505 2490 3991 2567">
    <p class='ocr_par' dir='ltr' id='par_1_53' title="bbox 2505 2490 3991 2567">
     <span class='ocr_line' id='line_1_53' title="bbox 2505 2490 3991 2567; baseline 0.005 -24"><span class='ocrx_word' id='word_1_353' title='bbox 2505 2490 2816 2557; x_wconf 76' lang='grc' dir='ltr'>’Δῡάνατος,</span> <span class='ocrx_word' id='word_1_354' title='bbox 2849 2490 2910 2544; x_wconf 88' lang='grc' dir='ltr'><strong>οὐ</strong></span> <span class='ocrx_word' id='word_1_355' title='bbox 2942 2490 3100 2560; x_wconf 85' lang='grc' dir='ltr'>φύσει</span> <span class='ocrx_word' id='word_1_356' title='bbox 3130 2490 3263 2561; x_wconf 73' lang='grc'><strong>(48),</strong></span> <span class='ocrx_word' id='word_1_357' title='bbox 3292 2491 3427 2545; x_wconf 79' lang='grc' dir='ltr'><strong>ἀλλὰ</strong></span> <span class='ocrx_word' id='word_1_358' title='bbox 3451 2493 3636 2564; x_wconf 83' lang='grc' dir='ltr'>χάριτι</span> <span class='ocrx_word' id='word_1_359' title='bbox 3662 2496 3709 2548; x_wconf 73' lang='grc'><strong>⁸.</strong></span> <span class='ocrx_word' id='word_1_360' title='bbox 3747 2494 3867 2549; x_wconf 80' lang='grc' dir='ltr'><strong>Πᾶν</strong></span> <span class='ocrx_word' id='word_1_361' title='bbox 3888 2499 3991 2567; x_wconf 65' lang='grc' dir='ltr'>γὰρ</span> 
     </span>
    </p>
   </div>
   <div class='ocr_carea' id='block_1_54' title="bbox 2424 2579 3991 2650">
    <p class='ocr_par' dir='ltr' id='par_1_54' title="bbox 2424 2579 3991 2650">
     <span class='ocr_line' id='line_1_54' title="bbox 2424 2579 3991 2650; baseline 0.003 -17"><span class='ocrx_word' id='word_1_362' title='bbox 2424 2580 2484 2633; x_wconf 78' lang='grc' dir='ltr'>τὸ</span> <span class='ocrx_word' id='word_1_363' title='bbox 2516 2580 2822 2650; x_wconf 81' lang='grc' dir='ltr'>ἀρξάμενον</span> <span class='ocrx_word' id='word_1_364' title='bbox 2843 2623 2858 2646; x_wconf 84' lang='grc'><strong>,</strong></span> <span class='ocrx_word' id='word_1_365' title='bbox 2912 2579 3007 2633; x_wconf 75' lang='grc' dir='ltr'><strong>καὶ</strong></span> <span class='ocrx_word' id='word_1_366' title='bbox 3039 2579 3267 2650; x_wconf 81' lang='grc' dir='ltr'>τελευτᾷ</span> <span class='ocrx_word' id='word_1_367' title='bbox 3304 2582 3449 2633; x_wconf 82' lang='grc' dir='ltr'>κατὰ</span> <span class='ocrx_word' id='word_1_368' title='bbox 3490 2582 3673 2648; x_wconf 80' lang='grc' dir='ltr'>φύσιν.</span> <span class='ocrx_word' id='word_1_369' title='bbox 3717 2585 3911 2647; x_wconf 54' lang='grc' dir='ltr'>Μόνος,</span> <span class='ocrx_word' id='word_1_370' title='bbox 3938 2587 3991 2639; x_wconf 76' lang='grc' dir='ltr'><strong>δι</strong></span> 
     </span>
    </p>
   </div>
   <div class='ocr_carea' id='block_1_55' title="bbox 2420 2668 3997 2744">
    <p class='ocr_par' dir='ltr' id='par_1_55' title="bbox 2420 2668 3997 2744">
     <span class='ocr_line' id='line_1_55' title="bbox 2420 2668 3997 2744; baseline 0.003 -20"><span class='ocrx_word' id='word_1_371' title='bbox 2420 2673 2452 2725; x_wconf 80' lang='lat'><strong>‘6</strong></span> <span class='ocrx_word' id='word_1_372' title='bbox 2477 2671 2607 2743; x_wconf 76' lang='grc' dir='ltr'>Θεὸς</span> <span class='ocrx_word' id='word_1_373' title='bbox 2643 2670 2731 2723; x_wconf 69' lang='grc' dir='ltr'><strong>ἀεὶ</strong></span> <span class='ocrx_word' id='word_1_374' title='bbox 2759 2668 2856 2734; x_wconf 85' lang='grc' dir='ltr'><strong>ὣν,</strong></span> <span class='ocrx_word' id='word_1_375' title='bbox 2894 2669 3089 2744; x_wconf 56' lang='grc' dir='ltr'>μᾶλλον</span> <span class='ocrx_word' id='word_1_376' title='bbox 3118 2669 3174 2722; x_wconf 78' lang='grc' dir='ltr'><strong>δὲ</strong></span> <span class='ocrx_word' id='word_1_377' title='bbox 3203 2672 3299 2725; x_wconf 74' lang='grc' dir='ltr'><strong>καὶ</strong></span> <span class='ocrx_word' id='word_1_378' title='bbox 3345 2669 3487 2741; x_wconf 78' lang='grc' dir='ltr'>ὑπὲρ</span> <span class='ocrx_word' id='word_1_379' title='bbox 3512 2673 3573 2725; x_wconf 79' lang='grc' dir='ltr'>τὸ</span> <span class='ocrx_word' id='word_1_380' title='bbox 3598 2674 3687 2725; x_wconf 81' lang='grc' dir='ltr'>ἀει</span> <span class='ocrx_word' id='word_1_381' title='bbox 3710 2691 3727 2703; x_wconf 86' lang='grc'><strong>·</strong></span> <span class='ocrx_word' id='word_1_382' title='bbox 3757 2676 3859 2744; x_wconf 78' lang='grc' dir='ltr'><strong>οὐχ</strong></span> <span class='ocrx_word' id='word_1_383' title='bbox 3895 2675 3997 2729; x_wconf 63' lang='grc' dir='ltr'>ὑπο</span> 
     </span>
    </p>
   </div>
   <div class='ocr_carea' id='block_1_56' title="bbox 2425 2749 3996 2842">
    <p class='ocr_par' dir='ltr' id='par_1_56' title="bbox 2425 2749 3996 2842">
     <span class='ocr_line' id='line_1_56' title="bbox 2425 2749 3996 2842; baseline 0.004 -27"><span class='ocrx_word' id='word_1_384' title='bbox 2425 2764 2631 2834; x_wconf 81' lang='grc' dir='ltr'>χρόνον</span> <span class='ocrx_word' id='word_1_385' title='bbox 2650 2763 2756 2833; x_wconf 81' lang='grc' dir='ltr'>γὰρ</span> <span class='ocrx_word' id='word_1_386' title='bbox 2775 2802 2791 2827; x_wconf 93' lang='grc'><strong>,</strong></span> <span class='ocrx_word' id='word_1_387' title='bbox 2819 2760 2931 2815; x_wconf 86' lang='grc' dir='ltr'><strong>ἀλλ’</strong></span> <span class='ocrx_word' id='word_1_388' title='bbox 2966 2749 3105 2831; x_wconf 61' lang='grc' dir='ltr'><strong>ὑίπὲρ</strong></span> <span class='ocrx_word' id='word_1_389' title='bbox 3137 2763 3327 2831; x_wconf 88' lang='grc' dir='ltr'>χρόνον</span> <span class='ocrx_word' id='word_1_390' title='bbox 3399 2764 3428 2815; x_wconf 83' lang='grc' dir='ltr'>ὀ</span> <span class='ocrx_word' id='word_1_391' title='bbox 3458 2763 3565 2817; x_wconf 84' lang='grc' dir='ltr'><strong>τῶν</strong></span> <span class='ocrx_word' id='word_1_392' title='bbox 3598 2767 3813 2835; x_wconf 85' lang='grc' dir='ltr'>χρόνων</span> <span class='ocrx_word' id='word_1_393' title='bbox 3844 2771 3996 2842; x_wconf 74' lang='grc' dir='ltr'><strong>ποιη-</strong></span> 
     </span>
    </p>
   </div>
   <div class='ocr_carea' id='block_1_57' title="bbox 2428 2855 3073 2925">
    <p class='ocr_par' dir='ltr' id='par_1_57' title="bbox 2428 2855 3073 2925">
     <span class='ocr_line' id='line_1_57' title="bbox 2428 2855 3073 2925; baseline 0.009 -18"><span class='ocrx_word' id='word_1_394' title='bbox 2428 2856 2527 2925; x_wconf 85' lang='grc' dir='ltr'><strong>τής</strong></span> <span class='ocrx_word' id='word_1_395' title='bbox 2546 2855 2596 2912; x_wconf 69' lang='grc' dir='ltr'><strong>δ.</strong></span> <span class='ocrx_word' id='word_1_396' title='bbox 3070 2894 3073 2895; x_wconf 52' lang='grc' dir='ltr'><strong>ν</strong></span> 
     </span>
    </p>
   </div>
   <div class='ocr_carea' id='block_1_58' title="bbox 2494 3106 3991 3187">
    <p class='ocr_par' dir='ltr' id='par_1_58' title="bbox 2494 3106 3991 3187">
     <span class='ocr_line' id='line_1_58' title="bbox 2494 3106 3991 3187; baseline -0.006 -15"><span class='ocrx_word' id='word_1_397' title='bbox 2494 3106 2917 3187; x_wconf 73' lang='grc' dir='ltr'>Φῶταοδεῦτερα</span> <span class='ocrx_word' id='word_1_398' title='bbox 2946 3110 3130 3180; x_wconf 82' lang='grc' dir='ltr'>νοερὰ,</span> <span class='ocrx_word' id='word_1_399' title='bbox 3162 3111 3227 3163; x_wconf 78' lang='grc' dir='ltr'><strong>ὲκ</strong></span> <span class='ocrx_word' id='word_1_400' title='bbox 3257 3110 3349 3163; x_wconf 81' lang='grc' dir='ltr'>τοῦ</span> <span class='ocrx_word' id='word_1_401' title='bbox 3382 3111 3601 3180; x_wconf 85' lang='grc' dir='ltr'>πρώτου</span> <span class='ocrx_word' id='word_1_402' title='bbox 3626 3111 3725 3165; x_wconf 79' lang='grc' dir='ltr'>καὶ</span> <span class='ocrx_word' id='word_1_403' title='bbox 3754 3111 3991 3183; x_wconf 50' lang='lat' dir='ltr'><strong>sum»</strong></span> 
     </span>
    </p>
   </div>
   <div class='ocr_carea' id='block_1_59' title="bbox 2430 3200 3997 3280">
    <p class='ocr_par' dir='ltr' id='par_1_59' title="bbox 2430 3200 3997 3280">
     <span class='ocr_line' id='line_1_59' title="bbox 2430 3200 3997 3280; baseline -0.005 -17"><span class='ocrx_word' id='word_1_404' title='bbox 2430 3205 2793 3280; x_wconf 64' lang='lat' dir='ltr'><strong>tpwzbc,“sov</strong></span> <span class='ocrx_word' id='word_1_405' title='bbox 2850 3200 3128 3271; x_wconf 82' lang='grc' dir='ltr'>φωτισμὸν</span> <span class='ocrx_word' id='word_1_406' title='bbox 3185 3200 3411 3270; x_wconf 66' lang='grc' dir='ltr'>ἔχοντα·</span> <span class='ocrx_word' id='word_1_407' title='bbox 3463 3202 3526 3255; x_wconf 90' lang='grc' dir='ltr'><strong>οὐ</strong></span> <span class='ocrx_word' id='word_1_408' title='bbox 3583 3201 3845 3273; x_wconf 70' lang='grc' dir='ltr'>γλώσσης</span> <span class='ocrx_word' id='word_1_409' title='bbox 3903 3204 3997 3256; x_wconf 75' lang='grc' dir='ltr'><strong>καὶ</strong></span> 
     </span>
    </p>
   </div>
   <div class='ocr_carea' id='block_1_60' title="bbox 2433 3290 3995 3373">
    <p class='ocr_par' dir='ltr' id='par_1_60' title="bbox 2433 3290 3995 3373">
     <span class='ocr_line' id='line_1_60' title="bbox 2433 3290 3995 3373; baseline -0.004 -16"><span class='ocrx_word' id='word_1_410' title='bbox 2433 3302 2601 3373; x_wconf 83' lang='grc' dir='ltr'><strong>ἀκοῆς</strong></span> <span class='ocrx_word' id='word_1_411' title='bbox 2648 3290 2875 3368; x_wconf 81' lang='grc' dir='ltr'>δέόμενα</span> <span class='ocrx_word' id='word_1_412' title='bbox 2899 3336 2914 3362; x_wconf 94' lang='grc'><strong>,</strong></span> <span class='ocrx_word' id='word_1_413' title='bbox 2963 3294 3077 3347; x_wconf 78' lang='grc' dir='ltr'>ἀλλ’</span> <span class='ocrx_word' id='word_1_414' title='bbox 3124 3294 3251 3348; x_wconf 81' lang='grc' dir='ltr'>ἄνευ</span> <span class='ocrx_word' id='word_1_415' title='bbox 3303 3293 3464 3362; x_wconf 82' lang='grc' dir='ltr'>λόγου</span> <span class='ocrx_word' id='word_1_416' title='bbox 3516 3295 3863 3366; x_wconf 77' lang='grc' dir='ltr'>προφορικοῦ</span> <span class='ocrx_word' id='word_1_417' title='bbox 3888 3295 3995 3367; x_wconf 70' lang='grc' dir='ltr'><strong>(ιθ)</strong></span> 
     </span>
    </p>
   </div>
   <div class='ocr_carea' id='block_1_61' title="bbox 2013 3518 2703 3578">
    <p class='ocr_par' dir='ltr' id='par_1_61' title="bbox 2013 3518 2703 3578">
     <span class='ocr_line' id='line_1_61' title="bbox 2013 3518 2703 3578; baseline -0.009 0"><span class='ocrx_word' id='word_1_418' title='bbox 2013 3521 2251 3578; x_wconf 67' lang='lat' dir='ltr'><strong>VARIJE</strong></span> <span class='ocrx_word' id='word_1_419' title='bbox 2293 3518 2703 3577; x_wconf 72' lang='lat' dir='ltr'><strong>LECTIONES.</strong></span> 
     </span>
    </p>
   </div>
   <div class='ocr_carea' id='block_1_62' title="bbox 839 3610 3291 3687">
    <p class='ocr_par' dir='ltr' id='par_1_62' title="bbox 839 3610 3291 3687">
     <span class='ocr_line' id='line_1_62' title="bbox 839 3610 3291 3687; baseline -0.001 -16"><span class='ocrx_word' id='word_1_420' title='bbox 839 3617 864 3658; x_wconf 74' lang='grc'>⁸</span> <span class='ocrx_word' id='word_1_421' title='bbox 902 3618 967 3672; x_wconf 69' lang='lat' dir='ltr'><strong>ll.</strong></span> <span class='ocrx_word' id='word_1_422' title='bbox 992 3617 1133 3671; x_wconf 69' lang='lat'><strong>2930</strong></span> <span class='ocrx_word' id='word_1_423' title='bbox 1161 3617 1299 3672; x_wconf 72' lang='grc' dir='ltr'>κατὰ</span> <span class='ocrx_word' id='word_1_424' title='bbox 1328 3616 1509 3686; x_wconf 81' lang='grc' dir='ltr'>χάριν.</span> <span class='ocrx_word' id='word_1_425' title='bbox 1584 3617 1611 3656; x_wconf 82' lang='grc' dir='ltr'>ιι</span> <span class='ocrx_word' id='word_1_426' title='bbox 1650 3617 1708 3670; x_wconf 82' lang='grc' dir='ltr'><strong>1η</strong></span> <span class='ocrx_word' id='word_1_427' title='bbox 1740 3614 1934 3670; x_wconf 87' lang='lat' dir='ltr'><strong>eodem</strong></span> <span class='ocrx_word' id='word_1_428' title='bbox 1979 3616 2008 3668; x_wconf 88' lang='grc' dir='ltr'>ὁ</span> <span class='ocrx_word' id='word_1_429' title='bbox 2052 3615 2162 3668; x_wconf 83' lang='grc' dir='ltr'>τῶν</span> <span class='ocrx_word' id='word_1_430' title='bbox 2210 3616 2416 3687; x_wconf 86' lang='grc' dir='ltr'>χρόνων</span> <span class='ocrx_word' id='word_1_431' title='bbox 2458 3610 2711 3684; x_wconf 65' lang='grc' dir='ltr'>ποιητὴζ,</span> <span class='ocrx_word' id='word_1_432' title='bbox 2764 3614 2879 3667; x_wconf 81' lang='grc' dir='ltr'><strong>ἀλλ’</strong></span> <span class='ocrx_word' id='word_1_433' title='bbox 2920 3616 3058 3686; x_wconf 80' lang='grc' dir='ltr'>ὑπὲρ</span> <span class='ocrx_word' id='word_1_434' title='bbox 3082 3614 3291 3684; x_wconf 84' lang='grc' dir='ltr'>χρόνον.</span> 
     </span>
    </p>
   </div>
   <div class='ocr_carea' id='block_1_63' title="bbox 2260 3728 2499 3783">
    <p class='ocr_par' dir='ltr' id='par_1_63' title="bbox 2260 3728 2499 3783">
     <span class='ocr_line' id='line_1_63' title="bbox 2260 3728 2499 3783; baseline 0.004 -1"><span class='ocrx_word' id='word_1_435' title='bbox 2260 3728 2499 3783; x_wconf 66' lang='lat' dir='ltr'><strong>NOTAE.</strong></span> 
     </span>
    </p>
   </div>
   <div class='ocr_carea' id='block_1_64' title="bbox 834 3810 3994 3895">
    <p class='ocr_par' dir='ltr' id='par_1_64' title="bbox 834 3810 3994 3895">
     <span class='ocr_line' id='line_1_64' title="bbox 834 3810 3994 3895; baseline 0.001 -15"><span class='ocrx_word' id='word_1_436' title='bbox 834 3822 950 3893; x_wconf 74' lang='grc'>(47)</span> <span class='ocrx_word' id='word_1_437' title='bbox 986 3828 1382 3891; x_wconf 79' lang='grc' dir='ltr'>Ἀνεπίδεκτος</span> <span class='ocrx_word' id='word_1_438' title='bbox 1398 3827 1730 3895; x_wconf 75' lang='grc' dir='ltr'>μετανοίας.</span> <span class='ocrx_word' id='word_1_439' title='bbox 1765 3825 2086 3879; x_wconf 75' lang='grc' dir='ltr'><strong>Ρωηὶιεηιὶω</strong></span> <span class='ocrx_word' id='word_1_440' title='bbox 2111 3826 2323 3879; x_wconf 86' lang='lat' dir='ltr'><strong>minime</strong></span> <span class='ocrx_word' id='word_1_441' title='bbox 2349 3810 2406 3889; x_wconf 74' lang='grc' dir='ltr'><strong>ρ’</strong></span> <span class='ocrx_word' id='word_1_442' title='bbox 2424 3825 2664 3895; x_wconf 83' lang='lat' dir='ltr'><strong>interitui</strong></span> <span class='ocrx_word' id='word_1_443' title='bbox 2687 3840 2817 3886; x_wconf 85' lang='lat' dir='ltr'><strong>esse,</strong></span> <span class='ocrx_word' id='word_1_444' title='bbox 2848 3824 2913 3877; x_wconf 90' lang='lat' dir='ltr'><strong>ad</strong></span> <span class='ocrx_word' id='word_1_445' title='bbox 2939 3823 3239 3895; x_wconf 65' lang='lat' dir='ltr'><strong>planiorem</strong></span> <span class='ocrx_word' id='word_1_446' title='bbox 3272 3838 3491 3878; x_wconf 88' lang='lat' dir='ltr'><strong>sensum</strong></span> <span class='ocrx_word' id='word_1_447' title='bbox 3518 3838 3767 3891; x_wconf 86' lang='lat' dir='ltr'><strong>revocat,</strong></span> <span class='ocrx_word' id='word_1_448' title='bbox 3805 3830 3994 3886; x_wconf 68' lang='lat' dir='ltr'><strong>Timaei</strong></span> 
     </span>
    </p>
   </div>
   <div class='ocr_carea' id='block_1_65' title="bbox 771 3895 2321 3964">
    <p class='ocr_par' dir='ltr' id='par_1_65' title="bbox 771 3895 2321 3964">
     <span class='ocr_line' id='line_1_65' title="bbox 771 3895 2321 3964; baseline -0.002 -14"><span class='ocrx_word' id='word_1_449' title='bbox 771 3912 960 3962; x_wconf 74' lang='lat' dir='ltr'><strong>capax,</strong></span> <span class='ocrx_word' id='word_1_450' title='bbox 991 3913 1092 3964; x_wconf 86' lang='lat' dir='ltr'><strong>qua</strong></span> <span class='ocrx_word' id='word_1_451' title='bbox 1131 3899 1480 3963; x_wconf 82' lang='lat' dir='ltr'><strong>incorporeus.</strong></span> <span class='ocrx_word' id='word_1_452' title='bbox 1512 3897 1654 3949; x_wconf 84' lang='lat' dir='ltr'><strong>ldeiu</strong></span> <span class='ocrx_word' id='word_1_453' title='bbox 1692 3906 1913 3950; x_wconf 87' lang='lat' dir='ltr'><strong>sanctus</strong></span> <span class='ocrx_word' id='word_1_454' title='bbox 1944 3895 2183 3949; x_wconf 82' lang='lat' dir='ltr'><strong>Thomas</strong></span> <span class='ocrx_word' id='word_1_455' title='bbox 2222 3895 2321 3948; x_wconf 91' lang='lat' dir='ltr'><strong>do-</strong></span> 
     </span>
    </p>
   </div>
   <div class='ocr_carea' id='block_1_66' title="bbox 772 3964 2322 4034">
    <p class='ocr_par' dir='ltr' id='par_1_66' title="bbox 772 3964 2322 4034">
     <span class='ocr_line' id='line_1_66' title="bbox 772 3964 2322 4034; baseline -0.001 -15"><span class='ocrx_word' id='word_1_456' title='bbox 772 3974 858 4019; x_wconf 87' lang='lat' dir='ltr'><strong>cet</strong></span> <span class='ocrx_word' id='word_1_457' title='bbox 887 3966 1116 4034; x_wconf 81' lang='lat' dir='ltr'><strong>aliisque</strong></span> <span class='ocrx_word' id='word_1_458' title='bbox 1145 3983 1359 4019; x_wconf 84' lang='lat' dir='ltr'><strong>rursum</strong></span> <span class='ocrx_word' id='word_1_459' title='bbox 1391 3966 1673 4019; x_wconf 87' lang='lat' dir='ltr'><strong>inomcntis</strong></span> <span class='ocrx_word' id='word_1_460' title='bbox 1705 3966 1914 4033; x_wconf 87' lang='lat' dir='ltr'><strong>probat.</strong></span> <span class='ocrx_word' id='word_1_461' title='bbox 1951 3965 2092 4017; x_wconf 81' lang='lat' dir='ltr'><strong>Hine</strong></span> <span class='ocrx_word' id='word_1_462' title='bbox 2118 3964 2322 4019; x_wconf 88' lang='lat' dir='ltr'><strong>Noster</strong></span> 
     </span>
    </p>
   </div>
   <div class='ocr_carea' id='block_1_67' title="bbox 772 4035 2320 4103">
    <p class='ocr_par' dir='ltr' id='par_1_67' title="bbox 772 4035 2320 4103">
     <span class='ocr_line' id='line_1_67' title="bbox 772 4035 2320 4103; baseline 0 -16"><span class='ocrx_word' id='word_1_463' title='bbox 772 4036 899 4087; x_wconf 84' lang='lat' dir='ltr'><strong>alibi</strong></span> <span class='ocrx_word' id='word_1_464' title='bbox 950 4038 1181 4103; x_wconf 87' lang='lat' dir='ltr'><strong>sparsim</strong></span> <span class='ocrx_word' id='word_1_465' title='bbox 1235 4038 1345 4099; x_wconf 83' lang='lat' dir='ltr'><strong>ait,</strong></span> <span class='ocrx_word' id='word_1_466' title='bbox 1404 4037 1506 4089; x_wconf 88' lang='lat' dir='ltr'><strong>hoc</strong></span> <span class='ocrx_word' id='word_1_467' title='bbox 1537 4050 1658 4088; x_wconf 87' lang='lat' dir='ltr'><strong>esse</strong></span> <span class='ocrx_word' id='word_1_468' title='bbox 1692 4043 1921 4088; x_wconf 89' lang='lat' dir='ltr'><strong>mortem</strong></span> <span class='ocrx_word' id='word_1_469' title='bbox 1978 4035 2320 4098; x_wconf 88' lang='lat' dir='ltr'><strong>hominibus,</strong></span> 
     </span>
    </p>
   </div>
   <div class='ocr_carea' id='block_1_68' title="bbox 769 4104 2317 4173">
    <p class='ocr_par' dir='ltr' id='par_1_68' title="bbox 769 4104 2317 4173">
     <span class='ocr_line' id='line_1_68' title="bbox 769 4104 2317 4173; baseline 0.002 -20"><span class='ocrx_word' id='word_1_470' title='bbox 769 4104 912 4171; x_wconf 86' lang='lat' dir='ltr'><strong>quod</strong></span> <span class='ocrx_word' id='word_1_471' title='bbox 944 4108 1149 4173; x_wconf 69' lang='lat' dir='ltr'><strong>angelis</strong></span> <span class='ocrx_word' id='word_1_472' title='bbox 1181 4118 1481 4173; x_wconf 86' lang='lat' dir='ltr'><strong>peccatum,</strong></span> <span class='ocrx_word' id='word_1_473' title='bbox 1542 4106 1666 4172; x_wconf 87' lang='lat' dir='ltr'><strong>quia</strong></span> <span class='ocrx_word' id='word_1_474' title='bbox 1712 4104 1854 4157; x_wconf 81' lang='lat' dir='ltr'><strong>sicut</strong></span> <span class='ocrx_word' id='word_1_475' title='bbox 1906 4116 2021 4171; x_wconf 89' lang='lat' dir='ltr'><strong>post</strong></span> <span class='ocrx_word' id='word_1_476' title='bbox 2088 4113 2317 4157; x_wconf 89' lang='lat' dir='ltr'><strong>mortem</strong></span> 
     </span>
    </p>
   </div>
   <div class='ocr_carea' id='block_1_69' title="bbox 714 4173 2317 4241">
    <p class='ocr_par' dir='ltr' id='par_1_69' title="bbox 714 4173 2317 4241">
     <span class='ocr_line' id='line_1_69' title="bbox 714 4173 2317 4241; baseline 0.001 -16"><span class='ocrx_word' id='word_1_477' title='bbox 714 4236 719 4241; x_wconf 31' lang='grc' dir='ltr'><strong>η</strong></span> <span class='ocrx_word' id='word_1_478' title='bbox 770 4173 954 4226; x_wconf 83' lang='lat' dir='ltr'><strong>nullus</strong></span> <span class='ocrx_word' id='word_1_479' title='bbox 1004 4175 1315 4227; x_wconf 78' lang='lat' dir='ltr'><strong>hominibus</strong></span> <span class='ocrx_word' id='word_1_480' title='bbox 1354 4181 1603 4240; x_wconf 80' lang='lat' dir='ltr'><strong>superest</strong></span> <span class='ocrx_word' id='word_1_481' title='bbox 1647 4174 1977 4241; x_wconf 68' lang='lat' dir='ltr'><strong>pmniteltlite</strong></span> <span class='ocrx_word' id='word_1_482' title='bbox 2012 4174 2198 4239; x_wconf 87' lang='lat' dir='ltr'><strong>locus,</strong></span> <span class='ocrx_word' id='word_1_483' title='bbox 2236 4173 2317 4227; x_wconf 88' lang='lat' dir='ltr'><strong>sic</strong></span> 
     </span>
    </p>
   </div>
   <div class='ocr_carea' id='block_1_70' title="bbox 772 4244 1689 4310">
    <p class='ocr_par' dir='ltr' id='par_1_70' title="bbox 772 4244 1689 4310">
     <span class='ocr_line' id='line_1_70' title="bbox 772 4244 1689 4310; baseline -0.001 -18"><span class='ocrx_word' id='word_1_484' title='bbox 772 4256 949 4309; x_wconf 86' lang='lat' dir='ltr'><strong>neque</strong></span> <span class='ocrx_word' id='word_1_485' title='bbox 984 4244 1189 4308; x_wconf 78' lang='lat' dir='ltr'><strong>angelis</strong></span> <span class='ocrx_word' id='word_1_486' title='bbox 1231 4254 1350 4310; x_wconf 74' lang='lat' dir='ltr'><strong>post</strong></span> <span class='ocrx_word' id='word_1_487' title='bbox 1386 4252 1689 4309; x_wconf 77' lang='lat' dir='ltr'><strong>peccatum.</strong></span> 
     </span>
    </p>
   </div>
   <div class='ocr_carea' id='block_1_71' title="bbox 844 4308 2323 4378">
    <p class='ocr_par' dir='ltr' id='par_1_71' title="bbox 844 4308 2323 4378">
     <span class='ocr_line' id='line_1_71' title="bbox 844 4308 2323 4378; baseline 0.001 -17"><span class='ocrx_word' id='word_1_488' title='bbox 844 4308 951 4378; x_wconf 65' lang='lat'><strong>(48)</strong></span> <span class='ocrx_word' id='word_1_489' title='bbox 1006 4308 1327 4376; x_wconf 65' lang='grc' dir='ltr'>Ἄθιὶναέος,</span> <span class='ocrx_word' id='word_1_490' title='bbox 1375 4308 1443 4363; x_wconf 78' lang='grc' dir='ltr'>οὺ</span> <span class='ocrx_word' id='word_1_491' title='bbox 1475 4312 1672 4377; x_wconf 70' lang='grc' dir='ltr'>φύσει.</span> <span class='ocrx_word' id='word_1_492' title='bbox 1713 4308 2044 4364; x_wconf 78' lang='lat' dir='ltr'><strong>Immortalis</strong></span> <span class='ocrx_word' id='word_1_493' title='bbox 2075 4319 2175 4375; x_wconf 86' lang='lat' dir='ltr'><strong>est,</strong></span> <span class='ocrx_word' id='word_1_494' title='bbox 2220 4326 2323 4362; x_wconf 82' lang='lat' dir='ltr'><strong>non</strong></span> 
     </span>
    </p>
   </div>
   <div class='ocr_carea' id='block_1_72' title="bbox 771 4378 2321 4434">
    <p class='ocr_par' dir='ltr' id='par_1_72' title="bbox 771 4378 2321 4434">
     <span class='ocr_line' id='line_1_72' title="bbox 771 4378 2321 4434; baseline 0.001 -3"><span class='ocrx_word' id='word_1_495' title='bbox 771 4390 985 4432; x_wconf 84' lang='lat' dir='ltr'><strong>natura.</strong></span> <span class='ocrx_word' id='word_1_496' title='bbox 1040 4380 1292 4433; x_wconf 86' lang='lat' dir='ltr'><strong>Solemne</strong></span> <span class='ocrx_word' id='word_1_497' title='bbox 1332 4390 1414 4433; x_wconf 88' lang='lat' dir='ltr'><strong>est</strong></span> <span class='ocrx_word' id='word_1_498' title='bbox 1460 4379 1712 4433; x_wconf 74' lang='lat' dir='ltr'><strong>l’atribus</strong></span> <span class='ocrx_word' id='word_1_499' title='bbox 1777 4383 1857 4433; x_wconf 89' lang='lat' dir='ltr'><strong>sic</strong></span> <span class='ocrx_word' id='word_1_500' title='bbox 1911 4395 2161 4434; x_wconf 85' lang='lat' dir='ltr'><strong>asserere</strong></span> <span class='ocrx_word' id='word_1_501' title='bbox 2212 4378 2321 4433; x_wconf 84' lang='lat' dir='ltr'><strong>Deo</strong></span> 
     </span>
    </p>
   </div>
   <div class='ocr_carea' id='block_1_73' title="bbox 773 4449 2323 4512">
    <p class='ocr_par' dir='ltr' id='par_1_73' title="bbox 773 4449 2323 4512">
     <span class='ocr_line' id='line_1_73' title="bbox 773 4449 2323 4512; baseline 0.001 -12"><span class='ocrx_word' id='word_1_502' title='bbox 773 4450 1258 4511; x_wconf 82' lang='lat' dir='ltr'><strong>ininmrtalitateni,</strong></span> <span class='ocrx_word' id='word_1_503' title='bbox 1292 4459 1347 4501; x_wconf 89' lang='lat' dir='ltr'><strong>ut</strong></span> <span class='ocrx_word' id='word_1_504' title='bbox 1372 4458 1565 4502; x_wconf 69' lang='lat' dir='ltr'><strong>canora</strong></span> <span class='ocrx_word' id='word_1_505' title='bbox 1597 4465 1663 4502; x_wconf 82' lang='lat' dir='ltr'><strong>ex</strong></span> <span class='ocrx_word' id='word_1_506' title='bbox 1708 4459 1901 4501; x_wconf 85' lang='lat' dir='ltr'><strong>natura</strong></span> <span class='ocrx_word' id='word_1_507' title='bbox 1951 4464 2078 4512; x_wconf 76' lang='lat' dir='ltr'><strong>sua,</strong></span> <span class='ocrx_word' id='word_1_508' title='bbox 2109 4449 2323 4502; x_wconf 88' lang='lat' dir='ltr'><strong>subsint</strong></span> 
     </span>
    </p>
   </div>
   <div class='ocr_carea' id='block_1_74' title="bbox 772 4518 2323 4586">
    <p class='ocr_par' dir='ltr' id='par_1_74' title="bbox 772 4518 2323 4586">
     <span class='ocr_line' id='line_1_74' title="bbox 772 4518 2323 4586; baseline 0.001 -16"><span class='ocrx_word' id='word_1_509' title='bbox 772 4519 1040 4581; x_wconf 85' lang='lat' dir='ltr'><strong>interitui,</strong></span> <span class='ocrx_word' id='word_1_510' title='bbox 1067 4520 1167 4572; x_wconf 90' lang='lat' dir='ltr'><strong>nisi</strong></span> <span class='ocrx_word' id='word_1_511' title='bbox 1197 4518 1287 4571; x_wconf 86' lang='lat' dir='ltr'><strong>Dei</strong></span> <span class='ocrx_word' id='word_1_512' title='bbox 1316 4534 1541 4572; x_wconf 87' lang='lat' dir='ltr'><strong>munere</strong></span> <span class='ocrx_word' id='word_1_513' title='bbox 1575 4520 1999 4572; x_wconf 84' lang='lat' dir='ltr'><strong>immortalitatis</strong></span> <span class='ocrx_word' id='word_1_514' title='bbox 2026 4519 2323 4586; x_wconf 86' lang='lat' dir='ltr'><strong>participes</strong></span> 
     </span>
    </p>
   </div>
   <div class='ocr_carea' id='block_1_75' title="bbox 768 4587 2322 4655">
    <p class='ocr_par' dir='ltr' id='par_1_75' title="bbox 768 4587 2322 4655">
     <span class='ocr_line' id='line_1_75' title="bbox 768 4587 2322 4655; baseline 0.001 -16"><span class='ocrx_word' id='word_1_515' title='bbox 768 4587 1085 4640; x_wconf 85' lang='lat' dir='ltr'><strong>ellieianlur.</strong></span> <span class='ocrx_word' id='word_1_516' title='bbox 1110 4588 1160 4640; x_wconf 94' lang='lat' dir='ltr'><strong>ld</strong></span> <span class='ocrx_word' id='word_1_517' title='bbox 1200 4599 1255 4639; x_wconf 93' lang='lat' dir='ltr'><strong>ut</strong></span> <span class='ocrx_word' id='word_1_518' title='bbox 1290 4597 1559 4653; x_wconf 84' lang='lat' dir='ltr'><strong>astruant,</strong></span> <span class='ocrx_word' id='word_1_519' title='bbox 1596 4588 1697 4640; x_wconf 90' lang='lat' dir='ltr'><strong>hoc</strong></span> <span class='ocrx_word' id='word_1_520' title='bbox 1731 4597 1958 4641; x_wconf 89' lang='lat' dir='ltr'><strong>utuntur</strong></span> <span class='ocrx_word' id='word_1_521' title='bbox 1982 4589 2197 4655; x_wconf 82' lang='lat' dir='ltr'><strong>adagio,</strong></span> <span class='ocrx_word' id='word_1_522' title='bbox 2232 4587 2322 4641; x_wconf 75' lang='lat' dir='ltr'><strong>Ea:</strong></span> 
     </span>
    </p>
   </div>
   <div class='ocr_carea' id='block_1_76' title="bbox 805 4658 2315 4724">
    <p class='ocr_par' dir='ltr' id='par_1_76' title="bbox 805 4658 2315 4724">
     <span class='ocr_line' id='line_1_76' title="bbox 805 4658 2315 4724; baseline 0.003 -19"><span class='ocrx_word' id='word_1_523' title='bbox 805 4674 882 4709; x_wconf 83' lang='lat' dir='ltr'><strong>na:</strong></span> <span class='ocrx_word' id='word_1_524' title='bbox 933 4658 1136 4709; x_wconf 83' lang='lat' dir='ltr'><strong>initium</strong></span> <span class='ocrx_word' id='word_1_525' title='bbox 1194 4658 1447 4717; x_wconf 75' lang='lat' dir='ltr'><strong>habuere.</strong></span> <span class='ocrx_word' id='word_1_526' title='bbox 1498 4660 1795 4710; x_wconf 81' lang='lat' dir='ltr'><strong>necessario</strong></span> <span class='ocrx_word' id='word_1_527' title='bbox 1850 4660 2006 4724; x_wconf 81' lang='lat' dir='ltr'><strong>linem</strong></span> <span class='ocrx_word' id='word_1_528' title='bbox 2045 4658 2315 4709; x_wconf 82' lang='lat' dir='ltr'><strong>habitura.</strong></span> 
     </span>
    </p>
   </div>
   <div class='ocr_carea' id='block_1_77' title="bbox 768 4674 2317 4796">
    <p class='ocr_par' dir='ltr' id='par_1_77' title="bbox 768 4674 2317 4796">
     <span class='ocr_line' id='line_1_77' title="bbox 805 4674 2315 4724; baseline 0.003 -19"><span class='ocrx_word' id='word_1_529' title='bbox 805 4674 882 4709; x_wconf 77' lang='grc' dir='ltr'>κω</span> <span class='ocrx_word' id='word_1_530' title='bbox 933 4674 1136 4709; x_wconf 81' lang='grc' dir='ltr'>ιιιιιιιιιιι</span> <span class='ocrx_word' id='word_1_531' title='bbox 1194 4674 1447 4717; x_wconf 74' lang='lat' dir='ltr'><strong>uaoucre.</strong></span> <span class='ocrx_word' id='word_1_532' title='bbox 1498 4674 1795 4710; x_wconf 81' lang='lat' dir='ltr'><strong>necessario</strong></span> <span class='ocrx_word' id='word_1_533' title='bbox 1850 4674 2006 4724; x_wconf 69' lang='lat' dir='ltr'><strong>linem</strong></span> <span class='ocrx_word' id='word_1_534' title='bbox 2045 4674 2315 4709; x_wconf 83' lang='lat' dir='ltr'><strong>naouura.</strong></span> 
     </span>
     <span class='ocr_line' id='line_1_78' title="bbox 768 4674 2317 4796; baseline 0.003 -19"><span class='ocrx_word' id='word_1_535' title='bbox 768 4674 879 4777; x_wconf 48' lang='lat' dir='ltr'><strong>flor.</strong></span> <span class='ocrx_word' id='word_1_536' title='bbox 911 4728 1107 4779; x_wconf 78' lang='lat' dir='ltr'><strong>docent</strong></span> <span class='ocrx_word' id='word_1_537' title='bbox 1136 4726 1388 4789; x_wconf 68' lang='lat' dir='ltr'><strong>Irenusus,</strong></span> <span class='ocrx_word' id='word_1_538' title='bbox 1425 4728 1516 4780; x_wconf 87' lang='lat' dir='ltr'><strong>lib.</strong></span> <span class='ocrx_word' id='word_1_539' title='bbox 1558 4742 1637 4789; x_wconf 84' lang='lat' dir='ltr'><strong>Ill,</strong></span> <span class='ocrx_word' id='word_1_540' title='bbox 1671 4743 1789 4795; x_wconf 84' lang='lat' dir='ltr'><strong>cap.</strong></span> <span class='ocrx_word' id='word_1_541' title='bbox 1820 4727 1925 4792; x_wconf 57' lang='lat'><strong>65&quot;;</strong></span> <span class='ocrx_word' id='word_1_542' title='bbox 1955 4728 2317 4796; x_wconf 82' lang='lat' dir='ltr'><strong>Epiphanius,</strong></span> 
     </span>
    </p>
   </div>
   <div class='ocr_carea' id='block_1_78' title="bbox 769 4795 2317 4862">
    <p class='ocr_par' dir='ltr' id='par_1_78' title="bbox 769 4795 2317 4862">
     <span class='ocr_line' id='line_1_79' title="bbox 769 4795 2317 4862; baseline 0.003 -17"><span class='ocrx_word' id='word_1_543' title='bbox 769 4795 962 4847; x_wconf 76' lang='lat' dir='ltr'><strong>lueresi</strong></span> <span class='ocrx_word' id='word_1_544' title='bbox 1004 4796 1088 4855; x_wconf 73' lang='lat'><strong>76,</strong></span> <span class='ocrx_word' id='word_1_545' title='bbox 1136 4811 1187 4862; x_wconf 91' lang='lat' dir='ltr'><strong>p.</strong></span> <span class='ocrx_word' id='word_1_546' title='bbox 1230 4796 1369 4859; x_wconf 70' lang='lat' dir='ltr'><strong>9i0;</strong></span> <span class='ocrx_word' id='word_1_547' title='bbox 1406 4796 1645 4860; x_wconf 81' lang='lat' dir='ltr'><strong>Cyrillus</strong></span> <span class='ocrx_word' id='word_1_548' title='bbox 1690 4797 1742 4849; x_wconf 89' lang='lat' dir='ltr'><strong>in</strong></span> <span class='ocrx_word' id='word_1_549' title='bbox 1798 4795 2087 4858; x_wconf 81' lang='lat' dir='ltr'><strong>Thesauro,</strong></span> <span class='ocrx_word' id='word_1_550' title='bbox 2120 4807 2317 4850; x_wconf 82' lang='lat' dir='ltr'><strong>assert.</strong></span> 
     </span>
    </p>
   </div>
   <div class='ocr_carea' id='block_1_79' title="bbox 766 4864 2320 4933">
    <p class='ocr_par' dir='ltr' id='par_1_79' title="bbox 766 4864 2320 4933">
     <span class='ocr_line' id='line_1_80' title="bbox 766 4864 2320 4933; baseline 0.003 -18"><span class='ocrx_word' id='word_1_551' title='bbox 766 4864 859 4927; x_wconf 69' lang='lat'><strong>20,</strong></span> <span class='ocrx_word' id='word_1_552' title='bbox 892 4865 1091 4933; x_wconf 81' lang='lat' dir='ltr'><strong>aliique</strong></span> <span class='ocrx_word' id='word_1_553' title='bbox 1125 4867 1453 4931; x_wconf 86' lang='lat' dir='ltr'><strong>complures,</strong></span> <span class='ocrx_word' id='word_1_554' title='bbox 1488 4880 1550 4917; x_wconf 90' lang='lat' dir='ltr'><strong>ac</strong></span> <span class='ocrx_word' id='word_1_555' title='bbox 1597 4868 1906 4933; x_wconf 80' lang='lat' dir='ltr'><strong>frequenter</strong></span> <span class='ocrx_word' id='word_1_556' title='bbox 1950 4866 2320 4920; x_wconf 80' lang='lat' dir='ltr'><strong>Damasrenus</strong></span> 
     </span>
    </p>
   </div>
   <div class='ocr_carea' id='block_1_80' title="bbox 768 4932 2317 5001">
    <p class='ocr_par' dir='ltr' id='par_1_80' title="bbox 768 4932 2317 5001">
     <span class='ocr_line' id='line_1_81' title="bbox 768 4932 2317 5001; baseline 0.002 -16"><span class='ocrx_word' id='word_1_557' title='bbox 768 4932 1027 4993; x_wconf 81' lang='lat' dir='ltr'><strong>inculcat.</strong></span> <span class='ocrx_word' id='word_1_558' title='bbox 1072 4933 1162 4985; x_wconf 86' lang='lat' dir='ltr'><strong>ubi</strong></span> <span class='ocrx_word' id='word_1_559' title='bbox 1207 4934 1272 4984; x_wconf 88' lang='lat' dir='ltr'><strong>de</strong></span> <span class='ocrx_word' id='word_1_560' title='bbox 1308 4942 1499 4985; x_wconf 83' lang='lat' dir='ltr'><strong>natura</strong></span> <span class='ocrx_word' id='word_1_561' title='bbox 1551 4932 1745 5001; x_wconf 76' lang='lat' dir='ltr'><strong>angeli,</strong></span> <span class='ocrx_word' id='word_1_562' title='bbox 1781 4938 1976 4989; x_wconf 71' lang='lat' dir='ltr'><strong>animm</strong></span> <span class='ocrx_word' id='word_1_563' title='bbox 2015 4936 2317 4997; x_wconf 84' lang='lat' dir='ltr'><strong>rationalis,</strong></span> 
     </span>
    </p>
   </div>
   <div class='ocr_carea' id='block_1_81' title="bbox 768 5002 2318 5073">
    <p class='ocr_par' dir='ltr' id='par_1_81' title="bbox 768 5002 2318 5073">
     <span class='ocr_line' id='line_1_82' title="bbox 768 5002 2318 5073; baseline 0.001 -18"><span class='ocrx_word' id='word_1_564' title='bbox 768 5010 821 5055; x_wconf 89' lang='lat' dir='ltr'><strong>et</strong></span> <span class='ocrx_word' id='word_1_565' title='bbox 853 5003 1113 5054; x_wconf 69' lang='lat' dir='ltr'><strong>C(Blnl&#39;lllll</strong></span> <span class='ocrx_word' id='word_1_566' title='bbox 1146 5002 1401 5073; x_wconf 85' lang='lat' dir='ltr'><strong>disputat.</strong></span> <span class='ocrx_word' id='word_1_567' title='bbox 1440 5003 1492 5055; x_wconf 89' lang='lat' dir='ltr'><strong>In</strong></span> <span class='ocrx_word' id='word_1_568' title='bbox 1531 5002 1751 5073; x_wconf 82' lang='lat' dir='ltr'><strong>Dialogo</strong></span> <span class='ocrx_word' id='word_1_569' title='bbox 1777 5017 1959 5058; x_wconf 88' lang='lat' dir='ltr'><strong>contra</strong></span> <span class='ocrx_word' id='word_1_570' title='bbox 2000 5003 2318 5057; x_wconf 70' lang='lat' dir='ltr'><strong>Hanicltwos</strong></span> 
     </span>
    </p>
   </div>
   <div class='ocr_carea' id='block_1_82' title="bbox 769 5072 2321 5141">
    <p class='ocr_par' dir='ltr' id='par_1_82' title="bbox 769 5072 2321 5141">
     <span class='ocr_line' id='line_1_83' title="bbox 769 5072 2321 5141; baseline 0.002 -17"><span class='ocrx_word' id='word_1_571' title='bbox 769 5073 1076 5140; x_wconf 82' lang='lat' dir='ltr'><strong>exemplum</strong></span> <span class='ocrx_word' id='word_1_572' title='bbox 1123 5072 1277 5124; x_wconf 88' lang='lat' dir='ltr'><strong>atl&#39;ert</strong></span> <span class='ocrx_word' id='word_1_573' title='bbox 1306 5074 1572 5141; x_wconf 84' lang='lat' dir='ltr'><strong>corporis,</strong></span> <span class='ocrx_word' id='word_1_574' title='bbox 1610 5072 1754 5140; x_wconf 79' lang='lat' dir='ltr'><strong>quod</strong></span> <span class='ocrx_word' id='word_1_575' title='bbox 1796 5091 1862 5127; x_wconf 73' lang='lat' dir='ltr'><strong>ex</strong></span> <span class='ocrx_word' id='word_1_576' title='bbox 1908 5089 2103 5127; x_wconf 89' lang='lat' dir='ltr'><strong>senon</strong></span> <span class='ocrx_word' id='word_1_577' title='bbox 2138 5090 2321 5127; x_wconf 81' lang='lat' dir='ltr'><strong>move-</strong></span> 
     </span>
    </p>
   </div>
   <div class='ocr_carea' id='block_1_83' title="bbox 2404 3882 3994 3962">
    <p class='ocr_par' dir='ltr' id='par_1_83' title="bbox 2404 3882 3994 3962">
     <span class='ocr_line' id='line_1_84' title="bbox 2404 3882 3994 3962; baseline 0.004 -13"><span class='ocrx_word' id='word_1_578' title='bbox 2404 3896 2569 3962; x_wconf 90' lang='lat' dir='ltr'><strong>&#39;apnd</strong></span> <span class='ocrx_word' id='word_1_579' title='bbox 2603 3882 2900 3953; x_wconf 82' lang='lat' dir='ltr'><strong>Platonetn,</strong></span> <span class='ocrx_word' id='word_1_580' title='bbox 2940 3882 3017 3945; x_wconf 77' lang='grc' dir='ltr'>ἐχ</span> <span class='ocrx_word' id='word_1_581' title='bbox 3058 3882 3168 3961; x_wconf 57' lang='lat' dir='ltr'><strong>qui)</strong></span> <span class='ocrx_word' id='word_1_582' title='bbox 3198 3906 3475 3960; x_wconf 89' lang='lat' dir='ltr'><strong>sumptum</strong></span> <span class='ocrx_word' id='word_1_583' title='bbox 3515 3905 3619 3956; x_wconf 86' lang='lat' dir='ltr'><strong>est,</strong></span> <span class='ocrx_word' id='word_1_584' title='bbox 3656 3882 3831 3954; x_wconf 52' lang='lat' dir='ltr'><strong>verba</strong></span> 
     </span>
    </p>
   </div>
   <div class='ocr_carea' id='block_1_84' title="bbox 2425 3962 4021 4031">
    <p class='ocr_par' dir='ltr' id='par_1_84' title="bbox 2425 3962 4021 4031">
     <span class='ocr_line' id='line_1_85' title="bbox 2425 3962 4021 4031; baseline 0.004 -12"><span class='ocrx_word' id='word_1_585' title='bbox 2425 3964 2723 4025; x_wconf 78' lang='lat' dir='ltr'><strong>alferendo,</strong></span> <span class='ocrx_word' id='word_1_586' title='bbox 2765 3964 2965 4031; x_wconf 85' lang='lat' dir='ltr'><strong>quibus</strong></span> <span class='ocrx_word' id='word_1_587' title='bbox 3006 3978 3299 4031; x_wconf 73' lang='lat' dir='ltr'><strong>supremus</strong></span> <span class='ocrx_word' id='word_1_588' title='bbox 3345 3962 3486 4031; x_wconf 84' lang='lat' dir='ltr'><strong>Deus</strong></span> <span class='ocrx_word' id='word_1_589' title='bbox 3521 3966 3824 4024; x_wconf 77' lang='lat' dir='ltr'><strong>inferiores</strong></span> <span class='ocrx_word' id='word_1_590' title='bbox 3860 3970 4021 4029; x_wconf 13' lang='lat' dir='ltr'><strong>deos,</strong></span> 
     </span>
    </p>
   </div>
   <div class='ocr_carea' id='block_1_85' title="bbox 2423 4025 3994 4104">
    <p class='ocr_par' dir='ltr' id='par_1_85' title="bbox 2423 4025 3994 4104">
     <span class='ocr_line' id='line_1_86' title="bbox 2423 4025 3994 4104; baseline 0 -17"><span class='ocrx_word' id='word_1_591' title='bbox 2423 4036 2717 4104; x_wconf 79' lang='lat' dir='ltr'><strong>alloquitur</strong></span> <span class='ocrx_word' id='word_1_592' title='bbox 2755 4025 2931 4104; x_wconf 41' lang='grc' dir='ltr'>ςίΘεοὶ</span> <span class='ocrx_word' id='word_1_593' title='bbox 2958 4025 3124 4104; x_wconf 65' lang='grc' dir='ltr'>Θεῶν,</span> <span class='ocrx_word' id='word_1_594' title='bbox 3168 4025 3242 4104; x_wconf 74' lang='grc' dir='ltr'>ὧν</span> <span class='ocrx_word' id='word_1_595' title='bbox 3282 4030 3393 4097; x_wconf 83' lang='grc' dir='ltr'>ἐγὼ</span> <span class='ocrx_word' id='word_1_596' title='bbox 3432 4033 3621 4104; x_wconf 83' lang='grc' dir='ltr'>Πατήρ</span> <span class='ocrx_word' id='word_1_597' title='bbox 3666 4054 3729 4088; x_wconf 81' lang='grc' dir='ltr'><strong>τε</strong></span> <span class='ocrx_word' id='word_1_598' title='bbox 3778 4042 3877 4091; x_wconf 77' lang='grc' dir='ltr'>καὶ</span> <span class='ocrx_word' id='word_1_599' title='bbox 3909 4025 3994 4104; x_wconf 56' lang='grc' dir='ltr'><strong>ετξ</strong></span> 
     </span>
    </p>
   </div>
   <div class='ocr_carea' id='block_1_86' title="bbox 2424 4089 3992 4187">
    <p class='ocr_par' dir='ltr' id='par_1_86' title="bbox 2424 4089 3992 4187">
     <span class='ocr_line' id='line_1_87' title="bbox 2424 4089 3992 4187; baseline 0.003 -32"><span class='ocrx_word' id='word_1_600' title='bbox 2424 4089 2702 4187; x_wconf 55' lang='grc' dir='ltr'>μιουργρς,</span> <span class='ocrx_word' id='word_1_601' title='bbox 2744 4101 2998 4185; x_wconf 68' lang='grc' dir='ltr'>ἀράνατοι</span> <span class='ocrx_word' id='word_1_602' title='bbox 3041 4089 3404 4187; x_wconf 37' lang='grc' dir='ltr'><strong>ρὲξνπάξῆαν</strong></span> <span class='ocrx_word' id='word_1_603' title='bbox 3424 4104 3543 4183; x_wconf 68' lang='lat' dir='ltr'><strong>~olnt</strong></span> <span class='ocrx_word' id='word_1_604' title='bbox 3569 4089 3728 4168; x_wconf 60' lang='grc' dir='ltr'>Ἑστὲ,</span> 
     </span>
    </p>
   </div>
   <div class='ocr_carea' id='block_1_87' title="bbox 2423 4169 3991 4247">
    <p class='ocr_par' dir='ltr' id='par_1_87' title="bbox 2423 4169 3991 4247">
     <span class='ocr_line' id='line_1_88' title="bbox 2423 4169 3991 4247; baseline 0.006 -27"><span class='ocrx_word' id='word_1_605' title='bbox 2423 4169 2677 4247; x_wconf 75' lang='grc' dir='ltr'>ἐγένεσθε</span> <span class='ocrx_word' id='word_1_606' title='bbox 2702 4187 2713 4199; x_wconf 89' lang='grc'><strong>·</strong></span> <span class='ocrx_word' id='word_1_607' title='bbox 2748 4169 2887 4247; x_wconf 42' lang='grc' dir='ltr'><strong>οὶῦτε⁸</strong></span> <span class='ocrx_word' id='word_1_608' title='bbox 2907 4170 3010 4238; x_wconf 84' lang='grc' dir='ltr'>μὴν</span> <span class='ocrx_word' id='word_1_609' title='bbox 3028 4170 3357 4247; x_wconf 33' lang='grc' dir='ltr'>ιλυοῄσεσοε,</span> <span class='ocrx_word' id='word_1_610' title='bbox 3378 4171 3485 4247; x_wconf 52' lang='grc' dir='ltr'><strong>τῆς</strong></span> <span class='ocrx_word' id='word_1_611' title='bbox 3512 4176 3655 4247; x_wconf 57' lang='grc' dir='ltr'><strong>ῥμῆς</strong></span> <span class='ocrx_word' id='word_1_612' title='bbox 3675 4169 3991 4247; x_wconf 67' lang='grc' dir='ltr'>βουλήσεωξ</span> 
     </span>
    </p>
   </div>
   <div class='ocr_carea' id='block_1_88' title="bbox 2423 4239 3990 4313">
    <p class='ocr_par' dir='ltr' id='par_1_88' title="bbox 2423 4239 3990 4313">
     <span class='ocr_line' id='line_1_89' title="bbox 2423 4239 3990 4313; baseline 0.008 -24"><span class='ocrx_word' id='word_1_613' title='bbox 2423 4243 2730 4313; x_wconf 50' lang='grc' dir='ltr'>κρείττονος</span> <span class='ocrx_word' id='word_1_614' title='bbox 2765 4240 2991 4290; x_wconf 76' lang='grc' dir='ltr'>Θανάτου</span> <span class='ocrx_word' id='word_1_615' title='bbox 3028 4239 3279 4307; x_wconf 82' lang='grc' dir='ltr'>λαχόντες</span> <span class='ocrx_word' id='word_1_616' title='bbox 3303 4254 3315 4266; x_wconf 74' lang='grc'><strong><em>⁸</em></strong></span> <span class='ocrx_word' id='word_1_617' title='bbox 3365 4240 3454 4293; x_wconf 86' lang='lat' dir='ltr'><strong>Dii</strong></span> <span class='ocrx_word' id='word_1_618' title='bbox 3488 4239 3728 4305; x_wconf 66' lang='lat' dir='ltr'><strong>deorum,</strong></span> <span class='ocrx_word' id='word_1_619' title='bbox 3765 4239 3990 4313; x_wconf 62' lang='lat' dir='ltr'><strong>queruli</strong></span> 
     </span>
    </p>
   </div>
   <div class='ocr_carea' id='block_1_89' title="bbox 2422 4310 3987 4383">
    <p class='ocr_par' dir='ltr' id='par_1_89' title="bbox 2422 4310 3987 4383">
     <span class='ocr_line' id='line_1_90' title="bbox 2422 4310 3987 4383; baseline 0.003 -19"><span class='ocrx_word' id='word_1_620' title='bbox 2422 4310 2475 4364; x_wconf 80' lang='lat' dir='ltr'><strong>et</strong></span> <span class='ocrx_word' id='word_1_621' title='bbox 2508 4310 2665 4383; x_wconf 79' lang='lat' dir='ltr'><strong>Pater</strong></span> <span class='ocrx_word' id='word_1_622' title='bbox 2692 4324 2783 4375; x_wconf 75' lang='lat' dir='ltr'><strong>ego</strong></span> <span class='ocrx_word' id='word_1_623' title='bbox 2837 4323 2973 4383; x_wconf 79' lang='lat' dir='ltr'><strong>sum,</strong></span> <span class='ocrx_word' id='word_1_624' title='bbox 2997 4318 3042 4358; x_wconf 88' lang='lat' dir='ltr'><strong>et</strong></span> <span class='ocrx_word' id='word_1_625' title='bbox 3058 4318 3393 4383; x_wconf 70' lang='lat' dir='ltr'><strong>procreator,</strong></span> <span class='ocrx_word' id='word_1_626' title='bbox 3416 4313 3748 4383; x_wconf 79' lang='lat' dir='ltr'><strong>ini_i_nortales</strong></span> <span class='ocrx_word' id='word_1_627' title='bbox 3778 4310 3987 4383; x_wconf 62' lang='lat' dir='ltr'><strong>quidem</strong></span> 
     </span>
    </p>
   </div>
   <div class='ocr_carea' id='block_1_90' title="bbox 2425 4378 3989 4446">
    <p class='ocr_par' dir='ltr' id='par_1_90' title="bbox 2425 4378 3989 4446">
     <span class='ocr_line' id='line_1_91' title="bbox 2425 4378 3989 4446; baseline -0.001 -15"><span class='ocrx_word' id='word_1_628' title='bbox 2425 4381 2635 4434; x_wconf 83' lang='lat' dir='ltr'><strong>omnino</strong></span> <span class='ocrx_word' id='word_1_629' title='bbox 2670 4394 2771 4429; x_wconf 86' lang='lat' dir='ltr'><strong>non</strong></span> <span class='ocrx_word' id='word_1_630' title='bbox 2804 4378 2949 4439; x_wconf 88' lang='lat' dir='ltr'><strong>estis,</strong></span> <span class='ocrx_word' id='word_1_631' title='bbox 2978 4379 3102 4443; x_wconf 80' lang='lat' dir='ltr'><strong>quia</strong></span> <span class='ocrx_word' id='word_1_632' title='bbox 3132 4380 3414 4443; x_wconf 78' lang='lat' dir='ltr'><strong>procreati.</strong></span> <span class='ocrx_word' id='word_1_633' title='bbox 3471 4379 3629 4433; x_wconf 83' lang='lat' dir='ltr'><strong>Haud</strong></span> <span class='ocrx_word' id='word_1_634' title='bbox 3661 4378 3840 4438; x_wconf 67' lang='lat' dir='ltr'><strong>tamen</strong></span> <span class='ocrx_word' id='word_1_635' title='bbox 3875 4392 3989 4446; x_wconf 64' lang='grc' dir='ltr'><strong>άδε.</strong></span> 
     </span>
    </p>
   </div>
   <div class='ocr_carea' id='block_1_91' title="bbox 2424 4447 3989 4519">
    <p class='ocr_par' dir='ltr' id='par_1_91' title="bbox 2424 4447 3989 4519">
     <span class='ocr_line' id='line_1_92' title="bbox 2424 4447 3989 4519; baseline 0.002 -20"><span class='ocrx_word' id='word_1_636' title='bbox 2424 4447 2716 4509; x_wconf 80' lang='lat' dir='ltr'><strong>solveniini,</strong></span> <span class='ocrx_word' id='word_1_637' title='bbox 2747 4451 2841 4497; x_wconf 87' lang='lat' dir='ltr'><strong>hoc</strong></span> <span class='ocrx_word' id='word_1_638' title='bbox 2866 4462 2938 4519; x_wconf 74' lang='lat' dir='ltr'><strong>ea:_</strong></span> <span class='ocrx_word' id='word_1_639' title='bbox 2965 4464 3079 4519; x_wconf 75' lang='lat' dir='ltr'><strong>mea</strong></span> <span class='ocrx_word' id='word_1_640' title='bbox 3115 4448 3417 4519; x_wconf 70' lang='lat' dir='ltr'><strong>voluntate,</strong></span> <span class='ocrx_word' id='word_1_641' title='bbox 3452 4465 3568 4516; x_wconf 78' lang='lat' dir='ltr'><strong>qua:</strong></span> <span class='ocrx_word' id='word_1_642' title='bbox 3603 4463 3779 4506; x_wconf 85' lang='lat' dir='ltr'><strong>morte</strong></span> <span class='ocrx_word' id='word_1_643' title='bbox 3800 4471 3989 4519; x_wconf 82' lang='lat' dir='ltr'><strong>poten.</strong></span> 
     </span>
    </p>
   </div>
   <div class='ocr_carea' id='block_1_92' title="bbox 2424 4515 3984 4584">
    <p class='ocr_par' dir='ltr' id='par_1_92' title="bbox 2424 4515 3984 4584">
     <span class='ocr_line' id='line_1_93' title="bbox 2424 4515 3984 4584; baseline 0.006 -13"><span class='ocrx_word' id='word_1_644' title='bbox 2424 4523 2527 4571; x_wconf 87' lang='lat' dir='ltr'><strong>tior</strong></span> <span class='ocrx_word' id='word_1_645' title='bbox 2554 4528 2650 4581; x_wconf 85' lang='lat' dir='ltr'><strong>est,</strong></span> <span class='ocrx_word' id='word_1_646' title='bbox 2678 4517 2956 4569; x_wconf 78' lang='lat' dir='ltr'><strong>consecuti.</strong></span> <span class='ocrx_word' id='word_1_647' title='bbox 2988 4516 3189 4569; x_wconf 77' lang='lat' dir='ltr'><strong>Exinde</strong></span> <span class='ocrx_word' id='word_1_648' title='bbox 3224 4515 3713 4573; x_wconf 20' lang='lat' dir='ltr'><strong>Gazmus’ostendit</strong></span> <span class='ocrx_word' id='word_1_649' title='bbox 3746 4515 3984 4584; x_wconf 81' lang='lat' dir='ltr'><strong>animam</strong></span> 
     </span>
    </p>
   </div>
   <div class='ocr_carea' id='block_1_93' title="bbox 2426 4587 3985 4659">
    <p class='ocr_par' dir='ltr' id='par_1_93' title="bbox 2426 4587 3985 4659">
     <span class='ocr_line' id='line_1_94' title="bbox 2426 4587 3985 4659; baseline 0.004 -25"><span class='ocrx_word' id='word_1_650' title='bbox 2426 4590 2744 4659; x_wconf 78' lang='lat' dir='ltr'><strong>rationalem</strong></span> <span class='ocrx_word' id='word_1_651' title='bbox 2784 4587 2946 4650; x_wconf 88' lang='lat' dir='ltr'><strong>(idem</strong></span> <span class='ocrx_word' id='word_1_652' title='bbox 2977 4588 3041 4639; x_wconf 91' lang='lat' dir='ltr'><strong>de</strong></span> <span class='ocrx_word' id='word_1_653' title='bbox 3070 4588 3277 4655; x_wconf 84' lang='lat' dir='ltr'><strong>angelis</strong></span> <span class='ocrx_word' id='word_1_654' title='bbox 3298 4588 3618 4659; x_wconf 77' lang='lat' dir='ltr'><strong>dicendum)</strong></span> <span class='ocrx_word' id='word_1_655' title='bbox 3650 4602 3852 4659; x_wconf 88' lang='lat' dir='ltr'><strong>suapte</strong></span> <span class='ocrx_word' id='word_1_656' title='bbox 3892 4616 3985 4651; x_wconf 81' lang='lat' dir='ltr'><strong>na.</strong></span> 
     </span>
    </p>
   </div>
   <div class='ocr_carea' id='block_1_94' title="bbox 2424 4654 3984 4726">
    <p class='ocr_par' dir='ltr' id='par_1_94' title="bbox 2424 4654 3984 4726">
     <span class='ocr_line' id='line_1_95' title="bbox 2424 4654 3984 4726; baseline 0.001 -15"><span class='ocrx_word' id='word_1_657' title='bbox 2424 4666 2557 4711; x_wconf 56' lang='lat' dir='ltr'><strong>turre</strong></span> <span class='ocrx_word' id='word_1_658' title='bbox 2590 4656 2913 4708; x_wconf 85' lang='lat' dir='ltr'><strong>morituram</strong></span> <span class='ocrx_word' id='word_1_659' title='bbox 2967 4671 3071 4708; x_wconf 91' lang='lat' dir='ltr'><strong>non</strong></span> <span class='ocrx_word' id='word_1_660' title='bbox 3107 4654 3250 4709; x_wconf 82' lang='lat' dir='ltr'><strong>eSse.</strong></span> <span class='ocrx_word' id='word_1_661' title='bbox 3287 4654 3388 4709; x_wconf 86' lang='lat' dir='ltr'><strong>Ille</strong></span> <span class='ocrx_word' id='word_1_662' title='bbox 3414 4658 3571 4717; x_wconf 86' lang='lat' dir='ltr'><strong>enim,</strong></span> <span class='ocrx_word' id='word_1_663' title='bbox 3603 4654 3691 4726; x_wconf 68' lang='lat' dir='ltr'><strong>qui</strong></span> <span class='ocrx_word' id='word_1_664' title='bbox 3720 4654 3778 4711; x_wconf 72' lang='lat' dir='ltr'><strong>ut</strong></span> <span class='ocrx_word' id='word_1_665' title='bbox 3815 4678 3984 4723; x_wconf 64' lang='lat' dir='ltr'><strong>esum</strong></span> 
     </span>
    </p>
   </div>
   <div class='ocr_carea' id='block_1_95' title="bbox 2423 4727 3985 4804">
    <p class='ocr_par' dir='ltr' id='par_1_95' title="bbox 2423 4727 3985 4804">
     <span class='ocr_line' id='line_1_96' title="bbox 2423 4727 3985 4804; baseline 0.001 -24"><span class='ocrx_word' id='word_1_666' title='bbox 2423 4729 2645 4797; x_wconf 87' lang='lat' dir='ltr'><strong>largitus</strong></span> <span class='ocrx_word' id='word_1_667' title='bbox 2672 4734 2770 4787; x_wconf 84' lang='lat' dir='ltr'><strong>est,</strong></span> <span class='ocrx_word' id='word_1_668' title='bbox 2809 4727 3223 4804; x_wconf 74' lang='lat' dir='ltr'><strong>inqtiit_,_anintis</strong></span> <span class='ocrx_word' id='word_1_669' title='bbox 3267 4730 3463 4804; x_wconf 78' lang='lat' dir='ltr'><strong>nostris</strong></span> <span class='ocrx_word' id='word_1_670' title='bbox 3496 4731 3751 4804; x_wconf 70' lang='lat' dir='ltr'><strong>concessit</strong></span> <span class='ocrx_word' id='word_1_671' title='bbox 3780 4749 3985 4804; x_wconf 60' lang='lat' dir='ltr'><strong>quoque</strong></span> 
     </span>
    </p>
   </div>
   <div class='ocr_carea' id='block_1_96' title="bbox 2422 4793 3986 4864">
    <p class='ocr_par' dir='ltr' id='par_1_96' title="bbox 2422 4793 3986 4864">
     <span class='ocr_line' id='line_1_97' title="bbox 2422 4793 3986 4864; baseline 0.006 -15"><span class='ocrx_word' id='word_1_672' title='bbox 2422 4806 2479 4849; x_wconf 88' lang='lat' dir='ltr'><strong>nt</strong></span> <span class='ocrx_word' id='word_1_673' title='bbox 2509 4793 2717 4862; x_wconf 65' lang='lat' dir='ltr'><strong>semper</strong></span> <span class='ocrx_word' id='word_1_674' title='bbox 2747 4805 2937 4847; x_wconf 81' lang='lat' dir='ltr'><strong>essent.</strong></span> <span class='ocrx_word' id='word_1_675' title='bbox 2969 4794 3216 4863; x_wconf 81' lang='lat' dir='ltr'><strong>Illudqne</strong></span> <span class='ocrx_word' id='word_1_676' title='bbox 3258 4793 3457 4847; x_wconf 84' lang='lat' dir='ltr'><strong>donum</strong></span> <span class='ocrx_word' id='word_1_677' title='bbox 3494 4798 3608 4863; x_wconf 83' lang='lat' dir='ltr'><strong>ipsa</strong></span> <span class='ocrx_word' id='word_1_678' title='bbox 3634 4799 3753 4864; x_wconf 85' lang='lat' dir='ltr'><strong>jam</strong></span> <span class='ocrx_word' id='word_1_679' title='bbox 3787 4793 3986 4857; x_wconf 62' lang='lat' dir='ltr'><strong>natura</strong></span> 
     </span>
    </p>
   </div>
   <div class='ocr_carea' id='block_1_97' title="bbox 2421 4864 3984 4941">
    <p class='ocr_par' dir='ltr' id='par_1_97' title="bbox 2421 4864 3984 4941">
     <span class='ocr_line' id='line_1_98' title="bbox 2421 4864 3984 4941; baseline 0.004 -20"><span class='ocrx_word' id='word_1_680' title='bbox 2421 4877 2525 4941; x_wconf 69' lang='lat' dir='ltr'><strong>est.</strong></span> <span class='ocrx_word' id='word_1_681' title='bbox 2556 4867 2766 4941; x_wconf 80' lang='lat' dir='ltr'><strong>Habent</strong></span> <span class='ocrx_word' id='word_1_682' title='bbox 2798 4866 2966 4941; x_wconf 80' lang='lat' dir='ltr'><strong>igitur</strong></span> <span class='ocrx_word' id='word_1_683' title='bbox 2997 4864 3179 4941; x_wconf 79' lang='lat' dir='ltr'><strong>angeli</strong></span> <span class='ocrx_word' id='word_1_684' title='bbox 3224 4864 3276 4915; x_wconf 93' lang='lat' dir='ltr'><strong>in</strong></span> <span class='ocrx_word' id='word_1_685' title='bbox 3310 4867 3542 4941; x_wconf 77' lang='lat' dir='ltr'><strong>seipsis,</strong></span> <span class='ocrx_word' id='word_1_686' title='bbox 3596 4876 3653 4918; x_wconf 93' lang='lat' dir='ltr'><strong>nt</strong></span> <span class='ocrx_word' id='word_1_687' title='bbox 3686 4876 3755 4921; x_wconf 80' lang='lat' dir='ltr'><strong>et.</strong></span> <span class='ocrx_word' id='word_1_688' title='bbox 3796 4876 3984 4941; x_wconf 84' lang='lat' dir='ltr'><strong>anima</strong></span> 
     </span>
    </p>
   </div>
   <div class='ocr_carea' id='block_1_98' title="bbox 2384 4935 3984 5010">
    <p class='ocr_par' dir='ltr' id='par_1_98' title="bbox 2384 4935 3984 5010">
     <span class='ocr_line' id='line_1_99' title="bbox 2384 4935 3984 5010; baseline 0.004 -22"><span class='ocrx_word' id='word_1_689' title='bbox 2384 4951 2397 4967; x_wconf 87' lang='grc'><strong>·</strong></span> <span class='ocrx_word' id='word_1_690' title='bbox 2422 4936 2736 5010; x_wconf 73' lang='lat' dir='ltr'><strong>rationalis,</strong></span> <span class='ocrx_word' id='word_1_691' title='bbox 2776 4950 2884 5002; x_wconf 87' lang='lat' dir='ltr'><strong>quo</strong></span> <span class='ocrx_word' id='word_1_692' title='bbox 2913 4935 3247 4987; x_wconf 87' lang='lat' dir='ltr'><strong>immortales</strong></span> <span class='ocrx_word' id='word_1_693' title='bbox 3279 4936 3407 4993; x_wconf 80' lang='lat' dir='ltr'><strong>sint.</strong></span> <span class='ocrx_word' id='word_1_694' title='bbox 3437 4939 3639 5010; x_wconf 81' lang='lat' dir='ltr'><strong>quippe</strong></span> <span class='ocrx_word' id='word_1_695' title='bbox 3670 4952 3796 5010; x_wconf 85' lang='lat' dir='ltr'><strong>cum</strong></span> <span class='ocrx_word' id='word_1_696' title='bbox 3826 4936 3984 5010; x_wconf 59' lang='lat' dir='ltr'><strong>ejus-</strong></span> 
     </span>
    </p>
   </div>
   <div class='ocr_carea' id='block_1_99' title="bbox 2425 5006 3987 5067">
    <p class='ocr_par' dir='ltr' id='par_1_99' title="bbox 2425 5006 3987 5067">
     <span class='ocr_line' id='line_1_100' title="bbox 2425 5006 3987 5067; baseline 0.006 -10"><span class='ocrx_word' id='word_1_697' title='bbox 2425 5007 2571 5058; x_wconf 88' lang='lat' dir='ltr'><strong>modi</strong></span> <span class='ocrx_word' id='word_1_698' title='bbox 2627 5013 2876 5057; x_wconf 86' lang='lat' dir='ltr'><strong>naturain</strong></span> <span class='ocrx_word' id='word_1_699' title='bbox 2918 5019 2945 5055; x_wconf 77' lang='grc' dir='ltr'><strong>τι</strong></span> <span class='ocrx_word' id='word_1_700' title='bbox 2992 5019 3173 5057; x_wconf 87' lang='lat' dir='ltr'><strong>rerttm</strong></span> <span class='ocrx_word' id='word_1_701' title='bbox 3227 5015 3455 5057; x_wconf 86' lang='lat' dir='ltr'><strong>auctore</strong></span> <span class='ocrx_word' id='word_1_702' title='bbox 3506 5006 3683 5058; x_wconf 85' lang='lat' dir='ltr'><strong>sortiti</strong></span> <span class='ocrx_word' id='word_1_703' title='bbox 3735 5006 3876 5064; x_wconf 59' lang='lat' dir='ltr'><strong>sint:</strong></span> <span class='ocrx_word' id='word_1_704' title='bbox 3933 5012 3987 5067; x_wconf 89' lang='lat' dir='ltr'><strong>Id</strong></span> 
     </span>
    </p>
   </div>
   <div class='ocr_carea' id='block_1_100' title="bbox 2424 5073 3986 5144">
    <p class='ocr_par' dir='ltr' id='par_1_100' title="bbox 2424 5073 3986 5144">
     <span class='ocr_line' id='line_1_101' title="bbox 2424 5073 3986 5144; baseline 0.004 -18"><span class='ocrx_word' id='word_1_705' title='bbox 2424 5077 2564 5144; x_wconf 87' lang='lat' dir='ltr'><strong>quod</strong></span> <span class='ocrx_word' id='word_1_706' title='bbox 2594 5076 2780 5143; x_wconf 88' lang='lat' dir='ltr'><strong>paucis</strong></span> <span class='ocrx_word' id='word_1_707' title='bbox 2815 5074 2996 5127; x_wconf 84' lang='lat' dir='ltr'><strong>verbis</strong></span> <span class='ocrx_word' id='word_1_708' title='bbox 3046 5074 3293 5144; x_wconf 86' lang='lat' dir='ltr'><strong>enuntiat</strong></span> <span class='ocrx_word' id='word_1_709' title='bbox 3325 5073 3664 5142; x_wconf 70' lang='lat' dir='ltr'><strong>Nic-ephorus</strong></span> <span class='ocrx_word' id='word_1_710' title='bbox 3712 5076 3817 5131; x_wconf 90' lang='lat' dir='ltr'><strong>CP.</strong></span> <span class='ocrx_word' id='word_1_711' title='bbox 3860 5084 3986 5135; x_wconf 85' lang='lat' dir='ltr'><strong>loco</strong></span> 
     </span>
    </p>
   </div>
   <div class='ocr_carea' id='block_1_101' title="bbox 771 5141 3987 5221">
    <p class='ocr_par' dir='ltr' id='par_1_101' title="bbox 771 5141 3987 5221">
     <span class='ocr_line' id='line_1_102' title="bbox 771 5141 3987 5221; baseline 0.002 -27"><span class='ocrx_word' id='word_1_712' title='bbox 771 5149 880 5200; x_wconf 87' lang='lat' dir='ltr'><strong>tur.</strong></span> <span class='ocrx_word' id='word_1_713' title='bbox 912 5141 1005 5193; x_wconf 88' lang='lat' dir='ltr'><strong>sed</strong></span> <span class='ocrx_word' id='word_1_714' title='bbox 1034 5148 1294 5193; x_wconf 82' lang='lat' dir='ltr'><strong>extraneo</strong></span> <span class='ocrx_word' id='word_1_715' title='bbox 1324 5148 1377 5193; x_wconf 94' lang='lat' dir='ltr'><strong>et</strong></span> <span class='ocrx_word' id='word_1_716' title='bbox 1404 5143 1592 5221; x_wconf 77' lang='lat' dir='ltr'><strong>orbico</strong></span> <span class='ocrx_word' id='word_1_717' title='bbox 1630 5145 1928 5221; x_wconf 72' lang='lat' dir='ltr'><strong>impellitur</strong></span> <span class='ocrx_word' id='word_1_718' title='bbox 1964 5154 2134 5221; x_wconf 80' lang='lat' dir='ltr'><strong>motu.</strong></span> <span class='ocrx_word' id='word_1_719' title='bbox 2168 5143 2318 5198; x_wconf 91' lang='lat' dir='ltr'><strong>Istud</strong></span> <span class='ocrx_word' id='word_1_720' title='bbox 2352 5163 2394 5217; x_wconf 77' lang='grc' dir='ltr'>υ</span> <span class='ocrx_word' id='word_1_721' title='bbox 2424 5141 2662 5221; x_wconf 64' lang='lat' dir='ltr'><strong>antehae</strong></span> <span class='ocrx_word' id='word_1_722' title='bbox 2689 5146 2856 5199; x_wconf 87' lang='lat' dir='ltr'><strong>citato</strong></span> <span class='ocrx_word' id='word_1_723' title='bbox 2891 5144 3021 5221; x_wconf 42' lang='lat' dir='ltr'><strong>:\_&#39;l‘ﬁ</strong></span> <span class='ocrx_word' id='word_1_724' title='bbox 3051 5142 3208 5221; x_wconf 69' lang='grc' dir='ltr'>ερύσει</span> <span class='ocrx_word' id='word_1_725' title='bbox 3234 5146 3299 5212; x_wconf 86' lang='grc' dir='ltr'>τῇ</span> <span class='ocrx_word' id='word_1_726' title='bbox 3340 5141 3549 5221; x_wconf 78' lang='grc' dir='ltr'>ἑαυτῶν</span> <span class='ocrx_word' id='word_1_727' title='bbox 3589 5145 3648 5197; x_wconf 83' lang='grc' dir='ltr'><strong>τὸ</strong></span> <span class='ocrx_word' id='word_1_728' title='bbox 3674 5147 3987 5221; x_wconf 71' lang='grc' dir='ltr'>ἀνώλεθρον</span> 
     </span>
    </p>
   </div>
   <div class='ocr_carea' id='block_1_102' title="bbox 768 5212 2318 5281">
    <p class='ocr_par' dir='ltr' id='par_1_102' title="bbox 768 5212 2318 5281">
     <span class='ocr_line' id='line_1_103' title="bbox 768 5212 2318 5281; baseline 0.002 -17"><span class='ocrx_word' id='word_1_729' title='bbox 768 5225 929 5281; x_wconf 90' lang='lat' dir='ltr'><strong>porro</strong></span> <span class='ocrx_word' id='word_1_730' title='bbox 967 5225 1164 5279; x_wconf 91' lang='lat' dir='ltr'><strong>corpus</strong></span> <span class='ocrx_word' id='word_1_731' title='bbox 1215 5212 1416 5281; x_wconf 70' lang='lat' dir='ltr'><strong>moveri</strong></span> <span class='ocrx_word' id='word_1_732' title='bbox 1467 5212 1684 5265; x_wconf 88' lang='lat' dir='ltr'><strong>tandem</strong></span> <span class='ocrx_word' id='word_1_733' title='bbox 1712 5212 1955 5275; x_wconf 84' lang='lat' dir='ltr'><strong>desinit,</strong></span> <span class='ocrx_word' id='word_1_734' title='bbox 1990 5214 2092 5265; x_wconf 90' lang='lat' dir='ltr'><strong>uisi</strong></span> <span class='ocrx_word' id='word_1_735' title='bbox 2143 5228 2318 5267; x_wconf 89' lang='lat' dir='ltr'><strong>novus</strong></span> 
     </span>
    </p>
   </div>
   <div class='ocr_carea' id='block_1_103' title="bbox 769 5279 2325 5351">
    <p class='ocr_par' dir='ltr' id='par_1_103' title="bbox 769 5279 2325 5351">
     <span class='ocr_line' id='line_1_104' title="bbox 769 5279 2325 5351; baseline 0.003 -19"><span class='ocrx_word' id='word_1_736' title='bbox 769 5279 947 5333; x_wconf 88' lang='lat' dir='ltr'><strong>inotns</strong></span> <span class='ocrx_word' id='word_1_737' title='bbox 975 5283 1240 5333; x_wconf 86' lang='lat' dir='ltr'><strong>addatur:</strong></span> <span class='ocrx_word' id='word_1_738' title='bbox 1269 5279 1344 5332; x_wconf 85' lang='lat' dir='ltr'><strong>Eo</strong></span> <span class='ocrx_word' id='word_1_739' title='bbox 1371 5281 1580 5346; x_wconf 82' lang='lat' dir='ltr'><strong>perinde</strong></span> <span class='ocrx_word' id='word_1_740' title='bbox 1607 5284 1754 5334; x_wconf 84' lang='lat' dir='ltr'><strong>modo</strong></span> <span class='ocrx_word' id='word_1_741' title='bbox 1783 5283 1953 5351; x_wconf 83' lang='lat' dir='ltr'><strong>anchi</strong></span> <span class='ocrx_word' id='word_1_742' title='bbox 2008 5283 2157 5335; x_wconf 75' lang='lat' dir='ltr'><strong>vitali</strong></span> <span class='ocrx_word' id='word_1_743' title='bbox 2180 5293 2325 5336; x_wconf 85' lang='lat' dir='ltr'><strong>motu</strong></span> 
     </span>
    </p>
   </div>
   <div class='ocr_carea' id='block_1_104' title="bbox 768 5350 2324 5415">
    <p class='ocr_par' dir='ltr' id='par_1_104' title="bbox 768 5350 2324 5415">
     <span class='ocr_line' id='line_1_105' title="bbox 768 5350 2324 5415; baseline 0.004 -15"><span class='ocrx_word' id='word_1_744' title='bbox 768 5351 1033 5410; x_wconf 82' lang='lat' dir='ltr'><strong>instructi,</strong></span> <span class='ocrx_word' id='word_1_745' title='bbox 1065 5366 1183 5402; x_wconf 88' lang='lat' dir='ltr'><strong>cum</strong></span> <span class='ocrx_word' id='word_1_746' title='bbox 1218 5350 1283 5400; x_wconf 84' lang='lat' dir='ltr'><strong>ad</strong></span> <span class='ocrx_word' id='word_1_747' title='bbox 1327 5352 1617 5403; x_wconf 83' lang='lat' dir='ltr'><strong>naturalem</strong></span> <span class='ocrx_word' id='word_1_748' title='bbox 1650 5350 1970 5405; x_wconf 76' lang='lat' dir='ltr'><strong>exsistantiw</strong></span> <span class='ocrx_word' id='word_1_749' title='bbox 2013 5369 2121 5405; x_wconf 73' lang='lat' dir='ltr'><strong>sua:</strong></span> <span class='ocrx_word' id='word_1_750' title='bbox 2149 5356 2324 5415; x_wconf 73' lang='lat' dir='ltr'><strong>termi-</strong></span> 
     </span>
    </p>
   </div>
   <div class='ocr_carea' id='block_1_105' title="bbox 768 5422 2324 5488">
    <p class='ocr_par' dir='ltr' id='par_1_105' title="bbox 768 5422 2324 5488">
     <span class='ocr_line' id='line_1_106' title="bbox 768 5422 2324 5488; baseline 0.002 -15"><span class='ocrx_word' id='word_1_751' title='bbox 768 5434 893 5473; x_wconf 74' lang='lat' dir='ltr'><strong>num</strong></span> <span class='ocrx_word' id='word_1_752' title='bbox 929 5422 1246 5488; x_wconf 74' lang='lat' dir='ltr'><strong>pertingant,</strong></span> <span class='ocrx_word' id='word_1_753' title='bbox 1276 5437 1481 5472; x_wconf 85' lang='lat' dir='ltr'><strong>rursum</strong></span> <span class='ocrx_word' id='word_1_754' title='bbox 1506 5423 1703 5488; x_wconf 86' lang='lat' dir='ltr'><strong>opi/icis</strong></span> <span class='ocrx_word' id='word_1_755' title='bbox 1728 5423 1903 5487; x_wconf 84' lang='lat' dir='ltr'><strong>jussu.</strong></span> <span class='ocrx_word' id='word_1_756' title='bbox 1942 5422 2148 5475; x_wconf 83' lang='lat' dir='ltr'><strong>vitalem</strong></span> <span class='ocrx_word' id='word_1_757' title='bbox 2172 5424 2324 5476; x_wconf 87' lang='lat' dir='ltr'><strong>illum</strong></span> 
     </span>
    </p>
   </div>
   <div class='ocr_carea' id='block_1_106' title="bbox 771 5488 2317 5561">
    <p class='ocr_par' dir='ltr' id='par_1_106' title="bbox 771 5488 2317 5561">
     <span class='ocr_line' id='line_1_107' title="bbox 771 5488 2317 5561; baseline 0.004 -24"><span class='ocrx_word' id='word_1_758' title='bbox 771 5499 965 5561; x_wconf 85' lang='lat' dir='ltr'><strong>motum</strong></span> <span class='ocrx_word' id='word_1_759' title='bbox 995 5491 1260 5561; x_wconf 82' lang='lat' dir='ltr'><strong>inc/want,</strong></span> <span class='ocrx_word' id='word_1_760' title='bbox 1287 5491 1629 5557; x_wconf 85' lang='lat' dir='ltr'><strong>subindeque</strong></span> <span class='ocrx_word' id='word_1_761' title='bbox 1661 5493 1819 5544; x_wconf 83' lang='grc' dir='ltr'>πάλιν</span> <span class='ocrx_word' id='word_1_762' title='bbox 1860 5492 2115 5561; x_wconf 76' lang='grc' dir='ltr'>ἄρχονται</span> <span class='ocrx_word' id='word_1_763' title='bbox 2155 5488 2317 5558; x_wconf 85' lang='grc' dir='ltr'>εἶναι,</span> 
     </span>
    </p>
   </div>
   <div class='ocr_carea' id='block_1_107' title="bbox 772 5559 2319 5627">
    <p class='ocr_par' dir='ltr' id='par_1_107' title="bbox 772 5559 2319 5627">
     <span class='ocr_line' id='line_1_108' title="bbox 772 5559 2319 5627; baseline 0.006 -20"><span class='ocrx_word' id='word_1_764' title='bbox 772 5559 861 5607; x_wconf 82' lang='grc' dir='ltr'>καὶ</span> <span class='ocrx_word' id='word_1_765' title='bbox 894 5559 1348 5622; x_wconf 80' lang='grc' dir='ltr'>ἁνακαινίζονται,</span> <span class='ocrx_word' id='word_1_766' title='bbox 1384 5561 1572 5612; x_wconf 86' lang='lat' dir='ltr'><strong>iterato</strong></span> <span class='ocrx_word' id='word_1_767' title='bbox 1611 5577 1721 5614; x_wconf 80' lang='lat' dir='ltr'><strong>esse</strong></span> <span class='ocrx_word' id='word_1_768' title='bbox 1765 5559 2037 5627; x_wconf 81' lang='lat' dir='ltr'><strong>incipiunt,</strong></span> <span class='ocrx_word' id='word_1_769' title='bbox 2082 5571 2131 5614; x_wconf 86' lang='lat' dir='ltr'><strong>et</strong></span> <span class='ocrx_word' id='word_1_770' title='bbox 2166 5578 2319 5627; x_wconf 80' lang='lat' dir='ltr'><strong>reno-</strong></span> 
     </span>
    </p>
   </div>
   <div class='ocr_carea' id='block_1_108' title="bbox 773 5626 2312 5695">
    <p class='ocr_par' dir='ltr' id='par_1_108' title="bbox 773 5626 2312 5695">
     <span class='ocr_line' id='line_1_109' title="bbox 773 5626 2312 5695; baseline 0.005 -18"><span class='ocrx_word' id='word_1_771' title='bbox 773 5635 975 5678; x_wconf 81' lang='lat' dir='ltr'><strong>vantur.</strong></span> <span class='ocrx_word' id='word_1_772' title='bbox 1028 5629 1226 5682; x_wconf 64' lang='lat' dir='ltr'><strong>Alneas</strong></span> <span class='ocrx_word' id='word_1_773' title='bbox 1256 5628 1501 5691; x_wconf 49' lang='lat' dir='ltr'><strong>Gazae-ns,</strong></span> <span class='ocrx_word' id='word_1_774' title='bbox 1533 5633 1736 5684; x_wconf 84' lang='lat' dir='ltr'><strong>veritus</strong></span> <span class='ocrx_word' id='word_1_775' title='bbox 1790 5626 1873 5684; x_wconf 88' lang='lat' dir='ltr'><strong>ne</strong></span> <span class='ocrx_word' id='word_1_776' title='bbox 1909 5626 2031 5683; x_wconf 9' lang='lat' dir='ltr'><strong>hac,</strong></span> <span class='ocrx_word' id='word_1_777' title='bbox 2066 5626 2312 5695; x_wconf 77' lang='lat' dir='ltr'><strong>doctrina</strong></span> 
     </span>
    </p>
   </div>
   <div class='ocr_carea' id='block_1_109' title="bbox 770 5696 2310 5767">
    <p class='ocr_par' dir='ltr' id='par_1_109' title="bbox 770 5696 2310 5767">
     <span class='ocr_line' id='line_1_110' title="bbox 770 5696 2310 5767; baseline 0.005 -21"><span class='ocrx_word' id='word_1_778' title='bbox 770 5696 1162 5767; x_wconf 76' lang='lat' dir='ltr'><strong>immortalitati</strong></span> <span class='ocrx_word' id='word_1_779' title='bbox 1237 5700 1542 5752; x_wconf 87' lang='lat' dir='ltr'><strong>animorum</strong></span> <span class='ocrx_word' id='word_1_780' title='bbox 1614 5702 2310 5767; x_wconf 86' lang='lat' dir='ltr'><strong>nonnihildetraheretur,</strong></span> 
     </span>
    </p>
   </div>
   <div class='ocr_carea' id='block_1_110' title="bbox 772 5763 2313 5839">
    <p class='ocr_par' dir='ltr' id='par_1_110' title="bbox 772 5763 2313 5839">
     <span class='ocr_line' id='line_1_111' title="bbox 772 5763 2313 5839; baseline 0.002 -17"><span class='ocrx_word' id='word_1_781' title='bbox 772 5763 903 5822; x_wconf 67' lang='lat' dir='ltr'><strong>illud</strong></span> <span class='ocrx_word' id='word_1_782' title='bbox 933 5766 1278 5835; x_wconf 85' lang='lat' dir='ltr'><strong>principium,</strong></span> <span class='ocrx_word' id='word_1_783' title='bbox 1311 5785 1456 5823; x_wconf 86' lang='lat' dir='ltr'><strong>omne</strong></span> <span class='ocrx_word' id='word_1_784' title='bbox 1490 5769 1624 5839; x_wconf 84' lang='lat' dir='ltr'><strong>quod</strong></span> <span class='ocrx_word' id='word_1_785' title='bbox 1651 5788 1761 5826; x_wconf 82' lang='lat' dir='ltr'><strong>csse</strong></span> <span class='ocrx_word' id='word_1_786' title='bbox 1798 5772 2005 5839; x_wconf 71' lang='lat' dir='ltr'><strong>incepit,</strong></span> <span class='ocrx_word' id='word_1_787' title='bbox 2035 5763 2313 5826; x_wconf 73' lang='lat' dir='ltr'><strong>obnoxium</strong></span> 
     </span>
    </p>
   </div>
   <div class='ocr_carea' id='block_1_111' title="bbox 2424 5212 3989 5289">
    <p class='ocr_par' dir='ltr' id='par_1_111' title="bbox 2424 5212 3989 5289">
     <span class='ocr_line' id='line_1_112' title="bbox 2424 5212 3989 5289; baseline 0.003 -25"><span class='ocrx_word' id='word_1_788' title='bbox 2424 5215 2519 5289; x_wconf 74' lang='grc' dir='ltr'><strong>καὶ</strong></span> <span class='ocrx_word' id='word_1_789' title='bbox 2565 5213 2832 5289; x_wconf 68' lang='grc' dir='ltr'>ἀθάνατον</span> <span class='ocrx_word' id='word_1_790' title='bbox 2880 5216 2947 5283; x_wconf 84' lang='grc' dir='ltr'>τῇ</span> <span class='ocrx_word' id='word_1_791' title='bbox 2995 5212 3089 5263; x_wconf 79' lang='grc' dir='ltr'>τοῦ</span> <span class='ocrx_word' id='word_1_792' title='bbox 3134 5214 3633 5289; x_wconf 64' lang='grc' dir='ltr'>δημιουργήσαντος</span> <span class='ocrx_word' id='word_1_793' title='bbox 3686 5212 3989 5289; x_wconf 55' lang='grc' dir='ltr'>κέκτηνται</span> 
     </span>
    </p>
   </div>
   <div class='ocr_carea' id='block_1_112' title="bbox 2425 5281 3987 5353">
    <p class='ocr_par' dir='ltr' id='par_1_112' title="bbox 2425 5281 3987 5353">
     <span class='ocr_line' id='line_1_113' title="bbox 2425 5281 3987 5353; baseline 0.005 -19"><span class='ocrx_word' id='word_1_794' title='bbox 2425 5286 2603 5353; x_wconf 80' lang='grc' dir='ltr'>χάριτι</span> <span class='ocrx_word' id='word_1_795' title='bbox 2622 5300 2635 5311; x_wconf 87' lang='grc'><strong>·</strong></span> <span class='ocrx_word' id='word_1_796' title='bbox 2676 5281 2742 5334; x_wconf 83' lang='lat' dir='ltr'><strong>Ut</strong></span> <span class='ocrx_word' id='word_1_797' title='bbox 2774 5281 2965 5335; x_wconf 81' lang='lat' dir='ltr'><strong>natura</strong></span> <span class='ocrx_word' id='word_1_798' title='bbox 2989 5298 3085 5336; x_wconf 76' lang='lat' dir='ltr'><strong>sua</strong></span> <span class='ocrx_word' id='word_1_799' title='bbox 3114 5299 3203 5335; x_wconf 89' lang='lat' dir='ltr'><strong>nec</strong></span> <span class='ocrx_word' id='word_1_800' title='bbox 3227 5281 3461 5335; x_wconf 77' lang='lat' dir='ltr'><strong>interimi</strong></span> <span class='ocrx_word' id='word_1_801' title='bbox 3491 5299 3580 5335; x_wconf 83' lang='lat' dir='ltr'><strong>nec</strong></span> <span class='ocrx_word' id='word_1_802' title='bbox 3612 5288 3769 5337; x_wconf 86' lang='lat' dir='ltr'><strong>morti</strong></span> <span class='ocrx_word' id='word_1_803' title='bbox 3794 5281 3987 5343; x_wconf 56' lang='lat' dir='ltr'><strong>subes-</strong></span> 
     </span>
    </p>
   </div>
   <div class='ocr_carea' id='block_1_113' title="bbox 2422 5353 3991 5421">
    <p class='ocr_par' dir='ltr' id='par_1_113' title="bbox 2422 5353 3991 5421">
     <span class='ocr_line' id='line_1_114' title="bbox 2422 5353 3991 5421; baseline 0.004 -15"><span class='ocrx_word' id='word_1_804' title='bbox 2422 5358 2557 5415; x_wconf 76' lang='lat' dir='ltr'><strong>sént,</strong></span> <span class='ocrx_word' id='word_1_805' title='bbox 2592 5355 2878 5406; x_wconf 78' lang='lat' dir='ltr'><strong>conditoris</strong></span> <span class='ocrx_word' id='word_1_806' title='bbox 2917 5369 3087 5404; x_wconf 86' lang='lat' dir='ltr'><strong>rerum</strong></span> <span class='ocrx_word' id='word_1_807' title='bbox 3142 5353 3317 5421; x_wconf 86' lang='lat' dir='ltr'><strong>gratia</strong></span> <span class='ocrx_word' id='word_1_808' title='bbox 3363 5353 3504 5405; x_wconf 78' lang='lat' dir='ltr'><strong>nacti</strong></span> <span class='ocrx_word' id='word_1_809' title='bbox 3564 5366 3703 5407; x_wconf 87' lang='lat' dir='ltr'><strong>sunt.</strong></span> <span class='ocrx_word' id='word_1_810' title='bbox 3746 5354 3991 5414; x_wconf 78' lang='lat' dir='ltr'><strong>Naturas</strong></span> 
     </span>
    </p>
   </div>
   <div class='ocr_carea' id='block_1_114' title="bbox 2422 5421 3991 5486">
    <p class='ocr_par' dir='ltr' id='par_1_114' title="bbox 2422 5421 3991 5486">
     <span class='ocr_line' id='line_1_115' title="bbox 2422 5421 3991 5486; baseline 0.003 -12"><span class='ocrx_word' id='word_1_811' title='bbox 2422 5426 2703 5477; x_wconf 86' lang='lat' dir='ltr'><strong>voluntate</strong></span> <span class='ocrx_word' id='word_1_812' title='bbox 2730 5431 2784 5476; x_wconf 91' lang='lat' dir='ltr'><strong>et</strong></span> <span class='ocrx_word' id='word_1_813' title='bbox 2810 5423 3036 5476; x_wconf 85' lang='lat' dir='ltr'><strong>arbitrio</strong></span> <span class='ocrx_word' id='word_1_814' title='bbox 3089 5421 3179 5475; x_wconf 88' lang='lat' dir='ltr'><strong>Dei</strong></span> <span class='ocrx_word' id='word_1_815' title='bbox 3215 5423 3468 5477; x_wconf 85' lang='lat' dir='ltr'><strong>delinitas</strong></span> <span class='ocrx_word' id='word_1_816' title='bbox 3510 5439 3654 5486; x_wconf 82' lang='lat' dir='ltr'><strong>esse,</strong></span> <span class='ocrx_word' id='word_1_817' title='bbox 3688 5422 3991 5482; x_wconf 80' lang='lat' dir='ltr'><strong>Damasce-</strong></span> 
     </span>
    </p>
   </div>
   <div class='ocr_carea' id='block_1_115' title="bbox 2425 5492 3988 5565">
    <p class='ocr_par' dir='ltr' id='par_1_115' title="bbox 2425 5492 3988 5565">
     <span class='ocr_line' id='line_1_116' title="bbox 2425 5492 3988 5565; baseline 0.003 -20"><span class='ocrx_word' id='word_1_818' title='bbox 2425 5508 2529 5547; x_wconf 91' lang='lat' dir='ltr'><strong>ntts</strong></span> <span class='ocrx_word' id='word_1_819' title='bbox 2568 5493 2732 5565; x_wconf 78' lang='lat' dir='ltr'><strong>intra,</strong></span> <span class='ocrx_word' id='word_1_820' title='bbox 2764 5508 2887 5561; x_wconf 87' lang='lat' dir='ltr'><strong>cap.</strong></span> <span class='ocrx_word' id='word_1_821' title='bbox 2916 5492 3006 5553; x_wconf 72' lang='grc'><strong>12,</strong></span> <span class='ocrx_word' id='word_1_822' title='bbox 3034 5493 3297 5565; x_wconf 84' lang='lat' dir='ltr'><strong>declarat,</strong></span> <span class='ocrx_word' id='word_1_823' title='bbox 3332 5506 3397 5545; x_wconf 81' lang='lat' dir='ltr'><strong>ex</strong></span> <span class='ocrx_word' id='word_1_824' title='bbox 3443 5496 3717 5547; x_wconf 87' lang='lat' dir='ltr'><strong>communi</strong></span> <span class='ocrx_word' id='word_1_825' title='bbox 3755 5493 3988 5552; x_wconf 79' lang='lat' dir='ltr'><strong>Patrum</strong></span> 
     </span>
    </p>
   </div>
   <div class='ocr_carea' id='block_1_116' title="bbox 2421 5563 2713 5616">
    <p class='ocr_par' dir='ltr' id='par_1_116' title="bbox 2421 5563 2713 5616">
     <span class='ocr_line' id='line_1_117' title="bbox 2421 5563 2713 5616; baseline -0.01 0"><span class='ocrx_word' id='word_1_826' title='bbox 2421 5563 2713 5616; x_wconf 89' lang='lat' dir='ltr'><strong>sententia.</strong></span> 
     </span>
    </p>
   </div>
   <div class='ocr_carea' id='block_1_117' title="bbox 2495 5631 3992 5700">
    <p class='ocr_par' dir='ltr' id='par_1_117' title="bbox 2495 5631 3992 5700">
     <span class='ocr_line' id='line_1_118' title="bbox 2495 5631 3992 5700; baseline 0.003 -16"><span class='ocrx_word' id='word_1_827' title='bbox 2495 5632 2606 5700; x_wconf 77' lang='grc'><strong>(49)</strong></span> <span class='ocrx_word' id='word_1_828' title='bbox 2637 5632 2797 5686; x_wconf 74' lang='grc' dir='ltr'><strong>Ἀλλ’</strong></span> <span class='ocrx_word' id='word_1_829' title='bbox 2820 5632 2966 5684; x_wconf 75' lang='grc' dir='ltr'>ἄνευ</span> <span class='ocrx_word' id='word_1_830' title='bbox 2994 5635 3178 5700; x_wconf 72' lang='grc' dir='ltr'>,λόγου</span> <span class='ocrx_word' id='word_1_831' title='bbox 3209 5631 3588 5699; x_wconf 70' lang='grc' dir='ltr'>προφορικοῦ.</span> <span class='ocrx_word' id='word_1_832' title='bbox 3610 5632 3709 5687; x_wconf 87' lang='lat' dir='ltr'><strong>Sed</strong></span> <span class='ocrx_word' id='word_1_833' title='bbox 3727 5636 3843 5687; x_wconf 69' lang='lat' dir='ltr'><strong>sine</strong></span> <span class='ocrx_word' id='word_1_834' title='bbox 3876 5638 3992 5690; x_wconf 74' lang='lat' dir='ltr'><strong>ulla</strong></span> 
     </span>
    </p>
   </div>
   <div class='ocr_carea' id='block_1_118' title="bbox 2422 5701 3992 5773">
    <p class='ocr_par' dir='ltr' id='par_1_118' title="bbox 2422 5701 3992 5773">
     <span class='ocr_line' id='line_1_119' title="bbox 2422 5701 3992 5773; baseline 0.002 -19"><span class='ocrx_word' id='word_1_835' title='bbox 2422 5702 2618 5767; x_wconf 82' lang='lat' dir='ltr'><strong>prolati</strong></span> <span class='ocrx_word' id='word_1_836' title='bbox 2659 5703 2915 5773; x_wconf 83' lang='lat' dir='ltr'><strong>sermonis</strong></span> <span class='ocrx_word' id='word_1_837' title='bbox 2938 5717 3058 5769; x_wconf 68' lang='grc' dir='ltr'>σομε.</span> <span class='ocrx_word' id='word_1_838' title='bbox 3098 5701 3436 5771; x_wconf 82' lang='lat' dir='ltr'><strong>Nieepltorus</strong></span> <span class='ocrx_word' id='word_1_839' title='bbox 3472 5703 3992 5773; x_wconf 81' lang='lat' dir='ltr'><strong>Constantinopoli-</strong></span> 
     </span>
    </p>
   </div>
   <div class='ocr_carea' id='block_1_119' title="bbox 2424 5772 3988 5845">
    <p class='ocr_par' dir='ltr' id='par_1_119' title="bbox 2424 5772 3988 5845">
     <span class='ocr_line' id='line_1_120' title="bbox 2424 5772 3988 5845; baseline 0.002 -19"><span class='ocrx_word' id='word_1_840' title='bbox 2424 5780 2585 5828; x_wconf 88' lang='lat' dir='ltr'><strong>tanus</strong></span> <span class='ocrx_word' id='word_1_841' title='bbox 2627 5772 2930 5829; x_wconf 86' lang='lat' dir='ltr'><strong>locutiones</strong></span> <span class='ocrx_word' id='word_1_842' title='bbox 2956 5774 3270 5845; x_wconf 71' lang='lat' dir='ltr'><strong>angelorum</strong></span> <span class='ocrx_word' id='word_1_843' title='bbox 3304 5773 3381 5826; x_wconf 89' lang='lat' dir='ltr'><strong>sic</strong></span> <span class='ocrx_word' id='word_1_844' title='bbox 3426 5774 3678 5829; x_wconf 83' lang='lat' dir='ltr'><strong>edisserit</strong></span> <span class='ocrx_word' id='word_1_845' title='bbox 3705 5790 3825 5841; x_wconf 58' lang='grc' dir='ltr'><strong>(θοι).</strong></span> <span class='ocrx_word' id='word_1_846' title='bbox 3850 5772 3988 5829; x_wconf 74' lang='lat' dir='ltr'><strong>inm</strong></span> 
     </span>
    </p>
   </div>
  </div>
