4198 6492
193 502 294 563 860

1293 485 1390 544 DE
1418 482 1594 543 FIDE
1619 472 2079 539 ORTHODOXA
2124 474 2268 531 LIB.
2310 476 2383 530 ll,

3352 461 3457 524 8το

194 607 541 681 μεταδιδόντα
581 604 830 674 ἀλλήλοις
880 600 948 654 τὰ
989 600 1095 653 ἴδια
1128 597 1379 667 νοήματα
1424 596 1517 649 καὶ
1546 587 1763 663 βουλεύ-

1891 588 1964 648 ait,
2005 598 2111 638 nec
2159 581 2429 643 auribus;
2463 579 2557 632 sed
2599 580 2716 631 sine
2774 578 2881 631 ulla
2933 572 3134 644 prolati
3184 576 3458 629 sermonis

196 719 357 770 ματα.

262 878 361 931 Διά
397 877 569 945 Λόγου
604 874 785 927 τοίνυν
826 871 1161 941 ἐκτίσθησαν
1192 870 1394 931 πάντες
1444 867 1495 920 οἱ
1526 864 1770 935 ἄγγελοι,

194 970 284 1027 καί
325 968 430 1020 ὑπὸ
482 966 576 1020 τοῦ
636 966 796 1034 ἁγίου
851 963 1170 1034 Πνεύματος
1206 962 1295 1015 διὰ
1347 959 1440 1013 τοῦ
1499 954 1774 1027 ἁγιασμοῠ

195 1058 588 1129 ἐτελειώθησαν
621 1099 636 1122 ,
704 1056 827 1111 κατ’
890 1055 1184 1124 ἀναλογίαν
1246 1054 1344 1123 τῆς
1410 1052 1610 1115 ἀξίας,
1682 1048 1777 1102 καὶ

196 1152 293 1221 τῆς
335 1152 551 1215 τάξεως,
603 1148 696 1203 τοῦ
750 1147 1034 1219 φωτισμοῦ
1087 1146 1181 1201 καὶ
1214 1146 1315 1214 τῆς
1378 1144 1600 1214 χάριτος
1652 1157 1776 1209 μετ-

197 1246 433 1314 ἔχοντες.

271 1334 645 1406 Περίγραπτοί
688 1335 825 1386 είσιν
848 1350 859 1360 ⁸
897 1332 984 1385 ὅτε
1019 1332 1127 1400 γάρ
1156 1333 1292 1382 εἰσιν
1331 1330 1388 1381 ἐν
1432 1327 1510 1398 τῷ
1536 1324 1775 1396 οὐρανῷ,

199 1429 299 1481 οὐκ
326 1428 463 1480 εἰσὶν
500 1428 558 1480 ἐν
602 1428 666 1496 τῇ
698 1428 803 1495 γῇο
846 1424 941 1477 καὶ
973 1424 1054 1486 είς
1092 1423 1192 1493 τὴν
1236 1422 1339 1491 γὴν
1366 1420 1471 1473 ὐπὸ
1511 1418 1607 1471 τοῦ
1642 1417 1778 1470 Θεοῦ

200 1519 680 1586 ἀποστελλόμενοι,
712 1519 811 1570 οὐκ
855 1514 1287 1585 ἐναπομένουσιν
1323 1515 1381 1565 ἐν
1412 1509 1490 1581 τῷ
1524 1509 1738 1581 οὐρανῷ
1764 1527 1775 1540 ⁸

198 1611 260 1663 οὐ
303 1609 713 1682 περιορίζονται
759 1607 815 1660 δὲ
875 1605 980 1659 ὑπὸ
1026 1604 1254 1674 τειχῶν,
1292 1603 1385 1655 καὶ
1436 1602 1650 1673 Ουρῶν,
1686 1601 1781 1654 καὶ

202 1702 491 1772 κλείθρων,
521 1702 614 1755 καὶ
640 1698 953 1769 σφραγίδων
973 1714 986 1728 ·
1018 1698 1259 1765 ἀόριστοι
1287 1695 1395 1766 γάρ
1420 1697 1578 1747 εἰσιν.
1614 1694 1783 1765 ’Δορί-

203 1811 364 1856 στους
393 1792 449 1845 δέ
480 1792 624 1860 λέγω
645 1808 659 1822 ο
692 1792 751 1843 οὐ
776 1791 886 1861 γὰρ
914 1789 1048 1842 καθό
1083 1790 1239 1853 εἰσιν,
1268 1788 1642 1855 ἐπιφαίνονται
1671 1789 1782 1850 τοῖς

202 1886 375 1951 ἀξίοις
405 1886 448 1948 i,
482 1877 561 1946 οἷς
601 1885 628 1936 ὁ
660 1883 792 1945 Θεὸς
835 1880 1119 1952 φαίνεσθαι
1165 1880 1361 1942 αὐτοὺς
1394 1878 1631 1948 θελήσει,
1666 1878 1780 1931 ἀλλ’

203 1980 263 2031 ἐν
313 1975 857 2047 μετασχηματισμῷ,
910 1973 1093 2036 καθὼς
1140 1973 1396 2027 δύνανται
1446 1975 1495 2025 οἱ
1526 1972 1781 2043 ὁρῶντες,

203 2072 362 2141 ὀρᾷν.
404 2070 679 2140 Ἀόριστον
729 2069 837 2139 γάρ
880 2070 995 2120 ἐστι
1037 2066 1197 2137 φύσει
1245 2064 1339 2118 καὶ
1360 2064 1584 2136 κυρίως,
1626 2065 1786 2135 μόνον

203 2164 267 2217 τὸ
306 2161 582 2218 ἄκτιστον.
636 2164 750 2217 Πᾶν
795 2162 905 2234 γὰρ
944 2160 1153 2232 κτίσμα
1201 2160 1305 2215 ὑπὸ
1358 2158 1455 2212 τοῦ
1502 2159 1786 2222 κτίσαντος

204 2255 345 2310 αὐτὸ
373 2255 509 2310 Θεοῦ
549 2255 810 2328 ὁρίζεται.

289 2517 527 2583 Ἔξωθεν
554 2518 652 2589 τῆς
700 2519 890 2584 οὐσίας
922 2520 1014 2574 τδν
1058 2520 1333 2591 ἁγιασμὸν
1379 2521 1443 2574 ἐκ
1470 2520 1566 2575 τοῦ
1615 2520 1787 2575 ΙΙνεύ-

211 2626 386 2681 ματος
442 2610 690 2681 ἔχοντες·
756 2612 844 2667 διὰ
919 2612 1020 2682 τῆς
1095 2612 1246 2676 θείας
1300 2614 1523 2683 χάριτος
1576 2631 1790 2684 προφη-

206 2702 467 2767 τεύοντες
494 2720 508 2734 υ
543 2706 619 2775 μὴ
654 2704 835 2775 γάμου
880 2704 1197 2777 χρῄζοντες,
1242 2707 1543 2779 ἐπειδήπερ
1578 2708 1653 2778 μὴ
1682 2709 1790 2761 εἰσὶ

209 2794 425 2865 θνητοί.

290 2878 509 2951 Νόεξὸὲ
547 2888 723 2954 ὄντες,
776 2891 834 2944 ἐν
871 2894 1081 2961 νοητοῖς
1128 2893 1223 2946 καὶ
1256 2893 1443 2956 τόποις
1468 2893 1579 2963 (50)
1632 2894 1793 2960 είσδν,

209 2979 281 3031 οὐ
320 2980 649 3050 σωματικῶς
677 2986 1181 3053 περιγραφόμενον
1227 2985 1288 3036 οὐ
1321 2985 1430 3055 γὰρ
1467 2987 1795 3056 σωματικῶς

212 3072 365 3126 κατὰ
410 3073 571 3143 φύστν
604 3076 1055 3145 σχηματίζονται,
1086 3075 1209 3130 οὐδὲ
1252 3078 1412 3149 τριχῆ
1450 3080 1553 3132 είσι
1579 3079 1798 3133 διαστα-

211 3164 327 3229 Tol,
358 3165 493 3219 ἀλλὰ
516 3167 595 3236 τῷ
626 3167 835 3237 νοητῶς
878 3171 1133 3239 παρεῖναι
1158 3209 1173 3235 ,
1203 3170 1300 3222 καὶ
1347 3173 1591 3241 ἐνεργεῖν
1617 3215 1631 3238 ,
1669 3172 1798 3227 ἔνθα

215 3258 296 3311 ἄν
317 3258 725 3328 προσταχθῶσι,
756 3261 850 3313 καὶ
876 3260 950 3329 μὴ
980 3259 1241 3314 δύνασθαι
1273 3260 1415 3315 κατὰ
1456 3264 1656 3319 ταυτὸν
1695 3258 1795 3319 ὧδε
1823 3286 1867 3346 C

217 3351 447 3403 μακεῖσε
476 3346 640 3413 εἶναι,
673 3354 767 3406 καὶ
800 3354 1064 3424 ἐνεργεῖν.

298 3615 424 3668 Εἴτε
456 3616 559 3667 [σοι
589 3617 708 3669 κατ’
744 3616 955 3681 οὐσίαν,
992 3604 1105 3671 εἴτε
1126 3618 1478 3687 διαφέροντες
1526 3618 1797 3689 ἀλλήλων,

217 3709 329 3762 οὐκ
363 3709 541 3777 ἴσμεν.
578 3710 752 3773 Μόνος
786 3709 842 3762 δέ
866 3710 893 3761 ὁ
925 3712 1159 3782 ποιήσας
1185 3713 1380 3775 αὐτοὺς
1411 3712 1545 3775 Θεὸς
1576 3712 1803 3765 ἐπίστα-

218 3816 352 3866 ται,
388 3802 428 3872 ,ὁ
481 3801 679 3855 καὶτὰ
732 3800 911 3855 πάντα
960 3802 1136 3867 εἰδώς.
1200 3804 1558 3875 Διαφέροντες
1609 3804 1665 3858 δὲ
1690 3804 1802 3875 (5|)

304 3976 350 4007 ⁸⁹
378 3973 545 4047 Greg.
576 3984 718 4030 orat.
752 3977 841 4033 58.

1813 1936 1860 1997 Β

1874 693 1977 745 ope
2032 682 2223 728 mutuo
2273 672 2377 727 sibi
2427 684 2589 725 sensa
2639 683 2738 723 sua
2791 666 3207 722 communicant
3239 671 3294 719 et
3327 678 3461 720 cou-

1876 770 1997 824 silia
2038 768 2102 818 “.

1946 860 2051 915 Per
2094 859 2328 915 Verbum
2356 871 2549 913 omnes
2574 852 2756 925 angeli
2791 858 2963 907 creati
2997 858 3145 912 sunt,
3180 856 3235 905 et
3265 855 3464 903 saneto

1880 956 2091 1026 Spiritu
2127 952 2509 1009 sanctificante
2542 945 3084 1003 consummationem
3104 948 3460 1012 acceperunt,

1880 1058 1940 1102 ut
1974 1062 2074 1118 pro
2105 1059 2203 1101 sua
2239 1045 2475 1113 quisque
2508 1040 2781 1110 dignitate
2808 1046 2862 1092 et
2896 1035 3094 1092 ordine
3146 1032 3464 1106 splendoris

1880 1138 2181 1211 gratiaeque
2210 1134 2511 1206 participes
2534 1136 2726 1187 essent
2756 1129 2823 1181 ⁸ο.

1953 1320 2355 1388 Circumscripti
2392 1316 2587 1387 angeli.
2617 1342 2687 1355 —
2714 1310 3137 1379 Circumscriptt
3174 1314 3336 1374 sunt;
3366 1320 3468 1363 nec

1882 1414 2032 1470 enim
2082 1428 2204 1467 cum
2238 1414 2294 1465 in
2337 1410 2478 1465 ccelo
2524 1414 2675 1472 sunt,
2710 1405 2767 1460 in
2804 1412 2954 1485 terra
2984 1408 3321 1465 versantur;
3366 1412 3469 1453 nec

1884 1522 2008 1561 cum
2035 1519 2066 1559 a
2097 1503 2205 1560 Deo
2225 1506 2280 1558 in
2308 1511 2513 1559 terram
2544 1500 2867 1561 mittuntur,
2899 1501 3190 1551 remanent
3218 1493 3272 1547 in
3306 1491 3467 1547 coelo.

1884 1597 2152 1652 Caeterum
2186 1608 2286 1648 nec
2314 1590 2611 1655 mumibus,
2636 1603 2738 1644 nec
2769 1587 3005 1650 foribus,
3037 1600 3138 1639 nec
3166 1582 3470 1653 repagulis,

1885 1702 1987 1742 nec
2021 1686 2220 1757 sigillis
2256 1684 2611 1738 cohibentur.
2646 1680 2766 1735 Non
2802 1680 2947 1736 enim
2996 1676 3167 1733 certis
3203 1674 3332 1729 ullis
3365 1682 3472 1728 ter-

1887 1780 2055 1833 minis
2100 1775 2309 1832 dellniti
2365 1785 2457 1829 aut
2516 1773 2743 1828 coerciti
2796 1779 2943 1826 sunt.
2982 1769 3161 1823 Nullis
3219 1765 3472 1821 terminis

1888 1868 2144 1924 dellnitos
2193 1866 2349 1931 dico;
2394 1880 2460 1921 eo
2505 1863 2653 1935 quod
2687 1862 2878 1934 probis
2924 1868 2977 1915 ct
3024 1860 3231 1931 dignis,
3267 1856 3473 1928 quibus

1889 1975 1985 2015 eos
2014 1959 2160 2014 Deus
2212 1956 2471 2014 visendos
2520 1954 2770 2012 exhiberi
2821 1952 3098 2017 voluerit,
3139 1966 3250 2005 non
3279 1949 3474 2019 quales

1889 2055 2166 2111 exsistunt
2193 2057 2520 2122 appareant,
2556 2048 2653 2105 sed
2680 2050 2735 2103 in
2760 2047 2923 2101 aliam
2967 2044 3168 2100 mutati
3211 2044 3474 2107 formam,

1888 2144 2365 2217 proutvidentium
2390 2143 2617 2199 obtutus
2643 2139 2786 2197 ferre
2805 2146 2989 2209 queat.
3024 2136 3158 2191 Nam
3185 2135 3387 2204 alioqui
3422 2133 3477 2188 id

1891 2239 2067 2295 solum
2101 2244 2300 2292 natura
2336 2251 2399 2291 ac
2432 2234 2658 2306 proprie
2690 2234 2858 2288 nullis
2900 2231 3169 2287 delinitur
3198 2226 3473 2290 terminis,

1890 2330 2033 2400 quod
2070 2330 2376 2385 increatum
2408 2336 2512 2383 est.
2550 2325 2831 2396 Quidquid
2872 2326 3019 2380 enim
3062 2330 3148 2379 est
3198 2331 3474 2387 creatum,

1892 2422 2037 2476 intra
2077 2419 2342 2476 terminos
2372 2434 2504 2475 suos
2533 2434 2563 2472 a
2595 2418 2707 2472 Deo
2741 2424 2997 2474 creatore
3030 2415 3243 2471 linitur.

1960 2513 2134 2569 Porro
2182 2513 2403 2568 aliunde
2450 2527 2616 2584 quam
2668 2525 2697 2564 a
2746 2521 2943 2565 natura
2990 2526 3088 2566 sua
3122 2509 3477 2565 sanctitatem

1894 2608 2122 2671 habent,
2150 2606 2412 2660 nimirum
2460 2620 2491 2657 a
2544 2602 2757 2674 Spiritu
2788 2612 3001 2657 sancto.
3036 2602 3128 2656 Dei
3162 2601 3480 2655 illustrantc

1896 2700 2093 2770 gratia,
2119 2697 2303 2753 futura
2342 2696 2652 2767 prazdicunt
2676 2696 2743 2749 ⁸³.
2773 2694 3049 2766 Conjugio
3078 2694 3308 2749 minime
3330 2692 3481 2747 indi-

1896 2800 2046 2864 gent,
2072 2806 2196 2847 cum
2224 2791 2564 2845 immortales
2588 2789 2722 2843 sint.

1965 2882 2154 2952 Angeli
2184 2882 2351 2935 locus.
2387 2909 2455 2920 —
2481 2878 2601 2933 Jam
2648 2892 2779 2934 vero
2813 2893 2937 2934 cum
2988 2888 3203 2933 mentes
3242 2877 3379 2941 sint,
3425 2877 3483 2931 in

1897 2975 2212 3047 hujusmodi
2246 2974 2466 3044 quoqtie
2497 2971 2636 3027 locis
2673 2978 2825 3035 sunt,
2869 2986 2992 3040 qua!
3040 2978 3226 3025 mente
3278 2968 3485 3023 intelli-

1898 3078 2105 3140 guntur
2135 3086 2150 3123 :
2176 3082 2285 3121 non
2314 3065 2460 3137 ’quod
2495 3078 2767 3134 corporeo
2812 3063 2975 3118 modo
3005 3061 3486 3117 circumscriban-

1901 3170 1991 3217 tur
2016 3164 2217 3232 (neque
2265 3162 2414 3215 enim
2463 3173 2619 3213 more
2660 3172 2980 3228 corporum,
3016 3155 3197 3226 quoad
3224 3164 3483 3209 naturam

1901 3256 2121 3320 attinet,
2163 3253 2490 3323 ﬁgurantur,
2528 3259 2623 3307 aut
2672 3253 2821 3305 trina
2860 3249 3205 3305 dimensione
3257 3247 3485 3303 distenti

1900 3348 2073 3417 sunt).
2098 3347 2192 3401 sed
2229 3345 2385 3415 157
2399 3344 2544 3414 quod
2580 3343 2675 3399 ubi
2704 3358 2763 3398 se
2789 3339 3100 3404 conferant,
3126 3340 3241 3396 illic
3270 3339 3489 3410 spirita-

1900 3435 2025 3489 liter
2053 3433 2242 3488 adsint
2275 3440 2329 3488 et
2359 3440 2661 3501 operantur
2690 3447 2704 3497 ;
2746 3444 2848 3485 nec
2877 3429 3072 3485 eodem
3101 3438 3346 3501 tempore
3394 3428 3485 3484 hic

1903 3534 2069 3595 atque
2094 3524 2208 3579 illic
2234 3537 2357 3579 esse
2383 3532 2438 3577 ct
2465 3523 2684 3593 operari
2713 3522 2949 3593 possint.

1977 3617 2245 3671 Incertum
2296 3632 2365 3669 an
2412 3614 2638 3684 equales
2687 3613 3011 3670 substantia.
3054 3641 3126 3653 —
3161 3612 3242 3666 Ac
3299 3608 3484 3680 quoad

1912 3712 2206 3767 essentiam
2257 3707 2482 3779 quidem
2525 3707 2845 3777 aaqualesue
2898 3706 3011 3760 sint
3062 3705 3206 3760 inter
3268 3718 3347 3769 se,
3416 3718 3487 3757 an

1914 3804 2188 3873 dispares,
2249 3808 2595 3871 compertum
2660 3814 2771 3856 non
2833 3806 2958 3855 est:
3018 3798 3172 3854 solus
3228 3797 3332 3853 boc
3385 3796 3492 3853 scit

942 3979 988 4011 ⁸ο
1018 3978 1176 4050 Grcg.
1216 3991 1357 4037 orat.
1404 3982 1492 4035 ⁸54.
1570 3980 1970 4037 “'l‘bcodoret.
2029 3978 2175 4049 Epit.
2231 3978 2337 4032 div.
2393 3975 2536 4031 decr.
2596 3989 2717 4046 cap.
2750 3978 2799 4030 8.

1500 4099 1738 4153 VARUE
1778 4095 2185 4155 LECTIONES.

313 4188 333 4229 1
364 4187 432 4245 Β.
460 4185 598 4241 2950
623 4185 818 4254 ἁγίοις.

1808 4271 2028 4328 ΝΟΤᾹΥ

218 4371 463 4430 laudato
518 4370 643 4423 libri
700 4368 767 4423 de
814 4368 1092 4436 inculpata
1150 4364 1597 4422 Christianorum
1652 4367 1802 4424 fide:

220 4443 349 4499 Καὶ
383 4442 490 4511 μὴν
513 4440 606 4493 καὶ
635 4440 788 4511 λόγος
827 4440 883 4491 ἐν
917 4438 1143 4511 ἐκείνοις
1172 4438 1317 4489 ἐστὶν
1338 4480 1351 4501 ,
1387 4439 1621 4508 ἐπείπερ
1658 4438 1805 4506 λογι-

220 4513 325 4568 κοί
358 4504 526 4563 εἰσιν·
562 4511 657 4579 οὐχ
691 4504 913 4577 οἷόσπερ
942 4510 969 4560 ὁ
998 4508 1285 4579 ἡμέτερος,
1312 4511 1396 4579 ἐκ
1433 4526 1526 4579 του
1586 4504 1642 4560 ἐν
1675 4504 1806 4578 ἡμῖν

221 4581 471 4653 φυσικοῦ
497 4622 512 4653 ,
549 4577 903 4653 καῖζωτικοῦ
932 4577 1257 4653 λπνεύματος
1303 4578 1388 4631 διὰ
1430 4577 1809 4653 τῶν-φωνητι-

220 4646 355 4707 s}.er
383 4651 630 4719 ὀργάνων
666 4647 890 4716 προῖὼν,
928 4646 1371 4719 διαρθρούμενος,
1401 4651 1465 4717 τῇ
1505 4648 1687 4719 πληγῇ
1716 4646 1809 4719 τοῦ

221 4716 783 4791 ἀέρος’τυπούῌμενος
809 4759 823 4782 ,
857 4718 963 4791 *καὶ
1002 4716 1625 4791 διαβιβαζόμενοςί-πρδς
1647 4716 1815 4791 ’ἀντί-

221 4786 410 4865 ληψιν
429 4793 536 4865 τῆς
567 4786 1011 4865 τᾶξνακουόντων
1047 4786 1351 4865 αἰσθήσεως
1382 4805 1393 4817 ·
1428 4788 1581 4865 ἀλλὰ
1610 4788 1672 4865 το
1713 4787 1814 4839 ἀΰ-

226 4855 374 4922 λόυς
400 4855 539 4912 εἶναι
563 4857 655 4916 καὶ
682 4856 1025 4927 ἀσυνθέτους,
1047 4855 1249 4918 ἁπλοῦς
1274 4873 1333 4908 τε
1356 4856 1814 4927 καὶάσωμὰτους,

224 4928 685 5014 περιχωρεῖνιέν
751 4925 1039 5014 ἁλλῄλοις,
1082 4928 1179 5010 καὶ
1238 4925 1638 5014 «egenum»,
1687 4944 1819 5007 κατ-

223 4995 501 5055 οπτεύειν
534 4998 771 5067 νοήσεις.
796 4998 892 5067 καὶ
932 4996 1208 5067 κοινωνεῖν
1243 4995 1504 5067 τῷλόγῳ
1541 4997 1627 5049 διὰ
1660 4997 1818 5067 σιγῇς

221 5064 674 5146 ἐναργέστερονΣ
699 5065 817 5146 ¹καὶ
848 5064 1265 5146 ἐκτυπώτερον,
1456 5064 1562 5129 πᾶς
1604 5065 1819 5146 προῖῲν

220 5135 408 5219 λόγος
436 5153 449 5167 ⁸
480 5135 793 5219 Αείψιίάεηι
825 5153 995 5219 sermo
1023 5152 1223 5219 quoque
1245 5138 1295 5187 in
1318 5135 1438 5219 illis
1458 5146 1555 5197 est,
1582 5135 1822 5219 quando-

221 5210 461 5282 quidem
497 5206 703 5282 ratione
725 5206 936 5282 pr_a._’di_ti
967 5215 1090 5282 sunt
1122 5223 1138 5258 :
1173 5219 1271 5282 non
1311 5217 1483 5258 tamen
1513 5220 1592 5282 est
1630 5207 1821 5260 similis

222 5275 441 5343 nostri,
468 5279 556 5346 qui
582 5275 829 5346 naturali
856 5276 1105 5345 ritalique
1143 5278 1333 5341 spiritu
1376 5276 1635 5328 vocalium
1668 5294 1821 5345 orga-

224 5363 445 5405 norum
475 5344 565 5415 ope
609 5344 974 5415 progreditur,
1009 5344 1058 5397 et
1090 5346 1442 5407 articulatur,
1491 5344 1825 5412 percussibne

226 5419 395 5475 aeris
448 5417 731 5481 formatus,
787 5417 1148 5484 transiensque
1187 5425 1241 5467 ut
1297 5415 1623 5467 audientium
1670 5432 1825 5468 sensu

224 5487 624 5561 percipiatur;
656 5487 745 5539 sed
792 5488 915 5557 quia
956 5486 1187 5561 materia
1234 5500 1297 5561 ac
1326 5488 1700 5553 compositione
1734 5502 1825 5538 va-

223 5555 402 5618 cant,
439 5555 901 5623 simplicesque‘ct
950 5555 1245 5622 incorporei
1278 5565 1435 5617 sunt,
1473 5557 1689 5608 invicem
1727 5557 1830 5607 cir-

226 5626 629 5685 cumincedunt
660 5664 672 5686 ,
720 5640 946 5694 suasque
998 5638 1179 5677 mutuo
1235 5627 1586 5692 perceptiones
1645 5642 1831 5693 specu-

228 5705 481 5759 lantur,
538 5707 594 5747 ut
636 5694 839 5747 silendo
880 5694 1078 5747 clarius
1122 5695 1515 5763 expressiusque
1566 5711 1829 5748 sermones

228 5771 538 5829 misceant,
572 5782 730 5834 quam
764 5766 872 5834 alia
900 5765 1084 5833 quavis
1119 5764 1414 5828 prolatione
1444 5764 1735 5817 verborum.

315 5834 445 5904 (50)
497 5833 599 5889 Ἐν
618 5833 857 5905 νοητοῖς
886 5834 983 5886 καὶ
1012 5835 1236 5905 τόποις,
1264 5835 1317 5887 in
1345 5835 1605 5902 ejusmodi
1633 5851 1832 5905 quoque

226 5903 391 5965 locis
420 5916 565 5971 sunt,
597 5913 702 5960 etc.
739 5903 857 5959 Lib.
894 5920 931 5969 ι,
970 5918 1095 5973 cap.
1131 5903 1217 5971 17,
1254 5906 1549 5973 explicavit
1580 5903 1830 5975 quisnam

1915 4368 2006 4422 ille
2060 4368 2217 4422 locus
2276 4366 2349 4421 sit
2393 4368 2486 4437 qui
2535 4377 2719 4422 mente
2775 4368 3124 4437 intelligitur.
3174 4367 3271 4421 Est
3320 4378 3496 4424 autem

1915 4449 2084 4490 mente
2114 4449 2409 4510 perceptus,
2435 4439 2881 4510 seuuspiritualis
2918 4440 3081 4500 locus,
3117 4438 3203 4491 ubi
3239 4442 3497 4510 intelligi-

1918 4516 2004 4559 tur
2039 4518 2129 4560 :et
2166 4508 2387 4561 exsistit
2426 4508 2801 4562 intellectualis
2833 4518 3025 4561 natura
3066 4518 3115 4562 et
3150 4508 3455 4576 incorporea
3478 4528 3498 4573 ,·

1916 4579 2005 4629 ubi
2039 4579 2291 4629 nimirum
2350 4577 2581 4646 πάρεστι
2636 4580 2730 4632 καὶ
2776 4581 3023 4647 ἐνεργεῖ,
3069 4595 3302 4647 prwsens
3349 4580 3499 4633 adest

1916 4656 1965 4699 et
2013 4657 2296 4717 operatur,
2334 4663 2495 4717 neque
2542 4664 2821 4716 corporum
2855 4666 2999 4702 more
3033 4651 3352 4712 continetur,
3406 4651 3498 4704 sed

1920 4717 2225 4785 spirituum.
2263 4716 2424 4771 Plura
2464 4718 2529 4771 de
2562 4720 2684 4772 loco
2715 4720 2888 4786 angeli
2920 4719 3122 4773 ibidem
3159 4720 3404 4784 subjicrt.

2016 4786 2102 4859 3'11)
2134 4788 2522 4859 Διαφέροντες
2547 4786 2631 4840 δέ.
2668 4787 3061 4859 Illustrationis
3088 4787 3239 4842 modo
3261 4789 3521 4859 “gradu,

1919 4856 2197 4924 di/ferunt.
2253 4857 2512 4911 Diversus
2558 4858 2784 4913 ordines
2832 4860 3151 4927 angelorum
3182 4856 3497 4927 'I'beo’lugus

1919 4930 2193 4999 agnoscit,
2227 4936 2368 4999 orat.
2404 4927 2474 4981 34
2500 4965 2513 4989 ,
2550 4942 2675 4999 cum
2714 4930 2820 4991 ait,
2865 4931 3097 4983 aliorum
3154 4929 3500 4999 aliorumque

1922 4998 2059 5051 alias
2090 5006 2251 5067 atque
2285 4998 2422 5050 alias
2476 4997 2919 5068 collustrationes
2942 5045 2955 5061 ,
3020 5000 3352 5068 ampliores,
3407 4997 3503 5054 aut

1924 5082 2191 5137 minores,
2235 5082 2384 5129 esse,
2417 5067 2557 5137 κατὰ
2587 5069 2686 5137 τὴν
2709 5068 3001 5135 ἀναλογίαν
3031 5067 3133 5136 τῆς
3162 5068 3377 5136 φύσεως
3406 5070 3503 5122 καὶ

1922 5136 2022 5204 τῆς
2055 5137 2291 5200 τάξεως,
2333 5136 2647 5206 secundum
2672 5136 2924 5206 cujusque
2957 5150 3165 5191 natura:
3209 5150 3257 5192 et
3296 5140 3501 5194 ordinis

1922 5208 2330 5277 proportionem.
2370 5204 2479 5260 Sed
2529 5214 2582 5261 et
2608 5204 2855 5277 Cyrillus
2903 5208 2955 5261 in
2987 5208 3501 5269 Tliesauro,assert.

1925 5276 2016 5338 51,
2038 5293 2105 5345 p.
2134 5276 2263 5337 266,
2306 5285 2518 5329 tantqu
2551 5278 2773 5330 luminis
2800 5286 3067 5332 creaturae
3110 5280 3363 5332 rationali
3404 5282 3506 5332 iiu-

1928 5348 2189 5415 pertituiu
2227 5362 2351 5418 esse
2383 5362 2411 5398 a
2444 5346 2551 5401 Deo
2581 5348 2678 5409 ait,
2727 5356 2992 5418 quantum
3024 5363 3367 5417 unaquaeque
3406 5364 3505 5418 pro

1929 5418 2013 5490 sui
2049 5417 2264 5490 generis
2288 5415 2609 5490 discrimine
2629 5415 3005 5490 _eap:ix__foret,
3036 5415 3291 5490 adeoque
3312 5415 3505 5490 ἑτέραν

1930 5481 2073 5558 εἶναι
2106 5488 2162 5558 ἐν
2199 5486 2473 5558 ἀγγέλοις,
2526 5481 2749 5555 μείζονα
2788 5487 2844 5539 δὲ
2889 5489 2946 5540 ἐν
2987 5481 3370 5558 ἀρχαγγέλοις,
3407 5481 3506 5544 καὶ

1930 5556 2017 5628 ἔτι
2036 5554 2239 5628 ταύτης
2267 5557 2637 5628 ὑπερέχουσαν
2666 5559 2723 5607 ἐν
2750 5560 2872 5620 ταῖς
2900 5554 3155 5628 ἀνωτέρω
3175 5559 3503 5626 δυνάμεσινο

1933 5625 2111 5696 Aliam
2161 5626 2213 5677 in
2278 5627 2477 5693 angelis
2532 5628 2882 5694 cognitionem
2936 5625 3085 5689 esse,
3142 5625 3397 5696 majorem
3452 5630 3505 5683 in

1933 5694 2288 5763 archangetis,
2333 5707 2380 5748 et
2402 5711 2641 5766 fumum
2671 5698 3091 5751 excellentiorem
3134 5698 3187 5751 in
3218 5694 3511 5766 superiori-

1936 5766 2029 5818 bus
2066 5766 2368 5818 virtutibus.
2400 5763 2502 5819 Ubi
2531 5767 2691 5835 plane
2725 5769 2975 5821 inuuitur
3000 5763 3319 5834 angelorum
3353 5770 3509 5821 ordi-

1936 5851 2034 5908 nes
2062 5842 2154 5908 aut
2178 5837 2361 5908 specie
2393 5843 2710 5908 aut_genere
2751 5842 2891 5908 inter
2919 5854 2975 5891 se
3010 5838 3246 5908 «lillerre.
3288 5837 3508 5908 Lege~is

1942 5906 2209 5975 Epiplian.
2250 5906 2442 5962 haeres.
2475 5906 2565 5971 64,
2616 5923 2672 5961 ιι.
2726 5908 2813 5963 ³55.
2870 5907 3052 5979 Pergit
3106 5906 3509 5969 Nazianzenus.
