4198 6492
791 405 897 474 887

1929 414 1986 469 S.
2037 411 2352 470 JOANNIS
2392 413 2814 471 DAMASCENI
2843 495 2862 511 ι

3899 411 4000 471 888

793 512 972 569 divina
1013 505 1337 582 Scriptura':
1368 514 1433 567 Et
1455 508 1590 568 dixit
1623 507 1755 568 Deus
1780 532 1795 567 :
1824 513 1944 567 “at
1967 527 2091 576 tux;
2119 527 2167 567 et
2203 519 2344 581 facta
2375 526 2416 579 Α
2445 522 2451 569 i

2338 534 2344 566 ι
2375 526 2416 579 Α
2445 520 2628 589 ἕτερον
2651 521 2765 569 ἐστι
2792 505 2862 570 τὸ’
2885 520 3014 586 πῦρ,
3050 517 3098 568 εἰ
3151 517 3223 585 μὴ
3257 517 3316 568 τὸ
3362 516 3495 583 φῶς,
3532 516 3603 576 ὥς
3634 516 3778 577 τινές
3811 534 3996 581 φασιν.

791 614 869 657 σει
907 605 995 655 lux
1024 603 1086 654 “.
1116 601 1298 670 Neque
1317 605 1490 670 enim,
1511 615 1569 658 ut
1592 605 1810 672 quidam
1840 605 2340 670 existimant,aliud

794 691 1082 758 quidquam
1114 698 1196 742 est
1227 691 1386 758 ignis,
1435 707 1593 759 quam
1628 692 1738 743 lux.
1766 691 1868 742 Alii
1901 701 2079 744 autem
2110 695 2344 746 elemen-

795 789 964 831 tarem
993 778 1137 830 hunc
1159 779 1334 846 ignem
1352 794 1471 832 aere
1499 782 1830 846 superiorem
1849 795 1971 834 esse
1989 781 2163 845 aiunt,
2182 798 2340 850 quem

798 875 996 919 vocant
1018 868 1240 920 athera.
1263 866 1322 917 In
1338 867 1590 931 principio
1621 867 1803 935 igitur,
1827 869 1928 921 hoc
1947 880 2026 922 est
2045 871 2130 923 die
2146 877 2338 938 primo,

795 958 1002 1010 creavit
1046 955 1183 1010 Deus
1216 957 1411 1016 lucem,
1441 971 1562 1022 quae
1591 957 1884 1010 visibilium
1916 961 2154 1012 omnium
2185 975 2342 1013 crea-

795 1058 1036 1117 turarum
1069 1047 1232 1098 decus
1255 1052 1309 1097 et
1342 1054 1718 1097 ornamentum
1737 1057 1837 1099 est.
1859 1046 2068 1100 Etenim
2103 1051 2146 1101 si
2167 1049 2339 1102 lucem

797 1136 1102 1197 sustuleris,
1145 1134 1325 1186 omnia
1369 1134 1420 1186 in
1458 1135 1696 1188 tenebris
1740 1134 1998 1201 jacebunt
2044 1137 2244 1203 ignota,
2286 1146 2343 1189 ut

797 1240 916 1291 qum
943 1222 1393 1290 pulchritudinem
1421 1237 1570 1275 suam
1596 1223 1948 1289 conspicuam
1982 1225 2206 1278 reddere
2237 1241 2342 1277 non

798 1314 1008 1379 possint
1049 1331 1061 1364 :
1109 1310 1313 1363 Vocarit
1348 1328 1518 1363 autem
1555 1311 1690 1364 Deus
1727 1313 1890 1364 lucem
1914 1313 2049 1365 diem
2067 1328 2084 1363 :
2111 1313 2343 1365 tenebras

795 1410 971 1452 autem
1004 1402 1201 1452 vacavit
1241 1411 1435 1453 noctem
1459 1403 1526 1453 θ’.
1562 1401 1731 1454 Porro
1773 1402 2006 1454 tenebra:
2037 1402 2351 1454 substantia

797 1490 900 1539 ulla
925 1505 938 1540 ι
965 1505 1032 1542 οη
1067 1501 1213 1552 sunt,
1237 1490 1329 1544 sed
1358 1489 1628 1543 accidens.
1664 1489 1845 1556 Neque
1869 1491 2010 1542 enim
2048 1491 2192 1543 aliud
2217 1500 2346 1544 sunt

795 1591 958 1643 quam
986 1577 1124 1630 lucis
1154 1578 1419 1630 absentia.
1460 1580 1565 1630 Aer
1592 1578 1790 1646 quippe
1821 1579 1874 1630 in
1906 1593 2006 1632 sua
2037 1580 2345 1636 substantia

798 1669 971 1721 lucem
1008 1684 1112 1721 non
1146 1669 1307 1721 habet
1328 1669 1390 1722 9‘.
1448 1667 1626 1732 Quare
1681 1670 1860 1736 ipsum
1912 1671 2016 1724 hoc
2056 1673 2196 1739 quod
2255 1687 2347 1726 aer

797 1759 918 1808 luce
956 1763 1158 1819 careat,
1197 1757 1336 1810 Deus
1377 1757 1588 1809 vocavit
1637 1758 1912 1811 tenebras.
1955 1757 2096 1822 Quin
2134 1774 2203 1813 ne
2232 1760 2346 1825 ipsa

2445 610 2658 676 Ἐτεροι
2686 609 2821 659 δὲτὸ
2843 609 3104 676 κοσμικδν
3135 609 3244 675 πῦρ
3295 609 3430 675 ὑπὲρ
3475 617 3494 643 τ
3525 608 3616 657 τὸν
3643 609 3781 673 ἀέρα
3811 609 3998 670 φασὶν,

2441 698 2469 747 ὃ
2502 698 2752 748 καλοῦσιν
2772 699 2984 765 αἰθέρα.
3028 699 3122 748 Ἐν
3183 698 3337 762 ἀρχῇ
3402 698 3498 764 μὲν
3546 695 3639 747 οὖν
3685 697 3998 760 ἐποίησε-ιὸ

2443 786 2572 846 Θεὸς
2596 787 2653 837 τὸ
2678 788 2809 852 φῶς,
2839 789 3001 854 ἤγουν
3025 790 3086 854 τῇ
3136 785 3324 854 πρώτῃ
3364 787 3563 852 ἡμέρᾳ,
3588 785 3995 850 καλλωπισμὸν,

2443 878 2533 925 καὶ
2555 877 2754 942 κόσμον
2787 879 2962 942 πάσης
2989 878 3087 941 τῆς
3123 876 3320 943 ὁρατῆς
3369 875 3610 934 κτίσεως.
3650 874 3851 939 Ἀσελε
3899 875 3999 936 γὰρ

2443 965 2501 1014 τὸ
2537 966 2671 1030 φῶς,
2704 965 2798 1016 καὶ
2829 965 3006 1016 πάντα
3029 966 3084 1015 ἐν
3109 965 3183 1032 τῷ
3204 965 3380 1014 σκότει
3395 963 3728 1026 ἁδιάγνωστα
3755 964 3996 1026 μένουσι,

2442 1055 2540 1117 τὴν
2573 1055 2778 1105 οἰκείαν
2835 1057 2908 1122 μὴ
2937 1056 3205 1122 δυνάμενα
3241 1054 3568 1121 εὐπρέπειαν
3601 1052 3993 1110 ἐπιδείξασθαι.

2455 1143 2730 1196 Ἑκὰλεσε
2751 1144 2817 1195 δὲ
2867 1148 2897 1195 ό
2931 1145 3088 1207 Θεὸς,
3124 1144 3318 1210 τὸμὲν
3364 1143 3507 1210 φῶς,
3540 1141 3796 1207 ἡμέραν·
3826 1142 3890 1189 τὸ
3936 1138 3998 1186 δὲ

2443 1236 2657 1296 σκότος
2683 1233 2932 1285 ἐκάλεσε
2973 1236 3180 1286 νύκτα.
3212 1233 3402 1293 Σκότος
3432 1233 3485 1282 δὲ
3522 1234 3684 1290 ἐστιν,
3711 1231 3811 1280 οἰκ
3842 1229 3995 1279 ουσία

2443 1338 2545 1382 τις,
2612 1322 2746 1373 ἀλλὰ
2796 1321 3171 1389 συμῦεϐηκόςο
3201 1321 3371 1388 φωτὸς
3404 1322 3507 1386 γάρ
3558 1321 3672 1369 ἐστι
3714 1318 3990 1385 στέρησις.

2456 1410 2511 1459 Ὀ
2535 1410 2640 1477 γὰρ
2669 1409 2794 1477 ἀὴρ,
2825 1412 2922 1460 οὐκ
2981 1411 3037 1460 ὲν
3086 1413 3150 1476 τῇ
3196 1409 3350 1477 οὐσίᾳ
3410 1407 3570 1460 αὑτοῦ
3598 1409 3707 1473 ἔχει
3759 1407 3820 1456 τὸ
3861 1405 3993 1468 φῶς.

2446 1499 2588 1549 Αὐτὸ
2616 1495 2707 1551 οὖν
2755 1501 2814 1550 τὸ
2875 1500 3194 1566 ὲστερῆσΟαι
3238 1500 3327 1550 τὸν
3384 1499 3521 1566 ἀέρα
3552 1497 3749 1562 φωτὸς,
3809 1495 3994 1555 σκότος

2444 1589 2699 1640 ἐκάλεσεν
2734 1591 2762 1640 ὁ
2821 1589 2982 1649 Θεός·
3031 1589 3123 1639 καὶ
3155 1587 3271 1656 οὐχὶ
3295 1589 3327 1655 ἡ
3353 1587 3506 1638 οὐσία
3552 1586 3642 1636 τοῦ
3692 1585 3856 1650 ἀέρος
3883 1583 3995 1632 ἐστὶ

2447 1678 2650 1739 σκότος,
2665 1678 2777 1727 ἀλλ’
2805 1679 2836 1744 ἡ
2864 1676 2953 1727 τοῦ
2997 1676 3168 1743 φωτὸς
3200 1675 3470 1743 στέρησις,
3490 1674 3621 1740 ὅπερ
3648 1669 3994 1738 συμῆεῦηκὶς

2450 1767 2646 1833 μᾶλλον
2677 1766 2843 1833 δηλοῖ,
2880 1767 3019 1834 ἥπερ
3046 1763 3251 1817 ουσίαν.
3285 1766 3396 1815 Οὐκ
3435 1763 3631 1828 ἐκλήθη
3656 1761 3710 1811 δὲ
3744 1760 3935 1826 πρώτη
3961 1760 3991 1823 ἡ

794 1846 1010 1923 quidem
1045 1846 1184 1898 aeris
1225 1845 1531 1900 substantia
1583 1848 1822 1902 tenebrae
1881 1859 2027 1910 sunt,
2067 1849 2158 1902 sed
2206 1850 2345 1904 lucis
2378 1827 2452 1886 Βέ

2336 1827 2418 1904 ιη
2446 1827 2560 1920 νὺξ,
2594 1827 2771 1922 an",
2804 1827 3021 1923 ἡμέραν·
3071 1855 3210 1905 ὥστε
3255 1852 3441 1920 πρώτη
3500 1827 3642 1900 ἐστὶν
3678 1848 3860 1916 ἡμέρα
3906 1847 3994 1896 καὶ

796 1921 1024 2000 privatio
1058 1953 1069 1987 :
1107 1934 1250 2004 quod
1281 1935 1537 1991 accidens
1580 1937 1762 2006 potius
1793 1952 1953 2006 quam
1987 1938 2347 1992 substantiam

795 2022 1022 2074 indicat.
1053 2021 1160 2076 Nec
1201 2037 1331 2076 vero
1364 2039 1469 2079 nox
1507 2027 1662 2094 prius
1687 2035 1880 2080 vocata
1913 2034 2016 2092 est,
2058 2027 2153 2082 sed
2186 2026 2304 2082 dies
2333 2045 2345 2078 :

795 2125 858 2164 ac
886 2113 1115 2179 proinde
1147 2113 1425 2182 antiquior
1447 2114 1564 2169 dies
1595 2125 1698 2181 est,
1731 2130 1840 2169 nox
1872 2117 2166 2184 posterior.
2197 2117 2346 2172 Diem

793 2217 924 2271 ergo
955 2218 1061 2258 nox
1092 2206 1376 2274 sequitur;
1411 2215 1572 2276 atque
1601 2207 1668 2261 ab
1698 2208 1860 2262 unius
1894 2207 1999 2262 diei
2023 2215 2145 2262 ortu
2173 2223 2346 2277 usque

2444 1946 2645 2014 ἐσχάτη
2676 1947 2708 2014 ἡ
2737 1945 2850 2009 νύξ.
2902 1944 3205 1996 Ἀκολουοεῖ
3225 1939 3318 1994 οὖν
3350 1943 3382 2012 ὴ
3416 1939 3511 2002 νὺξ
3537 1942 3599 2006 τῇ
3633 1939 3820 2006 ἡμέρᾳ.
3843 1952 3856 1964 ο
3902 1934 3994 1984 καὶ

2445 2035 2539 2086 ἀπ’
2568 2037 2740 2103 ἀρχῆς
2763 2037 2858 2103 τῆς
2894 2030 3101 2105 ἡμέρας
3152 2033 3254 2094 ἕως
3289 2032 3388 2098 τῆς
3436 2029 3596 2095 ἄλλης
3645 2027 3884 2094 ἡμέρας,
3939 2023 3995 2074 ἓν

2447 2123 2783 2192 νυχθήμερόν
2809 2125 2986 2176 ἐστιν·
3019 2123 3122 2191 ἔφη
3155 2121 3262 2190 γὰρ
3293 2123 3325 2189 ή
3356 2118 3542 2188 Γραφή
3563 2134 3577 2147 ο
3619 2117 3724 2167 Kal
3760 2114 3995 2181 ἐγένετο

2449 2212 2691 2280 ἑσπέρα,
2717 2213 2812 2266 καὶ
2836 2213 3068 2282 ἐγένετο
3099 2212 3265 2279 πρωῒ,
3290 2207 3473 2277 ἡμέρα
3496 2208 3616 2273 μία.

795 2296 1049 2373 ad‘aliuin
1077 2295 1242 2362 diem,
1263 2297 1378 2353 dies
1400 2312 1537 2352 unus
1562 2306 1643 2353 est
1671 2313 1793 2354 cum
1813 2308 1970 2354 nocte
1988 2300 2336 2367 coniunctus.
2374 2302 2462 2355 Ait
2489 2306 2632 2359 enim
2668 2304 2945 2373 Scriptura
2970 2321 2983 2357 :
3010 2302 3073 2355 Et
3100 2303 3294 2370 factum
3320 2311 3395 2356 est
3418 2315 3636 2367 vespere,
3691 2305 3740 2350 et
3797 2296 3997 2362 factum

795 2395 872 2440 est
904 2403 1054 2440 niane
1077 2386 1184 2441 dies
1210 2404 1343 2442 unus
1370 2391 1433 2441 ".

870 2481 1036 2533 Primi
1063 2490 1163 2535 tres
1197 2482 1326 2544 dies,
1356 2499 1472 2536 cum
1491 2485 1572 2537 sol
1595 2501 1697 2538 non
1719 2495 1873 2539 esset.
1903 2486 2067 2540 Luna:
2085 2495 2136 2540 et
2164 2487 2346 2540 stella-

802 2586 913 2622 ηει
963 2586 1144 2623 munus
1179 2571 1231 2622 in
1281 2582 1447 2625 nocte.
1496 2601 1565 2613 -—
1596 2571 1662 2625 Et
1687 2573 1904 2642 quidem
1939 2575 2114 2630 tribus
2157 2576 2346 2644 primis

795 2661 1006 2719 diebus.
1043 2661 1160 2714 luce
1207 2659 1299 2713 Dei
1327 2660 1508 2728 jussu,
1549 2669 1664 2714 tum
1697 2677 1819 2718 sese
1847 2662 2203 2730 dill‘undente,
2231 2673 2344 2717 tum

794 2762 984 2801 rursus
1014 2750 1387 2814 contrahente,
1419 2751 1535 2805 dies
1557 2760 1609 2804 et
1641 2766 1751 2805 nox
1787 2753 2046 2806 exstitere
2067 2754 2133 2807 ".
2171 2755 2237 2806 At
2257 2755 2345 2808 die

792 2844 986 2905 quarta
1039 2836 1165 2890 fecit
1204 2837 1353 2893 Deus
1384 2838 1651 2895 luminare
1679 2840 1878 2909 majus,
1927 2856 2121 2910 nempe
2151 2843 2341 2907 solem,

793 2932 853 2976 ut
882 2925 987 2978 diei
1022 2934 1278 2993 praeesset
1326 2927 1456 2996 (per
1510 2928 1688 2997 ipsum
1737 2929 1881 2984 enim
1921 2928 2037 2983 dies
2067 2929 2338 2996 efﬁcitur;

793 3015 910 3068 dies
939 3017 1136 3084 quippe
1174 3024 1260 3070 est
1287 3032 1407 3070 cum
1437 3018 1517 3071 sol
1545 3033 1711 3087 supra
1745 3025 1946 3073 terram
1970 3028 2176 3084 exstat,
2207 3021 2343 3076 diei-

791 3119 898 3171 que
931 3104 1185 3170 spatium,
1217 3118 1414 3160 cursus
1450 3106 1536 3160 ille
1561 3122 1720 3175 quem
1743 3108 1810 3160 ab
1837 3118 1962 3161 ortu
1991 3109 2056 3161 ad
2087 3124 2340 3164 occasum

2529 2484 2617 2536 ⁹Εν
2647 2483 2743 2551 μὲν
2771 2476 2862 2535 οὖν
2889 2482 3193 2551 ταῖςτρισὶν
3220 2482 3450 2550 ἡμέραις
3482 2480 3874 2548 ἀναχεομένου,
3905 2482 3997 2533 καὶ

2447 2571 2862 2640 συστελλομένου
2919 2571 3011 2621 τοῦ
3049 2570 3223 2638 φωτὸς
3247 2572 3323 2640 τῷ
3349 2570 3476 2636 Θείῳ
3515 2570 3920 2638 προστάγματι,
3965 2572 3994 2637 ἡ

2442 2677 2502 2712 τε
2531 2661 2731 2730 ἡμέρα,
2757 2661 2848 2710 καὶ
2879 2661 2909 2727 ἡ
2940 2657 3034 2721 νὺξ
3055 2659 3286 2725 ἐγένετο.
3313 2659 3387 2726 Τῇ
3408 2657 3462 2708 δὲ
3484 2657 3712 2724 τετάρτῃ
3742 2657 3997 2723 ἐποίησεν

2441 2753 2470 2803 ὁ
2493 2750 2623 2812 Θεδς
2652 2749 2742 2800 τὸν
2762 2750 3018 2816 φωστῆρα
3049 2749 3139 2800 τὸν
3178 2748 3365 2814 μέγαν,
3416 2748 3530 2813 ¹ἦτοι
3581 2747 3671 2796 τὸν
3719 2746 3890 2811 ἥλιον,
3921 2749 3994 2806 εἰς

2443 2839 2618 2909 ἀρχὰς
2641 2839 2733 2891 καὶ
2779 2838 3024 2903 ἐξουσίαν
3063 2838 3158 2904 τῆς
3204 2837 3411 2904 ἡμέρας
3444 2843 3465 2870 ³
3489 2852 3500 2864 '
3536 2835 3601 2886 δι’
3625 2835 3789 2888 αὑτοῦ
3836 2837 3994 2903 γὰρὴ

2442 2921 2637 2996 ἡμέρα
2687 2926 3035 2978 συνίσταται·
3079 2924 3258 2992 ἡμέρα
3313 2924 3420 2988 γάρ
3471 2925 3634 2985 ἐστιν,
3685 2925 3740 2972 ἐν
3783 2921 3862 2989 τῷ
3911 2923 4000 2972 τὸν

2444 3017 2592 3085 ἥλιον
2631 3015 2768 3084 ὑπὲρ
2795 3015 2898 3084 γῆν
2919 3011 3058 3066 εἶναι
3078 3029 3090 3042 ’
3120 3012 3213 3064 καὶ
3279 3012 3548 3080 διάστημα
3592 3012 3806 3079 ἡμέρας
3832 3013 3995 3068 ἐστὶν,

2443 3107 2473 3156 ὁ
2503 3105 2609 3156 ἀπὸ
2635 3104 2895 3171 ἀνατολῆς
2950 3103 3104 3171 μέχρι
3154 3102 3356 3163 δύσεως
3405 3102 3541 3167 ὑπὲρ
3582 3103 3683 3168 γῆν
3717 3101 3812 3152 τοῦ
3850 3101 3995 3166 ἡλίου

794 3207 967 3260 usque
992 3193 1072 3246 sol
1111 3208 1277 3261 supra
1313 3205 1511 3248 terram
1553 3197 1814 3266 peragit),
1841 3197 1996 3267 165
2024 3207 2185 3266 atque
2215 3200 2346 3253 item
2370 3189 2414 3250 C
2443 3194 2452 3243 ἕ

2333 3216 2346 3252 ιτ
2370 3189 2414 3250 C
2443 3192 2638 3263 δρόμος
2659 3208 2671 3220 ·
2702 3193 2905 3244 καὶτὸν
2937 3193 3194 3260 φωστῆρα
3223 3193 3310 3243 τὸν
3340 3192 3566 3254 ἐλάσσω,
3604 3193 3723 3258 ⁸ἦτοι
3766 3193 3866 3258 τὴν
3911 3208 3991 3241 σε·

793 3282 1061 3334 luininare
1091 3283 1289 3346 minus,
1313 3283 1414 3337 hoc
1441 3294 1524 3338 est
1554 3287 1756 3352 lunam,
1785 3293 1840 3341 et
1874 3289 2078 3352 stellas,
2117 3297 2175 3342 ut
2201 3289 2343 3343 nocti

791 3377 1110 3436 praeessent,
1141 3371 1301 3436 eique
1333 3371 1506 3425 lucem
1532 3371 1762 3426 ferrent.
1788 3372 1904 3426 Nox
1930 3389 2092 3440 porro
2115 3382 2200 3428 est
2224 3390 2344 3428 cum

792 3456 872 3507 sul
900 3453 1041 3507 infra
1071 3466 1268 3508 terram
1298 3465 1382 3510 est
1416 3475 1429 3511 :
1465 3459 1754 3527 noctisque
1783 3461 2017 3529 spatium
2041 3469 2125 3515 est
2151 3476 2346 3516 cursus

790 3544 903 3605 ille,
939 3559 1098 3612 quem
1132 3545 1211 3599 sol
1254 3545 1321 3597 ab
1347 3560 1542 3600 occasu
1583 3546 1650 3599 ad
1687 3556 1868 3602 ortum
1901 3549 2006 3604 sub
2037 3557 2178 3602 terra
2211 3564 2348 3604 con-

791 3634 925 3686 ﬁcit.
976 3633 1130 3688 Luna
1183 3635 1381 3703 igitur,
1428 3645 1484 3691 et
1529 3638 1697 3690 stellae
1731 3639 2040 3716 constitutae
2071 3647 2235 3701 sunt,
2288 3648 2347 3692 ut

787 3731 1003 3776 noctem
1067 3724 1439 3790 illustrarent;
1477 3741 1583 3779 non
1609 3726 1753 3795 quod
1795 3728 2027 3781 interdiu
2064 3729 2167 3781 sub
2199 3739 2345 3782 terra

789 3815 1007 3886 penitus
1035 3814 1354 3869 delitescant
1374 3817 1522 3886 (nam
1545 3825 1673 3871 tunc
1689 3833 1908 3887 quoque
1933 3820 2103 3873 stella:
2130 3816 2182 3872 iri
2209 3820 2346 3874 cmlo

789 3919 952 3971 super
987 3912 1184 3957 terram
1222 3907 1406 3976 sunt),
1463 3908 1558 3962 sed
1589 3908 1717 3975 quia
1757 3910 1837 3961 sol
1887 3923 2000 3970 eas,
2055 3909 2346 3979 lunamque

791 3995 1095 4060 splendoris
1120 3996 1202 4048 sui
1242 3997 1408 4049 nimia
1445 3999 1804 4064 amplitudine
1830 4000 2102 4065 Operiens,
2135 4000 2346 4053 elucere

792 4099 898 4138 non
929 4086 1079 4138 sinit.

865 4173 1184 4244 Primigenia
1212 4177 1302 4228 lux
1331 4165 1678 4228 luminat-ibus
1723 4177 1912 4228 indita.
1941 4204 2010 4215 -
2053 4176 2215 4230 Hisce
2261 4177 2343 4229 lu-

790 4265 1095 4317 minaribus
1131 4266 1506 4334 primigeniam
1540 4267 1714 4319 lucem
1749 4281 1995 4318 summus
2035 4266 2124 4318 illc
2165 4282 2342 4318 rerum

788 4353 975 4422 Opilex
1013 4355 1235 4416 indidit,
1277 4371 1381 4408 non
1414 4355 1561 4424 quod
1595 4357 1820 4407 alterius
1853 4353 2079 4405 luminis
2118 4354 2342 4420 p‘enuria

789 4446 1096 4512 laboraret;
1141 4446 1231 4499 sed
1271 4463 1335 4500 ne
1365 4447 1450 4498 lux
1500 4447 1588 4498 illa
1633 4457 2036 4512 supervacanea
2078 4452 2338 4496 maneret.

788 4534 1076 4589 Luminare
1116 4537 1386 4602 siquidem
1439 4539 1526 4588 lux
1581 4536 1693 4603 ipsa
1751 4550 1857 4588 non
1898 4543 2000 4595 est,
2051 4537 2147 4587 sed
2203 4534 2340 4586 lucis
2373 4534 2422 4558 ν’

787 4629 1230 4692 conceptaculum
1258 4629 1320 4678 θ’.

859 4731 1092 4785 Planetw
1125 4742 1335 4798 septem.
1367 4762 1436 4774 -
1467 4733 1611 4787 Inter
1651 4735 1760 4788 haec
1816 4742 1996 4787 autem
2053 4731 2342 4784 luminaria

787 4821 1030 4889 planetas
1066 4831 1268 4890 septem
1305 4831 1614 4884 recensent,
1645 4837 1782 4890 quos
1825 4821 2105 4875 contrario
2140 4835 2202 4871 ac
2233 4835 2344 4873 coe-

785 4913 897 4966 lum
929 4921 1074 4966 motu
1104 4914 1243 4966 volvi
1283 4914 1508 4976 dicunt;
1540 4916 1795 4982 quocirca
1845 4913 2106 4981 planetas,
2153 4928 2341 4963 erran-

789 5009 919 5052 tesve
942 4998 1136 5060 stellas,
1170 5014 1264 5052 cos
1293 4998 1653 5067 appellarunt.
1691 4997 1898 5050 C(elum
1938 4997 2083 5049 enim
2117 4995 2182 5048 ab
2213 5003 2335 5047 ortu

785 5090 853 5143 ad
908 5104 1158 5143 occasum
1217 5090 1359 5143 volvi
1419 5089 1708 5158 inquiunt;
1760 5088 2007 5156 planetas
2052 5096 2230 5140 autem
2270 5089 2336 5139 ab

855 5230 1054 5321 "Gen.
1089 5282 1124 5330 ι,
1156 5266 1206 5317 3.
1283 5265 1584 5319 "lbid.5.
1682 5261 2540 5318 "Basil.lioni.2inllcxacm.
2619 5261 2974 5326 “Germ,

776 5328 820 5359 ’⁵
853 5337 926 5391 id.
969 5328 1120 5390 lium.
1149 5336 1180 5388 6
1218 5337 1270 5389 in
1305 5333 1554 5388 llexaem.

2445 3283 2630 3351 λήνην,
2686 3283 2779 3333 καὶ
2829 3284 2951 3342 τοὺς
2993 3283 3241 3350 ἀστέρας,
3302 3284 3379 3342 είς
3409 3281 3580 3348 ἀρχὰς
3621 3283 3715 3332 καὶ
3746 3282 3996 3343 ἐξουσίαν

2443 3373 2542 3441 τῆς
2563 3373 2772 3435 νυκτὸς,
2805 3373 2897 3424 τοῦ
2931 3373 3181 3438 φωτίζειν
3211 3373 3396 3441 αὑτήν.
3432 3372 3543 3434 Νὺξ
3575 3372 3629 3420 δέ
3652 3373 3822 3430 ἐστιν,
3848 3373 3902 3420 ἐν
3927 3371 3996 3437 τῷ

2443 3462 2533 3512 τὸν
2560 3461 2708 3530 ἣλιον
2737 3461 2840 3513 ὑπὸ
2867 3462 2967 3529 γῆν
2995 3456 3132 3512 εἶναι
3154 3478 3167 3491 ·
3192 3462 3284 3512 καὶ
3311 3461 3580 3527 διάστημα
3599 3459 3799 3519 νυκτός
3831 3461 3990 3523 ἐστιν,

2445 3551 2551 3604 ἀπὸ
2576 3551 2777 3612 δύσεως
2807 3552 2996 3619 μέχρις
3025 3551 3283 3618 ἀνατολῆς
3313 3549 3415 3602 ὑπὸ
3439 3550 3540 3616 γῆν
3576 3549 3667 3600 τοῦ
3698 3549 3858 3617 ἡλίου
3885 3550 3995 3615 δρὸ-

2447 3657 2566 3709 μος.
2611 3641 2673 3692 Ἦ
2712 3639 2904 3708 σελήνη
2971 3639 3145 3691 τοίνυν
3197 3640 3289 3690 καὶ
3333 3638 3381 3689 οἱ
3437 3638 3662 3706 ἀστέρες
3691 3637 3994 3704 ἐτάχθησαν

2444 3729 2541 3799 τὴν
2566 3729 2733 3781 νύκτα
2757 3728 3028 3796 φωτίζειν,
3061 3729 3154 3797 οὐχ
3200 3729 3273 3789 ὡς
3305 3731 3370 3796 τῇ
3423 3726 3602 3794 ἡμέρᾳ
3631 3727 3872 3776 πάντοτε
3902 3727 3995 3777 ὑπὸ

2445 3819 2546 3886 γῆν
2565 3818 2749 3879 δντες’
2805 3819 2910 3869 εἰσὶ
2953 3818 3058 3886 γὰρ
3114 3818 3204 3869 καὶ
3249 3818 3308 3868 ὲν
3359 3817 3537 3884 ἡμέρᾳ
3563 3816 3793 3883 ἀστέρες
3837 3816 3896 3865 ὲν
3925 3813 3994 3880 τῷ

2443 3909 2661 3978 οὐρανῷ
2721 3909 2860 3978 ὑπὲρ
2917 3909 3015 3976 Ῠῆν
3037 3925 3049 3935 ⁸
3086 3908 3199 3960 ἀλλ’
3241 3908 3268 3958 ὁ
3297 3907 3444 3975 ἥλιος
3480 3905 3703 3964 τούτους
3739 3905 3879 3971 ἅμα,
3912 3904 3993 3955 καὶ

2446 4001 2542 4068 τὴν
2588 3999 2816 4068 σελήνην
2885 4003 2952 4066 τῇ
3009 3999 3329 4066 φαιδροτέρᾳ
3388 3997 3547 4064 αἴγλῃ
3603 3996 3993 4061 ἀποκρύπτων,

2443 4091 2544 4140 οὐκ
2571 4091 2630 4155 ἐᾷ
2662 4088 2962 4155 φαίνεσθαι.

2515 4179 2638 4238 Τοῖς
2677 4177 2952 4244 φωστῆρσι
2997 4176 3204 4236 τούτοις
3252 4176 3312 4224 τὸ
3362 4174 3764 4242 πρωτόκτιστον
3821 4173 3932 4236 φῶς
3969 4172 3992 4220 ὁ

2445 4268 2778 4336 Δημιουργὸς
2801 4267 3111 4327 ἐναπέθετο,
3136 4267 3230 4333 οὐχ
3265 4265 3339 4326 ὡς
3368 4263 3586 4331 ἀπορῶν
3611 4263 3772 4313 ἄλλου
3803 4264 3990 4329 φωτὸς.

2445 4359 2670 4409 ἀλλ’ἵνα
2704 4359 2775 4426 μὴ
2798 4360 2965 4424 ἀργὸν
3016 4358 3189 4408 ἐκεῖνο
3250 4354 3406 4423 μείνῃ
3467 4354 3525 4403 τὸ
3565 4353 3702 4418 φῶς.
3767 4348 4018 4420 Φωστὴο

2444 4449 2549 4516 γάρ
2577 4451 2741 4511 ἐστιν,
2767 4449 2864 4498 οὐκ
2885 4448 3010 4498 αὐτο
3037 4448 3094 4497 τὸ
3113 4446 3246 4514 φῶς,
3269 4445 3402 4497 ἀλλὰ
3435 4442 3606 4510 φωτὸς
3627 4443 3859 4509 δοχεῖον,

2519 4730 2612 4780 Ἐκ
2635 4727 2834 4780 τούτων
2856 4727 2962 4776 τῶν
3005 4727 3300 4792 φωστήρων
3331 4710 3468 4774 ἑπτά
3513 4719 3790 4788 πλακήτας
3831 4721 3987 4788 φασί·

2443 4820 2533 4871 καὶ
2562 4819 2810 4884 λέγουσιν
2838 4818 3034 4877 αὐτοὺς
3065 4815 3311 4867 ἐναντίαν
3336 4815 3428 4866 τοῦ
3455 4814 3686 4882 οὐρανοῦ
3724 4814 3988 4864 κινεῖσθαι

2441 4909 2652 4976 κίνησιν
2691 4922 2703 4935 ⁸
2745 4908 2824 4959 διὸ
2873 4907 3144 4974 πλανήτας
3195 4905 3388 4966 αὐτοὺς
3419 4903 3719 4956 ὲιὲάλεσαν·
3771 4905 3868 4955 τὸν
3905 4905 3992 4972 μὶν

2441 4999 2549 5066 γὰρ
2568 4997 2792 5066 οὐρανόν
2817 5014 2999 5064 φησιν,
3021 4996 3076 5059 ἐξ
3106 4995 3378 5046 ἀνατολῶν
3421 4995 3553 5060 πρὸς
3581 4993 3795 5061 δυσμὰς
3835 4996 3990 5043 κινεῖ-

2444 5086 2567 5138 σΟαι
2593 5102 2604 5114 ·
2633 5085 2757 5147 τοὺς
2780 5086 2835 5137 δὲ
2867 5085 3136 5152 πλανήτας
3193 5084 3253 5133 ἐκ
3293 5082 3508 5148 δυσμῶν
3552 5082 3646 5131 ἐπὶ
3696 5082 3986 5139 ἀνατολάς²

3075 5259 3118 5292 ’⁸
3151 5259 3312 5314 Basil.
3342 5259 3485 5320 hom,
3518 5258 3571 5308 2.
3631 5257 3686 5310 in
3735 5257 3989 5311 llexacm.

2032 5484 2256 5540 nam:
2299 5445 2698 5547 LECTIONES;

859 5611 1056 5663 I’Edita
1102 5621 1154 5663 et
1186 5610 1332 5676 Regii
1368 5609 1488 5669 ὑπὸ,
1526 5614 1712 5678 contra
1767 5606 2004 5678 auctoris
2049 5613 2400 5678 veterumque
2453 5605 2796 5678 sententiam,
2859 5603 2947 5678 qui
2982 5602 3154 5672 ignem
3221 5616 3378 5669 supra
3421 5614 3601 5655 aerem
3655 5603 3988 5654 statuerunt.

783 5680 961 5736 0Cod.
993 5681 1045 5734 S.
1083 5678 1209 5744 ilil.,
1241 5680 1384 5749 lic-gii
1410 5688 1550 5742 01:10,
1587 5676 1740 5730 συιδ.
1779 5675 1914 5730 ριΝ.
1949 5677 2032 5730 hic
2075 5683 2127 5730 et
2164 5675 2298 5727 i'nlra
2342 5675 2604 5738 ἐξουσίας.
