4198 6492
225 529 319 601 893

1285 542 1381 602 DE
1423 539 1600 601 FIDE
1639 536 2101 598 ORTHODOXA
2143 541 2286 599 LIB.
2319 542 2398 601 II.

3369 550 3473 615 8‘34

222 661 330 710 των,
348 642 494 714 ἡλίου
535 660 617 710 τε,
653 644 747 698 καὶ
799 647 1048 717 σελήνης,
1083 648 1368 719 ἀνατολῆς,
1407 649 1502 702 καὶ
1551 646 1776 710 δύσεως,

1890 660 2070 704 contra
2100 651 2293 720 fatum.
2326 683 2393 693 -—
2424 651 2545 707 Jam
2583 669 2729 708 vero.
2748 656 3004 724 gentiles,
3042 657 3368 728 peritorum
3398 661 3472 715 si-

221 737 304 788 καὶ
320 735 695 808 συγκρούσεως
731 746 783 803 ³,
818 738 953 806 φασὶ
1006 739 1183 793 πάντα
1211 741 1530 795 διοικεῖσθαι
1563 741 1630 795 τὰ
1654 740 1770 793 καθ’

220 828 362 898 ἡμᾶς.
390 827 529 894 Περὶ
554 827 729 883 ταῦτα
773 829 884 900 γὰρ
937 833 970 900 ἡ
1010 831 1340 901 ἀστρολογία
1376 832 1736 900 καταγίνεται
1758 848 1772 863 ·

221 918 357 986 ἡμεῖς
379 917 446 970 δέ’
467 935 668 988 φαμεν,
697 919 779 972 ὅτι
813 924 1016 989 σημεῖα
1052 923 1149 992 μὲν
1181 923 1238 988 ἐξ
1284 922 1463 974 αὐτῶν
1509 924 1774 991 γίνονται,

221 1007 401 1078 δμόρου
433 1010 530 1062 καὶ
563 1009 887 1082 ἀνομᾶρίας,
918 1011 1133 1081 ψυξεώς
1147 1031 1207 1066 τε
1238 1014 1331 1067 καὶ
1358 1012 1592 1084 θέρμης,
1623 1016 1779 1086 ὑγρό-

220 1100 357 1168 τητός
389 1117 448 1152 τε
470 1101 565 1153 καὶ
589 1101 903 1177 ξηρότητος,
933 1103 1028 1157 καὶ
1061 1105 1300 1174 ἀνέμων,
1346 1105 1438 1158 καὶ
1462 1107 1570 1158 τῶν
1599 1107 1777 1160 τοιού-

221 1206 348 1242 των’
380 1190 488 1244 τῶν
521 1191 576 1245 δὲ
599 1192 885 1263 ἡμετέρων
937 1193 1213 1265 πράξεων,
1271 1195 1545 1265 οὐδαμῶς.
1588 1199 1780 1269 Ἡμεῖς

221 1281 316 1352 γᾶρ
336 1283 667 1348 αὖτεξούσιοι
707 1286 812 1338 ὑπὸ
839 1286 932 1340 τοῦ
965 1287 1309 1359 Δημιουργοῦ
1349 1288 1651 1359 γενόμενοι,
1685 1291 1782 1343 κύ-

226 1392 315 1444 ριοι
339 1374 443 1426 τῶν
473 1376 756 1447 ἡμετέρων
803 1377 1122 1449 ὑπάρχομεν
1168 1379 1440 1448 πράξεων.
1479 1381 1540 1432 Εἰ
1573 1379 1682 1451 γὰρ
1717 1383 1781 1436 ἐκ

221 1466 309 1533 τῆς
339 1464 444 1518 τῶν
497 1467 743 1538 ἀστέρων
807 1471 980 1540 φορᾶς
1054 1471 1233 1524 πάντα
1289 1471 1625 1542 πράττομεν,
1660 1476 1781 1526 κατ’

221 1560 447 1631 ἀνάγκην
482 1564 817 1631 πράττομεν,
846 1564 882 1618 ἃ
904 1564 1219 1637 πράττομεν
1238 1584 1253 1600 ο
1283 1568 1342 1620 τὸ
1367 1567 1422 1620 δὲ
1447 1569 1569 1621 κατ’
1608 1569 1780 1638 ἀνάγ-

221 1669 314 1719 κην
328 1654 769 1722 γινόμενον,οῠτε
791 1657 1117 1727 ἀρετὴ,οῦτε
1139 1656 1304 1712 κακία
1322 1659 1484 1712 ἐστίν’
1509 1659 1626 1713 εἰδὲ
1648 1663 1784 1729 μήτε

219 1739 404 1813 ἀρετὴν
428 1747 566 1816 μήτε
595 1749 794 1802 κακίαν
825 1749 1165 1820 κεκτήμεθα,
1212 1749 1334 1804 οὔτε
1379 1752 1635 1815 ἐπαίνων,
1663 1751 1785 1804 οὔτε

220 1833 477 1889 κολάσεων
501 1837 815 1910 ὑπάρχομεν
838 1841 998 1906 ἄξιοι·
1024 1842 1376 1914 εὑρεθήσεται
1405 1843 1460 1896 δὲ
1489 1844 1583 1897 καὶ
1609 1846 1636 1896 ὁ
1657 1843 1787 1907 Θεὸς

220 1923 408 1988 ἄδικος,
465 1929 576 1990 τοῖς
633 1930 752 1998 μὲν,
807 1933 1011 2001 ἀγαθὰ,
1069 1937 1180 1997 τοῖς
1216 1934 1292 1997 δὲ,
1328 1934 1537 2005 θλίψεις
1591 1935 1782 1998 διδούς.

231 2015 358 2068 Ἀλλ’
382 2018 499 2072 οὐδὲ
530 2019 880 2092 κυϐέρνησιν,
920 2023 1040 2078 οὐδὲ
1078 2026 1186 2078 τῶν
1219 2026 1415 2080 ἑαυτοῦ
1469 2027 1785 2096 κτισμάτων

1891 2024 2162 2094 supplicio
2213 2023 2363 2095 digni
2415 2040 2608 2080 sumus
2658 2041 2669 2076 :

215 2105 243 2157 ὀ
264 2105 386 2171 Θεὸς
424 2111 706 2181 ποιήσεται
741 2114 1024 2183 πρόνοιαν,
1056 2118 1104 2170 εί
1133 2120 1251 2171 κατ’
1286 2118 1534 2188 ἀνάγκην
1560 2117 1784 2192 δξγονται

215 2195 280 2247 τὰ
305 2197 497 2265 πάντα,
528 2201 622 2253 καὶ
652 2200 931 2273 φέρονται.
978 2206 1090 2258 Καὶ
1118 2206 1178 2258 τὸ
1203 2207 1424 2274 λογικὸν
1448 2206 1502 2258 δὲ
1533 2205 1787 2275 περιττὸν

215 2288 271 2338 ἐν
296 2289 591 2358 ήμῖνέσται
612 2309 626 2322 ο
665 2293 937 2364 μηδεμιᾶς
967 2297 1076 2368 γὰρ
1105 2297 1258 2360 ὄντες
1289 2298 1542 2366 πράξεως
1570 2296 1777 2367 κύριοι,

213 2382 474 2448 περιττῶς
508 2383 910 2457 βουλευόμεθα·
953 2389 1016 2442 τὸ
1065 2390 1122 2442 δὲ
1163 2391 1401 2459 λογικὸν,
1436 2391 1654 2452 πάντως
1683 2389 1783 2457 τῆς

213 2470 402 2543 βουλῆς
425 2476 555 2546 ἡμῖν
585 2477 772 2534 ἕνεκεν
828 2481 1072 2536 δέδοται·
1106 2483 1228 2537 ὅθεν
1265 2486 1370 2538 πᾶν
1413 2483 1651 2552 λογικὸν,
1688 2484 1781 2536 καὶ

212 2565 571 2630 αὐτεξούσιον.

211 2658 442 2714 rationis
504 2662 692 2732 utique
735 2665 1084 2719 consultandi
1131 2681 1298 2722 causa
1343 2669 1502 2724 nobis
1556 2682 1819 2724 concessa

208 2770 424 2824 quoque
453 2756 702 2812 libertate
733 2761 1018 2828 praeditum
1054 2769 1158 2816 est.

292 2846 478 2915 Ἡμεῖς
502 2848 557 2901 δέ
581 2865 782 2919 φαμεν,
806 2852 887 2903 ὅτι
911 2852 1010 2904 οὐκ
1031 2853 1167 2906 αὐτὰ
1196 2853 1346 2906 αἴτιά
1369 2852 1511 2915 τινός
1544 2854 1649 2905 εἰσι
1675 2850 1786 2904 τῶν

208 2937 530 3004 γινομένων,
551 2937 673 2991 οὗτε
707 2941 972 3008 γενέσεως
1025 2941 1132 2994 τῶν
1166 2942 1487 3013 γινομένων,
1526 2941 1651 2994 οὔτε
1677 2940 1788 2993 τῶν

208 3029 528 3097 γινομένων,
558 3029 680 3084 οὗτε
709 3033 816 3085 τῶν
867 3034 1240 3104 φθειρομένων
1299 3034 1537 3104 φθορᾶς·
1585 3034 1794 3102 σημεῖα.

207 3119 266 3173 δὲ
289 3121 486 3189 μᾶλλον
515 3123 738 3194 ὄμϐρων
753 3142 834 3190 τε,
865 3127 960 3178 καὶ
1012 3126 1112 3194 τῆς
1142 3124 1234 3178 τοῦ
1269 3127 1429 3195 ἀέρος
1465 3124 1790 3196 μεταϐολῆς.

215 3211 379 3274 Ἴσως
400 3213 445 3265 δ’
480 3213 542 3265 ἄν
574 3231 656 3278 τις
709 3216 875 3281 εἴποι,
921 3217 1002 3269 δτι
1045 3217 1139 3269 καὶ
1181 3216 1432 3286 πολέμων
1472 3217 1572 3268 οὐκ
1623 3216 1793 3277 αἴτια,

1876 743 2093 809 derum,
2128 746 2263 798 solis
2299 746 2562 800 nimirum
2614 755 2667 802 et
2701 747 2859 811 inme,
2887 760 3066 804 ortum
3100 760 3152 805 et
3185 767 3479 819 oceasum,

1876 848 2346 905 concursumque,
2381 851 2472 892 res
2503 853 2695 893 omnes
2726 840 3024 909 gubernari
3061 851 3318 896 asserunt
3373 843 3477 911 (in-

1877 923 1965 978 bis
1992 924 2137 978 enim
2173 925 2476 996 astrologia
2510 932 2819 997 versatur);
2867 946 2967 985 nos
2995 939 3189 985 contra
3239 932 3469 988 imbrem

1879 1016 2102 1084 quidem
2157 1032 2221 1072 ac
2272 1023 2651 1084 serenitatem,
2711 1021 2886 1090 frigus
2943 1022 3072 1077 item
3106 1030 3159 1076 et
3207 1023 3468 1089 calorem,

1879 1108 2167 1163 humorem
2193 1118 2256 1163 ct
2279 1112 2623 1176 siccitatem,
2649 1120 2842 1167 ventos
2868 1112 3130 1182 denique,
3166 1122 3330 1182 atque
3366 1117 3471 1169 alia

1880 1202 2151 1270 ejusmodi
2180 1218 2348 1271 perea
2383 1203 2681 1274 signiﬁcari
2711 1219 2818 1257 non
2844 1205 2988 1259 imus
3008 1206 3220 1259 inﬁcias
3240 1207 3260 1237 ³
3284 1225 3296 1260 :
3319 1207 3470 1275 quod

1882 1308 2012 1348 vero
2062 1294 2377 1349 actionibus
2408 1295 2617 1349 nostris
2646 1310 2808 1348 Omen
2844 1295 3016 1348 ullum
3066 1296 3381 1363 importem,
3421 1299 3473 1350 id

1883 1401 2270 1456 pernegamus.
2328 1385 2460 1439 Nam
2494 1401 2619 1438 cum
2671 1387 2832 1439 liberi
2866 1386 3084 1440 arbitrii
3122 1402 3150 1438 a
3179 1386 3489 1442 Cotiditorc-

1886 1479 2098 1548 praediti
2151 1479 2351 1539 simus,
2401 1478 2529 1530 hinc
2563 1477 2804 1530 efﬁcitur
2863 1486 2922 1530 ut
2975 1479 3222 1533 actiones
3270 1490 3476 1531 nostrm

1882 1568 2026 1637 juris
2051 1569 2224 1622 nostri
2251 1567 2382 1621 sint.
2408 1566 2650 1633 Alioqui,
2680 1566 2724 1619 si
2750 1581 2814 1619 ex
2837 1569 3078 1620 siderum
3101 1577 3248 1620 motu
3276 1578 3474 1620 cuncta

1889 1659 2144 1724 facimus,
2199 1661 2445 1728 sequitur
2481 1669 2539 1712 ut
2585 1673 2665 1711 ea]
2694 1673 2815 1725 quae
2870 1658 3116 1711 facimus
3145 1660 3474 1713 necessitate

1889 1749 2217 1805 faciamus".
2269 1748 2327 1804 ω
2384 1765 2558 1820 porro
2581 1750 2729 1818 quod
2787 1753 3124 1804 necessitate
3175 1751 3251 1812 ﬁt,
3298 1767 3478 1820 neque

1889 1843 2088 1906 virtus,
2123 1857 2303 1911 neque
2339 1843 2536 1896 vitium
2587 1851 2692 1896 est.
2731 1842 2890 1908 Quod
2929 1843 2974 1896 si
3030 1858 3133 1896 nec
3188 1843 3472 1907 virtutem,

1890 1950 1992 1988 nec
2023 1934 2218 1987 vitium
2266 1934 2557 2001 habemus,
2606 1934 2854 2004 profecto
2913 1950 3014 1988 nec
3061 1935 3342 2000 laudibus,
3378 1951 3480 1990 nec

2720 2021 2885 2093 atque
2930 2026 3000 2077 ita
3057 2025 3284 2093 iniquus
3333 2023 3478 2078 Deus

1890 2115 2217 2185 reperietur,
2238 2114 2369 2169 dum
2393 2115 2518 2169 aliis
2545 2131 2633 2169 res
2660 2115 2956 2178 secundas,
2984 2115 3107 2168 aliis
3129 2114 3479 2167 calamitosas

1891 2206 2108 2260 tribuit}
2126 2206 2242 2259 lmo
2267 2221 2395 2260 vero
2420 2220 2524 2260 nec
2550 2206 2884 2275 gubernabit
2913 2203 3057 2258 Deus
3093 2219 3181 2256 res
3204 2204 3478 2269 conditas,

1893 2314 1994 2353 nec
2037 2298 2118 2352 eis
2171 2296 2504 2367 providebit,
2546 2297 2590 2351 si
2644 2296 2867 2365 quidem
2910 2297 3096 2350 omnia
3149 2296 3482 2349 necessitate

1893 2399 2127 2461 agantur
2182 2406 2245 2443 ac
2300 2389 2590 2455 ferantur;
2645 2403 3171 2463 supervacaneaque
3221 2388 3276 2440 in
3322 2387 3481 2442 nobis

1895 2482 2000 2536 erit
2052 2496 2178 2550 pars
2232 2479 2546 2533 rationalis.
2591 2477 2723 2531 Nam
2762 2478 2808 2533 si
2848 2478 3002 2532 nulla
3040 2481 3184 2532 actio
3231 2494 3260 2533 e
3293 2489 3482 2532 nostro

1894 2573 2126 2628 arbitrio
2163 2572 2381 2643 pendet,
2434 2571 2642 2626 frustra
2691 2571 3113 2626 consultamus:
3146 2571 3228 2626 vis
3279 2571 3493 2640 quippe.-

1877 2676 2002 2722 est:
2041 2667 2184 2720 unde
2229 2665 2392 2720 etiam
2426 2664 2696 2734 quidquid
2745 2664 2962 2721 ratione
3013 2663 3212 2732 utitur,
3265 2659 3480 2716 arbitrii

1965 2847 2156 2904 Sidera
2205 2850 2561 2918 prognostica.
2593 2877 2661 2888 --
2681 2848 3053 2912 Quamobrem
3082 2848 3196 2902 hoc
3223 2846 3494 2913 dicimus,

1893 2940 2074 2996 sidera
2114 2955 2215 2995 nec
2239 2956 2427 2993 eorum
2447 2955 2567 3009 qua:
2594 2941 2946 3010 contingunt,
2972 2954 3071 2993 nec
3103 2949 3258 2994 ortus
3291 2953 3484 2993 eorum

1892 3048 2016 3102 qua:
2055 3041 2385 3094 nascuntur,
2421 3048 2519 3085 nec
2554 3030 2746 3086 eoru'm
2774 3048 2897 3102 quae
2932 3041 3182 3100 pereunt,
3226 3030 3489 3084 interitus

1895 3135 2096 3176 causas
2154 3133 2278 3177 esse
2328 3138 2341 3175 :
2387 3135 2577 3175 verum
2659 3122 2818 3191 signa
2885 3120 3073 3190 potius
3139 3121 3493 3189 pluviarum,

1896 3213 2153 3281 aerisque
2231 3213 2577 3267 mutationis.
2640 3212 2965 3282 Quanquam
3032 3227 3132 3267 nec
3193 3211 3487 3268 defuturus

207 3302 350 3356 ἀλλὰ
378 3307 578 3374 σημεῖα
609 3305 960 3360 συνίστανται
984 3323 995 3336 ·
1022 3307 1114 3359 καὶ
1136 3308 1168 3376 ἠ
1191 3307 1412 3375 ποιότης
1431 3306 1488 3358 δὲ
1511 3305 1602 3359 τοῦ
1637 3305 1796 3375 ἀέρος

1901 3305 2139 3366 fortasse,
2178 3315 2288 3372 est,
2345 3308 2438 3377 qui
2478 3307 2748 3361 bellorum
2804 3321 2867 3360 ea
2926 3321 3146 3377 quoque
3177 3307 3335 3376 signa
3366 3320 3499 3360 esse.

209 3396 514 3465 ποιουμένη
550 3397 707 3451 ι’ὑπὸ
737 3398 906 3468 ἡλίου,
940 3399 1034 3452 καὶ
1061 3398 1315 3470 σελήνης,
1348 3399 1442 3451 καὶ
1484 3397 1592 3450 τῶν
1634 3397 1796 3450 ἀστέ-

211 3502 350 3556 ρων,
378 3486 552 3552 ἄλλως
575 3492 670 3543 καὶ
702 3489 877 3554 ἄλλως
937 3491 1228 3562 διαφόρους
1251 3492 1494 3556 κράσεις,
1521 3491 1798 3556 καὶέξεις,

194 3576 311 3629 καὶ
335 3577 604 3643 διαθέσεις
634 3582 966 3652 συνίστησιν.
1014 3584 1079 3635 Al
1112 3581 1168 3634 δὲ
1196 3581 1338 3645 ἕξεις
1373 3581 1480 3634 τῶν
1511 3579 1596 3649 ἐφ’
1627 3583 1755 3651 ἡμῖν
1781 3598 1794 3612 ο

207 3669 546 3739 κρατοῦνται
572 3673 680 3740 γὰρ
705 3672 784 3743 τῷ
842 3673 1005 3744 λόγῳ,
1054 3674 1149 3726 καὶ
1177 3672 1403 3741 ἄγονται
1433 3673 1796 3744 πρεπόμεναι.

1903 3387 2070 3463 dicat,
2104 3400 2322 3454 tametsi
2360 3415 2471 3453 non
2501 3415 2723 3454 causas.
2748 3399 2890 3464 Quin
2925 3415 3018 3453 aer
3043 3413 3264 3469 quoque
3297 3412 3326 3450 a
3348 3397 3492 3460 sole,

1904 3490 2132 3554 ctluna,
2166 3499 2220 3544 et
2250 3490 2417 3544 astris
2449 3489 2558 3543 alia
2600 3489 2839 3544 subinde
2885 3497 3048 3560 atque
3086 3490 3194 3544 alia
3224 3488 3490 3559 qualitate

1906 3579 2180 3644 allectus,
2238 3575 2452 3635 diversa
2513 3589 2968 3648 temperameuta,
3020 3580 3382 3649 habitusque,
3436 3583 3494 3634 et

1908 3672 2228 3728 affectiones
2261 3673 2433 3743 gignit
2456 3672 2496 3728 '.
2536 3671 2767 3728 liabitus
2799 3689 2963 3742 porro
3010 3675 3153 3729 inter
3184 3690 3248 3728 ea
3281 3688 3404 3743 qua:
3433 3671 3495 3725 in

208 3773 410 3820 nostra
441 3775 715 3837 potestate
755 3770 1101 3835 consistunt,
1149 3767 1486 3824 referuntur.
1518 3769 1558 3821 li
1600 3768 1800 3838 quippe
1840 3767 1944 3823 sub
1984 3767 2221 3821 rationis
2255 3766 2485 3836 imperio
2520 3776 2671 3830 sunt,
2717 3767 2785 3821 ab
2848 3783 3022 3837 eaque
3085 3768 3488 3839 gubernantur,

205 3866 268 3912 et
299 3857 685 3914 immutantur.

286 3947 644 4003 Συνίστανται
673 3949 728 4003 δὲ
759 3950 1018 4015 πολλάκις
1042 3951 1136 4005 καὶ
1166 3947 1661 4021 κομῆται,,σημεῖἀ.
1677 3964 1798 4002 τινα

208 4040 450 4093 θάνατον
477 4039 739 4110 δηλοῦντα
779 4041 1040 4112 βασιλέων
1066 4041 1300 4108 ³,,ἆτινα
1331 4042 1429 4093 οὐκ
1462 4040 1568 4092 εἰσὶ
1612 4039 1719 4092 τῶν
1744 4037 1802 4103 ἐξ

208 4130 399 4201 ἀρχῆς
420 4132 803 4202 γεγενημένων
849 4131 1084 4202 ἄστρων,
1141 4131 1276 4185 ἀλλὰ
1313 4129 1389 4200 τῷ
1419 4129 1546 4197 θείῳ
1579 4131 1808 4200 προστά⁸

293 4306 319 4341 ³
342 4306 512 4365 Basil.
549 4309 695 4375 hom,
721 4305 754 4364 6
777 4309 831 4363 in
888 4307 1148 4364 Hexaem.

1247 4311 1269 4342 "
1316 4307 1538 4363 Netues.
1585 4305 1660 4362 De
1684 4315 1794 4360 nat.
1837 4305 1979 4358 hom.
2009 4297 2062 4356 ἒ.
2098 4301 2186 4357 54.

1976 3938 2226 3994 ϐοηιρῑω.
2261 3938 2473 3994 Christo
2500 3949 2762 4004 nascente,
2792 3941 2938 3996 sidus
2962 3945 3491 4002 norum—Plerumv

1910 4047 2017 4102 que
2075 4031 2302 4100 insuper
2350 4044 2658 4100 exsurgunt.
2717 4041 2967 4100 cometae,
3019 4049 3207 4104 regum
3258 4046 3488 4091 mortem

1916 4123 2357 4195 portendentes:
2405 4124 2498 4193 qui
2546 4132 2724 4179 tamen
2767 4138 2875 4178 non
2931 4139 2996 4179 ex
3052 4125 3162 4181 illis
3219 4127 3497 4184 sideribus

2270 4299 2290 4330 ⁸
2318 4299 2484 4355 Basil.
2529 4302 2676 4357 hom.
2712 4303 2744 4358 6
2767 4302 2822 4356 in
2845 4300 3102 4357 llexaem.

1489 4461 1720 4518 VARUE
1762 4457 2166 4515 LECTIONES.

291 4585 325 4615 ι
357 4577 490 4646 Reg.
511 4576 545 4629 '5
581 4577 952 4648 συγκρᾲσεως.
985 4576 1076 4631 Sic
1100 4577 1294 4641 Faber,
1315 4579 1695 4632 commistionis
1733 4577 1835 4648 {in
1855 4578 1977 4632 cod.
2015 4576 2070 4632 S.
2093 4576 2222 4648 llil.,
2259 4575 2353 4630 sed
2386 4590 2549 4648 supra
2573 4576 2774 4648 lineam
2803 4588 2828 4625 a
2856 4572 3204 4648 recognitore
3221 4587 3282 4620 ου
3312 4584 3409 4648 pro
3435 4587 3488 4648 α,

208 4643 536 4720 appositum
581 4643 912 4720 [uit_._'_Colli._
946 4663 1090 4701 unus
1148 4649 1306 4720 habet
1337 4649 1706 4720 συγκρίσεως)
1758 4646 1952 4720 l‘joster
1988 4646 2389 4720 συγκρούσεως,
2423 4645 2543 4720 ῇτοι
2593 4643 2835 4720 συνόδῳ.

215 4715 317 4784 12,
351 4726 408 4770 et
435 4715 783 4771 cod.S..Hil.
829 4717 1030 4770 habent
1079 4718 1427 4785 ποιουμένου.
1482 4715 1526 4754 ’³
1567 4718 1706 4772 Cod.
1763 4717 1819 4770 S.

2941 4650 2968 4689 γ
2993 4638 3153 4694 Coll).
3186 4641 3208 4691 l
3258 4649 3310 4691 et
3343 4638 3493 4708 Regii

1883 4718 1989 4772 llil.
2026 4709 2179 4782 Reg-ii
2213 4716 2244 4770 9
2306 4709 2552 4772 θανάτων
2607 4712 2897 4782 βασιλέων·
2962 4711 3040 4766 sic
3093 4709 3286 4773 Faber,
3345 4711 3492 4778 signa

213 4783 478 4858 quadam
518 4787 834 4840 interi‘tuum
889 4803 1091 4857 regum.
1133 4783 1267 4858 Reg.
1291 4787 1430 4840 2427
1465 4787 1717 4853 θάνατον,
1750 4787 1781 4857 ἢ
1813 4787 2088 4853 ἀνάδειξιν
2117 4787 2448 4856 σημαίνουσι
2479 4783 2769 4852 βασιλέων.

1741 4919 1983 4974 ΝΟΤκΕ..

208 5024 552 5089 eventuum,
587 5032 800 5089 quaee:
823 5017 999 5089 libera
1039 5016 1322 5089 hominum
1367 5016 1658 5089 voluntate
1685 5031 1818 5084 peu-
1854 5018 1896 5072 D
1926 5013 2194 5089 ejusmodi
2232 5011 2528 5089 signorum:
2549 5008 2963 5089 perceptionem
2988 5006 3259 5089 attingere
3312 5017 3473 5089 posse

209 5087 387 5147 dent,
450 5102 632 5141 causa:
675 5088 786 5141 sint
845 5086 1183 5151 effectrices;
1221 5086 1479 5141 concedit
1530 5095 1713 5153 taipcu
1757 5101 1818 5139 ea

210 5159 422 5227 omnia
450 5172 570 5224 quae
602 5157 742 5224 apud
778 5173 878 5211 nos
916 5167 1208 5227 geruntur,
1254 5171 1283 5208 a
1329 5156 1606 5227 sideribus
1653 5156 1822 5226 signi-

209 5226 414 5287 ﬁcari,
449 5227 577 5294 quia
604 5228 656 5280 in
697 5227 844 5281 libro
874 5225 968 5296 qui
999 5227 1390 5281 Testamentum
1416 5225 1697 5296 duodecim
1713 5225 1822 5292 pai-

213 5295 596 5348 trium-harum
657 5294 1022 5360 inscribitur,
1099 5298 1306 5364 legerat
1381 5297 1584 5350 dixisse
1657 5294 1825 5349 .lacob

210 5365 355 5419 lilio
378 5381 481 5419 suo
519 5364 758 5436 Josepb‘;
806 5366 932 5436 Legi
970 5369 1022 5419 in
1078 5367 1275 5418 tabulis
1337 5366 1451 5419 caeli
1496 5367 1673 5419 omnia
1708 5381 1824 5436 quae

208 5436 471 5489 evenient
502 5434 669 5491 vobis:
696 5434 852 5490 Unde
884 5434 1171 5490 contendit
1220 5438 1419 5489 caelum
1467 5436 1643 5490 inStar
1671 5435 1824 5487 volu-

213 5505 410 5559 minis
448 5520 593 5568 esse,
630 5508 683 5560 in
716 5521 824 5573 quo
875 5507 1180 5560 exaraverit
1213 5505 1353 5558 Deus
1393 5522 1514 5574 qua:
1542 5504 1684 5573 apud
1729 5505 1824 5556 ho-

213 5575 420 5645 mines
450 5577 684 5643 gerenda
710 5585 895 5632 essent
919 5594 931 5628 :
956 5575 1101 5645 quod
1130 5591 1345 5628 l'lLl‘Slllﬂ
1385 5579 1606 5629 lirmare‘
1630 5575 1823 5627 nititur

211 5659 298 5697 ex
347 5640 654 5714 Scriptura,
686 5647 779 5700 ubi
839 5640 1042 5700 dicitur
1086 5647 1285 5698 caelum
1324 5660 1446 5700 esse
1492 5647 1824 5698 convolven-

214 5714 375 5784 dnin
409 5714 485 5777 ὡς
516 5715 740 5783 βιϐλίον,
770 5717 903 5769 sicut
931 5715 1146 5768 librum.
1185 5715 1507 5784 Opinionem
1550 5716 1823 5784 lianccen

213 5783 564 5857 Christiano
632 5786 908 5857 indignam
976 5786 1290 5857 Procopius
1332 5783 1824 5857 Gazaeusidcirco

212 5853 479 5923 respuit,
507 5856 651 5923 quod
703 5853 1093 5910 a'futurorum
1143 5855 1498 5923 inquisitione
1543 5854 1824 5908 abstinere

215 5922 565 5981 debeamus.
604 5928 872 5983 Caeterum
921 5925 1184 5995 Origenes
1221 5922 1386 5995 negat
1427 5925 1700 5980 hominem
1757 5923 1823 5977 ad

1928 5071 2032 5137 nisi
2074 5071 2141 5137 ab
2171 5071 2380 5150 angelis
2416 5071 2680 5134 caelorum
2718 5071 3294 5150 'incolisedoceatur.
3340 5071 3498 5124 Vali—

1929 5154 2052 5209 dius
2114 5143 2272 5219 ergov
2323 5151 2424 5203 hoc
2496 5158 2864 5203 commentum
2927 5146 3167 5221 Basilius
3229 5143 3496 5221 magnus,

1931 5225 2116 5277 homil.
2155 5213 2268 5275 71in
2310 5221 2586 5280 Hexaem,
2624 5225 2678 5270 et
2708 5218 3047 5286 Augustinus
3079 5215 3174 5268 lib.
3206 5230 3238 5266 v
3272 5213 3345 5286 De
3395 5213 3496 5264 civ.

1928 5294 2048 5356 Dei,
2115 5292 2429 5346 convellunt
2479 5288 2728 5355 exemplo
2786 5285 3164 5357 gemellorum,
3207 5285 3316 5352 qui,
3370 5296 3497 5336 cum

1927 5366 2115 5417 eadem
2152 5362 2415 5428 temporis
2445 5368 2596 5428 parte
2660 5359 2909 5425 concepti
2943 5358 3099 5428 rsint,
3128 5357 3499 5428 proximeque

1929 5377 2115 5417 eadem
2152 5377 2256 5416 tetu
2301 5377 2415 5415 oris
2445 5377 2596 5428 parte
2660 5377 2909 5425 concepti
2955 5377 3087 5415 suit,
3144 5377 3499 5422 plcxum:un

1929 5435 2066 5487 alius
2085 5439 2208 5501 post
2237 5377 2404 5484 aiium
2437 5432 2489 5483 in
2522 5427 3008 5501 lucerpprodierit,
3027 5424 3386 5501 nihilominus
3414 5422 3501 5476 di-

1927 5495 2099 5558 versze
2129 5501 2331 5555 indolis
2359 5507 2508 5562 sunt,
2554 5509 2607 5551 et
2653 5495 2903 5552 diversas
2961 5496 3086 5548 vita:
3152 5495 3500 5549 conditiones

1927 5576 2186 5628 subeunt.
2221 5569 2364 5625 Fieri
2401 5568 2673 5638 siquidem
2705 5583 2815 5622 non
2841 5582 3019 5635 posse,
3053 5574 3115 5619 ut
3146 5566 3286 5618 idem
3317 5566 3496 5638 sidus,

1926 5645 1979 5697 in
2046 5643 2234 5697 eadem
2286 5639 2411 5694 caeli
2470 5634 2704 5692 statione
2737 5634 2995 5706 positum,
3039 5644 3149 5688 tam
3189 5634 3498 5706 contrarios

1925 5722 2155 5768 eventus
2201 5708 2514 5779 portendat.
2547 5703 2801 5782 Attamen
2858 5707 3098 5782 Basilius
3126 5703 3378 5782 concedit
3403 5716 3497 5782 va.

1924 5785 2038 5838 rias
2069 5777 2941 5849 anni'tenipestates,_variasque
2991 5777 3498 5849 aerisiuunutatioo

1924 5869 2022 5908 nes
2055 5869 2082 5904 a
2114 5853 2227 5906 sole
2254 5858 2308 5904 et
2343 5845 2507 5904 astris
2560 5845 2696 5904 ellici
2749 5856 2804 5906 et
2851 5845 3202 5920 'signiticari;
3246 5846 3391 5918 quod
3445 5853 3498 5901 et

1926 5926 2208 5994 eleganter
2232 5920 2487 5990 explicat.
