4180 6450
188 465 287 529 89’!

1234 467 1328 523 DF.
1362 467 1532 525 FIDE
1563 467 2007 526 ORTHODOXA
2040 468 2178 527 LIB.
2223 470 2272 527 ll
2312 536 2313 539 η

3251 485 3354 549 898

187 576 233 624 ot
262 573 456 625 δώὰκα
492 574 653 642 μῆνες
683 573 777 640 τῆς
826 571 1063 637 alia-ag,
1121 571 1309 623 ’Ξνῖεκα
1348 573 1551 639 ἡμέρας
1614 572 1715 622 ὶεί-
1746 608 1755 630 λ

1829 572 2109 635 )rmcessit.
2146 574 2185 622 Λ
2231 580 2425 639 quatta
2466 574 2604 627 enim
2660 576 2745 630 die
2779 578 2843 628 ad
2880 595 3047 647 usque
3093 582 3348 639 decimam

187 666 447 715 πουσινὲκ
475 664 579 715 τῶν
606 663 808 713 δώδεκα
842 659 1019 726 μηνῶν
1053 659 1141 709 τοῦ
1174 660 1342 725 ἡλίου.
1394 663 1453 711 Ui
1484 661 1577 728 μὲν
1608 662 1711 727 vir,

184 752 276 805 τοῦ
321 753 469 822 ἡλίου
514 750 824 820 τριακοσίας
877 748 1133 817 ἑξήκοντα
1201 748 1389 811 πέντε,
1433 752 1709 816 τέταρτον,
1748 748 1755 756 ⁸

186 844 390 912 ἡμέρας
412 842 612 909 ἔχουσι.
640 839 728 890 Διὸ
752 839 843 890 τοῦ
872 841 1123 905 τετάρτου
1155 838 1530 905 συντιθεμένου
1578 841 1713 890 κατὰ

183 936 415 1001 τέσσαρα
444 932 559 1003 ἔτη,
589 928 683 997 μία
700 927 1033 980 ἀποτελεῖται
1070 928 1269 997 ἡμέρα,
1320 930 1439 996 ἥτις
1499 930 1709 995 λέγεται

186 1024 439 1090 βίσεξτος.
469 1020 575 1073 Καὶ
610 1021 638 1071 ό
660 1020 896 1078 ἐνιαυτὸς
942 1019 1145 1077 ἐκεῖνος
1169 1016 1287 1080 τες-⁷
1332 1019 1539 1086 ἡμέρας
1584 1019 1712 1085 ἔχει.

184 1115 249 1163 ()t
268 1112 321 1163 δὲ
343 1112 439 1180 τῆς
469 1111 691 1179 σελήνης
713 1108 944 1159 ἐνιαυτοὶ
963 1106 1066 1159 τνδ¹
1091 1109 1225 1161 εἰσὶν
1254 1109 1474 1178 ἡμερῶν
1500 1125 1511 1136 ·
1544 1112 1574 1176 ἡ
1612 1110 1716 1177 γὰρ

185 1201 401 1269 σελήνη,
434 1200 525 1269 ἀφ’
548 1195 606 1252 οὗ
636 1199 887 1267 γεννηθῇ,
921 1198 1079 1267 ἦγουν
1125 1197 1496 1266 ἀνακαινισοῇ,
1543 1197 1709 1259 αὔξει,

184 1291 288 1352 ἓως
310 1290 375 1342 ἂν
402 1290 621 1358 γένηται
646 1288 862 1356 ἡμερῶν
906 1288 1313 1356 δεκατεσσάρων
1364 1290 1582 1357 ἡμίσεος
1632 1306 1717 1339 τε·

185 1380 383 1450 τάρτου
414 1395 428 1411 ·
464 1380 553 1431 καί⁵
581 1380 800 1447 ἄρχεται
830 1378 1039 1446 λήγειν,
1062 1378 1167 1439 ἓως
1210 1380 1426 1447 ἡμερῶν
1459 1377 1537 1430 κο’
1595 1379 1718 1447 ἡμί-

189 1484 326 1532 σεος,
388 1469 479 1519 καὶ
520 1467 735 1528 τελείως
777 1467 978 1534 γίνεται
1026 1468 1365 1532 ἀφώτιστος·
1420 1467 1508 1518 καὶ
1561 1468 1717 1517 πάλιν

188 1559 559 1625 συναπτομένη
589 1557 666 1625 τῷ
697 1557 849 1626 ἡλίῳ,
877 1558 1228 1623 ἀναγεννᾶται
1262 1556 1355 1609 καὶ
1382 1555 1718 1615 ἀνακαινίζε-

186 1664 310 1710 ται,
360 1646 654 1715 ὑπόμνημα
705 1648 939 1713 φέρουσα
995 1646 1092 1713 τῆς
1147 1644 1300 1714 ἡμῶν
1358 1645 1715 1704 ἀναστάσεως.

190 1736 323 1788 Καθ’
340 1735 561 1788 ἕκαστον
579 1731 944 1787 οὖνὲνιαυτδν
972 1735 1068 1796 τὰς
1100 1734 1287 1787 ἕνδεκα
1332 1735 1541 1803 ἡμέρας
1583 1734 1719 1785 ἀπο-

184 1821 364 1873 δίδωσι
393 1822 469 1889 τῷ
488 1821 617 1888 ἡλίῳ
642 1836 655 1849 ·
698 1821 833 1873 κατὰ
862 1816 953 1873 οὖν
982 1823 1127 1888 τρεῖς
1153 1822 1392 1889 χρῦνους,
1426 1822 1453 1871 ὁ
1501 1818 1717 1887 ἐμϐόλι-

1815 660 2074 725 quintam,
2104 659 2218 713 dies
2245 662 2488 714 undecim
2518 663 2805 720 intersunt.
2840 669 2955 732 Quo
2987 672 3146 736 etiam
3189 672 3265 734 fit,
3298 689 3350 727 ut

1816 750 1868 799 in
1908 750 2151 815 singulos
2185 764 2379 811 annos,
2418 751 2699 807 duodecim
2749 758 2884 809 lunae
2927 776 3136 813 menses
3187 764 3351 813 unde-

1814 835 1917 887 tim
1961 837 2148 890 diebus
2198 839 2431 892 minores
2487 842 2616 902 sint,
2671 859 2830 909 quam
2885 844 3165 898 duodecim
3222 852 3352 900 δοιάς

1817 940 2048 978 menses.
2084 926 2224 980 Salis
2254 930 2455 997 quippe
2500 947 2709 983 menses
2754 934 2867 985 dies
2900 942 3168 989 trecentos
3200 955 3354 990 sexu—

1814 1015 1958 1081 ginta
1989 1015 2225 1081 quinque
2270 1032 2393 1068 cum
2425 1018 2585 1071 unius
2623 1022 2922 1086 quadrante
2952 1025 3250 1089 continent,
3285 1030 3351 1080 ob

1816 1101 1974 1169 idque
2020 1112 2213 1170 quarto
2264 1120 2481 1172 quoque
2521 1120 2683 1168 anno,
2736 1112 3033 1175 couiposito
3078 1110 3178 1163 hoc
3224 1129 3353 1180 qua-

1817 1192 2029 1255 drante,
2073 1192 2192 1247 dies
2244 1211 2383 1250 unus
2421 1198 2722 1259 coniicitur,
2760 1200 2849 1266 qui
2888 1202 3179 1255 bissextilis
3221 1220 3354 1256 nun-

1818 1292 2080 1348 cupatur;
2112 1284 2298 1351 sicque
2324 1300 2498 1339 annus
2528 1288 2615 1339 ille
2644 1298 2917 1341 trecentos
2950 1292 3223 1357 sexaginta
3263 1309 3354 1345 sex

1817 1372 1932 1425 dies
1964 1373 2120 1425 habet
2147 1391 2159 1424 :
2186 1382 2375 1425 contra
2407 1376 2622 1428 lunares
2654 1379 2777 1429 anni
2812 1384 3354 1448 ti-eeentoruiuquin-

1817 1458 2070 1525 quaginta
2106 1469 2338 1526 quatuor
2363 1460 2568 1513 dierum
2601 1464 2774 1530 spatio
2822 1464 3099 1518 liniuntur.
3132 1466 3204 1519 Ex
3248 1484 3356 1534 quo

1818 1549 1960 1600 enim
1992 1558 2136 1609 nata,
2164 1565 2259 1603 seu
2303 1551 2554 1603 inuovata
2595 1555 2716 1605 luna
2748 1563 2850 1618 est,
2887 1560 3127 1621 augescit
3170 1560 3231 1610 ad
3264 1560 3357 1613 de-

1818 1640 2011 1691 cimam
2046 1652 2290 1708 quartam
2323 1656 2491 1709 usque
2526 1641 2665 1695 diem
2699 1658 2820 1695 cum
2859 1647 3021 1698 unius
3052 1648 3276 1701 semisse
3304 1657 3356 1702 ct

1818 1728 2137 1795 quadrante.
2187 1728 2321 1782 lliuc
2363 1730 2530 1782 minui
2561 1732 2743 1798 incipit
2776 1748 2943 1799 usque
2974 1734 3037 1786 ad
3082 1750 3274 1787 nonam
3305 1748 3357 1790 et

1819 1818 2129 1871 vicesimam
2167 1819 2307 1871 diem
2343 1834 2464 1871 cum
2498 1823 2653 1873 unius
2687 1822 2931 1883 semisse,
2966 1841 3073 1892 quo
3110 1828 3361 1894 splendo-

189 1926 285 1978 μος
318 1884 637 1980 μῆνίνίνεται
666 1914 776 1971 τοῖς
819 1884 1105 1979 Ἑϐραίοις,
1267 1912 1293 1961 ὁ
1318 1884 1555 1970 ἐνιαυτὸς
1580 1911 1717 1961 ἐκεῖ·
1750 1885 1755 1938 1

1829 1908 1892 1961 ris
1931 1907 2088 1977 168
2113 1909 2288 1961 Omnis
2316 1923 2506 1977 expers
2538 1910 2735 1962 evadit.
2767 1910 2839 1963 Ac
2874 1921 2983 1963 tum
3015 1929 3203 1967 rursus
3234 1930 3379 1967 cum-

186 2018 273 2063 νος
307 2002 601 2070 δεκατριῶν
633 2002 813 2070 μηνῶν
838 2001 1168 2070 εὑρίσκεται,
1202 2000 1264 2051 ἐκ
1287 2000 1383 2069 τῆς
1410 2000 1723 2071 προσθήκης

185 2091 291 2143 τῶν
318 2091 506 2143 ἕνδεκα
532 2090 767 2160 ἡμερῶν.

1818 1999 1933 2052 sole
1982 1999 2231 2065 copulata
2283 2000 2599 2052 renascitur
2625 2008 2679 2052 et
2725 2012 3047 2064 renovatur;
3093 2012 3251 2070 atque
3303 2006 3357 2057 in

1819 2090 1940 2150 hoc,
1972 2089 2357 2143 monimentum
2390 2092 2492 2142 fert
2523 2092 2941 2144 resurrectionis
2968 2102 3187 2146 nostra).
3215 2092 3357 2157 Quo-

184 2184 329 2238 circa
352 2159 579 2253 singulis
606 2186 763 2238 anuis
787 2159 1033 2237 undecim
1058 2182 1174 2237 dies
1204 2182 1302 2236 soli
1333 2181 1507 2236 reddit
1532 2199 1543 2234 :
1586 2181 1723 2233 ttnde
1763 2190 1881 2249 post
1913 2188 2023 2237 tres
2051 2195 2223 2235 annos
2252 2181 2587 2236 intercalaris
2610 2184 2809 2236 mensis
2841 2185 2907 2237 ab
2939 2183 3176 2239 llebrzeis
3213 2187 3359 2240 inve-

184 2274 361 2337 hitur;
401 2275 490 2342 qui
524 2272 594 2327 ob
636 2274 774 2326 hanc
822 2272 1030 2326 dierum
1086 2271 1333 2325 undecim
1386 2272 1712 2325 additionem
1753 2270 2009 2323 tredecim
2042 2272 2321 2325 mensibus
2359 2280 2569 2325 constat
2597 2275 2639 2325 ’.

159 2370 163 2374 ’
250 2368 418 2437 Δῆλον
445 2367 503 2419 δὲ
528 2368 602 2428 ὡς
632 2366 877 2429 σύνθετός
896 2368 1060 2430 ἐστιν,
1085 2366 1112 2418 ὃ
1132 2382 1187 2418 τε
1218 2366 1387 2435 ἥλιος,
1416 2366 1510 2417 καὶ⁵
1548 2367 1580 2434 ὴ
1636 2382 1723 2416 σε-

182 2458 340 2527 λήνη,
370 2457 462 2511 καὶ
486 2458 554 2509 τὰ
577 2456 769 2525 ἄστρα,
792 2457 886 2508 καὶ
913 2456 1084 2525 φθορᾷ
1115 2455 1252 2507 κατά
1276 2455 1373 2514 τὴν
1402 2455 1535 2507 ἰδίαν
1563 2454 1723 2520 φύσιν

182 2548 517 2601 ὑπόκεινται.
552 2547 662 2614 Τὴν
689 2547 746 2598 δὲ
768 2546 969 2599 τούτων
998 2548 1154 2614 φύσιν
1200 2546 1297 2597 οὐκ
1347 2546 1519 2613 ἴσμεν.
1570 2544 1724 2605 Τινὲς

184 2638 285 2705 μὲν
320 2632 411 2688 οὖν
430 2652 558 2704 φασι
593 2636 653 2687 τὸ
688 2636 817 2705 πῦρ,
839 2636 995 2697 ὲκτὸς
1016 2652 1153 2696 τινος
1190 2634 1320 2704 ὕλης
1340 2634 1538 2699 ἀφανὲς
1564 2628 1720 2684 εἶναι·

178 2729 303 2779 ὅθεν
328 2726 421 2779 καὶ
444 2724 797 2793 σσεννύμενον
832 2724 1165 2792 ἀφανίζεται.
1213 2725 1430 2792 Ἐτεροι
1467 2723 1541 2785 δὲ,
1569 2721 1722 2774 τοῦτο

148 2829 157 2835 ’
182 2812 554 2883 σϐεννύμενον,
577 2815 654 2875 είς
680 2812 813 2881 ἀέρα
836 2814 961 2879 φασὶ
1002 2810 1444 2881 μεταϐάλλεσθαι.

1540 2921 1564 2930 ς

261 3067 320 3122 ’0
358 3069 617 3132 ζωδιακδς
664 3069 857 3132 κύκλος
916 3070 1078 3135 λοξῶς
1105 3074 1363 3132 κινεῖται,
1390 3072 1717 3142 διῃρημένος

1887 2363 2237 2431 Perspicuum
2269 2371 2446 2416 autem
2487 2374 2566 2418 est
2617 2365 2804 2426 solem,
2834 2373 2885 2418 et
2914 2365 3116 2431 lunam,
3154 2368 3361 2421 omnia-

1820 2468 1924 2521 que
1953 2453 2133 2507 sidera
2178 2453 2481 2521 composita
2515 2468 2658 2515 esse,
2688 2465 2738 2508 et
2758 2457 3050 2509 mutationi
3086 2457 3313 2511 obnoxia
3344 2478 3356 2511 :

1818 2557 1937 2611 qua:
1965 2526 2143 2595 tamen
2174 2558 2361 2596 eorum
2406 2551 2595 2595 natura
2628 2544 2719 2605 sit,
2753 2560 2977 2613 prorsus
3027 2548 3356 2615 ignoramus.

1820 2632 1893 2683 Ac
1923 2631 2167 2683 nonnulli
2215 2631 2389 2699 ignem
2419 2631 2485 2686 ab
2522 2634 2672 2686 omni
2711 2636 2949 2697 materia,
2987 2636 3099 2689 sive
3142 2638 3357 2705 pabulo,

1818 2724 2082 2769 semotum
2130 2716 2343 2784 penitus
2389 2716 2635 2771 desinere
2682 2730 2953 2783 asserunt,
2992 2722 3153 2791 idque
3189 2727 3361 2777 mani-

1816 2802 2013 2856 l'estum
2050 2818 2197 2869 esse,
2224 2820 2290 2859 eo
2318 2807 2462 2874 quad
2509 2808 2813 2862 exstinctus
2856 2820 3163 2864 evanescat.
3222 2812 3361 2865 Sunt

1815 2907 2007 2947 rursus
2035 2894 2123 2946 alii
2169 2896 2260 2962 qui
2304 2896 2627 2950 exstinctum
2700 2898 2849 2951 illum
2904 2899 2959 2952 in
3008 2915 3185 2954 aerem
3232 2894 3362 2956 terti

1804 2979 2007 3054 _dicunt
2042 2981 2105 3033 ".

1883 3064 2100 3119 Zodiaci
2134 3076 2324 3119 motus.
2364 3098 2429 3110 —
2463 3067 2729 3123 Zodiacus
2765 3071 2910 3124 orbis
2960 3071 3178 3141 obliquo
3214 3082 3361 3126 motu

177 3158 261 3219 εἰς
283 3158 543 3226 τμήματα
575 3155 799 3218 δώδεκα,
827 3158 980 3211 ἆτινα
1024 3158 1264 3209 καλεῖται
1311 3157 1473 3221 ζὼδια
1495 3176 1507 3187 ·
1563 3160 1623 3207 τὸ
1667 3159 1719 3209 δὲ
1747 3152 1755 3193 ⁴

1829 3153 2081 3216 volvitur,
2119 3156 2281 3222 inque
2321 3166 2499 3224 partes
2543 3160 2826 3211 duodecim
2862 3169 3100 3224 secatur,
3134 3179 3250 3230 qua:
3289 3166 3364 3217 si-

178 3241 373 3305 ζώδιον
393 3241 503 3310 ἔχει
528 3242 777 3303 δεκανοὺς
806 3247 973 3313 τρεῖς,
1016 3244 1203 3313 μοίρας
1234 3246 1522 3313 τριάκοντα
1557 3263 1569 3275 ·
1612 3248 1644 3313 ἡ
1669 3247 1723 3296 δὲ

182 3332 349 3401 μοῖρα
374 3331 482 3399 ἔχει
503 3331 671 3384 λεπτὰ
695 3334 972 3402 ἑξήκοντα.
1004 3334 1150 3400 Ἔχει
1180 3330 1271 3385 οὖν
1297 3334 1559 3403 οοὺρανὸς
1611 3336 1725 3401 μοί-

180 3436 285 3488 ρας
321 3420 632 3488 τριακοσίας
660 3420 944 3490 ἐξήκονταο
976 3421 1035 3473 τὸ
1068 3422 1204 3490 ὑπὲρ
1233 3421 1336 3491 γῆν
1358 3423 1726 3492 ἡμισφαίριον,

180 3509 379 3579 μοίρας
410 3516 515 3579 ρπ¹,
543 3513 638 3563 καὶ
671 3510 771 3563 ὑπὸ
796 3511 918 3581 γῆν,
943 3519 1050 3582 ρπ⁹.

696 3768 855 3825 Οἶκοι
886 3774 1221 3841 πλανητῶν.

250 3861 422 3929 Κριὸς
447 3861 538 3914 καὶ
561 3864 839 3932 Σκορπίος,
875 3865 1080 3935 ’Λρεως
1108 3882 1121 3896 ·
1156 3867 1363 3936 Ταῦρος
1392 3870 1484 3922 καὶ
1524 3868 1725 3935 Ζυγδς,

180 3950 501 4020 ’Λφροδίτης
525 3967 539 3980 ·
574 3953 787 4020 Δίδυμοι
811 3953 900 4005 καὶ
924 3954 1211 4024 Παρθένος,
1246 3956 1444 4026 Ἐρμοῦ
1470 3973 1486 3989 ο
1518 3959 1727 4026 Καρκῖ-

179 4056 296 4099 νος,
322 4039 589 4107 Σελήνηςρ·
650 4041 816 4103 Λέων,
865 4042 1075 4094 Ἡλίου·
1104 4043 1331 4113 Τοξότης
1373 4046 1464 4097 καὶ
1505 4046 1723 4113 Ἰχθίες,·

179 4128 306 4187 Διός
332 4142 347 4155 '
379 4128 679 4197 Λίγὸκερως
703 4131 791 4181 καὶ
826 4130 1128 4199 -”Υδροχόοζ,
1164 4133 1387 4201 Κρόνου.

798 4219 812 4237 '
826 4219 1129 4287 Υψώματα.

253 4300 446 4371 Κριὸς,
477 4305 649 4357 Ἡλίου
671 4324 684 4337 ·
710 4307 935 4375 Ταῦρος,
967 4309 1195 4378 Σελήνης
1215 4326 1227 4339 ·
1258 4311 1544 4381 Καρκίνος,
1570 4316 1687 4375 Διός
1710 4329 1722 4343 ·

178 4396 487 4465 Παρθένος,
521 4395 726 4462 ’Λρεως
757 4412 771 4425 υ
835 4396 1021 4461 Ζνγδς,
1074 4398 1275 4465 Κρόνου
1306 4414 1319 4428 ο
1383 4401 1721 4474 Δίγόκερως,

188 4482 397 4554 Ἑρμοῦ
417 4501 428 4512 ·
478 4483 695 4551 Ἰχθῡες,
726 4485 1060 4555 Ἀφροδίτης.

527 4576 599 4626 Τά
618 4575 892 4641 σχήματα
918 4576 1025 4643 τῆς
1051 4578 1336 4647 σελήνης.

251 4650 498 4725 Σὺνοδος.
528 4664 652 4715 ὅταν
670 4665 885 4734 γένηται
905 4668 960 4719 ὲν
990 4672 1050 4736 τῇ
1081 4670 1265 4738 μοίρᾳ,
1315 4673 1371 4721 ὲν
1501 4672 1646 4723 ἐστιν
1693 4674 1720 4722 ὁ

172 4754 333 4821 ἥλως
351 4768 367 4784 σ
393 4754 571 4822 γεννᾷ,
600 4756 722 4806 ὅταν
742 4756 951 4826 ἀποστῇ
973 4757 1062 4809 τοῦ
1086 4758 1230 4826 ἡλίου
1257 4760 1447 4828 μοίρας
1474 4768 1534 4811 ιε’
1554 4778 1567 4791 ο
1594 4763 1720 4813 ἀνα-

170 4842 329 4910 τολὴ,
355 4843 480 4894 ὅταν
511 4847 649 4912 φανῇ
693 4845 971 4914 μηνοειδὴς
1006 4846 1083 4908 δὶς
1111 4849 1295 4908 ο,ὅταν
1320 4852 1493 4919 ἀπέχῃ
1533 4851 1721 4921 μοίρας

171 4930 219 4996 ξ’
241 4947 256 4961 ·
280 4931 548 5000 διχοτόμοι
577 4933 690 4997 δύο,
728 4934 852 4985 ὅταν
883 4936 1057 5007 ἀπέχῃ
1106 4937 1294 5005 μοίρας
1329 4939 1677 5008 ἐννενήκοντα
1702 4958 1717 4971 ’

172 5021 652 5090 ἀμφίκυρτοιδύο,
681 5024 808 5075 ὅταν
838 5024 1012 5096 ἀπέχῃ
1063 5026 1253 5096 μοίρας
1294 5026 1375 5095 ρκ’
1404 5044 1419 5059 ο
1459 5029 1717 5097 πλησισέ-

172 5109 353 5180 ληνοι,
393 5112 447 5162 αἱ
494 5112 586 5162 καὶ
613 5112 950 5181 πλησιφαεῖς,
991 5116 1100 5179 δύο,
1132 5116 1256 5167 ὅταν
1300 5117 1477 5189 ἀπέχῃ
1529 5122 1720 5187 μοίρας

175 5199 261 5272 ρν¹
296 5217 310 5231 ³
342 5203 687 5271 πανσέληνος,
718 5205 843 5256 ὅταν
897 5206 1069 5275 ἀπέχῃ
1106 5213 1210 5274 ρπ’.
1263 5208 1351 5269 Δὶς
1385 5208 1411 5245 ά
1468 5209 1523 5260 δὲ
1579 5211 1718 5262 εἵπο-

176 5304 305 5359 μεν.
371 5289 499 5359 μίαν
543 5292 824 5363 αὐξούσης,
881 5296 973 5345 καὶ
1024 5295 1147 5363 μίαν
1186 5296 1469 5367 ληγούσης.
1505 5300 1600 5351 Διά
1629 5302 1719 5353 δύο

1830 3260 1931 3313 gna
1959 3245 2241 3311 dicuntur;
2275 3247 2549 3314 quodlibet
2583 3264 2711 3301 vero
2745 3250 2954 3318 signum
2986 3260 3095 3306 tres
3127 3253 3364 3308 decanos

1833 3334 2011 3399 habet,
2046 3336 2246 3403 gradus
2303 3337 2521 3404 triginta
2572 3356 2585 3390 :
2637 3339 2858 3407 quilibet
2924 3348 3101 3395 autem
3165 3343 3364 3411 gradus

1829 3424 2058 3479 minutis
2108 3426 2387 3493 sexaginta
2438 3436 2669 3481 constat.
2728 3427 2801 3480 Ita
2847 3431 3041 3483 cadum
3094 3441 3364 3487 trecentos

1827 3514 2102 3583 sexaginta
2142 3516 2342 3584 gradus
2381 3517 2538 3570 habet
2570 3535 2582 3569 :
2623 3519 3055 3587 hemisphterium
3088 3525 3230 3590 quod
3269 3540 3363 3577 su-

1830 3618 1921 3671 per
1953 3614 2149 3657 terram
2207 3615 2311 3667 est,
2342 3614 2553 3665 centum
2589 3616 2641 3661 et
2688 3611 2957 3676 octoginta
3005 3615 3200 3681 gradus
3238 3630 3366 3668 eon-

1816 3696 1968 3761 tinct,
2000 3694 2329 3764 tetidemque
2360 3696 2510 3761 illud,
2566 3697 2709 3765 quod
2740 3700 2929 3754 subtus
2968 3710 3187 3756 terram.

1954 3854 1959 3857 _
2299 3785 2497 3838 Domus
2530 3788 2877 3853 planetarum.

1888 3874 2041 3945 Aries
2074 3881 2127 3928 et
2159 3874 2440 3943 Scorpius,
2461 3876 2645 3929 Martis
2675 3897 2687 3931 :
2716 3877 2925 3933 Taurus
2961 3891 3013 3934 et
3044 3881 3227 3946 Libra,
3262 3884 3365 3939 \‘e-

1822 3964 1970 4017 neris
2016 3964 2057 3994 “
2105 3982 2117 4016 :
2172 3964 2384 4018 (icuiini
2427 3974 2481 4019 et
2534 3968 2709 4035 Virgo,
2764 3968 3064 4024 Mercurii:
3107 3974 3362 4037 Cancer,

1829 4051 2031 4105 Lunzn:
2066 4051 2197 4116 Leo,
2232 4052 2373 4107 Solis
2404 4073 2415 4107 :
2452 4054 2779 4124 Sagittarius
2824 4067 2877 4112 et
2925 4059 3127 4125 Pisces,
3176 4061 3361 4120 Jovis;
3400 4112 3405 4118 .

1824 4140 2189 4210 Capricornus
2218 4152 2272 4198 et
2304 4144 2595 4213 Aquarius,
2630 4146 2870 4198 Saturni.

2424 4234 2761 4286 Altitudines.

1890 4322 2067 4388 Aries,
2118 4321 2301 4387 Solis;
2353 4322 2591 4389 Taurus,
2647 4324 2851 4391 Lente;
2908 4328 3137 4392 Cancer,
3175 4329 3362 4397 lovis;

1827 4409 2029 4477 Virgo,
2087 4411 2309 4480 Martis;
2370 4412 2564 4478 Libra,
2630 4414 2884 4482 Saturni;
2959 4419 3363 4488 Capricornus,

1828 4501 2097 4555 Mercurii.

2310 4591 2676 4662 Figurnliones
2727 4597 2882 4651 liutw.

1890 4682 1947 4734 ln
1992 4681 2378 4749 conjunctione
2425 4684 2546 4735 luna
2596 4700 2718 4738 esse
2764 4686 2982 4748 dicitur,
3027 4702 3146 4740 cum
3176 4692 3362 4741 eodem

1815 4785 1924 4839 quo
1951 4772 2032 4824 sol
2061 4779 2145 4824 est
2174 4772 2341 4838 gradu
2371 4792 2385 4825 :
2422 4788 2671 4835 nascens,
2707 4790 2826 4826 cum
2856 4777 3165 4843 quindecim
3198 4794 3225 4830 a
3251 4780 3362 4831 sole

1816 4860 2069 4928 gradibus
2104 4860 2268 4913 distat
2300 4879 2313 4913 :
2351 4862 2556 4925 oriens,
2590 4863 2715 4915 dum
2747 4867 3079 4917 corniculata
3110 4877 3360 4932 apum-et;

1815 4948 1956 5016 quod
1982 4949 2200 5017 quidem
2236 4950 2315 5002 bis
2349 4952 2598 5015 contigit,
2632 4967 2691 5005 ac
2725 4960 2835 5003 tum
2872 4957 3145 5021 sexagin'"
3187 5009 3208 5022 μ

1824 5039 1927 5093 bus
1950 5053 1979 5090 a
2012 5039 2125 5092 sole
2168 5039 2368 5091 distat:
2404 5042 2699 5107 semiplena
2735 5041 2815 5095 bis
2845 5043 3202 5109 conspicitur,
3237 5061 3359 5095 cum

1824 5130 2114 5197 nonaginta
2158 5130 2414 5197 gradibus
2457 5132 2719 5183 recessit:
2758 5132 2841 5185 his
2889 5132 3047 5184 etiam
3107 5132 3357 5199 gibbosa,

1822 5231 1945 5269 cum
2004 5226 2220 5270 centum
2276 5228 2329 5271 et
2397 5220 2579 5287 viginti
2642 5220 2895 5288 gradibus
2944 5240 2956 5274 :
3009 5222 3189 5275 lucem
3233 5238 3361 5275 vero

1821 5306 2032 5372 plenam
2062 5306 2282 5370 habens,
2311 5323 2433 5360 cum
2470 5308 2723 5377 gradibus
2764 5320 2977 5363 centum
3006 5319 3057 5365 et
3092 5312 3362 5381 quinqua-

246 5434 269 5466 ⁸
317 5443 505 5501 Sever.
546 5444 732 5501 Gabal.
772 5448 864 5502 lib.
896 5443 1050 5503 ιη’οε
1082 5449 1207 5516 opif.
1246 5450 1445 5503 mundi.
1524 5454 1565 5483 ⁸ο
1596 5453 1809 5510 Nemes.
1836 5471 1954 5524 cap.
2120 5459 2159 5489 ¹¹
2186 5456 2305 5513 \‘id.
2342 5460 2537 5527 l‘(.:ph.
2582 5461 2651 5514 L‘c
2678 5474 2826 5515 mtlro
2884 5461 3107 5530 A‘ympa,

1464 5584 1695 5640 VAlll/E
1727 5590 2124 5647 LECTIOMCS.

251 5666 275 5695 °
310 5669 441 5724 Rea.
483 5672 516 5724 4

169 5712 499 5799 ευιυῗἜόοῘ

561 5672 823 5743 δεύτερον.
885 5672 1048 5731 Vetus
1095 5677 1315 5747 interpr.
1381 5682 1620 5744 secundo,
1673 5692 1725 5737 ct

1829 5685 1935 5739 iber
1970 5687 2081 5749 bis;
2118 5688 2281 5750 .nnde
2345 5676 2623 5759 egw-im
2679 5699 2804 5760 puto
2839 5690 2932 5751 εἰς.
3041 5690 3064 5728 ιι
3093 5688 3244 5744 Edita
3298 5700 3353 5747 et
