4180 6450
164 440 265 504 90-1

167 639 411 711 κτριανοί
439 656 451 668 ’
484 640 604 691 κατ’
626 634 804 706 εὖρον,
850 635 1057 688 Ἰνδικοε
1080 652 1093 665 ·
1122 636 1261 688 κατὰ
1304 635 1547 699 Φοίνικα,
1583 637 1772 705 Ἐρυν

166 733 275 803 θρὰ
296 732 539 785 θάλασσα
574 731 667 785 καὶ
690 729 947 783 Αἰθιοπία
969 745 983 758 ο
1028 727 1172 781 κατὰ
1200 727 1491 792 λιδόνοτον,
1519 730 1569 781 οἱ
1605 729 1743 798 ὑπὲρ

166 824 363 891 Σύρτιν
415 822 803 891 Γαράμαντες-
849 820 989 872 κατὰ
1038 819 1201 887 λίϐα,
1258 820 1535 884 Αἰθίοπες,
1571 821 1665 874 καὶ
1693 822 1743 873 οἱ

164 914 419 984 δυσμικοὶ
466 912 877 983 ’Υπέρμαυροι·
908 913 1048 963 κατὰ
1096 910 1347 982 ζέφυρον,
1379 912 1599 980 Στῆλαι,
1650 911 1746 965 καὶ

166 1004 334 1074 ἀρχαὶ
359 1004 567 1073 Λιϐύης
591 1004 689 1056 καὶ
711 1001 979 1074 Εὐρώπης
999 1020 1011 1034 ·
1042 1004 1181 1055 κατὰ
1200 1004 1497 1075 ἀργέστην,
1516 1005 1740 1076 Ἰϐηρία,

165 1097 200 1163 ἠ
251 1094 344 1147 νῦν
382 1093 660 1147 Ἰσπανίαο
693 1092 835 1145 κατὰ
864 1093 920 1145 δὲ
978 1092 1270 1163 θρασκίαν,
1304 1094 1522 1158 Κελτοὶ,
1554 1095 1651 1148 καὶ
1678 1095 1751 1155 τὰ,

166 1186 341 1255 ὅμορα
357 1202 370 1213 ⁸
403 1185 542 1239 κατὰ
566 1186 899 1255 άπαρκτίαν,
921 1187 969 1237 οἱ
992 1185 1133 1257 ὑπὲρ
1159 1185 1257 1255 τὴν
1284 1186 1503 1255 Θρᾴκην
1522 1186 1741 1239 Σκύθαι·

169 1276 313 1328 κατὰ
343 1275 563 1348 βορρᾶν,
596 1277 818 1341 Πόντος,
850 1278 1119 1340 Μαιῶτις,
1147 1279 1239 1329 καὶ
1266 1278 1547 1347 Σαρμάται
1572 1295 1583 1307 ³
1607 1278 1747 1331 κατὰ
1803 1277 1810 1285 ’

170 1366 411 1432 καικὶαν,
447 1367 670 1421 Κασπία
694 1366 961 1421 θάλασσα.
995 1369 1089 1420 καὶ
1118 1367 1334 1440 Bima]

619 1607 623 1613 ’
680 1628 929 1684 issem.
967 1629 1024 1682 θ’
1060 1628 1230 1703 [im].

746 1720 885 1788 Περὶ
916 1721 1169 1777 ὑδάτων.

242 1811 355 1864 Καὶ
386 1807 447 1863 τὸ
480 1809 621 1881 ὕδωρ
643 1811 699 1864 δὲ
750 1812 808 1865 ἓν
852 1812 958 1866 τῶν
989 1814 1268 1885 στοιχείων
1316 1815 1424 1868 τῶν
1467 1817 1747 1888 τεσσάρων

1252 436 1349 495 DE
1376 435 1552 495 FIDE
1585 433 2048 494 ORTHODOXA
2086 432 2233 495 LIB.
2270 436 2351 494 II.

238 549 285 623 ί*
324 546 498 615 Ἐθνη
526 546 582 598 δὲ
608 547 746 598 οἰκεῖ
767 545 835 597 τὰ
864 543 1093 613 πέρατα,
1127 542 1247 595 κατ’
1268 542 1603 615 ἀπηλιώτην,
1642 542 1742 595 Βα-
1771 547 1813 603 Α

3333 438 3443 504 902

1917 542 2157 613 [Gentes
2210 555 2392 599 autem
2443 561 2565 612 quae
2612 548 2665 599 iu
2712 547 2865 602 orbis
2900 547 3101 602 ﬁnibus
3132 549 3293 607 sedes
3340 550 3445 608 ba-

1852 634 2012 699 bent,
2068 635 2150 687 ha:
2191 644 2340 689 sunt.
2397 636 2476 688 Ad
2533 638 2932 701 subsolanum,
2984 638 3311 696 Bactriani:
3372 646 3441 698 ad

1850 740 2068 788 eurum,
2120 726 2233 782 lndi
2278 744 2291 781 :
2330 729 2396 781 ad
2450 712 2803 795 thnicem',
2864 747 3014 793 mare
3062 732 3310 788 Rubrum
3384 745 3442 789 et

1851 816 2171 888 Ethiopia;
2216 820 2283 874 ad
2315 820 2642 885 libonotum,
2679 821 3067 887 Garamantes,
3109 824 3204 893 qui
3256 840 3425 894 supra

1854 908 2058 979 Syrtim
2111 918 2241 965 sunt
2289 912 2355 965 ad
2404 913 2673 978 Africum,
2725 913 3014 983 IEthiopes
3076 925 3129 970 et
3161 918 3427 972 occiden—

1854 1004 1988 1056 tales
2053 1001 2277 1057 Mauri:
2322 1004 2389 1055 ad
2443 1005 2749 1067 favonium,
2792 989 3061 1060 illerculis
3119 1008 3422 1075 Columnae,

1851 1100 1905 1147 et
1952 1091 2135 1163 Libya:
2188 1109 2252 1147 ac
2312 1092 2539 1163 Europa:
2595 1096 2791 1149 initia:
2825 1096 2892 1149 ad
2948 1111 3174 1161 corum,
3222 1098 3421 1161 Iberia.

1851 1199 1974 1253 qua:
2005 1183 2168 1238 hodie
2204 1182 2467 1253 Hispania
2505 1196 2732 1239 vocatur
2768 1204 2781 1239 :
2814 1188 2879 1240 ad
2919 1189 3250 1253 thrasciam,
3280 1190 3420 1245 Galli

1852 1292 1916 1329 ac
1950 1276 2194 1329 ﬁnitima:
2224 1278 2515 1332 nationes:
2549 1278 2614 1331 ad
2663 1279 3005 1347 aquilonem,
3052 1278 3286 1350 Scythae,
3328 1284 3423 1352 qui

1854 1382 2021 1435 supra
2057 1366 2346 1421 Thraciam
2384 1377 2514 1420 sunt
2550 1386 2563 1420 :
2598 1368 2661 1420 ad
2704 1370 2949 1430 boream,
2986 1367 3215 1433 Pontus,
3255 1372 3425 1427 Mmo-

1854 1459 1925 1512 tis
1988 1466 2043 1511 et
2096 1456 2361 1511 Sarmata:
2406 1474 2420 1510 :
2457 1456 2526 1511 ad
2567 1458 2813 1523 caeciam,
2864 1474 3017 1515 mare
3062 1460 3323 1532 Caspium
3368 1473 3426 1517 et

1854 1548 2026 1604 Sacae.
2050 1548 2070 1621 ]
2838 1534 2841 1537 ’

2500 1641 2649 1697 CAP.
2690 1642 2777 1695 IX.

2504 1732 2579 1786 De
2605 1736 2775 1803 aquis.

1924 1826 2089 1895 Aqua:
2128 1824 2433 1891 descriptio.
2483 1825 2757 1893 Aquarum
2811 1840 2972 1893 supra
3033 1829 3426 1894 ﬁrmamentum

171 1902 312 1964 ἐστὶ,
349 1902 560 1972 ποίημα
597 1902 731 1956 Θεοῦ
781 1903 1102 1960 κάλλιστον·
1155 1904 1300 1977 ὕδωρ
1339 1908 1458 1961 ἐστὶ
1491 1913 1752 1980 στοιχεῖον

1864 1918 2014 1971 ratio.
2047 1945 2118 1956 -—
2147 1917 2306 1985 Aqua
2354 1916 2521 1970 etiam
2572 1932 2741 1969 unum
2791 1923 2898 1980 est,
2943 1932 3008 1971 ex
3046 1926 3286 1987 quatuor
3314 1921 3428 1973 elc-

173 1995 340 2067 ὑγρόν
374 2012 435 2048 τε
463 1996 555 2049 καὶ
584 1996 813 2068 ψυχρὸν,
842 1997 979 2071 βαρύ
1001 2016 1059 2052 τε
1085 2002 1177 2053 καὶ
1206 2004 1546 2072 κατωφερὲς,
1576 2006 1753 2058 εὐδιά-

169 2101 355 2155 χυτον.
395 2084 597 2138 Τούτου
620 2086 676 2139 δὲ
705 2087 1091 2161 μνημονεύειὴ
1127 2090 1248 2144 θεία
1270 2092 1459 2164 Γραφὴ
1496 2094 1751 2161 λέγουσα⁶

174 2176 281 2230 Καὶ
316 2176 534 2243 σκότος
571 2174 650 2248 ἦν
676 2177 877 2232 ἐπάνω
908 2179 1013 2249 τῆς
1043 2182 1357 2237 ἀϐύσσων
1389 2184 1487 2237 καὶ
1513 2185 1754 2254 Πνεῦμα

177 2268 326 2323 Θεοῦ
355 2270 671 2339 ἐπεφέρετο
711 2271 911 2326 ἐπάνω
945 2274 1050 2327 τοῦ
1080 2274 1313 2339 ὕδατος.
1355 2276 1623 2341 Ἀϐυσσος
1647 2278 1753 2350 γάρ

174 2362 328 2415 οὐδὲν
361 2363 549 2435 ἔτερόν
604 2366 774 2427 ἐστιν,
811 2368 859 2419 εἰ
893 2367 971 2440 μὴ
1014 2367 1159 2439 ὓδωρ
1208 2369 1367 2434 πολὺ,
1411 2364 1470 2424 οὗ
1500 2370 1560 2423 τὸ
1602 2370 1755 2436 τέλος

175 2454 566 2526 ἀκατάληπτον
596 2454 907 2527 ἀνθρώποις
926 2475 941 2489 ο
979 2460 1036 2513 ὲν
1080 2461 1221 2531 ἀρχῇ
1269 2461 1366 2530 μὲν
1396 2457 1489 2517 οὖν
1520 2462 1580 2517 τὸ
1610 2463 1754 2536 ὕδωρ

178 2548 272 2600 ἐπὶ
328 2550 508 2602 πᾶσαν
560 2549 657 2622 τὴν
691 2552 791 2620 γῆν
832 2552 1158 2617 ἐπεπόλαζε.
1213 2554 1323 2607 Kal.
1378 2554 1619 2626 πρῶτον,
1657 2558 1756 2627 μὲν

179 2639 437 2709 ἐποίησεν
462 2643 490 2695 6
523 2640 655 2706 Θεὸς
678 2642 738 2695 τὸ
779 2644 1085 2714 στερέωμα,
1126 2644 1449 2717 διαχωρῑζον
1482 2649 1756 2719 άναμέσον

177 2730 276 2783 τοῦ
306 2730 496 2795 ὓδατος
522 2733 617 2786 τοῦ
644 2734 825 2787 ἐπάνω
850 2735 943 2788 τοῦ
966 2736 1365 2809 στερεώματος,
1396 2739 1491 2791 καὶ
1511 2741 1603 2793 τοῦ
1633 2741 1757 2796 ὕδα-

181 2840 276 2885 τος
321 2824 415 2877 τοῦ
474 2827 731 2880 ὑποκάτω
774 2826 868 2881 τοῦ
905 2828 1303 2901 στερεώματος.
1354 2833 1441 2885 Ἐν
1468 2834 1619 2905 μέσῳ
1647 2838 1757 2907 γὰρ

180 2913 283 2983 τῆς
316 2914 553 2968 ἀϐύσσου
609 2916 717 2971 τῶν
744 2918 952 2973 ὑδάτων
982 2921 1286 2992 ἐστερεώοη
1335 2923 1413 2993 τῷ
1446 2927 1759 2998 Δεσποτικῷ

183 3006 597 3077 προστάγματι.
622 3009 785 3063 Ὅθεν
815 3011 911 3065 καὶ
936 3014 1225 3083 στερέωμα
1251 3010 1406 3070 εἶπεν
1440 3020 1467 3070 6
1499 3018 1631 3083 Θεὸς
1663 3036 1759 3087 γε·

184 3095 415 3159 νέσθαι,
484 3099 573 3151 καὶ
610 3101 844 3168 ἐγένετο.
913 3104 1069 3168 Τίνος
1125 3105 1182 3161 δὲ
1239 3109 1399 3180 χάριν
1444 3110 1629 3164 ἐπάνω
1665 3111 1758 3165 τοῦ

188 3185 569 3256 στερεώματος
609 3187 751 3258 ὕδωρ
790 3194 817 3244 6
856 3192 990 3257 Θεὸς
1045 3195 1312 3261 ἁπέθετο;
1374 3199 1472 3253 Διά
1523 3200 1619 3270 τὴν
1664 3202 1759 3255 τοῦ

183 3276 339 3345 ἡλίου
387 3278 497 3349 (64)
534 3282 626 3333 καὶ
685 3282 779 3335 τοῦ
825 3283 1041 3355 αἰθέρος
1089 3285 1431 3359 θερμοτάτην
1472 3290 1758 3347 ἕέικαυσιν.

186 3368 405 3433 Εὐθέως
425 3372 534 3443 γάρ
561 3375 697 3442 μετὰ
725 3374 785 3426 τὸ
810 3377 1090 3447 στερέωμα
1118 3381 1145 3431 6
1170 3379 1334 3451 αἰθὴρ
1358 3384 1681 3452 ὑφήπλωται
1708 3388 1757 3449 ε,

185 3462 287 3514 καὶ
318 3462 344 3513 6
375 3463 525 3533 ἥλιος
556 3464 610 3517 δὲ
642 3467 737 3518 σὺν
758 3470 825 3537 τῇ
855 3468 1052 3540 σελήνῃ
1085 3470 1179 3523 καὶ⁵
1208 3475 1317 3535 τοῖς
1348 3474 1564 3544 ἄστροις
1597 3478 1653 3529 ἐν
1683 3479 1759 3548 τῷ

188 3552 530 3622 στερεὼματί
559 3558 662 3608 εἰσι
693 3573 707 3586 ο
731 3558 823 3610 καὶ
854 3560 902 3611 εἰ
940 3560 1013 3630 μὴ
1048 3561 1298 3615 ἐπέκειτο
1330 3563 1494 3635 ὕδωρ,
1523 3567 1757 3640 ὲφλέχθη

183 3640 256 3694 ἂν
283 3642 386 3694 ὑπὸ
409 3644 507 3713 τῆς
542 3645 751 3717 θέρμης
796 3648 856 3700 τὸ
890 3650 1195 3720 στερέωμα.

1854 2009 2055 2065 mentis
2120 2008 2651 2064 excellentissimum
2708 2006 2803 2063 Dei
2868 2023 3026 2077 opus.
3088 2008 3185 2061 Est
3246 2018 3429 2061 autent

1855 2115 1997 2171 aqua
2023 2102 2361 2157 elementum
2392 2099 2682 2154 humidum
2723 2110 2780 2154 et
2824 2099 3119 2169 frigidum;
3150 2117 3321 2171 grave
3363 2118 3428 2154 ac

1854 2194 2115 2249 deorsum
2160 2207 2420 2262 vergens,
2451 2190 2601 2261 quod
2637 2189 2801 2246 facile
2828 2191 3050 2246 diﬁluit.
3102 2190 3277 2261 Hujus
3313 2208 3430 2247 me-

1856 2283 2016 2339 minit
2052 2284 2339 2353 Scriptura
2374 2283 2582 2348 divina,
2606 2298 2734 2337 cum
2762 2284 2839 2337 ait
2872 2302 2886 2338 :
2919 2282 2989 2336 Et
3020 2285 3248 2337 (δηρὸν-τε
3274 2292 3431 2336 erant

1856 2391 2011 2444 super
2039 2375 2229 2444 faciem
2270 2375 2497 2444 abyssi:
2528 2382 2577 2426 et
2630 2373 2862 2443 Spiritus
2898 2373 3115 2427 Domini
3162 2374 3433 2442 ferebatur

1857 2482 2014 2534 super
2066 2481 2233 2535 aquas
2265 2464 2329 2518 ³⁵.
2364 2464 2640 2534 ~Abyssus
2685 2464 2886 2534 quippe
2943 2464 3081 2519 nihil
3139 2464 3290 2518 aliud
3349 2474 3433 2519 est

1858 2574 2023 2630 quam
2059 2558 2250 2628 ingens
2282 2556 2533 2626 quaedam
2566 2570 2722 2625 aqua;
2755 2559 2936 2627 cepia,
2972 2556 3134 2623 cujus
3162 2556 3286 2611 ﬁnis
3333 2556 3434 2610 ad-

1859 2654 1927 2707 iri
1960 2652 2173 2721 nequit.
2213 2649 2277 2703 Et
2309 2649 2531 2720 quidem
2573 2650 2628 2703 in
2679 2649 2867 2703 mundi
2910 2647 3252 2719 primordiis,
3290 2662 3433 2715 aqua

1863 2745 2024 2815 170
2056 2760 2221 2814 super
2261 2743 2574 2805 universam
2625 2742 2971 2812 superﬁciem
3024 2751 3187 2795 terrae
3225 2741 3435 2803 emine-

1859 2837 1973 2892 bat.
1994 2836 2073 2891 Ac
2101 2839 2279 2905 primo
2303 2835 2430 2890 fecit
2456 2835 2598 2890 Deus
2627 2834 3032 2889 ﬁrmamentum
3061 2834 3207 2903 quod
3234 2848 3432 2902 aquas,

1860 2948 1983 3002 quae
2014 2941 2144 2986 sunt
2173 2946 2337 3000 supra
2373 2930 2797 2992 lirmamentum,
2833 2929 2903 2982 ab
2947 2928 3014 2981 iis
3057 2942 3177 2996 qua:
3212 2926 3314 2980 sub
3344 2926 3435 2977 ﬁr-

1862 3032 2139 3081 mamento
2162 3034 2311 3089 sunt,
2340 3023 2552 3077 medias
2578 3022 2870 3077 divideret.
2910 3021 3123 3074 Etenim
3156 3019 3209 3071 in
3249 3014 3435 3086 abyssi

1864 3130 2131 3186 aquarum
2162 3115 2343 3168 medio
2384 3111 2479 3167 Dei
2509 3112 2667 3184 jussu
2714 3113 3118 3165 lirmamentum
3168 3115 3437 3163 statutum

1865 3217 1968 3263 est.
2008 3206 2162 3261 Unde
2191 3206 2355 3259 etiam
2387 3204 2607 3259 dicente
2649 3204 2755 3257 Deo
2778 3241 2793 3265 ,
2830 3210 2890 3255 ut
2928 3200 3081 3255 ﬁeret
3125 3199 3439 3252 ﬁrmamen-

1868 3311 2007 3362 tum,
2060 3299 2166 3352 hoc
2200 3298 2404 3351 factum
2437 3303 2544 3350 est.
2576 3293 2778 3349 Verum
2811 3293 2943 3363 quid
2987 3293 3205 3346 tandem
3256 3303 3441 3343 causa:

1867 3389 1990 3453 fuit,
2026 3404 2127 3443 cur
2152 3388 2294 3442 Deus
2324 3399 2523 3457 aquam
2566 3399 2731 3452 supra
2767 3384 3169 3438 lirmamentum
3203 3380 3440 3435 colloca-

1867 3481 1980 3535 rit?
2016 3480 2184 3533 Plane
2224 3476 2743 3531 vehementissimus
2792 3474 2929 3528 solis
2970 3480 3025 3527 et
3070 3471 3293 3525 aetheris
3345 3482 3436 3519 ar-

1866 3574 1985 3625 dor.
2019 3569 2276 3623 Proxime
2314 3568 2459 3621 enim
2507 3566 2611 3621 sub
2646 3565 2993 3618 ﬁrmamento
3027 3575 3304 3630 expansus
3354 3566 3438 3610 est

1865 3664 2035 3717 rather
2073 3681 2085 3715 :
2125 3660 2207 3714 sol
2255 3672 2499 3726 quoque,
2538 3666 2591 3710 et
2639 3657 2789 3721 luna,
2840 3647 2911 3709 δι’
2940 3654 3191 3707 stellmin
3244 3651 3434 3703 ﬁrma-

188 3741 375 3787 mento
405 3737 583 3804 posita
647 3747 801 3793 sunt.
872 3738 1053 3806 Quare
1098 3742 1208 3796 nisi
1290 3759 1429 3815 aqua
1510 3763 1747 3819 superne
1790 3755 2056 3811 collocata
2114 3758 2280 3813 esset,
2357 3764 2469 3818 prae
2533 3749 2717 3802 calore
2776 3747 2970 3814 utique
3035 3744 3440 3798 ﬁrmamentum

185 3826 492 3881 exarsisset
520 3828 587 3880 “‘.

266 3913 396 3967 Εἶτα
426 3916 755 3985 προσέταξεν
784 3918 811 3971 6
840 3917 972 3981 Θεὸς
1002 3920 1333 3991 συναχθῆναι
1380 3925 1448 3977 τὰ
1482 3924 1650 3980 ὕδατα
1682 3930 1761 3993 εἰς

189 4010 518 4075 συναγωγὴν
555 4008 682 4077 μίαν
704 4025 718 4040 ο
769 4010 828 4061 τὸ
854 4010 911 4062 δὲ
950 4012 1079 4080 μίαν
1126 4017 1445 4088 συναγωγὴν
1468 4018 1666 4087 λέγειν,
1700 4022 1761 4073 οὐ

184 4099 343 4169 δηλοί
394 4099 453 4151 τὸ
481 4100 538 4152 ὲν
576 4101 658 4153 ὲνὶ
710 4101 860 4171 τόπῳ
890 4103 1218 4174 συναχθῆναι
1275 4107 1414 4162 αὑτά
1440 4126 1453 4140 ·
1512 4110 1620 4164 ἰδοὺ
1656 4112 1765 4182 γὰρ

192 4191 337 4261 μετά
364 4190 535 4245 ταῦτά
564 4210 695 4262 φησι
723 4210 737 4223 θ
770 4194 878 4247 Καὶ
902 4194 973 4248 τὰ
996 4198 1356 4267 συστήματα
1389 4200 1508 4253 τῶν
1533 4202 1768 4256 ὑδάτων

187 4282 451 4335 ἐκάλεσε
476 4282 792 4348 θαλάσσας
816 4302 829 4314 ·
857 4286 992 4339 ἀλλὰ
1013 4287 1072 4339 τὸ
1099 4288 1234 4357 ὁμοῦ
1258 4290 1381 4343 καθ’
1403 4292 1568 4345 ἑαυτὰ
1598 4309 1769 4362 κεχω-

191 4372 429 4446 ρισμένα
453 4375 550 4445 τῆς
570 4375 671 4445 γῆς
692 4375 941 4443 γενέσθαι
964 4378 1031 4430 τά
1064 4378 1251 4443 ὕδατα,
1270 4382 1299 4433 ὁ
1327 4383 1480 4449 λόγος
1506 4383 1763 4454 ἐδήλωσε.

190 4469 553 4539 Συνήχθησαν
589 4469 765 4522 τοίνυν
796 4469 864 4521 τὰ
891 4469 1056 4523 ὕδατα
1093 4473 1173 4535 εὶς
1196 4474 1293 4535 τὰς
1325 4475 1645 4543 συναγωγάς
1671 4477 1769 4530 αὐ-

275 4606 316 4637 ¹⁸
351 4604 482 4660 Gen.
512 4620 549 4668 ι,
575 4605 628 4658 2.

1942 3923 2117 3978 Mare.
2150 3952 2220 3962 —
2247 3919 2385 3974 Tum
2424 3918 2597 3988 jussit
2644 3916 2787 3972 Deus
2822 3923 2880 3971 ut
2908 3925 3245 3985 cogerentur
3288 3935 3445 3988 aquu‘

1874 4018 1930 4071 in
1988 4012 2300 4083 congeriem
2355 4024 2521 4063 unam
2560 4009 2620 4062 ".
2675 4008 2832 4073 Quod
2885 4015 3066 4059 autem
3126 4011 3441 4073 congeriem

1876 4122 2039 4163 unam
2067 4104 2206 4159 dicit
2234 4102 2541 4171 Scriptura,
2576 4114 2684 4154 non
2724 4100 2827 4153 hoc
2858 4099 3151 4167 signiﬁcat,
3186 4101 3241 4154 in
3275 4118 3442 4155 unum

1874 4197 2236 4264 eamdemque
2272 4194 2449 4246 locum
2499 4204 2594 4245 eas
2635 4188 3011 4251 conﬂuxisse;
3061 4191 3247 4243 statim
3298 4194 3443 4245 enim

1873 4290 2083 4352 subdit,
2108 4298 2157 4341 et
2185 4287 2517 4343 collectioues
2551 4301 2809 4353 aquarum
2845 4286 3127 4353 appellarit
3151 4288 3325 4340 maria
3363 4289 3405 4320 "
3428 4313 3443 4342 .-

1872 4383 1965 4445 sed
2016 4381 2200 4451 potius
2251 4391 2424 4448 aquas
2471 4375 2632 4429 simul
2682 4373 2870 4428 eodem
2924 4384 3203 4429 nmmento
3235 4391 3265 4430 a
3300 4384 3446 4431 terra

1874 4484 2117 4530 secretas
2154 4471 2348 4533 fuisse,
2378 4468 2556 4522 oratio
2580 4466 2845 4521 ostendit.
2874 4468 3043 4535 Aqua:
3072 4482 3201 4537 ergo
3232 4468 3285 4521 in
3315 4484 3450 4524 suas

740 4604 784 4637 ’⁸
822 4604 988 4660 Basil.
1020 4607 1167 4665 hom.
1194 4609 1228 4662 Ξ
1251 4610 1305 4663 in
1330 4608 1603 4677 llexaem;
1646 4610 1831 4665 Sevcr.
1864 4606 2053 4661 Gabal.
2086 4610 2229 4658 orat.
2267 4601 2340 4655 De
2370 4599 2543 4669 opiﬁc.
2588 4598 2777 4650 mundi
2846 4598 2885 4628 "
2918 4596 3050 4652 Gen.
3085 4614 3121 4662 ι,
3156 4597 3210 4653 9.

1490 4746 1726 4803 VARUE
1764 4744 1943 4802 LEL'I
1960 4744 2179 4800 IONES.

281 4878 301 4917 τ
336 4879 560 4947 Reliqua
612 4875 723 4931 luec
753 4879 931 4931 omnia
963 4880 1161 4934 desunt
1197 4883 1248 4933 in
1294 4883 1551 4938 omnibus
1606 4884 1717 4938 fere
1746 4883 1909 4937 codd.

1990 4883 2014 4921 ε
2042 4880 2176 4934 Cod.
2213 4879 2367 4931 multi
2397 4876 2733 4944 ἐφήπλωται.
2762 4874 2930 4927 Vetus
2977 4875 3201 4943 interpr.
3267 4878 3451 4944 posuit

197 4945 484 5022 θεράπευε
512 4958 607 5022 e_sl.
657 4946 834 5022 Faber
859 4965 985 5001 vero
1014 4951 1364 5016 subducitur;
1401 4955 1645 5022 adeoque
1669 4969 1790 5007 cum
1814 4953 1976 5008 editis
2001 4954 2281 5005 consensit
2310 4959 2363 5002 et
2398 4948 2521 5001 aliis
2563 4960 2698 4999 mss.
2733 4956 2786 4999 et
2816 4946 3048 4999 maxime
3079 4945 3202 4999 cod.
3251 4948 3307 4998 ὅ.
3341 4947 3449 5000 liii.

200 5024 260 5075 in
296 5034 403 5088 quo
451 5019 645 5087 legitur
668 5018 1008 5087 ὑρήπλωται.

1739 5106 1969 5163 NOTAE.

282 5198 392 5268 (64)
426 5200 525 5252 Διά
552 5197 664 5264 τὴν
692 5198 796 5251 τοῦ
826 5198 1027 5262 ἡλίου.
1080 5198 1347 5251 Nimirum
1386 5200 1766 5251 vehementissi-

1877 5200 2192 5266 scripserat.
2242 5193 2543 5268 Nonnullis
2592 5195 2830 5268 fortasse
2892 5195 3093 5268 mirum
3153 5194 3449 5261 videbitur,

207 5286 350 5329 mus,
382 5276 488 5322 etc.
529 5269 721 5322 Sancti
759 5268 973 5330 Patres,
1007 5284 1130 5321 eum
1166 5272 1361 5319 emlnm
1392 5280 1447 5321 et
1476 5271 1655 5321 sidera
1683 5272 1776 5322 de-

209 5339 566 5394 l'aacatissimo
626 5339 750 5407 igne
803 5348 1055 5391 constare
1109 5339 1529 5398 arbitrarentur,
1566 5340 1779 5391 idcirco

207 5424 383 5478 aquas
413 5423 578 5477 supra
613 5408 1010 5478 ﬁrmamentum
1043 5410 1250 5475 positas
1280 5408 1560 5470 dixerunt,
1593 5418 1650 5461 ut
1683 5424 1777 5477 pc-

207 5477 371 5533 reuni
409 5493 573 5531 succo
603 5477 808 5545 nimius
839 5478 1005 5531 ardor
1040 5486 1459 5545 temperaretur.
1509 5478 1599 5530 Sic
1631 5478 1779 5531 Basi-

208 5552 343 5613 lius,
383 5548 530 5600 hom.
560 5547 594 5600 3
622 5548 675 5600 in
703 5544 985 5611 ilexaem.,
1011 5548 1099 5599 ubi
1129 5544 1396 5615 quasdam
1424 5548 1780 5615 philos0pho-

209 5634 336 5673 rum
363 5618 671 5686 Opinioncs,
701 5632 827 5671 aera
852 5618 1169 5687 ctelumque
1184 5617 1358 5687 calida
1384 5631 1505 5670 esse
1529 5618 1781 5670 inﬁcian-

211 5689 371 5748 tium,
412 5687 676 5755 explodit,
710 5696 824 5739 tum
861 5686 1057 5740 deinde
1078 5686 1286 5739 refellit
1322 5686 1631 5753 Origenem,
1687 5689 1779 5753 qui

214 5760 304 5811 his
345 5757 502 5825 aquis
544 5772 663 5825 (ιιιιε
696 5771 860 5825 super
893 5759 1061 5811 cmlos
1092 5766 1241 5817 sunt,
1284 5759 1560 5824 angelicas
1598 5756 1782 5807 Virtu-

213 5832 323 5889 tes,
352 5835 408 5880 ut
437 5826 787 5882 interioribus
814 5826 1088 5897 principes
1115 5827 1461 5881 tenebrarum
1486 5826 1779 5898 signiﬁcari

1881 5265 2206 5338 Gregorium
2242 5265 2567 5338 Nyssenum,
2592 5265 3207 5338 sapientissimoiratre
3233 5269 3457 5338 postha-

1884 5335 2020 5399 bito,
2069 5336 2381 5389 Adamantii
2407 5337 2661 5389 delirium
2684 5335 2979 5389 admisisse
3014 5335 3069 5388 in
3108 5336 3200 5389 lib.
3242 5341 3291 5388 in
3316 5335 3452 5391 llex.

1885 5408 2088 5461 Verum
2116 5408 2166 5459 in
2201 5406 2517 5473 praefatione
2537 5405 2756 5458 Petrqu
2788 5404 3007 5457 fratrem
3039 5415 3458 5460 commonuerat

1885 5492 1944 5532 se
1977 5478 2144 5531 multa
2196 5477 2298 5529 hoc
2330 5477 2383 5527 in
2414 5490 2577 5543 opere
2611 5474 2913 5535 dicturum,
2970 5488 3079 5527 non
3112 5473 3453 5539 aﬁirmando,

1887 5547 1980 5601 sed
2023 5545 2435 5599 exercitationis
2490 5560 2678 5597 causa.
2708 5546 2975 5597 tia-terum
3026 5544 3261 5597 Basilius
3294 5561 3458 5613 supe-

1886 5617 2063 5671 riores
2094 5615 2214 5669 illas
2247 5630 2415 5680 aquas
2441 5615 2575 5666 nihil
2608 5614 2755 5666 aliud
2782 5629 2904 5667 esse
2935 5615 3029 5676 ait,
3062 5615 3167 5668 nisi
3200 5629 3457 5683 vapores,

1886 5688 1979 5755 qui
2019 5700 2081 5738 ex
2121 5685 2285 5755 mari
2312 5685 2616 5755 ﬂuviisque
2649 5685 2985 5755 trahuntur,
3027 5684 3192 5755 inque
3246 5687 3458 5753 pluvias

1886 5752 2198 5809 vertuntur.
2251 5753 2450 5806 Eodem
2498 5753 2673 5823 modo
2694 5752 3025 5807 Severianus
3073 5752 3457 5823 Gabalitanus,

1888 5827 2087 5896 aliique
2116 5824 2423 5896 disputant,
2467 5840 2607 5893 quos
2635 5822 2829 5880 Noster
2858 5834 3083 5879 secutus
3116 5831 3243 5882 est.-
