4180 6450
223 470 329 530 9'25

1269 467 1366 525 DE
1401 467 1580 526 FIDE
1621 466 2084 527 ORTHODOXA
2126 469 2269 527 LIB.
2318 470 2394 528 II.

3384 487 3482 552 92¢-

225 576 364 632 κατά
389 574 552 644 φύσιν
580 575 691 647 (80)
724 576 788 628 ἐκ
830 579 926 645 τῆς
961 576 1054 628 τοῦ
1102 577 1608 646 δημιουργήσαντος
1646 579 1769 648 χάρι

1869 578 2181 648 ιρΐῖῐξιῙῘιέὶε
2221 580 2535 647 mutabilis,
2595 572 2817 642 hor-cst
2867 588 3178 658 ejusmodi,
3226 609 3347 662 qum
3394 612 3482 650 vo-

219 685 309 732 τος
335 669 607 738 εἰληφυῖα,
631 671 690 735 ἐξ
716 664 803 739 ἦς,
842 670 937 721 καὶ
985 669 1044 721 τὸ
1090 664 1251 734 εἶναι,
1299 670 1392 722 καὶ
1439 670 1594 736 φύσει
1634 671 1803 734 οὕτως

219 757 357 816 εῖναι
393 762 632 832 εἴληφεν.

287 1049 458 1119 Marg.
500 1047 777 1122 Ὀσαχῶς
807 1047 876 1102 τὸ
907 1047 1248 1118 ἀσώματον.
1275 1077 1344 1087 --
1394 1048 1690 1118 ’Δσώματα
1718 1050 1795 1115 δὲ,

210 1142 311 1194 καὶ
335 1141 566 1210 ἀόρατα,
625 1140 720 1195 καὶ
772 1140 1182 1210 ἀσχημάτιστα,
1237 1139 1378 1193 κατά
1429 1139 1526 1194 δύο
1559 1140 1796 1212 τρόπους

215 1233 464 1304 νοοῦμεν.
496 1234 580 1287 Τά
610 1234 729 1304 μὲν,
765 1232 887 1287 κατ’
920 1233 1134 1296 οὐσίαν,
1188 1232 1256 1286 τά
1299 1232 1376 1300 δὲ,
1409 1233 1553 1288 κατά
1583 1233 1744 1304 χάριν
1775 1251 1789 1265 ·

213 1329 308 1382 καὶ
339 1328 410 1382 τὰ
439 1329 538 1399 μὲν
587 1329 750 1397 φύσει
800 1327 950 1394 ὂντα,
984 1329 1054 1383 τὰ
1098 1327 1177 1395 δὲ,
1221 1328 1354 1400 πρὸς
1393 1328 1491 1400 τὴν
1519 1329 1619 1398 τῆς
1663 1328 1793 1399 ὕλης

209 1407 497 1491 παχύτητα
516 1437 532 1454 υ
561 1420 654 1474 ἐπὶ
675 1420 813 1474 Θεοῦ
851 1421 950 1491 μὲν
977 1417 1071 1475 οὖν
1094 1419 1254 1490 φύσει
1275 1437 1290 1453 ο
1319 1422 1410 1474 ἐπὶ
1435 1421 1493 1474 δὲ
1521 1421 1790 1489 ἀγγέλων,

208 1516 303 1568 καὶ
327 1515 618 1584 δαιμόνων,
652 1515 746 1568 καὶ
775 1513 987 1584 ψυχῶν,
1039 1514 1244 1585 χάριτι,
1276 1513 1372 1566 καὶ
1409 1512 1485 1576 ὡς
1513 1513 1646 1583 πρὸς
1690 1512 1790 1584 τὴν

205 1607 306 1676 τῆς
345 1607 479 1677 ῦλης
502 1606 811 1678 παχύτητα,
837 1606 1058 1676 λέγεται
1095 1604 1407 1674 ἀσώματον.

274 1788 444 1869 Σῶμα
463 1790 518 1843 δέ
539 1792 681 1855 ἐστι,
710 1790 772 1843 το
803 1792 964 1861 τριχῇ
1001 1789 1313 1854 διαστατὸν,
1347 1789 1520 1859 ἤγουν
1557 1788 1619 1841 τὸ
1664 1787 1786 1859 ἔχον

206 1882 405 1952 μῆκος,
428 1883 525 1936 καὶ¹
563 1881 790 1948 πλάτος,
831 1883 926 1936 καὶ
967 1881 1152 1952 βάθος,
1192 1882 1312 1953 ἤτοι
1342 1881 1537 1951 πάχος.
1575 1882 1690 1936 Πᾶν
1727 1881 1783 1934 δὲ

202 1972 367 2043 σῶμα
396 1974 459 2026 ὲκ
486 1972 595 2026 τῶν
618 1971 900 2045 τεσσάρων
934 1971 1214 2044 στοιχείων
1246 1971 1594 2026 συνίσταται·
1624 1971 1694 2026 τὰ
1724 1971 1782 2025 δὲ

198 2061 312 2118 τῶν
343 2063 498 2129 ζώων
526 2064 775 2136 σώματα,
808 2068 872 2117 ἐκ
901 2065 1012 2117 τῶν
1027 2065 1309 2134 τεσσάρων
1332 2064 1541 2135 χυμῶν.

269 2335 391 2407 Χρὴ
448 2336 504 2390 δὲ
559 2335 756 2388 εἰδέναι
785 2334 866 2388 ὅτι
895 2332 1139 2402 τέσσαρά
1175 2333 1328 2384 ἐστι·
1369 2332 1462 2402 γῆ,
1509 2330 1646 2400 ξηρά
1685 2333 1778 2384 καὶ

191 2428 417 2500 ψυχρά·
447 2425 612 2498 ὕδωρ,
663 2425 871 2498 ψυχρὸν
912 2424 1007 2478 καὶ
1065 2425 1259 2493 ὑγρόν·
1316 2423 1445 2493 ἀὴρ,
1489 2422 1653 2492 ὑγρὸς
1685 2423 1778 2476 καὶ

193 2519 402 2590 Θερμός
425 2536 440 2550 ·
469 2517 602 2590 πῦρ,
629 2517 831 2590 Θξρμὸν
867 2516 962 2569 καὶ
1002 2515 1185 2587 ξηρόν.
1227 2513 1463 2586 Ὁμοίως
1487 2514 1580 2568 καὶ
1611 2515 1777 2585 χυμοὶ

187 2611 479 2682 τέσσαρες,
536 2608 927 2677 ἀναλογοῦαντες
973 2609 1086 2671 τοῖς
1148 2605 1406 2677 τέσσαρσι
1456 2605 1773 2674 στοιχείοις’

192 2703 426 2774 μέλαινα
453 2702 604 2773 χολὴ,
640 2701 982 2768 ἀναλογοῦσα
1005 2702 1072 2772 τῇ
1102 2702 1196 2770 γῇ.
1239 2698 1378 2769 ξηρά
1405 2699 1512 2768 γάρ
1541 2700 1656 2753 ἔστι
1681 2698 1776 2751 καὶ

187 2796 403 2868 ψυχράο
433 2797 675 2866 φλέγμα,
739 2794 1037 2862 ἀναλογοῦν
1066 2791 1166 2865 [τῷ
1199 2792 1372 2855 ὕδατι,
1405 2792 1616 2863 ψυχρὸν
1666 2793 1775 2862 γάρ

183 2903 310 2941 εστι
347 2887 443 2940 καὶ
484 2887 684 2956 ὑγρὸψ
751 2882 914 2956 αἷμα,
964 2881 1287 2954 ἀναλογοῦν]
1333 2883 1467 2949 (80⁸)
1506 2882 1584 2953 τῷ
1624 2883 1770 2953 ἀέρι,

185 2978 358 3049 ὑγρὸν
392 2979 500 3049 γάρ
555 2982 674 3031 ἐστι
723 2978 816 3032 καὶ
874 2977 1114 3047 θερμόν·
1159 2976 1324 3046 ξανθὴ
1383 2975 1534 3044 χολὴ,
1580 2974 1778 3049 ἀναλοῖ

180 3069 365 3139 γοῦσα
391 3070 472 3139 τῷ
504 3071 657 3142 πυρὶ,
689 3069 870 3140 θερμὴ
917 3070 1025 3140 γάρ
1071 3070 1189 3121 ἐστι
1243 3067 1338 3120 καὶ
1381 3066 1548 3136 ξηράι
1578 3067 1640 3118 Οἱ
1673 3065 1772 3135 μὲν

181 3157 286 3217 οὖν
323 3162 550 3232 καρποὶ,
588 3163 790 3215 ἐκτῶν
844 3161 1125 3230 στοιχείων
1182 3159 1555 3220 συνίστανται,
1618 3157 1667 3208 οί
1712 3156 1768 3208 δὲ

180 3256 376 3326 χυμοὶ,
404 3256 468 3308 ὲκ
496 3254 604 3309 τῶν
639 3255 888 3326 καρπῶν,
941 3252 1009 3306 τὰ
1059 3252 1118 3305 δὲ
1169 3252 1278 3304 τῶν
1318 3251 1475 3316 ζώων
1517 3249 1764 3320 σώματα,
1795 3280 1836 3336 C

178 3338 384 3400 ἐκτῶν
426 3344 637 3416 χυμῶν,
669 3345 766 3398 καὶ
809 3346 890 3406 εἰς
937 3342 1079 3397 αύτά
1125 3341 1436 3396 ἀναλύεται.
1492 3342 1607 3395 Πᾶν
1658 3341 1765 3411 γὰρ

181 3435 593 3507 συντιθέμενον,
619 3437 710 3498 ei;
737 3434 878 3487 αὐτά
928 3433 1245 3488 ἀναλύεται.

253 3692 425 3765 Marg.
473 3695 601 3749 Ὀτι
627 3697 661 3748 ό
687 3695 999 3763 ἄνθρωπος
1041 3696 1424 3750 κοινωνεῖκαί
1465 3697 1759 3766 ἀψύχοις,

179 3785 283 3839 καὶ
311 3785 573 3854 ἀλόγοις,
627 3787 728 3840 καὶ
763 3787 1051 3855 λογικοῖς.
1072 3819 1142 3829 --
1173 3789 1295 3859 Χρὴ
1325 3789 1637 3858 γινώσκειν,
1677 3792 1761 3844 ὅτι

181 3883 214 3935 ὁ
248 3876 552 3948 ἄνθρωπος,
581 3877 674 3932 καὶ
699 3879 811 3941 τοῖς
835 3878 1066 3950 ἀψύχοις
1095 3884 1361 3946 κοινωνεῖ,
1394 3881 1490 3935 καὶ
1527 3882 1629 3952 τῆς
1652 3882 1760 3942 τῶν

171 3965 392 4034 ἀλόγων
421 3968 638 4038 μετέχει
669 3966 834 4037 ζωῆς,
876 3969 1096 4038 καὶτῆς
1143 3969 1251 4044 τῶν
1295 3970 1528 4038 λογικῶν
1576 3971 1757 4041 μετεί-

172 4061 319 4131 ληφε
347 4060 600 4130 νοήσεως.
632 4062 897 4114 Κοινωνεῖ
916 4062 1042 4131 γὰρ,
1069 4063 1180 4124 τοίς
1213 4062 1312 4131 μὲν
1335 4061 1586 4132 ἀψύχοις,
1611 4063 1756 4117 κατά

167 4149 242 4214 τὸ
271 4148 429 4219 σῶμα
465 4152 560 4205 καὶ
587 4149 685 4220 τὴν
716 4152 825 4206 ἀπὸ
849 4151 956 4205 τῶν
981 4152 1264 4223 τεσσάρων
1312 4155 1592 4223 στοιχείων
1618 4157 1755 4225 κρί-

170 4257 304 4295 σινο
326 4241 506 4304 τοῖςδὲ
539 4246 725 4311 φυτοῖς
758 4243 900 4296 κατά
948 4261 1006 4296 τε
1037 4244 1230 4308 ταῦτα,
1266 4245 1362 4309 καὶ
1400 4244 1498 4315 τὴν
1531 4245 1757 4314 Θρεπτιο-

169 4334 304 4405 κὴν,
334 4335 429 4388 καὶ
458 4334 776 4404 αὐξητικὴν,
808 4335 900 4387 καὶ
932 4335 1336 4405 σπερματικὴν,
1371 4335 1538 4405 ἤγουν
1565 4353 1756 4407 γεννη·

165 4427 339 4496 τικὴν
365 4426 591 4496 δύναμιν
610 4442 624 4456 ·
653 4428 764 4488 τοῖς
793 4426 849 4478 δὲ
885 4427 1101 4493 ἀλόγοις
1150 4424 1246 4478 καὶ
1290 4428 1348 4477 ἐν
1388 4426 1600 4489 τούτοις
1629 4427 1751 4497 μὲν,

165 4518 236 4584 ἐξ
277 4517 574 4588 ὲπιμὲτρου
608 4514 664 4570 δὲ
691 4519 831 4569 κατά
888 4517 987 4586 τὴν
1012 4517 1218 4586 ὄρεξιν,
1262 4516 1430 4586 ἤγουν
1459 4516 1632 4587 Ουμὸν
1658 4518 1752 4570 καὶ

1909 672 2140 726 luntatis
2179 675 2544 728 mutationem
2579 679 2767 732 subire
2795 693 2960 750 queat
2981 725 2995 747 ,
3028 693 3318 754 propterea
3349 689 3492 755 quod

1905 773 2091 817 errata
2127 766 2220 819 sit.
2255 767 2420 835 Atqui
2455 767 2569 822 hau:
2596 771 2778 823 omnia
2805 774 3086 830 Creatoris
3119 771 3388 830 Ιιοιιοῆι-ἰο
3412 795 3494 828 ςρ-
3528 765 3535 771 ’

1803 901 1810 910 .
1905 855 2146 909 cundum
2180 869 2433 912 naturam
2479 873 2782 915 consecuta
2827 875 2946 931 est,
2994 883 3022 919 a
3069 884 3180 937 quo
3227 870 3487 922 nimirum-

1903 949 2157 1019 accepit,
2191 959 2248 1004 et
2282 959 2341 1004 ut
2371 961 2557 1016 esset,
2600 964 2654 1008 ct
2683 965 2741 1008 ut
2773 957 2939 1024 huius
2973 971 3181 1013 naturm
3216 972 3382 1014 esset.

1971 1038 2344 1109 lncorporeum
2359 1053 2484 1112 quot
2502 1046 2672 1100 modis
2685 1048 3305 1120 dicitur.-—lncorporea
3327 1071 3492 1121 porro

1900 1138 1953 1182 ct
2002 1129 2319 1196 invisibilia,
2356 1142 2411 1188 et
2441 1134 2628 1205 ﬁgura:
2654 1143 2898 1207 expertia
2935 1142 3154 1197 duobus
3189 1144 3366 1198 modis
3406 1145 3482 1207 in,-

1901 1221 2221 1291 telligimus.
2271 1225 2388 1279 Alia
2437 1228 2589 1284 enim
2635 1243 2848 1285 suamet
2913 1235 3150 1286 essentia
3213 1235 3486 1301 ejusmodi

1900 1323 2048 1376 sunt,
2090 1315 2196 1386 alia
2224 1301 2423 1384 gratia.
2455 1318 2702 1388 [temque
2730 1322 2835 1375 alia
2895 1333 3089 1392 suapte
3115 1334 3332 1390 natura,
3357 1325 3484 1391 alia,

1898 1404 1940 1457 si
1968 1420 2092 1459 cum
2121 1408 2367 1462 materia:
2384 1412 2640 1467 crassitie
2663 1424 3076 1484 comparentur.
3097 1415 3483 1485 incorporeum

1900 1497 2064 1565 igitur
2112 1513 2254 1564 esse,
2305 1500 2411 1554 Deo
2447 1505 2705 1557 convenit
2731 1506 3029 1558 secundum
3067 1518 3352 1569 naturam;
3395 1524 3486 1562 an-

1894 1586 2030 1653 gelis
2079 1599 2286 1651 autem,
2321 1599 2375 1643 et
2409 1591 2774 1654 daemonibus,
2810 1603 2860 1646 et
2913 1596 3133 1661 animis,
3182 1599 3481 1650 secumlum

1893 1676 2146 1743 gratiam,
2196 1677 2495 1747 habitaque
2533 1683 2744 1734 ratione
2782 1682 2846 1735 ad
2881 1686 3477 1740 malericc-crassitiem.

1966 1768 2039 1822 De
2088 1781 2324 1836 corpore.
2354 1801 2425 1812 —
2453 1773 2523 1823 At
2577 1788 2704 1826 vero
2737 1788 2941 1843 corpus
2972 1785 3078 1836 est,
3123 1777 3173 1829 id
3202 1777 3349 1846 quod
3379 1779 3478 1831 tri-

1893 1858 2020 1926 plici
2054 1859 2399 1916 dimensione
2431 1872 2687 1926 constat,
2725 1865 2826 1918 hoe
2873 1878 2975 1924 est.
3011 1864 3178 1936 quod,
3203 1880 3254 1922 et
3305 1872 3475 1937 longi-

1817 1927 1856 1982 Β
1885 1949 2150 2014 tudinem,
2169 1959 2222 2006 et
2248 1951 2612 2016 latitudinem,
2641 1962 2694 2009 et
2717 1927 3166 2025 profunditatem,
3185 1963 3297 2013 sive
3325 1978 3474 2015 cras-

1884 2042 2063 2097 sitiem
2143 2043 2326 2100 habet.
2384 2047 2601 2117 Corpus
2662 2059 2843 2104 autem
2907 2067 3068 2106 omne
3123 2069 3189 2107 ex
3242 2065 3471 2122 qualum

1881 2133 2167 2189 elementis
2181 2147 2528 2207 compactum
2549 2149 2634 2195 est
2664 2157 2676 2193 :
2708 2143 3071 2198 animantium
3096 2160 3222 2199 vero
3239 2163 3475 2219 corpora.

1879 2240 1947 2280 ex
1977 2234 2216 2293 quatuor
2239 2227 2589 2285 humoribus.

1950 2315 2214 2373 Humores
2241 2331 2469 2390 quatuor
2509 2323 2779 2379 elementis
2824 2326 3001 2395 aﬂincs
3035 2329 3147 2381 suis
3183 2331 3464 2399 qualitati—

1879 2404 1995 2460 bus.
2030 2437 2093 2446 —
2125 2406 2192 2461 Et
2225 2411 2445 2479 quidem
2471 2412 2754 2467 sciendum
2799 2424 2907 2480 est,
2937 2427 3176 2485 quatuor
3197 2422 3464 2474 elementa

1876 2515 2030 2566 esse;
2066 2511 2270 2557 terram
2315 2505 2600 2570 nimirum,
2656 2524 2776 2577 quae
2833 2511 2977 2565 sicca
3013 2521 3065 2566 et
3117 2513 3311 2583 frigida
3343 2521 3463 2580 est;

1878 2606 2102 2661 aquam,
2138 2609 2260 2661 quae
2306 2597 2504 2667 frigida
2533 2590 2590 2654 et
2623 2599 2844 2656 lnzmida
2871 2621 2884 2669 ;
2914 2618 3120 2669 aerem,
3153 2606 3244 2675 qui
3283 2605 3466 2658 humi-

1875 2685 1980 2740 dus
2029 2697 2078 2741 et
2120 2689 2372 2758 calidus;
2399 2690 2601 2762 ignem,
2655 2697 2748 2762 qui
2809 2697 3022 2751 calidus
3054 2703 3108 2752 et
3145 2698 3346 2752 siccus.
3383 2698 3462 2750 Ad

1873 2776 2128 2832 eumdem
2173 2780 2417 2844 modum,
2449 2791 2689 2850 quatuor
2737 2787 2997 2842 humores
3028 2770 3322 2849 exsistere,
3369 2791 3461 2856 qui

1872 2868 2162 2922 elementis
2193 2879 2432 2939 quatuor
2461 2872 2646 2926 nativa
2678 2876 2943 2944 qualitate
2963 2875 3310 2944 respondent.
3331 2878 3462 2930 Atra

1873 2958 2078 3030 quippe
2105 2961 2251 3024 bilis,
2290 2969 2481 3032 utpote
2505 2966 2652 3020 sicca
2685 2978 2739 3020 et
2781 2967 3002 3037 frigida,
3037 2977 3196 3023 terra:
3230 2985 3458 3038 respon-

1876 3046 2009 3100 det:
2049 3049 2269 3118 pituita,
2307 3065 2496 3120 aquaa;
2549 3062 2633 3108 est
2673 3056 2818 3108 enim
2874 3056 3066 3126 frigida
3097 3064 3150 3110 rt
3182 3058 3406 3112 humida
3445 3077 3457 3112 :

1871 3138 2121 3205 sanguis,
2155 3139 2268 3192 aeri
2296 3156 2310 3204 ;
2342 3141 2562 3194 calidus
2599 3145 2743 3196 enim
2788 3151 2842 3197 et
2874 3145 3132 3200 humidus
3161 3156 3245 3200 est
3274 3166 3286 3200 :
3324 3147 3461 3200 ﬂava

1870 3226 2110 3298 denique
2142 3228 2292 3290 bilis,
2325 3230 2458 3298 igni,
2499 3242 2559 3284 ut
2590 3247 2712 3301 qua:
2735 3221 2912 3287 calida
2937 3235 3010 3288 sit
3051 3243 3105 3289 et
3139 3236 3306 3290 sicca.
3338 3235 3457 3290 Jam

1858 3316 2089 3373 fructus
2116 3333 2182 3372 ex
2216 3320 2505 3375 elementis
2545 3323 2859 3377 conllantur
2891 3343 2903 3379 :
2940 3325 3221 3390 humores,
3257 3344 3320 3380 ex
3347 3328 3458 3380 fru—

1869 3409 2050 3464 ctibus
2082 3427 2094 3463 :
2131 3410 2498 3466 animantium
2536 3429 2666 3468 vero
2700 3431 2958 3486 corpora,
2995 3433 3060 3471 ex
3089 3418 3412 3472 humoribus

1867 3508 2032 3569 atque
2057 3502 2110 3554 in
2142 3503 2332 3556 eadem
2362 3504 2479 3573 ipsa
2511 3507 2856 3562 relabuntur.
2909 3509 3186 3580 Quidquid
3209 3513 3353 3566 enim
3388 3528 3440 3565 e:

1867 3591 2143 3659 aliquibus
2173 3603 2492 3650 concretum
2529 3609 2633 3660 est,
2696 3600 2799 3655 hoc
2833 3601 2885 3654 in
2916 3583 3108 3657 eadem
3137 3605 3448 3660 resolvitur.

1933 3685 2336 3741 Communicare
2365 3687 2628 3743 hominem
2666 3707 2786 3744 cum
2819 3693 2973 3747 rebus
3009 3695 3264 3749 inanimis
3296 3713 3445 3749 cum-

1861 3795 1962 3848 que
1995 3779 2166 3833 brutis
2202 3782 2588 3846 animantibus,
2625 3795 2676 3838 et
2707 3801 2825 3838 cum
2857 3787 3066 3841 ratione
3099 3789 3358 3855 prwditis.
3386 3823 3451 3831 —-

1862 3871 1999 3924 Illud
2033 3872 2258 3942 insuper
2289 3889 2455 3929 nosse
2484 3884 2704 3945 oportet
2758 3878 3056 3941 hominem,
3105 3890 3301 3934 etcum
3328 3881 3448 3934 ina—

1863 3962 2030 4016 nimis
2051 3965 2492 4030 communicare,
2529 3976 2582 4022 et
2606 3957 2898 4023 hrutOrum
2930 3970 3298 4025 animantium
3327 3971 3450 4027 vitm

1859 4057 2178 4126 participem
2206 4073 2348 4123 esse,
2371 4066 2426 4113 et
2457 4073 2582 4113 eum
2612 4060 2720 4116 illis
2753 4061 3014 4132 denique,
3067 4077 3190 4132 qua:
3236 4063 3448 4118 ratione

1858 4147 2083 4217 praedita
2117 4155 2267 4213 sunt,
2299 4150 2621 4221 intelligere.
2647 4150 2782 4205 Nam
2815 4167 2936 4206 eum
2973 4153 3138 4207 rebus
3169 4155 3447 4217 inanimis,

1859 4247 1971 4292 tum
1997 4239 2208 4295 ratione
2241 4242 2495 4310 corporis
2527 4244 2931 4310 communicat,
2980 4246 3141 4316 180
3176 4254 3290 4301 ttun
3319 4248 3446 4317 quia

1859 4347 1924 4388 ex
1956 4341 2198 4403 quatuor
2223 4335 2515 4389 elementis
2549 4344 2845 4389 concretus
2894 4347 2979 4389 est
3011 4353 3023 4388 :
3057 4333 3187 4390 cum
3218 4337 3444 4407 plantis,

1858 4433 1972 4476 tum
2007 4433 2230 4493 propter
2267 4426 2394 4491 ista,
2435 4434 2548 4479 tum
2595 4435 2819 4494 propter
2851 4442 2970 4481 eam
3008 4429 3112 4480 vim
3147 4443 3253 4496 qua
3287 4431 3438 4483 aluno

1856 4523 1964 4577 tur,
2001 4524 2326 4583 augescunt,
2385 4525 2440 4571 et
2498 4517 2798 4578 seminant,
2851 4518 2968 4571 sive
3013 4519 3244 4587 gignunt
3276 4537 3288 4571 :
3319 4536 3440 4576 cum

162 4610 492 4678 ἐπιθυμίαν,
511 4609 605 4662 καὶ
629 4609 771 4663 κατά
804 4608 902 4680 τὴν
922 4607 1196 4680 αἴσθησιν,
1215 4606 1310 4662 καὶ
1339 4608 1482 4663 κατά
1507 4609 1608 4680 τὴν
1631 4611 1752 4663 καθ’

1869 4606 2059 4670 brutis,
2112 4617 2226 4660 tum
2267 4615 2534 4676 quantum
2567 4608 2633 4662 ad
2669 4609 2781 4661 haac
2811 4610 3016 4676 omnia,
3065 4621 3178 4664 tum
3219 4621 3420 4679 prmtcr

161 4699 355 4773 ὁρμὴν
384 4700 618 4772 κίνησιν.

242 4947 536 5018 Αίσθήσεις
597 4951 694 5020 μὲν
757 4951 852 5005 οὖν
904 4955 1009 5006 εισι
1055 4953 1254 5016 πέντε,
1315 4954 1527 5023 ὅρασις,
1589 4955 1750 5024 ἀκοὴ,

159 5044 464 5113 ὄσφρησις,
488 5043 693 5113 γεῦσις,
721 5046 834 5117 ἁφή
861 5061 877 5077 ’
919 5047 1015 5116 τῆς
1044 5047 1101 5101 δὲ
1141 5047 1264 5101 καθ’
1287 5046 1462 5120 ὁρμὴν
1480 5051 1744 5121 κινήσεώς

1862 4711 1924 4752 ea
1968 4709 2237 4767 quantum
2292 4699 2360 4752 ad
2418 4701 2748 4772 appetitum,
2785 4701 2886 4754 hoc
2921 4709 3026 4766 est,
3067 4703 3202 4754 iram
3252 4711 3308 4756 et
3347 4719 3442 4756 cu-

1863 4789 2186 4858 piditatem;
2227 4793 2469 4860 itemque
2515 4806 2736 4847 sensum
2777 4801 2832 4846 et
2884 4800 3093 4847 motum
3144 4793 3410 4864 impulsio

1861 4896 1968 4932 IIIS.

1935 4969 2143 5024 Sensus
2209 4984 2374 5038 porro
2408 4981 2538 5023 sunt
2567 4969 2837 5039 quinque,
2871 4972 3046 5035 visus,
3079 4977 3322 5036 auditus,
3362 4980 3430 5030 ol-

1804 5069 1806 5072 ·
1857 5062 2052 5125 factus,
2089 5073 2307 5131 gustus,
2345 5068 2554 5117 tactus.
2594 5060 2675 5116 Ad
2734 5071 2943 5117 motum
2974 5064 3322 5134 impulsionis
3359 5071 3424 5120 \E»

1683 5211 1914 5269 ΝΟΤᾹΞ.

246 5355 360 5426 (80)
392 5357 588 5434 (hirta
626 5358 1213 5434 ταῦτα-κατὰφύσιν.
1241 5374 1279 5417 Λ
1294 5377 1409 5434 tque
1454 5371 1562 5422 Iia'c
1577 5375 1754 5426 omnia

154 5424 446 5510 Creatoris
477 5427 746 5496 beneﬁcio.
800 5429 898 5484 llic
939 5424 1157 5510 tandem
1200 5424 1359 5510 deret
1411 5441 1590 5492 omnia
1626 5424 1751 5510 qui;

163 5501 281 5551 bus
309 5507 526 5575 natura:
555 5508 765 5575 creatae
798 5503 1216 5575 (-oristaiit,_ch:i
1270 5507 1418 5559 dono
1469 5519 1522 5561 et
1566 5501 1752 5575 gratia!

161 5567 378 5644 ascribi
414 5567 644 5644 debere;
674 5570 874 5644 quippe
912 5587 1036 5644 eum
1087 5571 1228 5630 Deus
1270 5577 1321 5629 in
1348 5632 1349 5635 η
1375 5567 1752 5644 przelinitioni-

165 5641 280 5691 bus
324 5638 545 5691 atternis
590 5638 858 5714 essentias
897 5641 1142 5714 singulas
1177 5638 1444 5714 sapientia
1475 5658 1528 5702 et
1557 5655 1748 5705 volun-

163 5717 286 5786 tate
319 5709 897 5788 sua‘cpncinnaverit:
932 5709 1074 5788 unde
1097 5709 1397 5788 subjungit.
1434 5717 1750 5788 lurorporca

158 5787 215 5830 εἰ
237 5776 549 5856 invisibilia
593 5779 702 5832 alia
737 5797 848 5833 esse
895 5776 1016 5856 κατ’
1059 5776 1266 5856 ουσίαν,
1301 5776 1503 5855 vsuaptc
1531 5776 1746 5856 mirum,

159 5846 464 5922 “liquati:
489 5849 669 5916 χάριν,
705 5852 1062 5918 pci'gi'ulfam.
1099 5846 1469 5922 Incorporcuiu
1519 5860 1621 5914 Deo
1663 5846 1743 5914 ac:

160 5917 405 5972 tandum
448 5928 691 5972 naturam
735 5917 1046 5986 convenire;
1087 5917 1284 5996 angelis
1316 5939 1508 5996 autem,
1549 5932 1714 5986 (immo

1864 5376 2036 5439 nibus,
2062 5385 2112 5429 et
2145 5377 2340 5430 animis
2388 5393 2479 5447 per
2527 5384 2780 5447 gratiam.
2818 5379 2974 5444 Quod
3032 5379 3080 5431 si
3122 5381 3351 5447 angelus
3391 5397 3438 5435 et

1861 5447 2042 5499 anima
2099 5448 2320 5501 nonnisi
2367 5462 2396 5498 a
2449 5446 2543 5502 Dei
2576 5451 2858 5503 voluntate
2908 5449 3009 5502 hoc
3053 5446 3340 5504 obtinuere
3383 5464 3438 5506 ut

1861 5516 2082 5569 minime
2115 5517 2362 5584 corporei
2394 5529 2601 5582 essent,
2635 5536 2740 5571 non
2791 5519 3013 5572 aliunde
3051 5520 3291 5586 profecto
3342 5523 3434 5574 iu:-

1859 5587 2245 5640 mortalitatem
2287 5587 2596 5651 hahueriut,
2628 5605 2791 5654 quam
2832 5589 3064 5644 subinde
3099 5588 3187 5639 Dei
3217 5589 3362 5641 (Ιοιιυ
3386 5603 3432 5642 «ι

1857 5656 2047 5720 gratia:
2095 5657 2284 5710 Patres
2343 5659 2619 5712 ascribere
2661 5675 2771 5711 non
2826 5658 3098 5711 dubitant.
3153 5659 3298 5711 'l‘rila
3340 5665 3435 5709 lm-

1859 5733 2100 5798 veterum
2145 5726 2394 5780 doctrina
2428 5728 2674 5798 Pelagius
2710 5730 3074 5791 abutebatur,
3134 5739 3209 5789 ut,
3248 5745 3342 5792 pm
3372 5747 3431 5781 ea

1855 5810 1960 5860 qua
1995 5797 2482 5869 pollebatastutia,
2527 5797 2674 5853 sulas
2727 5809 2933 5851 natura:
2971 5804 3126 5852 don-5
3161 5798 3398 5869 iltteiiigc
3421 5834 3428 5836 η

1856 5873 1956 5919 rel.
1995 5869 2215 5930 quanio
2247 5865 2335 5918 Dl'i
2372 5869 2599 5936 gratiam
2628 5869 2875 5922 conﬁteri
2914 5871 3094 5924 iit-“HS
3130 5877 3230 5920 θει-

1926 5938 2058 6005 (80')
2100 5938 2324 5993 Uueinis
2365 5939 2577 5994 inclusa
2609 5957 2688 6006 sn;
2716 5945 2946 6005 runtur.
2992 5937 3140 5992 lizlt't'.
