4180 6450
136 363 225 426 945

1134 363 1225 418 UE
1268 364 1438 419 FIDE
1475 361 1918 418 Ull'l‘lltlllOXA
1970 363 2107 418 LIB.
2150 361 2218 416 11.

3153 355 3254 413 946

138 471 315 538 λόμεϐα
364 473 417 523 δὲ
458 473 547 525 καὶ
581 469 918 536 βασιλεῦσαι,
951 469 1040 517 καὶ
1089 468 1242 517 τοῦτο
1272 470 1368 518 οὐκ
1397 469 1506 516 ἐστι
1537 469 1640 515 τῶν
1673 473 1691 523 ,Α

1758 466 2009 532 ιιιὶιΙῃίτιηι
2060 466 2367 532 plerumque
2422 463 2680 516 volumus.
2737 463 2994 514 Volumus
3041 463 3161 512 item
3222 458 3278 510 el

138 560 210 625 ἔφ’
241 563 377 625 ἡμῖν.
422 560 723 625 Βουλόμεθα
748 559 803 608 δὲ
832 557 987 622 τυχὸν
1035 556 1125 605 καὶ
1158 555 1414 622 μηδέποτε
1448 556 1640 606 ἀποθα-

138 649 259 718 νείνο
281 647 432 697 τοῦτο
455 646 561 696 τῶν
589 644 860 698 ἀδυνάτων
882 644 1043 694 ἐστίν.

201 817 342 869 Ἐστι
371 818 425 868 δὲ
447 819 478 885 ἡ
509 817 752 887 βούλησις
771 819 863 870 τοῦ
892 820 1090 882 τέλους,
1127 822 1186 871 οὐ
1207 820 1310 870 τῶν
1330 819 1460 885 πρὸς
1484 819 1541 868 τὸ
1564 818 1646 866 τέ-

139 903 231 964 λος.
263 904 417 964 Τέλος
449 905 545 970 μὲν
568 899 659 956 οὖν
686 907 798 956 ἐστι
831 904 889 956 τὸ
918 905 1192 973 βουλητὸν,
1221 907 1293 967 ὡς
1313 909 1373 956 τὸ
1402 903 1645 971 pactis?)-

138 1009 236 1054 σαι,
255 991 325 1052 ὡς
342 992 402 1042 τδ
423 993 633 1057 ὐγιᾶναι
657 1000 674 1021 ·’
700 994 833 1061 πρὸς
862 996 921 1044 τὸ
950 994 1096 1054 τέλος
1137 995 1213 1059 δὲ,
1251 994 1311 1045 τδ
1348 992 1645 1061 βουλευτὴν,

137 1081 284 1143 ἤγουν
310 1081 338 1130 ὁ
358 1081 569 1148 τρόπος,
593 1081 658 1132 δι’
685 1074 744 1133 οὐ
760 1082 1039 1150 ὀφείλομεν
1070 1083 1299 1148 ὐγιᾶναι,
1334 1083 1366 1149 ἢ
1409 1079 1649 1148 βασιλεύ-

141 1183 253 1217 σαιο
281 1161 395 1218 εἶτα
427 1169 562 1236 μετὰ
593 1169 690 1238 τὴν
727 1169 996 1238 βούλησιν,
1025 1171 1264 1238 ζήτησις,
1311 1169 1404 1220 καὶ
1432 1168 1644 1234 σκέψις·

139 1256 223 1306 καὶ
250 1257 382 1320 μετὰ
407 1257 591 1319 ταῦτα,
617 1259 664 1308 εί
681 1259 788 1309 τῶν
807 1259 889 1326 ἐφ’
920 1260 1047 1326 ἡμῖν
1069 1261 1202 1322 ἐστι,
1232 1257 1432 1323 γίνεται
1467 1257 1644 1325 βουλὴ,

137 1347 289 1411 ἢγουν
309 1345 595 1413 βούλευσις.
619 1347 785 1416 Βουλὴ
800 1349 856 1401 δέ
882 1351 1024 1400 ἐστιν
1039 1348 1213 1417 ὄρεξις
1224 1349 1501 1416 ζητητικὴ,
1527 1348 1651 1415 περὶ

135 1432 235 1482 τῶν
283 1434 365 1500 ἐφ’
409 1435 537 1502 ἡμῖν
569 1435 821 1502 πρακτῶν
854 1437 1108 1503 γινομένη
1128 1449 1143 1464 θ
1175 1433 1477 1502 βουλεύεται
1522 1433 1648 1500 γὰρ,

138 1521 182 1569 εί
208 1521 401 1586 ὀφείλει
433 1521 700 1588 μετελθεῖν
717 1523 777 1573 τὸ
806 1524 1053 1590 πρᾶγμα,
1087 1522 1120 1590 ἢ
1143 1523 1203 1574 οὐ
1224 1537 1237 1550 ⁸
1262 1517 1381 1574 εἶτα
1403 1521 1571 1589 κρίνει
1593 1520 1654 1571 τὸ

138 1609 368 1672 κρεῖττον
391 1648 406 1668 ,
441 1609 532 1659 καὶ
579 1607 792 1684 λέγεται
825 1608 1002 1675 κρίσις
1022 1624 1036 1637 ’
1076 1605 1196 1660 εἶτα
1229 1608 1534 1670 διατίθεται,
1561 1609 1653 1656 καὶ

136 1697 314 1764 ἀγαπᾷ
341 1695 401 1747 τὺ
422 1697 485 1748 εκ
503 1697 600 1765 τῆς
623 1684 814 1765 βουλῆς
834 1696 1038 1766 κριθὲν,
1069 1697 1160 1750 καὶ
1179 1697 1413 1749 καλεῖται
1441 1696 1648 1764 γνώμη.

149 1782 262 1834 Ἐὰν
291 1783 396 1851 γὰρ
448 1784 627 1855 κρίνῃ,
676 1786 768 1836 καὶ
796 1765 881 1854 μὴν
905 1785 1119 1853 διατεθῇ
1180 1783 1398 1854 πρὸςτδ
1449 1784 1650 1852 κριθὲν,
1688 1765 1726 1817 Β

134 1872 294 1936 ῆγουν
321 1871 576 1941 ἀγαπήσῃ
605 1872 754 1936 αὐτὸ,
781 1874 842 1925 οὐ
876 1873 1088 1939 λέγεται
1119 1873 1328 1941 γνώμη.
1362 1869 1490 1925 Εἶτα
1523 1873 1658 1940 μετὰ

133 1961 227 2027 τὴν
253 1960 507 2037 διάθεσιν,
561 1962 766 2027 γίνεται
816 1963 1150 2030 προαίρεσις,
1183 1962 1347 2029 ἧγουν
1401 1962 1655 2027 ἐπιλογίν

135 2049 439 2116 προαίρεσις
471 2050 576 2118 γάρ
624 2053 759 2112 ἔστι,
792 2051 883 2106 δύο
931 2051 1318 2120 προκειμένων,
1349 2050 1410 2102 τὸ
1452 2051 1548 2118 μὲν
1578 2053 1663 2101 al.-

137 2137 360 2204 ρείσθαι,
393 2138 483 2189 καὶ
506 2140 817 2205 ἐκλέγεσθαι
845 2140 998 2192 τοῦτο
1028 2140 1131 2209 πρὸ
1161 2141 1254 2191 τοῦ
1295 2141 1495 2208 ἑτέρου.
1525 2137 1651 2192 Εἶτα

75 2258 80 2263 -
130 2223 274 2289 ὁρμᾷ
296 2223 427 2290 πρὸς
451 2224 548 2293 τὴν
591 2227 801 2294 πρᾶξιν,
842 2227 930 2278 καὶ
979 2227 1187 2294 λέγεται
1219 2229 1358 2296 ὁρμή
1381 2246 1395 2258 ο
1429 2223 1542 2279 εἶτα
1571 2231 1657 2281 κέ-

132 2327 349 2378 χρηται,
375 2314 467 2365 καὶ
493 2313 709 2381 λέγεται
744 2317 931 2385 χρῆσις
959 2333 971 2344 ·
1006 2314 1120 2370 εἶτα
1158 2316 1383 2368 παύεται
1411 2319 1508 2386 τῆς
1541 2318 1658 2385 ὀρέ-

127 2398 269 2461 ξεως
293 2402 425 2468 μετὰ
451 2404 547 2472 τὴν
575 2406 786 2473 χρῆσιν.

1747 569 1898 619 reges
1935 569 2090 615 esse;
2135 553 2276 620 quod
2323 564 2496 603 tamen
2556 553 2606 602 in
2656 554 2808 603 nobis
2836 556 2996 604 silum
3034 558 3268 602 nonest.

1748 641 2000 692 Volumus
2023 656 2231 707 quoque
2257 642 2484 693 fortasse
2509 655 2777 707 nunquam
2810 643 2961 700 muri,
2991 639 3130 707 quod
3157 639 3274 705 qui-

1745 731 1864 782 dem
1900 730 2012 781 fieri
2041 733 2241 796 nequit.

1819 817 2022 869 Volendi
2072 829 2218 871 actus
2265 827 2340 870 est
2371 819 2489 883 [mis
2514 856 2528 878 ,
2565 816 2838 869 voluntatis
2880 814 3177 880 subjectum.

1749 906 2004 959 Voluntas
2041 908 2107 971 ⁷⁵,
2135 922 2228 960 seu
2273 906 2485 958 volendi
2520 913 2671 957 actus
2707 905 2860 955 tinem
2907 910 3136 970 spectat,
3170 918 3272 952 nun

1747 1012 1808 1050 ea
1838 1012 1956 1064 qua:
1977 1007 2103 1051 sunt
2129 997 2196 1049 ad
2223 998 2399 1049 tinem.
2436 996 2512 1047 Ac
2538 993 2658 1045 linis
2683 992 2898 1060 quidem
2925 999 3024 1050 est,
3054 990 3103 1041 id
3141 990 3277 1056 quod

1748 1093 1900 1139 actus
1936 1087 2226 1140 voluntatis
2256 1086 2551 1153 subjectum
2574 1093 2675 1144 est,
2699 1098 2748 1132 v.
2773 1097 2850 1150 gr.
2879 1095 3124 1148 regnare,
3145 1080 3276 1129 bona

1749 1176 2053 1228 valetudine
2082 1192 2242 1230 esse:
2277 1178 2341 1228 ad
2389 1176 2543 1227 tinem
2584 1181 2783 1234 autem,
2818 1171 2868 1223 id
2908 1170 2974 1222 de
3012 1161 3116 1236 quo
3146 1184 3278 1220 cou-

1750 1265 2018 1327 sultatur,
2066 1273 2191 1333 puta
2243 1265 2434 1317 modus
2463 1261 2850 1330 consequendae
2895 1260 3164 1318 sanitatis,
3201 1259 3280 1309 vel

1753 1353 1907 1418 regia:
1931 1352 2210 1420 dignitatis
2241 1355 2304 1402 ⁷⁸.
2355 1351 2657 1404 Voluntatis
2695 1355 2871 1400 actum
2911 1347 3151 1413 sequitur
3198 1344 3284 1395 iu-

1750 1440 1969 1505 quisitio
1992 1451 2044 1493 et
2073 1440 2458 1493 consideratio.
2493 1436 2691 1490 Deinde
2724 1435 2765 1488 si
2794 1434 2858 1486 de
2885 1434 3042 1486 rebus
3084 1446 3200 1499 qum
3231 1432 3280 1479 in

1753 1536 2015 1597 potestate
2061 1535 2245 1582 nostra
2295 1535 2440 1589 sunt,
2485 1526 2682 1594 agitur,
2715 1522 3001 1576 consilium
3053 1518 3279 1578 exsistit,

1752 1632 1846 1670 seu
1882 1615 2227 1670 deliberatio.
2264 1615 2361 1668 Est
2391 1622 2568 1666 autem
2594 1610 2876 1666 consilium
2909 1607 3176 1675 appetitus
3201 1607 3281 1655 in-

1755 1705 1976 1772 quirens
2013 1702 2078 1756 de
2107 1704 2271 1756 rebus
2305 1701 2549 1771 agendis,
2577 1715 2802 1767 quarum
2846 1705 3084 1765 potestas
3123 1709 3283 1761 penes

1752 1808 1849 1848 nos
1873 1800 1975 1846 est.
2005 1793 2274 1845 Deliberat
2299 1792 2440 1844 enim
2459 1790 2743 1858 quispiam,
2766 1801 2890 1839 num
2918 1799 3028 1837 rem
3055 1785 3281 1850 aliquam
3337 1823 3339 1825 .

1751 1880 1966 1950 aggredi
1998 1881 2208 1943 debeat,
2241 1895 2405 1934 necne
2459 1897 2471 1930 :
2504 1889 2614 1930 tum
2649 1879 2699 1930 id
2726 1875 2868 1947 quod
2895 1874 3141 1950 idoneum
3174 1887 3283 1922 ma-

1755 1949 1838 2034 gis
1881 1968 1948 2019 sit
1977 1967 2208 2034 iudicat,
2257 1974 2310 2019 et
2343 1965 2601 2032 judicium
2649 1949 2866 2016 dicitur.
2919 1949 3109 2013 Postea
3157 1971 3282 2024 erga

1759 2055 1892 2108 illud
1920 2053 2170 2116 aﬂicitur,
2199 2062 2250 2106 et
2284 2053 2622 2120 amplectitur
2656 2050 2797 2120 quod
2828 2049 3110 2102 consilium
3158 2061 3283 2098 cen-

1759 2144 1866 2195 suit
1889 2159 1903 2207 ;
1944 2148 1997 2195 et
2023 2149 2152 2195 tunc
2178 2141 2385 2209 γνώμη,
2413 2140 2462 2193 id
2481 2149 2582 2202 est,
2619 2139 2867 2193 sententia
2894 2145 3128 2189 vocatur.
3155 2134 3283 2186 Nam

1761 2232 1807 2284 si
1844 2232 1915 2284 ita
1944 2230 2171 2298 judicet,
2207 2239 2265 2283 ut
2293 2241 2467 2284 tamen
2499 2245 2622 2298 erga
2659 2230 2788 2282 illud
2825 2228 2964 2295 quod
2991 2226 3282 2294 judicalum

1765 2329 1870 2384 est,
1903 2335 2010 2375 non
2050 2322 2348 2386 adiciatur;
2397 2321 2496 2373 hoc
2525 2327 2628 2381 est,
2662 2319 2791 2372 illud
2839 2317 3057 2370 minime
3087 2314 3284 2380 ample-

1763 2419 1962 2476 ctatur,
1996 2413 2258 2467 sententia
2292 2427 2396 2464 non
2425 2406 2772 2464 diciturJam
2800 2420 2925 2459 vero
2956 2404 3281 2456 aliut-tionem

130 2488 378 2552 sequitur
402 2491 615 2554 electio,
649 2491 845 2560 quippe
884 2508 1001 2561 qua:
1036 2493 1166 2547 nihil
1197 2502 1277 2546 est
1303 2495 1449 2547 aliud
1488 2495 1593 2549 nisi
1621 2511 1651 2550 e
1685 2496 1896 2552 duabus
1925 2501 2083 2553 rebus
2103 2514 2220 2569 qua:
2243 2504 2638 2567 proponuntur,
2703 2495 2921 2561 alterius
2972 2509 3077 2561 pra:
3122 2493 3281 2542 altera

131 2583 427 2647 susceptio.
471 2580 601 2634 Dein
637 2583 703 2635 ad
738 2584 1003 2636 actionem
1040 2587 1411 2654 progreditur,
1464 2594 1517 2639 et
1565 2586 1665 2638 hoc
1699 2587 1898 2640 dicitur
1922 2589 2193 2655 impulsus.
2224 2588 2358 2640 Tum
2393 2587 2625 2642 subinde
2681 2586 2872 2653 adepto
2930 2585 3033 2636 line
3095 2584 3280 2643 utitur,

127 2677 186 2719 ct
215 2677 340 2719 tunc
375 2686 498 2737 usus
528 2673 840 2739 appellatur.
877 2672 1004 2728 Post
1028 2690 1177 2726 tuum
1206 2676 1434 2744 denique
1479 2676 1744 2742 appetitus
1765 2677 2013 2744 quiescit.
2083 2720 2093 2731 .

214 2758 333 2809 Ἐπὶ
357 2759 450 2826 μὲν
475 2760 565 2812 οὖν
596 2761 701 2812 τῶν
733 2763 958 2830 ἀλόγων,
1020 2764 1195 2831 ὄρεξις
1241 2767 1445 2831 γίνεταί
1500 2784 1659 2830 τινος,

128 2849 226 2899 καὶ
277 2849 472 2911 εὐθέως
501 2850 641 2919 ὁρμὴ
696 2851 826 2919 πρὸς
869 2853 964 2921 τὴν
1012 2854 1220 2921 πρᾶξιν.
1284 2857 1504 2922 ¹ἶᾹλογος
1559 2857 1664 2924 γάρ

128 2940 282 2987 ἐστιν
306 2937 337 3003 ἡ
362 2936 536 3005 ὄρεξις
558 2940 666 2996 τῶν
693 2939 900 3005 ἀλόγων
918 2982 930 3003 ,
957 2942 1046 2993 καὶ
1073 2943 1290 3009 ἄγονται
1315 2944 1417 2995 ὑπὸ
1444 2945 1543 3012 τῆς
1566 2963 1661 3011 φυ-

131 3025 294 3090 σικῆς
313 3025 538 3094 ὀρέξεως
556 3043 570 3058 ο
603 3027 683 3078 διὸ
710 3028 847 3080 οὐδὲ
885 3029 1096 3097 θέλησις
1127 3032 1337 3098 λέγεται
1366 3035 1397 3101 ἡ
1421 3034 1526 3084 τῶν
1553 3033 1665 3083 ἁλόι

1840 2767 2094 2819 Voluntas
2141 2767 2192 2818 in
2241 2766 2407 2817 brutis
2456 2766 2620 2818 nulla.
2653 2794 2713 2801 —
2746 2763 2910 2816 Purro
2959 2760 3171 2828 quidem
3232 2761 3282 2809 in

1763 2858 1954 2919 brutis,
1998 2858 2246 2925 protinus
2277 2864 2334 2908 ut
2364 2856 2437 2909 rei
2472 2853 2700 2921 alicujus
2731 2850 2998 2918 appetitus
3026 2851 3282 2901 nascitur.

1762 2948 2025 3016 impulsus
2059 2961 2271 3014 quoque
2315 2946 2380 2998 ad
2414 2944 2685 3016 actionem
2717 2941 2944 2994 exsistit.
2978 2937 3170 2989 Eorum
3211 2936 3283 2987 si-

1762 3038 1979 3106 quidem
2009 3036 2276 3104 appetitus
2304 3032 2690 3086 irrationabilis
2718 3039 2821 3089 est,
2864 3030 3085 3095 soloque
3128 3034 3281 3078 natu-

129 3129 248 3214 γων
278 3112 475 3214 ὄρεξιςἷ
503 3114 622 3166 οὐδὲ
652 3115 915 3184 βούλησις.
945 3118 1166 3186 Θέλησις
1196 3121 1303 3189 γὰρ
1334 3121 1448 3172 ἐστι
1476 3121 1661 3187 λογικὴ
1689 3176 1691 3196 1

1767 3127 1864 3179 rali
1908 3130 2143 3194 appetitu
2195 3133 2446 3193 aguntur.
2473 3124 2589 3186 Quo
2619 3121 2674 3174 lit
2707 3128 2764 3172 ιιι
2801 3121 3078 3172 brutorum
3128 3130 3284 3182 appe-

128 3201 228 3252 καὶ
260 3201 594 3269 αὑτεξούσιος
619 3204 816 3273 φυσικὴ
859 3205 1067 3273 ὄρεξις⁸
1099 3206 1190 3258 ἐπὶ
1231 3207 1285 3258 δὲ
1318 3207 1424 3258 τῶν
1461 3207 1663 3276 ἀνθρώ-

129 3303 252 3339 πων
274 3286 498 3353 λογικῶν
523 3288 707 3351 ὅντων,
734 3291 920 3355 ἄγεται
956 3291 1150 3359 μᾶλλον
1180 3295 1213 3360 ἡ
1245 3295 1443 3364 φυσικὴ
1470 3295 1660 3363 ὄρεξις,

129 3375 279 3441 ἥπερ
307 3375 444 3440 ἄγει.
475 3375 837 3439 Αὐτεξουσίως
863 3379 992 3446 γὰρ,
1023 3381 1114 3431 καὶ
1151 3386 1290 3447 μετὰ
1320 3382 1474 3448 λόγου
1502 3386 1663 3435 κινεῖ-

128 3481 244 3525 ται,
290 3464 474 3532 ἐπειδὴ
504 3465 917 3534 συνεζευγμέναι
971 3471 1105 3521 εἰσὶν
1142 3475 1198 3522 al.
1240 3475 1533 3538 γνωστικα).
1575 3476 1666 3528 καὶ

131 3553 361 3614 ζωτικαὶ
385 3553 634 3622 δυνάμεις
655 3557 712 3607 έν
735 3557 898 3624 αὐτῷ’
922 3559 1274 3623 αὐτεξουσίως
1303 3554 1394 3616 οὖν
1421 3563 1664 3631 ὀρέγεται

131 3643 230 3694 καὶ
273 3643 627 3705 αὐτεξουσίως
681 3645 940 3712 βούλεται,
982 3649 1072 3699 καὶ
1101 3650 1455 3714 αὐτεξουσίως
1495 3652 1663 3722 ζητεῖ,

130 3729 230 3778 καὶ
281 3729 568 3781 σκέπτεται
595 3730 616 3793 ,”
648 3731 738 3783 καὶ
770 3733 1122 3797 αὐτεξουσίως
1175 3737 1476 3805 βουλεύεται
1502 3780 1516 3802 ,
1576 3740 1667 3791 καὶ

130 3818 496 3881 αὐτεξουσίως
523 3820 716 3887 κρίνει,
756 3822 848 3873 καὶ
870 3822 1222 3887 αὐτεξουσίως
1243 3826 1553 3891 διατίθεται,
1578 3830 1666 3879 καὶ

131 3905 498 3968 αὐτεξουσίως
551 3911 905 3977 προαιρεῖται,
964 3914 1060 3974 καὶ,
1103 3914 1456 3976 αὐτεξουσίως
1504 3918 1665 3984 ὁρμᾷ,

133 3996 232 4045 καὶ
258 3995 615 4059 αὐτεξουσίως
644 3999 867 4066 πράττει
891 4000 980 4052 επ).
1009 4001 1113 4054 τῶν
1137 4004 1272 4055 κατὰ
1293 4003 1451 4072 φύσιν
1481 4007 1663 4057 ὄντων.

208 4170 329 4239 Χρὴ
356 4171 409 4222 δὲ
431 4171 712 4236 γινώσκειν
741 4173 872 4243 (85),
899 4177 977 4228 ὅτι
1011 4177 1101 4229 ἐπὶ
1132 4179 1264 4229 Θεοῦ
1296 4180 1539 4247 βούλησιν
1573 4182 1668 4248 μὲν

126 4259 389 4324 λέγομεν,
426 4261 737 4326 προαίρεσιν
761 4263 814 4315 δὲ
839 4265 1037 4332 κυρίως
1070 4267 1130 4319 οὐ
1159 4267 1397 4335 λέγομεν.
1444 4271 1516 4320 Οὐ
1567 4270 1670 4338 γὰρ

129 4346 449 4413 βουλεύεται
502 4349 659 4410 Θεός·
687 4352 904 4417 ἀγνοίας
937 4353 1040 4421 γάρ
1073 4356 1185 4405 ἐστι
1228 4356 1286 4405 τὸ
1313 4357 1664 4422 βουλεύεσθαι.

1763 3216 1912 3278 titus,
1953 3228 2054 3272 nec
2087 3215 2336 3276 voluntas
2383 3214 2457 3280 (q.
2489 3212 2543 3263 d.
2572 3208 2809 3272 molitio),
2847 3223 2943 3260 nec
2996 3205 3283 3258 voluntatis

1762 3314 1914 3357 actus
1945 3303 2051 3355 dici
2085 3288 2273 3370 possit.
2308 3299 2439 3352 Nam
2482 3301 2733 3350 voluntas
2760 3303 2844 3349 est
2874 3293 3142 3360 appetitus
3189 3306 3285 3341 na-

1761 3391 1973 3452 turalis,
2006 3387 2344 3441 rationabilis
2373 3393 2426 3441 ct
2462 3386 2615 3439 liber.
2647 3385 2714 3435 At
2741 3385 2792 3434 in
2840 3380 3168 3445 horninibus,
3207 3388 3286 3429 ut-

1763 3489 1886 3546 pote
1905 3478 2111 3531 ratione
2137 3474 2394 3544 praeditis,
2439 3471 2701 3528 naturalis
2731 3470 3016 3538 appetitus,
3050 3482 3152 3520 non
3178 3476 3286 3518 tam

1762 3567 1930 3628 ducit,
1961 3579 2122 3633 quam
2172 3563 2423 3624 ducitur;
2473 3561 2668 3628 quippe
2714 3559 2803 3626 qui
2855 3557 3020 3610 libere
3069 3563 3121 3608 et
3166 3568 3285 3605 cum

1765 3658 1970 3711 ratione
2004 3662 2288 3714 movetur,
2337 3651 2461 3719 quia
2509 3649 2788 3714 facultates
2824 3643 3180 3714 cognoscendi
3235 3650 3288 3691 et
3347 3697 3357 3706 η

1766 3745 1973 3799 vivendi
2029 3745 2083 3796 in
2143 3742 2356 3794 homine
2406 3746 2706 3807 conjuncta:
2751 3745 2908 3797 sunt;
2956 3733 3288 3800 ac‘proinde

1765 3835 1930 3886 libere
1976 3832 2198 3899 appetit,
2242 3831 2373 3891 vult,
2423 3828 2670 3895 inquirit,
2705 3824 3049 3884 considerat,
3086 3823 3286 3875 delibe-

1768 3931 1868 3984 rat,
1915 3922 2141 3990 judicat,
2173 3920 2415 3978 adicitur,
2451 3918 2618 3984 eligit,
2650 3916 2713 3968 ad
2752 3915 3011 3982 agendum
3047 3927 3286 3981 prorum-

1767 4014 1862 4078 pit,
1885 4009 2102 4077 agitque
2125 4008 2177 4060 in
2205 4009 2313 4062 illis
2351 4007 2509 4060 rebus
2544 4021 2660 4074 qua:
2687 4016 2889 4058 natura:
2917 4009 3289 4056 consentaneae

1769 4107 1914 4153 sunt.

1838 4187 1912 4239 De
1939 4187 2198 4238 voluntate
2254 4185 2364 4237 Dei.
2406 4179 2460 4234 In
2515 4183 2619 4234 Deo
2651 4182 2905 4241 voluntas,
2956 4198 3054 4232 non
3098 4180 3285 4231 delibe—

1770 4277 1924 4327 ratio.
1959 4303 2028 4313 —-
2061 4273 2192 4326 Illud
2223 4288 2349 4326 vero
2391 4271 2743 4341 ignorandum
2782 4285 2885 4322 non
2916 4269 2996 4321 est
3017 4310 3030 4331 ,
3060 4269 3201 4336 quod
3238 4270 3288 4319 in

1770 4363 1876 4416 Deo
1909 4361 2118 4415 volendi
2169 4355 2386 4428 quidein
2437 4367 2616 4423 actum
2669 4357 2898 4410 dicimus
2923 4396 2936 4419 ,
2972 4372 3076 4408 non
3114 4363 3288 4408 autem

129 4435 275 4502 Περὶ
313 4436 417 4504 γὰρ
457 4437 548 4488 τοῦ
579 4441 968 4506 γινωσκομένου
1029 4444 1199 4504 οὐδεὶς
1249 4445 1568 4512 βουλεύεται.
1612 4449 1670 4498 Et

1772 4451 2083 4502 electionem
2133 4447 2290 4514 189
2339 4447 2551 4515 proprie
2595 4444 2884 4513 sumptam.
2928 4444 3067 4497 Deus
3098 4444 3292 4512 quippe

121 4523 188 4574 δὲ
224 4522 387 4592 βουλὴ
434 4525 671 4590 ἀγνοίας,
736 4528 946 4593 πάντως
986 4532 1074 4581 καὶ
1103 4532 1133 4598 ὴ
1158 4534 1484 4601 προαίρεσις.
1528 4536 1583 4588 Ὀ
1617 4537 1672 4588 δὲ

1776 4554 1880 4590 non
1913 4538 2176 4590 deliberat
2206 4553 2217 4587 :
2245 4535 2370 4603 quia
2399 4535 2690 4603 ignorantis
2720 4541 2800 4587 est
2828 4535 3111 4587 consilium
3137 4534 3288 4585 inire.

121 4613 270 4673 Θεὸς
300 4614 472 4666 πάντα
509 4615 661 4678 εἰδὼς
681 4617 881 4681 ἁπλῶς,
915 4620 974 4670 οὐ
1018 4619 1317 4686 βουλεύεται
1352 4622 1399 4676 κ.

1778 4626 1940 4678 Nemo
1966 4626 2108 4678 enim
2142 4623 2210 4676 de
2235 4639 2300 4676 eo
2330 4621 2726 4687 deliberaverit,
2763 4623 2906 4690 quod
2961 4623 3292 4691 exploratum

125 4704 324 4757 habet.
372 4705 524 4768 Quod
579 4707 624 4760 si
690 4708 1005 4763 deliberatio
1050 4726 1155 4763 non
1212 4713 1312 4767 nisi
1368 4715 1663 4783 ignorantis

1759 4726 1800 4779 t,
1834 4717 2017 4785 procul
2047 4717 2090 4746 ⁷⁷
2152 4713 2314 4767 dubio
2363 4703 2460 4768 nec
2503 4714 2708 4768 electio.
2760 4716 2938 4780 Quare
2985 4731 3107 4768 cum
3160 4717 3295 4771 Deus

116 4793 456 4860 simpliciter
490 4796 668 4848 omnia
710 4799 873 4862 norit,
911 4801 965 4852 in
1012 4816 1133 4854 eum
1179 4818 1285 4856 non
1339 4805 1482 4859 cadit
1523 4806 1857 4861 deliberatio.

194 4947 352 5032 1.1"
382 4953 709 5028 ξεηιαίίοπεηῑ
732 4961 888 5008 νοωι
911 4953 971 5009 S-
997 4955 1248 5012 Thomas.
1320 4961 1364 4990 ⁷⁸
1393 4958 1530 5015 Μαί.
1555 4957 1704 5016 υἱοί.
1728 4978 1844 5014 cum
1870 4963 2058 5031 Pyrrh.
2086 4972 2139 5016 ct
2162 4962 2322 5032 epist.
2349 4964 2400 5029 Ι,
2420 4962 2498 5015 Ad
2526 4962 2720 5016 Λωίδι.
2787 4964 2830 4994 ⁷³
2868 4962 3002 5015 Mar.
3033 4963 3185 5030 epist.
3231 4959 3276 5016 l,

119 5012 225 5071 Δά
257 5013 456 5070 Narin.

1407 5113 1630 5169 VARIIE
1664 5113 2051 5171 LECTIONES.

207 5189 238 5269 ’ξ
265 5189 404 5269 Co'd.
428 5190 483 5244 S.
516 5190 1016 5269 Hilftsliimulti,
1050 5200 1082 5251 ό
1115 5199 1318 5262 saeta;
1349 5202 1522 5254 πάντα
1549 5202 1697 5265 etab;
1724 5201 1903 5262 ἁπλῶς
1927 5200 2186 5269 βούλεται.
2221 5199 2446 5269 Elegans
2472 5201 2616 5254 enim
2669 5213 2859 5254 sensus
2891 5199 2974 5251 ille
2992 5205 3074 5249 est
3107 5212 3117 5244 :
3152 5193 3288 5245 [leua

120 5258 230 5325 qui
262 5263 462 5311 omnia.
484 5275 576 5327 pro

689 5264 749 5326 it,
776 5263 1074 5332 simpliciter
1108 5277 1154 5320 et
1189 5271 1422 5323 absolute
1452 5272 1580 5331 υιιιι,
1604 5272 1655 5323 id
1680 5263 1786 5334 est,
1811 5263 2369 5323 sine'consultationé.

1603 5359 1826 5413 ΝΟΤΛΕ.

212 5433 332 5513 (εξ)
373 5436 492 5503 Χρὴ
521 5435 588 5488 δὲ
617 5425 954 5513 γινώσκειν.
1006 5443 1172 5498 Nosse
1214 5455 1408 5513 oportet
1445 5449 1497 5500 in
1547 5447 1667 5510 Deo,

110 5512 252 5579 gate.
284 5507 448 5579 N_egat
470 5507 800 5579 προαίρεσιν,
827 5513 969 5577 quod
1002 5507 1317 5569 electionem
1350 5516 1578 5579 dixeris,
1619 5507 1672 5569 in

113 5573 260 5627 Deo
306 5571 482 5626 locum
509 5571 751 5650 .Tltabere,
776 5571 886 5633 non
915 5595 1032 5634 eam
1070 5597 1175 5650 qua
1204 5571 1674 5650 secundum,arbi-

1778 5447 1938 5498 trimn
1971 5445 2260 5498 voluntatis
2290 5458 2399 5496 sua:
2433 5444 2611 5494 omnia
2646 5444 2880 5494 suaviter
2932 5437 3288 5505 disponendo,

1777 5529 1941 5567 unum
1966 5529 2072 5581 pra:
2100 5514 2209 5565 alio
2229 5511 2585 5578 amplectitur,
2607 5510 2696 5561 sed
2722 5524 2837 5581 qua:
2866 5522 2926 5558 ex
2950 5505 3295 5581 inquisitione

1777 5592 1828 5637 et
1856 5574 2242 5636 deliberatione
2273 5574 2650 5646 consequatur,
2684 5574 2753 5629 ne
2783 5575 2917 5643 Deus
2949 5576 3000 5628 in
3047 5574 3296 5642 ambiguo
