4180 6450
168 456 275 519 953

1232 452 1325 510 DE
1366 452 1545 510 FIDE
1583 452 2043 513 OR'l'IlODOXA
2087 455 2231 512 LIB.
2280 456 2353 512 ll.

3323 450 3425 516 9571

170 564 520 635 νομιζόμενον
551 563 605 615 δὲ
630 562 905 624 ἀκούσιον,
938 561 994 611 ἐν
1030 558 1222 629 πράξει
1255 560 1358 611 τινί
1390 562 1533 624 ἐστι,
1560 559 1737 611 πολλοὶ

1846 563 1967 615 dam
2014 570 2251 630 posnum
2304 570 2414 625 est,
2454 571 2507 616 ct
2559 562 2691 617 illud
2725 567 2870 633 quod
2913 562 3283 620 voluntarium
3317 578 3425 615 non

168 657 223 708 δέ
266 672 426 720 τινες,
470 655 566 706 καὶ
614 653 673 703 τὸ
718 651 887 713 ὄντως
927 652 1183 704 ἀκούσιον
1209 690 1224 714 ,
1275 652 1334 702 οὐ
1385 652 1543 719 μόνον
1574 654 1631 705 ἐν
1664 652 1743 720 τῷ

171 747 441 815 πάσχειν,
473 745 608 797 ἀλλά
643 744 738 796 καὶ⁸
801 745 858 796 ἐν
909 744 988 812 τῷ
1039 745 1299 812 πράττειν
1345 744 1620 807 τίθενται,
1668 746 1748 796 δεῖ

169 838 226 889 δὲ
259 837 478 901 εἰδέναι,
511 836 592 889 ὅτι
640 833 836 905 πρᾶξίς
874 836 1021 887 ἐστιν
1066 835 1320 903 ἐνέργεια
1367 835 1579 905 λογική.
1614 837 1748 897 Ταῖς

168 929 226 981 δὲ
254 927 519 997 πράξεσιν
560 927 750 979 ἕπεται
783 925 1003 988 ἔπαινος
1027 965 1042 990 ,
1086 926 1118 994 ἢ
1154 926 1317 993 ψόγος
1344 943 1357 956 ’
1413 928 1505 979 καὶ
1550 928 1605 979 αί
1643 927 1746 996 μὲν

170 1019 352 1073 αὐτῶν
379 1020 499 1087 μεθ’
530 1018 745 1087 ἡδονῆς,
784 1019 840 1071 αἰ
890 1018 945 1073 δὲ
988 1017 1126 1086 μετὰ
1160 1019 1335 1087 λύπης
1366 1018 1699 1088 πράττονται
1726 1037 1740 1050 ·

172 1111 269 1161 καὶ
297 1110 352 1162 αί
381 1109 479 1178 μὲν
505 1115 529 1143 °
565 1108 745 1161 αὐτῶν
776 1111 911 1161 εἰσιν
951 1110 1170 1178 αἱρεταὶ
1208 1108 1286 1178 τῷ
1333 1110 1644 1179 πράττοντι,
1687 1111 1743 1163 αἱ

170 1199 229 1251 δὲ
263 1198 494 1266 φευκταί
520 1214 533 1227 ο
562 1198 673 1251 τῶν
700 1198 759 1251 δὲ
793 1197 1046 1269 αἱρετῶν,
1075 1201 1128 1250 αἱ
1164 1198 1261 1267 μὲν
1304 1199 1389 1250 ἀεὶ
1421 1200 1657 1269 αἱρεταὶ,
1688 1201 1742 1253 αἱ

169 1290 230 1342 δὲ
276 1290 418 1343 κατά
474 1306 619 1343 τινα·
646 1289 855 1359 χρόνον.
903 1288 1132 1359 Ὁμοίως
1183 1291 1277 1343 καὶ
1318 1289 1428 1344 τῶν
1472 1290 1739 1359 φευκτῶν.

172 1380 285 1432 Καὶ
339 1380 500 1433 πάλιν
529 1419 543 1445 ,
594 1379 652 1432 αἱ
686 1378 785 1448 μὲν
823 1379 932 1431 τῶν
984 1376 1237 1448 πράξεων
1294 1378 1606 1444 ἐλεοῦνται,
1648 1380 1744 1432 καὶ⁹

173 1470 505 1539 συγγνώμης
551 1467 829 1534 ἀξιοῦνται
855 1511 869 1536 ,
910 1470 966 1521 al
1011 1468 1068 1521 δὲ
1104 1468 1421 1539 μισοῦνται,
1455 1469 1549 1521 καὶ
1583 1468 1744 1522 κολά-

170 1559 376 1627 ζονται,
410 1560 501 1634 τῷ
542 1560 641 1629 μὲν
693 1554 786 1613 οὖν
820 1559 1052 1628 ἑκουσίῳ
1111 1559 1329 1620 πάντως
1388 1556 1745 1610 ἐπακολουθεῖ

170 1651 411 1714 ἔπαινος,
452 1653 485 1722 ἦ
523 1652 713 1721 ψόγος,
750 1650 934 1704 καὶτὸ
986 1648 1105 1719 μεθ’
1132 1650 1328 1719 ἡδονῆς
1379 1649 1739 1719 πράττεσθαι,

171 1745 267 1796 καὶ
292 1743 353 1795 τὸ
379 1742 602 1809 αἱρετὰς
676 1738 819 1795 εἶναι
844 1741 944 1804 τὰς
976 1741 1205 1809 πράξεις
1236 1742 1347 1801 τοῖς
1387 1739 1739 1809 πράττουσιν,

170 1835 203 1902 ἢ
234 1834 342 1901 ἀεὶ,
372 1835 403 1905 ἢ
430 1835 573 1901 τότε,
620 1836 710 1888 ὅτε
740 1818 1092 1903 πράττὸνται.
1124 1832 1214 1901 Τῷ
1258 1832 1315 1884 δὲ
1358 1832 1598 1902 ἀκουσίῳ
1618 1873 1633 1899 ,
1681 1834 1743 1887 τὸ

1849 668 1971 707 esse
2009 665 2289 717 censetur,
2322 655 2373 707 iu
2410 656 2644 724 quadam
2686 657 2849 710 etiam
2880 659 3100 711 actione
3138 654 3425 717 consistit;

1851 745 2007 798 multi
2037 760 2168 799 vero
2202 747 2333 800 illud
2366 763 2589 815 quoque
2634 747 2784 818 quod
2826 763 3018 821 reapse
3046 763 3158 801 non
3201 754 3285 800 est
3332 759 3428 797 vo-

1849 836 2165 898 ltmtarium,
2210 853 2318 890 non
2360 839 2415 891 in
2467 840 2725 907 patiemlo
2760 840 2963 901 solum,
3014 839 3108 893 sed
3153 837 3318 892 etiam
3371 838 3425 887 in

1848 928 2058 996 agendo
2087 930 2431 981 constituunt
2470 948 2482 982 :
2519 933 2745 985 omnino
2792 932 2937 986 scire
2975 938 3216 999 Oportet,
3251 929 3425 980 οιτιῐυο

1847 1034 1972 1074 nem
2013 1033 2134 1074 esse
2164 1021 2539 1087 operationem
2577 1036 2701 1073 cum
2737 1022 2952 1075 ratione
2982 1020 3211 1072 editam.
3244 1018 3426 1071 Actio-

1847 1124 1947 1164 nes
1991 1123 2156 1178 porro
2212 1110 2330 1164 laus
2390 1112 2643 1179 sequitur
2701 1122 2795 1164 aut
2846 1112 3214 1181 vituperium;
3261 1118 3427 1178 atque
3498 1156 3503 1159 .

1847 1201 2093 1253 actiones
2131 1200 2282 1269 ipsae,
2318 1202 2513 1269 partim
2547 1216 2673 1254 cum
2702 1200 3006 1267 voluptate,
3050 1200 3246 1268 partim
3299 1201 3423 1253 cuni

1846 1303 2084 1343 mmrore
2141 1290 2311 1356 liuut;
2374 1292 2682 1360 partimque
2745 1291 2873 1344 item
2934 1291 3111 1358 agenti
3165 1299 3424 1358 acceptae.

1846 1378 2047 1448 partim
2094 1381 2283 1434 invisae
2333 1389 2463 1435 sunt
2496 1397 2509 1434 ε
2543 1380 2793 1449 quinimo
2825 1396 2891 1435 ex
2921 1380 2988 1435 iis
3018 1396 3140 1450 qua:
3187 1389 3426 1448 acceptze

1846 1479 1996 1533 sunt,
2043 1472 2162 1525 alia:
2204 1486 2421 1540 semper
2450 1471 2715 1535 arrident,
2752 1471 2873 1525 alia:
2914 1470 3245 1539 quandoque
3282 1471 3425 1524 dun-

1847 1568 1996 1614 taxat
2028 1579 2042 1615 :
2081 1562 2133 1615 id
2166 1563 2312 1631 quod
2348 1561 2414 1616 de
2450 1562 2559 1616 illis
2588 1563 2752 1618 etiam
2786 1578 2909 1632 qua:
2954 1570 3084 1616 sunt
3135 1562 3423 1631 fugiendae,

1845 1653 2006 1708 debet
2060 1653 2310 1723 intelligi.
2372 1653 2591 1708 llursus
2642 1654 2923 1709 actionum
2986 1654 3106 1707 alia:
3155 1653 3425 1721 ejusmodi

1845 1751 1995 1808 sunt,
2045 1745 2099 1798 in
2134 1744 2336 1813 quibus
2364 1746 2535 1799 venia:
2580 1758 2634 1799 et
2670 1745 3061 1799 misericordia:
3118 1746 3271 1799 locus
3314 1744 3423 1805 sit,

1845 1836 1967 1887 aliae
2009 1834 2138 1887 odio
2170 1843 2323 1899 sunt,
2372 1844 2427 1889 et
2479 1835 2751 1905 supplicio
2792 1834 3168 1889 vindicantur.
3204 1833 3266 1885 lit
3302 1834 3424 1901 qui-

172 1901 538 1996 συγγνώμης,
594 1926 627 1997 ἢ
698 1901 881 1989 ἐλέους
939 1924 1263 1991 ἀξιοῦσθαι,
1329 1926 1425 1978 καὶ
1474 1924 1535 1977 τδ
1572 1901 1739 1995 θμετά

1846 1923 1970 1980 dem
2006 1924 2154 2009 quod
2198 1925 2571 1981 voluntarium
2622 1936 2729 1992 est,
2778 1927 3007 1981 omnino
3046 1925 3129 1980 vel
3188 1924 3422 1981 laudem.

169 2018 347 2087 λύπης
395 2017 768 2088 πράττεσθαι,
814 2018 909 2072 καὶ
938 2017 999 2070 τὸ
1026 2018 1100 2088 μὴ
1133 2012 1273 2069 εἶναι
1312 2015 1567 2084 αἱρετὰς,
1607 2019 1741 2087 μηδὲ

164 2107 237 2160 δι’
290 2108 485 2163 ἑαυτοῦ
538 2107 715 2163 τελεῖν
760 2108 822 2191 τὸ
884 2108 1300 2179 πραττόμενον,
1356 2108 1403 2159 εἱ
1476 2107 1572 2159 καὶ⁵
1622 2106 1741 2177 βιά-

167 2199 338 2263 ζοιτο.

1846 2018 1934 2073 vel
1965 2018 2297 2089 vituperium
2331 2028 2593 2082 'nerctur,
2630 2020 2919 2090 agiturque
2950 2034 3074 2073 cum
3103 2019 3383 2087 voluptate
3411 2036 3421 2068 :

1848 2111 2079 2181 insuper
2127 2109 2397 2175 actiones,
2443 2112 2555 2165 illis
2578 2112 2673 2181 qui
2711 2119 2901 2181 agunt,
2944 2110 3029 2164 vel
3064 2123 3279 2177 semper
3332 2125 3420 2160 ac-

1849 2208 2028 2270 cepta:
2076 2208 2228 2262 sunt,
2260 2202 2346 2258 vel
2387 2212 2503 2257 tum
2549 2203 2744 2258 saltem
2781 2201 3000 2271 quando
3034 2200 3189 2254 ﬁunt.
3220 2198 3422 2253 Contra

165 2288 224 2342 id
258 2289 405 2369 quod
442 2290 811 2349 voluntarium
858 2304 969 2345 non
1003 2298 1114 2355 est,
1160 2295 1254 2343 aut
1287 2288 1468 2352 venia,
1499 2294 1595 2341 aut
1639 2286 1999 2346 miseratione
2033 2291 2264 2362 dignum
2304 2299 2411 2355 est,
2477 2308 2580 2346 nec
2648 2292 2770 2347 sine
2844 2305 3083 2345 moerere
3137 2296 3419 2359 patratur:

164 2372 427 2471 praeterea
455 2386 637 2457 agenti
667 2394 893 2457 accepta
925 2398 1036 2440 non
1059 2392 1146 2441 est
1175 2385 1339 2451 actio,
1374 2391 1563 2454 utpote
1582 2398 1746 2456 quam
1787 2400 1895 2442 non
1926 2402 1955 2442 a
1990 2390 2175 2458 seipse
2214 2388 2482 2458 perﬁciat,
2529 2388 2744 2443 tametsi
2789 2402 2885 2457 per
2918 2386 3022 2441 vim
3062 2385 3127 2440 ab
3190 2400 3256 2440 eo
3329 2399 3423 2438 ex.

164 2480 512 2548 torqueatur.

134 2562 146 2575 ⁸
237 2571 345 2626 Τοῦ
376 2570 431 2622 δὲ
457 2569 709 2626 ἀκουσίου
745 2570 805 2623 τὸ
846 2569 945 2639 μέν
983 2569 1099 2622 ἐστι
1161 2568 1302 2622 κατὰ
1336 2567 1479 2638 βίαν,
1505 2568 1567 2621 τὸ
1591 2569 1645 2622 δὲ
1672 2568 1740 2622 δι’

160 2668 424 2733 ἄγνοιανο
479 2661 621 2715 κατὰ
656 2661 777 2731 βίαν
823 2661 959 2730 μὲν,
1000 2661 1199 2729 ὅτανὴ
1262 2659 1520 2729 ποιητικὴ
1570 2660 1737 2730 ἀρχὴ,

160 2760 336 2827 ἧγουν
370 2754 552 2817 αἰτία,
596 2750 795 2819 ἔξωθέν
825 2752 974 2804 ἐστιν
1002 2790 1015 2816 ,
1058 2752 1225 2821 ἧγουν
1254 2751 1383 2803 ὃταν
1430 2751 1518 2819 ὑφ’
1551 2752 1740 2819 ἑτέρου

163 2846 506 2919 βιαζὼμεθα,
545 2844 667 2915 μηδ’
690 2843 824 2906 ὅλως
870 2842 1205 2919 πειθόμενοι,
1250 2842 1385 2913 μηδὲ
1421 2840 1744 2910 συμϐαλλώ-

165 2918 313 3013 μεθα
341 2941 460 2994 κατ’
481 2938 689 2994 οἰκείαν
718 2938 914 3008 ὁρμὴν,
939 2936 1073 3008 μηδὲ
1101 2918 1239 2998 ὂλῶς
1270 2936 1738 3005 συμπράττωμεν,

156 3035 198 3104 ἢ
231 3033 297 3085 δι’
340 3030 547 3084 ἑαυτῶν
583 3029 643 3083 τὸ
684 3027 905 3098 βιασθὲν
930 3027 1172 3096 ποιῶμεν
1194 3044 1208 3059 ο
1249 3025 1277 3079 ὃ
1307 3027 1402 3079 καὶ
1434 3024 1742 3099 ὁριζόμενοὶ

158 3140 386 3193 φαμεν·
432 3120 689 3175 ἀκούσιόν
731 3121 902 3182 ἐστιν,
952 3112 1078 3189 οὗή
1120 3118 1262 3189 ἀρχὴ
1303 3117 1525 3181 ἔξωθεν,
1577 3118 1743 3187 μηδὲν

157 3212 613 3283 συμϐαλλομένου
662 3210 781 3270 κατ’
808 3209 1016 3262 οίκείαν
1046 3210 1222 3279 ὁρμὴν
1269 3209 1366 3261 τοῦ
1400 3208 1737 3276 βιασθέντος.

170 3303 376 3374 Ἀρχὴν
422 3302 478 3353 δὲ
514 3299 694 3369 φαμὲν
720 3340 735 3363 ,
785 3297 882 3368 τὴν
914 3295 1207 3367 ποιητικὴν
1234 3297 1432 3350 αἰτίαν.
1473 3296 1545 3349 Τὸ
1571 3296 1628 3348 δὲ
1674 3294 1744 3346 δι’

1920 2563 2037 2619 Non
2061 2566 2418 2620 voluntarium
2435 2580 2527 2632 per
2543 2566 2663 2631 vim,
2687 2580 2779 2633 per
2797 2565 3425 2633 ignorantiam—Porro

1840 2670 1954 2711 non
1967 2655 2359 2719 voluntarium,
2381 2656 2462 2709 vel
2480 2671 2577 2726 per
2590 2654 2697 2708 vim
2719 2654 2797 2720 ﬁt,
2818 2656 2901 2708 vel
2924 2670 3018 2723 per
3036 2656 3422 2723 ignorantiam.

1841 2744 1945 2800 Per
1960 2746 2064 2800 vim
2078 2746 2320 2815 quidem,
2340 2745 2468 2799 dum
2487 2745 2813 2815 principium
2831 2760 3086 2813 operans.
3106 2753 3425 2801 extraneum

1841 2846 1959 2905 est;
1987 2846 2046 2891 ut
2075 2852 2203 2892 cum
2254 2838 2323 2891 ab
2357 2837 2487 2903 alio,
2519 2836 2656 2891 nihil
2692 2836 2813 2905 ejus
2846 2838 3203 2891 suasionibus
3231 2837 3423 2903 illecti,

1841 2942 1941 2996 per
1976 2926 2083 2981 vim
2126 2928 2441 2996 adigimur:
2480 2942 2582 2982 nec
2631 2942 2732 2980 nos
2775 2936 3032 2980 conatum
3086 2928 3278 2992 ullum,
3330 2936 3426 2981 aut

1841 3018 2124 3088 quidpiam
2152 3019 2455 3087 adjumenti
2490 3018 2792 3080 allerimus,
2830 3026 2889 3071 ut
2920 3034 3016 3087 per
3051 3021 3332 3087 nosipsos,
3371 3019 3424 3072 id

1841 3109 1988 3178 quod
2025 3108 2076 3163 vi
2107 3110 2457 3177 exprimitur,
2491 3109 2761 3163 faciamus
2782 3109 2847 3163 ⁸³⁵.
2883 3108 2996 3163 lloc
3028 3118 3212 3163 autem
3251 3126 3425 3180 genus

1841 3201 1922 3253 sic
1982 3199 2315 3255 deﬁnimus:
2350 3217 2458 3254 non
2515 3201 2888 3255 voluntarium
2937 3201 3072 3256 illud
3109 3208 3215 3265 est,
3265 3202 3421 3271 cujus

1844 3291 2177 3361 principium
2212 3292 2560 3347 extrinsecus
2605 3299 2709 3355 est,
2754 3291 2891 3344 nihil
2926 3300 3123 3361 su0pte
3169 3300 3320 3344 motu
3358 3292 3423 3345 ad

153 3398 384 3462 ἄγνοιαν
424 3391 680 3445 ἀκούσιον
740 3389 908 3452 ἐστὶν,
942 3388 1071 3439 ὅταν
1106 3388 1180 3457 μὴ
1221 3386 1375 3439 αὐτοὶ
1416 3387 1739 3457 παρέχωμεν

1848 3385 2115 3437 actionem
2157 3381 2475 3438 conferente
2524 3383 2641 3450 illo,
2696 3383 2854 3452 192
2902 3384 2991 3436 cui
3041 3383 3125 3437 vis
3175 3382 3421 3437 all‘ertur.

152 3488 342 3546 αἰτίαν
388 3485 486 3554 τῆς
531 3481 776 3550 ἀγνοίας,
824 3479 939 3533 ἀλλ’
986 3479 1128 3531 οὕτω
1165 3478 1369 3555 συμϐῇ.
1407 3478 1471 3531 Εἰ
1498 3479 1606 3548 γὰρ
1640 3496 1736 3547 με-

152 3578 307 3631 θύων
347 3593 432 3638 τις
476 3574 633 3643 φόνον
676 3572 913 3641 ποιήσει,
946 3568 1161 3638 ἀγνοῶν
1190 3554 1287 3639 pii-2v
1330 3568 1639 3636 ἐφόνευσεν,
1675 3568 1736 3619 οὐ

153 3668 270 3740 μὴν
296 3665 563 3728 ἀκουσίως
592 3679 604 3693 ⁶
659 3662 758 3732 τὴν
798 3661 907 3731 γὰρ
952 3659 1135 3712 αἰτίαν
1164 3659 1263 3727 τῆς
1292 3658 1538 3726 ἀγνοίας,
1573 3659 1740 3727 ἤγουν

146 3760 260 3827 τὴν
290 3756 499 3827 μέθην,
534 3752 697 3815 αὐτὸς
736 3749 994 3820 ἔπραξεν.
1038 3748 1101 3799 Εἰ
1146 3747 1201 3800 δέ
1248 3765 1333 3809 τις
1378 3748 1436 3799 ὲν
1475 3746 1553 3816 τῷ
1610 3763 1738 3798 συν-

150 3848 281 3918 ήθει
336 3846 489 3913 τόπῳ
544 3841 817 3908 τοξεύων,
887 3838 978 3890 τὸν
1052 3838 1265 3908 πατέρα
1320 3839 1587 3907 παριόντα
1641 3838 1742 3889 ἀπ-

149 3941 390 4001 έκτεινε,
422 3936 488 3989 δι’
512 3935 733 4002 ἄγνοιαν
755 3931 972 4000 λέγεται
1008 3929 1278 3992 ἀκουσίως
1315 3927 1475 3983 τοῦτο
1504 3945 1737 3999 πεποιη-

148 4032 339 4086 κέναι.

1840 3475 1944 3530 Per
1980 3474 2315 3545 principium
2350 3483 2555 3541 autem,
2602 3490 2827 3532 causam
2878 3475 3203 3530 ellieientem
3252 3474 3424 3544 signi--

1842 3565 2090 3620 licamus.
2118 3567 2189 3620 At
2217 3581 2345 3621 vero
2376 3580 2486 3620 non
2527 3567 2899 3621 voluntarium
2942 3567 3001 3620 lit
3028 3582 3125 3636 per
3162 3568 3423 3634 ignoran-

1838 3658 1994 3722 tiam,
2038 3673 2163 3711 cum
2203 3674 2307 3713 nos
2344 3659 2667 3729 ignorantia;
2696 3674 2920 3715 causam
2957 3674 3065 3713 non
3095 3659 3422 3728 przebenms,

1845 3748 1939 3803 sed
1994 3762 2129 3803 casu
2178 3764 2268 3804 res
2304 3750 2380 3803 ita
2432 3750 2725 3820 contingit.
2778 3750 2994 3806 Etenim
3049 3751 3095 3805 si
3148 3750 3424 3820 quispiam

1838 3840 2027 3896 ebrius
2053 3842 2255 3897 caedem
2289 3844 2644 3912 perpetrarit,
2677 3846 2889 3900 inscius
2915 3845 3137 3913 quidem
3175 3858 3295 3898 eam
3327 3843 3425 3895 ad-

1838 3932 2008 3997 misit,
2043 3941 2097 3987 at
2129 3948 2237 3987 non
2270 3949 2502 4003 prorsus
2538 3936 2708 3989 invite
2740 3937 2807 3988 ³³.
2844 3936 3171 4007 Ignorantia:
3220 3934 3427 4004 quippe

1835 4038 2084 4089 causam,
2136 4026 2458 4081 ebrietatem
2517 4026 2752 4087 scilicet,
2810 4027 2928 4097 ipse
2975 4025 3290 4081 accersivit.
3329 4022 3425 4077 Sin

154 4120 434 4192 quispiam
458 4116 512 4171 in
538 4132 658 4171 eum
700 4128 858 4185 quem
895 4120 1257 4167 consueverat
1285 4110 1466 4166 locum
1501 4112 1730 4181 sagittas
1764 4116 2009 4183 mittens,
2044 4126 2466 4187 prietereuntem
2504 4128 2714 4189 patrem
2783 4120 3097 4188 peremerit,
3132 4119 3202 4173 ob
3252 4118 3418 4171 insci-

144 4215 289 4268 tiam
320 4210 534 4265 facinus
560 4208 665 4261 hoc
688 4206 856 4260 invite
888 4213 1140 4274 patrasse
1172 4203 1394 4257 dicitur.

229 4300 337 4352 Τοῦ
380 4294 472 4351 οὖν
523 4296 781 4350 ἀκουσίου
842 4294 1021 4348 διττοῦ
1071 4294 1260 4357 ὄντος,
1320 4293 1415 4346 τοῦ
1453 4293 1552 4363 μὲν
1587 4294 1728 4348 κατὰ

148 4395 320 4464 βίαν,
360 4389 451 4443 τοῦ
488 4389 542 4441 δὲ
594 4388 659 4440 δι’
690 4387 913 4455 ἄγνοιαν
939 4425 954 4449 ,
1002 4386 1063 4438 τὸ
1098 4386 1347 4437 ἑκούσιον
1397 4386 1729 4456 ἀμφοτέροις

144 4484 482 4540 ἀντίκειται.
522 4479 681 4531 Ἐστι
706 4478 815 4548 γὰρ
850 4477 1120 4539 ἑκούσιον,
1151 4478 1213 4527 τὸ
1246 4477 1383 4546 μήτε
1417 4477 1559 4529 κατά
1587 4476 1730 4545 βίαν,

148 4577 299 4647 μήτε
330 4574 393 4625 δι’
442 4571 664 4639 ἄγνοιαν
703 4569 1007 4639 γινόμενον.
1050 4568 1332 4620 Ἐκοὺσιον
1358 4568 1538 4621 τοίνυν
1564 4570 1733 4632 ὲστίν,

142 4662 217 4721 οἶ)
258 4668 292 4734 ἠ
334 4664 512 4734 ἀρχὴ,
545 4661 825 4713 τουτέστιν
870 4662 902 4729 ἡ
937 4660 1123 4721 αἰτία,
1154 4660 1212 4711 ἐν
1256 4659 1436 4727 ἐαυτῷ
1477 4660 1738 4712 εἰδότιτά

143 4758 285 4813 καθ’
332 4757 537 4809 ἕκαστα
564 4793 578 4817 ,
614 4753 680 4805 δι’
722 4745 835 4815 ὢν,
886 4752 981 4803 καὶ
1021 4754 1078 4804 ὲν
1126 4745 1208 4814 οἷς
1261 4753 1294 4821 ἡ
1330 4751 1547 4821 πρᾶξις.
1600 4750 1737 4805 Καθ’

143 4854 367 4905 ἕκαστα
412 4849 469 4901 δέ
520 4850 665 4900 ἐστιν
692 4886 706 4909 ,
752 4844 787 4898 ἂ
828 4844 1076 4896 καλεῖται
1128 4843 1276 4913 παρὰ
1330 4846 1442 4906 τοῖς
1475 4844 1732 4913 ῥήτορσιν

146 4940 528 5012 περιστατικὰ
589 4938 751 5008 μόρια
777 4954 791 4968 ·
847 4929 958 4988 οἷον
985 4978 998 5000 ,
1045 4935 1163 4997 τίς,
1216 4936 1382 5005 ἤγουν
1424 4937 1451 4988 ὁ
1486 4936 1703 5004 πράξας
1729 4951 1742 4964 ⁸

141 5034 302 5094 τίνα,
333 5032 498 5101 ἧγουν
520 5029 611 5083 τὸν
640 5027 899 5081 παθόντα·
932 5024 1005 5087 τί,
1033 5026 1201 5096 ἤγουν
1222 5026 1354 5079 αὐτὸ
1379 5026 1440 5078 τὸ
1467 5027 1735 5097 πραχθὲν,

141 5124 319 5194 τυχὸν
351 5122 640 5191 ἐφόνευσεε
692 5119 833 5182 τίνι,
869 5121 1037 5190 ἤγουν
1087 5118 1338 5188 ὀργάνῳο
1377 5117 1480 5169 ποῦ
1507 5162 1520 5185 ,
1575 5119 1743 5185 ἤγουν

144 5220 312 5287 τόπῳ
336 5234 350 5248 ο
390 5218 541 5281 πότε,
587 5216 753 5285 ῆγουν
792 5215 849 5266 ὲν
884 5214 1021 5283 ποίῳ
1061 5213 1239 5282 χρόνῳ
1262 5228 1275 5242 ο
1307 5211 1442 5275 πῶς,
1484 5214 1511 5264 ὁ
1540 5212 1740 5281 τρόπος

144 5314 261 5381 τῆς
290 5310 571 5378 πράξεως’
604 5308 692 5360 διὰ
730 5307 804 5371 τί,
830 5308 997 5376 ἤγουν
1041 5306 1131 5361 διὰ
1163 5306 1325 5357 ποίαν
1359 5305 1559 5358 αἰτίαν.

1918 4289 2498 4346 Voluntarium.—Non
2518 4293 2886 4347 voluntariqu
2908 4295 3072 4363 igitur
3086 4294 3279 4364 duplex
3299 4312 3422 4350 cum

1839 4381 1933 4443 sit,
1986 4383 2217 4435 alterum
2241 4393 2467 4452 propter
2491 4384 2625 4448 vim,
2647 4384 2879 4437 alterum
2914 4395 3136 4454 propter
3168 4388 3424 4454 ignoran-

1842 4476 1993 4538 tiam,
2024 4474 2243 4542 utrique
2272 4476 2646 4529 voluntarium
2670 4476 2985 4545 opponitur.
3005 4474 3139 4530 Illud
3158 4478 3301 4530 enim
3330 4494 3421 4532 vo-

1842 4567 2143 4621 luntarium
2160 4577 2264 4634 est,
2281 4569 2424 4637 quod
2446 4584 2546 4622 nec
2566 4584 2660 4638 per
2675 4571 2805 4633 vim,
2826 4584 2924 4623 nec
2948 4571 3419 4640 perignorantiam

1844 4660 2075 4716 cllicitur
2107 4661 2174 4714 ⁸⁸.
2210 4660 2579 4725 Quamobrem
2607 4660 2976 4714 voluntarium
3010 4662 3233 4725 dicitur,
3260 4663 3420 4730 cujus

1843 4749 2194 4818 principium,
2226 4749 2342 4804 sive
2370 4763 2560 4813 causa,
2589 4748 2643 4801 in
2677 4749 2799 4816 ipso
2828 4756 2912 4801 est
2936 4749 3029 4817 qui
3053 4750 3183 4819 agit,
3219 4758 3276 4802 ut
3305 4750 3421 4818 ipse

1838 4852 2033 4894 noscat
2065 4840 2246 4893 omnia
2300 4838 2660 4907 singulatim,
2708 4854 2801 4905 per
2842 4854 2980 4907 qua:
3011 4840 3157 4892 actio
3187 4839 3415 4907 geritur,

1838 4942 1890 4987 et
1917 4933 1971 4985 in
2017 4931 2216 5002 quibus
2263 4938 2553 4985 versatur:
2599 4947 2719 5000 quze
2748 4930 2968 5001 quidem
3020 4930 3250 4999 singula,
3292 4930 3418 4985 rhe-

1838 5034 1986 5077 tores
2014 5023 2470 5077 circumstantias
2492 5025 2803 5092 appellant;
2833 5030 2986 5091 puta,
3009 5022 3153 5091 quis,
3179 5022 3281 5075 hoc
3308 5030 3413 5084 est,

1839 5114 1931 5169 ille
1962 5115 2057 5183 qui
2087 5114 2218 5168 fecit
2254 5133 2268 5169 :
2306 5129 2489 5184 quem,
2534 5130 2628 5168 seu
2682 5129 2806 5168 cum
2848 5114 2940 5183 qui
2976 5128 3269 5182 perpessus
3296 5120 3412 5176 est;

1846 5208 1999 5275 quid,
2034 5208 2084 5261 id
2120 5214 2226 5273 est,
2262 5207 2367 5263 hoc
2418 5208 2561 5276 quod
2600 5207 2803 5261 factum
2851 5215 2957 5269 est,
3004 5215 3193 5274 ulpttla
3247 5205 3413 5258 inter-

1848 5301 2014 5367 fecit;
2052 5316 2182 5369 quo,
2234 5301 2445 5356 scilicet
2500 5301 2907 5363 instrumento;
2966 5297 3078 5361 ubi,
3137 5298 3253 5351 sive
3304 5310 3414 5364 quo

148 5409 214 5462 in
252 5404 403 5468 loco;
452 5400 691 5470 quando,
741 5398 793 5452 id
832 5408 918 5454 est
976 5411 1081 5463 quo
1128 5406 1408 5466 tempore;
1440 5397 1741 5466 quomodo,
1783 5408 1960 5463 quove
2008 5403 2172 5463 pacto
2222 5391 2353 5448 illud
2410 5392 2558 5462 egit;
2595 5404 2791 5463 quare,
2840 5404 2935 5446 seu
3010 5390 3116 5459 qua
3201 5388 3412 5442 illectus

146 5510 350 5552 causa.

239 5606 280 5637 "
304 5602 520 5662 Nemes.
543 5620 593 5661 c.
620 5604 708 5660 30.
785 5604 829 5636 ⁸⁸
861 5604 1080 5660 Nemes.
1116 5617 1167 5658 c.
1193 5603 1283 5657 51.

1360 5602 1403 5633 ἰθ
1432 5599 1648 5657 Nautes.
1674 5618 1721 5654 e.
1746 5600 1777 5653 5

1424 5731 1655 5785 VARUS
1700 5728 2101 5786 LECTIUM‘QS.

240 5858 261 5885 ἢ
302 5847 440 5901 ἒξιίη.
470 5846 595 5911 γὰο,
623 5847 673 5901 in
710 5856 785 5901 ιιιι
802 5864 938 5916 (ltili?
973 5852 1099 5905 ἰοεη,
1133 5849 1257 5905 λιξε,
1290 5860 1334 5904 εἰ
1373 5848 1587 5903 Νςιηρξ,
1624 5848 1739 5908 μέν,
