4180 6450
846 421 951 482 959

1963 413 2018 470 s.
2051 409 2359 469 JOANNIS
2393 375 2833 465 DAMASCENII

3879 391 4006 451 '960

849 531 952 582 sita
983 530 1124 582 sunt,
1156 537 1272 590 qua:
1315 523 1542 577 liberum
1596 523 1752 576 nobis
1797 529 1878 573 cst
1926 521 2130 582 facere,
2160 520 2239 570 vel
2271 532 2375 568 non
2405 515 2448 570 Α
2476 514 2499 562 ὲ

2353 533 2375 568 n
2405 515 2448 570 Α
2476 511 2690 574 ἐλέγετο
2737 506 3086 572 πράττεσθαι,
3133 505 3229 569 τῆς
3285 498 3528 569 πράξεως
3573 499 3671 550 οὐκ
3711 500 3878 564 οὔσης
3924 501 4004 564 ἐφ’

849 616 1056 670 facere;
1087 609 1186 662 hoc
1215 619 1314 672 est,
1352 625 1412 662 ea
1440 609 1618 662 omnia
1648 621 1767 673 quae
1790 607 1931 658 ultro
1953 615 2005 657 et
2031 613 2222 671 sponte
2253 604 2368 669 agi-

847 714 964 750 mus
990 699 1185 764 (neque
1211 698 1353 749 enim
1385 711 1443 748 ea
1480 701 1667 762 sponte
1703 708 1732 743 a
1777 693 1931 745 nobis
1953 691 2079 743 ‘tieri
2128 690 2372 744 diceren-

843 795 952 843 tur,
977 786 1022 837 si
1049 785 1189 836 actio
1219 785 1270 834 in
1297 789 1480 833 nostro
1497 779 1720 831 arbitrio
1749 779 1965 830 minime
1990 778 2159 844 posita
2185 775 2366 848 esset);

845 887 954 924 uno
984 872 1164 931 verbo,
1189 885 1249 922 ea
1279 869 1455 921 omnia
1485 883 1626 934 qua),
1670 868 1753 918 vel
1786 867 2016 926 laudem,
2049 865 2134 916 vel
2163 864 2371 930 vitupe-

845 958 1104 1010 rationem
1159 955 1430 1018 aderunt,
1482 961 1535 1006 et
1572 953 1639 1004 ob
1687 965 1806 1018 qua:
1858 951 1998 1015 leges
2047 957 2099 1001 et
2145 945 2370 1000 consilia

846 1047 1062 1096 dantur.
1094 1042 1314 1109 Proprie
1362 1049 1537 1094 autem
1576 1040 1629 1092 in
1681 1045 1868 1091 nostra
1911 1044 2176 1105 potestate
2224 1041 2370 1090 sunt,

845 1146 1176 1197 quaecunque
1224 1131 1289 1181 ad
1344 1129 1576 1180 animam
1629 1127 1922 1193 pertinent,
1972 1133 2024 1176 et
2067 1124 2133 1176 de
2179 1122 2406 1199 quibus

845 1220 1238 1271 consultamus.
1273 1218 1569 1270 Consilium
1607 1229 1768 1282 porro
1815 1215 1959 1265 circa
1996 1227 2058 1265 ea
2107 1221 2370 1271 versatur,

845 1320 961 1372 quae
990 1319 1230 1371 peraque
1268 1305 1320 1354 in
1351 1311 1632 1367 utramque
1677 1308 1880 1367 partem
1912 1302 2222 1365 contingere
2251 1312 2375 1365 pos-

846 1400 991 1442 sunt.
1042 1388 1292 1455 Peraequc
1324 1397 1500 1440 autem
1537 1387 1852 1454 contingens
1900 1385 2033 1437 illud
2077 1394 2178 1445 est,
2232 1385 2373 1451 quod

844 1488 899 1530 et
943 1479 1114 1545 ipsum
1171 1491 1479 1542 possumus,
1515 1483 1569 1529 et
1606 1474 1749 1542 quod
1795 1473 1844 1525 ei
1893 1473 2178 1540 opponitur
2213 1490 2226 1524 :
2257 1471 2375 1538 ejus

845 1580 973 1618 vero
993 1566 1185 1618 electio
1215 1579 1379 1630 penes
1407 1571 1634 1615 mentem
1666 1568 1903 1614 nostram
1937 1567 2057 1623 est;
2087 1560 2198 1611 litae
2232 1559 2373 1610 enim

847 1652 1070 1704 actionis
1103 1651 1425 1717 principium
1464 1657 1565 1702 est.
1613 1647 1668 1705 ln
1713 1649 1867 1701 nobis
1914 1648 2078 1715 igitur
2126 1646 2238 1698 haec
2272 1646 2374 1698 sita

845 1746 992 1800 sunt,
1025 1753 1142 1806 quae
1192 1738 1451 1790 alterutro
1484 1737 1644 1790 modo
1673 1745 1896 1804 possunt
1941 1736 2178 1792 evenire.
2209 1735 2373 1797 velut,

2471 597 2598 662 ἡμῖν
2619 611 2631 622 ⁸
2666 595 2756 644 καὶ
2789 592 2991 650 ἁπλῶς,
3014 586 3095 650 οἷς
3136 590 3324 639 ’ἐπεται
3365 587 3527 652 ψόγος
3566 585 3600 653 ἢ
3627 585 3868 645 ἔπαινος,
3919 586 4006 634 καὶ

2469 684 2549 747 ἐφ’
2575 677 2652 740 οἷς
2682 683 2793 741 ἐστι
2829 678 3103 744 προτροπὴ
3131 678 3220 727 καὶ
3245 677 3423 742 νόμος.
3443 674 3653 740 Κυρίως
3679 673 3732 724 st
3760 673 3843 737 ἐφ’
3877 675 4004 739 ἡμῖν

2470 771 2584 820 ἐστι
2613 769 2680 818 τὰ
2710 767 2958 834 ψυχικᾶιλ
2998 766 3189 827 πάντα,
3227 764 3317 814 καὶ
3348 762 3470 828 περὶ
3496 755 3567 814 ὧν
3597 760 3970 827 βουλευόμεθα.
3997 780 3999 782 ·

2469 860 2502 925 ἡ
2539 858 2596 908 δὲ
2632 854 2790 922 βουλὴ
2833 856 2940 906 τῶν
2972 853 3160 919 ἐπίσης
3192 850 3545 917 ἐνδεχομένων
3573 848 3739 899 ἐστίν.
3781 849 3972 900 Ἐπίστ

2469 947 2524 998 δὲ
2558 944 2897 1013 ἐνδεχόμενόν
2941 946 3105 1005 ἐστιν,
3144 942 3171 991 ὃ
3216 941 3344 992 αὐτό
3374 956 3429 990 τε
3463 939 3761 1006 δυνάμεθα,
3808 939 3906 990 καὶ
3949 946 4003 990 τὸ

2471 1035 2840 1100 ἀντικείμενον
2869 1033 3012 1101 αὐτῴ
3036 1048 3049 1060 ·
3077 1031 3309 1080 ποιεῖται
3348 1029 3403 1079 δὲ
3441 1027 3629 1078 τούτου
3657 1027 3754 1094 τὴν
3796 1027 4002 1094 αἰρεσιν

2470 1125 2498 1173 ὁ
2527 1123 2648 1183 νοῦς
2675 1125 2702 1173 ὁ
2743 1122 3004 1189 ἡμέτερος
3022 1136 3033 1148 ο
3073 1120 3163 1169 καὶ
3207 1110 3359 1177 οὗτός
3385 1117 3528 1165 ἐστιν
3567 1115 3706 1181 ἀρχὴ
3733 1113 4003 1181 πράξεως.

2472 1212 2650 1262 Ταῦτα
2679 1211 2855 1260 τοίνυν
2901 1209 3015 1258 ἐστὶ
3037 1207 3102 1258 τὰ
3133 1208 3215 1271 ἐφ’
3251 1206 3396 1273 ἡμῖν,
3445 1203 3515 1253 τὰ
3571 1202 3761 1268 ἐπίσης
3802 1201 3998 1268 ινδεχό-

2475 1317 2610 1367 μενα
2629 1317 2642 1328 ”
2680 1289 2789 1350 οῖον
2823 1297 2884 1348 τὺ
2914 1297 3176 1348 κινεῖσθαι
3206 1296 3296 1346 καὶ
3322 1295 3382 1345 τὸ
3414 1296 3486 1360 μὴ
3522 1292 3806 1355 κινεῖσθαι,
3836 1292 3990 1358 ὁρμᾶ-

2473 1390 2564 1438 καὶ
2600 1389 2672 1454 μὴ
2697 1388 2889 1454 ὁρμᾷν,
2928 1383 3211 1452 ὀρέγεσθαι
3235 1382 3338 1433 τῶν
3376 1381 3452 1448 μὴ
3473 1379 3783 1443 ἀναγκαίων
3812 1377 3906 1428 καὶ
3941 1394 4004 1443 μη

2472 1473 2774 1541 ὀρέγεσθαι,
2803 1471 3088 1538 ψεύδεσθαι
3118 1468 3208 1520 καὶ
3242 1468 3314 1537 μὴ
3341 1467 3646 1534 ψεύδεσθαι,
3682 1465 3882 1515 διδόναι
3919 1465 4002 1513 καὶ

2477 1562 2549 1628 μὴ
2608 1561 2825 1621 διδόναι,
2876 1559 3085 1626 χαίρειν
3133 1556 3217 1622 ἐφ’
3269 1550 3348 1616 οἷς
3409 1555 3488 1605 δεῖ
3517 1553 3607 1604 καὶ
3665 1554 3737 1620 μὴ
3794 1551 4000 1619 χαίρειν

2473 1649 2689 1716 ὁμοίως,
2728 1649 2819 1699 καὶ
2843 1649 2926 1712 ἐφ’
2957 1643 3036 1706 οἷς
3075 1647 3133 1697 οὐ
3162 1646 3258 1704 δεῖ,
3295 1645 3386 1695 καὶ
3415 1645 3512 1694 ὅσα
3559 1642 3805 1708 τοιαῦτα,
3835 1642 3897 1692 ιν
3925 1636 4001 1700 οἷς

2474 1739 2588 1788 ἐστι
2621 1738 2687 1788 τὰ
2710 1738 2807 1804 τῆς
2841 1736 3057 1804 ἀρετῆς,
3087 1733 3181 1784 καὶ
3214 1733 3281 1785 τὰ
3313 1734 3409 1799 τῆς
3441 1734 3632 1793 κακίας
3674 1732 3833 1798 ἔργα.
3871 1729 4000 1780 Τού-

846 1826 1070 1889 moveri,
1099 1834 1154 1878 et
1183 1839 1288 1877 non
1323 1824 1564 1888 moveri;
1618 1825 1855 1882 incitari,
1892 1832 1946 1876 et
1993 1837 2100 1876 non
2133 1823 2369 1887 incitari;
2403 1839 2444 1893 Β
2468 1843 2497 1876 τ

2335 1826 2369 1887 i;
2403 1839 2444 1893 Β
2468 1843 2575 1876 των
2607 1826 2709 1892 γάρ
2742 1827 2908 1892 ἐσμεν
2937 1822 3288 1887 αὐτεξούσιοι.
3325 1820 3444 1871 Τῶν
3473 1820 3525 1870 δὲ
3559 1821 3755 1884 ἐπίσης
3805 1819 3986 1885 ἑνδεχο

845 1922 1094 1977 appetere
1133 1928 1254 1979 qua
1296 1913 1598 1966 necessaria
1647 1928 1754 1965 non
1813 1909 1960 1973 sbnt,
1999 1922 2052 1964 et
2086 1905 2379 1978 non'appe-
2480 1932 2496 1981 ε

2357 1940 2379 1949 -
2480 1914 2650 1981 μένων
2695 1914 2799 1963 είσὶ
2827 1913 2916 1963 καὶ
2943 1913 2999 1964 αι
3033 1910 3214 1978 τέχναι
3239 1925 3253 1939 °
3284 1909 3368 1976 ἐφ’
3394 1910 3523 1976 ἡμῖν
3548 1909 3653 1976 γάρ
3678 1908 3798 1958 ἐστι
3829 1906 4004 1974 μετελ-

846 2009 996 2062 tcre;
1027 2000 1259 2062 mentiri,
1287 2008 1341 2052 et
1371 2015 1477 2053 nou
1502 2000 1753 2063 mentiri;
1786 2000 2047 2059 tribuere,
2069 2008 2122 2050 et
2143 2013 2251 2051 non
2283 1999 2381 2050 tri-
2479 2003 2497 2053 θ

2041 2008 2122 2057 ,et
2143 2013 2251 2051 non
2283 1999 2381 2050 tri-
2479 2003 2590 2053 θεῖν
2620 2003 2687 2069 ἠν
2719 2001 2784 2053 ἂν
2813 2001 3143 2068 Θελήσωμεν,
3169 2000 3263 2052 καὶ
3295 1997 3368 2066 μὴ
3403 1990 3692 2065 μετελθεῖν.

844 2087 1038 2151 buere;
1065 2087 1300 2156 gaudere
1321 2086 1448 2141 dum
1476 2088 1745 2150 convenit,
1772 2095 1826 2141 et
1840 2087 2085 2141 similiter
2113 2102 2219 2139 non
2249 2088 2504 2156 gaudere,
2537 2099 2591 2144 et
2621 2090 2709 2144 ubi
2743 2105 2849 2142 non
2881 2089 3154 2150 convenit,
3222 2096 3524 2154 ceteraque
3588 2082 3887 2150 ejusmodi,
3961 2083 4006 2135 iu

845 2176 1041 2242 quibus
1074 2175 1291 2229 virtutis
1319 2168 1373 2229 et
1412 2174 1524 2228 vitii
1569 2190 1791 2229 munera
1821 2185 2125 2229 versantur.
2170 2176 2372 2230 ﬂorum
2396 2180 2537 2232 enim
2592 2195 2755 2248 penes
2794 2194 2894 2232 nos
2917 2179 3082 2231 libera
3111 2185 3193 2230 est
3255 2185 3512 2243 potestas.
3550 2173 3696 2227 Inter
3759 2188 3826 2226 ca
3898 2187 4010 2239 qua:

847 2277 1095 2331 peraque
1125 2263 1178 2315 in
1207 2270 1490 2330 utramque
1529 2270 1732 2331 partem
1781 2265 2094 2332 contingere
2140 2275 2388 2334 possunt,
2426 2276 2572 2324 artes
2606 2273 2979 2323 numerantur.
3021 2265 3186 2321 Penes
3221 2279 3320 2320 nos
3343 2264 3485 2319 enim
3516 2270 3600 2318 est
3653 2277 3748 2317 eas
3807 2262 4009 2323 colere,

2046 2357 2067 2380 κ

847 2359 901 2406 et
929 2367 1033 2404 non
1065 2352 1261 2405 colere.

916 2438 1322 2492 Observandum
1353 2449 1530 2493 autem
1554 2449 1657 2504 est,
1695 2455 1882 2496 eorum
1917 2457 2038 2509 qua:
2075 2443 2176 2496 sub
2208 2444 2380 2498 actio-

848 2540 969 2578 nem
1004 2523 1221 2589 cadunt,
1245 2526 1556 2579 electionem
1586 2526 1804 2595 quidem
1839 2543 2050 2596 semper
2088 2530 2142 2582 in
2195 2540 2379 2584 nostra

849 2615 1111 2675 potestate
1155 2613 1596 2663 esse:caaterum
1643 2611 1906 2665 actionem
1952 2627 2092 2682 saepe
2137 2614 2382 2684 impediri

848 2706 997 2750 certa
1027 2697 1252 2764 quadam
1280 2697 1638 2752 Providentia
1675 2702 1882 2754 ratione
1908 2701 1972 2753 ὀι

1419 2782 1566 2836 CAP.
1600 2783 1804 2842 XXV".

917 2873 1086 2933 Onam
1115 2871 1177 2925 ob
1206 2878 1419 2925 causam
1442 2873 1604 2926 libero
1635 2876 1856 2928 arbitrio
1882 2876 2091 2943 praediti
2122 2877 2304 2932 simus.

918 3022 1127 3084 Creata,
1157 3031 1339 3090 suapte
1371 3033 1560 3076 natura
1591 3025 1884 3078 mutabilia.
1913 3026 2150 3080 Libertas
2173 3029 2379 3082 arbitrii

850 3111 1044 3162 rationi
1080 3127 1303 3170 annexa,
1342 3109 1508 3164 Nulla
1533 3113 1588 3163 in
1617 3112 1782 3166 brutis
1805 3115 2013 3166 arbitrii
2044 3115 2278 3169 libertas.
2312 3146 2378 3157 ~—

848 3199 1209 3264 Qnamobrem
1246 3213 1353 3251 una
1385 3214 1507 3252 cum
1544 3202 1771 3265 ratione,
1818 3201 2025 3256 arbitrii
2065 3218 2277 3272 quoque
2313 3204 2379 3258 li-

2544 2441 2665 2510 Χρὴ
2691 2440 2746 2493 δὲ
2779 2439 3086 2506 γινώσκειν,
3121 2438 3193 2499 ὠς
3231 2439 3264 2506 ἠ
3315 2436 3411 2504 μὲν
3449 2438 3656 2504 αἵρεσις
3706 2435 3817 2486 τῶν
3865 2450 4005 2502 πρα-

2477 2529 2666 2582 κτῶν*
2695 2529 2781 2582 ἀεὶ
2813 2529 2896 2594 ἐφ’
2927 2527 3057 2594 ἡμῖν
3099 2527 3246 2576 ἐστιν
3268 2542 3281 2554 ·
3320 2525 3351 2591 ἡ
3395 2525 3450 2574 δὲ
3505 2523 3705 2591 πρᾶξπς
3756 2525 4012 2586 πολλάκις

2476 2618 2757 2682 κωλύεται,
2786 2616 2924 2670 κατᾶ
2942 2633 3062 2691 τινα
3093 2620 3293 2684 τρόπον
3325 2614 3421 2681 τῆς
3452 2613 3597 2674 οείας
3631 2613 3908 2680 προνοίας.

2937 2781 3182 2832 ΚΕΦΑΔ.
3226 2781 3326 2831 KZ'
3363 2778 3540 2848 [MA'].

2480 2873 2618 2940 napi
2646 2871 2770 2935 τοῦ,
2794 2870 2890 2923 διὰ
2915 2870 3093 2922 ποίαν
3127 2872 3321 2922 αἰτίαν
3361 2868 3734 2929 αὐτεξούσια
3784 2872 4007 2937 Γεγόνα-

3153 2953 3289 3003 per.
3314 2971 3322 2984 .

2548 3030 2728 3098 Φαμὲν
2757 3013 2932 3080 τοίῦυν
2970 3027 3169 3088 εὐθέως
3215 3025 3290 3093 τῷ
3325 3023 3521 3091 λογικῷ
3574 3025 4015 3094 συνεισέερχεοθαι

2485 3117 2544 3168 τὸ
2573 3116 2908 3179 αὐτεξούσιον
2931 3130 2976 3180 ι,
3009 3115 3100 3166 καὶ
3140 3116 3249 3175 τοῖς
3298 3113 3572 3178 γεννητοῖς
3605 3113 4020 3187 συμπεφυκένοί

2485 3205 2783 3275 μεταϐολὴν
2834 3203 3199 3274 καὶ-τροπήν.
3251 3203 3366 3253 Πᾶν
3419 3200 3525 3268 γὰρ
3565 3200 3874 3268 γεννητὸν,
3935 3210 4012 3253 κα]

848 3288 1108 3345 bertatem
1142 3287 1396 3343 accedere
1422 3287 1654 3344 dicimus
1689 3286 1775 3358 [ac
1803 3292 1999 3344 creatis
2020 3291 2180 3345 rebus
2209 3303 2383 3346 muta-
2409 3305 2454 3366 ο
2481 3312 2499 3346 ιι

2360 3322 2383 3333 -
2409 3305 2454 3366 c
2481 3295 2707 3364 τρεπτόν
2733 3297 2895 3347 ἐστιν.
2925 3287 3026 3344 Ὧν
3060 3292 3166 3362 γὰρ
3199 3295 3232 3361 ἡ
3269 3289 3407 3361 ἀρχὴ
3451 3289 3548 3357 τῆς
3596 3289 3874 3355 γενέσεως
3924 3292 4011 3343 ἀπὶ

848 3377 1048 3431 tionem
1082 3374 1305 3431 omnino
1340 3376 1681 3446 congenitam
1721 3376 1888 3448 esse].
1935 3378 2204 3446 Quidquid
2241 3382 2382 3434 enim

849 3459 1084 3514 creatum
1123 3469 1226 3523 est,
1283 3462 1568 3516 mutationi
1618 3479 1857 3534 quoque
1884 3465 2168 3534 subjicitur
2195 3468 2260 3519 ".
2301 3467 2381 3522 Si-

848 3551 1064 3620 quidem
1121 3567 1350 3620 quurum
1411 3553 1686 3622 generatio
1732 3569 1762 3606 a
1824 3557 2118 3611 mutatione
2176 3556 2383 3612 initium

848 3642 1020 3705 duxit,
1061 3656 1123 3695 ea
1158 3657 1375 3710 quoque
1425 3641 1701 3696 mutabilia
1734 3659 1853 3699 esse
1879 3647 2244 3701 necessarium
2279 3657 2381 3703 est.

850 3729 944 3782 Est
974 3737 1148 3782 autem
1179 3731 1425 3793 mutatio,
1459 3745 1580 3783 cum
1608 3732 1736 3800 quid
1763 3747 1827 3786 ex
1851 3735 2016 3789 nihilo
2043 3735 2375 3804 producitur,

851 3823 1011 3883 atque
1047 3833 1108 3871 ex
1138 3818 1378 3885 subjecta
1411 3820 1633 3872 materia
1665 3820 1936 3889 quidpiam
1969 3822 2112 3881 aliud
2137 3823 2381 3877 efﬁcitur.

850 3903 916 3957 Et
962 3905 1174 3974 quidem
1218 3921 1280 3958 ea
1314 3921 1432 3975 qua:
1477 3895 1651 3960 anima
1699 3917 1906 3974 carent,
1956 3911 2193 3980 itemque
2228 3913 2383 3967 bruta

849 3993 1142 4046 animantia
1169 3993 1322 4061 juxta
1365 4009 1656 4063 corporeus
1704 3999 1842 4060 illos,
1885 4004 2020 4066 qdos
2067 4003 2385 4054 memoravi-

852 4096 994 4144 mus,
1029 4081 1217 4136 modos
1246 4082 1601 4137 immutantur
1631 4103 1644 4141 :
1678 4087 2017 4140 rationabilia
2045 4097 2242 4151 autem,
2296 4104 2385 4142 ra-

852 4169 996 4222 tione
1019 4170 1298 4223 electionis
1321 4190 1337 4226 _:
1364 4186 1483 4224 nam
1519 4172 1745 4227 facultas
1785 4176 2062 4228 rationalis
2099 4177 2292 4244 partim
2328 4178 2382 4230 in

851 4258 1323 4325 contemplatione,
1367 4259 1561 4326 partim
1611 4261 1665 4312 in
1717 4263 1927 4316 actione
1959 4273 2221 4317 versatur.
2245 4266 2385 4328 ‘Qua‘.

855 4348 906 4398 in
936 4347 1389 4412 contemplatione
1424 4348 1700 4410 consistit,
1724 4364 1811 4402 res
1840 4358 1896 4402 ut
1923 4364 1980 4404 se
2006 4351 2220 4414 habent,
2248 4366 2382 4415 con-

852 4432 1073 4486 siderat.
1106 4432 1195 4484 llla
1223 4448 1352 4485 vero
1377 4435 1429 4485 in
1460 4430 1671 4488 actione
1696 4439 1869 4503 posita
1899 4446 2001 4500 est,
2027 4454 2145 4507 qua
2173 4441 2384 4493 consul-

852 4531 950 4584 tat,
978 4527 1032 4577 et
1061 4521 1222 4576 rebus
1258 4523 1478 4591 agendis
1529 4533 1729 4577 rectam
1764 4527 2024 4580 rationem
2062 4531 2379 4596 prescribit.

2481 3381 2683 3449 τροπῆς
2713 3379 2930 3448 ἧρξατο,
2965 3378 3173 3446 ἀνάγκη
3198 3377 3366 3430 ταῦτα
3390 3375 3599 3443 τρεπτὰ
3630 3370 3798 3429 εἷναι.
3834 3377 4014 3444 Τροπῆ

2480 3466 2533 3518 δέ
2556 3468 2691 3528 ἐστι,
2729 3468 2789 3519 τὸ
2821 3470 2884 3519 ὲκ
2919 3467 2992 3536 μὴ
3019 3467 3185 3519 ὄντων
3225 3467 3306 3527 είς
3355 3465 3416 3516 τὸ
3458 3460 3596 3516 εἶναι
3645 3466 4014 3534 παραχθῆναι,

2483 3555 2577 3606 καὶ
2602 3555 2661 3606 τὸ
2690 3555 2750 3617 ἐξ
2777 3555 3139 3622 ὑποκειμένης
3168 3553 3297 3626 ὐλης
3338 3552 3522 3620 ἔτερόν
3551 3569 3604 3603 τι
3640 3554 3930 3619 γενέσθαι.
3953 3555 4014 3605 re

2485 3645 2581 3712 μὲν
2611 3640 2701 3697 οὖν
2730 3646 2907 3714 ἄψυχα
2934 3646 3028 3698 καὶ
3060 3645 3227 3710 ἄλογα
3259 3643 3546 3712 τρέπονται
3586 3644 3727 3694 κατὰ
3755 3644 3867 3706 τὰς
3903 3661 4013 3712 προ-

2481 3734 2772 3802 ειρημένας
2822 3733 3135 3801 σωματικὰς
3179 3732 3516 3794 ἀλλοιώσεις,
3570 3733 3637 3784 τὰ
3695 3732 3754 3784 δὲ
3812 3733 4014 3801 λογικὰ,

2484 3823 2625 3875 κατᾶ
2685 3825 3014 3892 προαίρεσιν.
3059 3819 3164 3875 Τοῦ
3215 3824 3321 3891 γὰρ
3376 3821 3589 3886 λογικοῦ
3638 3823 3707 3873 τὸ
3758 3824 3872 3890 μέν
3922 3827 4012 3874 ἐστι

2481 3908 2826 3976 θεωρητικὸν,
2857 3909 2915 3960 τὸ
2952 3910 3007 3961 δὲ
3051 3910 3368 3979 πρακτικόν.
3407 3908 3752 3974 θεωρητικὸν
3818 3911 3941 3978 μὲν,
3972 3911 4013 3960 t’.

2482 3997 2770 4048 κατανοοῦν
2801 3997 2874 4062 ὡς
2907 3997 3018 4064 ἔχει
3068 3997 3134 4048 τὰ
3166 3997 3323 4048 ὃντα²
3357 3996 3658 4065 πρακτικὸν
3688 3997 3772 4058 δὲ,
3818 4001 3882 4049 τὸ
3915 4001 4008 4066 βου-

2479 4086 2741 4148 λευτικὸν,
2762 4087 2825 4138 τὺ
2848 4086 3024 4155 ὁρίζον
3047 4089 3156 4148 τοῖς
3183 4088 3440 4155 πρακτοῖς
3466 4094 3494 4133 γ
3515 4086 3606 4136 τὸν
3629 4086 3800 4153 ὀρθὸν
3850 4089 3994 4153 λόγον

2481 4174 2574 4226 καὶ
2602 4173 2823 4226 καλοῦσι
2851 4175 2911 4226 τὸ
2941 4176 3034 4242 μὲν
3056 4174 3399 4244 Θεωρητικὸν,
3434 4173 3577 4236 νοῦν,
3609 4175 3672 4224 τὸ
3700 4175 3756 4226 δὲ
3798 4193 4011 4246 πρακτι-

2481 4269 2592 4326 κὸν,
2628 4262 2810 4328 λόγον·
2850 4263 2940 4314 καὶ
2977 4262 3036 4314 τὸ
3085 4262 3181 4330 μὲν
3214 4262 3562 4328 θεωρητικὸν,
3611 4264 3842 4327 σοφίαν,
3877 4268 3938 4316 τὸ
3969 4264 4011 4315 δὲ

2481 4351 2800 4417 πρακτικὸν,
2828 4350 3103 4417 φρόνησιν.
3147 4351 3257 4409 Πᾶς
3303 4346 3394 4400 οὖν
3427 4351 3456 4400 ὁ
3497 4349 3924 4418 βουλευόμενος,
3957 4353 4010 4406 ὧι

2480 4439 2565 4489 ἔπ’
2605 4437 2748 4504 αὐτῷ
2779 4437 2875 4504 τῆς
2904 4437 3166 4504 αἱρέσεως
3208 4436 3371 4504 οὔσης
3406 4436 3512 4489 τῶν
3551 4438 3880 4504 πρακτέων,
3913 4442 4012 4507 βοο-

2483 4525 2715 4590 λεύεται,
2752 4527 2837 4578 ἴνα
2883 4527 2941 4577 τὸ
2979 4525 3269 4594 προκριθὲν
3325 4525 3386 4575 ὲκ
3418 4524 3515 4592 τῆς
3563 4525 3760 4592 βουλῆς
3819 4528 4001 4594 ἕληται

853 4611 1013 4678 Atqui
1066 4618 1272 4678 partem
1342 4611 1484 4664 illam
1543 4627 1662 4680 qua:
1714 4616 2149 4683 contemplationi
2206 4628 2380 4682 vacat,
2412 4601 2456 4653 Ῑ)
2485 4634 2504 4667 υ

2363 4657 2380 4682 ,
2412 4601 2456 4653 Ι)
2485 4616 2576 4669 καὶ
2605 4616 2852 4682 ἐλόμενος
2886 4615 3094 4695 πράξῃ·
3130 4618 3176 4666 εί
3219 4615 3274 4666 δὲ
3297 4613 3472 4678 τοῦτο,
3503 4615 3563 4676 ιε
3604 4616 3868 4685 ἀνάγκης
3898 4633 4008 4687 παρ-

853 4696 1083 4751 mentem
1111 4709 1455 4767 nuncupant;
1483 4714 1602 4768 quae
1641 4717 1770 4755 vero
1827 4705 2046 4766 actioni,
2098 4707 2378 4761 rationem.

852 4787 939 4836 Ac.
981 4801 1189 4850 rursus,
1254 4788 1399 4840 illam
1450 4789 1788 4856 sapientiam,
1841 4792 1997 4844 istam
2047 4794 2381 4860 prudentiam

855 4873 1145 4938 appellant.
1193 4873 1461 4936 Quocirca
1513 4876 1766 4945 quisquis
1816 4880 2107 4944 consultat,
2163 4883 2385 4950 perinde

852 4960 1146 5022 consultat,
1184 4970 1436 5030 tanquam
1463 4977 1641 5016 rerum
1674 4965 1998 5031 agendarum
2018 4983 2180 5036 penes
2207 4971 2380 5039 ipsum

856 5051 1097 5112 potestas
1132 5046 1226 5109 sit,
1257 5053 1318 5099 ut
1363 5047 1521 5115 195
1560 5047 1708 5116 quod
1732 5063 1800 5102 ex
1835 5053 2229 5108 consultatione
2273 5071 2386 5109 me-

858 5133 963 5189 tius
1019 5134 1194 5191 visum
1250 5133 1435 5197 fuerit.
1486 5136 1590 5189 hoc
1637 5136 1834 5206 eligat;
1866 5147 1923 5194 et
1974 5155 2096 5196 cum
2147 5144 2389 5213 elegerit,

932 5309 974 5339 '°
997 5306 1207 5361 Nemee.
1237 5321 1291 5363 c.
1318 5308 1409 5362 37.
1478 5310 1522 5341 "
1553 5310 1772 5367 Nemes.
1790 5329 1840 5368 c.
1868 5315 1956 5369 ιι.

2488 4704 2772 4771 υφίσταται
2803 4706 2878 4774 τῷ
2905 4705 3104 4773 λογικῷ
3144 4706 3205 4757 τὸ
3252 4704 3593 4766 αὐτεξούσιον
3624 4720 3639 4733 ·
3679 4705 3712 4772 ἢ
3777 4709 3896 4776 γὰρ
3937 4707 4004 4760 ea:

2485 4792 2635 4845 ἔσται
2663 4793 2895 4858 λογικὸν,
2927 4795 2958 4862 ἢ
2990 4795 3204 4859 λογικὸν
3234 4794 3313 4856 ὃν,
3347 4793 3536 4860 κύριον
3563 4793 3718 4844 ἔσται
3750 4799 4002 4862 πράξεων

2484 4881 2578 4935 καὶ
2607 4883 2966 4947 αὐτεξούσιον.
2987 4884 3144 4936 Ὅθεν
3177 4883 3267 4935 καὶ
3297 4883 3364 4935 τὰ
3391 4882 3558 4948 ἄλογα
3589 4883 3690 4933 οὐκ
3718 4885 3873 4938 εἰσὶν
3901 4887 3990 4938 αὐτ

2488 4970 2732 5034 εξούσιαο
2759 4972 2978 5038 ἄγονται
2998 4973 3104 5040 γὰρ
3135 4971 3330 5040 μᾶλλον
3375 4971 3480 5022 ὑπὸ
3502 4971 3600 5039 τῆς
3615 4970 3867 5038 φύσεως,
3896 4976 4014 5043 ﬁrst;

2483 5059 2672 5125 ἄγουσι
2693 5077 2710 5092 ο
2758 5059 2839 5112 διὸ
2888 5061 3008 5112 οὐδὲ
3063 5044 3402 5127 ἁντιλέγούσι
3447 5062 3513 5129 τῇ
3569 5063 3778 5129 φυσικῇ
3835 5061 4000 5129 ὀρέξει

2484 5145 2598 5198 ἀλλ’
2619 5144 2734 5212 ἄμα
2773 5146 3038 5217 ὀμχθῶσί
3060 5163 3224 5214 τινος,
3254 5144 3464 5214 ὁρμῶσι
3494 5145 3627 5215 πρὸς
3661 5145 3766 5214 τὴν
3810 5147 4010 5218 πρᾶξιν.

2092 5398 2322 5451 νΔίὶΙτΕ
2360 5398 2756 5454 LECTIONES.

928 5495 956 5523 υ
1079 5486 1204 5566 τὲ
1229 5486 1325 5566 τῆς
1354 5486 1543 5566 ψυχῆς.
1572 5487 1761 5566 Melius
1792 5489 2011 5566 4J‘U1txa,
2030 5503 2147 5566 qua}
2185 5496 2374 5566 contra
2400 5493 2622 5556 φυσικὰ,
2650 5499 2807 5544 antea
2831 5487 3135 5566 distinxit.‘
3173 5503 3198 5530 ν
3223 5493 3432 5566 Nemea.
3467 5491 3780 5566 πρακτέων.

3865 5493 4004 5544 llla!

860 5555 1127 5672 ξυςῆξῧῖίι
1144 5553 1509 5672 (famulitiqu
1538 5572 1600 5608 ex
1632 5553 1898 5620 Nemesio,
1934 5565 1990 5609 ut
2031 5553 2179 5609 'i-atio
2211 5553 2509 5626 assignetur
2572 5573 2672 5612 cur
2705 5569 2949 5614 creatura
3001 5556 3211 5618 ratione
3243 5559 3464 5631 praedita
3502 5553 3660 5616 liberi
3688 5560 3760 5614 sit
3794 5561 4007 5616 arbitri

1113 5637 1140 5672 C
1254 5663 1267 5672 .
1303 5638 1478 5672 ποακτ
1511 5640 1607 5672 etc.

985 5619 1078 5673 ulti
1113 5621 1267 5675 codd.
1303 5624 1607 5689 πρακτέοις.
