4180 6450
269 464 374 525 96')

1330 454 1427 513 DE
1466 449 1641 512 FIDE
1680 448 2137 510 ORTIIODOXA
2172 449 2315 509 LIB.
2362 448 2440 506 II.

3411 452 3519 513 9Ίο

271 571 348 623 λει
381 571 584 630 πάντας
616 568 876 636 σωθῆναι,
902 563 1111 633 καὶτῆς
1143 564 1423 633 βασιλείας
1445 563 1609 616 αὐτοῦ
1637 563 1839 630 τυχεῖν.

1948 558 2153 613 -ῐίου
2195 560 2382 613 itidem
2437 570 2603 614 nosse
2654 564 2887 628 Oportet,
2939 556 3110 614 Deum
3168 558 3424 627 primaria
3468 572 3519 615 ct

270 663 344 716 Οὐ
384 662 494 731 γὰρ
527 660 620 713 ἐπὶ
641 660 698 711 τὸ
732 659 957 711 κολάσαι
989 656 1226 709 ἔπλασεν
1255 658 1424 726 ἡμᾶς,
1467 655 1600 708 ἀλλὰ
1631 655 1764 725 πρὸς
1786 652 1846 704 τὸ

272 755 565 824 μετασχεῖν
585 752 682 819 τῆς
704 750 1037 819 ἁγαθότητος
1060 746 1245 809 αὑτοῦ,
1277 747 1352 807 ὡς
1385 745 1604 811 ἀγαθός.
1642 745 1847 813 ’Λμαρ-

270 844 531 906 τάνοντας
555 842 611 895 δὲ
635 841 780 895 θέλει
813 838 1160 902 κολάζεσθαι,
1192 837 1265 900 ὡς
1296 837 1522 895 δίκαιος.
1566 888 1571 893 ,

246 1181 255 1193 τ
342 1117 573 1184 Λέγεται
604 1110 719 1182 οὖν,
751 1114 950 1184 τὸνμὲν
978 1112 1216 1183 πρῶτον,
1251 1108 1667 1179 προηγούμενον
1693 1105 1846 1175 Θὲλη-

275 1225 371 1279 μα,
404 1206 499 1260 καὶ
540 1205 780 1268 εὐδοκία,
810 1203 868 1269 ἐξ
912 1201 1074 1256 αὐτοῦ
1109 1201 1195 1253 ὀνο
1228 1201 1293 1252 τὸ
1327 1200 1385 1251 δὲ
1415 1198 1668 1267 δεύτερον
1719 1198 1846 1249 ἐπό-

273 1315 434 1367 μενον
468 1297 699 1366 θέλημα,
736 1296 832 1346 καὶ
869 1291 1288 1363 παραχώρησις,
1336 1290 1394 1355 ἐξ
1442 1289 1720 1358 ἡμετέρας
1758 1290 1845 1340 αἰ-

268 1388 410 1450 τίας.
441 1388 551 1440 Καὶ
587 1386 726 1456 αὕτη
773 1384 945 1450 διττήο
983 1384 1016 1454 ἡ
1067 1384 1166 1453 μὲν
1209 1382 1549 1450 οίκθνομικὴ,
1596 1381 1687 1432 καὶ
1718 1398 1845 1432 παι-

268 1478 496 1549 δευτικὴ
542 1478 680 1548 πρὸς
731 1476 1027 1547 σωτηρίαν,
1076 1476 1108 1545 ὴ
1155 1474 1211 1526 δὲ
1266 1472 1655 1541 ἀπογνωστικὴ
1709 1471 1845 1540 πρὸς

269 1570 480 1623 τελείαν
515 1570 758 1631 κόλασιν,
786 1569 861 1632 ὡς
912 1570 1239 1638 εἰρήκαμεν.
1276 1565 1461 1617 Ταῦτα
1508 1565 1565 1616 δὲ
1606 1565 1697 1617 ἐπὶ
1738 1562 1846 1614 τῶν

270 1662 371 1714 οὐκ
397 1662 482 1729 ἐφ’
520 1662 651 1731 ἡμῖν
676 1660 728 1733 ‘k.

749 1869 763 1899 ἰ

1953 650 2318 705 antecedente
2360 649 2646 703 voluntate
2688 650 2827 703 velle
2861 664 3055 703 omnes
3082 650 3264 703 salvos
3295 664 3440 711 esse,
3473 660 3524 702 et

1952 741 2104 811 regni
2153 741 2240 795 sui
2292 749 2579 810 compotes
2630 739 2742 794 ﬁeri
2778 740 2819 793 ⁸.
2852 740 2971 793 Non
3009 741 3153 795 enim
3185 756 3287 795 nos
3332 750 3391 793 ut
3422 756 3518 810 pu-

1954 834 2119 897 niret,
2156 833 2441 898 condidit;
2483 832 2580 887 sed
2620 832 2749 901 quia
2796 832 2976 886 bonus
3033 844 3138 897 est,
3188 833 3254 885 ad
3314 834 3419 887 hoe
3472 845 3527 884 nt

1878 982 1892 999 ί
1952 923 2216 977 bonitatis
2250 938 2363 977 suae
2398 922 2694 993 participes
2727 938 2996 978 essemus.
3025 922 3326 978 Pcecantes
3359 939 3525 992 porro

1954 1015 2137 1082 puniri
2169 1017 2305 1079 vult,
2339 1014 2466 1084 quia
2492 1015 2677 1084 justus
2716 1022 2819 1069 est.

2027 1107 2316 1160 Permissio
2348 1107 2562 1175 duplex.
2587 1134 2656 1145 -—-
2679 1107 2865 1176 Itaque
2902 1107 3079 1177 prima
3112 1107 3205 1159 illa
3240 1106 3521 1166 voluntas,

1954 1201 2283 1255 antecedens
2342 1201 2547 1254 dicitur
2600 1207 2655 1253 et
2700 1201 3133 1269 beneplacitum,
3186 1201 3346 1271 cujus
3409 1202 3525 1270 ipse

1910 1334 1915 1344 .
1953 1305 2121 1345 causa
2155 1292 2265 1346 sit:
2293 1291 2544 1365 secunda,
2565 1300 2770 1356 autem,
2800 1307 3145 1361 consequens
3188 1294 3443 1345 voluntas
3473 1304 3527 1346 et

1957 1383 2274 1452 permissio,
2312 1398 2375 1436 ex
2412 1392 2600 1439 nostra
2646 1400 2811 1441 causa
2840 1394 3023 1439 ortum
3070 1384 3314 1451 habens;
3349 1401 3527 1454 eaque

1955 1473 2158 1541 duplex
2186 1488 2200 1525 :
2225 1474 2398 1526 altera
2427 1474 2843 1544 dispensatione
2888 1476 3123 1544 quadam
3165 1475 3217 1528 tit
3247 1484 3300 1527 et
3333 1478 3401 1527 ad
3438 1492 3527 1529 sa-

1955 1566 2119 1619 lutent
2177 1566 2375 1630 erudit,
2449 1568 2624 1620 altera
2660 1581 2689 1619 a
2714 1568 3102 1651 reprobatione
3134 1566 3523 1637 proliciscitur,

1920 1657 2020 1727 ~ad
2061 1658 2387 1721 absolutam,
2433 1666 2490 1709 ut
2527 1659 3042 1729 diximusypmnam
3086 1668 3394 1730 pertinens.
3427 1664 3523 1715 Αι-

1954 1763 2061 1817 que
2120 1752 2233 1801 heec.
2290 1750 2341 1802 iu
2404 1750 2514 1803 illis
2564 1765 2689 1819 qua:
2742 1751 2797 1804 in
2856 1761 3042 1806 nostra
3093 1761 3363 1820 potestate
3417 1767 3525 1808 non

1956 1850 2107 1892 sunt.

340 1938 459 1992 Τῶν
502 1937 560 1991 δὲ
614 1938 699 2006 ἐφ’
733 1939 886 2008 ἡμῖν,
929 1937 997 1990 τὰ
1037 1937 1135 2006 μὲν
1184 1937 1364 2005 ἀγαθὰ
1416 1937 1843 2006 προηγουμένως

2018 1930 2158 1984 Deus
2184 1932 2333 1985 nullo
2364 1930 2517 1984 modo
2545 1932 2688 1984 mala
2725 1932 2854 1997 vult,
2888 1933 2979 1986 sed
3005 1934 3122 2001 ﬁeri
3145 1936 3427 2002 permittit.
3454 1968 3520 1977 --

269 2029 436 2093 θέλει,
460 2029 554 2082 καὶ
583 2028 814 2082 εὐδοκεῖ.
851 2028 931 2080 Τὰ
969 2027 1025 2080 δὲ
1056 2027 1289 2098 πονηρὰ,
1333 2029 1427 2080 καὶ
1456 2027 1625 2089 ὄντως
1670 2028 1837 2093 κακὰ,

268 2119 395 2172 οὔτε
422 2119 885 2190 προηγουμένως,
920 2118 1044 2171 οὗτε
1086 2120 1369 2189 ἑπομένως
1429 2118 1601 2171 θέλει’
1658 2135 1841 2188 παρα-

208 2218 220 2229 ⁹
268 2212 438 2282 χωρεῖ
463 2210 520 2262 δὲ
569 2208 648 2279 τῷ
683 2208 1035 2278 αὐτεξουσίῳ.
1072 2209 1145 2260 Τὸ
1189 2208 1297 2279 γὰρ
1342 2210 1483 2262 κατὰ
1527 2209 1650 2277 βίαν
1697 2209 1843 2276 γινό-

269 2318 451 2372 μενον,
475 2301 534 2354 οὐ
552 2301 791 2368 λογικὸν,
813 2301 933 2352 οὐδὲ
967 2300 1159 2370 ἀρετή.
1201 2298 1219 2336 ι
1250 2301 1472 2370 Προνοεῖ
1498 2300 1526 2351 ὁ
1564 2299 1696 2363 Θεὸς
1729 2300 1837 2352 πά-

267 2409 372 2462 σης
399 2392 499 2461 τῆς
527 2391 776 2455 κτίσεως,
816 2390 908 2443 καὶ
946 2389 1034 2443 διὰ
1074 2389 1255 2462 πάσης
1287 2391 1384 2460 τῆς
1425 2390 1653 2453 κτίσεως
1684 2391 1839 2460 εὐερ-

262 2486 469 2552 γετεῖν,
516 2485 609 2537 καὶ
648 2482 937 2546 παιδεύων,
964 2483 1059 2537 καὶ
1086 2482 1152 2535 δι’
1187 2483 1366 2536 αὐτῶν
1413 2483 1674 2547 πολλάκις
1726 2484 1838 2536 τῶν

259 2576 558 2645 δαιμόνων,
582 2577 658 2641 ὡς
685 2576 777 2629 ἐπὶ
811 2574 903 2628 τοῦ
938 2576 1080 2639 Ἰὼϐ,
1107 2576 1203 2629 καὶ
1231 2576 1339 2629 τῶν
1366 2575 1584 2648 χοίρων.

1947 2010 2149 2077 Εοῖυιη
2185 2038 2313 2075 vero
2342 2039 2461 2092 quae
2497 2023 2551 2076 in
2592 2025 2753 2078 nobis
2788 2025 2890 2077 sita
2924 2034 3069 2090 sunt,
3121 2026 3263 2080 bona
3301 2026 3521 2096 quidem

1946 2116 2210 2186 primario
2256 2114 2402 2169 Deus
2445 2116 2585 2179 vult,
2615 2124 2672 2169 et
2717 2116 3021 2171 secundum
3076 2117 3520 2186 beneplacitum;

1946 2206 2091 2260 mala
2120 2215 2299 2261 autem
2330 2221 2453 2276 qua:
2500 2222 2687 2261 revera
2724 2208 2868 2260 mala
2923 2217 3072 2270 sunt,
3113 2223 3294 2278 neque
3323 2209 3525 2278 prima-

1945 2300 2049 2365 rio,
2084 2315 2261 2369 neque
2298 2309 2703 2369 consequenter
2742 2301 2882 2362 vult,
2926 2302 3019 2356 sed
3068 2300 3244 2356 libero
3285 2300 3522 2355 arbitrio

1946 2394 2235 2464 permittit.
2271 2393 2408 2447 Nam
2442 2395 2587 2464 quod
2623 2394 2672 2448 vi
2720 2394 2975 2457 cllieitur.
3008 2410 3108 2450 nec
3155 2394 3355 2448 rationi
3389 2409 3523 2447 con-

1949 2484 2117 2551 venit,
2155 2500 2256 2539 nec
2298 2484 2520 2541 virtutis
2571 2500 2771 2540 nomen
2812 2486 3064 2542 obtinere
3114 2494 3316 2557 potest.
3376 2486 3519 2539 Deus

1945 2577 2151 2632 creatis
2190 2577 2448 2632 omnibus
2506 2579 2778 2647 providet,
2819 2588 2872 2633 et
2916 2595 3010 2649 per
3063 2578 3245 2633 omnia
3293 2587 3520 2638 creata,

263 2678 413 2725 utet
464 2672 579 2742 ipsa
626 2672 949 2743 plerumque
984 2671 1294 2726 daemonum
1341 2688 1505 2743 opera
1556 2671 1743 2742 (velut
1780 2671 1835 2725 in
1858 2667 1963 2725 Job
2002 2677 2057 2725 et
2095 2669 2280 2740 porcis
2310 2654 2599 2741 ’iiquet)
2648 2670 2933 2726 beneﬁciis
2992 2670 3192 2725 alliciat
3270 2680 3326 2725 et
3397 2687 3523 2726 ωιτν

263 2763 405 2817 diat.

772 2856 1019 2907 ΚΕΦΑΛ.
1061 2856 1117 2908 Λ¹
1161 2854 1336 2927 [MA'].

482 2948 620 3015 Περὶ
661 2945 1051 3014 προγνώσεως
1078 2945 1177 2999 καὶ
1206 2944 1593 3014 προορισμοῦ.

343 3039 463 3110 Χρὴ
488 3037 774 3107 γινώσκειν
803 3035 939 3107 (96),
968 3036 1043 3099 ὡς
1075 3036 1255 3089 πάντα
1286 3036 1383 3105 μὲν
1415 3037 1779 3105 προγινώσκει
1811 3038 1840 3089 ὁ

344 3214 371 3249 ⁸
408 3212 427 3266 ι
476 3211 616 3268 Tim.
659 3230 720 3279 ll,
751 3215 803 3268 4.
880 3214 900 3245 ⁹
937 3185 1129 3268 Matth.
1174 3230 1291 3278 vtu,
1328 3214 1395 3268 30
1427 3228 1586 3283 seqq.
1628 3227 1630 3230 '

3315 2754 3352 2780 -ι

2550 2850 2700 2904 CAP.
2752 2850 2916 2907 XXX.

2225 2947 2296 2999 De
2326 2946 2665 3012 prmscientia
2687 2954 2735 2998 et
2759 2945 3241 3012 prurdestinationc.

2025 3038 2160 3090 Deus
2207 3038 2386 3090 omnia
2427 3038 2663 3104 pra'scit,
2696 3040 2787 3091 sed
2820 3055 2920 3090 non
2954 3038 3131 3091 omnia
3180 3040 3419 3094 proﬂuit
3459 3069 3464 3073 -

1533 3347 1766 3403 VARIAE
1804 3345 2207 3403 LECTIONES.
2582 3337 2598 3377 (

347 3440 373 3481 ἰ
410 3443 621 3499 Desunt
644 3445 759 3499 haec
785 3444 839 3497 in
868 3441 930 3495 N.
959 3452 1012 3497 et
1047 3441 1115 3496 R.
1146 3440 1305 3494 2950.

1394 3439 1409 3477 ι
1442 3442 1569 3496 Haec
1595 3440 1795 3494 desunt
1826 3440 1879 3493 in
1909 3447 2101 3494 nostro
2131 3437 2254 3492 cod.
2288 3452 2462 3506 usque
2498 3437 2564 3490 ad
2597 3439 2755 3493 linem
2791 3454 2951 3509 cape:
2982 3476 2987 3481 ς

1772 3592 2002 3647 NOTAE.

265 3691 537 3763 Cyrillum
591 3690 882 3763 Aiesandr.
912 3688 1019 3763 lib.
1060 3690 1134 3743 De
1164 3690 1472 3763 adcretione
1505 3691 1560 3742 in
1612 3689 1828 3763 spiritu.
1859 3690 1902 3747 C.
1938 3685 2331 3763 tatisforsitan
2374 3701 2663 3763 usurpare,
2695 3697 2751 3739 ut
2786 3698 2969 3763 nostra
3016 3690 3265 3763 loquatur
3296 3692 3513 3759 affectu,

266 3756 545 3826 Quocirca
592 3774 660 3813 ne
696 3760 1108 3831 Augustinianae
1154 3763 1219 3813 de
1264 3762 1451 3815 divina
1498 3763 1682 3831 gratia
1737 3756 1832 3831 do-

266 3832 468 3885 ctrina:
504 3838 736 3898 systema
772 3828 872 3884 lioc
895 3831 1074 3897 capite
1116 3846 1368 3883 mancum
1397 3829 1722 3899 quibusdam
1756 3828 1836 3879 vi-

265 3901 517 3960 deretur,
560 3908 784 3953 sanctus
822 3901 1059 3967 Prosper
1090 3910 1143 3952 et
1185 3909 1377 3952 auctor
1408 3898 1530 3953 libri
1574 3898 1646 3951 De
1674 3914 1833 3950 voca-

268 3972 416 4022 tione
448 3969 697 4037 gentium,
727 3970 922 4021 bonam
960 3974 1098 4023 hanc
1132 3968 1223 4023 Dei
1268 3971 1600 4023 voluntatem
1644 3967 1833 4021 defen-

265 4040 510 4095 dendam
539 4048 917 4107 susceperunt.

242 4106 261 4130 π
352 4108 459 4177 (96)
493 4105 613 4172 Χρὴ
645 4102 980 4177 τιὲώσκειν.
1014 4104 1167 4167 Scire.
1194 4116 1413 4173 oportet.
1451 4106 1650 4161 Eodem
1674 4102 1834 4177 modo

263 4176 507 4234 sanctus
540 4177 803 4231 Maximus
829 4176 880 4228 iu
912 4177 1200 4230 collatione
1230 4193 1352 4230 cum
1386 4177 1695 4231 Theodosio
1721 4176 1836 4228 Ca:-

262 4246 527 4305 sariensi,
572 4261 626 4297 n.
677 4246 730 4305 2,
778 4254 831 4299 et
866 4247 919 4299 in
959 4244 1075 4298 Vita
1125 4262 1244 4313 sua,
1280 4264 1333 4300 η.
1371 4246 1423 4309 8,
1472 4248 1665 4315 legitur
1708 4260 1835 4313 pro-

264 4318 597 4376 nuntiasse,
665 4315 1062 4382 praescientiam
1100 4331 1222 4370 esse
1278 4332 1457 4369 rerum
1500 4332 1622 4385 qua:
1680 4324 1834 4384 pote-

261 4386 435 4454 statis
476 4391 676 4436 nostra:
729 4391 896 4448 sunt,
929 4400 1241 4439 sermonum
1281 4394 1427 4454 puta,
1466 4394 1519 4439 et
1568 4400 1830 4453 operum:

260 4453 692 4526 praelinitiohem
748 4468 913 4526 vero,
947 4470 1135 4526 earum
1190 4453 1309 4523 quae
1356 4456 1463 4508 Deo
1512 4456 1835 4523 disponente

256 4523 617 4579 extrinsecus
645 4523 923 4583 accidunt,
956 4524 1160 4577 scilicet
1182 4539 1433 4584 casuum,
1463 4526 1832 4590 praemiorum,

258 4592 695 4662 suppliciorum,
722 4600 853 4652 etc.,
891 4609 1011 4657 (line
1040 4594 1259 4662 quidem
1284 4595 1613 4662 explicatius
1637 4593 1834 4646 Noster

256 4663 441 4717 tradit
472 4660 780 4732 inDialoAgo
811 4675 978 4715 contr.
1008 4660 1242 4715 Manis/1.
1276 4660 1503 4732 fusaque
1531 4670 1834 4732 tractantur

256 4735 328 4787 in
360 4730 587 4801 humilia
613 4731 663 4781 in
689 4728 1045 4801 Cltananazam
1064 4734 1120 4785 'et
1162 4728 1519 4798 publicanim,
1550 4748 1710 4801 quam
1738 4730 1835 4783 Sa-

253 4801 441 4854 vilius
468 4799 659 4870 edidit,
696 4807 735 4851 t.
780 4800 812 4853 ν
849 4799 1085 4868 Operum
1119 4802 1492 4870 Chrysostomi
1522 4799 1581 4856 et
1620 4800 1832 4867 placitis

250 4869 730 4939 Chryspstomieis
767 4872 1022 4923 refertam
1062 4869 1332 4939 agnoscit.
1374 4870 1494 4924 Uno
1534 4871 1702 4925 verbo
1733 4870 1833 4922 Pa-

252 4937 400 4994 tres
429 4937 621 4996 Gra’ci.
671 4953 792 4991 eum
846 4937 1121 4993 caverent
1165 4955 1232 4993 ne
1276 4942 1460 4993 divina
1518 4940 1829 4994 futurorum

251 5008 801 5089 cogp‘itiolinmanm
834 5009 1067 5089 libertati
1112 5010 1302 5089 nociva
1340 5019 1646 5089 putaretur,
1674 5011 1831 5079 juxta
1863 5032 1909 5089 Β

250 5075 355 5134 εδ
380 5075 623 5149 Gnostiei
653 5086 713 5135 et
746 5080 1024 5132 .banichmi
1062 5075 1405 5142 asserebant,
1443 5080 1545 5134 hoc
1580 5075 1834 5149 frequen-

250 5160 359 5203 ter
400 5147 779 5209 inculcarunt,
821 5151 1066 5203 actiones
1124 5149 1404 5203 hominum
1466 5147 1693 5203 liberas'
1725 5162 1833 5202 non

249 5218 402 5273 ideo
435 5216 572 5279 tieri,
603 5218 733 5285 quia
778 5220 992 5271 noverit
1034 5220 1197 5276 Deus.
1235 5220 1328 5272 sed
1362 5234 1485 5273 esse
1526 5235 1554 5272 a
1599 5220 1707 5273 Deo
1736 5233 1833 5271 co-

248 5288 479 5358 gnitas,
502 5286 628 5354 quia
679 5285 875 5340 futurae
925 5295 1100 5358 erant.
1130 5288 1296 5358 Deinn
1323 5290 1521 5358 quippe
1565 5290 1829 5342 malarum

246 5354 554 5428 {actionum
591 5369 819 5428 causam
857 5354 965 5411 noi
996 5372 1142 5428 esse.
1177 5356 1274 5428 Sic
1307 5354 1434 5412 oliui
1458 5354 1834 5428 disputabant

242 5424 552 5495 Justinus_
590 5424 815 5495 Mat-lyr,
872 5427 1086 5495 Apolog.
1126 5427 1182 5491 l;
1236 5426 1518 5491 Tatianus,
1572 5424 1730 5482 Orat.
1762 5427 1831 5479 ad

248 5497 486 5564 arma;
518 5493 802 5563 Origenes,
851 5493 943 5549 lib.
981 5513 996 5548 ι
1032 5493 1085 5549 in
1138 5495 1311 5564 Epist.
1363 5498 1428 5549 ad
1471 5497 1624 5551 liom.
1672 5497 1843 5564 cujus.

239 5568 422 5622 diota
475 5563 705 5617 Basilius
745 5574 799 5617 et
859 5563 1233 5619 Nazianzenus
1292 5569 1345 5620 in
1392 5566 1689 5620 Pliilocalia
1734 5563 1835 5620 Sua

245 5640 456 5692 locum
484 5634 683 5704 habere
714 5635 1023 5695 voluerunt,
1064 5651 1184 5704 cap.
1223 5636 1311 5690 26.
1345 5637 1549 5690 Omitto
1585 5637 1836 5693 Theodo-

243 5713 486 5776 retum,
541 5703 594 5756 in
641 5718 762 5774 cap.
800 5720 926 5757 xxiv
975 5703 1165 5759 Ezecli.
1226 5706 1587 5776 Hieronymus
1627 5709 1679 5760 in
1738 5708 1839 5759 hoc

242 5772 519 5843 ejusdem
565 5772 838 5842 prophetze
865 5786 1048 5843 caput,
1086 5776 1240 5842 juxta
1270 5772 1581 5831 Graecorum
1618 5777 1838 5829 Patrum

246 5843 788 5912 interpretationem
830 5845 1103 5909 observat,
1142 5843 1307 5901 Deum
1338 5863 1523 5903 vocem
1574 5847 1841 5918 ambigui-

605 5935 871 5998 PATROL.
901 5938 1012 5998 Gn.
1051 5938 1253 5998 XClV.

1938 3766 1993 3807 ut
2034 3755 2257 3807 liberant
2300 3756 2525 3821 Itominis
2562 3768 2797 3810 servetur
2837 3755 3144 3823 arbitrium,
3183 3778 3246 3813 ne
3274 3755 3513 3826 enimat;

1937 3826 2157 3900 scientia
2194 3826 2330 3892 ejus,
2374 3827 2530 3893 quasi
2561 3830 2889 3900 necessitate,
2928 3831 3005 3881 vel
3042 3830 3217 3896 facere
3257 3835 3404 3900 quid,
3436 3836 3514 3888 vel

1937 3912 2042 3967 non
2084 3896 2261 3962 facere
2314 3907 2552 3964 cogatur.
2620 3896 2741 3967 Non
2799 3914 2863 3951 ea:
2910 3915 2969 3950 eo
3000 3901 3137 3967 quod
3200 3896 3336 3955 Deus
3377 3906 3511 3956 sciat

1936 3965 2134 4017 idcirco
2171 3966 2411 4033 futurum
2465 3975 2563 4026 est,
2596 3966 2683 4019 sed
2721 3969 2848 4036 quia
2906 3965 3146 4036 futurum
3211 3982 3309 4032 est.
3375 3972 3512 4028 Deus

1938 4037 2100 4098 novit,
2134 4038 2285 4105 quasi
2313 4037 2455 4089 scius
2495 4038 2818 4103 futurorum.
2872 4039 2929 4091 Id
2966 4041 3108 4104 quod
3129 4048 3268 4096 .ante
3295 4042 3513 4098 dixerat

1938 4105 1991 4178 in
2032 4119 2153 4178 cap.
2183 4122 2335 4178 xxvu
2358 4105 2627 4178 Je‘remiae.
2662 4105 2917 4178 Legenda
2953 4124 3082 4162 vero
3116 4109 3171 4163 in
3210 4112 3403 4178 primis
3427 4124 3511 4167 est

1936 4174 2181 4250 ejusdem
2215 4190 2277 4250 ea
2308 4176 2388 4250 de
2408 4191 2465 4227 re
2490 4175 2729 4250 epistola
2750 4174 2838 4250 ad
2876 4177 3190 4250 Paulinum.
3212 4174 3344 4234 'Hoe
3373 4198 3511 4250 prze-

1937 4246 2129 4298 stituto
2162 4245 2452 4314 principio,
2490 4245 2731 4312 ipsorum
2761 4246 2829 4299 de
2862 4249 3346 4315 praedestinatione
3374 4245 3506 4306 sen-

1939 4317 2103 4386 tentia
2147 4315 2251 4386 alia
2295 4330 2401 4386 non
2444 4326 2564 4386 erat
2594 4317 2662 4367 ab
2695 4330 2757 4368 ea
2802 4332 2966 4385 quam
3019 4316 3255 4386 Prosper
3295 4320 3508 4376 sincere

1938 4384 2105 4437 refert
2133 4385 2360 4451 epistola
2390 4386 2453 4437 ad
2487 4384 2887 4452 Augustinum:
2920 4384 3239 4441 Retracta'tis
3267 4389 3505 4451 priorum

1935 4455 2211 4506 doctorum
2243 4454 2339 4525 hac
2371 4453 2434 4505 de
2476 4470 2530 4505 re
2570 4456 2927 4520 opinionibus,
2972 4459 3173 4525 inquit,
3222 4474 3348 4525 pene
3387 4477 3503 4513 om-

1936 4525 2078 4574 nium
2110 4538 2209 4588 par
2245 4524 2526 4597 invenitur.
2562 4539 2774 4597 unaque
2808 4524 3098 4597 sententia,
3132 4544 3235 4596 qua
3270 4534 3505 4597 proposi-

1938 4603 2045 4644 tum
2069 4602 2116 4644 et
2146 4593 2658 4656 prmdestinationem
2682 4593 2775 4646 Dei
2799 4596 3085 4647 secundum
3112 4593 3502 4663 p'rtvscientiam

1938 4672 2254 4728 receperunt,
2279 4672 2335 4713 ut
2363 4664 2423 4715 ob
2455 4665 2551 4715 hoc
2574 4664 2707 4716 Deus
2734 4680 2862 4717 vasa
2895 4665 3109 4719 honoris
3142 4676 3191 4719 et
3220 4684 3347 4721 vasa
3377 4686 3503 4722 con-

1937 4734 2165 4804 tumelias
2203 4732 2406 4804 fecerit,
2456 4735 2773 4804 quia/inerit
2804 4735 2959 4786 unius
3008 4735 3262 4804 cujusque
3309 4741 3502 4802 prteri-

1934 4802 2091 4865 derit,
2128 4812 2175 4854 et
2202 4802 2300 4875 sub
2332 4803 2442 4865 ipso
2473 4803 2659 4875 gratia:
2712 4803 3005 4871 adjutorio,
3048 4802 3101 4857 in
3132 4802 3236 4874 qua
3285 4808 3498 4875 futurus

1933 4882 2087 4933 esset,
2129 4873 2477 4945 voluntateet
2534 4873 2743 4945 actione
2797 4873 3224 4945 prwviderit.lta
3275 4873 3498 4945 quidem

1933 4950 2144 5017 veteres
2168 4943 2243 5017 illi
2277 4957 2375 5009 pro
2407 4943 2657 5017 libertate
2690 4942 2929 5017 hominis
2959 4942 3502 5017 vindicanda'dispu-

1936 5012 2140 5084 Labant.
2172 5010 2399 5084 Estque
2442 5027 2570 5065 vero
2606 5012 3239 5084 theologicisjejusmodi
3281 5010 3499 5084 placitis

1932 5078 2209 5150 Pelagiani
2241 5078 2400 5134 abusi
2448 5091 2597 5145 sunt,
2628 5091 2687 5134 ut
2715 5078 3113 5152 concluderent
3156 5078 3386 5152 gratiam
3426 5090 3499 5140 ob

1932 5152 2371 5221 meritapetiam
2428 5154 2755 5221 praecognita
2813 5152 2955 5213 dari,
3014 5151 3193 5207 Latini
3242 5155 3497 5211 doctores

1903 5221 2105 5293 'satius
2152 5220 2452 5293 duxerunt,
2489 5222 2627 5274 bona
2666 5236 2833 5293 opera
2886 5222 3086 5293 divina:
3141 5225 3494 5293 praelinitioni

1932 5290 2224 5353 ascribere,
2258 5292 2399 5342 mala
2434 5306 2558 5345 vero
2594 5292 2837 5358 prieseiri
2870 5290 3493 5350 duntaxateoncedere.

1932 5360 2269 5434 $ententiam
2318 5362 2478 5434 hanc,
2529 5360 2758 5434 dimissa
2814 5364 3030 5434 priore,
3073 5364 3357 5434 amplexus
3408 5375 3494 5419 est

1931 5428 2292 5496 Augustinus,
2319 5431 2417 5500 hoe
2446 5432 2689 5497 Apostoli
2724 5428 3039 5486 testimonio
3065 5428 3244 5489 vict'us
3273 5452 3286 5487 :
3315 5453 3332 5485 ι
3360 5434 3492 5500 Quis

1933 5508 1979 5552 te
2007 5500 2255 5574 discernit
2326 5518 2343 5549 ι
2380 5498 2631 5574 Cumt'tac
2661 5501 2723 5553 de
2750 5501 2984 5574 realiter
3009 5519 3264 5570 saperem,
3292 5498 3490 5574 inquit.

1931 5584 2085 5637 quam
2111 5569 2236 5619 mihi
2269 5568 2406 5621 Deus
2438 5572 2491 5621 in
2516 5572 2611 5622 hac
2640 5572 2927 5637 quwstione
2958 5568 3226 5633 solvenda,
3267 5568 3385 5626 cuni
3420 5576 3490 5627 ad

1934 5641 2230 5706 episcopum
2259 5638 2659 5703 Simplicianum
2705 5643 3005 5702 scriberem,
3046 5645 3308 5696 reuelauit.
3344 5645 3489 5698 Inte-

1936 5712 2045 5780 rim
2086 5719 2239 5780 vetus
2294 5710 2481 5778 Opinio
2534 5711 2585 5762 in
2639 5710 2861 5766 Oriente
2911 5716 3312 5780 perseveravit,
3366 5729 3491 5767 eum

1938 5778 2117 5851 nullas
2143 5779 2259 5851 illic
2292 5781 2505 5835 radices
2529 5780 2733 5851 egisset
2769 5778 3092 5851 Pelag—ianus
3115 5797 3270 5835 error
3290 5824 3305 5847 ,
3336 5786 3494 5848 cuius

1940 5848 2007 5901 de
2047 5848 2229 5903 divina
2257 5852 2429 5917 gratia
2468 5853 2641 5915 capita
2675 5850 2846 5904 timavi
2890 5848 2997 5905 non
3032 5861 3325 5916 noverunt,
3358 5864 3491 5907 tam-

2993 5944 3056 6004 ιι
