4180 6450
268 440 373 503 917

1333 433 1424 489 ΗΕ
1462 432 1632 489 FIDE
1662 428 2124 487 ORTIIODOXA
2155 431 2299 489 Llll.
2330 432 2404 489 ll.

3404 434 3468 494 ΟΥ
3479 434 3509 488 θ

259 550 339 620 τῷ
361 548 602 618 αἰσθητῷ
630 566 639 577 ·
672 549 730 598 ὲν
761 547 859 615 μὲν
885 546 993 613 γὰρ
1019 543 1095 612 τῷ
1137 542 1378 612 αἰσθητῷ
1409 544 1499 595 ἐπὶ
1521 543 1622 610 γῆς
1654 551 1677 577 η
1718 557 1821 591 σω-

1940 554 2086 607 luam
2111 556 2377 609 corporeo
2398 544 2724 600 collocarat:
2747 546 3013 615 siquidem
3039 545 3093 598 in
3119 560 3402 613 corporeo,
3421 548 3511 612 qui

266 639 511 709 ματικῶς
566 636 942 705 διαιτώμενος,
974 632 1223 702 ψυχικῶς
1267 635 1380 694 τοῖς
1430 632 1685 700 ἀγγέλοις
1711 648 1837 681 συν-

264 730 646 799 ανεστρέφετο,
709 727 859 788 Θείας
888 724 1150 795 γεωργῶν
1192 724 1420 785 ἐννοίας,
1478 724 1570 775 καὶ
1613 722 1839 783 ταύταις

265 820 595 890 τρεφόμενος
620 835 635 849 ν
665 816 868 886 γυμνὸς
891 818 956 885 τῇ
986 814 1267 884 ἁπλότητι,
1291 814 1383 865 καὶ
1401 813 1509 881 ζωῇ
1535 815 1598 882 τῇ
1621 813 1832 880 ἀτέχνῳ

267 911 400 980 πρὸς
427 910 584 978 μόνον
607 909 696 962 τὸν
723 906 1065 976 Δημιουργδν
1086 906 1180 958 διὰ
1228 904 1336 956 τῶν
1366 904 1684 971 κτισμάτων
1712 904 1841 957 ἀνα-

264 1002 516 1069 γόμενος,
539 1000 636 1053 καὶ¹
675 1002 737 1067 τῇ
764 998 930 1051 αὑτοῦ
958 997 1161 1067 θεωρίᾳ.
1189 993 1577 1065 ἐνηδυνόμενός
1612 1010 1693 1055 τε,
1747 994 1839 1046 καὶ

268 1092 699 1160 εὐφραινόμενος
730 1106 773 1143 τ’.

353 1181 570 1250 Ἐπειδὴ
595 1180 774 1233 τοίνυν
812 1179 975 1232 αὑτὸν
1006 1178 1338 1248 αὑτεξουσίῳ
1382 1179 1649 1248 θελήματι
1686 1195 1828 1245 φυσι-

270 1272 379 1334 κῶς
405 1272 806 1341 κατεκόσμησε,
841 1272 1023 1323 δίδωσι
1056 1272 1216 1339 νόμον
1250 1270 1418 1340 αὐτῷ.
1444 1272 1517 1341 μὴ
1541 1270 1838 1338 γεύσασθαι

268 1362 363 1413 τοῦ
394 1362 551 1426 ξύλου
593 1361 690 1429 τ’ής
730 1360 1005 1427 γνώσεως.
1054 1361 1189 1429 Περὶ
1217 1355 1276 1412 οὗ
1344 1360 1500 1423 ξύλου
1550 1359 1838 1428 αὐταρκῶς

269 1454 328 1503 ἐν
343 1452 420 1521 τῷ
450 1453 575 1521 περὶ
602 1450 936 1521 παραδείσου
976 1450 1274 1518 κεφαλαίῳ,
1320 1448 1460 1501 κατά
1488 1464 1549 1515 γε
1582 1450 1679 1519 τὴν
1702 1451 1839 1516 ἡμε-

268 1542 437 1612 τέραν
464 1543 766 1612 εἰρήκαμεν
790 1541 1039 1609 δύναμιν.
1074 1540 1288 1608 Ταύτην
1325 1539 1423 1608 τὴν
1450 1540 1665 1607 ἐντολὴν
1692 1540 1839 1609 αὐτῷ

270 1632 503 1692 δίδωσιν,
528 1630 1015 1699 ἐπαγγειλάμενος,
1070 1630 1144 1692 ὡς
1193 1632 1241 1682 εί
1280 1631 1379 1698 μὲν
1402 1631 1627 1699 φυλάξοι
1658 1630 1717 1681 τὸ
1743 1631 1839 1698 τῆς

270 1721 445 1789 ψυχῆς
495 1720 731 1790 ἀξίωμα,
796 1719 872 1790 τῷ
915 1720 1059 1790 λόγῳ
1117 1719 1213 1790 τήν
1256 1721 1412 1789 νίκην
1478 1720 1671 1781 διδοὺς,
1720 1719 1839 1769 ἐπι-

281 1810 567 1877 γινώσκων
629 1810 723 1861 τὺν
745 1810 1027 1873 κτίσαντα,
1082 1811 1176 1862 καλ⁸
1233 1810 1425 1863 τούτου
1462 1809 1748 1879 φυλάττων
1778 1810 1839 1861 τὸ

1944 632 1997 685 in
2031 641 2172 687 terra
2201 644 2337 699 erat,
2393 645 2657 705 quantum
2695 637 2761 691 ad
2792 652 2989 706 corpus
3019 636 3242 705 degens,
3298 637 3515 703 spirita-

1944 721 2066 774 liter
2104 738 2226 777 eum
2267 726 2475 795 angelis
2510 728 2855 791 versabatur,
2896 728 3109 783 divinas
3142 729 3507 797 cogitationes

1942 814 2219 877 excoleris,
2253 818 2455 885 quibus
2473 818 2754 873 alebatur:
2786 818 2967 873 nudus
2993 820 3062 873 ob
3086 819 3515 888 simplicitatem,

1941 904 2219 974 vitamque
2270 909 2495 963 minime
2524 908 2781 973 fucatam,
2821 918 2985 979 atque
3014 910 3078 962 ad
3140 911 3314 964 solum
3360 924 3518 961 erea-

1940 990 2111 1047 torem
2140 1009 2236 1062 per
2259 1011 2344 1049 res
2379 997 2446 1049 ab
2469 1012 2534 1050 eo
2560 997 2809 1051 conditas
2831 1013 3146 1066 assurgens,
3181 998 3353 1065 ipsius
3385 1013 3515 1050 Cult-

1941 1082 2308 1149 templationis
2337 1086 2614 1154 voluptate
2639 1085 3037 1154 iucundissime
3067 1085 3374 1137 fruebatur.

2017 1173 2255 1230 Hominis
2281 1176 2333 1228 in
2367 1177 2618 1242 paradiso
2664 1187 2834 1231 status
2864 1186 2912 1230 et
2944 1181 3118 1232 ruina.
3149 1209 3217 1217 —
3251 1176 3515 1242 Quoniam

1942 1268 2122 1335 itaque
2152 1266 2295 1321 Deus
2324 1283 2470 1333 etttu,
2504 1280 2766 1336 quantum
2801 1270 2867 1323 ad
2898 1278 3147 1323 naturam
3180 1270 3252 1322 ita
3284 1284 3519 1323 exorna-

1943 1370 2113 1422 verat,
2148 1367 2205 1411 ttt
2254 1360 2424 1413 libera
2464 1360 2743 1413 voluntate
2797 1362 3055 1431 praulitus
3088 1370 3253 1424 esset,
3304 1361 3442 1413 hanc
3468 1359 3516 1413 ei

1944 1448 2111 1515 legem
2137 1450 2339 1509 sanxit,
2368 1466 2434 1502 ne
2462 1450 2529 1503 de
2568 1451 2814 1504 scientirc
2849 1452 2991 1520 ligno
3025 1457 3305 1515 gustaret:
3329 1451 3391 1504 de
3412 1466 3519 1519 quo

1942 1538 2163 1605 quidem
2226 1537 2375 1606 ligno
2406 1540 2459 1591 in
2505 1541 2683 1608 capite
2751 1540 2816 1591 de
2851 1541 3105 1608 paradiso
3158 1556 3253 1608 pro
3299 1540 3518 1591 modulo

1942 1638 2129 1681 nostro
2159 1630 2291 1682 satis
2329 1629 2602 1683 diximus:
2638 1631 2735 1682 hoc
2771 1644 2933 1697 porro
2960 1630 3271 1683 mandatum
3306 1630 3353 1683 ei
3381 1645 3520 1697 prae-

1942 1720 2232 1775 scribendo
2266 1721 2540 1790 pollicitus
2568 1731 2655 1775 est
2679 1721 2810 1784 lore,
2832 1730 2890 1775 ut
2914 1722 2957 1774 si
2987 1724 3178 1774 animae
3198 1722 3516 1787 dignitatem

1943 1813 2014 1865 ita
2066 1794 2414 1874 custodisset,
2448 1820 2506 1865 ut
2538 1812 2819 1865 victoriam
2857 1814 3057 1865 rationi
3096 1812 3439 1877 conciliaret.
3467 1820 3521 1863 et

273 1902 623 1972 πρόσταγμα,
656 1902 753 1971 τῆς
783 1902 949 1955 ἀϊδίου
991 1902 1203 1972 μεθέξει
1259 1904 1683 1973 μακαριότητος,
1737 1905 1831 1956 καὶ

1940 1903 2121 1973 agnito
2150 1903 2435 1967 Creatore,
2461 1912 2786 1973 pra'ceptum
2812 1903 2932 1971 ejus
2963 1905 3300 1968 observaret,
3319 1913 3516 1957 mterna

273 1992 498 2061 ζήσεται
528 1995 607 2055 είς
644 1993 736 2045 τὸν
764 1994 954 2056 αἰῶνα,
989 1994 1251 2062 κρείττων
1271 1995 1500 2048 θανάτου
1525 1998 1832 2065 γενόμενος·

272 2084 322 2133 εί
355 2083 410 2134 δέ
435 2099 495 2150 γε
521 2084 613 2135 καὶ
651 2085 749 2155 τὴν
775 2084 955 2154 ψυχὴν
988 2085 1245 2151 ὑποτάξει
1293 2085 1370 2156 τῷ
1402 2086 1635 2155 σώματι,
1664 2087 1841 2139 καὶτὰ

272 2172 367 2225 τοῦ
402 2173 651 2243 σώματος
684 2176 1015 2245 προτιμήσει
1043 2177 1273 2247 τερπνὰ,
1310 2178 1404 2248 τὴν
1438 2179 1646 2230 οἰκείαν
1676 2177 1841 2247 τιμὴν
1887 2176 1890 2178 ⁷

271 2264 570 2332 ἀγνοήσας,
606 2266 699 2317 καὶ
729 2269 839 2328 τοῖς
876 2266 1127 2335 ἀνοήτοις
1163 2268 1557 2337 παρεικασθεὶς
1597 2270 1836 2338 κτήνεσι,

271 2350 367 2403 τοῦ
399 2353 761 2422 πεποιηκότος
796 2354 893 2424 τὴν
920 2355 1151 2424 ζεύγλην
1178 2357 1631 2426 ἀποσεισάμενος,
1664 2358 1756 2411 καὶ
1781 2357 1840 2409 τὸ

272 2440 417 2493 θεῖον
440 2442 604 2495 αὐτοῦ
639 2444 884 2512 παριδὼν
912 2444 1211 2516 ἐπίταγμα,
1253 2446 1467 2515 Θανάτῳ
1502 2447 1649 2499 ἔσται
1677 2448 1842 2500 ὑπεύ-

274 2532 452 2596 θυνος,
484 2535 575 2586 καὶ
604 2534 796 2604 φθορᾷ,
843 2536 938 2589 καὶ
971 2536 1116 2607 πόνῳ
1173 2537 1708 2608 καθυποϐληθήσεται
1751 2540 1841 2592 τὸν

273 2623 622 2690 ταλαίπωρον
650 2626 824 2680 ἕλκων
859 2626 993 2696 βίον.
1037 2628 1111 2681 υύ
1146 2628 1254 2698 γὰρ
1279 2624 1345 2697 ἦν
1389 2629 1658 2692 λυσιτελὲς
1683 2631 1841 2683 ἀπεί-

280 2731 473 2782 ραστον
514 2716 592 2768 ἔτι
626 2718 982 2787 τυγχάνοντα,
1008 2721 1102 2771 καὶ
1132 2720 1391 2789 ἀδόκιμον
1424 2731 1471 2783 P,
1496 2720 1596 2789 τῆς
1627 2722 1841 2792 ἀφθαρ-

277 2804 401 2866 σίας
438 2809 642 2875 τυχεῖν,
694 2808 779 2859 ἵνα
821 2808 894 2878 μὴ
920 2811 998 2871 είς
1041 2809 1211 2877 τῦφον
1256 2812 1474 2883 ἐμπέσῃ
1529 2811 1622 2864 καὶ
1667 2816 1840 2883 κρῖμα

274 2893 370 2945 τοῦ
418 2895 667 2948 διαϐόλου
691 2914 702 2926 ’
764 2900 971 2963 ἐκεῖνος
1002 2901 1109 2971 γὰρ
1158 2902 1245 2954 διά
1269 2902 1330 2956 τὸ
1373 2902 1670 2972 ἄφθαρτον,
1701 2905 1839 2975 μετά

273 2985 373 3053 τὴν
422 2988 486 3039 ἐκ
538 2989 906 3059 προαιρέσεως
960 2991 1252 3059 ἔκπτωσιν,
1315 2995 1416 3064 τὴν
1469 2997 1526 3047 ἐν
1572 2996 1648 3065 τῷ
1686 2997 1839 3066 κακῷ

274 3077 687 3149 ἀμεταμέλητον
710 3080 856 3151 ἔσχε,
889 3084 979 3135 καὶ
1000 3084 1266 3154 ἄτρεπτον
1285 3086 1585 3155 παγιότητα
1610 3105 1622 3117 -
1653 3087 1837 3158 ὥσπερ

275 3162 344 3219 αὖ
380 3169 539 3221 πάλιν
559 3169 649 3222 καὶ
678 3172 726 3223 οἱ
760 3172 1006 3240 ἄγγελοι,
1042 3176 1180 3245 μετά
1216 3179 1313 3245 τὴν
1364 3179 1427 3230 ἐκ
1466 3180 1837 3248 προαιρέσεως

1941 1994 2276 2050 beatitudine
2321 1994 2615 2057 frueretur,
2652 2005 2938 2064 morteque
2966 1995 3216 2063 superior
3261 1994 3515 2055 evadens,

1938 2089 1992 2141 in
2023 2102 2184 2141 omne
2220 2102 2391 2140 aevum
2425 2088 2631 2141 viveret
2666 2104 2681 2140 :
2721 2088 2803 2141 sin
2840 2096 3021 2139 autem
3058 2087 3321 2139 honorem
3357 2100 3515 2138 suum

1942 2179 2121 2231 minus
2144 2176 2475 2245 intelligens,
2533 2191 2595 2229 ac
2631 2176 2894 2246 jumentis
2932 2176 3321 2245 insipientibus
3368 2190 3505 2229 com»

1940 2274 2163 2335 paratus
2188 2266 2251 2331 ”,
2281 2279 2512 2320 excusso
2530 2264 2841 2319 Conditoris
2878 2265 3027 2335 jugo,
3059 2264 3513 2331 sanctissiuioqur

1941 2355 2311 2426 ipsiusedicto
2353 2358 2619 2426 neglecto,
2649 2357 2889 2409 animum
2963 2356 3183 2423 corpori
3238 2356 3515 2409 subdere.

1942 2448 2299 2517 corporisque
2322 2448 2630 2516 voluptates
2678 2446 2921 2515 potiores
2974 2447 3217 2510 haberet,
3272 2448 3435 2498 morti
3467 2456 3509 2495 ι’

1942 2538 2283 2608 corruptioui
2351 2538 2505 2593 ﬁeret
2564 2538 2874 2603 obnoxius,
2929 2539 3291 2606 miseramque
3351 2537 3516 2591 vitam

1943 2631 2186 2693 trahens,
2214 2630 2501 2685 laborandi
2522 2631 2832 2684 necessitati
2858 2629 3225 2698 subjiceretur
3246 2630 3309 2681 ³⁸.
3336 2628 3501 2697 Νοψιι

1943 2721 2086 2775 enim
2140 2722 2213 2775 illi
2252 2730 2456 2776 tentato
2490 2722 2898 2787 nondum,,ncc
2928 2722 3213 2790 explorato
3244 2721 3519 2773 immorta-

1942 2813 2147 2865 litalem
2181 2813 2410 2882 adipisci
2446 2812 2812 2875 conducebat,
2847 2828 2914 2867 ne
2946 2811 3015 2865 in.
3055 2811 3395 2880 superbiam,
3434 2813 3520 2865 in—

1940 2918 2046 2973 que
2081 2903 2282 2957 diaboli
2310 2903 2573 2971 judicium
2623 2903 2909 2956 incideret.
2941 2902 3074 2954 Nam
3111 2902 3515 2960 immortalitas.

1938 2986 2159 3064 quaille
2199 2995 2460 3065 praaditus
2495 3002 2632 3060 erat,
2676 2993 2879 3059 etfacit,
2913 3002 2971 3046 ut
3019 2984 3314 3062 postquam
3346 2993 3517 3045 libera

1943 3086 2223 3139 voluntate
2283 3086 2472 3155 lapsus
2521 3094 2646 3149 est,
2690 3084 3084 3138 immutabilem
3135 3082 3417 3152 deinceps.
3468 3092 3522 3135 et

1946 3175 2277 3245 poenitentia:
2303 3185 2580 3244 expertem
2614 3175 2669 3228 iu
2702 3174 2844 3227 malo
2869 3174 3179 3227 ﬁrmitatem
3229 3174 3519 3235 habuerit;

273 3257 374 3325 τῆς
402 3259 603 3330 ἀρετῆς
635 3263 885 3332 ἐκλογὴν,
927 3266 1025 3332 τὴν
1053 3268 1110 3319 ἐν
1143 3265 1218 3336 τῷ
1250 3267 1398 3337 κο.λῴ
1427 3268 1514 3321 διὰ
1548 3269 1645 3339 τῆς
1674 3269 1831 3339 χάρι-

1943 3268 2400 3337 quemadmodum
2461 3281 2653 3321 rursus
2714 3265 2886 3334 angeli
2952 3273 3074 3333 post
3156 3265 3520 3318 voluntariam

274 3365 365 3411 τος
391 3350 785 3424 ἀμετακίνητον
819 3355 1046 3426 ἵδρυσιν.

352 3622 496 3675 Ἔδει
539 3626 714 3677 τοίνυν
746 3629 1006 3699 πρότερον
1065 3630 1461 3700 δοκιμασθέντα
1490 3633 1580 3684 τὸν
1633 3634 1842 3705 ἅνθρω-

276 3729 378 3765 πον
401 3729 414 3743 ·
439 3714 575 3783 ἀνὴρ
606 3715 712 3785 γὰρ
748 3718 1098 3788 ἀπείραστος,
1125 3721 1402 3791 ἀδόκιμος,
1439 3724 1653 3787 οὐδενὸς
1678 3725 1838 3792 λόγου

276 3804 427 3868 ἄξιος
454 3816 508 3854 ιι·
547 3810 641 3858 καὶ
664 3810 728 3877 τῇ
757 3810 923 3879 πείρᾳ
971 3812 1055 3863 διὰ
1091 3812 1188 3880 τῆς
1222 3814 1506 3883 τηρήσεως
1549 3817 1649 3884 τῆς
1700 3818 1839 3869 ἐντο-

274 3894 374 3963 λῆς
402 3896 777 3961 τελειωθέντα,
808 3899 948 3952 οὕτω
992 3901 1091 3971 τὴν
1129 3903 1456 3973 ἀφθαρσίαν,
1514 3906 1711 3976 ἀρετῆς
1748 3924 1837 3959 κο-

278 3986 537 4054 μίσασθαι
565 3988 813 4043 ἔπαθλον.
870 3992 1047 4054 Μέσος
1079 3994 1185 4063 γὰρ
1216 3996 1346 4047 Θεοῦ
1405 3997 1499 4050 καὶ⁵
1527 3998 1657 4068 ὕλης
1684 4000 1837 4066 γενό-

206 4134 211 4137 ν
278 4093 460 4143 μενος,
488 4078 577 4130 διὰ
611 4079 708 4147 μὲν
732 4081 829 4149 τῆς
858 4084 1140 4151 τηρήσεως
1170 4086 1267 4155 τῆς
1293 4088 1535 4157 ἐντολῆς.
1576 4090 1713 4157 μετὰ
1738 4092 1837 4160 τὴν

274 4167 594 4238 ἀπαλλαγὴν
623 4169 719 4237 τῆς
748 4170 883 4240 πρὸς
905 4172 973 4223 τὰ
1004 4173 1129 4225 ὅντα
1152 4178 1384 4245 φυσικῆς
1410 4180 1667 4246 σχέσεως,
1702 4182 1837 4233 ἐνω-

275 4256 390 4319 θεὶς
421 4258 494 4327 τῷ
524 4259 639 4328 Θεῷ
662 4260 780 4312 καθ’
810 4260 943 4326 ἕξιν,
979 4264 1075 4333 τὴν
1093 4267 1218 4334 περὶ
1252 4266 1311 4318 τὸ
1344 4268 1504 4320 καλὸν
1534 4272 1837 4340 παγιότητα

274 4348 573 4415 λαμϐάνειν
611 4352 1010 4421 ἀμετακίνητον
1038 4355 1229 4423 ἔμελλε
1253 4374 1264 4386 ·
1299 4357 1384 4410 διὰ
1407 4360 1463 4411 δὲ
1502 4362 1601 4430 τῆς
1661 4380 1838 4430 παρα-

274 4437 491 4501 ϐάσεως
551 4443 686 4510 πρὸς
734 4444 830 4511 τὴν
889 4444 1021 4514 ὓλην
1078 4448 1279 4515 μᾶλλον
1321 4449 1582 4519 κινηθεὶς,
1611 4453 1836 4523 καὶτῆς

278 4530 441 4581 αὐτοῦ
511 4532 706 4596 αἰτίας,
737 4534 829 4588 τοῦ
858 4536 990 4590 Θεοῦ
1026 4540 1187 4608 φημὶ,
1215 4541 1533 4605 ἀποσπάσας
1564 4544 1653 4595 τὸν
1691 4545 1833 4609 νοῦν,

276 4622 345 4689 τῇ
379 4621 552 4692 φθορᾷ
582 4627 1073 4693 προσοικειοῦσθαι,
1120 4632 1211 4684 καὶ
1251 4632 1491 4703 παθητὸς
1538 4636 1661 4688 ἀντὶ
1690 4637 1837 4689 ἀπα-

277 4709 427 4773 θοῦς,
464 4714 558 4767 καὶ
579 4714 769 4786 θνητὸς
813 4720 933 4771 ἀντὶ
986 4721 1255 4776 ἀθανάτου
1293 4725 1560 4792 γίνεσθαι,
1596 4728 1688 4780 καὶ
1714 4745 1838 4782 συν-

275 4800 541 4870 δυασμοῦ,
584 4806 679 4857 καὶ
730 4810 961 4878 ῥευστῆς
1010 4815 1315 4883 γεννήσεως
1368 4819 1698 4883 ἐπιδέεσθαι,
1745 4822 1839 4874 καὶ

275 4894 344 4961 τῇ
374 4893 555 4960 ἐφέσει
585 4897 685 4965 τῆς
724 4897 887 4968 ζωῆς,
924 4901 1031 4953 τῶν
1059 4905 1157 4972 μὲν
1182 4906 1372 4974 ἡδέων,
1414 4910 1490 4972 ὡς
1524 4910 1682 4979 δῆθεν
1707 4912 1834 4963 ταύ-

275 4998 379 5049 την
402 4986 790 5051 σννιστὼντων,
833 4990 1149 5061 ἀντέχεσθαι
1170 5012 1182 5026 ·
1230 4998 1364 5063 πρὸς
1395 4998 1450 5050 δέ
1483 5000 1608 5062 τοὺς
1630 4999 1836 5053 τούτων

276 5075 765 5145 προμηθουμένους
790 5080 885 5150 τὴν
911 5084 1166 5154 στέρησιν
1198 5088 1368 5151 ἀδεῶς
1396 5090 1830 5159 ἀπεχθάνεσθαι·

276 5163 373 5214 καὶ
402 5164 500 5233 τὴν
527 5166 625 5234 μὲν
673 5168 857 5236 ἔφεσιν
910 5173 973 5224 ἐκ
999 5173 1134 5227 Θεοῦ
1162 5177 1303 5249 πρὸς
1354 5178 1451 5249 τήν
1484 5181 1636 5250 ὕλην,
1670 5185 1761 5235 τὸν
1783 5184 1835 5235 δὲ

276 5250 470 5320 θυμὸν,
502 5254 565 5307 ἐκ
603 5255 695 5308 τοῦ
735 5259 833 5327 τῆς
861 5261 1133 5331 σωτηρίας
1166 5264 1335 5329 ὅντως
1366 5267 1558 5338 ἐχθροῦ
1593 5272 1825 5339 μεταφέ-

355 5424 395 5453 ¹⁸
427 5424 571 5481 Psal.
594 5444 779 5490 mut,
828 5432 911 5485 l3.
995 5436 1036 5466 ιδ
1071 5435 1085 5489 Ι
1118 5435 1255 5491 Tim.
1290 5455 1372 5505 ιιι,
1397 5442 1447 5495 8.

1943 3357 2159 3412 virtutis
2193 3356 2513 3411 electionem
2557 3355 2741 3410 divina
2784 3354 2957 3422 gratia
2998 3354 3053 3407 in
3105 3354 3250 3409 bono
3302 3354 3373 3407 ita
3428 3354 3515 3405 [ixi

1941 3446 2279 3515 stabilitique
2307 3453 2457 3512 sunt,
2495 3445 2643 3499 utab
2670 3460 2736 3500 eo
2774 3444 3089 3501 nullatenus
3121 3445 3233 3514 jam
3258 3443 3517 3497 dimoveri

1941 3545 2161 3606 queant.

2012 3628 2247 3696 Iujunrti
2269 3629 2471 3681 Adamo
2492 3630 2735 3697 pra'cepti
2766 3645 2949 3681 causa.
2974 3657 3037 3667 —
3060 3626 3208 3696 Opus
3226 3634 3342 3680 erat
3359 3626 3521 3694 igitur

1941 3729 1998 3774 ut
2026 3721 2185 3774 homo
2208 3721 2437 3789 primum
2461 3722 2856 3789 exploraretur,
2874 3720 3000 3789 quia
3027 3720 3110 3772 vir
3131 3735 3237 3772 non
3264 3720 3519 3787 probatus

1940 3828 2037 3867 nec
2065 3821 2325 3876 tentatus,
2363 3814 2566 3867 nullius
2605 3814 2759 3881 pretii
2783 3822 2865 3867 est
2916 3814 3001 3878 ¹⁶;
3042 3826 3251 3881 suoque
3300 3812 3517 3879 experi-

1944 3912 2128 3958 mento
2176 3918 2269 3972 per
2314 3903 2565 3971 prmcepti
2609 3903 3041 3957 observationem
3085 3900 3357 3971 perfectus
3390 3915 3519 3953 eva-

1938 3995 2092 4056 dens,
2127 3994 2205 4048 sic
2237 3994 2451 4047 denan
2498 4008 2594 4061 pro
2633 3993 2849 4046 virtutis
2886 3991 3105 4060 praemio
3139 3989 3517 4043 immortalita-

1939 4092 2044 4139 tem
2076 4090 2519 4151 consequeretur.
2566 4080 2698 4134 Nam
2732 4096 2853 4135 cum
2913 4079 3080 4133 Deum
3142 4078 3302 4141 inter,
3352 4086 3521 4137 mater-

1939 4175 2183 4243 riatnque
2225 4173 2399 4227 media
2435 4166 2926 4241 quadam'ratione
2972 4169 3299 4222 constitutus
3351 4179 3517 4226 esset.

1938 4269 2011 4322 ita
2034 4276 2379 4336 comparatus
2402 4274 2539 4330 erat,
2566 4278 2641 4329 ut,
2662 4268 2707 4321 si
2732 4266 2948 4335 quidem
2974 4264 3228 4317 mandato
3248 4262 3517 4331 paruisset

1938 4360 2124 4413 relicta
2157 4359 2392 4411 naturali
2443 4373 2539 4411 sua
2572 4372 2698 4427 erga
2726 4372 2815 4411 res
2848 4365 3060 4410 creatas
3091 4352 3513 4410 necessitudine.

1938 4449 2045 4503 Deo
2091 4450 2398 4503 arctissima
2431 4447 2712 4502 affectione
2750 4447 3055 4516 cepulatus,
3092 4444 3421 4499 immobilem
3464 4442 3517 4493 iu

1939 4522 2084 4594 bene
2115 4539 2437 4607 ﬁrmitatem
2466 4547 2787 4606 accepturus
2821 4545 2963 4590 esset
2996 4554 3007 4588 :
3043 4537 3127 4590 sin
3183 4541 3386 4593 autem,
3435 4532 3516 4584 di-

1944 4630 2064 4682 vina
2090 4630 2203 4698 lege
2239 4629 2455 4692 violata,
2493 4629 2546 4682 in
2580 4643 2666 4683 res
2714 4628 2951 4680 materia:
3003 4627 3292 4679 immersas
3335 4623 3519 4690 prola-

1936 4736 2090 4789 psus,
2122 4730 2358 4774 mentem
2382 4734 2410 4773 a
2439 4719 2548 4773 Deo
2578 4728 2802 4773 auctore
2830 4733 2929 4773 suo
2947 4716 3324 4776 abstraxisset,
3354 4713 3534 4782 202-

1935 4812 2338 4880 corruptionem
2404 4809 2507 4863 sibi
2563 4815 2890 4872 accerseret,
2954 4805 3238 4873 factusque
3283 4815 3380 4871 pro
3412 4800 3515 4852 ini-

1935 4903 2174 4973 passihili
2217 4902 2517 4971 passibilis,
2545 4912 2597 4955 et.
2626 4916 2724 4969 pro
2748 4898 3044 4954 immortali
3083 4894 3349 4956 mortalis,
3378 4906 3510 4946 cou-

1932 4995 2081 5065 jugio
2109 4994 2361 5063 ﬂttxaque
2387 4992 2735 5064 generatione
2757 5006 2893 5061 opus
2923 4989 3145 5043 haberet
3170 5004 3183 5050 ;
3207 5000 3315 5055 quo
3344 4983 3510 5037 ﬁeret.

1940 5093 1995 5139 ut
2024 5086 2093 5139 ob
2132 5087 2256 5139 vitae
2288 5084 2639 5149 desiderium,
2698 5080 3036 5137 delectabilia
3095 5076 3334 5146 quidem,
3370 5074 3505 5127 velut

1938 5191 2055 5230 eam
2102 5176 2307 5231 tuentia
2343 5176 2766 5244 amplexaretur,
2805 5186 2900 5226 eos
2929 5184 3059 5225 vero
3115 5168 3205 5236 qui
3239 5167 3352 5219 haec
3407 5162 3507 5216 siln

1938 5270 2149 5338 eripere
2206 5268 2501 5331 studerent,
2568 5265 2832 5335 pertinaci
2885 5262 3010 5317 odio
3048 5259 3267 5313 haberet
3305 5273 3319 5321 ;
3351 5264 3513 5322 atque

1531 5443 1572 5474 ¹⁶
1614 5444 1797 5499 Ecclc.
1860 5461 2045 5509 xxxrv,
2083 5449 2168 5501 ll.

1545 5596 1778 5651 VARI/IS
1820 5597 2225 5653 LECTlONES.

350 5728 372 5754 η
410 5718 549 5802 ξιιίι.
584 5721 783 5802 yerou.
820 5727 877 5802 ὃς
904 5727 995 5802 ἐπὶ
1026 5730 1147 5797 γῆς.
1226 5739 1249 5765 ο
1278 5730 1471 5784 Noster
1493 5732 1905 5802 σεμνυνόμενος.

1989 5746 2012 5781 Ρ
2040 5733 2102 5785 ll.
2133 5733 2166 5786 9.
2198 5734 2577 5799 ἀδοκίμαστοι
2656 5744 2681 5780 'l
2708 5731 3053 5785 l'at'eulhcsis
3097 5731 3197 5783 ista
3263 5728 3408 5780 abest
3457 5726 3507 5775 in

275 5791 534 5845 omnibus
582 5794 746 5851 l'erme
781 5791 1169 5865 codicibus,'ct
1198 5800 1248 5855 iu
1284 5791 1738 5860 translationibus
1776 5791 2074 5872 Burgundii
2104 5814 2151 5855 et
2189 5791 2363 5856 Fabri:
