4180 6450
196 479 294 544 993

1210 473 1302 527 DF.
1340 470 1506 526 FIDE
1539 467 1978 525 ORTHOlM'iXA
2010 466 2147 522 LIB.
2185 465 2290 520 'lll.

3231 452 3333 516 994

277 583 396 632 Ἰὺπὶ
421 582 473 632 δὲ
509 581 595 632 τοῦ
620 579 814 647 Κυρίου
847 578 997 646 ἡμῶν
1030 576 1198 643 Ἰησοῦ
1230 575 1456 644 Χριστοῦ
1480 575 1575 624 οὐκ
1610 572 1715 621 ἔστι
1747 594 1758 630 λ

1749 579 1789 630 Α
1885 575 1948 621 At
1982 587 2102 622 vero
2132 571 2174 598 “
2209 569 2262 619 in
2296 565 2516 617 Domine
2561 570 2744 614 nostro
2793 560 2927 613 Iesu'
2958 559 3172 611 (lin-isto
3227 576 3331 610 nou

197 673 366 727 κοινὸν
403 668 535 732 εἶδος
581 671 777 722 λαϐεῖν.
816 668 950 718 Οὔτε
1000 669 1103 732 γὰρ
1133 666 1362 730 ἐγένετο,
1402 664 1516 713 οὐδὲ
1548 665 1712 722 ἐστιν,

196 759 313 808 οὔτε
340 759 464 808 ποτὲ
510 760 790 824 γενήσεται
840 755 990 813 ἄλλος
1024 754 1248 822 Χριστὸς
1277 753 1338 802 ὲκ
1369 749 1609 816 θεότητός
1658 764 1714 796 τε

198 849 289 896 καὶ
333 846 770 912 ἁνθρωπότητος,
831 848 886 895 ὲν
949 843 1156 908 θεότητι
1203 841 1293 890 καὶ
1328 837 1712 904 ἁνθρωπότητι,

196 934 325 992 θεὸς
350 933 545 993 τέλειος
569 934 598 983 ό
628 933 803 992 αὐτὸς,
835 932 924 982 καὶ
947 929 1221 995 ἄνθρωπος
1254 925 1468 984 τέλειος.
1510 922 1714 972 Ἐντεῦ-

199 1022 289 1069 θεν
337 1021 432 1071 οὐκ
490 1021 632 1071 ἐστιν
692 1021 859 1070 εἰπεῖν
915 1018 1039 1083 μίαν
1074 1017 1230 1081 φύσιν
1258 1014 1348 1064 ἐπὶ
1387 1013 1477 1063 τοῦ
1520 1011 1716 1077 Κυρίου

199 1107 351 1174 ἡμῶν
388 1107 555 1174 Ἰησοῦ
589 1105 841 1173 Χριστοῦ,
872 1104 1053 1171 ὥσπερ
1085 1103 1171 1152 ἐπὶ
1217 1101 1307 1152 τοῦ
1352 1101 1548 1165 ἀτόμου
1589 1097 1610 1131 ιι
1657 1098 1719 1147 ὲκ

197 1194 374 1262 ψυχῆς
413 1196 503 1246 καὶ
527 1195 768 1260 σώματος
807 1193 1178 1258 συγκειμένου,
1217 1191 1356 1240 οὕτω
1394 1191 1482 1240 καὶ
1508 1188 1595 1238 ἐπὶ
1628 1185 1718 1237 τοῦ

202 1287 432 1354 Χριστοῦ
464 1287 524 1357 'er.
546 1284 787 1349 θεότητος
842 1281 932 1331 καὶ
981 1280 1402 1347 ἁνθρωπότητος.
1451 1277 1592 1326 Ἐκεῖ
1625 1275 1720 1342 μὲν

202 1380 309 1446 γὰρ
334 1379 548 1440 ἄτομον,
575 1374 602 1420 ὁ
625 1371 679 1420 δὲ
708 1368 933 1432 Χριστὸς
963 1367 1059 1417 οὐκ
1088 1367 1280 1432 ἄτομον
1302 1380 1314 1392 ·
1340 1364 1456 1413 οὐδὲ
1477 1364 1581 1428 γὰρ
1615 1361 1722 1426 ἔχει

205 1445 667 1530 κατηγορούμενον
729 1451 861 1512 εἶδος
911 1452 1283 1519 Χριστότητος.
1317 1449 1403 1498 Διὸ
1427 1448 1488 1514 δὴ
1525 1450 1585 1497 ὲκ
1636 1445 1724 1496 δύο

198 1552 415 1617 φύσεων
471 1544 706 1604 τελείων,
739 1541 882 1600 θείας
937 1556 992 1589 τε
1026 1539 1118 1589 καὶ
1162 1536 1519 1603 ἀνθρωπίνης,
1553 1533 1725 1599 φαμὲν

205 1622 521 1706 γεγενῆσθαι
542 1634 637 1700 τὴν
659 1632 874 1681 ἕνωσιν·
912 1629 970 1678 οὐ
1019 1625 1155 1676 κατά
1198 1624 1429 1690 φυρμὸν,
1463 1623 1494 1689 ἢ
1535 1621 1726 1685 σύγχυ-

207 1744 312 1787 σιν,
351 1725 384 1792 ἢ
414 1723 706 1787 σύγκρασιν
734 1717 776 1778 ι,
803 1717 835 1783 ἢ
868 1715 1181 1786 ἀνάκρασιν,
1215 1713 1286 1769 ὡς
1308 1713 1334 1760 ὁ
1359 1710 1607 1777 θεήλατος
1627 1707 1725 1773 ἔφη

205 1815 511 1882 Διόσκορος,
553 1807 849 1874 Εὑτυχήςω
889 1820 968 1862 τε,
1007 1804 1096 1852 καὶ
1135 1800 1382 1866 Σευῆρος,
1412 1797 1501 1848 καὶ
1542 1799 1574 1863 ἡ
1610 1795 1729 1845 τού-

1820 667 1991 724 potest
2025 657 2193 722 accipi
2224 652 2523 707 communis
2557 649 2780 716 spe.ies.
2815 648 2993 714 Neque
3023 647 3164 698 enim
3197 643 3329 702 fuit.

1823 762 1917 796 uec
1946 756 2028 796 est
2054 784 2066 805 ,
2097 758 2191 793 nec
2221 755 2454 807 unquam
2487 738 2588 790 erit
2619 737 2757 788 alius
2787 735 3030 789 Christus
3055 749 3116 784 ex
3144 733 3333 784 deitate

1819 841 1872 883 ct
1905 831 2266 887 humanitate,
2303 828 2464 892 inque
2506 823 2700 874 deitatc
2742 831 2793 873 et
2833 820 3164 871 humanitate
3197 818 3333 868 idem

1822 919 2087 984 perfectus
2121 915 2259 966 Deus
2280 951 2294 975 ,
2318 922 2370 965 et
2401 909 2672 978 perfectus
2707 911 2880 958 homo.
2912 907 3040 955 lline
3075 907 3159 966 lit,
3196 912 3251 954 ut
3283 903 3332 953 in

1823 1006 2044 1056 Domino
2073 1010 2259 1055 nostro
2288 999 2416 1051 Jesu
2463 997 2675 1048 Christo
2723 1004 2908 1043 natura
2960 1006 3062 1041 una
3111 990 3334 1042 dicenda

1824 1108 1928 1145 non
1963 1093 2068 1161 sit,
2100 1100 2152 1142 ut
2187 1089 2371 1141 eodem
2404 1085 2565 1136 modo
2595 1083 2658 1133 de
2692 1081 2904 1131 Christo
2935 1080 3024 1144 qui
3058 1094 3119 1128 ex
3147 1079 3338 1129 dcitate

1825 1190 1877 1235 et
1906 1180 2236 1232 humanitate
2263 1175 2590 1240 compositus
2616 1176 2695 1222 cst
2718 1208 2730 1229 ,
2762 1169 3058 1233 loquamur,
3087 1165 3245 1215 veluti
3274 1163 3339 1215 de

1827 1269 2104 1321 individuo
2134 1265 2273 1331 quod
2307 1274 2528 1326 corpore
2560 1267 2612 1310 et
2643 1257 2816 1306 anima
2852 1262 3078 1305 constat.
3111 1242 3238 1301 'lllic
3269 1251 3339 1301 si-

1826 1354 2040 1420 quidem
2076 1349 2409 1400 individuum
2452 1357 2567 1406 est;
2619 1352 2672 1394 at
2716 1341 2960 1393 Christus
3010 1351 3339 1402 nequaquam

1827 1453 1909 1493 est
1938 1437 2269 1491 individuum
2302 1453 2313 1485 :
2347 1446 2517 1498 neque
2563 1431 2701 1481 enim
2750 1426 3115 1484 Christitatis,
3166 1431 3221 1474 ut
3273 1424 3342 1473 ita

1829 1530 2001 1580 dicam
2023 1569 2036 1589 ,
2067 1524 2296 1592 speciem
2331 1518 2596 1587 ejusmodi
2635 1517 2825 1574 habet,
2855 1514 2918 1565 de
2947 1529 3048 1579 qua
3094 1512 3344 1578 pra-dicc-

1830 1628 1932 1670 tur.
1964 1619 2037 1666 Ac
2068 1613 2292 1682 proinde
2335 1625 2395 1661 ex
2439 1608 2647 1661 duabus
2690 1605 2894 1656 naturis
2926 1602 3176 1668 perfectis
3202 1639 3214 1663 ,
3248 1602 3346 1650 hoc

1831 1715 1911 1759 est
1933 1744 1945 1765 ,
1978 1705 2157 1756 divina
2184 1713 2236 1753 et
2263 1701 2528 1760 humana,
2559 1695 2812 1746 unionem
2843 1705 2963 1743 esse
2994 1689 3185 1740 factam
3215 1689 3343 1738 dici—

1833 1809 1950 1846 mus
1972 1830 1985 1852 ,
2019 1807 2123 1843 non
2158 1789 2220 1838 ad
2259 1787 2470 1837 modum
2505 1779 2904 1849 eonspersionis
2926 1818 2939 1840 ,
2973 1791 3069 1828 nec
3099 1789 3191 1840 per
3218 1788 3349 1825 con-

205 1864 218 1865 κ
404 1864 416 1882 .
473 1864 510 1871 --
695 1864 724 1873 ,-
748 1864 783 1874 .κ
1261 1864 1284 1866 ,_

205 1920 314 1952 των
336 1899 528 1966 ἐναγὴς
554 1894 826 1962 συμμορία
852 1908 863 1919 ·
898 1891 1014 1942 οὐδὲ
1066 1888 1434 1957 προσωπικὴν,
1467 1885 1498 1951 ἢ
1556 1899 1730 1950 σχετι-

1761 1876 1803 1929 Β
1833 1883 2136 1939 fusionem,
2166 1877 2245 1927 vel
2275 1871 2695 1926 eonnnistionem
2718 1907 2732 1929 ,
2763 1875 2853 1918 aut
2881 1864 3310 1932 temperationem
3333 1898 3349 1921 ,

205 1987 329 2056 κῆν,
361 1985 532 2053 ἢκατ⁹
551 1982 722 2044 ἀξίαν,
762 1981 794 2048 ἢ
844 1975 1240 2036 ταυτοὸουλίαν,
1288 1973 1320 2041 ἢ
1367 1967 1732 2038 ὁμοτιμίαν,ἢ

205 2054 541 2142 ὁμωνυμίαν,
568 2071 600 2139 ἢ
632 2068 894 2127 εὐδοκίαν,
929 2065 1002 2125 ὡς
1033 2065 1059 2113 ό
1092 2060 1380 2126 θεοστυγὴς
1408 2057 1506 2123 ἔφη
1540 2054 1737 2106 Νεστό-

211 2179 348 2232 ριος,
412 2160 666 2227 Διόδωρός
714 2173 794 2219 τε,
847 2156 938 2220 καξι
983 2155 1010 2203 ὁ
1042 2148 1406 2218 Mod/euentu;
1447 2145 1734 2211 Θεόδωρος,

209 2252 304 2304 καὶ
331 2253 362 2318 ἡ
394 2250 593 2302 τούτων
618 2244 963 2313 δαιμονιώδης
983 2244 1261 2310 ὁμήγυρις,
1285 2237 1418 2290 ἀλλά
1447 2234 1583 2288 κατά
1615 2233 1736 2284 σύν-

208 2341 382 2401 θεσιν,
408 2339 570 2407 ἧγουν
594 2335 711 2389 καθ’
743 2333 1050 2390 ὑπόστασιν,
1090 2327 1386 2395 ἀτρέπτως,
1435 2323 1527 2374 καὶ
1576 2322 1740 2385 ἀσυγο

209 2427 410 2497 κύτως.
446 2426 537 2478 καὶ
565 2423 948 2483 ἀναλλοιώτως,
981 2419 1069 2470 καὶ
1092 2413 1430 2483 ἀδιαιρέτως.
1463 2411 1553 2460 καὶ
1591 2409 1739 2460 ἀδιαο

213 2525 448 2585 οτάτως,
496 2521 590 2574 καὶ
620 2523 676 2571 ὲν
702 2516 818 2569 δυσὶ
851 2515 1038 2581 φύσεσι
1068 2511 1279 2569 τελείως
1321 2506 1584 2573 ἐχούσαις,
1617 2502 1741 2570 μίαν

213 2615 509 2666 ὑπόστασιν
535 2606 892 2676 ὁμολογοῦμεν
918 2602 1010 2654 τοῦ
1052 2601 1179 2652 Υἱοῦ
1210 2596 1300 2650 τοῦ
1336 2594 1491 2656 Θεοῦ,
1523 2593 1616 2644 καὶ
1660 2607 1743 2641 σε-

215 2699 584 2770 σαρκωμὲνου,
617 2697 714 2763 τὴν
738 2693 899 2759 αὐτὴν
921 2691 1206 2769 ὑπόστασιν
1228 2685 1468 2751 λέγοντες
1505 2681 1599 2747 τῆς
1629 2678 1742 2728 θεόν

214 2761 378 2858 τητος
412 2761 518 2838 ’καὶ
708 2761 1110 2851 ἀνθρωπότητος
1160 2772 1341 2836 αὑτοῦ,
1395 2773 1486 2822 καὶ
1527 2770 1623 2828 τάς
1657 2767 1748 2816 δύο

213 2853 408 2948 φύσεις
458 2871 830 2944 ὁμολογοῦντες
890 2865 1149 2929 σώζεσθαι
1195 2863 1249 2913 ὲν
1300 2858 1446 2926 αὒτῷ
1492 2855 1624 2923 μετά
1653 2853 1748 2919 τὴν

215 2946 444 3019 ἐνωσιν·
481 2965 577 3015 οὐκ
636 2960 737 3029 ίδίᾳ.
779 2959 870 3009 καὶ
927 2954 1189 3029 ἀναμέρρς
1234 2949 1469 3007 τιθέντος
1498 2946 1746 3003 ἑκάστην,

216 3056 333 3110 ἀλλ’
373 3049 650 3121 ἡνωμένας
678 3047 926 3112 ἀλλήλαις
953 3045 1008 3095 ὲν
1036 3045 1102 3111 τῇ
1139 3040 1232 3107 μιᾷ
1254 3035 1485 3102 συνθέτῳ
1518 3031 1749 3083 ὑποστά-

219 3163 326 3198 σει.
352 3119 592 3207 Ούσιῶδη
624 3139 729 3205 γάρ
758 3151 933 3202 φαμεν
965 3133 1058 3199 τὴν
1090 3130 1298 3188 ἕνωσιν,
1330 3122 1600 3175 τουτέστιν
1625 3119 1753 3187 ἀλη-

219 3237 315 3301 Θῆ,
340 3233 432 3284 καὶ
463 3231 520 3282 οὑ
551 3206 690 3280 κατὰ
719 3222 1029 3292 φαντασίαν.
1064 3216 1300 3282 υὺσιώδη
1333 3213 1409 3273 δὲ,
1435 3211 1531 3278 οὐχ
1553 3210 1627 3269 ὡς
1650 3206 1754 3258 τῶν

218 3320 318 3387 δύο
348 3317 555 3385 φύσεων
626 3307 1028 3366 ἀποτελεσασῶν
1084 3305 1207 3373 μίαν
1266 3299 1514 3352 σύνθετον
1573 3295 1755 3363 φύσιν,

222 3384 344 3461 ἀλλ’
363 3382 664 3458 ⁷ὲνωθιεισίθν
693 3399 943 3466 ἀλλήλαις
967 3397 1085 3447 κατ’
1108 3391 1354 3460 ἀλήθειαν
1381 3392 1458 3448 εις
1483 3387 1606 3455 μίαν
1633 3382 1757 3434 61:6-

182 3516 183 3519 ‘
226 3513 418 3550 στασιν
471 3492 716 3545 σύνθετον
762 3489 855 3540 τοῦ
911 3485 1034 3537 Υίοῦ
1073 3482 1164 3535 τοῦ
1194 3479 1348 3542 Θεοῦ,
1382 3477 1470 3529 καὶ
1499 3472 1758 3534 σώζεσθαι

225 3585 409 3638 αὐτῶν
451 3583 548 3651 τὴν
583 3579 806 3646 ούσιώδη
853 3573 1109 3642 διαφορὰν
1164 3566 1477 3638 ὁριζόμεθα.
1532 3562 1602 3614 Τὸ
1656 3561 1761 3627 γὰρ

229 3673 464 3734 κτιστὺν,
504 3670 772 3739 μεμένηκε
812 3665 1043 3724 κτιστὺν,
1085 3662 1178 3712 καὶ
1210 3660 1268 3709 τὸ
1308 3659 1575 3713 ἄκτιστον,
1610 3651 1761 3703 ἄκτι-

229 3778 378 3814 στυν.
421 3759 492 3809 Τὸ
539 3757 725 3825 θνητὸν
773 3754 949 3823 ἔμεινε
981 3749 1189 3818 θνητὸν,
1242 3746 1332 3796 καὶ
1380 3743 1440 3794 τὸ
1467 3741 1760 3795 ἀθάνατον,

229 3849 497 3902 ἀθάνατον
519 3861 532 3874 ⁸
566 3821 1029 3911 τὸίπεριγραπτὸν,
1062 3830 1457 3900 περιγραπτόνο
1483 3827 1541 3876 τὸ
1573 3821 1762 3889 ἀπερί-

229 3950 497 4005 γραπτον,
526 3907 921 4000 ἀπερίγρατττον
940 3942 952 3956 ·
979 3926 1036 3975 τὸ
1065 3922 1251 3989 ὁρατὸν
1274 3956 1288 3979 ,
1324 3915 1532 3984 ὁρατὸν,
1583 3909 1672 3962 καὶ
1706 3907 1766 3959 τὸ

227 3999 484 4095 ἀόρατον,
513 4023 764 4087 ἀόρατον·
796 4036 812 4066 ι
837 4017 907 4065 Τὸ
942 4014 1036 4079 μὲν
1061 4010 1346 4074 διαλάμπει
1373 4005 1478 4062 τοῖς
1510 3999 1764 4085 θαύμασι,

240 4115 306 4167 τὸ
329 4113 384 4165 δὲ
408 4115 523 4171 ταῖς
553 4110 764 4174 ὕϐρεσιν
797 4101 1196 4153 ὑποπὲπτωκεν.
1237 4112 1256 4142 ι
1650 4079 1656 4085 ’

239 4205 364 4260 vari
385 4199 690 4252 statuimus.
726 4191 856 4243 Nam
882 4193 1120 4240 creatum
1157 4178 1354 4232 mansit
1377 4174 1516 4242 quod
1544 4186 1601 4224 cr

238 4297 368 4354 cst,
415 4283 695 4339 mortalem
732 4274 1062 4345 permansit,
1117 4278 1169 4320 et
1205 4263 1508 4317 immortale
1559 4255 1699 4324 quod
1743 4247 2083 4303 immortale;

1381 4353 1386 4354 κ
1679 4344 1688 4353 .
1727 4341 1759 4354 ..
1786 4340 1814 4354 ..
1948 4334 2079 4354 ψη,

1749 4340 1885 4400 bile,
1941 4334 2080 4404 quod
2118 4328 2324 4382 visibile
2351 4343 2365 4388 ;
2397 4332 2445 4376 et
2518 4316 2784 4371 invisibile
2822 4353 2836 4377 ,
2893 4312 3031 4380 quod
3097 4308 3400 4363 invisibile:

243 4372 772 4438 incircumscriptum
795 4405 810 4427 ,
851 4362 990 4430 quod
1024 4353 1586 4421 incircumscriptum;
1642 4343 1740 4395 visi

248 4491 272 4525 σ
303 4465 482 4522 Unum
514 4461 724 4529 quidem
758 4457 945 4509 horum
975 4457 1221 4504 coruscat
1265 4445 1538 4499 miraculis
1565 4483 1579 4506 ,
1632 4436 1776 4490 aliud
1814 4426 2116 4485 succumbit
2143 4420 2357 4489 injuriis

1464 4489 1770 4595 αὑτοῦγάρ
1802 4532 1844 4583 D
1937 4511 2349 4571 Communicatio
2379 4505 2702 4557 idiomatum.
2728 4526 2792 4535 —
2815 4494 3041 4547 Verbum
3069 4504 3251 4558 porro,
3282 4489 3403 4554 quia

315 4554 620 4610 υίκειοῦται
644 4551 698 4601 δὲ
723 4549 789 4598 τά
822 4544 1128 4612 ἀνθρώπινα
1163 4544 1190 4592 ὁ
1231 4539 1421 4602 Λόγος·

245 4609 370 4701 ἐστι
396 4643 462 4694 τά
485 4644 581 4709 τῆς
609 4624 786 4702 ἁγίας
809 4609 968 4685 αὑτοῦ
1022 4629 1218 4696 σαρκὸς
1246 4625 1370 4676 ὄντα
1391 4638 1403 4651 ·
1448 4609 1534 4672 διαὶ
1568 4613 1777 4684 μεταδί-

247 4739 385 4788 εωσι
412 4741 440 4770 ³
462 4702 708 4797 τῇσαρκὶ
727 4723 832 4773 τῶν
856 4721 1014 4778 ἰδίων,
1034 4716 1171 4767 κατὰ
1202 4717 1287 4766 τὸν
1315 4711 1625 4766 ἀντιδόσεως
1647 4702 1777 4771 τρό-

250 4841 378 4884 πον,
409 4792 631 4885 διὰ-*τὴν
656 4818 733 4875 εἰς
764 4811 961 4877 ἄλληλα
990 4808 1096 4876 (12)
1134 4805 1239 4857 τῶν
1277 4801 1454 4870 μερῶν
1488 4792 1794 4865 περιχὼρη-

1400 4908 1538 4960 Max.
1574 4907 1675 4957 loc.
1712 4903 1804 4954 cit.
1840 4915 1891 4966 p.
1918 4896 2039 4948 277.
2096 4891 2156 4966 _"
2185 4887 2357 4966 Procl.
2391 4882 2550 4966 epist.
2573 4876 2610 4928 2
2634 4871 2710 4924 Ad
2740 4871 2883 4920 Amr.

1633 4947 1676 5004 ἶί
1837 4947 1991 5034 papa,
2030 4961 2185 5029 epist.
2221 4955 2305 5020 10,
2364 4947 2480 5017 cap.
2507 4947 2559 4999 4.

323 4932 370 4961 ⁵⁸
403 4926 674 4986 Leontius,
704 4933 866 4974 contr.
902 4919 1014 4973 Seu.
1044 4928 1116 4986 et,
1135 4913 1349 4986 Eutych.

253 5004 408 5055 hom.
457 4997 507 5050 5.
544 4993 751 5045 Videsis
801 4989 866 5041 ad
894 5003 943 5040 e.
983 4987 1048 5037 65
1100 4985 1316 5035 Dialect.
1357 4991 1535 5045 supra.

1833 1963 2284 2036 quemadmodum
2316 1961 2406 2011 ille
2439 1955 2688 2008 Numinis
2715 1961 2791 2006 ira
2832 1953 3104 2004 immissus
3135 1950 3349 2001 Diosco-

1835 2072 1959 2119 rus,
2005 2051 2272 2119 Eutychcs
2318 2049 2476 2107 item,
2525 2052 2577 2096 et
2623 2041 2888 2102 Severus,
2933 2041 3127 2104 quique
3181 2037 3353 2101 impia:

1834 2159 2020 2198 eorum
2046 2140 2240 2194 classis
2265 2145 2427 2199 sunt,
2455 2139 2802 2187 asseruerunt
2827 2148 2840 2181 :
2868 2143 2964 2180 nec
2991 2126 3314 2193 personalein
3336 2161 3352 2181 ,

1836 2242 1927 2284 aut
1958 2228 2252 2284 secundum
2284 2223 2598 2277 relationem
2620 2258 2635 2282 ,
2667 2226 2758 2271 aut
2787 2218 2841 2268 in
2867 2216 3091 2268 .ratione
3127 2211 3355 2280 dignita-

1837 2322 1905 2374 tis
1927 2360 1942 2382 ,
1973 2325 2067 2370 aut
2098 2318 2150 2369 in
2187 2329 2294 2367 una
2320 2300 2615 2365 voluntatis
2651 2305 3077 2373 conspiratione,
3123 2311 3216 2353 aut
3257 2301 3350 2351 ho-

1837 2409 1986 2463 noris
2014 2405 2302 2473 qualitate,
2332 2408 2425 2452 aut
2453 2399 2636 2452 eadem
2669 2410 2731 2448 ac
2760 2394 3058 2462 promiscua
3084 2405 3358 2455 nuncupa-

1837 2501 2011 2559 tione,
2045 2503 2138 2548 aut
2165 2490 2535 2546 benevolentia
2583 2486 2850 2554 positam,
2897 2489 2954 2534 ut
3002 2480 3107 2532 Deo
3154 2479 3360 2530 invisus

1838 2585 2116 2641 Nestorius
2137 2621 2151 2646 ,
2184 2579 2555 2642 Diodorusque
2578 2580 2676 2644 ,Iet
2711 2566 3155 2637 Mepsuestiensis
3185 2564 3366 2616 Theo-

1843 2676 2035 2734 dorus,
2069 2685 2190 2723 cum
2218 2667 2480 2720 diabolica
2515 2677 2610 2714 sua
2637 2668 2848 2712 caterva
2880 2665 3235 2709 censuerunt:
3272 2651 3363 2704 sed

1843 2778 1936 2830 per
1957 2758 2398 2826 compositionem
2419 2792 2433 2815 ,
2458 2752 2559 2802 hoc
2578 2757 2659 2802 est
2683 2745 2976 2800 secundum
3002 2740 3329 2810 hypostasim
3349 2775 3364 2797 ,

1846 2853 1963 2907 sine
1994 2849 2103 2902 ulla
2133 2837 2484 2898 conversione
2506 2878 2520 2899 ,
2554 2850 2650 2887 nec
2680 2832 2994 2886 confusione
3016 2868 3029 2893 ,
3065 2842 3162 2880 nec
3196 2832 3367 2877 muta-

1848 2942 1991 2992 tione
2013 2977 2026 2999 ,
2057 2947 2157 2986 nec
2190 2928 2453 2982 divisione
2476 2961 2489 2984 ,
2522 2935 2619 2973 nec
2644 2918 2901 2971 distantia
2921 2956 2935 2978 ,
2970 2916 3129 2980 inque
3163 2909 3366 2961 duabus

1847 3022 2100 3094 perfectis
2130 3017 2338 3072 naturis
2370 3027 2528 3064 unam
2558 3009 2677 3061 Filii
2710 3007 2799 3059 Dei
2849 3012 2901 3057 et
2953 2999 3213 3054 inearnati
3249 3011 3369 3064 pcr-

1851 3126 2036 3167 sonam
2071 3101 2390 3160 confitemur
2439 3099 2522 3162 ‘7;
2572 3109 2732 3147 unam
2789 3093 3030 3143 dicentes
3077 3084 3372 3138 divinitatis

1854 3200 2023 3266 ipsius
2052 3202 2105 3247 et
2135 3186 2491 3242 humanitatis
2526 3180 2856 3249 hypostasim
2879 3215 2893 3236 ,
2926 3175 3084 3242 208
3116 3172 3248 3225 duas
3278 3183 3374 3220 au-

1854 3264 1960 3338 tem
1991 3289 2110 3349 post
2142 3276 2439 3331 unitionem
2471 3279 2690 3323 naturas
2719 3268 2772 3318 in
2803 3267 2917 3330 ipso
2945 3264 3237 3313 incolumes
3261 3270 3376 3309 ser-

1857 3373 1969 3426 vari
2002 3371 2356 3423 confitentes:
2398 3375 2502 3413 non
2536 3359 2607 3410 ita
2647 3364 2821 3407 tamen
2865 3358 2927 3400 ut
2967 3357 3243 3413 utramque
3283 3345 3380 3395 ha-

1856 3476 1973 3513 rum
2007 3456 2230 3511 :eorsim
2265 3460 2559 3519 ponamus,
2611 3455 2792 3494 verum
2818 3441 2893 3516 ~in
2951 3451 3052 3486 una
3083 3431 3381 3498 composita

1859 3561 2086 3616 persona
2135 3510 2282 3595 inter
2331 3552 2387 3590 se
2436 3532 2732 3600 copulatas.
2779 3510 3191 3578 substantialcm
3241 3519 3382 3570 enim

1858 3652 1980 3693 esse
2014 3636 2152 3686 hanc
2181 3630 2433 3682 unionem
2470 3622 2699 3676 dicimus
2722 3658 2735 3680 ,
2789 3617 2889 3667 hoc
2939 3620 3021 3666 est
3047 3648 3060 3672 ,
3110 3623 3287 3660 veram
3334 3614 3388 3658 et

1861 3739 1964 3778 non
2017 3715 2407 3784 imaginariam.
2457 3703 2877 3760 Substantialem
2933 3707 3109 3750 autem
3157 3695 3235 3756 ⁸⁸,
3283 3708 3388 3745 non

1862 3807 2002 3878 quod
2028 3805 2144 3858 duae
2174 3811 2379 3854 natura:
2408 3808 2566 3848 unam
2603 3788 2949 3857 compositam
2985 3793 3229 3836 naturam
3255 3779 3388 3832 effe-

1865 3868 2069 3958 cerint;
2104 3890 2194 3944 sed
2221 3888 2362 3956 quod
2394 3886 2446 3936 in
2474 3879 2775 3953 unam.Filii
2803 3876 2892 3928 Dei
2926 3872 3275 3939 compositam
3300 3868 3392 3934 hy-

1872 3983 2130 4054 postasim
2164 3980 2302 4030 inter
2331 3988 2387 4027 se
2414 3972 2576 4022 unita:
2602 3969 2728 4020 sint.
2774 3965 3026 4027 Quinimo
3063 3957 3394 4012 substantia-

1870 4077 1970 4127 lem
1993 4083 2176 4124 carum
2203 4061 2556 4116 differentiam
2581 4059 2841 4122 integram
2865 4062 2917 4103 et
2940 4050 3261 4102 incolumem
3293 4059 3398 4098 ser-

1604 4175 1782 4222 eatum
1823 4169 1938 4220 est,
1978 4166 2028 4212 et
2058 4157 2390 4210 increatum,
2423 4145 2570 4214 quod
2607 4145 2903 4194 increatum
2933 4155 2947 4201 ;
2997 4135 3139 4203 quod
3178 4133 3400 4186 mortale

2145 4235 2610 4299 circumscriptum
2633 4269 2648 4291 ,
2706 4227 2847 4294 quod
2884 4223 3358 4288 circumscriptum
3384 4264 3400 4285 ,

2385 4417 2450 4466 b9.
2490 4433 2507 4462 ,

1881 4610 2048 4681 ipsius
2077 4609 2238 4665 sunt,
2263 4613 2379 4667 quae
2411 4599 2614 4648 sancta:
2646 4588 2765 4655 ejus
2799 4584 2977 4638 carnis
3010 4588 3166 4640 sunt,
3197 4592 3258 4630 ea
3291 4591 3407 4642 quae

1885 4664 2205 4752 humanitati
2227 4664 2599 4742 conveniunt,
2632 4675 2735 4729 sibi
2787 4672 3023 4724 vindicat
3044 4708 3056 4731 ,
3089 4676 3142 4720 et
3171 4664 3407 4718 vicissim

1894 4783 2040 4840 carni
2063 4821 2078 4845 ,
2112 4793 2229 4848 qua:
2267 4788 2364 4829 sua
2398 4765 2559 4829 sunt,
2590 4760 2863 4828 impertit;
2896 4758 2988 4809 illo
3037 4755 3286 4806 nimirum
3335 4750 3411 4799 al-

2983 4867 3026 4897 ⁸⁸
3088 4864 3244 4930 Grcg.
3281 4859 3408 4911 Naz.

1494 5084 1722 5141 VARUE
1759 5075 2145 5134 LECTIONES.

336 5205 363 5242 ιι
395 5202 449 5253 In
481 5197 599 5251 cod.
633 5194 690 5246 S.
725 5191 829 5243 llil.
858 5191 984 5256 Reg.
1009 5189 1094 5251 10,
1120 5186 1271 5239 Coll).
1304 5184 1356 5243 5,
1382 5191 1431 5234 et
1458 5180 1521 5230 N.
1553 5175 1771 5229 omissis
1797 5170 2097 5285 Gqﬂe%ém
2125 5170 2166 5241 ἀς

336 5275 349 5285 -
478 5284 484 5285 κ
553 5274 625 5285 ---
727 5261 739 5285 ι
777 5260 926 5285 n..-...
959 5259 1009 5285 :..
1049 5271 1153 5285 ..η-ο
1210 5254 1238 5285 ιιι
1275 5253 1570 5285 ηιιννηηηου
1648 5257 1745 5285 nec
1784 5241 1953 5285 legit.
2007 5243 2122 5285 etus
2156 5245 2166 5279 1

727 5261 742 5296 1
777 5234 1011 5312 Deestrin
1048 5234 1605 5319 nissaijai’i'yxpagw,
1648 5257 1745 5295 nec
1784 5240 1927 5319 legit.
1951 5234 2126 5319 Vetus.
2156 5234 2381 5319 interpr.
2416 5234 2512 5275 nec

255 5275 414 5332 θείας
435 5284 515 5326 τε,
543 5274 646 5318 etc.

258 5306 589 5403 Ί’¹ιοῖ’¹⁰εἰ¹ε·
627 5339 700 5403 1"
728 5329 963 5403 Εῡῖυκης
988 5306 1240 5403 οπιῖιιψιί
1269 5306 1733 5403 emisisse.“
1760 5306 1969 5403 “12'?sz

1270 5360 2039 5440 emendatum
2070 5369 2170 5420 fuit
2211 5360 2486 5432 μετεδίδοι,

1729 5520 1953 5576 NOTAE.

265 5487 516 5546 prorsus.

344 5649 454 5716 (12)

494 5647 592 5699 Διά
618 5645 727 5708 τὴν
753 5641 835 5703 είς
863 5638 1116 5708 ἄλληλα.
1160 5631 1233 5684 0b
1282 5620 1788 5708 mutuampartiumz,

272 5685 392 5774 etc.-
406 5685 1153 5769 'ociiiiehi'éiiiinﬁiiiiialcm
1183 5706 1360 5769 partes
1393 5685 1606 5760 perinde
1638 5685 1802 5738 Maxi-

2008 5166 2097 5216 ὲπὶ
2125 5162 2342 5228 ἀτόμου,
2378 5163 2483 5209 etc.
2518 5141 2866 5228 sequilur‘ﬁyto
2887 5140 2947 5208 δὴ
2972 5142 3032 5228 ἐξ
3081 5133 3171 5184 δύο
3193 5130 3417 5228 “ﬁdissimi:

2545 5199 2734 5268 Faber.
2774 5199 2964 5261 Vocem
3012 5207 3146 5255 hanc
3191 5199 3422 5268 admittit

1976 5263 2481 5355 'sciiLiéNZBliice';
2511 5263 2787 5355 _vetn_sque
2836 5271 3133 5355 translatio.
3233 5275 3258 5300 υ
3287 5263 3419 5355 Cod.

2510 5352 2662 5420 Regii
2705 5339 2817 5400 tres
2870 5339 3142 5411 parabilia,
3174 5341 3426 5399 corrupte

1900 5623 2020 5664 mus
2053 5612 2228 5665 vocat,
2262 5602 2418 5669 epist.
2453 5602 2515 5651 ad
2543 5597 2693 5649 Joan.
2714 5591 2934 5669 Ουβίομ
2983 5579 3208 5663 Dicimus
3239 5578 3429 5645 factum

1908 5691 2143 5730 amonem
2175 5655 2370 5726 esse'ex
2399 5669 2598 5720 duabus
2633 5662 2852 5722 naturis,
2883 5655 3075 5722 inquit,
3101 5662 3350 5709 unamque
3371 5659 3430 5695 ex
