4180 6450
174 473 277 538 997

1200 480 1297 538 DE
1319 478 1498 537 FIDE
1532 476 1991 536 ORTIIODOXA
2033 477 2174 536 LIB.
2218 479 2330 536 III.

3297 480 3399 539 998

179 591 431 645 dicimus.
466 592 641 662 Ipsius
666 593 815 646 enim
847 597 1055 645 natura!
1090 605 1189 658 per
1223 591 1563 660 Iiypostasim
1595 590 1948 657 copulantur,
2027 599 2084 640 ut
2124 605 2245 656 qua:
2278 604 2438 642 unam
2467 591 2833 660 compositam
2927 591 3261 664 hyposlasim
3312 595 3410 646 ha-

182 685 369 749 beant,
395 683 553 753 cujus
581 685 796 737 ratione
820 694 932 736 tum
957 697 988 734 a
1017 681 1179 735 Patre
1207 691 1261 734 ct
1291 681 1497 750 Spiritu
1520 689 1735 746 sancto,
1774 687 1890 734 tum
1922 696 1952 733 a
1989 687 2161 734 matre
2190 692 2244 733 et
2275 680 2434 733 nobis
2466 680 2668 735 diﬂ‘ert.

682 775 933 829 KEIMA.
962 774 1015 825 A'
1036 773 1226 846 [Mil'].

353 867 491 936 Περὶ
520 867 627 920 τοῦ
656 867 882 934 τρόπου
899 864 1010 931 τῆς
1039 865 1399 930 ἀντιδόσεως
1432 864 1566 934 (I3).

252 962 370 1013 Ὀτι
407 959 506 1028 μὲν
537 952 632 1011 οῦν
667 957 857 1026 ἕτερόν
888 958 1035 1008 ἐστιν
1065 956 1240 1017 οὐσία,
1282 957 1468 1025 ἕτερον
1504 955 1744 1008 ὑπόστα-

185 1066 289 1115 σις,
321 1050 634 1110 πλειστάκις
673 1049 1001 1116 εἰρήκαμεν,
1025 1049 1118 1101 καὶ
1144 1049 1282 1116 arti}
1322 1047 1420 1115 μὲν
1461 1047 1638 1110 οὐσία,
1683 1046 1744 1098 τὸ

183 1141 365 1194 κοινὸν
391 1139 485 1190 καὶ
516 1138 868 1208 περιεκτικὸν
897 1136 1036 1202 εἶδος
1064 1139 1174 1190 τῶν
1211 1136 1471 1208 ὁμοειδῶν
1510 1139 1744 1193 ὑποστά-

184 1247 321 1284 σεων
350 1230 624 1299 σημαίνει,
649 1225 782 1290 οἷον,
815 1230 966 1293 Θεός,
1003 1230 1312 1299 ἄνθρωπος,
1351 1233 1383 1300 ἡ
1413 1230 1469 1282 δὲ
1511 1231 1744 1284 ὑπόστα-

186 1337 285 1382 σις,
317 1321 519 1388 ἄτομον
549 1319 718 1389 δηλοῖ.
742 1322 859 1389 ἢτοι
890 1322 1124 1388 Πατέρα,
1151 1321 1298 1381 Υὶὸν,
1330 1320 1552 1390 Πνεῦμα
1570 1325 1741 1388 ἅγιον,

183 1410 408 1480 Πέτρον,
439 1408 666 1461 Παῦλον.
705 1409 898 1460 ’ἰστέον
918 1410 1119 1473 τοίνυν,
1149 1411 1229 1461 ὅτι
1266 1409 1326 1461 τὸ
1360 1409 1459 1478 μὲν
1487 1410 1588 1479 τῆς
1629 1411 1745 1462 θεό-

181 1518 339 1565 τητος
368 1500 460 1552 καὶ
486 1502 581 1568 τῆς
616 1499 1030 1569 ἀνορωπότητος
1058 1499 1228 1569 ὄνομα
1251 1501 1356 1553 τῶν
1379 1502 1598 1566 οὐσιῶν,
1630 1503 1746 1570 ἢτοι

180 1590 291 1642 τῶν
349 1589 560 1657 φύσεών
614 1591 730 1640 ἐστι
777 1591 1182 1660 παραστατικὸν
1220 1605 1232 1617 ·
1288 1591 1348 1640 τὸ
1388 1590 1445 1641 δὲ
1492 1588 1623 1650 Θεός
1652 1589 1748 1640 καὶ

180 1684 486 1751 ἄνθρωπος,
543 1681 640 1734 καὶ⁸
685 1681 778 1732 ἐπὶ
829 1681 925 1750 τῆς
978 1681 1193 1748 φύσεως
1245 1682 1520 1744 τάττεται,
1558 1681 1747 1749 ὥσπερ

180 1774 309 1823 ὅταν
340 1782 367 1820 P
405 1771 674 1839 λέγωμεν,
697 1770 830 1833 Θεός
861 1774 1007 1823 ἐστιν
1041 1771 1417 1839 ἀκατάληπτος
1443 1771 1620 1833 οὐσία,
1657 1773 1748 1823 καὶ

179 1861 261 1910 ὅτι
285 1855 362 1920 εἷς
387 1858 517 1919 Θεός
545 1874 558 1887 °
588 1857 920 1926 λαμϐάνεται
962 1858 1049 1920 δὲ,
1095 1859 1190 1909 καὶ
1233 1859 1322 1910 ἐπὶ
1362 1857 1472 1909 τῶν
1515 1857 1750 1911 ὑποστά-

182 1967 344 2010 σεων,
371 1951 446 2011 ὠς
473 1948 567 2002 τοῦ
593 1949 964 2019 μερικωτέρου
996 1949 1286 2018 δεχομένου
1323 1950 1384 2001 τὸ
1403 1949 1496 2001 τοῦ
1531 1948 1746 2001 καθολι-

181 2040 424 2110 κωτὲρου
462 2040 652 2109 ὄνομα,
684 2039 758 2101 ώς
787 2040 913 2093 ὅταν
940 2041 1104 2109 φησὶν
1137 2042 1170 2110 ὴ
1195 2041 1384 2110 Γραφή
1407 2057 1421 2070 ο
1451 2041 1551 2093 Διὰ
1578 2041 1747 2092 τοῦτο

179 2130 385 2198 ἐχρισέ
417 2147 490 2183 σε
523 2133 555 2182 ό
586 2130 750 2196 Θεὸς,
777 2133 808 2183 ό
837 2133 979 2196 Θεός
999 2147 1136 2184 σου.
1180 2131 1311 2182 Ἰδοὺ
1346 2131 1454 2198 γὰρ
1497 2133 1588 2182 τὸν
1633 2133 1744 2183 [Ια-

178 2219 316 2289 τέρα
338 2222 429 2272 καὶ
461 2221 550 2273 τὸν
573 2221 700 2272 Υἱὸν
737 2208 973 2290 ἐδήλωσε
993 2238 1006 2252 ⁸
1031 2226 1126 2274 καὶ
1153 2221 1228 2283 ὡς
1248 2221 1375 2272 ὅταν
1401 2220 1551 2287 λέγει
1574 2237 1586 2249 ·
1609 2225 1744 2274 Ἀν-

179 2310 412 2374 cipde
451 2327 539 2374 τις
586 2305 664 2378 ἦν·
714 2310 783 2361 ἐν
830 2310 988 2378 χώρᾳ
1047 2309 1120 2376 τῇ
1169 2309 1470 2362 Λύσίτιδιο
1513 2309 1603 2362 τὸν
1633 2309 1744 2379 γὰρ

193 2397 317 2451 ’1ὼὸ
342 2401 500 2470 μόνον
532 2400 735 2471 ἐδηλωσ
743 2418 818 2452 εν.

251 2667 377 2720 Ἐπὶ
401 2663 492 2721 οὖν
519 2669 610 2720 τοῦ
639 2667 844 2738 Κυρίου
870 2669 1026 2737 ἡμῶν
1056 2667 1234 2736 Ἰησοῦ
1265 2667 1525 2736 Χριστοῦ,
1553 2669 1743 2739 ἐπειδὴ

177 2762 277 2812 δύο
295 2759 392 2827 μὲν
420 2760 514 2812 τὰς
535 2760 721 2826 φύσεις
743 2757 1102 2829 γινώσκομεν,
1139 2758 1266 2826 μίαν
1297 2758 1354 2810 δὲ
1390 2758 1486 2826 τὴν
1509 2757 1743 2810 ὑπόστα-

181 2868 271 2902 σιν
300 2849 358 2912 ὲξ
385 2850 724 2919 ἀμφωτέρων
751 2850 1024 2913 σύνθετον,
1055 2850 1140 2901 ὅτε
1170 2848 1267 2918 μὲν
1287 2847 1385 2909 τὰς
1409 2846 1597 2915 φύσεις
1619 2851 1749 2901 ἀνα-

176 2943 536 3013 θεωροῦμεν,
599 2943 825 3013 Θεότητα
876 2943 968 2996 καὶ
1005 2942 1398 3012 ἁνθρωπότητα
1455 2940 1747 3010 καλοῦμεν,

173 3036 268 3086 ὅτε
304 3035 360 3087 δὲ
392 3035 489 3104 τὴν
526 3038 589 3087 ὲκ
629 3035 737 3087 τῶν
788 3034 1001 3103 φύσεων
1036 3034 1381 3088 συντεθεῖσαν
1425 3033 1744 3095 ὑπόστασιν,

174 3124 315 3175 ποτὲ
339 3123 438 3193 μὲν
467 3126 531 3176 ὲκ
563 3124 656 3176 τοῦ
689 3123 1094 3192 συναμφοτέρου
1128 3122 1359 3192 Χριστὸν
1384 3121 1744 3189 ὀνομάζομεν,

1772 779 1819 834 Α

2475 773 2625 825 CAP.
2664 772 2754 827 IV.

1916 859 1990 910 De
2016 860 2171 911 modo
2197 870 2393 913 mutua:
2416 864 2904 917 communicationis
2933 867 3331 930 proprietatum.

1917 947 2151 1002 Nomina
2208 954 2506 1008 communia
2550 960 2599 1004 et
2640 955 2875 1020 propria,
2925 984 2994 992 —
3031 956 3184 1019 Quod
3238 971 3404 1026 porro

1844 1039 1993 1092 aliud
2029 1042 2100 1093 sit
2127 1043 2462 1106 substantia,
2492 1052 2546 1096 et
2578 1045 2726 1098 aliud
2757 1046 3087 1114 hypostasis,
3125 1051 3404 1103 multoties

1845 1147 1873 1183 a
1907 1132 2064 1186 nobis
2098 1133 2304 1186 dictum
2335 1145 2418 1189 est
2447 1155 2460 1190 :
2509 1137 2786 1206 quodque,
2832 1137 3142 1192 substantia
3177 1143 3289 1194 sive
3319 1158 3404 1195 es—

1845 1223 2043 1283 sentia,
2069 1237 2415 1279 communem
2473 1232 2736 1296 speciem,
2792 1230 3151 1298 ejusdemque
3202 1234 3403 1301 speciei

1848 1310 2114 1378 personas
2194 1317 2655 1383 complectentem
2741 1321 3032 1388 signiﬁcet,
3098 1330 3160 1375 ut
3243 1323 3403 1388 Deus,

1846 1399 2046 1463 homo;
2076 1417 2312 1469 persona
2357 1413 2538 1459 autem
2587 1423 2652 1459 ac
2706 1409 3020 1478 hypostasis
3054 1413 3404 1466 individuum

1847 1486 2092 1554 denotet,
2131 1501 2262 1558 puta
2304 1492 2547 1556 Patrem,
2590 1494 2813 1562 Filium,
2861 1508 2914 1552 et
2949 1502 3211 1570 Spiritum
3273 1519 3404 1557 san-

1848 1588 2017 1640 ctum,
2071 1580 2318 1646 Petrum,
2383 1582 2634 1639 Paulum.
2684 1587 3051 1652 Quamobrem
3106 1594 3408 1647 observan-

1847 1670 1979 1722 dum
2011 1681 2116 1734 est,
2141 1674 2288 1741 quod
2334 1674 2640 1731 divinitatis
2684 1686 2741 1731 et
2783 1680 3140 1736 humanitatis
3185 1698 3407 1745 nomen,

1848 1760 2187 1816 substantias
2249 1764 2368 1818 sive
2431 1774 2662 1820 naturas
2717 1769 3035 1835 signiﬁcat:
3089 1780 3143 1823 at
3208 1785 3408 1825 nomen

1849 1851 1993 1906 Deus
2027 1868 2091 1906 ac
2122 1855 2308 1918 homo,
2359 1863 2476 1909 tum
2512 1858 2579 1910 de
2621 1866 2815 1910 natura
2845 1869 3162 1928 usurpatur,
3196 1869 3253 1913 ut
3284 1877 3409 1915 cum

1847 1942 2104 2008 dicimus,
2159 1947 2300 2000 Deus
2341 1953 2425 2001 est
2471 1947 2780 2001 substantia
2811 1950 3289 2017 ineomprehensa.
3329 1935 3408 2015 et,

1852 2048 1992 2087 unus
2025 2044 2109 2087 est
2147 2033 2322 2098 Deus;
2352 2047 2463 2089 tum
2517 2040 2682 2090 etiam
2717 2040 2785 2092 de
2819 2043 3092 2108 personis.
3125 2051 3400 2110 quatenus

1852 2123 1983 2176 illud
2018 2126 2162 2193 quod
2217 2128 2616 2194 particularius
2657 2138 2766 2191 est,
2797 2130 2917 2196 ejus
2947 2147 3147 2184 nomen
3178 2132 3413 2201 suscipit

1852 2214 1999 2281 quod
2044 2223 2132 2268 est
2210 2217 2546 2285 generalius,
2605 2229 2661 2271 ut
2709 2234 2838 2272 cum
2899 2220 3186 2288 Scriptura
3231 2223 3409 2276 dicit:

1853 2305 2142 2374 Propterea
2167 2309 2318 2360 unxit
2348 2317 2396 2361 te
2443 2308 2608 2377 Deus,
2645 2309 2782 2363 Deus
2814 2320 2933 2364 tuus
2965 2313 3035 2366 ".
3070 2312 3236 2367 Vides
3265 2316 3412 2369 enim

1853 2395 1943 2449 hic
2001 2397 2223 2450 Patrem
2270 2405 2325 2450 et
2369 2397 2571 2465 Filium
2615 2399 2917 2468 designari.
2967 2401 3030 2455 Et
3061 2418 3257 2456 rursus
3286 2418 3414 2459 cum

1852 2490 1928 2542 ait
1955 2505 1968 2540 :
2004 2487 2174 2541 Homo
2208 2490 2424 2550 quidam
2453 2499 2569 2544 erat
2600 2492 2655 2543 in
2691 2501 2835 2545 terra
2862 2493 3103 2547 Ausitide
3129 2495 3207 2547 "z
3234 2495 3418 2549 solum”

1851 2579 1995 2632 enim
2023 2576 2125 2630 Job
2147 2578 2396 2633 indicare
2426 2581 2619 2635 voluit.

1927 2664 2126 2718 Eorum
2153 2668 2204 2719 in
2237 2668 2448 2723 Christo
2504 2687 2651 2724 usus.
2677 2673 2904 2740 —Ergo
2955 2674 3008 2725 in
3044 2674 3274 2727 Domino
3311 2692 3414 2728 no-

1856 2767 1972 2810 stro
1991 2754 2120 2831 .Iesu
2159 2757 2399 2821 Christo,
2437 2763 2699 2828 quoniam
2730 2762 2873 2815 duas
2910 2764 3130 2831 quidem
3165 2773 3414 2828 naturas,

1857 2855 1910 2898 at
1949 2829 2109 2898 unam
2144 2845 2415 2900 duntaxat
2459 2865 2745 2917 personam
2779 2867 2844 2907 ex
2880 2865 3109 2920 utraque
3139 2859 3416 2925 composi-

1857 2941 1966 2985 tam
2033 2937 2410 3000 aguosctmus,
2485 2953 2610 2991 cum
2687 2949 2912 2996 naturas
2971 2946 3411 3010 consideramus,

1854 3023 2195 3076 divinitatem
2250 3034 2304 3079 et
2378 3026 2772 3083 humanitatem
2843 3034 3219 3101 appellamus;
3289 3051 3412 3090 cum

1852 3126 1983 3163 vero
2011 3127 2300 3180 personam
2336 3129 2402 3167 ex
2446 3117 2660 3171 naturis
2705 3123 3093 3189 compositam,
3140 3126 3414 3179 interdum

173 3215 274 3265 καὶ
300 3213 452 3276 Θεὸν,
505 3216 598 3265 καὶ
648 3213 934 3282 ἄνθρωπον
975 3215 1116 3266 κατὰ
1151 3213 1350 3264 ταυτὸν
1374 3223 1424 3272 ει,
1480 3215 1574 3264 καὶ⁵
1615 3211 1745 3262 Θεὸν

1855 3202 1924 3254 ab
1965 3210 2201 3272 utroque
2244 3203 2524 3260 Christum
2577 3193 2947 3276 nominamus,
3008 3213 3287 3284 Deumque
3335 3220 3415 3270 si-

173 3303 621 3372 σεσαρκωμένον,
660 3303 788 3354 ποτὲ
807 3303 864 3355 δὲ
890 3304 947 3369 ἐξ
971 3304 1086 3364 ἐνὸς
1105 3302 1214 3353 τῶν
1240 3302 1442 3370 μερῶν,
1476 3301 1609 3353 Θεὸν
1655 3301 1745 3368 μό-

1856 3290 2044 3344 mulet
2071 3291 2369 3356 hominem,
2405 3302 2459 3347 et
2499 3294 2666 3349 Deum
2709 3298 3092 3364 incarnatnm;
3139 3305 3415 3359 interdum

169 3409 290 3460 vpv,
331 3393 421 3444 ml.
447 3393 572 3444 Υἱὸν
605 3392 699 3444 τοῦ
732 3392 888 3456 Θεοῦ,
954 3394 1046 3444 καὶ
1079 3391 1364 3460 ἄνθρωπον
1429 3391 1610 3460 μόνον,
1656 3389 1745 3441 καὶ

1859 3394 2052 3434 rursus
2089 3381 2156 3435 ab
2185 3397 2293 3434 una
2335 3390 2491 3451 parte
2539 3383 2709 3440 Deum
2759 3389 2961 3454 solum,
2991 3402 3040 3444 et
3073 3391 3163 3445 Dei
3192 3392 3418 3460 Filium,

176 3453 312 3536 in.
350 3483 670 3552 ἀνθρώπουο
716 3453 963 3536 minore
990 3487 1085 3553 μὲν
1117 3453 1193 3538 ἐκ·
1223 3485 1330 3538 τῶν
1380 3453 1601 3553 ὑψηλῶν
1657 3480 1745 3550 μό-

1856 3471 2237 3540 hominemque
2298 3475 2497 3543 solum,
2560 3486 2724 3544 atque
2777 3453 3019 3535 hominis
3053 3481 3292 3548 Filium;
3354 3453 3419 3542 ac

173 3592 291 3637 νον,
323 3576 450 3628 ποτὲ
477 3576 530 3628 δὲ
567 3578 629 3628 ὲκ
655 3577 764 3629 τῶν
785 3577 1056 3630 ταπεινῶν
1083 3577 1244 3646 μόνον
1270 3595 1284 3608 ·
1319 3573 1399 3639 εἷς
1417 3577 1524 3646 γάρ
1551 3576 1696 3628 ἐστιν
1725 3580 1745 3628 ό

1855 3577 2048 3614 rursus
2097 3564 2418 3632 aliquando,
2481 3581 2512 3618 a
2575 3569 2906 3624 sublimibus
2962 3572 3257 3644 duntaxat,
3317 3576 3416 3630 ali-

1553 3651 1628 3720 ὣν
1659 3668 1748 3720 ἀεὶ
1849 3653 2068 3723 quando
2119 3654 2250 3708 item
2300 3656 2370 3709 ab
2426 3655 2733 3714 humilibus
2785 3668 3024 3714 tantum.
3078 3660 3231 3719 Unus
3266 3665 3410 3720 enim

1849 3757 1952 3808 est,
1982 3749 2073 3816 qui
2117 3755 2171 3800 et
2221 3746 2323 3800 hoc
2366 3755 2421 3800 et
2461 3747 2598 3801 illud
2649 3764 2904 3819 peraeque
2930 3759 3032 3814 est,
3065 3768 3298 3821 quorum
3333 3758 3414 3810 al-

1851 3845 2026 3890 terum
2060 3852 2126 3890 ex
2162 3836 2321 3892 Patre
2354 3839 2561 3893 nullius
2596 3855 2771 3894 causa
2807 3857 3028 3911 semper
3068 3847 3300 3907 exstitit,
3331 3848 3416 3901 al-

1850 3940 2025 3983 terum
2058 3939 2236 3982 autem
2284 3939 2472 3992 postea
2509 3946 2609 4000 pro
2657 3947 2757 3987 sua
2801 3949 2928 4004 erga
2965 3935 3216 3992 homines
3247 3939 3415 4001 bene-

1849 4018 2086 4070 volentia
2123 4018 2298 4073 factns
2334 4029 2418 4073 est
2449 4020 2515 4072 ⁸⁸.

1922 4107 2116 4161 Nullus
2142 4112 2362 4162 alterum
2402 4112 2897 4166 communicationis
2929 4114 3075 4168 locus
3105 4116 3161 4168 in
3185 4115 3266 4168 his
3300 4131 3414 4185 qua

1848 4207 2066 4252 naturas
2095 4201 2417 4268 significant,
2455 4203 2544 4254 sed
2575 4203 2629 4255 in
2657 4204 2723 4254 iis
2759 4219 2879 4270 quc
2901 4220 3200 4272 personam.
3229 4236 3298 4245 —
3329 4208 3416 4260 Di-

1847 4289 2132 4342 vinitatem
2184 4291 2370 4360 itaque
2400 4293 2773 4356 nominantes,
2824 4309 2886 4347 ea
2915 4310 3035 4362 qua:
3087 4296 3410 4354 humanitati

1850 4381 2067 4448 propria
2094 4390 2244 4445 sunt,
2302 4381 2404 4449 ipsi
2447 4382 2672 4434 minime
2707 4384 3080 4452 assignamus.
3113 4385 3227 4438 Non
3260 4387 3408 4440 enim

1849 4468 2161 4536 passibilem
2193 4477 2287 4522 aut
2307 4479 2544 4524 creatam
2578 4471 2833 4524 deitatem
2863 4472 3120 4528 dicimus.
3147 4473 3255 4528 Nec
3285 4491 3412 4531 rur-

171 3669 405 3721 κὰκεῖνο
435 3669 528 3720 καὶ
553 3669 710 3720 τοῦτο
741 3671 941 3738 ὁμοίως
988 3670 1250 3739 ὑπάρχων
1283 3686 1296 3700 ο
1325 3669 1387 3721 τὸ
1424 3669 1524 3738 μὲν
1553 3667 1628 3720 ὣν
1659 3668 1748 3720 ἀεὶ

170 3760 435 3821 ἀναιτίως
465 3760 527 3809 ἐκ
558 3759 789 3830 Πατρὸς,
819 3759 878 3811 τὸ
906 3758 960 3812 δὲ
987 3759 1276 3829 γενόμενος
1301 3757 1527 3830 ὕστερον
1554 3758 1642 3812 διὰ
1658 3775 1750 3826 φι-

169 3847 313 3900 λανθ
321 3849 553 3918 ρωπίαν.

248 4121 497 4185 Θεότητα
521 4119 619 4187 μὲν
638 4115 732 4170 οὖν
758 4118 1026 4185 λέγοντες,
1052 4120 1112 4170 οὐ
1161 4120 1604 4186 κατονομαζομεν
1652 4121 1742 4172 αὺ-

166 4213 276 4279 τῆς
295 4209 366 4261 τὰ
391 4210 489 4277 τῆς
515 4209 929 4279 ἀνθρωπότητος
958 4208 1242 4276 ἰδιώματα.
1302 4209 1378 4261 υὺ
1410 4210 1520 4276 γὰρ
1568 4210 1746 4278 φαμὲν

167 4298 418 4368 θεότητα
443 4296 709 4368 παθητὴν,
745 4298 778 4367 ἢ
812 4299 1035 4368 κτιστήν
1066 4314 1078 4325 ·
1108 4297 1236 4349 οὕτε
1276 4298 1332 4350 δὲ
1365 4301 1462 4368 τῆς
1519 4299 1743 4369 σαρκὸς,

161 4389 300 4458 ἠτοι
339 4387 438 4455 τῆς
471 4387 888 4456 ἀνθρωπὸτητος
912 4383 1324 4453 κατηγοροῦμεν
1385 4385 1454 4437 τὰ
1490 4385 1590 4453 τῆς
1625 4385 1744 4437 Θεό-

161 4463 344 4546 τήτος
372 4476 669 4545 ἰδιώματα·
705 4478 764 4528 οὺ
793 4478 897 4544 γὰρ
923 4476 1100 4546 φαμὲν
1133 4479 1338 4546 σάρκα,
1382 4478 1500 4547 ἦτοι
1532 4477 1744 4548 ἀνθρω-

163 4570 395 4637 πότητα
420 4569 694 4621 ἄκτιστον.
729 4568 853 4619 Ἐπὶ
882 4567 936 4618 δὲ
966 4567 1066 4635 τῆς
1097 4567 1466 4633 ὑποστάσεως,
1525 4569 1629 4621 κᾶν
1685 4571 1745 4620 ἐκ

1848 4571 1944 4610 sus
1975 4558 2148 4620 carni,
2181 4558 2297 4611 sive
2327 4557 2677 4621 humanitati,
2708 4574 2771 4612 ea
2815 4561 3109 4615 tribuimus
3133 4579 3253 4630 qme
3289 4563 3408 4617 dei-

157 4661 265 4714 τοῦ
294 4659 726 4728 συναμφοτέρου,
761 4657 859 4711 κᾶν
889 4658 947 4722 ἐξ
990 4659 1107 4721 ἐνὸς
1161 4659 1269 4711 τῶν
1316 4659 1498 4728 μερῶν
1543 4660 1745 4729 ταύτην

1849 4648 1943 4698 tati
1973 4649 2190 4715 proprie
2232 4649 2588 4702 conveniunl.
2632 4649 2820 4718 Neque
2848 4653 3002 4712 enim,
3023 4669 3265 4718 carnem,
3293 4657 3411 4710 sive

158 4746 561 4815 ὀνομάσωμεν,
589 4749 913 4816 ἀμφοτέρων
951 4746 1059 4798 τῶν
1094 4747 1308 4812 φύσεων
1361 4747 1429 4796 τὰ.
1482 4745 1745 4814 ἰδιώματα

1851 4738 2269 4804 humanitatem,
2323 4739 2624 4793 increatam
2675 4743 2933 4796 dicimus.
2985 4748 3051 4796 At
3098 4762 3226 4799 vero
3277 4761 3406 4802 cum

161 4838 320 4905 αὐτῇ
349 4837 679 4904 ὲπιτίΘεμεν.
713 4837 816 4887 Καὶ
854 4835 962 4905 γὰρ
990 4837 1018 4887 ὁ
1049 4835 1300 4904 Χριστὸς,
1349 4833 1500 4905 ὅπερ⁵
1525 4837 1640 4887 ἐστὶ
1683 4837 1743 4887 τὸ

160 4926 612 4994 συναμφότερον,
646 4927 738 4976 καὶ
771 4925 922 4986 Θεὸς,
949 4927 1042 4977 καὶ
1069 4924 1354 4995 ἄνθρωπος
1383 4925 1623 4992 λέγεται,
1648 4927 1742 4978 καὶ

155 5014 397 5077 κτιστὸς
427 5017 521 5066 καὶ
555 5016 827 5080 ἄκτιστος,
860 5017 951 5068 καὶ
979 5015 1218 5084 παθητὸς
1257 5018 1350 5069 καὶ
1376 5017 1620 5087 ἀπαθήςο
1646 5019 1741 5070 καὶ

151 5111 309 5160 ὅταν
341 5106 398 5170 ὲξ
424 5105 540 5167 ἑνὸς
563 5105 670 5156 τῶν
705 5107 904 5175 μερῶν,
937 5106 1067 5168 Υἱὸς
1097 5106 1256 5172 Θεοῦ,
1307 5109 1400 5160 καὶ
1454 5107 1586 5167 Θεὸς
1627 5110 1741 5160 ὀνο-

1849 4828 1915 4880 de
1943 4843 2174 4895 persona
2227 4843 2409 4882 sermo
2431 4837 2537 4895 est,
2592 4831 2709 4886 sive
2751 4832 2818 4885 ab
2864 4842 3096 4902 utraque
3142 4845 3296 4904 parte
3331 4838 3409 4891 si-

1851 4919 1983 4983 mul,
2005 4919 2119 4973 sive
2136 4920 2203 4972 ab
2227 4921 2398 4974 altera
2419 4932 2635 4976 tantum
2661 4938 2779 4976 eam
2810 4925 3165 4992 appellemus,
3199 4930 3407 4982 utrius-

1849 5026 1955 5078 que
1987 5020 2194 5064 naturae
2247 5015 2611 5082 proprietates
2664 5014 2770 5084 ipsi
2807 5016 3158 5082 imponimus.
3195 5018 3406 5071 Etenim

1849 5101 2101 5155 Christus
2139 5100 2292 5169 (qua!
2319 5117 2421 5156 vox
2463 5110 2761 5173 utrumque
2787 5104 2948 5173 210
2984 5106 3408 5175 complectitur)

158 5195 447 5265 μάζηται,
489 5193 700 5262 δέχεται
753 5194 964 5265 τὰίτῆς
1000 5198 1473 5264 συνυφεστηκυὶας
1526 5198 1738 5263 φύσεως

1848 5200 1903 5245 et
1931 5192 2073 5246 Deus
2110 5200 2164 5246 et
2211 5193 2376 5247 homo
2423 5195 2647 5254 dicitur.
2688 5205 2741 5249 et
2776 5205 2995 5250 creatus
3021 5205 3074 5251 et
3104 5198 3406 5261 increatns,

157 5285 471 5354 ἰδιώματα,
501 5285 618 5354 ἤτοι
655 5287 752 5354 τῆς
784 5286 1002 5353 σαρκὸς,
1038 5286 1170 5348 Θεὸς
1203 5286 1445 5356 παθητὸς
1477 5281 1739 5357 ὀνομαζό-

241 5467 293 5499 ⁸³
328 5460 475 5516 Psal.
504 5478 645 5528 κων,
700 5463 752 5516 8.
855 5464 900 5493 ⁵³
933 5460 1036 5516 Joh
1092 5479 1150 5524 ι.
1187 5463 1236 5516 l.

1849 5295 1900 5339 et
1931 5285 2210 5354 passibilis
2236 5295 2289 5339 et
2319 5287 2698 5354 impassibilis.
2723 5287 2857 5341 Cum
2884 5287 2992 5356 jam
3020 5289 3087 5342 ab
3119 5305 3222 5342 una
3255 5299 3409 5356 parte

1347 5465 1391 5495 "
1422 5463 1586 5533 Crcg.
1637 5462 1768 5517 Naz.
1811 5472 1951 5518 orat.
1989 5464 2076 5518 55.

1466 5614 1693 5668 νΑιὶιιλΕ
1744 5613 2145 5671 LECTIONES.

231 5759 261 5785 ο
295 5745 456 5820 ΑΕάἰι.
497 5747 806 5819 ὑπέμεινεν.
885 5760 910 5798 P
937 5748 1070 5804 Cod.
1109 5749 1167 5805 S.
1199 5748 1307 5804 Ilii.
1350 5758 1404 5805 et
1438 5749 1530 5804 alii
1554 5750 1774 5820 quidam
1813 5751 2033 5804 ὁπόταν.

143 5817 367 5876 αὺτὸν.

2144 5746 2405 5803 ‘ICOtI.S.
2449 5747 2558 5803 IIiI.
2590 5751 2710 5803 κατ’
2745 5751 2925 5803 αὐτὸν.
2967 5752 3026 5805 ιι.
3069 5754 3089 5806 1
3129 5756 3268 5806 κατὰ
3321 5753 3409 5809 τὸν
