4180 6450
752 451 857 513 ὒιιυ

1907 434 1966 491 S.
2008 428 2327 491 JOANNIS
2366 423 2799 487 DAMASCENI

3866 412 4009 473 1000

748 563 927 618 Filius
968 560 1084 622 Dei,
1111 566 1167 613 et
1193 556 1336 609 Deus
1360 558 1736 619 nuncupatur,
1772 547 2081 618 conjunctae
2112 560 2177 598 ae
2216 559 2324 598 una

2434 558 2611 611 μενος,
2640 542 2736 592 καὶ
2752 537 2961 608 Κύριος
2990 537 3087 605 τῆς
3104 533 3261 603 δόξης
3295 529 3713 601 ἐσταυρωμένος
3736 544 3751 557 ⁸
3770 529 3833 581 οὑ
3869 529 4012 580 καθὸ

751 650 1104 710 subsistentis
1154 656 1387 708 naturae,
1438 646 1542 697 hoc
1587 651 1671 695 est
1709 639 1917 701 carnis,
1948 635 2319 704 proprietates

750 744 966 810 recipit,
997 747 1056 792 ut
1085 748 1139 792 et
1180 738 1321 791 Deus
1369 732 1647 803 passibilis
1680 730 2016 787 nominetur,
2050 735 2105 779 et
2137 724 2322 777 Domi-

748 850 855 889 nus
910 832 1100 902 glorise
1146 830 1443 884 cruciﬁxus
1504 825 1721 876 dicatur
1746 821 1836 872 5°:
1892 836 1999 872 non
2032 833 2138 887 qua
2180 816 2323 871 Deus

748 934 854 991 est,
884 925 980 980 sed
1009 939 1116 994 qua
1152 924 1292 976 idem
1322 920 1439 987 ipse
1480 914 1645 970 simul
1678 922 1759 967 est
1787 913 1970 965 homo.
2007 908 2323 976 Eodemque

749 1017 935 1079 modo,
966 1031 1091 1069 cum
1128 1015 1289 1066 horno
1330 1021 1385 1063 et
1430 1009 1573 1062 [ilius
1605 1005 1845 1058 hominis
1871 1003 2199 1070 appellatur,
2238 999 2327 1051 di-

749 1110 891 1162 vina:
918 1106 1173 1162 essentia:
1218 1102 1587 1173 proprietates
1617 1105 1671 1150 et
1704 1102 2029 1148 ornamenta
2064 1082 2322 1159 suscipit.

749 1197 892 1252 Puer
922 1198 1066 1253 enim
1111 1198 1260 1250 omni
1312 1208 1428 1248 aevo
1480 1189 1760 1258 antiquior
1808 1185 2036 1248 dicitur,
2080 1190 2132 1236 et
2166 1182 2325 1234 homo

751 1291 892 1344 initii
932 1305 1171 1359 expers:
1209 1303 1317 1341 non
1358 1286 1410 1338 id
1442 1281 1660 1351 quidem
1712 1292 1818 1348 qua
1863 1276 2079 1329 ratione
2113 1288 2249 1343 puer
2271 1278 2328 1324 et

752 1381 919 1435 homo
943 1389 1050 1445 est,
1101 1379 1194 1435 sed
1225 1392 1330 1447 qua
1362 1375 1507 1428 Deus
1544 1370 1763 1427 smculis
1795 1367 2044 1421 anterior
2069 1379 2192 1419 cum
2223 1376 2324 1417 .es-

750 1485 855 1537 set,
884 1474 948 1525 ad
981 1480 1286 1525 extremum
1338 1470 1519 1521 lactus
1560 1471 1646 1518 est
1685 1477 1840 1531 puer.
1888 1462 2067 1527 Atque
2110 1457 2201 1510 hic
2238 1459 2325 1506 est

747 1565 860 1632 jam
914 1565 1141 1617 alterna:
1186 1556 1711 1615 communicationis
1758 1551 1994 1612 modus,
2022 1548 2150 1601 dum
2186 1558 2323 1597 nna-

751 1671 984 1725 quaaque
1027 1664 1250 1718 natura,
1293 1669 1355 1706 ea
1391 1667 1513 1719 quae
1550 1649 1654 1703 sibi
1701 1645 1923 1716 propria
1976 1649 2126 1704 sunt,
2163 1636 2326 1691 alteri

752 1750 1148 1810 communicat,
1204 1728 1495 1816 propterea
1530 1744 1674 1813 quod
1724 1741 1916 1796 eadem
1949 1747 2033 1793 est
2065 1738 2328 1806 hyposta-

2422 632 2573 697 Θεὸς,
2609 630 2745 683 ἀλλά
2785 629 2919 682 καθὸ
2948 630 3045 680 καὶ
3062 627 3349 695 ἄνθρωπος
3404 625 3433 674 ὁ
3475 621 3636 683 αὑτός
3664 637 3681 651 ·
3722 620 3823 672 καὶ
3874 621 4009 672 ὅταν

2424 723 2709 790 ἄνθρωπος
2738 760 2752 784 ,
2786 722 2882 772 καὶ
2937 718 3063 781 Υἱὸς
3113 714 3403 785 ἀνθρώπου
3449 711 3808 780 ὀνομάζηται,
3854 712 4010 777 δέχε-

2424 832 2515 868 ται
2544 817 2612 897 τά
2637 818 2735 883 τῆς
2759 813 2912 874 θείας
2934 810 3147 878 φύσεως
3194 806 3479 876 ἰδιώματα,
3533 806 3630 856 καὶ
3679 804 4005 871 αὐχήματα,

2427 894 2639 960 παιδίον
2666 904 3017 975 προαιώνιον,
3076 900 3365 969 ἄνθρωπος
3412 900 3646 967 ἄναρχος
3674 912 3687 923 ·
3751 897 3815 946 οὑ
3867 894 4008 945 καθὸ

2426 999 2778 1060 παιδίον,“καὶ
2811 997 3117 1062 ἄνθρωπος,
3151 992 3290 1045 ἀλλά
3324 991 3461 1044 καθὸ
3490 990 3622 1051 Θεὸς
3654 988 3730 1039 ὢν
3754 987 4005 1055 προαιὼ-

2423 1108 2556 1153 νιος,
2594 1090 2822 1156 γέγονεν
2853 1088 2941 1140 ἐπ’
2974 1087 3223 1156 ἐσχάτων
3249 1082 3480 1136 παιδίον.
3530 1081 3638 1133 Καὶ
3673 1073 3829 1138 οὗτός
3854 1077 4007 1127 ἐστιν

2423 1182 2672 1251 ὁτρόπος
2703 1180 2803 1248 τῆς
2844 1180 3184 1239 ἀντιδόσεως,
3222 1176 3489 1245 ἑκατέρας
3535 1173 3751 1238 φύσεως
3800 1168 4006 1222 ἀντιδι-

2422 1272 2619 1341 δούσης
2665 1274 2731 1339 τῇ
2792 1270 2956 1340 ὲτέρα
2996 1269 3065 1320 τὰ
3117 1268 3223 1320 ἴδια
3260 1268 3345 1319 διὰ
3377 1264 3477 1335 τὴν
3515 1264 3620 1341 τῆς
3647 1260 4011 1319 ὑποστάσεως

2421 1338 2750 1435 ταυτότητα,
2783 1363 2879 1413 καὶ
2912 1338 3012 1428 τὴν
3047 1361 3127 1421 εἰς
3152 1358 3355 1437 ἄλληλα
3388 1338 3567 1408 αὑτῶν
3598 1352 4013 1420 περιχώρησιν.

2421 1456 2582 1508 Κατά
2631 1455 2787 1507 τοῦτο
2812 1452 3090 1521 δυνάμεθα
3117 1452 3288 1503 εἰπεῖν
3322 1449 3453 1518 περὶ
3493 1445 3730 1515 Χριστοῦ
3759 1462 3775 1475 ο
3798 1439 4015 1505 Οὗτος

2424 1550 2456 1601 ό
2488 1548 2631 1611 Θεὸς
2658 1539 2843 1612 ὴμῶν,
2883 1545 2983 1596 ἑπί
3013 1544 3123 1607 τῆς
3155 1540 3266 1610 γῆς
3287 1540 3473 1607 ὤφθη,
3512 1538 3605 1590 καὶ
3632 1537 3756 1600 τοῖς
3781 1533 4017 1598 ἀνθρὼ-

2424 1653 2560 1702 ποις
2589 1633 3059 1700 συνανεστράέρη
3084 1643 3126 1669 τ·
3156 1630 3354 1693 ’καὶ,Ὀ
3376 1624 3660 1696 ἄνθραῖπος
3673 1623 3833 1695 οὗτος
3859 1626 4017 1676 ἀκτι-

2428 1732 2551 1791 στός
2576 1729 2714 1789 ἐστι,
2751 1727 2845 1779 καὶ
2868 1725 3104 1795 ἀπαθὴς,
3140 1727 3235 1777 καὶ
3260 1724 3695 1794 ἀπερίγραπτος.

754 1841 854 1901 sis,
887 1849 943 1894 et
969 1841 1038 1894 ob
1084 1815 1330 1893 mutuam
1381 1852 1569 1891 earum
1620 1835 2043 1888 immeationem.
2090 1831 2207 1893 Qua
2236 1826 2448 1879 ratione
2495 1823 2562 1876 de
2610 1821 2830 1876 Christo
2859 1821 3043 1873 dicere
3086 1818 3246 1871 nobis
3311 1817 3472 1870 licet:
3541 1818 3642 1870 Hic
3706 1815 3855 1867 Deus
3922 1823 4019 1864 παρ’

752 1941 862 1984 uer
895 1933 949 1984 in
982 1941 1123 1983 terra
1151 1931 1289 1983 risus
1319 1939 1416 1992 est,
1439 1936 1627 1980 etcum
1659 1924 1960 1979 hominibus
1991 1928 2326 1975 conversatus
2357 1926 2434 1970 est
2476 1916 2542 1965 ".
2577 1914 2661 1978 Et,
2702 1913 2793 1967 hic
2831 1912 2996 1964 homo
3047 1912 3327 1964 increatus
3364 1915 3470 1973 est,
3510 1913 3564 1962 et
3622 1904 4015 1975 impassibilis,

752 2035 810 2081 et
844 2010 1389 2089 incircumscriptus.

1418 2086 1572 2161 CAP.
1605 2103 1671 2158 v.

1181 2200 1257 2254 De
1297 2215 1512 2252 numero
1563 2206 1903 2250 naturarum.

826 2295 1184 2348 Personarum
1216 2292 1269 2343 in
1303 2290 1436 2355 Deo,
1468 2299 1783 2341 naturarum
1822 2286 1877 2337 in
1908 2282 2119 2339 Christo
2146 2297 2326 2335 nume-

754 2402 869 2440 rus.
903 2384 1035 2437 Unio
1062 2398 1334 2436 numerum
1366 2398 1469 2433 non
1500 2380 1659 2433 tollit.
1680 2370 2031 2432 —Ca3terum
2058 2376 2125 2437 ⁸⁸,
2156 2372 2324 2428 veluti

756 2488 923 2528 unam
958 2474 1011 2525 in
1060 2471 1352 2523 Divinitate
1397 2476 1652 2521 naturam
1700 2464 2051 2529 conﬁtemur,
2087 2469 2200 2515 tres
2228 2475 2327 2514 au-

757 2577 865 2618 tem
899 2577 1167 2634 personas
1219 2574 1345 2615 vere
1376 2558 1715 2613 exsistentes
1764 2556 2041 2618 dicimus;
2077 2561 2242 2619 atque
2265 2566 2328 2605 ea

758 2640 1200 2730 quidepi'omnia
1246 2665 1369 2721 quae
1399 2650 1673 2704 naturalia
1715 2646 2149 2713 essentialiaque
2176 2650 2327 2708 sunt,

759 2764 888 2803 esse
939 2745 1209 2813 simplicia
1269 2740 1716 2811 pronuntiamus,
1781 2751 2144 2807 personarum
2201 2748 2331 2787 vero

760 2839 1060 2893 discrimen
1106 2835 1160 2888 in
1201 2833 1337 2887 solis
1386 2831 1566 2884 tribus
1607 2827 2067 2898 proprietatibus,
2118 2824 2333 2880 scilicet

761 2926 909 2996 quod
950 2921 1244 2979 unus'sine
1292 2936 1464 2975 causa
1508 2920 1581 2973 sit
1609 2928 1664 2974 et
1708 2917 1887 2981 Pater,
1943 2917 2134 2970 altera
2166 2929 2330 2970 causa

760 3027 817 3073 et
848 2997 1041 3081 Filius,
1084 3002 1225 3069 alter
1278 3014 1406 3067 item
1456 3026 1487 3064 a
1523 3026 1689 3065 causa
1744 3018 1798 3064 et
1852 3007 2181 3078 procedens,
2209 3021 2333 3061 esse

763 3109 1001 3177 positum
1035 3105 1412 3175 agnoscimus,
1447 3110 1509 3155 ut
1545 3102 1614 3154 ab
1640 3101 1872 3154 invicem
1906 3113 2006 3153 nec
2043 3097 2332 3159 excedere,

764 3212 865 3251 nec
896 3196 1141 3263 disjungi
1175 3199 1417 3262 queant;
1452 3190 1704 3260 quinimo
1733 3190 1876 3242 inter
1908 3203 1967 3241 se
1998 3188 2166 3240 unita:
2198 3185 2330 3249 sint,

764 3288 999 3353 aliaeque
1053 3286 1191 3337 alias
1247 3284 1384 3335 citra
1436 3281 1821 3334 confusionem
1875 3278 2176 3348 pervadant
2208 3296 2221 3331 :
2252 3285 2333 3341 ut,

764 3376 1014 3443 inquam,
1079 3387 1174 3427 eas
1231 3372 1452 3439 quidem
1526 3369 1676 3423 nulla
1745 3368 2070 3423 confusione
2126 3369 2333 3431 unitas,

764 3468 1028 3535 quoniam
1062 3472 1176 3518 tres
1228 3470 1382 3525 sunt,
1423 3461 1640 3514 tametsi
1668 3462 1867 3525 unitaz;
1902 3476 2089 3514 verum
2127 3468 2182 3514 et
2207 3460 2337 3514 abs-

765 3572 872 3625 que
914 3555 1257 3623 sejnnctione
1291 3552 1560 3606 discretas
1600 3555 1948 3621 (quanquam
1981 3552 2126 3605 enim
2187 3568 2338 3621 qum-

768 3650 900 3701 libet
934 3638 1151 3699 illarum
1186 3659 1283 3713 per
1330 3659 1389 3698 se
1424 3642 1703 3709 subsistit,
1748 3644 1863 3697 sive
1892 3642 2138 3711 perfecta
2162 3644 2338 3714 hypo-

768 3741 938 3799 stasis
968 3747 1072 3801 est,
1116 3753 1387 3807 suamque
1436 3738 1857 3807 proprietatem,
1905 3740 2009 3793 hoc
2060 3748 2145 3793 est
2194 3739 2342 3793 exsi-

768 3834 985 3885 stcntiae
1031 3831 1278 3883 modum.
1308 3829 1586 3898 disparem
1636 3830 1840 3894 habet;
1885 3840 1940 3884 at
1978 3832 2342 3885 essentiaeta-

768 3919 1391 3988 mem-naturaliumque
1434 3920 1829 3989 proprietatum
1860 3922 2071 3974 ratione
2111 3922 2345 3989 conjun-

767 4022 994 4080 guntur,
1032 4022 1085 4063 et
1128 4026 1193 4064 eo
1228 4010 1375 4078 quod
1408 4026 1437 4062 a
1480 4026 1713 4081 persona
1771 4012 1953 4065 Patris
2000 4028 2110 4066 non
2167 4013 2342 4068 divel-

772 4105 979 4165 luntur,
1017 4118 1116 4154 nec
1154 4102 1446 4167 excedunt,
1482 4102 1692 4155 idcirco
1728 4102 1871 4156 Deus
1905 4118 2069 4165 unus,
2106 4112 2159 4157 et
2190 4112 2341 4170 sunt,

770 4198 827 4247 et
860 4194 1152 4261 dicuntur)
1184 4193 1496 4246 :ennsimili
1530 4193 1695 4246 modo
1726 4192 1781 4245 in
1813 4193 2001 4246 divina
2025 4201 2079 4247 et
2114 4209 2341 4259 arcana,

770 4298 1108 4351 onmemque
1142 4286 1344 4337 mentis
1393 4287 1565 4337 aciem
1614 4293 1667 4337 et
1711 4293 1929 4351 captum
1974 4280 2368 4368 exsuperante.

774 4374 869 4428 Dei
913 4372 1186 4426 Verbi'et
1221 4374 1433 4426 Domini
1486 4373 1661 4427 nostri
1708 4372 1840 4426 Jesu
1885 4373 2115 4437 Christi,
2183 4375 2344 4429 unius

776 4473 985 4518 sancta:
1035 4464 1322 4518 Trinitatis
1372 4466 1684 4535 hyposmsis
1750 4466 2151 4529 incarnatione,
2206 4468 2345 4521 duas

775 4555 995 4623 quidem
1041 4566 1288 4618 naturas,
1346 4555 1587 4608 divinam
1652 4555 1865 4609 scilicet
1920 4564 1974 4608 et
2023 4555 2343 4620 humanam,

778 4661 884 4699 una
915 4647 1173 4709 coivisse,
1202 4655 1255 4700 et
1285 4652 1586 4700 secundum
1638 4646 1975 4716 hypostasim
2011 4648 2192 4701 unitas
2225 4664 2347 4701 esse

2918 2086 3168 2138 KEtbAA.
3206 2085 3281 2139 E'.
3328 2063 3506 2156 [me].

2783 2178 2921 2245 Περὶ
2947 2174 3195 2244 ἀριθμοῦ
3243 2175 3359 2229 τῶν
3386 2178 3649 2245 φύσεων.

2488 2252 2714 2340 ’Ὥσπερ
2743 2270 2799 2323 δὲ
2829 2272 2923 2325 ἐπὶ
2950 2273 3049 2340 τῆς
3081 2270 3352 2337 θεότητος,
3398 2269 3525 2337 μίαν
3557 2268 3655 2337 μὲν
3685 2267 3858 2335 φύσιν
3888 2270 4017 2337 ὀμο-

2429 2362 2720 2432 λογοὺμεν,
2742 2365 2891 2433 τρεῖς
2938 2363 2994 2415 δὲ
3022 2361 3348 2422 ὑποστάσεις
3377 2360 3497 2412 κατ’
3548 2361 3816 2427 ἀλήθειαν
3846 2362 4017 2423 οὔσας

2431 2454 2629 2524 φαμὲν,
2662 2455 2760 2506 καὶ
2794 2454 2971 2507 πάντα
2994 2453 3093 2521 μὲν
3118 2452 3186 2504 τὰ
3213 2452 3418 2519 φυσικά
3444 2452 3536 2503 καὶ
3573 2451 3837 2521 οὑσιώδη,
3869 2455 4019 2507 itii

2432 2564 2633 2617 φαμεν,
2663 2548 2762 2617 τὴν
2788 2545 2845 2598 δὲ
2878 2544 3142 2615 διαφορὰν
3189 2544 3297 2594 τῶν
3335 2542 3683 2595 ὑποστάσεων
3715 2545 3776 2595 ἐν
3821 2545 4019 2613 μόναις

2431 2643 2551 2703 ταῖς
2581 2639 2758 2710 τρισὶν
2792 2638 3040 2707 ἰδιότησι,
3078 2639 3146 2705 τῇ
3174 2635 3397 2704 ἀναιτίῳ
3422 2634 3517 2686 καὶ
3540 2639 3787 2705 πατρικῇ
3825 2638 3927 2689 καὶ
3951 2641 4014 2706 τῇ

2432 2733 2648 2801 αἰτιατῇ
2685 2730 2781 2782 καὶ
2831 2732 3002 2799 υἰῖκῇ,
3031 2730 3126 2780 καὶ
3152 2731 3219 2798 τῇ
3257 2728 3472 2795 αἱτιατῇ
3513 2726 3605 2777 καὶ
3635 2728 3957 2798 ἑκπορευτῇ
3996 2737 4016 2763 ³

2433 2822 2867 2891 ὲπιγινώσκομεν
2888 2837 2900 2849 ·
2935 2818 3355 2887 ἀνεκφοιτήτους
3396 2818 3453 2870 δὲ
3499 2818 3691 2884 αὑτὰς,
3727 2820 3833 2872 καὶ
3863 2821 4017 2873 ἀδια-

2436 2914 2663 2975 στάτους
2692 2911 2958 2980 ἀλλήλων,
3013 2910 3109 2963 καὶ
3153 2908 3466 2979 ἡνωμένας,
3507 2910 3598 2961 καὶ
3640 2912 3697 2961 ἐν
3753 2912 4019 2981 ἀλλήλαις

2435 3004 2760 3073 ἀσυγχύτως
2789 3001 3205 3073 περιχοιροὺσας
3254 3001 3598 3069 ἐπιστάμεθα
3618 3017 3629 3028 ·
3668 3004 3767 3055 καὶ
3799 3005 4018 3072 ἡνωμέ-

2437 3112 2532 3159 νας
2565 3096 2662 3166 μὲν
2692 3096 3013 3163 ἀσυγχύτως
3040 3113 3053 3125 ·
3091 3098 3239 3165 τρεῖς
3288 3099 3395 3167 γάρ
3439 3097 3597 3157 εἰσιν,
3646 3096 3693 3147 εἰ
3719 3098 3820 3149 καὶ
3851 3099 4018 3165 ἧνωνο

2434 3206 2527 3242 ται
2550 3204 2563 3216 ’
2605 3188 2985 3259 διαιρουμὲνας
3021 3189 3076 3241 δὲ
3108 3189 3462 3252 ἀδιαστάτως.
3495 3189 3556 3241 Εἰ
3600 3188 3710 3258 γὰρ
3748 3192 3850 3242 καὶ
3897 3192 4018 3243 ἑκα-

2438 3298 2537 3349 στη
2585 3280 2706 3333 καθ’
2766 3280 2968 3350 ἑαυτὴν
3017 3281 3345 3351 ὑφέστηκεν,
3401 3282 3566 3350 ἤγουν
3624 3281 3818 3333 τελεία
3870 3284 4017 3334 ἐστὶν

2439 3372 2757 3436 ὑπόστασις,
2798 3374 2890 3424 καὶ
2936 3372 3031 3440 τὴν
3091 3374 3297 3427 οἰκείαν
3350 3372 3758 3441 ἰδιότητα,,ἣτοι
3799 3375 3893 3425 τὸν
3927 3374 4019 3442 τῆς

2443 3466 2733 3536 ὑπάρξεως
2766 3467 2965 3535 τρόπον
2994 3465 3247 3536 διάφορον
3277 3466 3561 3535 κέκτηται,
3600 3466 3720 3517 ἀλλ’
3784 3469 4020 3535 ἥνωνται

2440 3561 2505 3627 τῇ
2539 3575 2596 3609 τε
2619 3557 2777 3627 οὑσίᾳ
2815 3557 2910 3610 καὶ
2952 3558 3064 3618 τοῖς
3100 3558 3347 3625 φυσικοῖς
3384 3556 3657 3625 ἰδιώματι,
3709 3557 3816 3609 καί
3848 3557 3923 3625 τῷ
3952 3559 4018 3624 μὴ

2441 3648 2766 3713 διίστασθαι,
2799 3649 2929 3718 μηδὲ
2948 3649 3204 3717 ὲκφοιτᾷν
3221 3649 3319 3717 τῆς
3346 3649 3615 3717 πατρικῆς
3642 3649 4018 3711 ὑποστάσεως,

2404 3804 2413 3821 Δ
2443 3742 2538 3792 καὶ
2569 3735 2647 3803 εἷς
2687 3741 2818 3804 Θεός
2851 3741 2957 3792 εἰσί
2979 3758 3061 3805 τε,
3088 3742 3180 3792 καὶ
3206 3739 3456 3806 λέγονται
3478 3741 3606 3792 ’στὸν
3626 3740 3799 3791 αὑτὸν
3828 3742 4019 3809 τρόπον

2444 3833 2539 3883 καὶ
2564 3832 2659 3882 ἐπὶ
2685 3831 2784 3900 τῆς
2813 3832 2962 3893 θείας
2989 3831 3083 3899 καὶ
3109 3831 3443 3900 ἀπορρήτου,
3481 3832 3576 3881 καὶ
3632 3831 3823 3883 πάντα
3876 3832 4019 3892 νοῦν,

2446 3926 2540 3978 καὶ
2566 3925 2870 3993 κατάληψιν
2900 3924 3274 3993 ὑπερεχούσης
3296 3924 3627 3993 οἰκονομίας,
3650 3924 3745 3976 τοῦ
3783 3926 3904 3987 ἐνὸς
3934 3926 4022 3991 τῆς

2444 4016 2606 4077 ἁγίας
2640 4015 2869 4083 Τριάδος
2902 4012 3053 4083 ΘεοῦἹ
3075 4013 3269 4080 Λόγου,
3318 4014 3522 4081 Κυρίου
3550 4030 3609 4063 τε
3643 4014 3809 4081 ἡμῶν
3853 4012 4021 4081 Ἰησοῦ

2445 4106 2706 4176 Χριστοῦ,
2733 4106 2825 4157 δύο
2862 4105 2958 4175 μὲν
2991 4086 3182 4171 φὺσεις
3220 4086 3608 4173 ὁμολογόῦμεν,
3643 4104 3801 4156 θείαν
3848 4122 3906 4156 τε
3942 4107 4023 4155 καί

2444 4198 2789 4268 ἀνθρωπίνην
2822 4238 2836 4260 ,
2903 4195 3315 4264 συνεληλυθυίας
3399 4194 3695 4262 ἀλλήλαις,
3752 4196 3852 4247 καὶ
3908 4197 4023 4247 καθ’

2447 4268 2744 4339 ὑπόστασιν
2780 4285 3094 4348 ἑνωθείσας,
3132 4286 3227 4353 μία
3264 4285 3319 4336 δὲ
3359 4285 3457 4360 τὴν
3494 4284 3802 4357 ὑπόστασιν
3830 4286 3895 4335 εκ
3928 4286 4023 4335 τῶν

2448 4380 2661 4449 φύσεων
2693 4379 3152 4432 ἀποτελεσθεῖσαν
3202 4378 3454 4429 σύνθετον
3478 4394 3489 4406 ·
3526 4376 3808 4440 σώζεσθαι
3839 4378 3895 4428 δὲ
3928 4394 4023 4442 φαο

2452 4489 2549 4541 μεν
2606 4471 2703 4533 τὰς
2752 4471 2844 4522 δύο
2898 4469 3108 4537 φύσεις,
3166 4471 3259 4522 καὶ⁸
3303 4469 3460 4541 μετὰ,
3490 4468 3587 4537 τὴν
3620 4468 3943 4537 ξνωσιννὲν
3968 4469 4024 4531 τῇ

2452 4564 2551 4633 μιᾷ
2584 4563 2826 4633 νσυνθέτῳ
2880 4561 3195 4623 ὑποστάσει,
3243 4562 3406 4628 ἧγουν
3440 4562 3496 4610 ὲν
3529 4558 3606 4627 τῷ
3643 4558 3726 4610 ἐνὶ
3784 4559 4023 4629 Χριστῷ,

2450 4657 2545 4706 καὶ
2576 4632 2695 4706 κατ’
2748 4652 3006 4720 ἀλήθειαν
3055 4650 3225 4712 αὑτὰς
3274 4647 3431 4710 εἶναι,
3467 4650 3560 4702 καὶ
3580 4649 3647 4700 τα
3678 4649 3897 4701 τούτων
3933 4667 4024 4714 ςυ-

777 4737 1105 4791 i-nnlitemur
1139 4739 1205 4801 '9,
1255 4747 1314 4791 ut
1370 4753 1475 4790 una
1528 4738 1841 4808 hypostasis
1888 4746 1943 4791 et
1991 4754 2228 4807 persona
2280 4756 2334 4793 ea

2452 4744 2578 4797 σικά
2638 4743 2926 4812 ἰδιώματα’
2964 4743 3252 4811 ήνωμένας
3305 4741 3489 4810 μέντοι
3533 4740 3891 4805 ἀσυγχὺτως,
3946 4738 4027 4789 χαί

778 4830 991 4884 naturis
1021 4831 1237 4884 duabus
1265 4832 1569 4899 composita
1610 4830 1767 4897 211
1804 4829 1949 4883 facta
1983 4830 2334 4885 luerit.Jnte-

2439 4834 2765 4904 ἀδιαιρέτως
2833 4834 3199 4902 διαφερούσας
3257 4848 3351 4894 τε,

779 4936 904 4987 grus
942 4935 1125 4987 porro,
1160 4921 1324 4973 etiam
1358 4930 1479 4989 post
1521 4920 1853 4984 unitinnem,
1901 4930 2126 4975 naturas
2159 4924 2346 4976 ambas

779 5008 834 5061 in
872 5023 977 5061 una
1002 5009 1305 5076 composita
1332 5024 1590 5077 persona,
1628 5009 1744 5062 hoe
1767 5018 1851 5063 est
1883 5010 1936 5062 in
1964 5026 2069 5065 uno
2102 5012 2343 5072 Christo.

849 5162 897 5193 ⁸⁸
923 5158 941 5212 l
972 5158 1100 5214 Cor.
1146 5161 1281 5226 ",8.
1345 5160 1389 5191 ⁵⁷
1427 5158 1660 5213 Baruch.
1695 5172 1779 5236 ιιι,
1808 5160 1897 5214 58.

3441 4832 3534 4884 καὶ
3590 4831 3835 4901 ἀριθμου
3846 4834 4023 4901 μένας.

2445 4930 2555 4981 Καὶ
2586 4927 2775 4995 ὥσπερ
2807 4927 2860 4977 αἰ
2910 4928 3056 4995 τρεῖς
3088 4924 3414 4985 ὑποστάσεις
3474 4924 3569 4990 τῆς
3604 4923 3771 4988 ἁγίας
3804 4911 4025 4992 Τριίὶδος

2456 4990 2776 5088 ἀωγχὺτῶς
2802 5035 2860 5071 τε
2884 5018 3143 5086 ἧνωνται,
3176 5017 3272 5068 καὶ
3315 5014 3633 5085 ἁδιαιρέτως
3663 5014 3778 5083 (Ιᾶ)
3811 5015 4025 5084 διῄρηινο

2514 5120 2524 5145 Δ

2000 5159 2265 5259 "\Leont.
2301 5164 2356 5218 in
2391 5183 2532 5235 resp.
2560 5165 2647 5233 (HL
2670 5184 2876 5237 argum.
2914 5164 3091 5221 Serer.
3167 5167 3212 5196 "
3243 5164 3315 5220 Id.
3367 5162 3493 5219 ibid.

2006 5336 2011 5345 ,
2067 5277 2300 5334 VARI/E
2346 5281 2752 5337 LECTIONES.

858 5378 881 5403 τ
913 5366 1037 5442 llaec
1058 5366 1227 5442 verba
1250 5366 1450 5442 (lesunt
1499 5369 1551 5442 in
1587 5383 1720 5442 mss.
1755 5352 2115 5442 prmierquam
2151 5374 2203 5425 in
2238 5374 2350 5426 HR.
2388 5374 2528 5429 2925
2558 5388 2611 5429 et
2660 5376 2819 5428 2427.
2853 5375 2970 5430 Non
3003 5376 3131 5442 legit
3181 5385 3339 5428 vetus
3371 5375 3603 5442 interpr.
3685 5386 3705 5411 ³
3739 5375 3901 5431 Colb.
3931 5376 3948 5429 Ι
3978 5385 4021 5427 et

784 5439 949 5519 Regg.
984 5439 1018 5490 5
1056 5438 1148 5487 καὶ
1170 5439 1233 5503 τῇ
1259 5439 1555 5507 αἰτιατικῇ,
1590 5440 1682 5490 καὶ
1712 5441 1859 5509 υἰκῇ,
1896 5443 1989 5492 καὶ
2028 5444 2094 5512 τῇ
2130 5444 2568 5514 ἐκπορευτῇηλιιι
2614 5444 2785 5498 Faber
2817 5458 2863 5499 et
2897 5438 3175 5508 causali,et
3204 5444 3358 5512 ﬁliali
3384 5486 3397 5509 ,
3438 5454 3483 5497 el
3517 5438 3820 5512 processira
3871 5464 4021 5516 agno-

784 5523 1002 5561 scrmus.

2289 5602 2520 5667 ΝΟΤᾸΕ.
2610 5610 2612 5613 ’

854 5690 964 5759 (llr)
997 5689 1103 5741 Καὶ
1132 5689 1490 5755 ἁδιαιρέτως.
1530 5689 1595 5742 Et
1628 5706 1809 5743 rursus
1842 5693 1976 5743 citra
2016 5691 2349 5747 divisionem.

786 5758 1038 5812 Ocellrrit
1061 5768 1385 5827 argumento
1413 5762 1554 5827 quod
1592 5776 1619 5811 ιι
1654 5761 1992 5814 Nestorianis
2026 5760 2354 5818 Severianos

787 5827 1084 5885 sulfuratos
1105 5846 1225 5886 esse
1241 5831 1495 5886 observat
1516 5829 1798 5896 Leontius,
1822 5841 1928 5885 act.
1950 5832 1980 5884 7
2004 5830 2077 5885 De
2099 5843 2225 5887 sect.
2246 5834 2351 5887 ἀπὸ

2460 5695 2568 5748 τῶν
2621 5696 3003 5766 Νεστοριανῶν
3063 5697 3357 5765 κλέψαντες
3415 5695 3714 5766 ἀποροῦσιν
3763 5698 3899 5765 ἡμῖν
3944 5697 4022 5747 αὖ·

2460 5766 2579 5828 τάς.
2610 5765 2809 5819 Subdit
2874 5768 2959 5819 hic
3005 5777 3215 5830 auctor,
3248 5765 3695 5834 conjunctioncm
3731 5772 4019 5833 quamlibet

2461 5851 2691 5891 numero
2724 5853 2829 5892 non
2882 5837 3022 5904 tolli,
3077 5839 3276 5908 quippe
3306 5852 3428 5893 cum
3472 5838 3703 5891 materia
3735 5846 3789 5892 et
3836 5836 4017 5899 forma,
