4180 6450
186 447 326 504 1001

188 649 548 720 διάστασιν,ἢ
583 647 962 718 ἀλλοτρίωσιν,
1019 647 1111 699 καὶ
1171 647 1436 716 διατομὴν
1482 651 1540 701 ἐν
1584 651 1775 714 αὑταῖς

185 743 298 796 οὐκ
329 733 672 814 ’ἐργάζεταιο
731 740 828 792 ἕνα
877 739 986 810 γὰρ
1033 739 1166 792 Θεὸν
1205 741 1639 814 ἐπιγινωσκομεν
1685 745 1777 797 τὸν

187 834 440 900 Πατέρα,
475 833 571 886 καὶ
588 833 680 885 τὸν
710 832 858 895 Υἱὸν,
893 831 988 884 καὶ⁸
1018 830 1078 883 τὸ
1109 832 1334 902 Πνεῦμα
1362 835 1423 886 τὸ
1455 833 1610 902 ἅγιον
1632 853 1644 868 ·
1684 837 1775 888 τὸν

185 927 359 979 αὐτὸν
409 925 631 996 τρόπον,
689 926 781 979 καὶ
835 924 894 977 αἱ
936 922 1031 976 τοῦ
1076 924 1320 996 Χριστοῦ
1358 926 1570 997 φύσεις,
1603 930 1651 982 εξ
1683 930 1774 983 καὶ

181 1020 454 1088 ἧνωνται,
483 1017 598 1072 ἀλλ’
620 1017 947 1088 ἀσυγχύτως
973 1018 1245 1089 ἦνωνται“
1290 1023 1384 1073 καὶ⁸
1433 1022 1482 1073 εἰ
1515 1022 1572 1074 ὲν
1608 1021 1792 1093 ἀλλή-¹

181 1110 312 1174 λαις
339 1107 765 1181 περιχωροῦσιν,
792 1109 930 1166 ἀλλὰ
962 1109 1060 1182 τὴν
1087 1111 1166 1173 εἰς
1193 1109 1428 1181 ἀλλήλας
1454 1112 1662 1184 τροπήν
1691 1128 1770 1175 τε,

179 1202 288 1255 καὶ
309 1198 611 1271 μεταϐολὴν
640 1199 702 1252 οὑ
738 1199 1074 1270 προσίενται.
1099 1200 1361 1254 Φυλάττει
1391 1201 1500 1272 γὰρ
1537 1200 1774 1270 ἑκατέρα

179 1292 289 1363 τὴν
322 1291 521 1362 ἑαυτῆς
548 1291 785 1361 φυσικὴν
823 1292 1066 1363 ἰδιότητα
1109 1281 1510 1364 ἀμετάϐλητον.
1553 1293 1644 1347 Διὸ
1680 1296 1774 1348 καὶ

179 1382 573 1454 ἀριθμοῦνται,
627 1385 722 1436 καὶ
748 1374 1052 1455 ὁάριθμὸς
1107 1384 1209 1440 οὐκ
1242 1383 1452 1454 εἰσάγει
1484 1383 1768 1457 διαίρεσιν.

178 1469 287 1537 Εἷς
312 1476 420 1546 γάρ
447 1477 596 1529 ἐστιν
624 1476 652 1529 ό
679 1475 940 1547 Χριστὸς,
971 1474 1031 1529 ἐν
1073 1492 1132 1528 τε
1160 1474 1378 1544 Θεότητι
1409 1475 1504 1529 καὶ
1555 1474 1771 1547 ἅνθρω-

178 1566 385 1636 πότητι
414 1566 649 1631 τέλειος·
702 1569 730 1621 ό
775 1567 886 1638 γὰρ
937 1565 1196 1638 ἀριθμὸς,
1257 1566 1317 1621 οὖ
1363 1547 1768 1639 έιαιρέσεωςνῆ

177 1657 433 1723 ἑνώσεως
473 1660 648 1724 αἴτιος
695 1659 964 1729 πέφυκεν,
1026 1658 1164 1713 ἀλλὰ
1200 1659 1300 1730 τῆς
1329 1660 1628 1730 ποσότητος
1662 1660 1771 1714 τῶν

174 1749 604 1821 ἀριθμουμένων
623 1749 981 1822 σημαντικὸς,
995 1750 1103 1803 εἴτε
1119 1749 1434 1820 ήνωμένων,
1454 1749 1564 1803 εἴτε
1583 1749 1667 1820 διῃ
1677 1767 1770 1822 ρη-

178 1842 396 1911 μένων·
447 1842 749 1914 ἡνωμένων
793 1843 914 1914 μὲν,
957 1841 1156 1918 ὠςηότι
1209 1843 1545 1912 πεντήκοντα
1590 1841 1769 1907 λίθους
1801 1857 1845 1918 ’ί

171 1933 296 2004 ἔχει
323 1937 351 1988 ό
377 1938 551 2006 τοῖχος
579 1930 736 1999 οὗτος
762 1950 774 1964 ⁸
817 1935 978 2006 διῃρη
991 1928 1165 2002 μένων
1219 1933 1297 1996 δὲ,
1332 1934 1406 1997 ὡς
1450 1935 1533 1988 ὅτι
1562 1937 1764 2006 πεντή-

173 2039 348 2077 κοντα
377 2023 516 2078 λίθοι
546 2028 756 2080 κεῖνται
790 2027 848 2078 ὲν
879 2023 958 2096 τῷ
987 2023 1158 2094 πεδίῳ
1189 2025 1399 2095 τούτῳ·
1429 2025 1524 2079 καὶ
1552 2027 1766 2096 ἡνωμέ-

170 2133 289 2168 νων
327 2116 448 2187 μὲν,
474 2118 556 2172 ὅτι
581 2117 676 2171 δύο
703 2117 896 2187 φύσεις
931 2117 1070 2170 εἰσιν
1101 2119 1159 2170 ὲν
1188 2116 1264 2186 τῷ
1305 2116 1559 2188 ἄνθρακι,
1595 2117 1766 2188 πυρὸς

171 2210 323 2280 λέγω
351 2213 446 2267 καὶ
487 2212 682 2278 ξύλουο
730 2213 1083 2287 διῃρημένων
1113 2211 1192 2276 δὲ,
1241 2211 1324 2264 ὅτι
1383 2213 1416 2282 ἡ
1476 2211 1641 2280 φύσις
1671 2210 1764 2264 τοῦ

171 2305 356 2375 πυρδς
375 2305 539 2377 ἑτέρα
559 2305 696 2372 ἐστὶ,
734 2307 828 2358 καὶ
859 2309 890 2373 ἡ
915 2305 1010 2358 τοῦ
1036 2305 1195 2372 ξύλου
1219 2305 1384 2376 ἑτέρα
1405 2321 1418 2335 ι
1453 2305 1615 2359 ἄλλου
1643 2305 1766 2376 τρό-

171 2412 285 2448 που
338 2395 604 2458 ἑνοῦντος,
658 2397 752 2448 καὶ
808 2393 1150 2466 διαιροῦντος
1195 2396 1366 2462 αὐτὰ,
1415 2395 1509 2448 καὶ
1559 2395 1619 2448 οὑ
1667 2395 1763 2450 τοῦ

168 2485 438 2557 ἀριθμοῦ.
481 2488 694 2559 Ὥσπερ
711 2489 891 2540 τοίνυν
931 2487 1192 2542 ἀδύνατον
1219 2487 1314 2550 τὰς
1345 2489 1493 2557 τρεῖς
1522 2487 1760 2542 ὑποστά-

170 2596 295 2642 σεις
339 2579 440 2649 τῆς
500 2579 775 2652 θεότητος,
807 2583 854 2634 εἰ
903 2581 999 2635 καὶ
1038 2581 1275 2651 ἥνωνται
1309 2578 1591 2650 ἀλλήλαις,
1634 2579 1762 2651 μίαν

170 2672 486 2725 ὑπόστασιν
522 2674 700 2726 εἰπεῖν
722 2673 808 2726 διὰ
835 2673 896 2725 τὸ
927 2673 1000 2743 μὴ
1024 2673 1290 2743 σύγχυσιν
1317 2674 1412 2726 καὶ
1452 2673 1760 2743 ἀφανισμὸν

165 2763 272 2834 τῆς
307 2762 416 2816 τῶν
446 2764 804 2818 ὑποστάσεων
860 2763 1126 2835 διαφορᾶς
1169 2764 1510 2833 ἐργάσασθαι
1544 2766 1587 2831 ί,
1618 2764 1761 2816 οὕτω

167 2857 270 2908 καὶ
305 2855 402 2918 τὰς
423 2854 516 2908 δύο
543 2855 737 2924 φύσεις
769 2857 860 2910 τοῦ
895 2857 1150 2928 Χριστοῦ,
1176 2858 1274 2920 τὰς
1303 2856 1426 2910 καθ’
1462 2856 1761 2910 ὑπόστασιν

167 2947 481 3017 ήνωμὲνας,
513 2947 774 3003 ἀδύνατον
806 2947 934 3019 μίαν
961 2949 1122 3018 φύσιν
1145 2949 1344 3014 εἰπεῖν,
1376 2947 1462 3002 ἵνα
1505 2949 1581 3019 μὴ
1613 2949 1752 3016 ἀφα-

167 3038 388 3104 νισμὸν,
415 3040 507 3092 καὶ
546 3039 829 3110 σύγχυσιν,
876 3040 972 3093 καὶ
1030 3039 1372 3112 ἀνυπαρξέαν
1416 3040 1514 3111 τῆς
1570 3037 1753 3094 αὑτῶν

164 3131 438 3200 διαφορᾶς
470 3131 855 3203 ἐργασώμεθα.

1272 447 1366 505 DE
1405 448 1584 506 FIDE
1615 447 2078 508 URTIIUDOXA
2119 451 2266 510 LIB.
2296 451 2408 510 Ill.

190 576 313 615 ται.
371 557 468 610 καὶ
513 552 898 626 ἀριθμοῦνται,
935 555 1030 606 καὶ
1072 555 1100 606 ὁ
1152 555 1385 625 ἀριθμὸς
1419 555 1706 626 διαίρεσιν,
1740 559 1761 608 οἱ

1880 554 2088 612 servari
2118 559 2376 625 dicimus,
2409 574 2617 631 easque
2643 577 2770 618 vere
2799 578 2920 620 csse
2951 579 3075 623 cum
3109 571 3452 632 naturalibus
3554 631 3560 640 ,

3319 463 3450 527 mea

1879 649 2124 719 ipsarum
2160 653 2598 721 proprietati-bus
2629 672 2640 708 :
2674 655 2805 725 quia
2839 658 3096 714 nimirum
3127 652 3268 718 citra
3314 679 3452 722 cou-

1879 739 2155 796 fusionem
2197 743 2365 798 uuitce
2417 754 2571 809 sunt,
2627 753 2683 800 ot
2715 760 2912 803 rursus
2945 749 3083 806 citra
3116 752 3450 812 divisionem

1877 834 2300 906 distinguuntur
2342 845 2398 893 et
2449 845 2832 894 numerantur.
2885 839 2950 895 Et
2983 845 3449 912 quemadmodum

1877 933 1989 983 tres
2020 939 2224 983 sanctae
2249 927 2540 985 Trinitatis
2583 945 2832 1000 personae
2871 933 2946 988 ita
2973 933 3094 992 sine
3125 938 3451 998 confusione

1879 1019 2045 1076 unita:
2077 1029 2234 1088 sunt,
2272 1030 2333 1076 ut
2360 1033 2542 1078 tamen
2590 1023 2713 1081 sine
2757 1024 3038 1084 divisione
3097 1027 3446 1102 distinguan-

1876 1118 1968 1165 tur
1997 1121 2052 1167 et
2082 1122 2445 1169 numerentur
2471 1131 2485 1181 ;
2516 1115 2647 1186 quia
2696 1131 2895 1188 nnmpe
2935 1133 3203 1178 numerus
3234 1137 3336 1179 nec
3361 1125 3448 1180 di-

1874 1201 2167 1268 visionem,
2205 1217 2307 1259 nec
2355 1203 2808 1275 disiunctionem,
2870 1222 2971 1264 nec
3031 1209 3445 1279 alienationem.

1874 1307 1979 1349 nec
2010 1294 2318 1350 sectionem
2346 1295 2401 1350 in
2447 1296 2584 1366 ipsis
2622 1297 2754 1352 facit
2781 1299 2988 1369 (unum
3023 1301 3226 1372 quippe
3255 1302 3449 1370 Deum,

1874 1383 2430 1453 Patrem,etFilium,
2465 1399 2519 1443 et
2548 1387 2814 1458 Spiritum
2845 1399 3101 1447 sanctum
3134 1382 3446 1463 novimus):

1873 1479 1948 1534 ita
1976 1494 2197 1551 quoque
2233 1479 2439 1536 Christi
2467 1469 2700 1547 naturae,
2726 1484 2981 1553 quamvis
3015 1485 3250 1542 invicem
3284 1490 3449 1544 unita:

1873 1568 2002 1635 sint,
2071 1577 2329 1624 caeterum
2379 1570 2534 1625 nulla
2586 1572 2955 1644 confusione,
3023 1587 3078 1632 et
3142 1564 3477 1648 quamlibet-

1873 1660 1996 1716 aliae
2023 1660 2164 1716 alias
2207 1669 2513 1731 permeent,
2565 1677 2676 1718 non
2717 1672 2898 1722 tamen
2944 1669 3364 1724 conversionem
3395 1677 3447 1724 et

1873 1753 2398 1809 transmutationem
2432 1754 2662 1811 alterius
2691 1757 2742 1810 in
2785 1757 3017 1814 alteram
3047 1759 3346 1816 admittunt
3379 1761 3425 1794 ⁶⁰

1873 1844 2123 1916 Utraque
2165 1845 2314 1898 enim
2345 1846 2652 1902 naturalem
2693 1849 3087 1918 proprietatem
3139 1867 3296 1927 suam
3350 1854 3448 1908 im-

1872 1945 2076 1993 motam
2131 1944 2335 1992 tuetur.
2389 1935 2533 1992 Hinc
2584 1953 2804 2009 quoque
2845 1940 2904 1995 lit
2948 1949 3006 1996 ut
3057 1954 3443 2009 numerentur,

1871 2043 1972 2086 nec
2029 2040 2211 2085 tamen
2272 2045 2538 2086 numerus
2602 2031 2926 2088 divisionem
2985 2033 3235 2092 inducat.
3294 2035 3446 2093 Unus

1872 2119 2151 2191 siquidem
2181 2104 2442 2175 Christus
2470 2130 2576 2188 est,
2622 2129 2732 2175 tam
2764 2121 2818 2176 in
2853 2123 3164 2191 divinitate,
3196 2140 3361 2198 quam
3393 2132 3446 2183 in

1872 2211 2220 2268 humanitate
2295 2211 2598 2281 perfectus.
2670 2211 2860 2284 Neque
2905 2213 3050 2270 enim
3103 2218 3316 2272 numeri
3383 2233 3446 2274 ea

1871 2313 2072 2361 natura
2123 2313 2230 2368 est,
2290 2313 2351 2360 ut
2399 2305 2726 2362 divisionem
2779 2315 2872 2361 aut
2923 2307 3183 2364 unionem
3231 2309 3443 2379 all'erat,

1871 2399 1965 2456 sed
2020 2399 2383 2470 quantitatem
2441 2398 2708 2452 duntaxat
2750 2413 2939 2454 earum
2987 2414 3170 2455 rerum
3221 2416 3344 2471 quae
3388 2403 3442 2457 in

1871 2506 2166 2547 numerum
2200 2490 2426 2555 cadunt,
2470 2489 2764 2560 signiﬁcat,
2804 2489 2922 2544 sive
2961 2488 3067 2545 illae
3108 2490 3276 2546 unita:
3310 2492 3441 2560 sint,

1862 2583 1978 2639 sive
2006 2583 2194 2640 divisae
2225 2600 2238 2638 :
2272 2581 2440 2638 unita:
2475 2569 2722 2651 quidem,
2761 2588 2823 2635 ut
2857 2580 3007 2652 quod
3030 2582 3436 2654 quinquaginta

1865 2673 2145 2744 lapidibus
2193 2672 2285 2729 hic
2338 2671 2521 2742 paries
2575 2677 2830 2740 constet;
2877 2669 3070 2729 divisae
3129 2682 3336 2739 autem,
3384 2684 3444 2730 ut

1863 2763 2009 2833 quod
2044 2761 2448 2833 quinquaginta
2495 2760 2706 2831 lapides
2739 2761 2797 2815 in
2833 2774 3031 2833 campo
3075 2761 3336 2832 iaceant:
3380 2779 3444 2818 ac

1861 2869 2086 2910 rursum
2129 2856 2322 2920 unitas,
2379 2863 2438 2908 ut
2481 2853 2628 2924 quod
2674 2853 2729 2908 in
2779 2853 3021 2909 carbone
3055 2854 3179 2910 duae
3230 2867 3443 2912 natura:

1866 2947 1999 3012 sint,
2030 2947 2174 3018 ignis
2205 2945 2468 3003 nimirum
2511 2957 2568 3003 et
2608 2946 2768 3018 ligni;
2811 2946 3066 3003 discreta:
3104 2963 3257 3017 vero,
3294 2950 3443 3022 quod

1865 3039 1971 3093 alia
1997 3038 2140 3109 ignis
2161 3047 2362 3095 natura
2393 3039 2485 3107 sit,
2522 3038 2628 3094 alia
2677 3037 2850 3110 ligni;
2901 3037 3009 3096 alio
3039 3056 3237 3112 nempe
3277 3043 3442 3099 modo

1861 3131 1979 3186 hanc
2022 3131 2314 3201 copulante
2363 3138 2420 3187 et
2453 3130 2764 3194 dividente,
2800 3146 2911 3186 non
2957 3142 3144 3188 autem
3188 3149 3439 3191 numero.

165 3224 644 3295 Quemadmodum
736 3224 904 3295 igitur
962 3223 1080 3280 ﬁeri
1128 3225 1341 3296 nequit,
1433 3233 1493 3280 ut
1567 3233 1682 3284 tres
1751 3222 2058 3281 divinitatis
2110 3239 2398 3296 personas,
2459 3225 2679 3280 tametsi
2729 3225 2874 3280 inter
2928 3240 2988 3283 se
3034 3225 3238 3296 iunctm
3284 3239 3438 3295 sunt,

170 3330 339 3371 unam
373 3331 664 3384 personam
709 3317 980 3385 dicamus,
1035 3335 1102 3373 ne
1141 3319 1346 3389 alioqui
1385 3335 1746 3389 personarum
1787 3318 2091 3374 discrimen
2123 3317 2534 3375 coniundamus
2581 3323 2638 3373 et
2679 3331 2710 3373 e
2784 3315 2969 3374 medio
3017 3317 3296 3386 tollamus,
3366 3320 3440 3376 ita

166 3420 274 3461 nec
325 3408 440 3462 ﬁeri
491 3415 692 3478 potest,
730 3417 788 3463 ut
839 3408 979 3465 duas
1028 3408 1237 3466 Christi
1277 3418 1507 3466 naturas
1580 3413 1888 3470 secundum
1929 3410 2272 3481 hypostasim
2357 3409 2541 3466 unitas
2592 3423 2759 3465 unam
2841 3417 3098 3471 naturam
3162 3407 3418 3481 dicamus

165 3514 237 3554 ne
267 3498 568 3556 discrimen
600 3516 794 3556 carum
825 3503 1084 3557 tollamus
1119 3511 1171 3556 ct
1202 3503 1629 3571 confundamus,
1667 3513 1830 3573 atque
1861 3505 1928 3560 ad
1961 3504 2194 3559 nihilum
2228 3503 2566 3576 redigamus.
3410 3479 3429 3506 ’

688 3592 953 3648 ’ΚΕΦΑΛ.
996 3597 1051 3662 q'
1087 3593 1218 3668 [N'.]

164 3686 300 3741 Ὀτι
329 3682 497 3740 πᾶσα
519 3685 556 3752 ἠ
584 3686 710 3740 θεία
728 3686 915 3754 φύσις
929 3686 1000 3738 ἐν
1017 3683 1124 3754 μιᾷ
1142 3686 1257 3740 τῶν
1272 3685 1463 3754 αὐτῆς
1480 3689 1749 3742 ὑποστά-

233 3771 406 3827 σεωνν
447 3757 644 3824 aia-dum
679 3753 847 3826 πάσῃ
898 3753 974 3825 τῇ
1019 3753 1365 3827 ἀνθρωπίνῃ
1415 3753 1623 3827 φύσει,
1651 3761 1747 3812 καὶ

233 3828 312 3883 οὐ
331 3826 513 3896 μέρος
532 3827 718 3895 μέρει.

236 3917 322 3971 Τὰ
347 3918 502 3972 κοινὰ
529 3919 623 3972 καὶ
662 3918 928 3972 καθολικὰ
973 3919 1406 3991 κατηγοροῦνται
1433 3921 1542 3974 τῶν
1572 3921 1752 3984 αὐτοῖς

164 4010 548 4080 ὑποκειμένων
581 4009 844 4081 μερικῶν.
902 4011 1099 4064 Κοινὺν
1150 4012 1333 4065 τοίνυν
1377 4013 1410 4082 ή
1455 4012 1637 4077 οὐσία,
1675 4015 1751 4076 ὼς

163 4098 328 4168 εἶδος,
363 4103 588 4174 μερικὸν
608 4103 744 4175 sm;
786 4103 1106 4168 ὑπόστασις.
1145 4104 1386 4176 Μερικὺν
1411 4105 1494 4170 δὲ,
1531 4106 1630 4176 οὐχ
1669 4107 1750 4160 ὅτι

165 4197 336 4267 μέρος
383 4195 484 4266 τῆς
541 4192 758 4264 φύσεως
817 4196 954 4267 ἔχει,
1008 4197 1180 4269 μέρος
1224 4197 1279 4252 δὲ
1309 4198 1408 4251 οὐκ
1441 4197 1576 4268 ἔχει,
1615 4197 1753 4252 ἀλλὰ

166 4289 398 4360 μερικὸν
427 4287 504 4358 τῷ
529 4287 768 4359 ἀριθμῷ,
831 4289 906 4353 ὼς
943 4291 1182 4360 ἄτομονο
1219 4290 1440 4362 ἀριθμῷ
1474 4290 1605 4361 γὰρ,
1659 4291 1752 4344 καὶ

161 4383 224 4434 οὑ
261 4380 424 4449 φύσει
470 4381 749 4451 διαφέρειν
799 4381 1049 4449 λέγονται
1096 4384 1151 4434 αἱ
1200 4384 1551 4446 ὑποστάσεις.
1601 4385 1749 4437 Κατ-

161 4473 521 4544 ηγορείταιδὲ
551 4474 584 4545 ἠ
609 4473 768 4528 οὐσία
785 4473 883 4544 τῆς
909 4474 1281 4541 ὑποστάσεως,
1301 4475 1434 4527 διότι
1453 4476 1509 4528 ἐν
1541 4475 1748 4547 ἑκάστῃ

161 4566 277 4618 τῶν
321 4564 585 4634 ὁμοειδῶν
644 4564 996 4619 ὺποστάσεων
1061 4565 1247 4618 τελεία
1302 4569 1334 4636 ἡ
1387 4566 1545 4620 οὐσία
1605 4567 1742 4622 ἐστί.

161 4655 257 4710 Διὸ
289 4656 409 4710 οὐδὲ
442 4655 792 4727 διαφέρουσιν
843 4655 1092 4726 ἀλλήλων
1149 4657 1204 4710 ai
1261 4657 1592 4721 ὑποστάσεις
1624 4657 1746 4711 κατ’

163 4746 378 4812 οὐσίαν,
413 4747 550 4800 ἀλλὰ
577 4747 720 4802 κατὰ
775 4746 845 4800 τὰ
892 4745 1303 4818 συμϐεϐηκότα,
1351 4746 1512 4802 ἅτινά
1539 4749 1645 4801 εισι
1679 4749 1748 4802 τὰ
1787 4803 1793 4807 ,

163 4837 650 4911 χαρακτηριστικὰ
741 4836 1039 4909 ἰδιώματα*
1135 4840 1617 4911 χαρακτηριστικὰ
1683 4832 1745 4892 δὲ

2502 3595 2658 3653 CAP.
2691 3595 2779 3653 Vl.

1858 3687 2013 3756 Quod
2045 3697 2156 3743 tota
2188 3687 2369 3743 diuina
2403 3696 2602 3742 natura
2642 3690 2697 3742 in
2750 3704 2857 3742 una
2904 3705 3126 3744 suarum
3182 3703 3433 3756 persona-

1926 3760 2171 3842 rum'toti
2199 3759 2445 3814 humana:
2479 3769 2688 3814 natura:
2739 3761 2888 3812 unita
2937 3762 3025 3825 sit,
3066 3769 3113 3812 et
3170 3775 3270 3812 non
3313 3775 3434 3828 pars

1924 3840 2089 3899 parti.

1940 3921 2182 3977 liuentia
2201 3932 2249 3977 et
2271 3930 2467 3976 natura
2505 3921 2688 3976 eadem
2711 3922 2763 3975 iu
2800 3924 3035 3992 personis
3070 3919 3434 3986 tom—Quae

1853 4014 2166 4069 communia
2200 4021 2255 4068 ct
2305 4015 2640 4069 universalia
2690 4024 2840 4079 sunt,
2887 4013 2957 4068 de
3000 4011 3433 4083 particular-ibus

1853 4106 1959 4161 sibi
1991 4105 2260 4175 subjectis
2301 4106 2695 4177 praedicantur.
2725 4104 3031 4160 Commune
3059 4117 3224 4174 porro
3249 4103 3424 4174 quod-

1853 4199 1978 4254 (lam
2015 4206 2100 4254 est
2132 4201 2392 4267 essentia,
2429 4205 2488 4253 ut
2511 4198 2750 4269 species;
2783 4197 3138 4267 particulare,
3166 4191 3427 4267 persona.

1853 4288 2213 4354 Particulare,
2276 4290 2521 4359 inquam,
2588 4301 2701 4343 non
2758 4286 2906 4357 quod
2961 4294 3179 4340 natura:
3215 4269 3426 4355 partem

1853 4378 2148 4450 quamdam
2183 4379 2290 4436 sibi
2340 4379 2604 4446 vindicet,
2642 4377 2738 4434 sed
2769 4377 2898 4448 quia
2929 4390 3162 4432 numero
3183 4376 3426 4446 particu-

1856 4472 1968 4526 lare
2012 4478 2120 4536 est,
2154 4479 2212 4527 ut
2263 4469 2633 4526 individuum.
2690 4468 2949 4525 Persona:
2997 4467 3270 4538 siquidem
3315 4480 3425 4522 non

1854 4573 2071 4627 natura,
2124 4564 2220 4620 sed
2269 4577 2502 4618 numero
2554 4563 2698 4618 inter
2741 4577 2801 4618 se
2840 4559 3106 4631 distingui
3137 4559 3424 4615 dicuntur.

1851 4656 2192 4712 Praedicatur
2233 4656 2419 4727 itaque
2451 4652 2803 4727 essentiade
2850 4665 3117 4724 persona,
3162 4650 3426 4723 quoniam

1854 4748 1908 4803 in
1945 4747 2184 4818 singulis
2235 4747 2441 4818 speciei
2487 4745 2734 4818 ejusdem
2770 4743 3025 4816 personis
3066 4741 3312 4813 perfecta
3344 4751 3428 4799 est

1852 4841 2115 4896 essentia.
2149 4839 2268 4906 Quo
2304 4839 2365 4894 ﬁt
2411 4847 2470 4894 ut
2521 4853 2771 4911 personae
2819 4837 2962 4892 inter
3007 4851 3065 4891 se
3111 4852 3221 4891 non
3270 4835 3428 4891 diﬁc.-

163 4931 539 4995 ὺποστάσεως,
562 4930 655 4984 καὶ
681 4930 742 4984 οὗ
771 4929 1004 4999 φύσεως.
1038 4930 1150 4984 Καὶ
1175 4929 1284 5001 γὰρ
1305 4929 1403 5002 τὴν
1442 4929 1746 4986 ὑπόστασιν

1864 4941 1978 4988 rant
2016 4933 2230 4989 ratione
2269 4933 2548 4999 essentia},
2581 4933 2677 4988 sed
2721 4929 3121 4992 accidentium,
3154 4943 3277 5002 qua:
3307 4928 3429 4996 qui-
3510 4933 3512 4936 '

160 5022 462 5094 ὁρίζονται,
521 5021 710 5076 οὐσίαν
774 5019 913 5090 μετὰ
967 5020 1413 5091 συμὸεὸηκότων.
1459 5021 1623 5075 Ὥστε
1684 5019 1745 5075 τὺ

1864 5023 1974 5079 iem
2013 5031 2143 5080 sunt
2192 5027 2427 5096 propriae
2475 5035 2528 5080 et
2583 5031 2750 5079 certae
2796 5023 2960 5093 212
3017 5030 3162 5076 nota:
3224 5019 3425 5091 quibus

162 5113 348 5168 κοινὸν
380 5115 522 5184 μετὰ
546 5115 642 5168 τοῦ
674 5113 970 5179 ἱδιάζοντος
1009 5113 1123 5184 ἔχει
1158 5113 1538 5185 ἡὺπόστασις,
1573 5113 1744 5169 καὶτὸ

1825 5117 2129 5190 ,εἰείιιιιιιιι-
2157 5117 2499 5188 hypostasis,
2530 5133 2640 5171 non
2674 5124 2897 5171 natura.
2931 5114 3253 5186 llypostasis
3277 5112 3425 5167 enim

234 5233 281 5267 ιο
314 5231 447 5286 lnl‘r.
482 5205 606 5304 ap.
642 5232 705 5300 7;
738 5229 903 5286 Basil.
934 5230 1100 5301 epist.
1129 5231 1219 5297 ιδ,
1272 5239 1326 5288 et
1357 5231 1451 5286 lib.
1479 5231 1557 5286 De
1589 5231 1735 5300 Spir.

1864 5243 1952 5288 ιρι.
1987 5249 2110 5303 cap.
2150 5233 2234 5284 1⁵7.

241 5351 260 5384 ι
321 5346 476 5401 Edita
536 5349 652 5404 sola
699 5346 1051 5420 ἐργάζεσθαι.

1687 5418 1905 5480 ΝΟΤιΈ

161 5513 266 5568 etsi
326 5511 547 5566 diversa
616 5523 767 5572 sunt.
819 5528 909 5567 res
965 5527 1074 5566 una
1134 5511 1509 5567 constituatur
1556 5523 1569 5560 :
1609 5507 1732 5564 ideo

161 5583 496 5618 'l'l...nlnnnm
549 5594 662 5618 mnu
722 5583 791 5618 KR
829 5582 898 5618 n.
927 5581 1125 5618 Plu-Sui
1152 5581 1586 5618 nniuriuliviucn
1615 5597 1625 5607 -
1658 5579 1731 5618 Τὸ

1864 5512 2076 5618 ὀίνυνῄ
2118 5512 2279 5580 φύσις
2311 5511 2404 5567 τοῦ
2426 5511 2684 5583 ἀριθμοῦ,
2746 5512 2866 5565 καθ’
2893 5511 3092 5579 ἑαυτὴν
3133 5509 3253 5561 οὔτε
3304 5527 3379 5560 τι·

1864 5583 1993 5618 ξιιμ-ε.
2022 5599 2142 5618 nm-e
2171 5583 2372 5618 Sumne?
2447 5582 2588 5618 Nil-il
2640 5583 2842 5618 nuinnn
2882 5593 3114 5618 nnmprn
3163 5579 3373 5618 nunrim

2022 5599 2082 5635 ου

161 5583 520 5651 'l'hcologum,
549 5594 688 5638 orat.
721 5583 791 5637 56
823 5582 898 5637 De
927 5581 1125 5638 Christi
1152 5583 1362 5635 naturis
1381 5581 1586 5634 dixisse
1613 5579 1731 5651 ι-Τὸ

161 5649 572 5723 συναμφότερον
625 5654 703 5715 ἒν,
735 5654 796 5706 οὑ
853 5656 920 5724 τῇ
959 5654 1142 5723 φύσει,
1194 5650 1352 5724 ἀλλὰ.
1387 5651 1452 5724 τῇ
1502 5649 1728 5724 συνόδῳ,

162 5719 382 5792 utraque
414 5719 574 5775 ιιιιιιιη
639 5724 720 5792 ﬁt,
778 5739 880 5778 non
895 5719 1134 5783 "natura,
1159 5721 1246 5776 sed
1272 5721 1515 5775 coitione.
1555 5719 1613 5773 lu
1642 5734 1732 5773 so-

161 5797 370 5848 lutione
403 5794 560 5861 primi
587 5795 895 5864 argumenti
934 5793 1148 5864 Severi,
1211 5794 1371 5864 hanc
1394 5805 1516 5864 esse
1551 5797 1734 5864 os_t_eu-

162 5865 238 5921 dit
273 5859 525 5919 naturam
547 5859 780 5924 uulneri,
801 5874 855 5918 ιιι
879 5878 975 5917 nec
1003 5863 1178 5925 uniat,
1209 5878 1306 5919 nec
1323 5861 1529 5917 dividat
1553 5877 1564 5912 :
1589 5859 1731 5912 Αὓτν,

446 5955 731 6018 ἸἈτ1ιι·»1’..
787 5958 905 6016 Cn.
959 5957 1149 6019 ΧΠῘΥ.

1839 5599 1999 5636 απτει

1840 5653 1947 5707 nisi
2010 5651 2370 5722 quantitatem
2408 5669 2420 5704 :
2462 5653 2606 5707 unde
2656 5651 2768 5707 tres
2813 5651 3406 5722 Divinitatispersona

1846 5725 1960 5777 sine
1989 5717 2261 5777 divisione
2327 5732 2686 5777 numerantur
2743 5723 2814 5773 lla
2851 5735 3068 5789 quoque
3125 5717 3412 5785 Maximus.

1845 5797 2004 5851 opici.
2045 5795 2063 5847 1
2100 5795 2162 5843 ιιιί
2195 5794 2323 5847 10M-
2377 5794 2549 5848 (ἶιιΙιὶι-

2089 5579 2145 5636 τε
2171 5583 2390 5655 διαιρεῖ.
2447 5579 2592 5655 Nihil
2640 5583 3114 5655 quippe‘numero
3163 5579 3394 5648 exprimi
