4180 6450
230 454 363 520 1009

1300 462 1394 520 DE
1421 463 1601 521 FIDE
1645 463 2114 524 ORTIIODOXA
2156 464 2297 523 ιω.
2333 464 2441 522 lli.

3346 459 3480 522 1010

224 570 520 624 ὑποστάσει
548 570 961 641 ὑποστήσασθαι
994 571 1174 643 ἑαυτῷ
1204 573 1380 644 σάρκα
1412 576 1476 628 ὲκ
1513 574 1610 643 τῆς
1640 572 1793 644 ἁγίας

1907 574 2171 643 Verbum,
2202 584 2429 645 paterno
2447 576 2568 630 sinu
2603 590 2712 630 non
2735 575 2951 641 relicto,
2975 574 3095 631 sine
3124 575 3480 630 circumscri-

223 660 519 729 Παρθένου.

1904 667 2092 738 ptione
2134 668 2189 723 in
2221 679 2425 723 sanctae
2461 668 2700 750 Virginis
2756 677 2915 723 utero
2951 667 3230 725 habitasse
3273 667 3480 736 absque

221 753 454 816 semine,
485 758 541 807 et
581 752 1066 824 incompreliensa,
1096 769 1204 823 qua
1244 755 1361 825 ipse
1394 757 1546 810 novit
1578 757 1817 825 ratione,
1855 759 2185 831 fecisseque,
2240 768 2299 815 ut
2330 775 2482 826 caro,
2523 774 2590 815 ex
2642 770 2832 816 sancta
2901 758 3127 830 Virgine
3171 768 3476 833 assumpta,

221 845 274 898 in
306 859 406 897 sua
436 845 656 900 sarculis
686 846 999 915 antiquiore
1033 849 1309 919 hypostasi
1344 848 1688 905 subsisteret.

280 938 391 990 °'Ev
425 940 562 991 πᾶσι
593 938 692 1009 μὲν
728 935 842 1005 οὖν,
876 941 971 993 καὶ
1000 940 1141 1011 ὑπὲρ
1165 941 1231 994 τὰ
1271 942 1450 997 πάντα
1488 938 1577 1012 ἦν,
1615 945 1710 997 καὶ
1745 944 1802 997 ὲν

218 1028 283 1096 τῇ
320 1029 520 1099 γαστρὶ
556 1029 818 1100 ὑπάρχων
866 1030 967 1100 τῆς
1021 1032 1183 1100 ἁγίας
1227 1031 1491 1085 Θεοτόκου
1519 1072 1533 1096 ,
1579 1033 1695 1087 ἀλλ’
1744 1034 1802 1087 ἐν

218 1120 379 1189 αὑτῇ,
415 1122 669 1194 ἐνεργείᾳ
724 1123 1055 1194 σαρκώσεως
1082 1140 1096 1155 ο
1134 1124 1444 1195 ὲσὰρκωται
1481 1125 1696 1193 τοίνυν,
1742 1126 1801 1194 ἐξ

218 1212 391 1281 αὐτῆς
442 1213 887 1284 προσλαϐόμενος
937 1215 1034 1285 τὴν
1081 1216 1343 1285 ἀπαρχὴν
1396 1215 1490 1269 τοῦ
1527 1217 1800 1289 ἡμετέρου

219 1301 565 1369 φυράματος,
604 1306 780 1371 σάρκα
813 1305 1171 1375 ἐφυχωμένην
1201 1306 1345 1376 ψυχῇ
1376 1307 1568 1379 λογικῇ
1595 1326 1653 1361 τε
1704 1310 1797 1363 καὶ

218 1393 402 1461 νοερᾷ,
430 1390 567 1443 ὥστε
610 1394 780 1463 αὐτὴν
812 1396 1148 1465 χρηματίσαι
1181 1399 1247 1467 τῇ
1282 1399 1444 1468 σαρκὶ
1476 1399 1793 1463 ὑπόστασιν,

216 1481 318 1549 τὴν
373 1484 464 1534 τοῦ
498 1484 631 1535 Θεοῦ
663 1487 837 1553 Λόγου
870 1487 1167 1540 ὑπόστασιν
1193 1527 1207 1551 ,
1260 1490 1355 1541 καὶ
1406 1489 1657 1543 σύνθετον
1685 1491 1797 1561 (19)

218 1575 476 1638 γενέσθαι
534 1576 635 1647 τὴν
704 1578 971 1649 πρότερον
1024 1580 1201 1651 ἁπλῆν
1254 1576 1418 1634 οὖσαν
1475 1582 1569 1635 τοῦ
1624 1583 1799 1651 Λόγου

218 1666 557 1720 ὑπόστασιν’
626 1669 878 1723 σύνθετον
925 1670 982 1723 δὲ
1034 1672 1098 1724 ἐκ
1144 1671 1237 1725 δύο
1288 1673 1509 1726 τελείων
1559 1674 1796 1742 φύσεων,

218 1760 472 1829 θεότητός
502 1779 558 1813 τε
597 1762 690 1815 καὶ
731 1762 1188 1832 ὰνθρωπότητος”
1243 1766 1337 1817 καὶ
1385 1766 1573 1835 φέρειν
1620 1769 1792 1838 αὑτὴν

1976 937 2041 994 Et
2063 944 2177 994 tum
2220 936 2447 1009 quidem
2482 938 2537 992 in
2560 938 2823 995 omnibus
2854 946 2910 994 et
2939 955 3111 1011 super
3126 941 3312 997 omnia
3334 953 3475 1008 erat,

1901 1044 2028 1086 cum
2061 1028 2116 1085 in
2146 1038 2351 1087 sanctae
2384 1028 2481 1086 Dei
2514 1028 2816 1088 Genitricis
2874 1038 3033 1087 utero
3070 1033 3289 1102 agebat,
3339 1045 3395 1088 at
3419 1035 3474 1088 in

1853 1136 1857 1145 '
1900 1137 1967 1180 eo
2001 1121 2305 1194 specialius
2340 1122 2786 1177 incarnationem
2818 1123 3126 1193 operando.
3153 1123 3475 1181 lncarnatus

1900 1216 2089 1285 itaque
2124 1221 2233 1279 est,
2262 1228 2555 1271 assumens
2589 1215 3011 1284 conspersionis
3043 1225 3248 1270 nostrae
3282 1215 3473 1285 primi-

1900 1306 2029 1370 tias,
2063 1318 2289 1360 carnem
2322 1303 2539 1358 scilicet
2566 1304 2749 1359 anima
2774 1304 3029 1359 rationali
3055 1312 3110 1359 et
3140 1304 3477 1376 intelligente

1900 1399 2225 1463 animatam,
2264 1397 2338 1451 ita
2363 1405 2423 1451 ut
2455 1396 2578 1466 ipsa
2612 1394 2779 1452 Verbi
2846 1397 3182 1468 liypostasis,
3215 1398 3474 1469 byposta-

1901 1487 1979 1542 sis
2002 1486 2166 1541 etiam
2198 1484 2386 1540 carnis
2418 1482 2561 1540 laeta
2583 1482 2770 1550 fuerit,
2789 1493 2845 1540 et
2879 1485 3039 1541 Verbi
3068 1500 3327 1556 persona,
3350 1503 3474 1557 quae

1900 1590 2026 1636 ante
2055 1580 2289 1649 simplex
2320 1576 2781 1648 erat,composita
2811 1577 3052 1632 evaserit
3082 1596 3095 1632 :
3130 1580 3460 1647 composita,

1900 1675 2152 1742 inquam,
2214 1686 2278 1726 cx
2311 1670 2525 1725 duabus
2567 1669 2788 1725 naturis
2842 1668 3123 1739 perfectis,
3186 1669 3473 1726 divinitate

1900 1765 2161 1821 nimirum
2220 1770 2274 1820 et
2335 1761 2712 1828 humanitate;
2763 1760 3014 1832 feratque
3071 1770 3278 1817 certam
3324 1763 3472 1817 illam

214 1852 317 1921 τῆς
347 1854 492 1918 θείας
520 1856 613 1909 τοῦ
641 1856 776 1910 Θεοῦ
803 1858 979 1926 Λόγου
1009 1859 1256 1930 υίότητος
1282 1861 1341 1913 τὸ
1364 1868 1793 1934 χαρακτηριστι-

1896 1856 2489 1927 discriminantetnque
2553 1853 2752 1910 divinae
2803 1851 2969 1909 Verbi
3003 1853 3283 1911 tiliationis
3346 1871 3469 1925 pre-

216 1946 313 1998 κδν
345 1949 437 2000 καὶ
465 1949 818 2020 ἁφοριστικὸν
858 1951 1077 2022 ίδίωμα,
1122 1952 1242 2006 καθ’
1272 1954 1299 2006 ὃ
1329 1955 1672 2027 διακέκριται
1698 1958 1791 2011 τοῦ

222 2040 433 2110 Πατρός
463 2080 477 2102 ,
532 2041 625 2094 καὶ
662 2041 757 2096 τοῦ
809 2044 1165 2115 Πνεῦματος,
1216 2046 1285 2099 τά
1330 2064 1389 2100 τε
1440 2048 1539 2117 τῆς
1592 2050 1793 2121 σαρκὸς

217 2136 699 2206 χαρακτηριστικὰ
748 2139 843 2191 καὶ
888 2139 1225 2210 ἀφοριστικὰ
1272 2141 1571 2211 ἰδιώματα,
1604 2143 1724 2196 καθ’
1760 2142 1795 2196 ἃ

212 2224 463 2299 διαφέρει
493 2228 590 2298 τῆς
623 2247 681 2282 τε
716 2232 942 2302 μητρὸς,
976 2231 1069 2285 καὶ
1097 2234 1204 2286 τῶν
1226 2232 1428 2287 λοιπῶν
1455 2234 1789 2306 ἀνθρώπιον·

214 2317 405 2387 φέρειν
435 2321 513 2388 δὲ,
547 2322 642 2375 καὶ
680 2321 749 2376 τὰ
782 2324 880 2393 τῆς
916 2323 1063 2385 θείας
1102 2324 1316 2394 φύσεως
1354 2325 1640 2397 ἰδιώματα,
1668 2327 1791 2381 καθ’

212 2408 253 2464 ἂ
290 2410 495 2479 ἥνωται
530 2412 607 2484 τῷ
652 2413 854 2484 Ila-cpi,
887 2415 1083 2487 καὶτῷ
1119 2417 1395 2489 Πνεὺματι
1417 2458 1430 2481 ,
1468 2419 1558 2472 καὶ
1592 2419 1660 2473 τὰ
1693 2418 1791 2489 τῆς

211 2498 570 2572 ἀνθρωπίνης
602 2503 818 2571 φύσεως
851 2505 1232 2577 γνωρίσματα,
1268 2508 1390 2562 καθ’
1419 2508 1452 2562 ἁ
1478 2510 1682 2578 ἥνωται
1722 2512 1789 2581 τῇ

211 2606 276 2642 τε
309 2591 492 2662 Μητρὶ
522 2594 614 2647 καὶ
654 2595 809 2666 ἡμῖν.
843 2596 965 2649 Ἔτι
991 2596 1048 2675 δὲ
1074 2597 1322 2670 διαφέρει
1366 2598 1460 2652 τοῦ
1491 2616 1547 2653 τε
1580 2600 1793 2669 Harpe;

214 2682 313 2734 καὶ
342 2682 437 2735 τοῦ
474 2684 809 2755 Πνεὺματος,
841 2686 943 2757 τῆς
966 2704 1026 2740 τε
1065 2689 1288 2761 Μητρὸς
1312 2691 1404 2744 καὶ
1438 2692 1618 2761 ἡμῶν,
1651 2691 1791 2747 κατὰ

210 2770 282 2823 τὺ
311 2771 580 2843 ὑπάρχειν
605 2774 736 2827 Θεόν
769 2791 827 2827 τε
854 2775 989 2846 ὁμοῦ
1025 2776 1122 2831 καὶ
1163 2779 1450 2849 ἄνθρωπον
1475 2781 1564 2835 τὸν
1604 2782 1788 2836 αὐτόν.

211 2860 390 2913 Τοῦτο
418 2863 528 2934 γὰρ
568 2864 666 2933 τῆς
696 2864 790 2918 τοῦ
825 2867 1061 2937 Χριστοῦ
1107 2869 1459 2934 ὑποστάσεως
1503 2871 1792 2928 ἰδιαίτατον

213 2951 336 3004 ίδίω
344 2970 419 3022 μα
450 2954 814 3027 γινώσκομεν.

289 3043 593 3114 Τοιγαροῦν
621 3046 992 3120 ὁμολογοῦμεν
1024 3049 1185 3104 αὑτὸν
1204 3092 1217 3115 ,
1249 3050 1345 3105 ἕνα
1376 3052 1503 3106 Υἰὺν
1531 3052 1625 3107 τοῦ
1656 3054 1791 3108 Θεοῦ

210 3137 311 3188 καὶ
348 3138 484 3205 μετὰ
511 3137 608 3207 τήν
634 3140 1068 3212 ὲνανθρώπησιν,
1094 3143 1189 3196 καὶ
1217 3142 1340 3195 Υίὸν
1370 3144 1462 3197 τοῦ
1498 3144 1788 3218 ἀνθρώπου

207 3228 310 3281 τὸν
358 3229 522 3283 αὑτὸν
547 3270 561 3292 ,
597 3231 693 3285 ἕνα
733 3233 968 3303 Χριστὸν
996 3273 1010 3298 ,
1063 3233 1160 3288 ἕνα
1208 3234 1451 3315 Κύριον,
1499 3204 1789 3308 *κου’μόνον
1817 3204 1859 3263 C

212 3323 483 3393 μονογενῆ
538 3323 666 3377 Υίδν
706 3326 801 3379 καὶ
846 3326 1018 3395 Λόγον
1065 3327 1160 3382 τοῦ
1210 3327 1385 3397 Θεοῦ,
1448 3329 1655 3400 Ἰησοῦν
1700 3330 1791 3385 τὸν

210 3411 424 3484 Κύριον
474 3415 651 3485 ἡμῶν.
707 3416 812 3472 Δύο
854 3418 1020 3473 αὑτοῦ
1064 3420 1162 3483 τὰς
1187 3422 1473 3491 γεννήσεις
1518 3421 1791 3487 σέϐοντες,

214 3500 352 3571 μίαν
380 3504 479 3575 τὴν
522 3507 585 3559 ἐκ
623 3508 833 3579 [ἰατρὸς
882 3510 1231 3581 προαιώνιον,
1282 3512 1422 3583 ὑπὲρ
1452 3513 1652 3580 αἰτίαν,
1697 3514 1792 3569 καὶ

210 3589 411 3659 λόγον,
468 3595 562 3648 καὶ
613 3597 838 3666 χρόνον,
886 3600 981 3653 καὶ
1022 3600 1224 3669 φύσιν,
1279 3603 1371 3656 καὶ
1416 3602 1544 3673 μίαν
1575 3604 1674 3674 τὴν
1704 3604 1790 3658 ἐπ’

210 3683 464 3752 ἐσχάτων
492 3686 561 3739 δι’
589 3690 737 3759 ἡμᾶς
760 3730 773 3754 ,
820 3691 944 3745 καθ’
975 3694 1121 3763 ἡμᾶς
1142 3733 1156 3759 ,
1202 3695 1298 3748 καὶ
1330 3695 1469 3768 ὑπὲρ
1498 3696 1644 3767 ἡμᾶς
1668 3710 1682 3725 ’
1718 3696 1785 3751 δι’

209 3774 385 3842 ἡμᾶς,
415 3776 495 3828 ὅτι
528 3776 615 3831 διὰ
662 3780 760 3851 τὴν
790 3782 1067 3854 ἡμετέραν
1118 3787 1390 3858 σωτηρίαν
1415 3805 1427 3819 ·
1465 3788 1587 3842 καθ’
1616 3789 1783 3860 ἡμᾶς,

210 3868 301 3919 ὅτι
355 3869 577 3939 γέγονεν
635 3874 923 3945 ἄνθρωπος
975 3878 1037 3930 ἐκ
1113 3880 1410 3947 γυναικὸς,
1468 3881 1563 3933 καὶ
1612 3881 1787 3951 χρόνῳ

209 3959 465 4025 κυήσεως
493 3972 513 3998 ο
543 3961 690 4029 (20)·
740 3964 878 4035 ὑπὲρ
938 3966 1083 4036 ἡμᾶς
1111 4006 1125 4030 ,
1174 3969 1257 4021 ὅτι
1298 3969 1399 4021 οὑκ
1445 3970 1508 4023 ὲκ
1554 3970 1781 4040 σπορᾶς,

208 4046 334 4099 ἀλλ’
380 4049 439 4112 ἐξ
482 4050 639 4117 ἁγίου
671 4052 1006 4122 Πνεῦματος,
1046 4055 1140 4109 καὶ
1184 4058 1283 4129 τῆς
1309 4058 1466 4125 ἁγίας
1504 4058 1783 4130 Παρθένου

209 4138 517 4208 Μαρῖαιςά.
574 4143 715 4214 ὑπὲρ
784 4145 947 4216 νόμον
998 4149 1247 4219 κυήσεως
1277 4165 1289 4178 ·
1341 4151 1403 4204 οὐ
1445 4149 1575 4204 Θεὸν
1626 4149 1785 4203 αὑτὸν

1895 1948 2212 2019 prictatem,
2276 1959 2383 2017 qua
2418 1960 2447 1999 a
2479 1943 2641 2000 Patre
2669 1954 2723 1999 et
2752 1943 2963 2013 Spiritu
2996 1954 3192 1998 sancto
3223 1945 3470 1998 secerni-

1896 2049 2006 2107 tur,
2064 2050 2178 2095 tum
2245 2046 2430 2094 certas
2489 2036 3049 2107 discrirninantesque
3100 2038 3468 2108 proprietates

1894 2130 2101 2197 carnis,
2131 2130 2332 2201 quibus
2360 2143 2389 2182 a
2414 2126 2583 2183 Matre
2602 2136 2656 2183 et
2679 2128 2909 2199 reliquis
2928 2128 3241 2183 hominibus
3259 2127 3470 2183 discre-

1894 2234 1985 2295 pat
2011 2242 2023 2279 :
2056 2223 2166 2278 imo
2197 2222 2390 2277 divina:
2414 2231 2623 2276 natura:
2646 2222 3006 2291 preprietates
3022 2229 3195 2290 gerat,
3229 2236 3463 2292 quarum

1892 2318 2106 2372 ratione
2132 2314 2279 2370 Patri
2308 2322 2362 2370 et
2393 2314 2625 2383 Spiritui
2660 2320 2854 2369 sancto
2878 2313 3067 2369 unitus
3084 2321 3188 2379 est,
3226 2316 3465 2386 itemque

1891 2406 2153 2460 humanae
2208 2413 2421 2459 natura:
2455 2403 2708 2474 proprias
2745 2410 2929 2470 notas,
2951 2419 3187 2475 quarum
3252 2408 3466 2463 ratione

1890 2506 1947 2554 et
1980 2498 2137 2553 Matri
2194 2506 2248 2554 et
2276 2496 2438 2553 nobis
2475 2496 2666 2552 unitus
2720 2503 2823 2553 est.
2858 2496 3002 2564 Quin
3028 2498 3194 2553 etiam
3231 2499 3333 2555 hoc
3364 2516 3465 2556 no-

1892 2591 2060 2659 mine,
2113 2598 2229 2646 tum
2264 2604 2292 2644 a
2334 2588 2495 2644 Patre
2541 2597 2595 2643 et
2634 2588 2887 2660 Spiritu,
2948 2597 3064 2645 tum
3100 2605 3129 2643 a
3189 2590 3361 2648 Matre
3412 2604 3465 2648 et

1890 2682 2053 2738 nobis
2105 2681 2308 2747 dilTert,
2339 2681 2484 2752 quod
2514 2680 2657 2737 idem
2707 2681 2872 2735 simul
2904 2679 3045 2735 Deus
3075 2690 3128 2736 ct
3156 2681 3319 2737 homo
3356 2692 3462 2738 est.

1890 2773 2045 2829 Hanc
2104 2774 2252 2829 enim
2305 2772 2546 2828 maxime
2595 2772 2926 2841 peculiarem
2964 2771 3172 2828 Chrisli
3214 2789 3464 2843 persona:

1893 2865 2284 2936 proprietatem
2325 2878 2450 2921 esse
2480 2864 2860 2935 agnoscimus.

1963 3046 2164 3101 Christi
2193 3062 2258 3101 ea:
2294 3045 2471 3102 Matre
2494 3047 2764 3117 generatio
2813 3047 2963 3102 nobis
2984 3056 3032 3102 et
3057 3063 3217 3117 supra
3247 3063 3364 3103 nos.
3393 3075 3464 3087 —-

1892 3141 2191 3207 Quocirca,
2261 3138 2426 3193 etiam
2465 3147 2589 3207 post
2644 3139 3039 3194 humanitatem
3094 3146 3461 3209 assumptam,

1893 3248 2063 3288 unum
2095 3232 2189 3288 Dei
2218 3231 2418 3286 Filium
2452 3231 2633 3301 ipsum
2686 3232 3035 3295 conﬁtemur,
3098 3231 3466 3302 eamdemque

1891 3324 2095 3380 Filium
2133 3324 2395 3387 hominis,
2422 3332 2590 3377 unum
2623 3321 2923 3385 Christum,
2947 3338 3115 3377 unum
3151 3323 3463 3387 Dominum,

1893 3429 2066 3471 ttnum
2098 3413 2441 3485 unigenitum
2470 3412 2694 3475 Filium,
2731 3426 2795 3467 ac
2828 3411 2920 3467 Dei
2961 3411 3224 3477 Verbum,
3275 3411 3462 3469 Jesum

1892 3506 2188 3561 Dominum
2231 3511 2506 3568 nostrum,
2541 3502 2815 3572 duplicem
2849 3503 3025 3573 ipsius
3056 3505 3463 3575 generationem

1893 3608 2263 3661 venerantes;
2302 3595 2533 3651 alteram
2568 3609 2635 3649 ex
2673 3593 2832 3649 Patre
2886 3602 3013 3649 ante
3043 3595 3265 3660 saecula,
3296 3610 3463 3649 causa

1893 3688 2063 3754 omni,
2102 3696 2157 3744 et
2192 3693 2455 3757 tempore,
2493 3692 2548 3741 et
2572 3695 2762 3740 natura
2792 3684 3167 3742 sublimiorem
3192 3704 3208 3748 ς
3235 3685 3461 3741 alteram

1892 3781 2155 3839 extremis
2186 3780 2550 3850 temporibus,
2587 3779 2763 3834 nostri
2819 3793 3008 3845 causa,
3061 3780 3238 3835 nostri
3266 3780 3459 3841 instar,

1862 3889 1958 3931 \ac
1995 3888 2164 3945 supra
2195 3887 2331 3939 nos;
2360 3872 2536 3928 nostri
2557 3886 2746 3935 causa,
2805 3872 2967 3942 215
2994 3872 3237 3943 inquam,
3270 3878 3330 3929 ut
3368 3887 3463 3925 no-

1893 3966 1979 4023 bis
2034 3966 2269 4021 salutem
2329 3963 2805 4019 aﬂ‘errct:nostri
2858 3965 3052 4027 instar,
3106 3964 3233 4033 quia
3298 3964 3464 4016 homo

1890 4074 1958 4115 ex
2013 4057 2268 4121 muliere,
2299 4070 2363 4111 ac
2403 4065 2671 4112 consueto
2724 4062 2919 4125 partus
2982 4065 3227 4132 tempore
3283 4056 3463 4117 editus

1892 4160 2015 4206 est:
2050 4164 2219 4219 supra
2248 4163 2348 4204 nos
2377 4147 2642 4223 denique,
2674 4148 2806 4224 quia
2850 4168 2959 4209 non
3000 4169 3063 4209 ex
3095 4155 3324 4221 semine,
3365 4154 3460 4209 sed

1501 4262 1732 4318 VARI/13
1764 4261 2163 4322 LECTIONES.

295 4350 316 4379 ε
352 4340 415 4418 ii.
454 4342 591 4418 3l89
638 4344 733 4418 και
769 4346 954 4418 τρόπῳ
986 4347 1251 4415 κυήσεως.
1281 4350 1345 4404 Ν.
1376 4357 1468 4406 καὶ

1490 4354 1671 4430 χρόνω
1686 4356 1783 4430 κα).
1815 4357 2025 4430 κυήσειᾼ.
2060 4356 2127 4430 li.
2169 4370 2330 4430 _ycro_
2358 4356 2412 4422 9.,
2461 4356 2553 4411 alii
2589 4358 2685 4410 καὶ
2714 4358 2863 4428 νόμῳ
2897 4358 3163 4430 κυήσεως.
3239 4356 3264 4430 ἀ
3305 4360 3459 4415 Deest

209 4412 454 4499 sum“,
495 4415 763 4499 irin-editis
801 4412 854 4471 et
885 4412 1018 4474 mss.
1060 4412 1421 4492 prmterquam
1451 4412 1611 4477 nrn.
1640 4412 1804 4489 ³2022,
1829 4434 1883 4481 et
1905 4412 2036 4482 'cod.
2072 4425 2133 4481 S.
2168 4425 2273 4482 ΙΙιΙ.
2319 4428 2374 4481 in
2401 4412 2514 4496 quo
2562 4445 2594 4482 a
2632 4412 3001 4498 recognitorc'
3042 4412 3207 4499 supra
3255 4412 3457 4485 lineam

1720 4558 1949 4615 ΝΟΤΑΞ.

289 4643 403 4723 (Ιθ)
446 4644 904 4730 Ιίίιίρίύνίξεςον.
938 4646 1121 4730 Sitque
1178 4647 1332 4703 Verbi
1374 4666 1597 4712 persona
1623 4693 1637 4716 ,
1673 4666 1780 4730 etc.
1819 4656 1861 4711 D
1890 4653 2089 4721 Verbo,
2122 4664 2179 4730 ut
2207 4658 2259 4710 in
2295 4657 2413 4730 ipso
2452 4658 2732 4730 sulistarct
2762 4676 2775 4714 :
2816 4658 2889 4713 ita
2914 4666 2974 4713 ut.
3005 4659 3219 4714 scilicet
3259 4668 3458 4730 praeter

210 4483 462 4535 additum
498 4484 617 4537 fuit.

210 4714 457 4769 Maximo
488 4718 650 4784 epist.
686 4717 750 4791 ad
785 4716 928 4791 Pett'.
967 4719 1165 4791 illustr.
1211 4735 1444 4787 porsenna
1482 4714 1784 4791 composita

208 4792 481 4837 reusetur
506 4824 521 4847 ,
564 4785 1099 4859 tltlillldOAc‘illSlllOtii
1129 4785 1330 4859 natura
1362 4785 1622 4855 constat,
1667 4808 1790 4859 qua:

206 4872 283 4932 ex
320 4869 378 4907 sc
412 4856 715 4932 composita
757 4857 873 4932 sit,
916 4873 1012 4932 seu
1049 4857 1211 4932 cujus
1244 4869 1426 4929 partes
1470 4862 1630 4915 simul
1666 4856 1790 4932 pro-

207 4926 399 4979 tlueta:
421 4924 550 4990 sint,
589 4940 688 4979 nec
724 4925 1044 4981 alterutrius
1076 4924 1347 4985 electione
1392 4924 1785 4990 οοίοι’ἰιιῐ.ἐιι‹1

209 5010 279 5049 se
325 5002 517 5047 mutuo
557 4993 833 5049 alliciant:
868 4997 935 5049 At
970 4998 1074 5052 tale
1124 5014 1227 5052 non
1268 5010 1345 5053 est
1377 4998 1591 5054 Domini
1622 5002 1789 5057 nostri

210 5064 569 5136 νειῃσιενίψιι,
621 5065 802 5134 inquit
827 5105 841 5130 ,
888 5067 978 5120 sed
1009 5085 1128 5121 cum
1165 5080 1349 5136 suapte
1378 5082 1574 5125 natura
1600 5062 1783 5134 Ὧραι,

211 5134 415 5207 ρεὶηιιε
438 5131 613 5207 Filius
637 5131 790 5197 esset,
826 5136 1067 5207 simplex,
1104 5131 1464 5207 incorporeus.
1498 5131 1787 5196 cowternus

212 5203 398 5263 Patri,
433 5203 799 5275 φιλανθρώπῳ
849 5206 1132 5276 βουλήσει,
1186 5203 1570 5265 humanissima
1603 5212 1784 5266 volun-

208 5285 357 5351 tate,
406 5286 680 5347 assumpta
730 5291 889 5352 carne
927 5278 1099 5352 factus
1148 5288 1225 5352 est
1276 5280 1470 5345 homo;
1520 5283 1786 5352 nostrique

204 5344 414 5417 gratia,
450 5346 553 5417 qui
591 5354 783 5398 natura
825 5347 1045 5413 simplex
1091 5358 1138 5401 et
1174 5350 1507 5414 incorporeus
1544 5344 1785 5417 eratféE

204 5412 621 5489 1‘,p._t7rr_y:"{ov:v
643 5417 1000 5489 οἰκονομικῶς
1036 5417 1156 5470 καθ’
1187 5412 1483 5472 ὑπόστασιν
1507 5412 1783 5489 σύνθετος,

208 5485 335 5561 καὶ,
372 5482 684 5561 ἐνσώματος
709 5482 902 5561 ,_certa
950 5487 1338 5561 dispensatione
1376 5492 1663 5545 secundum
1689 5482 1784 5561 hy;

206 5554 478 5630 postas-im
516 5556 836 5630 compositus
877 5572 942 5610 ex
979 5557 1147 5630 nobis.
1184 5562 1573 5630 (or-paratisque
1607 5554 1784 5628 factus

204 5620 682 5695 est._l)i0uysium
713 5626 869 5685 citat,
917 5630 1008 5694 qui
1047 5620 1330 5695 simplicem
1374 5620 1556 5684 Jcsam
1590 5620 1785 5685 arcano

208 5692 378 5768 ῃιυιζο
415 5696 758 5768 compositum
787 5692 1087 5768 fuisse,rait,
1122 5692 1186 5768 ea:
1222 5699 1453 5753 Itumaua
1478 5701 1694 5763 vilitate,
1724 5703 1783 5768 ἐξ

206 5758 281 5840 ᾖς
314 5762 700 5840 ἀπορρήτοιςΔό
734 5758 939 5829 ἁπλοῦς
962 5758 1187 5840 νἸησοξῦς
1222 5771 1497 5840 συνετέθη.
1537 5770 1613 5823 Ad
1650 5758 1779 5829 iure:

209 5836 533 5888 humanitas
584 5834 841 5890 deitatem
907 5834 1290 5907 uenalium,
1342 5842 1431 5895 ut‘ti
1467 5834 1703 5909 'acxc'rpit
1758 5862 1777 5893 ,ι

1888 4727 2357 4799 compositionem
2380 4728 2719 4799 interiorem,
2759 4743 2867 4799 qua
2891 4739 3071 4797 partes
3108 4745 3229 4785 sese
3262 4727 3456 4784 inutuo

1887 4800 2115 4867 exigunt
2141 4805 2195 4851 et
2225 4798 2489 4863 alliciunt,
2525 4798 2600 4851 uti
2652 4798 2852 4867 corpus
2890 4805 2944 4852 et
2974 4800 3179 4861 anima,
3212 4801 3455 4854 exterior

1888 4868 2059 4922 altera
2090 4868 2186 4932 sit,
2228 4882 2335 4937 qua
2378 4883 2544 4921 unum
2584 4867 2731 4923 aliud
2779 4868 3011 4924 assumit
3055 4868 3181 4936 sibi,
3216 4869 3452 4938 pet-(icit,

1885 4938 2110 5007 c0pu|ut
2140 4946 2195 4991 et
2233 4938 2509 4993 terminat.

1958 5006 2071 5077 (20)
2112 5008 2222 5062 Kal
2254 5009 2449 5076 χρόνῳ
2491 5008 2784 5075 κυήσεως,
2849 5018 2898 5062 ct
2964 5018 3213 5063 consueto
3268 5018 3451 5076 partus

1891 5085 2141 5145 tempore.
2193 5078 2349 5143 Quod
2405 5078 2627 5145 quidam
2679 5078 2840 5149 codd.
2896 5079 3138 5145 habent,
3182 5080 3276 5132 καὶ
3303 5080 3454 5149 νόμῳ

1892 5148 2162 5218 κυήσεως,
2207 5156 2255 5201 et
2296 5149 2458 5215 juxta
2506 5158 2689 5216 partus
2721 5148 2901 5218 legem,
2949 5164 3058 5202 non
3095 5158 3295 5217 pugnat
3324 5148 3450 5203 cum

1889 5232 1955 5271 eo
1991 5218 2132 5286 quod
2165 5218 2327 5287 paulo
2356 5228 2479 5285 post
2513 5220 2780 5286 sequitur,
2814 5218 2954 5287 ὑπὲρ
2986 5220 3146 5287 νόμον
3179 5220 3449 5287 κυήσεως.

1889 5236 1955 5271 eo
1991 5236 2132 5286 quoa
2165 5236 2327 5285 paulo
2356 5236 2479 5285 p031
2513 5236 2780 5286 sequitur,
2814 5236 2916 5270 υπε
2986 5236 3146 5287 νομον
3179 5236 3449 5287 κυήσεως.

1888 5304 2050 5359 supra
2074 5296 2263 5359 partus
2290 5286 2470 5359 legent.
2505 5288 2639 5359 Nam
2664 5288 2818 5359 ὑπὲρ
2844 5236 3161 5359 ἀνθρώπους
3198 5287 3321 5359 μὲν,
3365 5287 3452 5342 διὰ

1886 5358 1945 5409 τὸ
1976 5358 2038 5409 ἐκ
2073 5357 2387 5427 ῌαρθένου,
2439 5358 2616 5427 inquit
2650 5357 2892 5413 Joannes
2941 5357 3260 5427 Scytbopol.
3314 5358 3366 5411 in
3418 5358 3449 5410 4

1886 5428 2046 5496 epist.
2079 5426 2300 5548 Diunz's.
2336 5426 2454 5480 κατ’
2482 5426 2804 5499 ἀνθρώπους
2824 5430 2900 5494 δὲ,
2936 5426 3025 5482 διὰ
3051 5428 3143 5481 τὸν
3168 5429 3226 5481 ὲν
3267 5429 3449 5499 μήτρᾳ

1886 5496 2112 5548 γοόνον.
2146 5515 2216 5548 κα
2274 5497 2348 5548 ὡς
2383 5498 2585 5548 νόμους
2627 5503 2868 5548 κυήσεως
2892 5515 2905 5528 ⁸
2947 5497 3125 5548 Supra
3166 5513 3324 5548 artam
3352 5498 3445 5548 ho-

1886 5496 2112 5569 Χρόνον»
2146 5496 2241 5550 καὶ
2274 5497 2348 5561 ὡς
2383 5496 2600 5568 νόμους’
2627 5503 2868 5569 κυήσεως
2892 5515 2905 5528 ⁸
2947 5497 3125 5567 Supra
3166 5496 3445 5569 quani/ro;

1886 5568 2047 5620 ntines
2082 5577 2238 5621 natus
2272 5578 2369 5631 est,
2408 5569 2531 5636 quia
2565 5584 2627 5622 ex
2670 5568 2877 5639 Virgine
2907 5580 3190 5623 :cwterum
3219 5570 3449 5639 humano

1885 5653 2044 5699 more,
2085 5648 2295 5705 propter
2326 5648 2525 5704 tempus
2556 5639 2691 5705 quod
2730 5636 2833 5706 epit
2885 5640 2938 5692 in
2984 5647 3165 5702 utero,
3213 5648 3263 5693 et
3312 5636 3448 5691 velut

1885 5706 2016 5775 {ears
2048 5718 2259 5779 partes.
2290 5708 2408 5761 Viti.
2450 5708 2644 5761 liuiliu.
2669 5710 2720 5762 in
2759 5710 2964 5776 Expos.
2997 5706 3212 5779 Sytttb.,
3235 5715 3289 5765 cl.
3321 5707 3447 5778 1⁸2ιυί-

1885 5773 2054 5844 plmtn
2083 5779 2136 5832 in
2170 5773 2393 5848 Epilegu
2427 5780 2692 5834 librorum
2723 5780 2794 5835 De
2830 5773 3009 5833 Itu'rcs.
