4180 6450
754 416 891 485 1035

1938 410 1996 469 S.
2034 408 2352 471 JOANNIS
2389 407 2819 468 DAMASCENI

3888 406 4017 473 1036

753 532 954 585 lumem
999 526 1160 580 etiam
1196 524 1250 576 in
1284 520 1487 575 unione
1526 518 1883 575 differentiam
1920 520 2164 576 ostendit
2200 538 2212 573 :
2242 521 2315 573 ita

2422 520 2562 581 στὺν,
2592 519 2725 572 ἀλλά
2769 517 3106 587 σωζομένην,
3142 518 3236 571 καὶ
3283 520 3339 570 ἐν
3368 521 3433 588 τῇ
3471 519 3661 572 ὲνὼσει
3705 523 4014 592 παρίστησι

750 634 936 676 earum
958 616 1301 671 voluntatum
1331 621 1386 668 et
1416 612 1693 666 actionum
1721 626 2008 675 numerus,
2034 626 2157 681 qua:
2184 611 2316 665 sub-

751 708 1087 765 stantialiter
1143 706 1280 775 ipsis
1330 704 1542 757 naturis
1578 702 1917 756 conveniunt
1948 701 1967 771 (
1993 700 2190 756 etenim
2225 715 2315 755 se-

751 801 987 854 eundum
1027 807 1313 866 utramque
1368 804 1617 849 naturam
1664 796 1736 848 ita
1792 801 2141 863 comparatus
2201 800 2318 845 erat

750 902 807 945 ut
843 892 1001 945 vellet
1038 899 1093 944 et
1124 897 1443 958 operaretur
1476 887 1518 955 ),
1550 887 1875 942 divisionem
1948 900 2053 940 non
2109 884 2320 938 inducit

749 981 1157 1051 (absit),sed
1212 995 1398 1034 earnm
1459 978 1723 1032 duntaxat
1778 978 1942 1032 etiam
1999 978 2052 1030 in
2121 978 2319 1031 unione

748 1075 1216 1130 conservationem
1251 1081 1302 1125 et
1330 1071 1758 1125 incolumitatem
1794 1069 1998 1139 prodit.
2031 1067 2319 1123 Naturales

749 1167 1017 1237 siquidem
1071 1181 1211 1228 esse,
1283 1180 1343 1217 ac
1393 1180 1499 1218 non
1556 1164 1892 1233 personales,
1917 1163 2224 1216 voluntates
2267 1169 2319 1215 et

748 1258 989 1310 actiones
1031 1254 1308 1319 dicimus;
1341 1256 1441 1307 hoc
1485 1262 1567 1308 est
1626 1253 1732 1307 vim
1786 1253 1957 1322 ipsam
2017 1251 2233 1306 volendi
2268 1258 2321 1306 et

747 1347 961 1416 agendi,
995 1362 1091 1415 per
1119 1360 1279 1414 quam
1313 1344 1500 1397 volunt
1533 1354 1580 1397 et
1650 1354 1837 1414 agunt.
1869 1344 1924 1395 Si
1946 1345 2089 1396 enim
2131 1358 2319 1411 perso-

750 1435 902 1488 nales
967 1450 1086 1488 esse
1139 1434 1593 1495 concesserimus,
1651 1441 1757 1483 tres
1807 1442 2007 1484 sauch
2036 1430 2321 1483 Trinitatis

747 1540 1007 1593 personas
1036 1525 1265 1577 diversa:
1297 1526 1434 1575 inter
1460 1544 1515 1575 με·
1545 1523 1836 1575 voluntatis
1891 1530 2054 1588 atque
2086 1521 2321 1575 actionis

744 1617 1063 1671 necessario
1094 1617 1357 1670 dicemus.

819 1707 884 1761 Ut
909 1709 1145 1762 voluntas
1195 1716 1243 1759 et
1275 1708 1433 1768 actio,
1474 1714 1679 1757 uatum
1716 1724 1730 1762 ς
1774 1706 1848 1755 sic
1905 1704 2029 1755 talis
2075 1702 2318 1755 voluntas

744 1810 898 1869 atque
945 1800 1103 1863 actio,
1148 1813 1405 1865 personte.
1440 1826 1507 1835 —
1532 1795 1826 1849 Sciendum
1864 1794 2007 1847 enim
2036 1794 2178 1854 est“,
2211 1808 2316 1844 non

2420 612 2527 664 τῶν
2558 610 2771 678 φύσεων
2802 610 2899 679 τὴν
2927 610 3211 680 διαφορὰν,
3242 610 3386 663 οὕτω
3417 616 3510 665 καὶ
3543 616 3571 665 6
3620 614 3867 683 ἀριθμὸς
3912 615 4014 667 τῶν

2420 701 2694 765 οὐσιωδῶς
2728 702 3039 771 προσόντων
3070 705 3190 765 ταῖς
3238 702 3401 755 αὐτοῦ
3452 705 3647 771 φύσεσι
3684 706 3818 777 θελη
3831 708 4013 773 μάτων

2420 796 2515 847 καὶ
2543 794 2838 864 ἐνεργειῶν
2863 812 2875 824 ·
2908 796 3029 847 κατ’
3060 796 3227 864 ἄμφω
3248 794 3354 866 γὰρ
3385 796 3483 859 τὰς
3511 798 3705 864 φύσεις
3728 799 4015 868 θελητικδς

2418 881 2508 956 ἦν,
2539 885 2631 938 καὶ
2651 886 3001 955 ἐνεργητικὸς
3042 886 3141 955 τῆς
3166 887 3324 956 ἡμῶν
3365 890 3675 959 σωτηρίας»
3711 894 3772 943 οὐ
3803 892 4011 962 διαίρε-

2423 995 2508 1030 σιν
2537 977 2747 1045 εἰσάγει
2769 994 2782 1007 ο
2827 976 2902 1047 μὴ
2932 977 3142 1044 γένοιτο
3163 994 3176 1006 ·
3210 977 3347 1029 ἀλλὰ
3377 979 3473 1049 τὴν
3504 980 3685 1034 αὐτῶν
3720 982 3897 1054 δηλοῖ,
3925 987 4013 1036 καὶ

2425 1072 2605 1138 μόνον,
2638 1068 2742 1121 κᾶν
2768 1071 2832 1139 τῇ
2869 1068 3080 1129 ἐνώσει,
3113 1067 3363 1137 φυλακην
3393 1071 3487 1121 καὶ
3508 1072 3807 1141 σωτηρίαν.
3854 1075 4010 1125 Φυσι-

2422 1162 2493 1213 κὰ
2520 1160 2650 1230 γὰρ,
2687 1159 2779 1212 καὶ
2807 1159 2905 1227 οὐχ
2936 1159 3275 1212 ὑποστατικά
3302 1177 3480 1228 φαμεν
3503 1162 3571 1216 τὰ
3612 1160 3905 1232 Θελήματα
3927 1166 4010 1217 καὶ

2421 1251 2518 1313 τὰς
2565 1252 2864 1321 ἐνεργείας.
2910 1249 3071 1318 Λέγω
3103 1252 3158 1303 δὲ
3213 1254 3385 1322 αὐτὴν
3442 1254 3541 1323 τὴν
3576 1254 3879 1325 θελητικὴν
3921 1257 4009 1308 καὶ

2422 1341 2781 1411 ὲνεργητικὴν
2801 1340 3047 1411 δύναμιν,
3074 1342 3195 1393 καθ’
3220 1343 3287 1413 ἢν
3308 1343 3451 1397 θέλει
3480 1346 3575 1396 καὶ
3600 1347 3823 1413 ἐνεργεῖ
3851 1346 3923 1399 τό.
3954 1364 4007 1397 τε

2422 1432 2643 1485 θέλοντα
2671 1433 2767 1484 καὶ
2806 1434 3155 1501 ἐνεργοῦντα.
3194 1435 3256 1487 El
3308 1436 3416 1505 γὰρ
3454 1437 3797 1489 ὐποστατικὰ
3832 1437 4009 1505 δῶμεν

2421 1521 2577 1585 αὐτὰ,
2611 1520 2942 1591 tta-290031611;
2986 1524 3080 1574 καὶ
3120 1525 3518 1593 ὲτεροενεργεῖς
3552 1526 3653 1587 τὰς
3687 1529 3846 1594 τρεῖς
3877 1528 4007 1579 ὑπο-

2424 1614 2639 1675 στάσεις
2668 1614 2770 1683 τῆς
2794 1613 2954 1682 ἁγίας
2982 1613 3211 1683 Τριάδος
3242 1617 3417 1667 εἰπεῖν
3448 1617 4005 1688 ἀναγκασθησόμεθα.

2509 1707 2704 1759 Ἰστέον
2746 1708 2856 1777 γὰρ
2894 1708 2966 1769 ὡς
3016 1707 3076 1758 οὐ
3133 1708 3327 1760 ταύτόν
3370 1710 3506 1771 ἐστι,
3540 1709 3734 1771 θέλειν,
3765 1710 3865 1762 καὶ
3899 1710 4008 1771 πῶς

2424 1797 2622 1852 θέλειν·
2675 1800 2735 1851 τὸ
2784 1800 2883 1869 μὲν
2931 1799 3040 1869 γὰρ
3072 1799 3267 1862 θέλειν,
3302 1800 3535 1868 φύσεως,
3583 1799 3776 1869 ὥσπερ
3828 1803 3922 1853 καὶ
3954 1801 4008 1852 τὸ

745 1891 885 1944 idem
921 1904 1044 1944 esse
1058 1889 1214 1952 velle,
1243 1895 1404 1955 atque
1446 1887 1547 1939 hoc
1573 1888 1652 1939 vel
1678 1885 1770 1937 illo
1800 1884 1962 1936 modo
1988 1883 2144 1936 velle.
2166 1880 2316 1936 Velle

2418 1894 2550 1962 ὁρᾷν
2570 1910 2584 1922 ο
2616 1894 2749 1945 πᾶσι
2786 1866 2908 1963 γὰρ
2936 1866 3243 1962 ἀνθρώποις
3277 1866 3569 1961 πρόσεστι·
3596 1893 3655 1945 τὸ
3686 1866 3753 1944 δὲ.
3776 1893 3898 1954 πῶς
3928 1891 4008 1944 θέο

743 1984 1010 2054 siquidem
1047 1988 1255 2036 natura:
1290 1988 1394 2045 est,
1425 1990 1483 2033 ut
1536 1989 1588 2032 et
1637 1978 1838 2031 videre.
1875 1975 2140 2028 Omnibus
2169 1974 2314 2027 enim

744 2075 1057 2129 hominibus
1088 2074 1192 2126 hoc
1221 2074 1498 2127 convenit.
1541 2073 1608 2126 At
1644 2077 1796 2123 certo
1822 2067 1986 2124 modo
2014 2066 2171 2130 velle,
2205 2079 2312 2118 non

743 2176 951 2219 natura:
979 2176 1079 2227 est,
1123 2164 1215 2219 sed
1245 2161 1415 2216 nostri
1447 2160 1664 2214 consilii
1690 2167 1744 2213 et
1783 2157 2095 2213 sententiae:
2132 2169 2314 2224 quem-

740 2255 1033 2311 admodum
1061 2262 1114 2308 et
1142 2262 1291 2307 certo
1326 2252 1488 2306 modo
1535 2252 1736 2313 videre,
1773 2252 1878 2304 lioe
1936 2256 2017 2303 est
2069 2248 2203 2301 bene
2228 2247 2313 2298 vel

741 2349 904 2403 male.
958 2346 1075 2400 Non
1108 2346 1250 2402 enim
1284 2359 1472 2399 Omnes
1514 2343 1761 2397 homines
1811 2341 2001 2395 eodem
2033 2338 2194 2394 modo
2221 2352 2311 2391 vo-

743 2443 883 2505 lunt,
918 2456 1094 2511 neque
1124 2438 1314 2493 eodem
1356 2437 1517 2491 modo
1539 2435 1744 2489 vident.
1779 2432 1892 2488 lloc
1925 2439 2107 2486 autem
2154 2430 2314 2484 etiam

740 2535 797 2588 in
828 2532 1135 2588 actionibus
1165 2530 1549 2584 concedentus.
1584 2526 1717 2580 Nam
1765 2533 1917 2580 certo
1962 2522 2123 2578 modo
2154 2522 2314 2586 velle,

740 2635 892 2682 certo
937 2628 1100 2683 modo
1151 2627 1354 2692 videre,
1395 2634 1549 2680 certo
1590 2623 1753 2677 modo
1784 2637 1962 2693 agere,
1986 2620 2182 2675 modus
2210 2627 2292 2673 est

2421 1978 2550 2044 λειν,
2582 1981 2641 2031 οὐ
2680 1980 2917 2048 φύσεως,
2951 1980 3085 2032 ἀλλὰ
3107 1981 3207 2049 τῆς
3235 1982 3516 2051 ἡμετέρας
3546 1984 3797 2052 γνώμης,
3822 1981 4007 2049 ὥσπερ

2422 2070 2515 2123 καὶ
2560 2069 2620 2121 τὸ
2668 2069 2783 2132 πῶς
2838 2070 2991 2139 ὁρᾷν,
3025 2069 3205 2131 καλῶς
3240 2070 3271 2139 ἢ
3304 2071 3508 2133 κακῶς.
3562 2071 3636 2123 Οὐ
3667 2073 3781 2141 γὰρ
3810 2072 4007 2134 πάντες

2419 2160 2696 2232 ἄνθρωποι
2722 2160 2922 2230 ὁμοίως
2953 2160 3225 2223 θέλουσιν,
3258 2160 3365 2213 οὐδ’
3388 2161 3587 2231 ὁμοίως
3620 2162 3814 2230 ὁρῶσι.
3839 2163 4007 2215 Τοῦτο

2419 2252 2475 2304 δὲ
2503 2253 2594 2305 καὶ
2622 2252 2711 2305 ἐπὶ
2736 2253 2843 2304 τῶν
2870 2252 3163 2321 ἐνεργειῶν
3201 2252 3463 2322 δώσομεν.
3506 2253 3576 2304 Τὸ
3609 2250 3718 2321 γὰρ
3768 2252 3891 2315 πῶς
3924 2251 4008 2303 θέ-

2419 2341 2554 2399 λειν.
2592 2340 2708 2403 πῶς
2746 2342 2898 2411 ὀρᾷν,
2927 2341 2959 2411 ἢ
2990 2341 3016 2379 κ
3053 2340 3170 2403 πῶς
3214 2343 3475 2411 ἐνεργεῖν,
3524 2343 3723 2411 τρόπος
3766 2341 3891 2394 ἐστὶ
3912 2345 4005 2407 τῆς

2420 2432 2515 2485 τοῦ
2566 2432 2760 2495 θέλειν,
2812 2433 2906 2485 καὶ
2941 2432 3094 2503 ὁρᾷν,
3147 2432 3242 2485 καὶ
3267 2434 3513 2502 ἐνεργεῖν
3544 2435 3816 2503 χρήσεως,
3859 2435 4005 2503 μόνῳ

2421 2522 2500 2593 τῷ
2534 2524 2860 2594 κεχρημένῳ
2901 2522 3142 2594 προσὼν,
3188 2524 3283 2575 atat
3320 2524 3429 2576 τῶν
3460 2524 3632 2577 ἄλλων
3662 2524 3832 2577 αὑτὸν
3862 2527 4005 2580 κατὰ

2422 2617 2522 2685 τὴν
2549 2615 2744 2678 κοινῶς
2772 2615 3072 2686 λεγομένην
3094 2615 3357 2685 διαφορὰν
3390 2616 3661 2686 χωρίζων.

742 2738 853 2793 quo
879 2725 1005 2792 quis
1035 2722 1316 2777 voluntate
1342 2721 1534 2785 utitur,
1559 2734 1771 2774 necnon
1795 2716 2015 2772 videndi
2037 2724 2204 2784 atque
2227 2710 2419 2782 agendi
2451 2710 2734 2777 facultate,
2762 2725 2885 2780 quae
2906 2710 3005 2766 soli
3034 2709 3206 2765 utenti
3227 2709 3403 2775 adest,
3433 2725 3667 2780 eumque
3698 2710 4005 2765 secundum

740 2815 1006 2869 rationem
1026 2812 1342 2868 differentiae
1367 2811 1728 2864 communiter
1742 2808 1903 2864 dictae
1925 2808 1993 2861 ab
2019 2806 2139 2859 aliis
2164 2802 2423 2858 secernit.

812 2904 977 2973 226
1012 2902 1264 2971 Θέλησις,
1296 2900 1529 2970 Θελητὸν
1554 2940 1569 2963 ,
1623 2898 1936 2968 Θελητικὸν,
1994 2895 2196 2947 Θέλων.
2242 2922 2308 2931 —-

738 2993 929 3062 Itaque
986 2993 1127 3047 velle
1182 2992 1544 3061 simpliciter,
1603 2990 1859 3043 voluntas
1916 2987 2138 3049 dicitur,
2199 2985 2315 3039 sive

738 3084 973 3138 facultas
1005 3081 1222 3136 volendi
1273 3096 1391 3151 quae
1422 3090 1507 3136 est
1554 3081 1828 3150 appetitus
1867 3076 2233 3137 rationabilis,
2263 3080 2317 3129 et

2484 2885 2716 2953 Λέγεται
2748 2878 2839 2936 οὖν
2865 2883 2924 2936 τὸ
2968 2882 3065 2953 μὲν
3093 2882 3283 2947 ἁπλῶς
3312 2882 3507 2948 θέλειν,
3545 2884 3786 2955 θέλησις,
3815 2885 3936 2953 ἦτοι
3971 2887 4003 2955 ἡ

2414 2976 2674 3044 θελητικὴ
2728 2972 2977 3042 δύναμις,
3018 2973 3213 3044 λογικὴ
3244 2970 3379 3028 οὖσα
3423 2974 3603 3043 ὄρεξις
3636 2975 3731 3026 καὶ
3787 2975 4003 3045 θέλημα

2414 3064 2674 3133 φυσικόν⁹
2706 3064 2767 3116 τὸ
2798 3064 2856 3117 δὲ
2885 3065 3001 3126 πῶς
3028 3064 3225 3129 θέλειν,
3260 3066 3380 3136 ἦτοι
3425 3065 3486 3118 τὸ
3504 3066 3570 3135 τῇ
3606 3065 3831 3135 θελήσει
3865 3069 4003 3120 ὑπο-

737 3177 990 3231 νοιυιιιιιε
1021 3173 1330 3227 naturalis:
1379 3180 1435 3226 at
1467 3180 1621 3225 certo
1681 3170 1886 3239 talique
1938 3167 2101 3224 modo
2149 3166 2310 3233 velle,

2418 3155 2688 3225 κείμενον,
2718 3153 2960 3225 θελητὺν,
2993 3154 3085 3208 καὶ
3115 3155 3328 3226 θέλημα
3371 3157 3647 3225 γνωμικὸν
3670 3172 3685 3187 ’
3713 3157 4005 3227 θελητικὺν

737 3267 854 3323 sive
881 3264 1024 3335 quod
1051 3270 1136 3319 est
1159 3262 1427 3318 voluntati
1451 3261 1781 3330 subjectum,
1809 3274 1898 3314 res
1920 3259 2012 3312 illa
2034 3264 2119 3312 est
2146 3270 2307 3327 quam

2418 3246 2467 3299 δέ
2501 3248 2617 3299 ἐστι
2639 3286 2655 3311 ,
2693 3247 2755 3299 τὸ
2803 3245 3047 3313 πεφυκὸς
3093 3245 3304 3300 θέλειν’
3328 3242 3440 3301 οἷον
3471 3248 3731 3319 θελητική
3765 3250 3921 3302 ἐστιν
3969 3253 4000 3319 ἠ

736 3359 1012 3420 volumus,
1075 3364 1131 3411 et
1177 3356 1436 3410 voluntas
1488 3353 1725 3406 arbitrii.
1762 3348 2099 3420 Θελητικὸν³
2129 3356 2309 3403 autem

2418 3336 2531 3390 θεία
2576 3335 2758 3403 φύσις,
2794 3336 3055 3398 ὡσαύτως
3110 3338 3204 3390 καὶ
3260 3338 3292 3407 ὴ
3339 3336 3654 3407 ἀνθρωπίνη
3686 3354 3701 3368 ο
3738 3338 3919 3392 θέλων
3944 3340 4000 3392 δέ

737 3449 874 3504 illud
912 3455 1018 3511 est,
1058 3447 1209 3502 cuia
1261 3454 1460 3500 natura
1488 3444 1632 3497 inest
1657 3444 1737 3497 vis
1783 3441 2000 3495 volendi
2036 3448 2135 3494 :ut
2179 3445 2309 3508 puta

2418 3426 2558 3511 ἐστιν
2589 3425 2617 3475 6
2658 3424 3000 3495 κεχρημένος
3035 3427 3103 3496 τῇ
3153 3425 3387 3496 θελήσει,
3430 3427 3548 3497 ἦτοι
3597 3428 3629 3496 ἡ
3671 3427 3998 3493 ὑπόστασις.

740 3548 941 3597 natura
969 3539 1153 3592 divina
1184 3537 1289 3592 vim
1313 3538 1477 3591 habet
1505 3534 1741 3598 volendi,
1775 3534 2014 3601 itemque
2046 3530 2308 3584 humana.

2418 3510 2521 3569 οἷον
2554 3518 2582 3569 6
2616 3516 2843 3587 Πέτρος.

745 3634 950 3687 Volens
1001 3631 1239 3700 denique
1297 3641 1403 3694 est,
1448 3628 1545 3699 qui
1591 3627 1873 3681 voluntate
1930 3623 2128 3687 utitur,
2195 3621 2311 3675 sive

746 3737 1001 3792 persona,
1035 3730 1093 3775 ut
1119 3721 1337 3775 Petrus.

828 3813 1081 3869 Voluntas
1124 3816 1178 3868 in
1204 3814 1417 3868 Christo
1444 3811 1657 3881 duplex,
1708 3808 1984 3879 γνωμικὸν
2030 3822 2213 3860 unum.
2239 3833 2311 3845 -—-

739 3908 1009 3973 Quoniam
1041 3906 1207 3975 igitur
1232 3904 1413 3960 ‘unus
1446 3897 2153 3969 Christus,unaqueitidem
2192 3897 2311 3965 ejus

739 4011 975 4067 persona
1002 4004 1107 4058 cst,
1152 4011 1297 4048 unus
1341 3994 1506 4049 etiam
1548 3993 1778 4063 proinde
1831 3999 1915 4045 est
1954 3990 2164 4053 volens,
2199 3995 2307 4039 tam

739 4092 925 4145 divina
956 4106 1118 4160 quam
1148 4090 1388 4143 humana
1437 4090 1669 4143 ratione.
1715 4086 1952 4147 Rursus,
2012 4084 2140 4153 quia
2171 4082 2309 4135 duas

743 4192 970 4239 naturas
1014 4182 1229 4237 volendi
1260 4182 1521 4236 facultate
1574 4179 1828 4249 praeditas
1881 4176 2068 4238 liabet,
2123 4181 2310 4240 utpote

744 4275 1082 4343 rationales(
1121 4273 1385 4344 quidquid
1417 4272 1557 4326 enim
1577 4270 1844 4324 rationale
1868 4278 1973 4330 est,
2011 4267 2140 4320 illud
2175 4280 2309 4334 quo-

2492 3812 2709 3882 Ἐπειδὴ
2744 3813 2925 3866 τοίνυν
2949 3808 3034 3877 εἷς
3065 3815 3162 3883 μὲν
3189 3814 3216 3867 6
3244 3816 3496 3885 Χριστὸς,
3526 3818 3618 3869 καὶ
3644 3818 3745 3887 μία
3772 3819 3996 3890 ιιύτοῦή

2409 3904 2730 3967 ὑπόστασις,
2764 3900 2843 3967 εἷς
2874 3906 2967 3958 καὶ
3002 3908 3029 3958 6
3057 3906 3219 3968 αὑτός
3246 3908 3393 3959 ἐστιν
3423 3910 3449 3959 6
3482 3908 3648 3961 θέλων
3677 3909 3890 3975 θεὶκῶς
3942 3930 3999 3966 τε

2410 3995 2500 4050 καὶ
2532 3996 2911 4067 ἀνθρωπίνως.
2953 3997 3170 4069 Ἐπειδὴ
3199 3998 3255 4050 δὲ
3284 3998 3377 4051 δύο
3413 3999 3601 4066 φύσεις
3639 4000 3755 4071 ἔχει
3786 4001 3999 4074 θελητι-

2409 4088 2533 4152 κὰς,
2574 4088 2649 4151 ὡς
2672 4089 2895 4158 λογικάς
2918 4106 2930 4119 ·
2964 4092 3071 4143 πᾶν
3107 4092 3215 4160 γὰρ
3251 4092 3467 4158 λογικὸν
3500 4093 3791 4162 θελητικόν
3819 4114 3879 4148 τε
3908 4098 4001 4150 καὶ

2410 4177 2788 4241 αὐτεξούσιον·
2839 4178 2932 4232 δύο
2979 4178 3231 4247 θελήσεις
3254 4221 3268 4243 ,
3305 4181 3424 4250 ἤτοι
3472 4182 3759 4253 θελήματα
3795 4189 4001 4253 φυσικὰ

2411 4270 2496 4322 ἐπ’
2528 4270 2692 4322 αὑτοῦ
2724 4269 2977 4340 ἐροῦμεν.
3003 4270 3299 4340 Θελητικὸς
3324 4276 3430 4339 γάρ
3460 4274 3609 4325 ἐστιν
3633 4278 3659 4327 6
3688 4277 3861 4339 αὐτὸς
3883 4281 4000 4331 κατ’

744 4383 853 4438 que
893 4368 959 4422 ad
1003 4366 1291 4421 volendum
1330 4362 1510 4418 babile
1546 4373 1651 4428 est,
1685 4377 1749 4415 ac
1787 4359 2062 4428 liberum)
2107 4359 2311 4413 idcirco

2418 4362 2577 4431 ἄμφω
2608 4362 2704 4425 τὰς
2730 4361 2895 4415 αὑτοῦ
2926 4361 3134 4429 φύσεις.
3168 4363 3280 4432 Τὴν
3310 4366 3419 4433 γὰρ
3458 4366 3704 4433 φυσικῶς
3757 4368 4000 4440 ἐνυπάρ.

744 4460 882 4514 duas
927 4459 1090 4512 etiam
1136 4457 1189 4510 in
1227 4471 1291 4511 eo
1342 4454 1620 4509 naturales
1676 4453 1988 4507 voluntates
2044 4451 2306 4505 dicemus.

2418 4474 2613 4526 χουσαν
2643 4460 2775 4528 ἡμῖν
2807 4455 3096 4527 θελητικὴν
3125 4458 3349 4528 δύναμιν
3371 4460 3621 4513 ἀνέλαὸε.
3664 4464 3777 4514 Καὶ
3811 4466 3997 4528 ἐπειδὴ

741 4548 886 4604 Idem
917 4550 1062 4603 enim
1103 4549 1219 4618 ipse
1242 4554 1462 4617 pr0pter
1486 4553 1774 4613 utramque
1805 4552 2057 4598 naturam
2090 4542 2306 4596 volendi

2418 4512 2445 4526 ..
2664 4512 2696 4528 ..
2922 4512 2933 4527 .
3053 4512 3062 4527 .
3260 4512 3271 4528 .
3614 4512 3619 4513 κ
3816 4512 3999 4535 ---νη

2418 4544 2490 4611 εἷς
2515 4551 2662 4601 ἐστιν
2683 4551 2709 4601 6
2731 4550 2983 4620 Χριστὸς,
3014 4551 3107 4601 καὶ
3139 4550 3165 4600 6
3203 4551 3361 4611 αὐτὸς
3387 4553 3413 4602 6
3445 4550 3616 4603 θέλων
3644 4554 3769 4606 καθ’
3805 4558 3999 4608 exuti-

742 4639 1004 4693 l'acultate
1045 4639 1251 4709 pollet;
1310 4637 1509 4706 quippe
1535 4637 1627 4705 qui
1665 4652 1784 4688 eam
1837 4635 2136 4704 assumpsit
2197 4635 2304 4687 vim

2418 4657 2515 4711 ραν
2537 4641 2717 4706 φύσιν,
2764 4640 2824 4691 τὸ
2869 4640 3000 4692 αὐτὸ
3049 4640 3511 4710 θελητὸνλέξομεκι
3554 4646 3636 4693 ἐτ’
3672 4647 3869 4711 αἰτοῦ,
3908 4652 4000 4716 oi;

743 4731 956 4786 volendi
985 4745 1104 4801 quae
1133 4730 1292 4784 nobis
1321 4745 1349 4783 ιι
1382 4737 1575 4782 natura
1606 4736 1708 4782 est.
1747 4726 1808 4781 Et
1848 4727 2106 4798 quoniam
2154 4733 2308 4780 'unus

2418 4732 2486 4795 ὡς
2511 4732 2648 4801 μόνα
2679 4732 2944 4795 θέλοντος,
2977 4730 3012 4785 ἃ
3062 4732 3303 4800 φυσικῶς
3351 4734 3423 4794 ὡς
3472 4735 3604 4797 Θεὸς
3658 4738 3895 4805 ἥθεὶεν·
3944 4743 3997 4790 c3

743 4821 999 4891 idemque
1049 4820 1302 4877 Christus
1334 4832 1438 4886 est,
1487 4821 1579 4890 qui
1631 4821 1913 4889 utriusque
1970 4828 2181 4873 natura:
2230 4834 2313 4872 ra-

2418 4825 2524 4894 γὰρ
2573 4823 2826 4893 θεότητος
2876 4823 2933 4874 τὸ
2986 4822 3159 4875 θέλειν
3208 4825 3423 4891 φαγεῖν,
3455 4827 3548 4877 καὶ
3596 4831 3764 4889 πιεῖν,
3805 4833 3907 4883 καὶ
3938 4836 3998 4884 τά

745 4914 893 4968 tione
936 4913 1071 4977 vult,
1122 4913 1263 4966 idem
1299 4911 1525 4981 proinde
1560 4910 1859 4966 voluntatis
1906 4911 2211 4981 subjectum
2257 4911 2310 4964 in

2418 4912 2679 4965 τοιαῦτα·
2715 4912 2847 4965 ἀλλὰ
2884 4912 2977 4965 καὶ
3004 4911 3071 4965 τὰ
3097 4915 3394 4965 συστατικὰ
3432 4914 3541 4984 (52)
3573 4918 3672 4984 τῆς
3714 4919 3999 4988 ανθριυπι-

815 5090 1006 5143 ’Max.
1054 5088 1192 5144 Dial.
1255 5106 1370 5143 cum
1437 5088 1677 5159 Pyrrho;
1730 5089 1919 5144 Anast.
1996 5090 2048 5142 in
2108 5086 2351 5158 Ὀδηγῷ,
2414 5104 2534 5158 cap.
2596 5088 2651 5149 6,
2714 5103 2767 5155 p.
2830 5088 2897 5140 60
2996 5089 3014 5119 ³
3056 5085 3337 5141 l’olitivum
3390 5089 3439 5140 L2.
3504 5090 3713 5144 scholis
3766 5094 3997 5149 dicitur.

747 5161 770 5193 ⁴
798 5160 937 5214 Max.
976 5159 1107 5213 Ibid.
2032 5221 2265 5277 VARuE
2304 5220 2699 5276 LECTIONEs,

822 5322 843 5358 ιι
872 5319 1199 5375 Particulam
1233 5319 1372 5371 hanc
1398 5314 1579 5370 addidi
1610 5324 1731 5383 post
1764 5319 2161 5383 recogmtorem
2184 5315 2306 5367 cod.
2346 5312 2402 5366 S.
2448 5313 2658 5368 llilarii.

2242 5426 2473 5485 NOTAE.

813 5531 926 5599 (52)
972 5523 1391 5599 ‘ALM,_xal_n'z
1412 5522 1763 5599 συστατικᾴ.
1802 5521 1902 5599 Sed
1928 5540 1989 5575 ea
2011 5526 2307 5599 etiam-qun:
2414 5524 2655 5599 manitus
2690 5539 2807 5599 qua:
2862 5524 3121 5599 humana.
3174 5522 3437 5599 C:eter_um
3473 5538 3538 5575 ex
3577 5524 3797 5577 Maximi
3844 5526 3989 5579 Dial.

745 5591 1015 5664 naturam,
1050 5606 1154 5650 etc.
1186 5595 1456 5662 Duplicem
1482 5594 1693 5646 volendi
1730 5592 2041 5645 facultatem
2069 5597 2119 5646 in
2147 5594 2306 5645 Chri—
2413 5610 2529 5645 cum
2573 5594 2763 5662 Pyrrh.
2789 5593 3037 5645 t'OIiei-dit
3078 5608 3244 5644 unum
3278 5591 3487 5660 θέλημα
3537 5597 3844 5659 γνωμικὸν,
3877 5600 3993 5650 δίνη

746 5684 833 5724 SH)
872 5662 1291 5739 agnuscit,_4q_u:e
1322 5664 1596 5739 naturales
1624 5664 1949 5739 etproprios
1973 5674 2305 5739 aetusexer-
2414 5664 2755 5739 arbitrarium
2797 5664 3115 5715 voluntatem
3177 5676 3338 5713 unam
3398 5663 3450 5713 in
3500 5662 3723 5716 Christo
3776 5664 3987 5722 fuisse.

747 5731 975 5793 currit:
1022 5749 1077 5790 ut
1111 5731 1294 5787 divina
1337 5736 1632 5795 voluntate,
1676 5734 1968 5799 diviuoquc
2020 5735 2178 5785 modo
2210 5747 2300 5782 vo-
2412 5734 2536 5798 quia
2564 5734 2664 5785 etsi
2716 5735 2992 5784 Vullmlate
3052 5734 3284 5784 humana
3324 5731 3535 5783 Volebat
3592 5748 3711 5798 quin
3743 5735 3984 5785 human:

748 5809 901 5862 luerit
926 5824 1045 5876 qme
1069 5808 1245 5859 di\inu
1272 5811 1416 5863 sunt,
1446 5810 1493 5854 et
1528 5802 1759 5854 humana
1790 5804 2083 5864 voluntate,
2117 5810 2165 5855 et
2204 5803 2302 5852 Ιιιι-
2412 5813 2585 5863 erant,
2628 5802 2766 5855 haud
2805 5811 2981 5853 tawzen
3023 5801 3125 5855 nisi
3179 5800 3360 5853 divina
3401 5810 3709 5868 annuente;
3747 5800 3800 5856 in
3835 5816 3988 5856 eam.
