4180 6450
238 435 379 503 1053

1266 441 1362 499 ΒΕ
1402 441 1577 500 FIDE
1621 442 2078 503 ORTHODOXA
2124 446 2269 504 LIB.
2323 445 2435 505 ΙΙῐ.

3337 440 3480 510 1058

234 549 517 620 ἐνεργείας
570 551 599 603 ὁ
628 550 756 614 Υἱὸς
788 551 866 620 τῷ
920 551 1095 621 Πατρὶ
1142 555 1242 621 τῆς
1277 553 1448 621 αὐτῆς
1476 594 1489 617 ,
1542 554 1665 605 οὐδὲ
1714 554 1851 622 τῆς,

1918 559 2001 610 his
2030 557 2102 609 ita
2132 558 2613 626 respondebimus:
2646 556 2702 610 Si
2735 555 2801 610 de
2844 554 3131 611 divinitate
3159 554 3336 610 solum
3371 558 3475 612 hoc

233 643 401 710 αὐτῆς
442 642 594 694 ἔσται
646 643 855 704 οὐσίας.
912 643 1031 694 Τίνι
1083 642 1140 693 δὲ
1178 643 1560 712 ἁπονεμοῧμεν
1595 645 1685 695 τόο
1738 645 1802 695 '0

234 732 437 799 Πατήρ
462 750 579 801 μου
621 732 732 799 ἕως
762 734 892 801 ἄρτι
936 732 1253 802 ἐργάζεται,
1282 734 1442 802 κάγὼ
1474 734 1802 803 ἐργάζομαι,

235 826 361 876 καί·
397 827 461 877 Ἃ
508 825 585 877 ἂν
606 825 828 888 ,βλέπει
865 825 970 877 τὸν
1005 825 1233 892 Πατέρα
1273 826 1592 888 ποιοῦντα,
1621 826 1806 879 ταῦτα

236 917 334 968 καὶ
384 920 416 968 ό
472 916 600 981 Υἱὸς
653 918 868 985 ὁμοίως
914 918 1089 977 ποιεῖ,
1130 916 1254 970 καί·
1312 920 1377 969 Et
1432 918 1558 985 ἐμοὶ
1601 920 1671 971 οὐ
1710 932 1806 969 πι-

236 990 480 1059 ἆτεύετε
506 1047 520 1069 ,
565 1007 685 1073 τοῖς
725 1009 920 1077 ἔργοις
965 1026 1083 1076 μου
1119 1008 1517 1070 πιστεύσατε,
1564 1007 1695 1060 καίο
1732 1009 1808 1061 Τὰ

237 1100 412 1163 ἔργα,
456 1098 495 1150 ἂ
548 1100 662 1166 ἐγω
712 1099 879 1165 ποιῶ,
931 1100 1229 1168 μαρτυρεῖ
1282 1100 1415 1166 περὶ
1461 1100 1628 1167 ἐμοῦ,
1672 1100 1806 1152 καί*

241 1190 468 1256 ’Ὠσπερ
496 1193 529 1242 ό
581 1188 780 1257 Πατὴρ
815 1190 1024 1258 ἐγείρει
1054 1192 1194 1256 τοὺς
1247 1192 1497 1257 νεκροὺς
1537 1192 1637 1244 καὶ
1674 1190 1809 1250 (wo-

240 1282 412 1343 ποιεῖ,
438 1283 589 1335 οὕτω
616 1283 712 1335 καὶ
745 1285 777 1335 ὁ
812 1282 964 1348 Υἱὸς,
984 1284 1087 1348 οὓς
1117 1282 1275 1336 θέλει
1305 1281 1594 1343 (tom-misi;
1624 1282 1809 1335 Ταῦτα

241 1373 348 1441 γὰρ
379 1373 555 1424 πάντα
590 1373 650 1424 οὐ
704 1373 861 1440 μόνον
902 1373 1186 1443 ὀμοούσιον
1221 1373 1314 1425 καὶ
1347 1375 1484 1442 μετὰ
1535 1373 1809 1443 σάρκωσιν

242 1462 319 1531 τῷ
348 1464 521 1534 Πατρὶ
544 1464 819 1517 δείκνυσιν
840 1465 1022 1529 αὐτὸν,
1058 1464 1191 1517 ἀλλὰ
1215 1466 1310 1518 καὶ
1337 1466 1435 1535 τῆς
1468 1464 1639 1534 αὐτῆς
1662 1468 1812 1535 ἐνερ-

244 1571 420 1621 γειας.

316 1818 424 1871 Καὶ
452 1819 644 1872 πάλιν·
667 1820 714 1871 εί
768 1820 801 1888 ἡ
854 1817 982 1888 περὶ
1028 1816 1099 1870 τὰ
1133 1816 1261 1870 ὄντα.
1297 1816 1525 1887 πρόνοια
1554 1817 1615 1870 οὐ
1650 1817 1812 1887 μόνον

1910 664 1936 701 a
1982 649 2237 703 Patribus
2266 650 2473 704 dictum
2502 657 2608 715 est,
2644 664 2706 702 ac
2728 663 2835 701 non
2865 649 3027 703 etiam
3061 654 3183 717 post
3218 647 3478 702 incarna-

1906 741 2106 791 tionem
2127 738 2298 794 Filius
2314 740 2559 794 eamdem
2582 755 2745 809 quam
2769 737 2927 791 Pater
2944 738 3208 791 actionem
3232 738 3395 794 habet
3408 738 3477 803 ³⁷,

1906 827 2150 896 profecto
2180 843 2280 881 nec
2306 829 2549 896 ejusdem
2572 844 2696 882 cum
2729 843 2793 882 eo
2815 829 3134 881 substantia:
3160 828 3279 881 erit.
3303 828 3371 881 At
3389 830 3477 881 cui

1907 921 2122 972 tandem
2153 920 2283 973 illttd
2314 920 2721 987 assignabimus
2746 939 2757 973 :
2788 919 2950 973 Pater
2974 935 3114 971 meus
3143 935 3303 989 usque
3325 920 3479 973 modo

1906 1020 2172 1078 operatur,
2206 1022 2254 1064 et
2292 1027 2384 1081 ego
2407 1012 2672 1078 operor",
2698 1019 2751 1065 et
2792 1029 2805 1064 :
2833 1009 2962 1074 Qua:
2986 1010 3119 1063 videt
3149 1009 3363 1063 Patrem
3392 1011 3480 1079 fa-

1908 1105 2148 1165 cientem,
2183 1104 2291 1155 Itrvc
2334 1114 2383 1157 et
2416 1102 2593 1157 Filius
2625 1106 2869 1157 similiter
2890 1104 3019 1166 facit
3044 1103 3108 1166 ³⁹,
3151 1114 3241 1157 et:
3276 1103 3334 1157 Si
3380 1106 3480 1156 mi-

1908 1194 1963 1245 lii
1994 1209 2095 1245 non
2128 1194 2365 1259 creditis,
2401 1195 2643 1264 operibus
2675 1195 2831 1263 233
2872 1196 2997 1247 meis
3028 1193 3222 1247 credite
3264 1193 3331 1258 ⁸ο,
3374 1205 3426 1247 et
3463 1215 3478 1249 :

1918 1282 2091 1351 Opera
2114 1301 2229 1354 qua:
2258 1301 2349 1353 ego
2391 1286 2529 1351 facio
2561 1288 2679 1355 ipsa
2736 1288 3093 1339 testimonium
3122 1284 3387 1353 perhibent
3419 1284 3483 1338 de

1913 1390 1990 1427 me
2015 1378 2081 1439 ⁵³,
2119 1386 2171 1429 et
2203 1396 2214 1429 :
2242 1375 2388 1429 Sicut
2418 1377 2581 1430 Pater
2619 1379 2840 1431 suscitat
2875 1387 3110 1431 mortuos
3136 1387 3183 1430 et
3212 1378 3437 1445 viviﬁcat
3463 1390 3481 1427 :

1909 1464 1987 1515 ita
2021 1474 2069 1517 et
2103 1464 2277 1518 Filius
2310 1482 2436 1535 quos
2467 1467 2596 1531 vult,
2624 1468 2849 1535 viviﬁcat
2872 1468 2954 1519 "?
2984 1466 3107 1520 llaec
3135 1467 3277 1520 enim
3300 1466 3480 1518 omnia

1913 1570 2021 1607 non
2072 1556 2231 1607 modo
2280 1571 2427 1619 eum,
2461 1556 2622 1609 etiam
2673 1567 2796 1624 post
2830 1556 3287 1617 incarnationem,
3332 1552 3480 1607 Patri

1912 1646 2429 1701 consubstantialem
2466 1662 2587 1701 esse
2642 1648 2955 1713 ostendunt,
3004 1648 3096 1702 sed
3130 1655 3183 1700 et
3233 1642 3481 1699 eamdem

1915 1752 2036 1789 cum
2066 1738 2158 1789 illo
2184 1739 2461 1791 actionem
2501 1754 2741 1793 servare.

1985 1828 2062 1880 Ac
2098 1844 2311 1888 rursus,
2360 1829 2404 1882 si
2455 1830 2795 1898 providentia
2847 1831 3013 1885 totius
3067 1829 3334 1891 universi,
3374 1842 3481 1880 non

246 1911 463 1981 Πατρὸς
508 1912 603 1962 καὶ
660 1910 815 1977 ἁγίου
850 1909 1187 1977 Πνεύματος,
1224 1907 1360 1960 ἀλλὰ
1403 1908 1497 1961 καὶ
1537 1910 1630 1961 τοῦ
1683 1908 1815 1962 Υἱοῦ
1849 1912 1851 1963 ἶ

1922 1919 2094 1972 solum
2130 1918 2195 1971 ad
2251 1918 2464 1973 Patrem
2498 1930 2548 1974 et
2582 1919 2843 1989 Spiritum
2881 1933 3154 1985 sanctum,
3193 1921 3286 1975 sed
3318 1921 3481 1975 etiam

248 2001 367 2053 ἐστὶ
400 2002 492 2052 καὶ
549 1999 686 2069 μετὰ
732 1998 828 2069 τὴν
879 1999 1189 2066 σάρκωσιν,
1231 1997 1481 2068 ἐνέργεια
1546 1996 1604 2049 δὲ
1656 1995 1815 2048 τοῦτό

248 2094 428 2144 ἐστιν·
462 2092 571 2162 ἄρα
597 2093 689 2145 καὶ
718 2092 855 2161 μετὰ
885 2090 983 2160 τὴν
1033 2091 1310 2161 σὰρκωσιν
1338 2091 1436 2160 τῆς
1466 2088 1637 2158 αὐτῆς
1668 2089 1815 2140 ἐστιν

249 2185 530 2255 ἐνεργείας
558 2184 637 2253 τῷ
670 2183 863 2254 Πατρί.

323 2279 387 2330 Et
411 2279 466 2331 δὲ
497 2281 559 2330 ὲκ
584 2279 691 2330 τῶν
719 2277 1016 2347 Θαυμάτων
1046 2276 1144 2345 τῆς
1175 2275 1343 2343 αὐτῆς
1374 2273 1561 2335 οὐσίας
1586 2273 1713 2325 ὄντα
1739 2271 1817 2341 τῷ

248 2370 428 2439 Πατρὶ
453 2370 541 2421 τὸν
571 2369 801 2439 Χριστὸν
830 2369 1094 2437 ἔγνωμεν,
1113 2368 1362 2437 ἐνέργεια
1382 2366 1435 2417 δὲ
1450 2363 1583 2416 Θεοῦ
1612 2364 1817 2432 τυγχά-

249 2480 336 2516 νει
356 2464 423 2514 τὰ
444 2462 716 2532 θαύματα,
746 2462 853 2532 ἄρα
874 2460 1010 2531 μετὰ
1043 2460 1317 2528 σάρκωσιν
1345 2458 1442 2526 τῆς
1468 2457 1637 2526 αὐτῆς
1664 2459 1809 2525 ἐνερ-

250 2556 407 2623 γείας
438 2556 554 2607 ἐστὶ
580 2553 656 2623 τῷ
689 2552 882 2623 Πατρί.

326 2646 388 2697 Εἰ
417 2646 472 2698 δὲ
496 2645 591 2714 μία
651 2644 906 2713 ὲνέργεια
953 2643 1053 2711 τῆς
1103 2640 1357 2709 θεότητος
1396 2638 1558 2691 αὑτοῦ
1590 2637 1685 2690 καὶ
1720 2637 1819 2705 τῆς

253 2735 458 2805 σαρκὸς
478 2734 663 2799 αὑτοῦ,
693 2734 945 2795 σύνθετος
972 2733 1145 2795 ἔσται,
1186 2733 1276 2784 καὶ
1302 2730 1473 2792 ἔσται,
1504 2730 1537 2798 ἦ
1569 2728 1760 2797 ἐτέρας
1788 2729 1819 2767 h

253 2829 534 2897 ἱνεργείας
576 2828 726 2896 παρὰ
781 2826 874 2880 τὸν
938 2826 1179 2895 Πατέρα,
1211 2824 1243 2893 ἢ
1280 2823 1372 2877 καὶ
1405 2824 1432 2874 ὁ
1475 2822 1661 2889 Πατὴρ
1693 2839 1820 2873 συν-

253 2920 416 2972 θέτου
442 2919 721 2988 ἐνεργείας
776 2918 949 2969 ἔσται.
1003 2917 1066 2969 Et
1118 2915 1176 2968 δὲ
1212 2913 1466 2967 συνθέτου
1522 2912 1819 2982 ἐνεργείας,

251 3009 415 3080 δῆλον
444 3011 526 3062 ὅτι
550 3012 644 3063 καὶ
671 3008 909 3078 φύσεως.

327 3100 390 3152 Et
420 3098 476 3151 δὲ
498 3100 723 3162 εἴποιεν,
755 3100 837 3150 ὅτι
888 3099 954 3167 τῇ
990 3095 1238 3166 ἐνεργείᾳ
1285 3095 1572 3165 πρόσωπον
1611 3110 1823 3146 συνεισ-

253 3189 469 3257 άγεται,
496 3188 846 3259 ὲροῦμεν,ὂτι
880 3189 929 3240 εἰ
946 3190 1010 3255 τῇ
1033 3186 1284 3256 ἐνεργεία
1300 3186 1590 3256 πρόσωπον
1614 3202 1823 3238 συνεισ-

1922 2006 1988 2060 ad
2041 2006 2260 2072 Filium,
2313 2024 2525 2062 necnon
2588 2018 2711 2078 post
2772 2011 3203 2064 incarnationem
3249 2016 3481 2079 spectat,

1921 2096 2163 2167 profecto
2190 2115 2313 2153 cum
2358 2099 2472 2167 ipsa
2507 2100 2579 2152 sit
2605 2102 2768 2164 actio,
2804 2104 3054 2171 sequitur
3084 2117 3207 2156 eum
3238 2100 3484 2155 eamdem

1923 2200 2045 2238 cum
2078 2185 2238 2240 Patre
2278 2189 2547 2242 actionem
2584 2188 2801 2241 habere.

1992 2276 2145 2341 Quod
2182 2277 2226 2331 si
2270 2293 2335 2331 ex
2384 2277 2545 2333 editis
2595 2279 2875 2332 miraculis
2908 2278 3186 2333 Christum
3238 2277 3486 2347 ejusdem

1923 2382 2044 2421 cum
2102 2366 2263 2423 Patre
2310 2370 2563 2424 essentia:
2618 2385 2742 2425 esse
2792 2371 3186 2439 comperimus,
3225 2368 3317 2423 Dei
3361 2381 3487 2422 vero

1922 2460 2166 2514 actiones
2220 2461 2481 2513 miracula
2519 2470 2679 2527 sunt,
2719 2469 2934 2530 oportet
2965 2469 3022 2514 ut
3054 2461 3216 2515 etiam
3253 2467 3375 2529 post
3402 2458 3489 2512 in-

1923 2551 2296 2605 carnationem
2328 2552 2571 2621 ejusdem
2602 2569 2724 2607 cum
2758 2553 2917 2607 Patre
2946 2554 3179 2606 actionis
3209 2553 3300 2607 sit.

1994 2643 2150 2707 Quod
2179 2643 2221 2699 si
2262 2660 2367 2698 una
2397 2644 2703 2699 divinitatis
2728 2656 2783 2699 et
2806 2644 2991 2699 carnis
3023 2646 3196 2714 ipsius
3219 2647 3360 2698 actio
3384 2650 3491 2705 est,

1925 2736 2039 2788 haec
2073 2737 2373 2804 composita
2408 2738 2533 2801 erit,
2587 2745 2752 2805 atque
2807 2738 2900 2799 ita,
2948 2746 3041 2790 aut
3087 2738 3361 2790 diversam
3405 2733 3495 2788 ille

1926 2842 1955 2879 a
1988 2824 2147 2879 Patre
2180 2828 2447 2881 actionem
2485 2828 2726 2890 habebit,
2780 2829 3069 2881 autetiam
3122 2826 3302 2881 Patris
3350 2825 3498 2879 actio

1926 2915 2227 2983 composita
2269 2917 2393 2969 erit.
2442 2915 2498 2969 Si
2534 2917 2835 2986 composita
2887 2917 3061 2985 ipsius
3108 2917 3250 2970 actio
3303 2912 3493 2977 fuerit,

1927 3020 2060 3061 sane
2080 3014 2135 3059 et
2169 3013 2389 3060 natura.

2000 3094 2125 3147 Non
2155 3096 2340 3163 inferri
2362 3109 2426 3148 ea:
2452 3097 2658 3151 actione
2686 3113 2987 3165 personam,
3026 3097 3103 3151 vel
3142 3096 3396 3150 vicissim.
3426 3122 3496 3132 —

1929 3186 2082 3250 Quod
2121 3186 2167 3239 si
2198 3187 2529 3241 contendant
2558 3203 2663 3241 una
2691 3203 2814 3243 cum
2846 3189 3063 3242 actione
3090 3201 3379 3257 personam
3416 3186 3497 3238 in-

254 3283 473 3349 ἀγεται,
513 3257 655 3332 me
682 3280 781 3349 τὴν
815 3279 1035 3345 εὔλογον
1060 3277 1419 3347 ἀντιστροφὴν
1445 3278 1538 3329 καὶ
1568 3276 1643 3346 τῷ
1664 3294 1829 3346 προσ-

1928 3276 2075 3338 duci,
2127 3284 2239 3329 tum
2300 3277 2697 3347 subjungamus
2724 3278 2810 3333 “z
2848 3277 2903 3332 Si
2951 3294 3056 3331 una
3107 3293 3230 3331 cum
3283 3277 3499 3330 actione

253 3374 391 3441 ὡττῳ
422 3372 671 3441 ἐνέργεια
704 3371 1219 3439 συνεισαχθήσεται·
1254 3370 1353 3421 καὶ
1396 3368 1611 3421 ἔσονται
1639 3368 1830 3436 ὥσπερ

1923 3381 2164 3435 persona.
2201 3368 2499 3433 inducitur,
2551 3378 2982 3424 consentaneum
3018 3370 3259 3423 vicissim
3290 3375 3399 3429 est,
3430 3374 3490 3424 ut

251 3465 384 3529 τρία
410 3464 698 3534 reposcenti,
722 3463 842 3529 ἦτοι
876 3462 1222 3522 ὑποστάσεις,
1257 3461 1355 3527 τῆς
1386 3459 1545 3525 ἁγίας
1579 3458 1826 3526 Τριάδος,

253 3553 514 3605 οὕτωκαὶ
547 3554 694 3619 τρεῖς
744 3550 1038 3621 ἐνέργειαι,
1092 3549 1124 3619 ἢ
1177 3549 1366 3617 ὥσπερ
1410 3547 1505 3615 μία
1554 3547 1825 3618 ἐνέργεια,

1924 3466 1977 3510 et
2015 3472 2120 3511 una
2156 3472 2279 3510 cum
2312 3474 2545 3527 persona
2589 3461 2733 3514 actio
2762 3461 3051 3514 inferatur.
3086 3462 3261 3529 Atque
3288 3461 3359 3511 ita
3383 3459 3495 3520 lict,

1925 3555 1983 3599 ut
2014 3549 2158 3600 sicut
2189 3556 2302 3601 tres
2337 3556 2464 3602 sunt
2496 3565 2760 3617 personae,
2795 3551 2911 3604 sive
2942 3560 3054 3603 tres
3080 3560 3286 3603 sancta:
3315 3546 3499 3601 Trini-

254 3644 399 3697 οὕτω
437 3643 493 3694 ἓν
531 3644 821 3711 πρόσωπον
870 3642 964 3692 καὶ
1006 3641 1102 3709 μία
1160 3639 1473 3699 ὑπόστασις.
1514 3638 1576 3689 Οἱ
1601 3637 1655 3688 δὲ
1682 3636 1830 3702 ἆγιοι

1921 3641 2051 3693 tatis
2078 3640 2419 3708 hypostases,
2448 3642 2528 3695 sic
2554 3649 2666 3695 tres
2694 3656 2911 3709 quoque
2944 3642 3191 3694 actiones
3216 3641 3327 3694 sint
3357 3657 3372 3693 :
3404 3648 3499 3692 aut

256 3737 500 3804 Πατέρες
532 3732 837 3801 συμιρώνως
867 3734 1145 3801 εἰρήκασι,
1176 3730 1245 3783 τὰ
1280 3733 1381 3798 τῆς
1416 3729 1585 3797 αὐτῆς
1618 3727 1827 3790 οὐσίας,

255 3830 352 3879 καὶ
376 3829 474 3895 τῆς
513 3827 683 3893 αὐτῆς
716 3820 855 3876 εἶναι
882 3822 1181 3892 ἐνεργείας.

1924 3739 2144 3790 contra,
2174 3729 2636 3798 quemadmodum
2669 3744 2775 3782 una
2810 3738 2894 3784 est
2923 3732 3087 3793 actio,
3128 3731 3201 3783 ita
3226 3744 3332 3782 una
3361 3742 3498 3798 quo-

1929 3835 2035 3888 que
2066 3835 2319 3888 persona,
2341 3828 2396 3874 et
2426 3820 2758 3888 hypostasis.
2792 3822 2952 3889 Atqui
2980 3820 3155 3875 sancti
3187 3818 3379 3874 Patres
3395 3821 3498 3874 hoc

258 3937 367 3977 una
431 3935 563 3972 voce
594 3919 919 3977 docuerunt,
968 3931 1029 3968 ea
1086 3929 1205 3982 qua:
1252 3911 1497 3981 ejusdem
1551 3910 1868 3965 substantiae
1888 3919 2036 3975 sunt,
2064 3910 2307 3976 ejusdem
2339 3924 2557 3977 quoque
2589 3910 2820 3963 actionis
2851 3924 2994 3963 esse.

333 4012 455 4061 Ἔτι
485 4008 564 4069 δὲ,
596 4008 642 4058 εἰ
676 4008 741 4073 τῇ
793 4004 1044 4073 ἐνεργείᾳ⁴
1103 4002 1395 4070 πρόσωπον
1427 4002 1828 4065 συνεισάγεται,

257 4105 306 4156 οἱ
339 4102 475 4169 μήτε
510 4098 657 4165 μίαν,
692 4100 830 4164 μήτε
852 4095 945 4145 δύο
973 4092 1207 4162 Χριστοῦ
1241 4093 1336 4152 τὰς
1356 4091 1632 4159 ἐνεργείας
1654 4090 1831 4156 λέγειν

260 4192 638 4250 Θεσπίσαντες,
669 4186 791 4237 οὒτε
828 4184 886 4237 ἓν
920 4185 1209 4252 πρόσωπον
1260 4181 1422 4233 αὑτοῦ
1466 4181 1668 4248 λέγειν,
1703 4178 1830 4231 οὔτε

258 4282 352 4334 δύο
384 4276 738 4347 πῳτέταξαν.

331 4372 440 4423 Καὶ
467 4370 560 4420 ἐπὶ
588 4368 684 4434 τῆς
712 4362 1189 4431 πεπνρακτωμὲνη
1198 4379 1222 4421 ς
1252 4361 1307 4412 δὲ
1333 4360 1625 4429 μαχαίρας,
1642 4359 1828 4430 ὧσπερ

260 4465 316 4517 αἱ
348 4461 537 4529 φύσεις
562 4458 821 4519 σώζονται
857 4454 950 4504 τοῦ
998 4470 1057 4503 τε
1094 4452 1265 4521 stupe;
1306 4454 1402 4503 καὶ
1439 4452 1533 4503 τοῦ
1584 4452 1823 4521 σιδήρου,

2000 3999 2203 4053 Deinde
2246 4012 2394 4060 vero,
2428 3999 2474 4051 si
2510 4013 2739 4066 persona
2770 4014 2878 4052 una
2915 4013 3041 4051 cum
3085 3998 3304 4052 actione
3331 3996 3501 4053 infer-

1927 4098 2041 4151 tur,
2075 4090 2169 4157 qui
2200 4104 2299 4142 nec
2325 4104 2514 4157 unam,
2556 4103 2655 4141 nec
2702 4087 2840 4141 duas
2880 4088 3084 4142 Christi
3135 4089 3385 4143 actiones
3412 4088 3499 4143 dio

1927 4179 2136 4235 cendas
2185 4178 2661 4247 przescripserunt,
2708 4177 2938 4245 proinde
2986 4192 3163 4245 neque
3208 4192 3498 4247 personam

1930 4288 2121 4331 unam,
2154 4286 2330 4338 neque
2362 4269 2500 4323 duas
2528 4269 2711 4321 dicere
2734 4277 3138 4336 praeceperunt.

1995 4361 2304 4427 Exemplum
2345 4358 2544 4412 Basilio
2625 4360 2849 4427 aliisque
2921 4360 3214 4427 familiare.
3268 4389 3334 4401 —
3388 4357 3497 4412 Sed

1931 4458 1987 4504 et
2037 4452 2090 4502 in
2143 4450 2391 4502 candenti
2441 4447 2639 4516 gladio,
2674 4448 2749 4501 uti
2812 4456 2926 4499 tum
2987 4447 3152 4515 ignis,
3198 4454 3314 4499 tum
3368 4444 3498 4500 ferri

259 4554 403 4607 οὕτω
436 4553 528 4603 καὶ
550 4550 643 4600 δύο
670 4543 1153 4615 ἐνέργειαι,κα“ιτα
1169 4543 1372 4594 τούτων
1388 4543 1825 4611 ἀποτελέσματα,

1932 4549 2140 4594 natura:
2203 4550 2490 4591 servantur
2548 4538 2628 4600 “,
2686 4540 2761 4590 ita
2816 4548 2870 4591 et
2929 4536 3049 4590 duae
3098 4537 3387 4598 actiones,
3444 4542 3501 4590 et

264 4647 422 4713 Ἐχει
456 4642 554 4711 μὲν
585 4642 712 4708 γὰρ,
764 4640 793 4689 ὁ
849 4638 948 4705 μὲν
994 4635 1210 4704 σίδηρος
1256 4633 1315 4685 τὸ
1354 4634 1641 4703 τμητικὸν,
1687 4634 1832 4686 τὸδὲ

1927 4648 2113 4687 earum
2163 4630 2374 4685 eﬂ'ecta.
2414 4629 2545 4682 Nam
2591 4638 2644 4680 et
2691 4628 2891 4681 ferrum
2956 4627 3198 4687 secandi,
3258 4634 3313 4679 et
3359 4626 3501 4694 ignis

263 4735 396 4805 πῦρ,
450 4733 510 4783 τὸ
556 4729 872 4789 κει-ἀστικὸν,
940 4727 1037 4779 καὶ
1096 4728 1130 4794 ἡ
1162 4725 1300 4793 τομὴ
1331 4726 1451 4792 μὲν,
1487 4725 1585 4789 τῆς
1618 4725 1710 4777 τοῦ
1752 4743 1834 4776 σι·

1929 4722 2120 4775 urendi
2178 4721 2285 4772 vim
2338 4721 2567 4779 habent;
2643 4727 2702 4770 ut
2762 4716 2931 4771 sectio
2998 4715 3217 4783 quidem
3266 4715 3501 4769 actionis

1931 4811 2059 4866 ferri
2113 4825 2252 4879 opus
2304 4812 2394 4871 sit,
2447 4809 2591 4861 ustio
2654 4815 2833 4861 autem
2882 4806 3023 4874 ignis
3086 4823 3101 4858 :
3170 4819 3235 4857 ac
3299 4803 3502 4859 discri-

1934 4919 2079 4964 men,
2131 4913 2245 4957 tum
2298 4904 2353 4954 in
2403 4900 2531 4953 ferri
2567 4899 2775 4952 ardenti
2820 4898 3087 4957 sectione,
3118 4903 3233 4947 tum
3265 4895 3319 4947 in
3353 4906 3501 4949 secta

260 4828 430 4895 δήρον
475 4821 755 4891 ἐνεργείας
805 4820 951 4871 ἐστὶν
1005 4816 1381 4883 ἀποτέλεσμα,
1427 4817 1459 4884 ἡ
1507 4816 1565 4867 δὲ
1618 4815 1832 4879 καῦσις,

260 4919 365 4989 τῆς
394 4916 485 4968 τοῦ
518 4916 689 4983 πυρός
707 4929 723 4943 ·
750 4912 845 4963 καὶ
888 4910 1118 4973 σώζεται
1160 4910 1219 4960 τὸ
1262 4909 1469 4959 τούτων
1496 4910 1751 4978 διαςςορον
1778 4912 1837 4960 ἐν

260 5015 333 5080 τῇ
361 5008 679 5077 κεκαυμένῃ
736 5007 901 5073 τομῇ,
937 5003 1030 5055 καὶ
1086 5005 1143 5053 ἐν
1168 5004 1233 5070 τῇ
1264 5002 1580 5070 τετμημένῃ
1616 5002 1830 5065 καύσει,

262 5102 317 5152 εξ
339 5100 433 5151 καί
469 5099 604 5166 μήτε
630 5099 664 5165 ἡ
698 5094 893 5155 καῦσκ
924 5096 1024 5161 τῆς
1044 5091 1216 5162 τομῆς
1265 5092 1387 5159 δίχα
1426 5089 1665 5158 γίγνοιτο
1696 5092 1834 5160 μετὰ

264 5191 367 5257 ’τὴν
415 5190 628 5249 Ξηωσιν,
673 5188 811 5255 μήτε
954 5183 1096 5251 τομὴ
1146 5182 1268 5250 δίχα
1294 5182 1393 5248 τῆς
1424 5183 1701 5244 καύσεως·
1740 5185 1834 5233 καὶ

1939 4998 2153 5049 ustione
2184 5002 2429 5049 servatur
2453 5008 2467 5055 ;
2494 4991 2707 5044 tametsi
2734 4998 2857 5058 post
2888 4986 3198 5056 hujusmodi
3224 4986 3500 5045 unionem,

1936 5102 2038 5142 nec
2059 5088 2199 5139 ustio
2220 5087 2353 5138 citra
2380 5084 2672 5136 sectionem
2692 5082 2783 5142 sit,
2800 5094 2895 5132 nec
2918 5078 3090 5131 sectio
3105 5077 3225 5130 sine
3251 5075 3500 5129 ustione:

1936 5198 2035 5235 nec
2058 5180 2183 5249 quia
2222 5178 2417 5245 duplex
2446 5187 2530 5230 est
2572 5174 2835 5226 naturalis
2861 5176 3039 5236 actio,
3080 5171 3218 5224 duos
3278 5166 3506 5237 proinde

264 5280 393 5332 οὔτε
419 5280 506 5332 διὰ
552 5279 614 5329 τὸ
668 5277 843 5329 διττὸν
887 5275 986 5344 τῆς
1044 5274 1279 5344 φυσικῆς
1310 5274 1592 5343 ἐνεργείας
1625 5274 1717 5325 6'50
1745 5290 1842 5325 πε-

1931 5273 2227 5327 candentes
2254 5268 2463 5338 gladios
2494 5266 2728 5319 dicimus
2756 5280 2771 5329 ;
2812 5278 2911 5317 nec
2937 5276 3151 5323 rursus,
3187 5260 3316 5328 quia
3360 5274 3505 5311 unus

350 5457 395 5489 ³⁷
426 5456 565 5511 llas.
597 5455 738 5527 Dial.
763 5473 878 5509 cum
904 5455 1274 5527 Pgrrhoiibid.
1341 5456 1404 5527 _”
1446 5452 1604 5527 Joan.
1663 5469 1717 5527 γ,
1748 5454 1856 5527 17η
1931 5453 1975 5483 ⁸⁹
2006 5453 2139 5527 ibid.
2180 5451 2264 5505 19.
2344 5448 2567 5527 1⁵ίιίοξιι.
2599 5462 2650 5511 τ,
2680 5445 2770 5499 21.
2857 5445 2897 5474 δ’
2926 5439 3057 5494 ibid.
3084 5437 3177 5493 25.
3270 5438 3317 5468 δ’
3340 5432 3505 5490 Joan.

271 5546 329 5594 ν,
356 5528 444 5582 ει.
534 5529 579 5558 ⁵³
601 5525 745 5580 llas.
778 5528 915 5580 ibid.

1358 5456 1404 5486 ³³
1446 5452 1604 5507 Joan.
1663 5469 1717 5514 γ,
1748 5454 1832 5506 t7.
1931 5453 1975 5483 ⁸⁹
2006 5453 2139 5505 ibid.
2180 5451 2264 5505 {9.
2344 5448 2567 5501 “Joan.
2599 5462 2650 5511 τ,
2680 5445 2770 5499 21.

1000 5528 1047 5559 “
1084 5526 1305 5579 llaxim.
1341 5524 1436 5578 lib.
1471 5525 1545 5578 De
1573 5525 1736 5575 duab.
1775 5525 1877 5577 sol.
1922 5531 1975 5577 et
2006 5523 2155 5576 Dial.
2192 5538 2312 5573 cum
2350 5518 2574 5589 Pyrrho.

1576 5676 1807 5731 VARUS.
1843 5675 2245 5732 LECTIONES.

347 5813 537 5870 δεοά.
562 5814 619 5869 5.
658 5814 769 5871 Hii.
804 5814 871 5871 Β.
907 5814 928 5867 Ι
969 5822 1023 5869 et
1057 5812 1128 5866 Μ.
1178 5815 1271 5865 καὶ
1322 5812 1540 5879 ἑτέρας.
