4180 6450
170 432 304 497 1057

1184 436 1281 495 DE
1304 436 1480 496 FIDE
1512 435 1975 497 ORTHODOXA
2019 438 2165 498 LIB.
2207 438 2320 497 III.

3280 440 3418 505 1058

168 562 364 615 στομος
387 547 442 597 ὲν
465 546 529 615 τῇ
566 545 829 616 ἑρμηνείᾳ
859 546 964 599 τῶν
995 546 1271 617 Πρᾶξεων,
1309 548 1548 619 δευτέρῳ
1574 548 1735 618 λόγῳ,

1843 552 2015 605 simus
2033 561 2087 605 et
2110 565 2341 621 magnus
2371 550 2459 606 ille
2480 552 2561 605 vir
2589 551 3066 609 sanctusJoannes
3087 552 3417 626 Chrysosto-

164 636 309 689 οὑτω
332 636 529 707 φησιν’
571 655 587 687 ι
620 638 732 691 Οὑκ
778 637 843 690 ἄν
884 655 967 701 τις
1019 639 1275 709 ἁμάρτοι,
1323 641 1413 691 καὶ
1467 641 1526 695 τὸ
1576 640 1743 703 πάθος

166 726 333 779 αὑτοῦ
360 726 556 796 πρᾶξιν
594 729 849 791 καλέσας.
895 728 982 781 Ἐν
1019 728 1098 798 τῷ
1130 729 1238 799 γὰρ
1267 730 1337 781 τὰ
1378 728 1394 779 i
1431 732 1610 783 πάντα
1642 747 1747 782 πα-

166 822 300 876 Θεῖν.
328 822 551 891 ἐποίησε
576 823 637 876 τὸ
670 826 813 894 μέγα
863 827 958 878 καὶ
1004 825 1318 897 θαυμαστὸν
1360 830 1538 881 ἐκεῖνο
1562 829 1743 900 ἔργον,

165 913 258 965 τὸν
287 912 516 968 θάνατον
544 916 873 983 καταλύσας,
913 919 1007 971 καὶ
1040 920 1111 973 τὰ
1139 921 1274 975 ἄλλα
1300 921 1476 975 πάντα
1504 924 1743 992 ἐργασά-

173 1022 357 1072 μενος.
401 1026 419 1058 ι

238 1192 301 1244 ΕΞ
325 1193 474 1245 πᾶσα
500 1191 769 1263 ἐνέργεια,
809 1192 1025 1261 φύσεώς
1084 1211 1229 1258 τινος
1259 1194 1519 1268 οὑσιώδης
1569 1200 1745 1271 ὁρίζε-

168 1301 258 1336 ται
291 1284 523 1354 κίνησις,
552 1284 627 1347 ὼς
661 1287 709 1336 ot
740 1286 868 1353 περὶ
894 1286 1068 1338 ταῦτα
1096 1287 1259 1340 δεινοὶ
1285 1288 1615 1359 διειλήφασι,
1642 1293 1743 1345 ποῦ

170 1378 334 1445 φύσιν
377 1395 462 1441 τις
513 1376 654 1431 οἶδεν
703 1379 1035 1448 ἀκίνητον,ἢ
1078 1380 1356 1445 παντελῶς
1386 1383 1764 1455 ἀνενέργητον,

168 1470 201 1541 ἢ
237 1468 515 1541 ἐνέργειαν
570 1470 804 1541 εὕρηκεν
830 1472 855 1511 ιι
885 1472 947 1523 οὐ
985 1474 1221 1542 φυσικῆς
1254 1473 1537 1544 δυνάμεως
1567 1477 1745 1549 ὑπάρ-

169 1579 372 1633 χουσαν
406 1563 659 1633 κίνησιν;
691 1562 834 1616 Μίαν
862 1563 918 1615 δὲ
946 1566 1182 1633 φυσικὴν
1207 1566 1317 1635 (37)
1339 1568 1437 1637 τὴν
1464 1568 1744 1637 ἐνέργειαν

169 1654 306 1708 Θεοῦ
341 1655 434 1707 καὶ
458 1655 763 1725 ποιήματος
788 1656 886 1707 οὑκ
904 1654 968 1708 ἄν
984 1673 1066 1718 τις
1099 1651 1157 1708 εὖ
1189 1658 1401 1725 φρονῶν
1436 1658 1574 1728 δοίη.
1606 1659 1745 1713 κατὰ

167 1746 260 1799 τὸν
286 1748 553 1816 μακάριον
600 1747 867 1815 Κύριλλον
887 1764 899 1776 ·
929 1746 1050 1799 οὑδὲ
1090 1746 1348 1810 ζωοποιεῖ
1366 1749 1458 1802 τὸν
1496 1751 1744 1822 Λάζαρον

170 1839 203 1906 ή
234 1838 548 1911 ἀνθρωπίνη
576 1837 760 1905 φύσις,
785 1837 909 1891 οὗτε
955 1839 1184 1909 δακρύει
1214 1841 1245 1910 ή
1283 1840 1438 1912 Θεῖκὴ
1493 1842 1739 1908 ἐξουσία’

170 1928 234 1981 τὸ
276 1928 374 1998 μὲν
412 1928 521 1997 γὰρ
545 1927 803 1998 δάκρυον,
842 1928 943 1997 τῆς
976 1929 1396 2000 ἀνθρωπότητος
1434 1933 1588 1997 ῐδιον,
1625 1936 1657 2002 ὴ
1689 1934 1744 1987 δὲ

139 2019 306 2090 Δζωὴ,
337 2021 433 2089 τῆς
478 2022 845 2074 ὲνυποστάτου
904 2020 1072 2091 ζωῆς.
1136 2023 1275 2075 Ἀλλ’
1343 2025 1492 2093 ὅμως
1551 2025 1745 2089 κοινῶς

168 2113 497 2181 ἀμφοτέρων
527 2112 785 2184 ἑκάτερα,
810 2114 898 2166 διὰ
924 2115 981 2166 τὸ
1024 2116 1222 2168 ταὺτδν
1247 2117 1345 2186 τῆς
1372 2117 1745 2179 ὑποστάσεως.

168 2198 266 2267 Εἷς
299 2204 397 2273 μὲν
424 2204 532 2274 γάρ
569 2206 717 2257 ἐστιν
738 2206 765 2257 ὑ
789 2205 1042 2275 Χριστὸς,
1073 2206 1167 2258 καὶ
1206 2205 1263 2258 ἒν
1294 2206 1456 2259 αὑτοῦ
1486 2208 1545 2260 τὸ
1578 2209 1749 2278 πρόσ-

168 2312 338 2357 ωπον,
365 2296 480 2365 ἦτοι
502 2298 534 2365 ἡ
556 2296 853 2359 ὑπόστασις
873 2313 885 2326 ·
918 2296 1032 2349 ἀλλ’
1077 2299 1226 2367 ὅμως
1262 2297 1375 2369 ἔχει
1405 2298 1499 2351 δύο
1532 2300 1744 2367 φύσεις,

167 2389 268 2458 τῆς
293 2388 544 2458 Θεότητος
574 2389 670 2440 καὶ
698 2388 797 2457 τῆς
835 2388 1255 2458 ἀνθρωπότητος
1294 2388 1482 2445 αὑτοῦ.
1518 2390 1621 2442 Ἕκ
1647 2389 1747 2458 μὲν

166 2476 262 2533 οὖν
290 2480 389 2549 τῆς
420 2479 673 2550 Θεὸτητος
702 2481 736 2549 ἡ
792 2479 919 2544 δόξα
950 2479 1198 2547 φυσικῶς
1233 2479 1521 2549 προιοῦσα,
1552 2480 1747 2533 ἑκατέ-

172 2589 268 2643 ρου
292 2572 445 2640 κοινὴ
471 2572 557 2624 διὰ
579 2572 677 2641 τὴν
695 2572 791 2640 τῆς
808 2571 1162 2634 ὑποστάσεως
1184 2571 1402 2639 ἐγένετο
1424 2571 1748 2640 ταυτότητα,

168 2666 234 2716 ὲκ
260 2664 314 2717 δὲ
348 2665 446 2733 τῆς
483 2665 705 2733 σαρκὸς,
736 2664 806 2715 τὰ
826 2663 1062 2717 ταπεινὰ
1084 2664 1335 2734 ἐκατέρῳ
1370 2662 1389 2702 ι
1427 2663 1603 2719 κοινά.
1653 2658 1749 2727 Εἷς

168 2759 278 2826 γάρ
310 2757 425 2808 ἐστι
460 2758 552 2809 καὶ
586 2756 746 2819 αὐτὸς
778 2755 807 2806 ὁ
828 2756 985 2808 τοῦτο
1008 2773 1068 2808 τε
1096 2757 1319 2810 κάκεῖνο
1355 2756 1451 2821 ὣν,
1482 2758 1598 2827 ἦτοι
1617 2756 1750 2819 Θεὸς

167 2851 266 2904 καὶ
298 2849 608 2919 ἄνθρωπος,
638 2851 732 2902 καὶ
768 2848 864 2901 τοῦ
910 2848 1101 2912 αὑτοῦ,
1143 2848 1211 2902 τά
1264 2866 1321 2902 τε
1356 2849 1456 2918 τῆς
1496 2847 1750 2917 Θεὸτητος

168 2942 265 2995 καὶ
289 2942 355 2994 τὰ
376 2942 476 3010 τῆς
510 2941 928 3011 ἀνθρωπότητος
949 2956 962 2970 °
994 2940 1093 3000 τὰς
1147 2941 1245 3009 μὲν
1269 2940 1376 3009 γὰρ
1423 2938 1750 3008 Θεοσημείας

168 3030 205 3100 ἡ
236 3030 423 3099 θεότης
448 3030 755 3099 εἰργάζετο,
803 3028 916 3079 ἀλλ’
959 3029 1019 3081 οὑ
1048 3028 1172 3097 δίχα
1212 3031 1312 3099 τῆς
1344 3028 1575 3098 σαρκός-⁸
1598 3026 1669 3079 τὰ
1690 3026 1745 3077 δὲ

168 3122 405 3175 ταπεινὰ
454 3125 486 3193 ἠ
538 3122 693 3191 σὰρξ,
725 3121 840 3174 ἀλλ’
885 3121 946 3173 οὑ
993 3121 1162 3191 χωρὶς
1205 3119 1749 3189 τῆς“θεότητος.Καὶ

1846 657 1991 704 mus,
2032 642 2084 695 in
2121 640 2380 695 Actorum
2416 642 2801 710 explanatione
2833 642 2899 705 ",
2930 644 3151 698 homilia
3177 645 3416 700 secunda

1846 735 1927 789 sic
1974 734 2255 803 loquitur:
2303 754 2321 785 ι
2372 732 2528 787 Haud
2585 734 2865 803 quispiam
2923 730 3261 790 abcrraverh
3290 774 3305 797 ,
3369 734 3417 789 si

1845 826 2017 896 ipsius
2040 840 2259 894 quoque
2300 828 2610 894 passionem
2640 827 2894 879 actionem
2927 829 3231 896 appellarit.
3261 828 3319 882 ln
3353 841 3420 882 eo

1844 917 1987 970 enim
2014 915 2160 985 quod
2184 917 2370 969 omnia
2409 932 2699 986 perpessus
2728 927 2831 979 est,
2863 917 3056 983 ingens
3093 918 3222 971 illud
3256 928 3421 986 atque

1844 1008 2154 1062 mirandum
2187 1022 2328 1077 Opus
2371 1010 2626 1077 patravit,
2658 1017 2888 1064 mortem
2924 1010 3237 1074 destruens,
3279 1011 3418 1063 alia-

1846 1116 1952 1169 que
1984 1100 2165 1153 omnia
2195 1115 2449 1169 operans.
2495 1119 2513 1152 ι

1915 1191 2117 1246 Christi
2145 1196 2378 1247 actiones
2411 1194 2685 1263 utriusque
2728 1195 2914 1263 [ornate
2943 1196 3313 1250 communiter.
3350 1223 3422 1235 —

1842 1281 1965 1337 Jam
2011 1282 2059 1337 si
2101 1283 2280 1338 omnis
2310 1283 2557 1352 operatio
2587 1285 2660 1337 ita
2693 1284 2972 1345 deﬁnitur.
3010 1294 3068 1338 ut
3102 1285 3174 1340 sit
3210 1293 3422 1337 natura:

1846 1374 2149 1444 cujuspiam
2183 1376 2564 1431 substantialis
2610 1384 2825 1440 motus,
2858 1376 3004 1430 sicut
3036 1376 3224 1432 harum
3257 1374 3417 1444 periti

1846 1467 2204 1529 tradiderunt,
2224 1468 2444 1521 ubinam
2472 1469 2688 1522 tandem
2717 1468 2916 1546 aliquis
2949 1477 3199 1521 naturam
3231 1468 3419 1522 immo-

1844 1558 2031 1622 bilem,
2057 1569 2150 1612 aut
2184 1559 2521 1626 operationis
2561 1569 2841 1628 expertem
2889 1562 3064 1623 novit,
3131 1566 3227 1612 aut
3268 1559 3415 1626 ejus—

1845 1647 1992 1701 modi
2017 1647 2390 1716 Operationem
2424 1647 2656 1710 invenit,
2692 1663 2814 1717 quae
2844 1649 3103 1717 potentiae
3144 1650 3423 1703 naturalis

1844 1746 2027 1793 motus
2079 1752 2185 1792 non
2233 1739 2417 1793 esset?
2462 1737 2634 1794 Unam
2680 1754 2846 1808 porro
2898 1741 3202 1793 naturalem
3261 1738 3424 1810 235

1847 1831 2116 1885 actionem
2146 1829 2235 1885 Dei
2267 1839 2319 1886 et
2343 1838 2628 1893 creaturae,
2660 1847 2821 1885 nemo
2846 1832 3089 1900 prudens
3128 1847 3421 1886 concesse—

1848 1924 1939 1989 rit,
1964 1932 2187 1977 auctore
2222 1924 2384 1978 beato
2406 1923 2613 1994 Cyrillo
2646 1925 2714 1978 ⁸⁰.
2738 1923 2853 1979 Nec
2881 1926 3027 1979 enim
3056 1925 3294 1978 humana
3326 1939 3424 1978 na-

1846 2023 1972 2068 tura
2030 2013 2296 2067 Lazarum
2346 2028 2377 2066 a
2438 2015 2670 2068 mortuis
2705 2014 2908 2068 excitat
2942 2015 3023 2079 lu;
3087 2030 3188 2070 nec
3225 2029 3423 2069 rursus

1848 2108 2180 2177 lacrymatur
2218 2106 2406 2160 divina
2434 2108 2677 2175 potentia
2704 2106 2985 2176 (lacrymte
3016 2107 3282 2175 siquidem
3326 2107 3426 2160 hu-

1849 2197 2128 2252 manitatis
2157 2199 2395 2268 propria:
2422 2209 2581 2264 sunt;
2617 2200 2723 2252 vita
2761 2209 2967 2262 autem,
3000 2214 3143 2253 vera:
3170 2199 3315 2253 illius
3361 2214 3425 2253 ac

1849 2291 2205 2346 subsistenlis
2236 2290 2417 2358 .vitze):
2447 2302 2575 2344 sunt
2596 2299 2777 2345 tamen
2805 2298 3035 2360 utraque
3061 2291 3145 2346 his
3173 2306 3425 2345 commu-

1847 2383 1938 2436 nia
1973 2383 2039 2443 ".
2068 2385 2195 2451 quia
2228 2398 2335 2435 una
2376 2383 2679 2451 eademque
2710 2398 2943 2451 persona
2974 2391 3079 2437 est.
3110 2383 3247 2437 Nam
3282 2400 3426 2441 unus

1847 2474 2067 2543 quidem
2109 2472 2362 2528 Christus
2391 2483 2473 2527 est
2497 2489 2521 2535 ,-
2544 2484 2706 2542 atque
2737 2490 2840 2527 una
2872 2475 2991 2542 ejus
3026 2491 3282 2544 persona,
3324 2494 3422 2533 seu

1849 2566 2163 2636 liypostasis
2190 2585 2202 2619 :
2234 2575 2489 2619 caeterum
2522 2566 2659 2620 duas
2700 2574 2926 2620 naturas
2967 2567 3153 2631 habet,
3203 2567 3427 2627 deitatis

1848 2656 2108 2709 nimirum
2160 2666 2213 2709 et
2260 2655 2617 2709 humanitatis
2652 2671 2782 2711 suae.
2834 2655 2897 2711 Et
2928 2658 3148 2726 quidem
3192 2660 3423 2715 claritas

1851 2748 2178 2801 naturaliter
2197 2763 2261 2801 ex
2294 2747 2580 2801 divinitate
2610 2748 2888 2816 prodiens.
2925 2732 3145 2818 utrique
3171 2740 3427 2805 substan-

1849 2840 1938 2894 tiae
1968 2842 2283 2893 communis
2314 2838 2506 2893 eﬂecta
2538 2846 2622 2893 est
2660 2840 2730 2892 ob
2766 2855 3014 2910 personae
3044 2842 3382 2895 identitatem
3408 2859 3427 2910 ;

1849 2940 1904 2986 et
1935 2948 2131 2987 rursus
2161 2933 2233 2986 ob
2261 2946 2514 2997 carnem,
2550 2947 2670 3000 quae
2718 2932 2945 2985 humilia
2989 2941 3174 2998 erant,
3208 2935 3430 3004 utrique

1851 3032 2060 3079 natura:
2089 3024 2403 3078 communia
2452 3025 2621 3079 fuere.
2669 3023 2824 3079 Unus
2859 3026 3002 3078 enim
3050 3034 3103 3079 et
3137 3026 3275 3080 idem
3318 3036 3425 3091 est,

1851 3117 1945 3186 qui
1984 3124 2038 3170 et
2087 3116 2192 3168 hoc
2232 3122 2286 3167 et
2331 3113 2467 3167 illud
2518 3122 2626 3179 est,
2687 3130 2884 3184 nempe
2936 3115 3081 3171 Deus
3127 3125 3181 3171 et
3231 3117 3423 3183 homo;

168 3212 453 3285 πασχούσῃ
494 3213 601 3280 γὰρ
646 3215 712 3282 τῇ
762 3213 924 3282 σαρκὶ
979 3212 1299 3281 συνημμένη
1348 3206 1416 3282 ἦν
1462 3214 1495 3281 ἡ
1537 3210 1745 3279 θεότηςν

1854 3208 2214 3277 ejusdemque
2254 3217 2402 3271 sunt,
2454 3213 2566 3259 tum
2618 3222 2740 3276 quae
2776 3207 3089 3275 divinitati,
3149 3216 3261 3261 tum
3306 3223 3429 3278 quas

168 3304 389 3374 ἀπαθὴς
412 3304 764 3371 διαμένουσα,
810 3305 905 3356 καὶ
942 3304 1008 3356 τὰ
1035 3304 1182 3373 πάθη
1220 3303 1513 3356 ἐκτελοῦσα
1545 3303 1613 3356 τὰ
1642 3304 1748 3355 σω-

167 3396 358 3463 τήρια,
391 3394 484 3447 καὶ
511 3395 809 3466 ὲνεργοὺσῃ
865 3398 932 3466 τῇ
1001 3394 1096 3448 τοῦ
1145 3395 1321 3461 Λόγου
1371 3395 1588 3465 Θεὸτητι
1621 3411 1746 3446 συν-

170 3486 418 3558 ημμένος
462 3483 529 3557 ἦν
567 3491 594 3541 ὁ
643 3488 800 3555 ἅγιος
828 3486 973 3551 νοῦς,
1006 3486 1143 3541 νοῶν
1159 3487 1253 3542 καὶ
1282 3487 1437 3551 εἰδὼς
1464 3486 1531 3539 τὰ
1560 3486 1748 3540 τελού-

176 3596 333 3649 μενα.

170 3670 567 3741 passionesque
613 3669 886 3723 salutares
935 3668 1169 3723 reddens
1203 3675 1257 3723 et
1288 3667 1579 3739 perﬁciens
1624 3684 1639 3722 :

1858 3300 2184 3355 humanitati
2210 3299 2564 3354 conveniunt.
2592 3298 2800 3353 Etenim
2825 3300 3007 3353 divina
3037 3301 3191 3370 signa
3210 3302 3425 3367 edebat,

1857 3397 1911 3443 at
1948 3404 2053 3442 non
2097 3390 2215 3443 sine
2263 3403 2469 3442 carne:
2515 3404 2643 3443 caro
2678 3405 2871 3445 rursus
2916 3391 3140 3444 humilia
3169 3432 3183 3458 ,
3216 3401 3271 3446 at
3317 3407 3431 3451 non

1856 3482 2087 3537 seorsim
2124 3495 2153 3533 a
2187 3479 2493 3535 divinitate.
2544 3479 2680 3534 Nam
2720 3488 2773 3534 et
2822 3483 3051 3551 patienti
3098 3485 3251 3537 carni
3295 3496 3430 3542 con-

1851 3572 2041 3642 juncta
2103 3579 2222 3625 erat
2276 3571 2565 3636 divinitas;
2627 3573 2983 3640 impassibilis
3043 3592 3429 3645 perseverans,

1712 3681 1778 3721 ac
1852 3678 2049 3719 rursus
2115 3664 2365 3733 operanti
2439 3662 2603 3718 Verbi
2668 3664 2948 3719 divinitati
3006 3682 3163 3723 mens
3230 3680 3427 3725 sancta

169 3763 425 3831 copulata
454 3770 595 3821 erat,
626 3762 877 3831 cogitans
907 3771 960 3816 et
994 3762 1305 3831 intelligens
1336 3776 1397 3815 ea
1432 3776 1553 3830 qua:
1584 3758 2005 3829 peragebantur.

246 3853 365 3906 Τῶν
403 3854 499 3921 μὲν
528 3848 620 3906 οὖν
644 3854 861 3906 οἰκείων
883 3856 1019 3924 αὑχη
1032 3855 1217 3923 μάτων
1248 3854 1280 3921 ἠ
1304 3852 1495 3921 θεότης
1532 3852 1609 3921 τῷ
1641 3849 1746 3903 σώ-

177 3961 308 4016 ματι
341 3944 724 4015 μεταδίδωσιν⁹
752 3943 891 4015 αὑτη
923 3946 979 3997 δὲ
1027 3944 1135 3997 τῶν
1170 3945 1270 4013 τῆς
1306 3944 1507 4015 σαρκὸς
1558 3944 1748 3999 παθῶν

245 4124 293 4159 ⁸⁸
318 4128 475 4180 Ηοιη.
513 4126 565 4181 1.
632 4126 678 4157 ⁵⁰
707 4126 826 4181 Lib.
858 4140 1006 4178 XXXII
1033 4124 1211 4193 Thes.,
1248 4144 1298 4183 (τ.
1324 4110 1636 4183 ἓζῦὶιιιιιιι·
1664 4140 1746 4184 act

1846 4128 1879 4182 0
1906 4138 2077 4185 sexta
2106 4127 2319 4198 synodi.

1927 3848 1998 3901 At
2030 3848 2293 3903 divinitas
2340 3848 2559 3917 quidem
2612 3849 2829 3917 corpori
2868 3852 3265 3920 praerogatiras
3298 3869 3425 3907 suas

1846 3940 2212 4009 impertiebat,
2283 3955 2403 3995 cum
2457 3940 2676 3995 interim
2725 3941 2843 4011 ipsa
2887 3943 3133 4011 corporis
3179 3945 3428 4001 dolorum

2416 4128 2460 4161 ⁸¹
2494 4127 2651 4182 Joan.
2688 4129 2839 4191 x1,t.
2922 4130 2965 4161 ⁵³
2994 4127 3123 4191 Leo,
3148 4131 3310 4199 epist.
3341 4130 3423 4183 to.

1472 4279 1706 4335 VARIA‘J
1755 4278 2158 4335 LECTIONES.

253 4396 272 4469 ξ
298 4397 427 4469 cod.
481 4396 538 4469 S.
574 4395 678 4450 Hil.
705 4405 757 4450 et
788 4398 908 4469 aliis
924 4398 1087 4469 ‘deest
1116 4399 1213 4451 τά·
1242 4398 1383 4466 apud
1415 4398 1698 4466 Chrysost.
1727 4399 1944 4465 legitur,
1976 4400 2034 4450 ὲν
2068 4399 2178 4466 γὰρ
2209 4397 2285 4469 τῶ
2317 4397 2528 4462 παθεῖν,
2564 4401 2805 4469 ἐποίησε.

2908 4402 2933 4441 ιι
2971 4402 3199 4469 Quidam
3250 4400 3427 4473 εὗρεν.

186 4463 202 4505 ι
238 4465 302 4520 R.
345 4468 651 4536 1ὲκατέρων
706 4467 878 4521 κοινά.
915 4466 1005 4521 Sic
1028 4476 1182 4523 vetus
1218 4463 1446 4537 interpr.
1477 4463 1859 4522 atterutrorum
1893 4463 2213 4522 communia.
2246 4463 2376 4537 Reg.
2405 4472 2541 4523 alter
2565 4463 2798 4542 ἑκατέρᾳ

1640 4606 1873 4662 NOTAE.

254 4719 363 4795 (3‘7)
392 4719 544 4772 Μίαν
573 4718 640 4795 δέ
661 4720 951 4795 φυσικήις.
993 4718 1383 4795 Unamporro,
1412 4732 1519 4776 etc.
1556 4720 1749 4795 Mono.
1781 4703 1826 4756 D
1855 4722 2009 4777 deret
2067 4739 2231 4778 unam
2293 4740 2414 4781 esse
2460 4727 2834 4794 operationem
2889 4729 3201 4784 divinitatis
3232 4771 3247 4795 ,
3312 4735 3427 4789 sive

179 4791 393 4845 iheletm
427 4797 547 4856 post
604 4788 863 4859 Severum
913 4791 1014 4844 hoc
1063 4788 1258 4859 rCyrilli
1318 4793 1436 4845 loco
1478 4798 1553 4857 (in
1592 4790 1755 4848 Joan.

181 4859 373 4929 p.35!)
401 4859 717 4930 nitebantur
749 4877 759 4910 :
799 4858 931 4930 Cum
957 4858 1362 4930 are/tisynagogi
1392 4862 1559 4929 ﬁliam
1592 4865 1761 4916 susci—

181 4927 333 4987 tavit.
362 4928 599 4989 dicende,
624 4947 644 4999 rt
680 4927 892 4999 Puella,
918 4945 1092 4998 surge,
1129 4927 1148 4978 ἰ
1189 4927 1351 4982 tenuit
1375 4927 1587 4983 manum
1616 4932 1754 4999 ejus;

170 5001 332 5068 jussu
354 5000 561 5068 quidem
583 4998 744 5051 vitam
760 4997 999 5061 reddens,
1019 4997 1125 5067 quo
1157 5001 1333 5053 omnia
1361 5001 1615 5064 condidit,
1638 4997 1757 5055 tan-

182 5083 345 5138 quam
390 5066 559 5139 ρεαδ,
614 5069 836 5139 itemque
879 5066 1107 5139 propriae
1143 5070 1345 5139 carnis,
1404 5070 1530 5139 μίαν
1569 5087 1625 5121 τε
1662 5072 1754 5124 καὶ

183 5136 423 5203 συγγενῆ
444 5136 510 5187 δι’
540 5138 740 5204 ἀμφοῖν
768 5136 983 5200 δεικνὺς
1014 5137 1111 5207 τὴν
1160 5136 1463 5209 ἐνέργειαν,
1496 5156 1656 5193 unam
1702 5152 1751 5195 et

180 5222 517 5273 congenerem
549 5221 637 5271 per
662 5220 935 5273 utramque
973 5208 1325 5273 operationem
1358 5210 1531 5262 edens.
1580 5209 1751 5262 Maxi-

182 5292 332 5338 mus,
369 5276 511 5328 Dial.
569 5292 686 5327 cum
736 5275 949 5345 Pyrrha
980 5292 1187 5329 necnon
1246 5278 1496 5345 epistolis
1550 5280 1613 5333 ad
1662 5281 1753 5333 Ni-

179 5345 371 5398 candr.
403 5353 454 5396 et
487 5346 552 5397 ad
583 5348 881 5415 monachos
929 5344 1083 5399 Sicil.
1117 5344 1331 5414 reponit
1370 5356 1617 5415 sanctum
1649 5350 1750 5401 do-

180 5422 390 5467 ctorem
419 5414 522 5466 alio
546 5415 686 5475 loco,
720 5414 899 5477 (Thes.
930 5415 1026 5469 lib.
1052 5419 1499 5481 xxxu.assert.2)
1519 5418 1746 5483 dixisse,

180 5486 267 5556 ὅτι
285 5483 516 5556 ποιητοῦΔ
534 5485 625 5536 καλ⁹
650 5484 954 5556 ποιήματος
991 5486 1118 5552 μίαν
1140 5486 1418 5556 ἐνέργειαν
1441 5488 1541 5539 οὐκ
1577 5487 1641 5540 ἄν
1666 5507 1749 5553 τις

179 5552 297 5621 δοίη
336 5553 657 5622 σωφρόνως·
701 5552 873 5606 unam
912 5555 1133 5621 factoris
1183 5552 1242 5607 et'
1289 5556 1515 5623 facturae
1557 5552 1747 5623 opera;

183 5623 380 5675 tionem
414 5638 523 5674 esse
558 5623 810 5693 prudens
868 5640 1015 5676 nemo
1039 5628 1395 5690 concesserit;
1425 5636 1473 5679 et
1511 5644 1745 5693 rursum,

180 5707 365 5766 eorum
394 5707 507 5758 qua:
532 5692 751 5744 dirersw
777 5704 978 5745 natura:
1022 5696 1449 5766 sunt,_diversam
1478 5712 1589 5749 esse
1623 5715 1745 5766 ope-

183 5763 443 5833 rationem
476 5776 616 5833 :_nec
675 5777 938 5833 nonaqua:
985 5774 1103 5815 sunt
1132 5764 1364 5830 ejusdem
1394 5763 1736 5833 operationis,

177 5828 418 5895 ejusdem
437 5828 766 5884 substantiaz.
785 5828 1453 5905 QuamobremCyrillum',
1482 5844 1541 5891 ut
1558 5828 1740 5893 osten4

1866 4809 1989 4845 cum
2023 4808 2209 4871 carne,
2236 4795 2549 4871 siveextra
2582 4812 2826 4871 carnem.
2868 4812 3028 4871 unam
3071 4802 3279 4855 dixisse
3304 4820 3429 4871 quae

1864 4878 1958 4930 per
1988 4867 2456 4941 utramqueedita
2507 4866 2597 4929 sit,
2634 4866 2853 4941 quando
2878 4867 3111 4920 Verbum
3146 4866 3427 4941 assumpta

1861 4947 2043 4997 carne,
2076 4948 2185 4985 non
2221 4935 2337 4987 solo
2380 4934 2570 5003 jussu,
2605 4938 2870 4989 miracula
2927 4941 3184 5004 patravit,
3236 4934 3427 4996 sed'et

1859 5012 2143 5068 contaclu,
2203 5019 2494 5070 Corporum
2557 5021 2727 5065 more,
2760 5015 2816 5058 ut
2866 5009 3040 5074 palam
3078 5009 3282 5063 iaceret
3305 5026 3421 5062 car-

1859 5086 1978 5142 nem
2009 5088 2167 5125 suam
2206 5074 2481 5126 vivilicam
2510 5090 2652 5137 esse,
2683 5090 2804 5142 quae
2830 5076 3116 5142 suiipsius.
3149 5095 3255 5130 non
3288 5083 3419 5132 alte-

1857 5141 1973 5212 rius
1992 5154 2137 5195 esset
2160 5158 2173 5201 ;
2198 5160 2264 5196 eo
2292 5146 2402 5198 fere
2432 5150 2591 5195 modo
2619 5141 2728 5212 quo
2755 5145 2893 5209 ignis
2919 5141 3101 5199 u’nitus
3132 5162 3252 5199 cum
3280 5147 3427 5203 ferro

1854 5210 2040 5275 ellicit,
2072 5223 2131 5264 ut
2158 5213 2362 5266 ferrum
2418 5210 2728 5275 comburat,
2761 5216 2896 5268 adeo
2930 5224 2986 5267 ut
3029 5217 3245 5271 adustio
3272 5216 3423 5279 ferri,

1856 5280 2051 5357 ipsius,
2081 5282 2279 5357 nedum
2313 5284 2474 5357 ignis.
2501 5286 2838 5357 propriasit.
2880 5285 3117 5339 Basilius
3165 5297 3290 5339 ante
3320 5286 3425 5357 Cy-

1854 5350 2062 5423 rillum,
2128 5355 2372 5406 omnium
2426 5350 2618 5407 forsan
2669 5355 2911 5423 primus,
2960 5356 3265 5423 exomplum
3322 5350 3427 5412 hoc

1854 5421 2184 5476 adhibuerat
2236 5425 2285 5475 in
2345 5423 2490 5475 hom.
2544 5424 2596 5476 in
2637 5424 2768 5476 Chr.
2811 5421 2935 5476 Nat.
3002 5421 3337 5479 Scholiastes
3360 5430 3424 5481 in

1850 5488 2150 5564 C_ollectan.
2181 5500 2327 5547 cont.
2360 5491 2545 5564 sever.
2572 5509 2620 5545 c.
2645 5494 2733 5556 20,
2758 5493 2822 5545 ad
2860 5494 3001 5549 hunc
3031 5494 3216 5564 (lyrilli
3244 5497 3427 5551 locum

1850 5560 2129 5625 observat,
2154 5564 2391 5632 συγγενῆ
2420 5563 2721 5631 ἐνέργειαν,
2762 5564 2898 5616 nihil
2941 5560 3089 5618 esse'
3111 5564 3283 5625 aliud,
3320 5567 3425 5619 nisi

1850 5644 2018 5703 unum
2043 5631 2407 5701 ἀποτέλεσμα,
2430 5633 2690 5701 eﬂ'eclum.
2723 5634 2866 5703 quod
2889 5650 2916 5687 a
2940 5634 3119 5687 Verbo
3165 5642 3425 5688 contactu

1849 5699 2037 5754 carnis
2085 5703 2291 5755 editum
2315 5699 2323 5701 ἡ
2347 5704 2418 5755 sit
2444 5699 2754 5770 ;"quinitno'
2801 5705 3052 5758 addendo
3083 5703 3180 5755 καὶ
3224 5703 3291 5755 δι’
3319 5706 3427 5770 άμ-

1850 5772 2129 5848 φοζν,άιιασ
2185 5782 2409 5826 naturas
2465 5780 2689 5842 prOpter
2738 5774 2986 5829 diversas
3040 5774 3289 5829 actiones
3341 5774 3425 5827 ιη.

1850 5854 2060 5895 ιιυιθδθ.
