  <div class='ocr_page' id='page_1' title='image "/cluster/home/n/w/nwhite01/storage/ocr_20150623/94/nnc1.0046979999/538.png"; bbox 0 0 4180 6450; ppageno 0'>
   <div class='ocr_carea' id='block_1_1' title="bbox 245 452 371 522">
    <p class='ocr_par' dir='ltr' id='par_1_1' title="bbox 245 452 371 522">
     <span class='ocr_line' id='line_1_1' title="bbox 245 452 371 522; baseline -0.016 0"><span class='ocrx_word' id='word_1_1' title='bbox 245 452 371 522; x_wconf 82' lang='grc'>1061</span> 
     </span>
    </p>
   </div>
   <div class='ocr_carea' id='block_1_2' title="bbox 1230 454 2371 515">
    <p class='ocr_par' dir='ltr' id='par_1_2' title="bbox 1230 454 2371 515">
     <span class='ocr_line' id='line_1_2' title="bbox 1230 454 2371 515; baseline 0.001 -1"><span class='ocrx_word' id='word_1_2' title='bbox 1230 456 1328 514; x_wconf 91' lang='lat' dir='ltr'><strong>DE</strong></span> <span class='ocrx_word' id='word_1_3' title='bbox 1364 455 1536 514; x_wconf 73' lang='lat' dir='ltr'><strong>FIDE</strong></span> <span class='ocrx_word' id='word_1_4' title='bbox 1580 454 2047 514; x_wconf 81' lang='lat' dir='ltr'><strong>ORTHODOXA</strong></span> <span class='ocrx_word' id='word_1_5' title='bbox 2087 455 2233 514; x_wconf 93' lang='lat' dir='ltr'><strong>LIB.</strong></span> <span class='ocrx_word' id='word_1_6' title='bbox 2278 456 2371 515; x_wconf 88' lang='grc' dir='ltr'><strong>ΙΙΙ</strong></span> 
     </span>
    </p>
   </div>
   <div class='ocr_carea' id='block_1_3' title="bbox 3338 460 3471 526">
    <p class='ocr_par' dir='ltr' id='par_1_3' title="bbox 3338 460 3471 526">
     <span class='ocr_line' id='line_1_3' title="bbox 3338 460 3471 526; baseline 0.015 -2"><span class='ocrx_word' id='word_1_7' title='bbox 3338 460 3471 526; x_wconf 83' lang='grc'><strong>1062</strong></span> 
     </span>
    </p>
   </div>
   <div class='ocr_carea' id='block_1_4' title="bbox 225 566 1789 643">
    <p class='ocr_par' dir='ltr' id='par_1_4' title="bbox 225 566 1789 642">
     <span class='ocr_line' id='line_1_4' title="bbox 225 566 1789 642; baseline -0.003 -17"><span class='ocrx_word' id='word_1_8' title='bbox 225 572 376 625; x_wconf 81' lang='grc' dir='ltr'>τοῦτο</span> <span class='ocrx_word' id='word_1_9' title='bbox 409 568 539 642; x_wconf 89' lang='grc' dir='ltr'>μίαν</span> <span class='ocrx_word' id='word_1_10' title='bbox 562 569 843 639; x_wconf 70' lang='grc' dir='ltr'><strong>ἐνέργειαν</strong></span> <span class='ocrx_word' id='word_1_11' title='bbox 873 568 965 622; x_wconf 75' lang='grc' dir='ltr'>ἐπὶ</span> <span class='ocrx_word' id='word_1_12' title='bbox 984 566 1207 637; x_wconf 81' lang='grc' dir='ltr'>Χριστῷ</span> <span class='ocrx_word' id='word_1_13' title='bbox 1232 568 1463 639; x_wconf 86' lang='grc' dir='ltr'>λέγομεν</span> <span class='ocrx_word' id='word_1_14' title='bbox 1487 587 1500 599; x_wconf 88' lang='grc'>·</span> <span class='ocrx_word' id='word_1_15' title='bbox 1539 574 1563 621; x_wconf 72' lang='grc' dir='ltr'>ὲ</span> <span class='ocrx_word' id='word_1_16' title='bbox 1574 569 1789 641; x_wconf 73' lang='grc' dir='ltr'>ροῦμεν,</span> 
     </span>
    </p>
   </div>
   <div class='ocr_carea' id='block_1_5' title="bbox 1892 566 3470 643">
    <p class='ocr_par' dir='ltr' id='par_1_5' title="bbox 1908 569 3470 643">
     <span class='ocr_line' id='line_1_5' title="bbox 1908 569 3470 643; baseline 0.005 -22"><span class='ocrx_word' id='word_1_17' title='bbox 1908 582 2067 621; x_wconf 90' lang='lat' dir='ltr'><strong>mana</strong></span> <span class='ocrx_word' id='word_1_18' title='bbox 2100 570 2265 631; x_wconf 89' lang='lat' dir='ltr'><strong>actio,</strong></span> <span class='ocrx_word' id='word_1_19' title='bbox 2301 578 2358 623; x_wconf 91' lang='lat' dir='ltr'><strong>ut</strong></span> <span class='ocrx_word' id='word_1_20' title='bbox 2389 578 2579 622; x_wconf 85' lang='lat' dir='ltr'><strong>contra</strong></span> <span class='ocrx_word' id='word_1_21' title='bbox 2609 569 2851 623; x_wconf 83' lang='lat' dir='ltr'><strong>divinam</strong></span> <span class='ocrx_word' id='word_1_22' title='bbox 2882 570 3148 626; x_wconf 76' lang='lat' dir='ltr'><strong>actionem</strong></span> <span class='ocrx_word' id='word_1_23' title='bbox 3187 571 3470 643; x_wconf 78' lang='lat' dir='ltr'><strong>distingui-</strong></span> 
     </span>
    </p>
   </div>
   <div class='ocr_carea' id='block_1_6' title="bbox 222 659 1794 730">
    <p class='ocr_par' dir='ltr' id='par_1_6' title="bbox 222 659 1794 730">
     <span class='ocr_line' id='line_1_6' title="bbox 222 659 1794 730; baseline -0.004 -12"><span class='ocrx_word' id='word_1_24' title='bbox 222 664 300 717; x_wconf 79' lang='grc' dir='ltr'>ὅτι</span> <span class='ocrx_word' id='word_1_25' title='bbox 327 674 355 701; x_wconf 83' lang='grc' dir='ltr'><strong>ιι</strong></span> <span class='ocrx_word' id='word_1_26' title='bbox 392 662 533 717; x_wconf 82' lang='grc' dir='ltr'>κατὰ</span> <span class='ocrx_word' id='word_1_27' title='bbox 565 660 754 714; x_wconf 81' lang='grc' dir='ltr'>τοῦτον</span> <span class='ocrx_word' id='word_1_28' title='bbox 784 661 875 713; x_wconf 85' lang='grc' dir='ltr'><strong>τὸν</strong></span> <span class='ocrx_word' id='word_1_29' title='bbox 903 660 1090 729; x_wconf 84' lang='grc' dir='ltr'>λόγον,</span> <span class='ocrx_word' id='word_1_30' title='bbox 1127 661 1223 712; x_wconf 76' lang='grc' dir='ltr'>καὶ</span> <span class='ocrx_word' id='word_1_31' title='bbox 1261 662 1310 712; x_wconf 83' lang='grc' dir='ltr'><strong>οἱ</strong></span> <span class='ocrx_word' id='word_1_32' title='bbox 1358 661 1485 730; x_wconf 90' lang='grc' dir='ltr'>μίαν</span> <span class='ocrx_word' id='word_1_33' title='bbox 1517 661 1678 730; x_wconf 84' lang='grc' dir='ltr'>φύσιν</span> <span class='ocrx_word' id='word_1_34' title='bbox 1709 659 1794 711; x_wconf 86' lang='grc' dir='ltr'>λέ-</span> 
     </span>
    </p>
   </div>
   <div class='ocr_carea' id='block_1_7' title="bbox 222 751 1793 825">
    <p class='ocr_par' dir='ltr' id='par_1_7' title="bbox 222 751 1793 825">
     <span class='ocr_line' id='line_1_7' title="bbox 222 751 1793 825; baseline 0.001 -18"><span class='ocrx_word' id='word_1_35' title='bbox 222 773 427 823; x_wconf 87' lang='grc' dir='ltr'>γοντες,</span> <span class='ocrx_word' id='word_1_36' title='bbox 481 755 581 806; x_wconf 71' lang='grc' dir='ltr'>οὐκ</span> <span class='ocrx_word' id='word_1_37' title='bbox 611 754 698 805; x_wconf 76' lang='grc' dir='ltr'><strong>ἐπ’</strong></span> <span class='ocrx_word' id='word_1_38' title='bbox 749 752 1028 822; x_wconf 75' lang='grc' dir='ltr'>ἀναιρέσει</span> <span class='ocrx_word' id='word_1_39' title='bbox 1061 751 1162 821; x_wconf 81' lang='grc' dir='ltr'>τῆς</span> <span class='ocrx_word' id='word_1_40' title='bbox 1210 751 1559 823; x_wconf 72' lang='grc' dir='ltr'><strong>ἀνθρωπίνης</strong></span> <span class='ocrx_word' id='word_1_41' title='bbox 1588 753 1793 825; x_wconf 82' lang='grc' dir='ltr'>ταύτην</span> 
     </span>
    </p>
   </div>
   <div class='ocr_carea' id='block_1_8' title="bbox 220 842 1790 916">
    <p class='ocr_par' dir='ltr' id='par_1_8' title="bbox 220 842 1790 916">
     <span class='ocr_line' id='line_1_8' title="bbox 220 842 1790 916; baseline -0.001 -18"><span class='ocrx_word' id='word_1_42' title='bbox 220 845 484 913; x_wconf 84' lang='grc' dir='ltr'>λέγουσιν,</span> <span class='ocrx_word' id='word_1_43' title='bbox 503 844 617 898; x_wconf 88' lang='grc' dir='ltr'>ἀλλ’</span> <span class='ocrx_word' id='word_1_44' title='bbox 640 842 830 912; x_wconf 76' lang='grc' dir='ltr'>ἐπειδὴ</span> <span class='ocrx_word' id='word_1_45' title='bbox 849 843 1391 913; x_wconf 85' lang='grc' dir='ltr'>ἀντιδιαστελλομένη</span> <span class='ocrx_word' id='word_1_46' title='bbox 1415 846 1448 914; x_wconf 88' lang='grc' dir='ltr'>ή</span> <span class='ocrx_word' id='word_1_47' title='bbox 1475 845 1790 916; x_wconf 79' lang='grc' dir='ltr'><strong>ἀνθρωπίνη</strong></span> 
     </span>
    </p>
   </div>
   <div class='ocr_carea' id='block_1_9' title="bbox 221 933 1791 1005">
    <p class='ocr_par' dir='ltr' id='par_1_9' title="bbox 221 933 1791 1005">
     <span class='ocr_line' id='line_1_9' title="bbox 221 933 1791 1005; baseline 0.001 -17"><span class='ocrx_word' id='word_1_48' title='bbox 221 936 376 1005; x_wconf 80' lang='grc' dir='ltr'>φύσις</span> <span class='ocrx_word' id='word_1_49' title='bbox 433 935 569 1005; x_wconf 82' lang='grc' dir='ltr'>πρὸς</span> <span class='ocrx_word' id='word_1_50' title='bbox 623 933 725 1004; x_wconf 75' lang='grc' dir='ltr'>τὴν</span> <span class='ocrx_word' id='word_1_51' title='bbox 778 933 929 987; x_wconf 84' lang='grc' dir='ltr'>θείαν</span> <span class='ocrx_word' id='word_1_52' title='bbox 985 933 1169 1003; x_wconf 89' lang='grc' dir='ltr'>φύσιν,</span> <span class='ocrx_word' id='word_1_53' title='bbox 1221 933 1500 1005; x_wconf 82' lang='grc' dir='ltr'>παθητικὴ</span> <span class='ocrx_word' id='word_1_54' title='bbox 1548 936 1791 1004; x_wconf 81' lang='grc' dir='ltr'>λέγεται.</span> 
     </span>
    </p>
   </div>
   <div class='ocr_carea' id='block_1_10' title="bbox 231 1025 1795 1097">
    <p class='ocr_par' dir='ltr' id='par_1_10' title="bbox 231 1025 1795 1097">
     <span class='ocr_line' id='line_1_10' title="bbox 231 1025 1795 1097; baseline 0.002 -18"><span class='ocrx_word' id='word_1_55' title='bbox 231 1026 405 1095; x_wconf 78' lang='grc' dir='ltr'>Ἦμᾶς</span> <span class='ocrx_word' id='word_1_56' title='bbox 424 1026 481 1079; x_wconf 80' lang='grc' dir='ltr'><strong>δὲ</strong></span> <span class='ocrx_word' id='word_1_57' title='bbox 513 1027 587 1095; x_wconf 86' lang='grc' dir='ltr'>μὴ</span> <span class='ocrx_word' id='word_1_58' title='bbox 612 1027 820 1094; x_wconf 83' lang='grc' dir='ltr'>γένοιτο</span> <span class='ocrx_word' id='word_1_59' title='bbox 846 1028 911 1096; x_wconf 82' lang='grc' dir='ltr'>τῇ</span> <span class='ocrx_word' id='word_1_60' title='bbox 930 1026 1068 1096; x_wconf 79' lang='grc' dir='ltr'>πρὸς</span> <span class='ocrx_word' id='word_1_61' title='bbox 1084 1025 1184 1097; x_wconf 82' lang='grc' dir='ltr'>τὴν</span> <span class='ocrx_word' id='word_1_62' title='bbox 1208 1025 1357 1078; x_wconf 84' lang='grc' dir='ltr'>θείαν</span> <span class='ocrx_word' id='word_1_63' title='bbox 1385 1026 1666 1097; x_wconf 76' lang='grc' dir='ltr'>ἐνέργειαν</span> <span class='ocrx_word' id='word_1_64' title='bbox 1686 1029 1795 1082; x_wconf 88' lang='grc' dir='ltr'>δια-</span> 
     </span>
    </p>
   </div>
   <div class='ocr_carea' id='block_1_11' title="bbox 223 1116 1791 1189">
    <p class='ocr_par' dir='ltr' id='par_1_11' title="bbox 223 1116 1791 1189">
     <span class='ocr_line' id='line_1_11' title="bbox 223 1116 1791 1189; baseline -0.001 -19"><span class='ocrx_word' id='word_1_65' title='bbox 223 1117 378 1187; x_wconf 83' lang='grc' dir='ltr'><strong>στολῇ</strong></span> <span class='ocrx_word' id='word_1_66' title='bbox 409 1116 580 1179; x_wconf 83' lang='grc' dir='ltr'>πάθος</span> <span class='ocrx_word' id='word_1_67' title='bbox 611 1116 711 1186; x_wconf 80' lang='grc' dir='ltr'><strong>τὴν</strong></span> <span class='ocrx_word' id='word_1_68' title='bbox 764 1117 1115 1187; x_wconf 81' lang='grc' dir='ltr'>ἀνθρωπίνην</span> <span class='ocrx_word' id='word_1_69' title='bbox 1159 1118 1599 1189; x_wconf 80' lang='grc' dir='ltr'>προσαγορεῦσαι</span> <span class='ocrx_word' id='word_1_70' title='bbox 1636 1119 1791 1189; x_wconf 89' lang='grc' dir='ltr'>κίνη-</span> 
     </span>
    </p>
   </div>
   <div class='ocr_carea' id='block_1_12' title="bbox 222 1204 1793 1277">
    <p class='ocr_par' dir='ltr' id='par_1_12' title="bbox 222 1204 1793 1277">
     <span class='ocr_line' id='line_1_12' title="bbox 222 1204 1793 1277; baseline 0 -18"><span class='ocrx_word' id='word_1_71' title='bbox 222 1224 323 1260; x_wconf 86' lang='grc' dir='ltr'>σιν.</span> <span class='ocrx_word' id='word_1_72' title='bbox 357 1205 583 1268; x_wconf 69' lang='grc' dir='ltr'>Οὐδενὸς</span> <span class='ocrx_word' id='word_1_73' title='bbox 616 1206 745 1276; x_wconf 79' lang='grc' dir='ltr'>γὰρ,</span> <span class='ocrx_word' id='word_1_74' title='bbox 783 1206 1013 1260; x_wconf 82' lang='grc' dir='ltr'><strong>καθόλου</strong></span> <span class='ocrx_word' id='word_1_75' title='bbox 1050 1206 1236 1274; x_wconf 81' lang='grc' dir='ltr'>φάναι,</span> <span class='ocrx_word' id='word_1_76' title='bbox 1261 1204 1589 1275; x_wconf 74' lang='grc' dir='ltr'>ὕπαρξιςὲκ</span> <span class='ocrx_word' id='word_1_77' title='bbox 1612 1224 1793 1277; x_wconf 88' lang='grc' dir='ltr'>παρα-</span> 
     </span>
    </p>
   </div>
   <div class='ocr_carea' id='block_1_13' title="bbox 221 1297 1785 1369">
    <p class='ocr_par' dir='ltr' id='par_1_13' title="bbox 221 1297 1785 1369">
     <span class='ocr_line' id='line_1_13' title="bbox 221 1297 1785 1369; baseline -0.003 -16"><span class='ocrx_word' id='word_1_78' title='bbox 221 1300 507 1369; x_wconf 82' lang='grc' dir='ltr'>θέσεως,ἢ</span> <span class='ocrx_word' id='word_1_79' title='bbox 556 1301 621 1352; x_wconf 85' lang='grc' dir='ltr'><strong>ὲκ</strong></span> <span class='ocrx_word' id='word_1_80' title='bbox 668 1299 1009 1368; x_wconf 83' lang='grc' dir='ltr'>συγκρίσεως</span> <span class='ocrx_word' id='word_1_81' title='bbox 1064 1297 1397 1367; x_wconf 83' lang='grc' dir='ltr'>γινώσκεται</span> <span class='ocrx_word' id='word_1_82' title='bbox 1449 1299 1479 1366; x_wconf 83' lang='grc' dir='ltr'>ἢ</span> <span class='ocrx_word' id='word_1_83' title='bbox 1532 1300 1785 1369; x_wconf 77' lang='grc' dir='ltr'>ὁρίζεται.</span> 
     </span>
    </p>
   </div>
   <div class='ocr_carea' id='block_1_14' title="bbox 219 1388 1786 1458">
    <p class='ocr_par' dir='ltr' id='par_1_14' title="bbox 219 1388 1786 1458">
     <span class='ocr_line' id='line_1_14' title="bbox 219 1388 1786 1458; baseline -0.004 -15"><span class='ocrx_word' id='word_1_84' title='bbox 219 1390 399 1452; x_wconf 76' lang='grc' dir='ltr'>Οὕτως</span> <span class='ocrx_word' id='word_1_85' title='bbox 423 1389 819 1458; x_wconf 76' lang='grc' dir='ltr'>ὑπάλληλαίτια</span> <span class='ocrx_word' id='word_1_86' title='bbox 843 1389 1203 1458; x_wconf 81' lang='grc' dir='ltr'>εὑρηθήσεται</span> <span class='ocrx_word' id='word_1_87' title='bbox 1230 1388 1292 1440; x_wconf 82' lang='grc' dir='ltr'>τὰ</span> <span class='ocrx_word' id='word_1_88' title='bbox 1320 1388 1445 1440; x_wconf 74' lang='grc' dir='ltr'>ὄντα</span> <span class='ocrx_word' id='word_1_89' title='bbox 1474 1389 1786 1457; x_wconf 77' lang='grc' dir='ltr'>πράγματα.</span> 
     </span>
    </p>
   </div>
   <div class='ocr_carea' id='block_1_15' title="bbox 217 1476 1786 1551">
    <p class='ocr_par' dir='ltr' id='par_1_15' title="bbox 217 1476 1786 1551">
     <span class='ocr_line' id='line_1_15' title="bbox 217 1476 1786 1551; baseline -0.004 -18"><span class='ocrx_word' id='word_1_90' title='bbox 217 1482 280 1533; x_wconf 89' lang='grc' dir='ltr'><strong>Εἰ</strong></span> <span class='ocrx_word' id='word_1_91' title='bbox 308 1483 418 1551; x_wconf 69' lang='grc' dir='ltr'>γὰρ</span> <span class='ocrx_word' id='word_1_92' title='bbox 447 1483 534 1535; x_wconf 75' lang='grc' dir='ltr'>διὰ</span> <span class='ocrx_word' id='word_1_93' title='bbox 564 1481 625 1533; x_wconf 83' lang='grc' dir='ltr'><strong>τὸ</strong></span> <span class='ocrx_word' id='word_1_94' title='bbox 664 1482 944 1551; x_wconf 79' lang='grc' dir='ltr'>ἐνέργειαν</span> <span class='ocrx_word' id='word_1_95' title='bbox 1000 1476 1139 1532; x_wconf 79' lang='grc' dir='ltr'>εἶναι</span> <span class='ocrx_word' id='word_1_96' title='bbox 1171 1482 1269 1549; x_wconf 81' lang='grc' dir='ltr'>τὴν</span> <span class='ocrx_word' id='word_1_97' title='bbox 1308 1480 1459 1533; x_wconf 85' lang='grc' dir='ltr'>θείαν</span> <span class='ocrx_word' id='word_1_98' title='bbox 1516 1485 1722 1549; x_wconf 59' lang='grc' dir='ltr'>κίνησε»</span> <span class='ocrx_word' id='word_1_99' title='bbox 1764 1485 1786 1547; x_wconf 51' lang='grc' dir='ltr'><strong><em>ἑ,</em></strong></span> 
     </span>
    </p>
   </div>
   <div class='ocr_carea' id='block_1_16' title="bbox 217 1571 1775 1643">
    <p class='ocr_par' dir='ltr' id='par_1_16' title="bbox 217 1571 1775 1643">
     <span class='ocr_line' id='line_1_16' title="bbox 217 1571 1775 1643; baseline -0.004 -15"><span class='ocrx_word' id='word_1_100' title='bbox 217 1573 526 1643; x_wconf 81' lang='grc' dir='ltr'>ἀνθρωπίνη</span> <span class='ocrx_word' id='word_1_101' title='bbox 567 1572 737 1634; x_wconf 83' lang='grc' dir='ltr'>πάθος</span> <span class='ocrx_word' id='word_1_102' title='bbox 777 1571 915 1634; x_wconf 77' lang='grc' dir='ltr'>ἐστὶ,</span> <span class='ocrx_word' id='word_1_103' title='bbox 947 1572 1165 1635; x_wconf 84' lang='grc' dir='ltr'>πάντως</span> <span class='ocrx_word' id='word_1_104' title='bbox 1206 1575 1301 1626; x_wconf 75' lang='grc' dir='ltr'><strong>καὶ</strong></span> <span class='ocrx_word' id='word_1_105' title='bbox 1326 1572 1413 1623; x_wconf 74' lang='grc' dir='ltr'>διὰ</span> <span class='ocrx_word' id='word_1_106' title='bbox 1443 1572 1500 1623; x_wconf 81' lang='grc' dir='ltr'><strong>τὸ</strong></span> <span class='ocrx_word' id='word_1_107' title='bbox 1533 1571 1737 1639; x_wconf 74' lang='grc' dir='ltr'>ἀγαθὴν</span> <span class='ocrx_word' id='word_1_108' title='bbox 1770 1590 1775 1601; x_wconf 83' lang='grc'>·</span> 
     </span>
    </p>
   </div>
   <div class='ocr_carea' id='block_1_17' title="bbox 220 1663 1747 1737">
    <p class='ocr_par' dir='ltr' id='par_1_17' title="bbox 220 1663 1747 1737">
     <span class='ocr_line' id='line_1_17' title="bbox 220 1663 1747 1737; baseline -0.003 -17"><span class='ocrx_word' id='word_1_109' title='bbox 220 1664 484 1737; x_wconf 79' lang='grc' dir='ltr'>εἶναιτὴν</span> <span class='ocrx_word' id='word_1_110' title='bbox 523 1667 672 1719; x_wconf 81' lang='grc' dir='ltr'>θείαν</span> <span class='ocrx_word' id='word_1_111' title='bbox 712 1667 875 1731; x_wconf 85' lang='grc' dir='ltr'>φύσιν</span> <span class='ocrx_word' id='word_1_112' title='bbox 930 1665 1140 1735; x_wconf 72' lang='grc' dir='ltr'>πονηρὰ</span> <span class='ocrx_word' id='word_1_113' title='bbox 1191 1665 1340 1717; x_wconf 76' lang='grc' dir='ltr'>ἔσται</span> <span class='ocrx_word' id='word_1_114' title='bbox 1371 1666 1403 1733; x_wconf 83' lang='grc' dir='ltr'><strong>ἡ</strong></span> <span class='ocrx_word' id='word_1_115' title='bbox 1435 1663 1747 1733; x_wconf 82' lang='grc' dir='ltr'>ἀνθρωπίνη</span> 
     </span>
    </p>
   </div>
   <div class='ocr_carea' id='block_1_18' title="bbox 220 1755 1791 1829">
    <p class='ocr_par' dir='ltr' id='par_1_18' title="bbox 220 1755 1791 1829">
     <span class='ocr_line' id='line_1_18' title="bbox 220 1755 1791 1829; baseline -0.005 -15"><span class='ocrx_word' id='word_1_116' title='bbox 220 1762 307 1813; x_wconf 75' lang='grc' dir='ltr'>καὶ</span> <span class='ocrx_word' id='word_1_117' title='bbox 335 1760 476 1813; x_wconf 81' lang='grc' dir='ltr'>κατὰ</span> <span class='ocrx_word' id='word_1_118' title='bbox 499 1761 597 1829; x_wconf 76' lang='grc' dir='ltr'><strong>τὴν</strong></span> <span class='ocrx_word' id='word_1_119' title='bbox 624 1759 720 1811; x_wconf 76' lang='grc' dir='ltr'><strong>σὺν</strong></span> <span class='ocrx_word' id='word_1_120' title='bbox 747 1756 1021 1811; x_wconf 82' lang='grc' dir='ltr'>ἀντιθέσει</span> <span class='ocrx_word' id='word_1_121' title='bbox 1052 1756 1434 1825; x_wconf 72' lang='grc' dir='ltr'>ἀντιστροφὴν.</span> <span class='ocrx_word' id='word_1_122' title='bbox 1472 1757 1559 1807; x_wconf 74' lang='grc' dir='ltr'><strong>διὰ</strong></span> <span class='ocrx_word' id='word_1_123' title='bbox 1592 1757 1650 1807; x_wconf 78' lang='grc' dir='ltr'><strong>τὸ</strong></span> <span class='ocrx_word' id='word_1_124' title='bbox 1686 1755 1791 1806; x_wconf 78' lang='grc' dir='ltr'>πά-</span> 
     </span>
    </p>
   </div>
   <div class='ocr_carea' id='block_1_19' title="bbox 219 1848 1790 1921">
    <p class='ocr_par' dir='ltr' id='par_1_19' title="bbox 219 1848 1790 1921">
     <span class='ocr_line' id='line_1_19' title="bbox 219 1848 1790 1921; baseline -0.004 -17"><span class='ocrx_word' id='word_1_125' title='bbox 219 1851 309 1914; x_wconf 89' lang='grc' dir='ltr'><strong>θος</strong></span> <span class='ocrx_word' id='word_1_126' title='bbox 332 1850 581 1919; x_wconf 83' lang='grc' dir='ltr'>λέγεσθαι</span> <span class='ocrx_word' id='word_1_127' title='bbox 614 1850 713 1921; x_wconf 85' lang='grc' dir='ltr'><strong>τὴν</strong></span> <span class='ocrx_word' id='word_1_128' title='bbox 736 1848 1085 1919; x_wconf 86' lang='grc' dir='ltr'>ἀνθρωπίνην</span> <span class='ocrx_word' id='word_1_129' title='bbox 1115 1850 1347 1919; x_wconf 84' lang='grc' dir='ltr'>κίνησιν,</span> <span class='ocrx_word' id='word_1_130' title='bbox 1372 1851 1402 1916; x_wconf 85' lang='grc' dir='ltr'>ἡ</span> <span class='ocrx_word' id='word_1_131' title='bbox 1429 1848 1544 1899; x_wconf 87' lang='grc' dir='ltr'>θεία</span> <span class='ocrx_word' id='word_1_132' title='bbox 1578 1848 1790 1915; x_wconf 77' lang='grc' dir='ltr'>κίνησις</span> 
     </span>
    </p>
   </div>
   <div class='ocr_carea' id='block_1_20' title="bbox 218 1934 1789 2013">
    <p class='ocr_par' dir='ltr' id='par_1_20' title="bbox 218 1934 1789 2013">
     <span class='ocr_line' id='line_1_20' title="bbox 218 1934 1789 2013; baseline -0.004 -19"><span class='ocrx_word' id='word_1_133' title='bbox 218 1943 462 2013; x_wconf 77' lang='grc' dir='ltr'>ἐνέργεια</span> <span class='ocrx_word' id='word_1_134' title='bbox 492 1941 729 2007; x_wconf 81' lang='grc' dir='ltr'>λέγεται,</span> <span class='ocrx_word' id='word_1_135' title='bbox 763 1940 857 1991; x_wconf 69' lang='grc' dir='ltr'>καὶ</span> <span class='ocrx_word' id='word_1_136' title='bbox 886 1938 973 1991; x_wconf 73' lang='grc' dir='ltr'><strong>διὰ</strong></span> <span class='ocrx_word' id='word_1_137' title='bbox 1002 1939 1063 1989; x_wconf 80' lang='grc' dir='ltr'><strong>τὸ</strong></span> <span class='ocrx_word' id='word_1_138' title='bbox 1107 1938 1351 2007; x_wconf 75' lang='grc' dir='ltr'>πονηρὰν</span> <span class='ocrx_word' id='word_1_139' title='bbox 1397 1934 1535 1990; x_wconf 78' lang='grc' dir='ltr'>εἶναι</span> <span class='ocrx_word' id='word_1_140' title='bbox 1565 1939 1662 2005; x_wconf 79' lang='grc' dir='ltr'>τὴν</span> <span class='ocrx_word' id='word_1_141' title='bbox 1695 1938 1789 1988; x_wconf 77' lang='grc' dir='ltr'>ἀνο</span> 
     </span>
    </p>
   </div>
   <div class='ocr_carea' id='block_1_21' title="bbox 218 2026 1790 2104">
    <p class='ocr_par' dir='ltr' id='par_1_21' title="bbox 218 2026 1790 2104">
     <span class='ocr_line' id='line_1_21' title="bbox 218 2026 1790 2104; baseline -0.004 -19"><span class='ocrx_word' id='word_1_142' title='bbox 218 2032 493 2104; x_wconf 85' lang='grc' dir='ltr'>θρωπίνην</span> <span class='ocrx_word' id='word_1_143' title='bbox 523 2031 707 2100; x_wconf 85' lang='grc' dir='ltr'>φύσιν,</span> <span class='ocrx_word' id='word_1_144' title='bbox 738 2027 917 2097; x_wconf 83' lang='grc' dir='ltr'>ἀγαθὴ</span> <span class='ocrx_word' id='word_1_145' title='bbox 952 2026 1103 2079; x_wconf 74' lang='grc' dir='ltr'>ἔσται</span> <span class='ocrx_word' id='word_1_146' title='bbox 1142 2029 1175 2097; x_wconf 78' lang='grc' dir='ltr'>ἡ</span> <span class='ocrx_word' id='word_1_147' title='bbox 1212 2028 1365 2081; x_wconf 70' lang='grc' dir='ltr'>θείαο</span> <span class='ocrx_word' id='word_1_148' title='bbox 1402 2030 1493 2080; x_wconf 66' lang='grc' dir='ltr'><strong>καὶ</strong></span> <span class='ocrx_word' id='word_1_149' title='bbox 1523 2029 1699 2081; x_wconf 80' lang='grc' dir='ltr'>πάντα</span> <span class='ocrx_word' id='word_1_150' title='bbox 1734 2027 1790 2079; x_wconf 79' lang='grc' dir='ltr'><strong>δὲ</strong></span> 
     </span>
    </p>
   </div>
   <div class='ocr_carea' id='block_1_22' title="bbox 216 2117 1790 2191">
    <p class='ocr_par' dir='ltr' id='par_1_22' title="bbox 216 2117 1790 2191">
     <span class='ocr_line' id='line_1_22' title="bbox 216 2117 1790 2191; baseline -0.006 -15"><span class='ocrx_word' id='word_1_151' title='bbox 216 2123 286 2176; x_wconf 82' lang='grc' dir='ltr'><strong>τὰ</strong></span> <span class='ocrx_word' id='word_1_152' title='bbox 312 2123 585 2191; x_wconf 84' lang='grc' dir='ltr'>κτίσματα</span> <span class='ocrx_word' id='word_1_153' title='bbox 618 2119 790 2182; x_wconf 69' lang='grc' dir='ltr'>οὕτως</span> <span class='ocrx_word' id='word_1_154' title='bbox 829 2118 981 2170; x_wconf 77' lang='grc' dir='ltr'>ἔσται</span> <span class='ocrx_word' id='word_1_155' title='bbox 1025 2118 1259 2187; x_wconf 78' lang='grc' dir='ltr'>πονηρὰ,</span> <span class='ocrx_word' id='word_1_156' title='bbox 1292 2120 1387 2171; x_wconf 74' lang='grc' dir='ltr'>καὶ</span> <span class='ocrx_word' id='word_1_157' title='bbox 1438 2117 1700 2185; x_wconf 78' lang='grc' dir='ltr'>ψεύσεται</span> <span class='ocrx_word' id='word_1_158' title='bbox 1760 2117 1790 2167; x_wconf 79' lang='grc' dir='ltr'><strong>ὁ</strong></span> 
     </span>
    </p>
   </div>
   <div class='ocr_carea' id='block_1_23' title="bbox 219 2206 1788 2275">
    <p class='ocr_par' dir='ltr' id='par_1_23' title="bbox 219 2206 1788 2275">
     <span class='ocr_line' id='line_1_23' title="bbox 219 2206 1788 2275; baseline -0.004 -9"><span class='ocrx_word' id='word_1_159' title='bbox 219 2212 385 2267; x_wconf 74' lang='grc' dir='ltr'>εἰπών</span> <span class='ocrx_word' id='word_1_160' title='bbox 406 2230 419 2245; x_wconf 80' lang='grc'><em>’</em></span> <span class='ocrx_word' id='word_1_161' title='bbox 450 2216 558 2267; x_wconf 80' lang='lat' dir='ltr'><strong>Kal</strong></span> <span class='ocrx_word' id='word_1_162' title='bbox 598 2208 759 2265; x_wconf 76' lang='grc' dir='ltr'>εἶδεν</span> <span class='ocrx_word' id='word_1_163' title='bbox 779 2214 811 2265; x_wconf 85' lang='grc' dir='ltr'><strong>ό</strong></span> <span class='ocrx_word' id='word_1_164' title='bbox 842 2209 987 2275; x_wconf 87' lang='grc' dir='ltr'>Θεὸς</span> <span class='ocrx_word' id='word_1_165' title='bbox 1016 2207 1215 2262; x_wconf 81' lang='grc' dir='ltr'>πάντα</span> <span class='ocrx_word' id='word_1_166' title='bbox 1236 2208 1353 2262; x_wconf 83' lang='grc' dir='ltr'>ὅσα</span> <span class='ocrx_word' id='word_1_167' title='bbox 1377 2208 1649 2273; x_wconf 80' lang='grc' dir='ltr'>ἐποίησε,</span> <span class='ocrx_word' id='word_1_168' title='bbox 1689 2206 1788 2260; x_wconf 80' lang='grc' dir='ltr'><strong>καὶ</strong></span> 
     </span>
    </p>
   </div>
   <div class='ocr_carea' id='block_1_24' title="bbox 220 2305 715 2359">
    <p class='ocr_par' dir='ltr' id='par_1_24' title="bbox 220 2305 715 2359">
     <span class='ocr_line' id='line_1_24' title="bbox 220 2305 715 2359; baseline -0.006 0"><span class='ocrx_word' id='word_1_169' title='bbox 220 2306 346 2359; x_wconf 80' lang='grc' dir='ltr'><strong>ιδοὺ</strong></span> <span class='ocrx_word' id='word_1_170' title='bbox 374 2306 531 2358; x_wconf 73' lang='grc' dir='ltr'><em>καλὰ</em></span> <span class='ocrx_word' id='word_1_171' title='bbox 553 2305 715 2359; x_wconf 80' lang='grc' dir='ltr'>λίαν.</span> 
     </span>
    </p>
   </div>
   <div class='ocr_carea' id='block_1_25' title="bbox 296 2565 1790 2642">
    <p class='ocr_par' dir='ltr' id='par_1_25' title="bbox 296 2565 1790 2642">
     <span class='ocr_line' id='line_1_25' title="bbox 296 2565 1790 2642; baseline -0.007 -16"><span class='ocrx_word' id='word_1_172' title='bbox 296 2571 486 2642; x_wconf 85' lang='grc' dir='ltr'><strong>Ἦμεῖς</strong></span> <span class='ocrx_word' id='word_1_173' title='bbox 514 2571 570 2625; x_wconf 83' lang='grc' dir='ltr'>δέ</span> <span class='ocrx_word' id='word_1_174' title='bbox 595 2588 795 2642; x_wconf 86' lang='grc' dir='ltr'>φαμεν,</span> <span class='ocrx_word' id='word_1_175' title='bbox 823 2571 972 2625; x_wconf 85' lang='grc' dir='ltr'>ὅτιοί</span> <span class='ocrx_word' id='word_1_176' title='bbox 996 2571 1142 2639; x_wconf 80' lang='grc' dir='ltr'>ἅγιοι</span> <span class='ocrx_word' id='word_1_177' title='bbox 1174 2568 1417 2638; x_wconf 85' lang='grc' dir='ltr'>Πατέρες</span> <span class='ocrx_word' id='word_1_178' title='bbox 1439 2565 1790 2636; x_wconf 83' lang='grc' dir='ltr'>πολυτρόπως</span> 
     </span>
    </p>
   </div>
   <div class='ocr_carea' id='block_1_26' title="bbox 218 2657 1793 2733">
    <p class='ocr_par' dir='ltr' id='par_1_26' title="bbox 218 2657 1793 2733">
     <span class='ocr_line' id='line_1_26' title="bbox 218 2657 1793 2733; baseline -0.004 -18"><span class='ocrx_word' id='word_1_179' title='bbox 218 2663 316 2733; x_wconf 85' lang='grc' dir='ltr'><strong>τὴν</strong></span> <span class='ocrx_word' id='word_1_180' title='bbox 341 2663 687 2733; x_wconf 88' lang='grc' dir='ltr'>ἀνθρωπίνην</span> <span class='ocrx_word' id='word_1_181' title='bbox 710 2662 1000 2732; x_wconf 79' lang='grc' dir='ltr'>ὠνόμασαν</span> <span class='ocrx_word' id='word_1_182' title='bbox 1031 2662 1245 2730; x_wconf 86' lang='grc' dir='ltr'>κίνησιν</span> <span class='ocrx_word' id='word_1_183' title='bbox 1278 2659 1412 2727; x_wconf 81' lang='grc' dir='ltr'>πρὸς</span> <span class='ocrx_word' id='word_1_184' title='bbox 1441 2657 1539 2721; x_wconf 83' lang='grc' dir='ltr'>τὰς</span> <span class='ocrx_word' id='word_1_185' title='bbox 1571 2659 1793 2709; x_wconf 77' lang='grc' dir='ltr'>ὑποκει-</span> 
     </span>
    </p>
   </div>
   <div class='ocr_carea' id='block_1_27' title="bbox 222 2748 1791 2825">
    <p class='ocr_par' dir='ltr' id='par_1_27' title="bbox 222 2748 1791 2825">
     <span class='ocr_line' id='line_1_27' title="bbox 222 2748 1791 2825; baseline -0.004 -18"><span class='ocrx_word' id='word_1_186' title='bbox 222 2755 390 2825; x_wconf 86' lang='grc' dir='ltr'>μένας</span> <span class='ocrx_word' id='word_1_187' title='bbox 418 2755 647 2816; x_wconf 77' lang='grc' dir='ltr'>ἐννοίας.</span> <span class='ocrx_word' id='word_1_188' title='bbox 682 2753 1141 2824; x_wconf 84' lang='grc' dir='ltr'>Προσηγόρευσαν</span> <span class='ocrx_word' id='word_1_189' title='bbox 1172 2750 1280 2820; x_wconf 77' lang='grc' dir='ltr'>γὰρ</span> <span class='ocrx_word' id='word_1_190' title='bbox 1306 2750 1472 2819; x_wconf 77' lang='grc' dir='ltr'>αὐτὴν</span> <span class='ocrx_word' id='word_1_191' title='bbox 1503 2749 1596 2801; x_wconf 80' lang='grc' dir='ltr'><strong>καὶ</strong></span> <span class='ocrx_word' id='word_1_192' title='bbox 1634 2748 1791 2801; x_wconf 76' lang='grc' dir='ltr'>δύνα-</span> 
     </span>
    </p>
   </div>
   <div class='ocr_carea' id='block_1_28' title="bbox 222 2840 1791 2916">
    <p class='ocr_par' dir='ltr' id='par_1_28' title="bbox 222 2840 1791 2916">
     <span class='ocr_line' id='line_1_28' title="bbox 222 2840 1791 2916; baseline -0.004 -17"><span class='ocrx_word' id='word_1_193' title='bbox 222 2864 338 2916; x_wconf 87' lang='grc' dir='ltr'>μιν,</span> <span class='ocrx_word' id='word_1_194' title='bbox 375 2846 469 2898; x_wconf 76' lang='grc' dir='ltr'><strong>καὶ</strong></span> <span class='ocrx_word' id='word_1_195' title='bbox 496 2846 808 2916; x_wconf 76' lang='grc' dir='ltr'>ἐνέργειαν,</span> <span class='ocrx_word' id='word_1_196' title='bbox 846 2845 941 2898; x_wconf 75' lang='grc' dir='ltr'>καὶ</span> <span class='ocrx_word' id='word_1_197' title='bbox 980 2844 1264 2914; x_wconf 77' lang='grc' dir='ltr'>διαφορὰν,</span> <span class='ocrx_word' id='word_1_198' title='bbox 1312 2843 1402 2894; x_wconf 76' lang='grc' dir='ltr'><strong>καὶ</strong></span> <span class='ocrx_word' id='word_1_199' title='bbox 1435 2842 1667 2910; x_wconf 84' lang='grc' dir='ltr'>κίνησιν,</span> <span class='ocrx_word' id='word_1_200' title='bbox 1700 2840 1791 2893; x_wconf 73' lang='grc' dir='ltr'><strong>καὶ</strong></span> 
     </span>
    </p>
   </div>
   <div class='ocr_carea' id='block_1_29' title="bbox 223 2932 1789 3008">
    <p class='ocr_par' dir='ltr' id='par_1_29' title="bbox 223 2932 1789 3008">
     <span class='ocr_line' id='line_1_29' title="bbox 223 2932 1789 3008; baseline -0.004 -19"><span class='ocrx_word' id='word_1_201' title='bbox 223 2939 482 3008; x_wconf 74' lang='grc' dir='ltr'>ἰδιότητα,</span> <span class='ocrx_word' id='word_1_202' title='bbox 518 2937 610 2989; x_wconf 74' lang='grc' dir='ltr'><strong>καὶ</strong></span> <span class='ocrx_word' id='word_1_203' title='bbox 639 2936 921 3005; x_wconf 84' lang='grc' dir='ltr'>ποιότητα,</span> <span class='ocrx_word' id='word_1_204' title='bbox 953 2937 1047 2988; x_wconf 72' lang='grc' dir='ltr'><strong>καὶ</strong></span> <span class='ocrx_word' id='word_1_205' title='bbox 1081 2935 1278 2998; x_wconf 85' lang='grc' dir='ltr'>πάθος,</span> <span class='ocrx_word' id='word_1_206' title='bbox 1304 2935 1364 2986; x_wconf 79' lang='grc' dir='ltr'><strong>οὐ</strong></span> <span class='ocrx_word' id='word_1_207' title='bbox 1391 2932 1528 2985; x_wconf 85' lang='grc' dir='ltr'><strong>κατά</strong></span> <span class='ocrx_word' id='word_1_208' title='bbox 1554 2932 1789 2983; x_wconf 79' lang='grc' dir='ltr'>ἀντιδια·</span> 
     </span>
    </p>
   </div>
   <div class='ocr_carea' id='block_1_30' title="bbox 222 3022 1787 3098">
    <p class='ocr_par' dir='ltr' id='par_1_30' title="bbox 222 3022 1787 3098">
     <span class='ocr_line' id='line_1_30' title="bbox 222 3022 1787 3098; baseline -0.005 -17"><span class='ocrx_word' id='word_1_209' title='bbox 222 3029 414 3098; x_wconf 79' lang='grc' dir='ltr'>στολὴν</span> <span class='ocrx_word' id='word_1_210' title='bbox 443 3029 542 3096; x_wconf 82' lang='grc' dir='ltr'>τῆς</span> <span class='ocrx_word' id='word_1_211' title='bbox 573 3027 742 3090; x_wconf 87' lang='grc' dir='ltr'>θείας,</span> <span class='ocrx_word' id='word_1_212' title='bbox 772 3026 887 3079; x_wconf 86' lang='grc' dir='ltr'>ἀλλ’</span> <span class='ocrx_word' id='word_1_213' title='bbox 914 3026 987 3089; x_wconf 82' lang='grc' dir='ltr'>ὡς</span> <span class='ocrx_word' id='word_1_214' title='bbox 1010 3027 1332 3096; x_wconf 77' lang='grc' dir='ltr'>συνεκτικὴν</span> <span class='ocrx_word' id='word_1_215' title='bbox 1372 3025 1471 3093; x_wconf 79' lang='grc' dir='ltr'><strong>μὲν</strong></span> <span class='ocrx_word' id='word_1_216' title='bbox 1507 3025 1599 3075; x_wconf 71' lang='grc' dir='ltr'><strong>καὶ</strong></span> <span class='ocrx_word' id='word_1_217' title='bbox 1626 3022 1787 3075; x_wconf 68' lang='grc' dir='ltr'>ἀναλο</span> 
     </span>
    </p>
   </div>
   <div class='ocr_carea' id='block_1_31' title="bbox 218 3114 1789 3186">
    <p class='ocr_par' dir='ltr' id='par_1_31' title="bbox 218 3114 1789 3186">
     <span class='ocr_line' id='line_1_31' title="bbox 218 3114 1789 3186; baseline -0.004 -15"><span class='ocrx_word' id='word_1_218' title='bbox 218 3119 440 3171; x_wconf 85' lang='grc' dir='ltr'>λοίωτον</span> <span class='ocrx_word' id='word_1_219' title='bbox 464 3118 691 3186; x_wconf 80' lang='grc' dir='ltr'>δύναμιν</span> <span class='ocrx_word' id='word_1_220' title='bbox 710 3135 723 3147; x_wconf 76' lang='grc' dir='ltr'><strong>ο</strong></span> <span class='ocrx_word' id='word_1_221' title='bbox 752 3118 1032 3186; x_wconf 72' lang='grc' dir='ltr'>ἐνέργειαν</span> <span class='ocrx_word' id='word_1_222' title='bbox 1058 3118 1135 3183; x_wconf 85' lang='grc' dir='ltr'>δὲ,</span> <span class='ocrx_word' id='word_1_223' title='bbox 1163 3118 1236 3179; x_wconf 85' lang='grc' dir='ltr'>ὡς</span> <span class='ocrx_word' id='word_1_224' title='bbox 1268 3114 1789 3185; x_wconf 82' lang='grc' dir='ltr'>χαρακτηριστικὴν,</span> 
     </span>
    </p>
   </div>
   <div class='ocr_carea' id='block_1_32' title="bbox 1896 653 3470 725">
    <p class='ocr_par' dir='ltr' id='par_1_32' title="bbox 1896 653 3470 725">
     <span class='ocr_line' id='line_1_32' title="bbox 1896 653 3470 725; baseline 0.007 -18"><span class='ocrx_word' id='word_1_225' title='bbox 1896 663 2002 718; x_wconf 89' lang='lat' dir='ltr'><strong>tur,</strong></span> <span class='ocrx_word' id='word_1_226' title='bbox 2035 653 2238 708; x_wconf 89' lang='lat' dir='ltr'><strong>dicitur</strong></span> <span class='ocrx_word' id='word_1_227' title='bbox 2269 656 2474 724; x_wconf 84' lang='lat' dir='ltr'><strong>passio,</strong></span> <span class='ocrx_word' id='word_1_228' title='bbox 2513 654 2726 725; x_wconf 82' lang='lat' dir='ltr'><strong>liaeque</strong></span> <span class='ocrx_word' id='word_1_229' title='bbox 2761 660 2972 713; x_wconf 77' lang='lat' dir='ltr'><strong>ratione</strong></span> <span class='ocrx_word' id='word_1_230' title='bbox 2991 675 3151 714; x_wconf 89' lang='lat' dir='ltr'><strong>unam</strong></span> <span class='ocrx_word' id='word_1_231' title='bbox 3175 662 3228 715; x_wconf 87' lang='lat' dir='ltr'><strong>in</strong></span> <span class='ocrx_word' id='word_1_232' title='bbox 3252 661 3470 718; x_wconf 89' lang='lat' dir='ltr'><strong>Christo</strong></span> 
     </span>
    </p>
   </div>
   <div class='ocr_carea' id='block_1_33' title="bbox 1894 746 3472 824">
    <p class='ocr_par' dir='ltr' id='par_1_33' title="bbox 1894 746 3472 824">
     <span class='ocr_line' id='line_1_33' title="bbox 1894 746 3472 824; baseline 0.007 -25"><span class='ocrx_word' id='word_1_233' title='bbox 1894 746 2166 800; x_wconf 80' lang='lat' dir='ltr'><strong>actionem</strong></span> <span class='ocrx_word' id='word_1_234' title='bbox 2227 747 2532 814; x_wconf 87' lang='lat' dir='ltr'><strong>docemus;</strong></span> <span class='ocrx_word' id='word_1_235' title='bbox 2592 763 2922 817; x_wconf 85' lang='lat' dir='ltr'><strong>reponemus</strong></span> <span class='ocrx_word' id='word_1_236' title='bbox 2995 752 3183 807; x_wconf 88' lang='lat' dir='ltr'><strong>eadem</strong></span> <span class='ocrx_word' id='word_1_237' title='bbox 3249 769 3472 824; x_wconf 85' lang='lat' dir='ltr'><strong>quoque</strong></span> 
     </span>
    </p>
   </div>
   <div class='ocr_carea' id='block_1_34' title="bbox 1894 837 3470 907">
    <p class='ocr_par' dir='ltr' id='par_1_34' title="bbox 1894 837 3470 907">
     <span class='ocr_line' id='line_1_34' title="bbox 1894 837 3470 907; baseline 0.007 -18"><span class='ocrx_word' id='word_1_238' title='bbox 1894 837 2107 892; x_wconf 87' lang='lat' dir='ltr'><strong>ratione</strong></span> <span class='ocrx_word' id='word_1_239' title='bbox 2145 838 2224 891; x_wconf 86' lang='lat' dir='ltr'><strong>illi</strong></span> <span class='ocrx_word' id='word_1_240' title='bbox 2259 839 2350 907; x_wconf 91' lang='lat' dir='ltr'><strong>qui</strong></span> <span class='ocrx_word' id='word_1_241' title='bbox 2385 848 2640 894; x_wconf 85' lang='lat' dir='ltr'><strong>naturam</strong></span> <span class='ocrx_word' id='word_1_242' title='bbox 2680 856 2843 893; x_wconf 89' lang='lat' dir='ltr'><strong>unam</strong></span> <span class='ocrx_word' id='word_1_243' title='bbox 2881 852 3158 907; x_wconf 90' lang='lat' dir='ltr'><strong>asserunt,</strong></span> <span class='ocrx_word' id='word_1_244' title='bbox 3203 861 3310 899; x_wconf 91' lang='lat' dir='ltr'><strong>non</strong></span> <span class='ocrx_word' id='word_1_245' title='bbox 3360 856 3470 899; x_wconf 71' lang='lat' dir='ltr'><strong>tor-</strong></span> 
     </span>
    </p>
   </div>
   <div class='ocr_carea' id='block_1_35' title="bbox 1894 926 3470 1006">
    <p class='ocr_par' dir='ltr' id='par_1_35' title="bbox 1894 926 3470 1006">
     <span class='ocr_line' id='line_1_35' title="bbox 1894 926 3470 1006; baseline 0.007 -26"><span class='ocrx_word' id='word_1_246' title='bbox 1894 926 2068 982; x_wconf 69' lang='lat' dir='ltr'><strong>lendae</strong></span> <span class='ocrx_word' id='word_1_247' title='bbox 2117 929 2371 981; x_wconf 68' lang='lat' dir='ltr'><strong>humana:</strong></span> <span class='ocrx_word' id='word_1_248' title='bbox 2421 943 2588 983; x_wconf 88' lang='lat' dir='ltr'><strong>causa</strong></span> <span class='ocrx_word' id='word_1_249' title='bbox 2646 930 2785 984; x_wconf 89' lang='lat' dir='ltr'><strong>hanc</strong></span> <span class='ocrx_word' id='word_1_250' title='bbox 2834 939 3122 1000; x_wconf 79' lang='lat' dir='ltr'><strong>astruere;</strong></span> <span class='ocrx_word' id='word_1_251' title='bbox 3181 936 3278 990; x_wconf 89' lang='lat' dir='ltr'><strong>sed</strong></span> <span class='ocrx_word' id='word_1_252' title='bbox 3340 939 3470 1006; x_wconf 82' lang='lat' dir='ltr'><strong>quia</strong></span> 
     </span>
    </p>
   </div>
   <div class='ocr_carea' id='block_1_36' title="bbox 1896 1019 3469 1084">
    <p class='ocr_par' dir='ltr' id='par_1_36' title="bbox 1896 1019 3469 1084">
     <span class='ocr_line' id='line_1_36' title="bbox 1896 1019 3469 1084; baseline 0.007 -12"><span class='ocrx_word' id='word_1_253' title='bbox 1896 1019 2134 1073; x_wconf 87' lang='lat' dir='ltr'><strong>humana</strong></span> <span class='ocrx_word' id='word_1_254' title='bbox 2188 1031 2407 1084; x_wconf 82' lang='lat' dir='ltr'><strong>natura,</strong></span> <span class='ocrx_word' id='word_1_255' title='bbox 2463 1037 2585 1075; x_wconf 91' lang='lat' dir='ltr'><strong>cum</strong></span> <span class='ocrx_word' id='word_1_256' title='bbox 2634 1039 2699 1078; x_wconf 76' lang='lat' dir='ltr'><strong>ex</strong></span> <span class='ocrx_word' id='word_1_257' title='bbox 2747 1025 2980 1079; x_wconf 90' lang='lat' dir='ltr'><strong>adverso</strong></span> <span class='ocrx_word' id='word_1_258' title='bbox 3027 1026 3211 1080; x_wconf 85' lang='lat' dir='ltr'><strong>divina</strong></span> <span class='ocrx_word' id='word_1_259' title='bbox 3272 1037 3469 1083; x_wconf 87' lang='lat' dir='ltr'><strong>natura</strong></span> 
     </span>
    </p>
   </div>
   <div class='ocr_carea' id='block_1_37' title="bbox 1893 1109 3465 1181">
    <p class='ocr_par' dir='ltr' id='par_1_37' title="bbox 1893 1109 3465 1181">
     <span class='ocr_line' id='line_1_37' title="bbox 1893 1109 3465 1181; baseline 0.003 -18"><span class='ocrx_word' id='word_1_260' title='bbox 1893 1109 2272 1180; x_wconf 80' lang='lat' dir='ltr'><strong>distinguitur,</strong></span> <span class='ocrx_word' id='word_1_261' title='bbox 2324 1111 2568 1181; x_wconf 87' lang='lat' dir='ltr'><strong>patibilis</strong></span> <span class='ocrx_word' id='word_1_262' title='bbox 2614 1113 2835 1170; x_wconf 72' lang='lat' dir='ltr'><strong>dicitur.</strong></span> <span class='ocrx_word' id='word_1_263' title='bbox 2885 1117 3040 1171; x_wconf 81' lang='lat' dir='ltr'><strong>Absit</strong></span> <span class='ocrx_word' id='word_1_264' title='bbox 3073 1127 3253 1172; x_wconf 88' lang='lat' dir='ltr'><strong>autem</strong></span> <span class='ocrx_word' id='word_1_265' title='bbox 3296 1119 3397 1172; x_wconf 87' lang='lat' dir='ltr'><strong>hoc</strong></span> <span class='ocrx_word' id='word_1_266' title='bbox 3440 1136 3465 1167; x_wconf 74' lang='grc' dir='ltr'>ει</span> 
     </span>
    </p>
   </div>
   <div class='ocr_carea' id='block_1_38' title="bbox 1894 1201 3466 1265">
    <p class='ocr_par' dir='ltr' id='par_1_38' title="bbox 1894 1201 3466 1265">
     <span class='ocr_line' id='line_1_38' title="bbox 1894 1201 3466 1265; baseline 0.007 -11"><span class='ocrx_word' id='word_1_267' title='bbox 1894 1202 2073 1263; x_wconf 87' lang='lat' dir='ltr'><strong>nobis,</strong></span> <span class='ocrx_word' id='word_1_268' title='bbox 2118 1210 2177 1254; x_wconf 92' lang='lat' dir='ltr'><strong>ut</strong></span> <span class='ocrx_word' id='word_1_269' title='bbox 2207 1201 2274 1254; x_wconf 90' lang='lat' dir='ltr'><strong>ad</strong></span> <span class='ocrx_word' id='word_1_270' title='bbox 2307 1202 2597 1257; x_wconf 85' lang='lat' dir='ltr'><strong>humanam</strong></span> <span class='ocrx_word' id='word_1_271' title='bbox 2633 1206 2901 1259; x_wconf 82' lang='lat' dir='ltr'><strong>actionem</strong></span> <span class='ocrx_word' id='word_1_272' title='bbox 2959 1224 2989 1261; x_wconf 91' lang='lat' dir='ltr'><strong>a</strong></span> <span class='ocrx_word' id='word_1_273' title='bbox 3042 1209 3229 1263; x_wconf 86' lang='lat' dir='ltr'><strong>divina</strong></span> <span class='ocrx_word' id='word_1_274' title='bbox 3275 1210 3466 1265; x_wconf 80' lang='lat' dir='ltr'><strong>distin—</strong></span> 
     </span>
    </p>
   </div>
   <div class='ocr_carea' id='block_1_39' title="bbox 1894 1292 3461 1368">
    <p class='ocr_par' dir='ltr' id='par_1_39' title="bbox 1894 1292 3461 1368">
     <span class='ocr_line' id='line_1_39' title="bbox 1894 1292 3461 1368; baseline 0.007 -26"><span class='ocrx_word' id='word_1_275' title='bbox 1894 1292 2188 1358; x_wconf 83' lang='lat' dir='ltr'><strong>guendam,</strong></span> <span class='ocrx_word' id='word_1_276' title='bbox 2214 1292 2512 1346; x_wconf 84' lang='lat' dir='ltr'><strong>humanum</strong></span> <span class='ocrx_word' id='word_1_277' title='bbox 2537 1304 2741 1348; x_wconf 90' lang='lat' dir='ltr'><strong>motum</strong></span> <span class='ocrx_word' id='word_1_278' title='bbox 2774 1297 3083 1365; x_wconf 88' lang='lat' dir='ltr'><strong>passionem</strong></span> <span class='ocrx_word' id='word_1_279' title='bbox 3112 1302 3461 1368; x_wconf 78' lang='lat' dir='ltr'><strong>appellemus.</strong></span> 
     </span>
    </p>
   </div>
   <div class='ocr_carea' id='block_1_40' title="bbox 1896 1382 3461 1451">
    <p class='ocr_par' dir='ltr' id='par_1_40' title="bbox 1896 1382 3461 1451">
     <span class='ocr_line' id='line_1_40' title="bbox 1896 1382 3461 1451; baseline 0.005 -17"><span class='ocrx_word' id='word_1_280' title='bbox 1896 1382 2106 1437; x_wconf 85' lang='lat' dir='ltr'><strong>Nullius</strong></span> <span class='ocrx_word' id='word_1_281' title='bbox 2137 1384 2280 1436; x_wconf 82' lang='lat' dir='ltr'><strong>enim</strong></span> <span class='ocrx_word' id='word_1_282' title='bbox 2318 1385 2417 1444; x_wconf 88' lang='lat' dir='ltr'><strong>rei,</strong></span> <span class='ocrx_word' id='word_1_283' title='bbox 2457 1394 2513 1436; x_wconf 92' lang='lat' dir='ltr'><strong>ut</strong></span> <span class='ocrx_word' id='word_1_284' title='bbox 2557 1388 2806 1439; x_wconf 66' lang='lat' dir='ltr'><strong>universo</strong></span> <span class='ocrx_word' id='word_1_285' title='bbox 2837 1387 3042 1451; x_wconf 85' lang='lat' dir='ltr'><strong>dicam,</strong></span> <span class='ocrx_word' id='word_1_286' title='bbox 3072 1393 3342 1444; x_wconf 75' lang='lat' dir='ltr'><strong>exstantia</strong></span> <span class='ocrx_word' id='word_1_287' title='bbox 3375 1404 3461 1444; x_wconf 87' lang='lat' dir='ltr'><strong>aut</strong></span> 
     </span>
    </p>
   </div>
   <div class='ocr_carea' id='block_1_41' title="bbox 1897 1477 3443 1549">
    <p class='ocr_par' dir='ltr' id='par_1_41' title="bbox 1897 1477 3443 1549">
     <span class='ocr_line' id='line_1_41' title="bbox 1897 1477 3443 1549; baseline 0.006 -25"><span class='ocrx_word' id='word_1_288' title='bbox 1897 1482 2068 1527; x_wconf 70' lang='lat' dir='ltr'><strong>status</strong></span> <span class='ocrx_word' id='word_1_289' title='bbox 2108 1492 2167 1527; x_wconf 60' lang='grc' dir='ltr'><strong>οι</strong></span> <span class='ocrx_word' id='word_1_290' title='bbox 2206 1477 2621 1542; x_wconf 86' lang='lat' dir='ltr'><strong>comparatione</strong></span> <span class='ocrx_word' id='word_1_291' title='bbox 2659 1496 2705 1527; x_wconf 83' lang='lat' dir='ltr'><strong>t&#39;l</strong></span> <span class='ocrx_word' id='word_1_292' title='bbox 2748 1480 3043 1532; x_wconf 70' lang='lat' dir='ltr'><strong>rollatione</strong></span> <span class='ocrx_word' id='word_1_293' title='bbox 3090 1485 3443 1549; x_wconf 64' lang='lat' dir='ltr'><strong>cognosizitur</strong></span> 
     </span>
    </p>
   </div>
   <div class='ocr_carea' id='block_1_42' title="bbox 1894 1562 3465 1639">
    <p class='ocr_par' dir='ltr' id='par_1_42' title="bbox 1894 1562 3465 1639">
     <span class='ocr_line' id='line_1_42' title="bbox 1894 1562 3465 1639; baseline 0.004 -22"><span class='ocrx_word' id='word_1_294' title='bbox 1894 1573 1987 1618; x_wconf 89' lang='lat' dir='ltr'><strong>aut</strong></span> <span class='ocrx_word' id='word_1_295' title='bbox 2015 1562 2291 1619; x_wconf 82' lang='lat' dir='ltr'><strong>delinitur.</strong></span> <span class='ocrx_word' id='word_1_296' title='bbox 2343 1564 2455 1618; x_wconf 88' lang='lat' dir='ltr'><strong>lloc</strong></span> <span class='ocrx_word' id='word_1_297' title='bbox 2499 1569 2646 1619; x_wconf 80' lang='lat' dir='ltr'><strong>enim</strong></span> <span class='ocrx_word' id='word_1_298' title='bbox 2694 1586 2850 1635; x_wconf 61' lang='lat' dir='ltr'><strong>paulo</strong></span> <span class='ocrx_word' id='word_1_299' title='bbox 2887 1586 2972 1622; x_wconf 73' lang='lat' dir='ltr'><strong>res</strong></span> <span class='ocrx_word' id='word_1_300' title='bbox 3020 1589 3138 1637; x_wconf 73' lang='lat' dir='ltr'><strong>qua:</strong></span> <span class='ocrx_word' id='word_1_301' title='bbox 3172 1584 3322 1639; x_wconf 84' lang='lat' dir='ltr'><strong>sunt,</strong></span> <span class='ocrx_word' id='word_1_302' title='bbox 3364 1581 3465 1627; x_wconf 50' lang='lat' dir='ltr'><strong>sui.</strong></span> 
     </span>
    </p>
   </div>
   <div class='ocr_carea' id='block_1_43' title="bbox 1894 1658 3405 1731">
    <p class='ocr_par' dir='ltr' id='par_1_43' title="bbox 1894 1658 3405 1731">
     <span class='ocr_line' id='line_1_43' title="bbox 1894 1658 3405 1731; baseline 0.004 -23"><span class='ocrx_word' id='word_1_303' title='bbox 1894 1666 2085 1709; x_wconf 88' lang='lat' dir='ltr'><strong>mutuo</strong></span> <span class='ocrx_word' id='word_1_304' title='bbox 2106 1670 2284 1709; x_wconf 56' lang='lat' dir='ltr'><strong>causa:</strong></span> <span class='ocrx_word' id='word_1_305' title='bbox 2310 1672 2429 1711; x_wconf 88' lang='lat' dir='ltr'><strong>esse</strong></span> <span class='ocrx_word' id='word_1_306' title='bbox 2462 1658 2859 1712; x_wconf 78' lang='lat' dir='ltr'><strong>invenirentur.</strong></span> <span class='ocrx_word' id='word_1_307' title='bbox 2903 1660 3032 1711; x_wconf 76' lang='lat' dir='ltr'><strong>Nam</strong></span> <span class='ocrx_word' id='word_1_308' title='bbox 3069 1667 3134 1725; x_wconf 79' lang='lat' dir='ltr'><strong>si,</strong></span> <span class='ocrx_word' id='word_1_309' title='bbox 3164 1666 3292 1731; x_wconf 84' lang='lat' dir='ltr'><strong>quia</strong></span> <span class='ocrx_word' id='word_1_310' title='bbox 3326 1667 3405 1718; x_wconf 75' lang='lat' dir='ltr'><strong>dl\</strong></span> 
     </span>
    </p>
   </div>
   <div class='ocr_carea' id='block_1_44' title="bbox 1895 1750 3468 1813">
    <p class='ocr_par' dir='ltr' id='par_1_44' title="bbox 1895 1750 3468 1813">
     <span class='ocr_line' id='line_1_44' title="bbox 1895 1750 3468 1813; baseline 0.006 -14"><span class='ocrx_word' id='word_1_311' title='bbox 1895 1763 1998 1801; x_wconf 90' lang='lat' dir='ltr'><strong>nus</strong></span> <span class='ocrx_word' id='word_1_312' title='bbox 2048 1756 2226 1802; x_wconf 91' lang='lat' dir='ltr'><strong>motus</strong></span> <span class='ocrx_word' id='word_1_313' title='bbox 2267 1750 2408 1803; x_wconf 88' lang='lat' dir='ltr'><strong>actio</strong></span> <span class='ocrx_word' id='word_1_314' title='bbox 2432 1758 2536 1813; x_wconf 91' lang='lat' dir='ltr'><strong>est,</strong></span> <span class='ocrx_word' id='word_1_315' title='bbox 2576 1752 2782 1805; x_wconf 85' lang='lat' dir='ltr'><strong>idcitco</strong></span> <span class='ocrx_word' id='word_1_316' title='bbox 2819 1751 3052 1806; x_wconf 86' lang='lat' dir='ltr'><strong>ellieitur</strong></span> <span class='ocrx_word' id='word_1_317' title='bbox 3094 1764 3149 1807; x_wconf 88' lang='lat' dir='ltr'><strong>ut</strong></span> <span class='ocrx_word' id='word_1_318' title='bbox 3199 1756 3468 1809; x_wconf 42' lang='lat' dir='ltr'><strong>luunanu:</strong></span> 
     </span>
    </p>
   </div>
   <div class='ocr_carea' id='block_1_45' title="bbox 1895 1840 3431 1908">
    <p class='ocr_par' dir='ltr' id='par_1_45' title="bbox 1895 1840 3431 1908">
     <span class='ocr_line' id='line_1_45' title="bbox 1895 1840 3431 1908; baseline 0.003 -16"><span class='ocrx_word' id='word_1_319' title='bbox 1895 1841 2077 1908; x_wconf 75' lang='lat' dir='ltr'><strong>passio</strong></span> <span class='ocrx_word' id='word_1_320' title='bbox 2113 1840 2203 1903; x_wconf 88' lang='lat' dir='ltr'><strong>sit,</strong></span> <span class='ocrx_word' id='word_1_321' title='bbox 2247 1842 2437 1908; x_wconf 88' lang='lat' dir='ltr'><strong>procul</strong></span> <span class='ocrx_word' id='word_1_322' title='bbox 2490 1841 2656 1895; x_wconf 89' lang='lat' dir='ltr'><strong>dubio</strong></span> <span class='ocrx_word' id='word_1_323' title='bbox 2704 1844 2865 1897; x_wconf 87' lang='lat' dir='ltr'><strong>etiam</strong></span> <span class='ocrx_word' id='word_1_324' title='bbox 2917 1847 3057 1898; x_wconf 82' lang='lat' dir='ltr'><strong>mala</strong></span> <span class='ocrx_word' id='word_1_325' title='bbox 3111 1848 3216 1898; x_wconf 87' lang='lat' dir='ltr'><strong>erit</strong></span> <span class='ocrx_word' id='word_1_326' title='bbox 3268 1856 3431 1900; x_wconf 56' lang='lat' dir='ltr'><strong>natu;</strong></span> 
     </span>
    </p>
   </div>
   <div class='ocr_carea' id='block_1_46' title="bbox 1894 1930 3466 1998">
    <p class='ocr_par' dir='ltr' id='par_1_46' title="bbox 1894 1930 3466 1998">
     <span class='ocr_line' id='line_1_46' title="bbox 1894 1930 3466 1998; baseline 0.003 -15"><span class='ocrx_word' id='word_1_327' title='bbox 1894 1931 2152 1991; x_wconf 85' lang='lat' dir='ltr'><strong>humana,</strong></span> <span class='ocrx_word' id='word_1_328' title='bbox 2187 1930 2316 1998; x_wconf 84' lang='lat' dir='ltr'><strong>quia</strong></span> <span class='ocrx_word' id='word_1_329' title='bbox 2359 1930 2543 1983; x_wconf 86' lang='lat' dir='ltr'><strong>divina</strong></span> <span class='ocrx_word' id='word_1_330' title='bbox 2580 1931 2717 1984; x_wconf 87' lang='lat' dir='ltr'><strong>bona</strong></span> <span class='ocrx_word' id='word_1_331' title='bbox 2749 1941 2853 1986; x_wconf 87' lang='lat' dir='ltr'><strong>est.</strong></span> <span class='ocrx_word' id='word_1_332' title='bbox 2884 1932 2947 1985; x_wconf 85' lang='lat' dir='ltr'><strong>Et</strong></span> <span class='ocrx_word' id='word_1_333' title='bbox 2995 1936 3237 1989; x_wconf 87' lang='lat' dir='ltr'><strong>vicissim</strong></span> <span class='ocrx_word' id='word_1_334' title='bbox 3273 1952 3302 1990; x_wconf 88' lang='lat' dir='ltr'><strong>e</strong></span> <span class='ocrx_word' id='word_1_335' title='bbox 3337 1953 3466 1989; x_wconf 69' lang='lat' dir='ltr'><strong>eo“-</strong></span> 
     </span>
    </p>
   </div>
   <div class='ocr_carea' id='block_1_47' title="bbox 1893 2021 3467 2094">
    <p class='ocr_par' dir='ltr' id='par_1_47' title="bbox 1893 2021 3467 2094">
     <span class='ocr_line' id='line_1_47' title="bbox 1893 2021 3467 2094; baseline 0.003 -20"><span class='ocrx_word' id='word_1_336' title='bbox 1893 2021 2083 2085; x_wconf 80' lang='lat' dir='ltr'><strong>trario,</strong></span> <span class='ocrx_word' id='word_1_337' title='bbox 2118 2022 2163 2075; x_wconf 84' lang='lat' dir='ltr'><strong>si</strong></span> <span class='ocrx_word' id='word_1_338' title='bbox 2196 2022 2323 2089; x_wconf 87' lang='lat' dir='ltr'><strong>quia</strong></span> <span class='ocrx_word' id='word_1_339' title='bbox 2358 2022 2632 2077; x_wconf 87' lang='lat' dir='ltr'><strong>humanus</strong></span> <span class='ocrx_word' id='word_1_340' title='bbox 2667 2033 2849 2078; x_wconf 83' lang='lat' dir='ltr'><strong>motus</strong></span> <span class='ocrx_word' id='word_1_341' title='bbox 2899 2028 3084 2094; x_wconf 88' lang='lat' dir='ltr'><strong>passio</strong></span> <span class='ocrx_word' id='word_1_342' title='bbox 3122 2027 3345 2092; x_wconf 87' lang='lat' dir='ltr'><strong>dicitur,</strong></span> <span class='ocrx_word' id='word_1_343' title='bbox 3385 2031 3467 2081; x_wconf 63' lang='lat' dir='ltr'><strong>di-</strong></span> 
     </span>
    </p>
   </div>
   <div class='ocr_carea' id='block_1_48' title="bbox 1891 2114 3466 2183">
    <p class='ocr_par' dir='ltr' id='par_1_48' title="bbox 1891 2114 3466 2183">
     <span class='ocr_line' id='line_1_48' title="bbox 1891 2114 3466 2183; baseline 0.005 -17"><span class='ocrx_word' id='word_1_344' title='bbox 1891 2114 2051 2168; x_wconf 81' lang='lat' dir='ltr'><strong>vinus</strong></span> <span class='ocrx_word' id='word_1_345' title='bbox 2096 2114 2325 2183; x_wconf 85' lang='lat' dir='ltr'><strong>proinde</strong></span> <span class='ocrx_word' id='word_1_346' title='bbox 2376 2123 2555 2168; x_wconf 88' lang='lat' dir='ltr'><strong>motus</strong></span> <span class='ocrx_word' id='word_1_347' title='bbox 2611 2116 2757 2168; x_wconf 92' lang='lat' dir='ltr'><strong>actio</strong></span> <span class='ocrx_word' id='word_1_348' title='bbox 2811 2127 3107 2181; x_wconf 89' lang='lat' dir='ltr'><strong>censetur,</strong></span> <span class='ocrx_word' id='word_1_349' title='bbox 3170 2122 3243 2173; x_wconf 91' lang='lat' dir='ltr'><strong>ita</strong></span> <span class='ocrx_word' id='word_1_350' title='bbox 3302 2120 3466 2175; x_wconf 88' lang='lat' dir='ltr'><strong>etiam</strong></span> 
     </span>
    </p>
   </div>
   <div class='ocr_carea' id='block_1_49' title="bbox 1891 2205 3461 2277">
    <p class='ocr_par' dir='ltr' id='par_1_49' title="bbox 1891 2205 3461 2277">
     <span class='ocr_line' id='line_1_49' title="bbox 1891 2205 3461 2277; baseline 0.001 -16"><span class='ocrx_word' id='word_1_351' title='bbox 1891 2205 2075 2261; x_wconf 90' lang='lat' dir='ltr'><strong>divina</strong></span> <span class='ocrx_word' id='word_1_352' title='bbox 2129 2215 2325 2259; x_wconf 88' lang='lat' dir='ltr'><strong>natura</strong></span> <span class='ocrx_word' id='word_1_353' title='bbox 2368 2207 2508 2260; x_wconf 88' lang='lat' dir='ltr'><strong>bona</strong></span> <span class='ocrx_word' id='word_1_354' title='bbox 2547 2208 2671 2271; x_wconf 88' lang='lat' dir='ltr'><strong>erit,</strong></span> <span class='ocrx_word' id='word_1_355' title='bbox 2706 2208 2833 2277; x_wconf 91' lang='lat' dir='ltr'><strong>quia</strong></span> <span class='ocrx_word' id='word_1_356' title='bbox 2888 2208 3125 2263; x_wconf 88' lang='lat' dir='ltr'><strong>humana</strong></span> <span class='ocrx_word' id='word_1_357' title='bbox 3176 2212 3315 2265; x_wconf 89' lang='lat' dir='ltr'><strong>mala</strong></span> <span class='ocrx_word' id='word_1_358' title='bbox 3344 2225 3461 2267; x_wconf 87' lang='lat' dir='ltr'><strong>est:</strong></span> 
     </span>
    </p>
   </div>
   <div class='ocr_carea' id='block_1_50' title="bbox 1891 2298 3470 2373">
    <p class='ocr_par' dir='ltr' id='par_1_50' title="bbox 1891 2298 3470 2373">
     <span class='ocr_line' id='line_1_50' title="bbox 1891 2298 3470 2373; baseline 0.005 -22"><span class='ocrx_word' id='word_1_359' title='bbox 1891 2308 2053 2367; x_wconf 90' lang='lat' dir='ltr'><strong>atque</strong></span> <span class='ocrx_word' id='word_1_360' title='bbox 2088 2298 2157 2352; x_wconf 78' lang='lat' dir='ltr'><strong>ita</strong></span> <span class='ocrx_word' id='word_1_361' title='bbox 2188 2312 2453 2352; x_wconf 71' lang='lat' dir='ltr'><strong>creaturae</strong></span> <span class='ocrx_word' id='word_1_362' title='bbox 2477 2313 2670 2353; x_wconf 86' lang='lat' dir='ltr'><strong>omnes</strong></span> <span class='ocrx_word' id='word_1_363' title='bbox 2701 2300 2856 2353; x_wconf 70' lang='lat' dir='ltr'><strong>mala:</strong></span> <span class='ocrx_word' id='word_1_364' title='bbox 2891 2310 3072 2366; x_wconf 89' lang='lat' dir='ltr'><strong>erunt,</strong></span> <span class='ocrx_word' id='word_1_365' title='bbox 3103 2303 3470 2373; x_wconf 83' lang='lat' dir='ltr'><strong>mentitusque</strong></span> 
     </span>
    </p>
   </div>
   <div class='ocr_carea' id='block_1_51' title="bbox 1890 2389 3464 2466">
    <p class='ocr_par' dir='ltr' id='par_1_51' title="bbox 1890 2389 3464 2466">
     <span class='ocr_line' id='line_1_51' title="bbox 1890 2389 3464 2466; baseline 0.006 -24"><span class='ocrx_word' id='word_1_366' title='bbox 1890 2390 2199 2459; x_wconf 86' lang='lat' dir='ltr'><strong>reperietur</strong></span> <span class='ocrx_word' id='word_1_367' title='bbox 2232 2390 2322 2443; x_wconf 92' lang='lat' dir='ltr'><strong>ille</strong></span> <span class='ocrx_word' id='word_1_368' title='bbox 2352 2390 2443 2458; x_wconf 90' lang='lat' dir='ltr'><strong>qui</strong></span> <span class='ocrx_word' id='word_1_369' title='bbox 2491 2389 2630 2443; x_wconf 82' lang='lat' dir='ltr'><strong>dixit</strong></span> <span class='ocrx_word' id='word_1_370' title='bbox 2657 2406 2673 2443; x_wconf 90' lang='lat'><strong><em>:</em></strong></span> <span class='ocrx_word' id='word_1_371' title='bbox 2700 2390 2766 2443; x_wconf 87' lang='lat' dir='ltr'><strong>Et</strong></span> <span class='ocrx_word' id='word_1_372' title='bbox 2805 2392 2933 2445; x_wconf 82' lang='lat' dir='ltr'><strong>vidit</strong></span> <span class='ocrx_word' id='word_1_373' title='bbox 2964 2392 3100 2447; x_wconf 79' lang='lat' dir='ltr'><strong>Deus</strong></span> <span class='ocrx_word' id='word_1_374' title='bbox 3126 2407 3319 2449; x_wconf 87' lang='lat' dir='ltr'><strong>cuncta</strong></span> <span class='ocrx_word' id='word_1_375' title='bbox 3353 2414 3464 2466; x_wconf 73' lang='lat' dir='ltr'><strong>qua;</strong></span> 
     </span>
    </p>
   </div>
   <div class='ocr_carea' id='block_1_52' title="bbox 1893 2481 2792 2544">
    <p class='ocr_par' dir='ltr' id='par_1_52' title="bbox 1893 2481 2792 2544">
     <span class='ocr_line' id='line_1_52' title="bbox 1893 2481 2792 2544; baseline 0.001 -7"><span class='ocrx_word' id='word_1_376' title='bbox 1893 2482 2107 2544; x_wconf 73' lang='lat' dir='ltr'><strong>fecerat,</strong></span> <span class='ocrx_word' id='word_1_377' title='bbox 2135 2490 2186 2534; x_wconf 85' lang='lat' dir='ltr'><strong>et</strong></span> <span class='ocrx_word' id='word_1_378' title='bbox 2214 2488 2365 2533; x_wconf 83' lang='lat' dir='ltr'><strong>erant</strong></span> <span class='ocrx_word' id='word_1_379' title='bbox 2390 2481 2541 2534; x_wconf 85' lang='lat' dir='ltr'><strong>valde</strong></span> <span class='ocrx_word' id='word_1_380' title='bbox 2563 2484 2695 2535; x_wconf 87' lang='lat' dir='ltr'><strong>bona</strong></span> <span class='ocrx_word' id='word_1_381' title='bbox 2725 2483 2792 2538; x_wconf 80' lang='grc'><strong>⁵⁸.</strong></span> 
     </span>
    </p>
   </div>
   <div class='ocr_carea' id='block_1_53' title="bbox 1971 2571 3467 2635">
    <p class='ocr_par' dir='ltr' id='par_1_53' title="bbox 1971 2571 3467 2635">
     <span class='ocr_line' id='line_1_53' title="bbox 1971 2571 3467 2635; baseline 0.007 -10"><span class='ocrx_word' id='word_1_382' title='bbox 1971 2571 2134 2625; x_wconf 78' lang='lat' dir='ltr'><strong>Varia</strong></span> <span class='ocrx_word' id='word_1_383' title='bbox 2165 2574 2380 2626; x_wconf 84' lang='lat' dir='ltr'><strong>nomina</strong></span> <span class='ocrx_word' id='word_1_384' title='bbox 2407 2572 2690 2627; x_wconf 86' lang='lat' dir='ltr'><strong>humanam</strong></span> <span class='ocrx_word' id='word_1_385' title='bbox 2717 2578 2975 2629; x_wconf 81' lang='lat' dir='ltr'><strong>actionem</strong></span> <span class='ocrx_word' id='word_1_386' title='bbox 3001 2576 3353 2635; x_wconf 64' lang='lat' dir='ltr'><strong>declaranda.</strong></span> <span class='ocrx_word' id='word_1_387' title='bbox 3398 2612 3409 2613; x_wconf 47' lang='grc' dir='ltr'>ί</span> <span class='ocrx_word' id='word_1_388' title='bbox 3434 2610 3467 2619; x_wconf 68' lang='grc' dir='ltr'><strong><em>ο</em></strong></span> 
     </span>
    </p>
   </div>
   <div class='ocr_carea' id='block_1_54' title="bbox 1893 2664 3463 2739">
    <p class='ocr_par' dir='ltr' id='par_1_54' title="bbox 1893 2664 3463 2739">
     <span class='ocr_line' id='line_1_54' title="bbox 1893 2664 3463 2739; baseline 0.004 -22"><span class='ocrx_word' id='word_1_389' title='bbox 1893 2664 2141 2719; x_wconf 88' lang='lat' dir='ltr'><strong>Dicimus</strong></span> <span class='ocrx_word' id='word_1_390' title='bbox 2208 2665 2392 2734; x_wconf 89' lang='lat' dir='ltr'><strong>itaque</strong></span> <span class='ocrx_word' id='word_1_391' title='bbox 2432 2664 2476 2697; x_wconf 82' lang='lat'><strong>&quot;</strong></span> <span class='ocrx_word' id='word_1_392' title='bbox 2535 2674 2760 2721; x_wconf 83' lang='lat' dir='ltr'><strong>sanctos</strong></span> <span class='ocrx_word' id='word_1_393' title='bbox 2813 2666 3001 2723; x_wconf 88' lang='lat' dir='ltr'><strong>Patres</strong></span> <span class='ocrx_word' id='word_1_394' title='bbox 3049 2685 3152 2738; x_wconf 88' lang='lat' dir='ltr'><strong>pro</strong></span> <span class='ocrx_word' id='word_1_395' title='bbox 3202 2671 3463 2739; x_wconf 74' lang='lat' dir='ltr'><strong>subjectic</strong></span> 
     </span>
    </p>
   </div>
   <div class='ocr_carea' id='block_1_55' title="bbox 1893 2756 3429 2816">
    <p class='ocr_par' dir='ltr' id='par_1_55' title="bbox 1893 2756 3429 2816">
     <span class='ocr_line' id='line_1_55' title="bbox 1893 2756 3429 2816; baseline 0.001 -5"><span class='ocrx_word' id='word_1_396' title='bbox 1893 2757 1995 2812; x_wconf 87' lang='lat' dir='ltr'><strong>sibi</strong></span> <span class='ocrx_word' id='word_1_397' title='bbox 2059 2756 2598 2812; x_wconf 87' lang='lat' dir='ltr'><strong>considerationibus</strong></span> <span class='ocrx_word' id='word_1_398' title='bbox 2655 2757 2956 2812; x_wconf 89' lang='lat' dir='ltr'><strong>humanum</strong></span> <span class='ocrx_word' id='word_1_399' title='bbox 3023 2771 3231 2815; x_wconf 91' lang='lat' dir='ltr'><strong>motum</strong></span> <span class='ocrx_word' id='word_1_400' title='bbox 3298 2765 3429 2816; x_wconf 74' lang='lat' dir='ltr'><strong>varii</strong></span> 
     </span>
    </p>
   </div>
   <div class='ocr_carea' id='block_1_56' title="bbox 1892 2846 3455 2921">
    <p class='ocr_par' dir='ltr' id='par_1_56' title="bbox 1892 2846 3455 2921">
     <span class='ocr_line' id='line_1_56' title="bbox 1892 2846 3455 2921; baseline 0.004 -20"><span class='ocrx_word' id='word_1_401' title='bbox 1892 2848 2068 2902; x_wconf 87' lang='lat' dir='ltr'><strong>modis</strong></span> <span class='ocrx_word' id='word_1_402' title='bbox 2100 2846 2425 2916; x_wconf 89' lang='lat' dir='ltr'><strong>appellasse.</strong></span> <span class='ocrx_word' id='word_1_403' title='bbox 2466 2847 2601 2900; x_wconf 87' lang='lat' dir='ltr'><strong>Eum</strong></span> <span class='ocrx_word' id='word_1_404' title='bbox 2635 2848 2907 2917; x_wconf 90' lang='lat' dir='ltr'><strong>siquidem</strong></span> <span class='ocrx_word' id='word_1_405' title='bbox 2943 2858 2997 2905; x_wconf 88' lang='lat' dir='ltr'><strong>et</strong></span> <span class='ocrx_word' id='word_1_406' title='bbox 3038 2855 3360 2921; x_wconf 87' lang='lat' dir='ltr'><strong>potentiam,</strong></span> <span class='ocrx_word' id='word_1_407' title='bbox 3411 2874 3455 2907; x_wconf 72' lang='grc' dir='ltr'>«τι</span> 
     </span>
    </p>
   </div>
   <div class='ocr_carea' id='block_1_57' title="bbox 1894 2939 3466 3016">
    <p class='ocr_par' dir='ltr' id='par_1_57' title="bbox 1894 2939 3466 3016">
     <span class='ocr_line' id='line_1_57' title="bbox 1894 2939 3466 3016; baseline 0.005 -23"><span class='ocrx_word' id='word_1_408' title='bbox 1894 2941 2295 3008; x_wconf 85' lang='lat' dir='ltr'><strong>operationem,</strong></span> <span class='ocrx_word' id='word_1_409' title='bbox 2351 2948 2404 2993; x_wconf 90' lang='lat' dir='ltr'><strong>ct</strong></span> <span class='ocrx_word' id='word_1_410' title='bbox 2452 2939 2838 3007; x_wconf 70' lang='lat' dir='ltr'><strong>iliﬂercntiam,</strong></span> <span class='ocrx_word' id='word_1_411' title='bbox 2888 2951 2942 2996; x_wconf 92' lang='lat' dir='ltr'><strong>et</strong></span> <span class='ocrx_word' id='word_1_412' title='bbox 2996 2955 3221 3012; x_wconf 89' lang='lat' dir='ltr'><strong>motum,</strong></span> <span class='ocrx_word' id='word_1_413' title='bbox 3254 2956 3305 3000; x_wconf 91' lang='lat' dir='ltr'><strong>et</strong></span> <span class='ocrx_word' id='word_1_414' title='bbox 3341 2963 3466 3016; x_wconf 85' lang='lat' dir='ltr'><strong>pro-</strong></span> 
     </span>
    </p>
   </div>
   <div class='ocr_carea' id='block_1_58' title="bbox 1893 3032 3455 3102">
    <p class='ocr_par' dir='ltr' id='par_1_58' title="bbox 1893 3032 3455 3102">
     <span class='ocr_line' id='line_1_58' title="bbox 1893 3032 3455 3102; baseline 0.004 -20"><span class='ocrx_word' id='word_1_415' title='bbox 1893 3033 2204 3100; x_wconf 88' lang='lat' dir='ltr'><strong>prietatem,</strong></span> <span class='ocrx_word' id='word_1_416' title='bbox 2241 3039 2293 3084; x_wconf 79' lang='lat' dir='ltr'><strong>et</strong></span> <span class='ocrx_word' id='word_1_417' title='bbox 2339 3032 2680 3100; x_wconf 84' lang='lat' dir='ltr'><strong>qualitatem,</strong></span> <span class='ocrx_word' id='word_1_418' title='bbox 2733 3042 2785 3086; x_wconf 90' lang='lat' dir='ltr'><strong>ct</strong></span> <span class='ocrx_word' id='word_1_419' title='bbox 2836 3034 3157 3102; x_wconf 87' lang='lat' dir='ltr'><strong>passionem</strong></span> <span class='ocrx_word' id='word_1_420' title='bbox 3213 3039 3455 3091; x_wconf 79' lang='lat' dir='ltr'><strong>nomina-</strong></span> 
     </span>
    </p>
   </div>
   <div class='ocr_carea' id='block_1_59' title="bbox 1894 3122 3439 3188">
    <p class='ocr_par' dir='ltr' id='par_1_59' title="bbox 1894 3122 3439 3188">
     <span class='ocr_line' id='line_1_59' title="bbox 1894 3122 3439 3188; baseline 0.005 -13"><span class='ocrx_word' id='word_1_421' title='bbox 1894 3134 2056 3188; x_wconf 88' lang='lat' dir='ltr'><strong>runt;</strong></span> <span class='ocrx_word' id='word_1_422' title='bbox 2098 3138 2203 3175; x_wconf 91' lang='lat' dir='ltr'><strong>non</strong></span> <span class='ocrx_word' id='word_1_423' title='bbox 2237 3122 2357 3175; x_wconf 87' lang='lat' dir='ltr'><strong>ideo</strong></span> <span class='ocrx_word' id='word_1_424' title='bbox 2390 3132 2567 3175; x_wconf 84' lang='lat' dir='ltr'><strong>tamen</strong></span> <span class='ocrx_word' id='word_1_425' title='bbox 2603 3131 2658 3175; x_wconf 92' lang='lat' dir='ltr'><strong>ut</strong></span> <span class='ocrx_word' id='word_1_426' title='bbox 2693 3123 2843 3175; x_wconf 92' lang='lat' dir='ltr'><strong>illum</strong></span> <span class='ocrx_word' id='word_1_427' title='bbox 2869 3134 3057 3178; x_wconf 89' lang='lat' dir='ltr'><strong>contra</strong></span> <span class='ocrx_word' id='word_1_428' title='bbox 3083 3127 3323 3181; x_wconf 86' lang='lat' dir='ltr'><strong>divinum</strong></span> <span class='ocrx_word' id='word_1_429' title='bbox 3351 3145 3439 3181; x_wconf 81' lang='lat' dir='ltr'><strong>mo</strong></span> 
     </span>
    </p>
   </div>
   <div class='ocr_carea' id='block_1_60' title="bbox 219 3206 1789 3292">
    <p class='ocr_par' dir='ltr' id='par_1_60' title="bbox 219 3206 1789 3281">
     <span class='ocr_line' id='line_1_60' title="bbox 219 3206 1789 3281; baseline -0.006 -17"><span class='ocrx_word' id='word_1_430' title='bbox 219 3212 316 3265; x_wconf 71' lang='grc' dir='ltr'>καὶ</span> <span class='ocrx_word' id='word_1_431' title='bbox 344 3212 445 3281; x_wconf 82' lang='grc' dir='ltr'>τὴν</span> <span class='ocrx_word' id='word_1_432' title='bbox 474 3213 530 3263; x_wconf 81' lang='grc' dir='ltr'>ὲν</span> <span class='ocrx_word' id='word_1_433' title='bbox 562 3212 696 3263; x_wconf 79' lang='grc' dir='ltr'>πᾶσι</span> <span class='ocrx_word' id='word_1_434' title='bbox 726 3212 834 3273; x_wconf 83' lang='grc' dir='ltr'>τοῖς</span> <span class='ocrx_word' id='word_1_435' title='bbox 887 3210 1189 3278; x_wconf 83' lang='grc' dir='ltr'>όμοειδέσιν</span> <span class='ocrx_word' id='word_1_436' title='bbox 1239 3206 1651 3277; x_wconf 76' lang='grc' dir='ltr'>ἀπαραλλαξίαν</span> <span class='ocrx_word' id='word_1_437' title='bbox 1691 3208 1789 3272; x_wconf 79' lang='grc' dir='ltr'>ἐμ-</span> 
     </span>
    </p>
   </div>
   <div class='ocr_carea' id='block_1_61' title="bbox 1892 3206 3466 3292">
    <p class='ocr_par' dir='ltr' id='par_1_61' title="bbox 1896 3212 3466 3283">
     <span class='ocr_line' id='line_1_61' title="bbox 1896 3212 3466 3283; baseline 0.002 -19"><span class='ocrx_word' id='word_1_438' title='bbox 1896 3222 2007 3265; x_wconf 88' lang='lat' dir='ltr'><strong>tum</strong></span> <span class='ocrx_word' id='word_1_439' title='bbox 2044 3212 2478 3280; x_wconf 80' lang='lat' dir='ltr'><strong>distinguerent;</strong></span> <span class='ocrx_word' id='word_1_440' title='bbox 2517 3227 2705 3265; x_wconf 83' lang='lat' dir='ltr'><strong>verum</strong></span> <span class='ocrx_word' id='word_1_441' title='bbox 2757 3215 3055 3281; x_wconf 83' lang='lat' dir='ltr'><strong>potentiam</strong></span> <span class='ocrx_word' id='word_1_442' title='bbox 3118 3217 3359 3283; x_wconf 83' lang='lat' dir='ltr'><strong>quidem,</strong></span> <span class='ocrx_word' id='word_1_443' title='bbox 3410 3232 3466 3267; x_wconf 82' lang='grc' dir='ltr'><strong>ιιι</strong></span> 
     </span>
    </p>
   </div>
   <div class='ocr_carea' id='block_1_62' title="bbox 218 3299 1790 3374">
    <p class='ocr_par' dir='ltr' id='par_1_62' title="bbox 218 3299 1790 3374">
     <span class='ocr_line' id='line_1_62' title="bbox 218 3299 1790 3374; baseline -0.005 -18"><span class='ocrx_word' id='word_1_444' title='bbox 218 3306 518 3374; x_wconf 79' lang='grc' dir='ltr'>φαίνουσαν</span> <span class='ocrx_word' id='word_1_445' title='bbox 546 3319 559 3333; x_wconf 90' lang='grc'><strong>·</strong></span> <span class='ocrx_word' id='word_1_446' title='bbox 590 3304 856 3373; x_wconf 75' lang='grc' dir='ltr'>διαφορὰν</span> <span class='ocrx_word' id='word_1_447' title='bbox 900 3304 976 3368; x_wconf 82' lang='grc' dir='ltr'><strong>δὲ,</strong></span> <span class='ocrx_word' id='word_1_448' title='bbox 1020 3304 1093 3364; x_wconf 85' lang='grc' dir='ltr'><strong>ὡς</strong></span> <span class='ocrx_word' id='word_1_449' title='bbox 1128 3302 1481 3370; x_wconf 80' lang='grc' dir='ltr'>ἀφοριστικήν</span> <span class='ocrx_word' id='word_1_450' title='bbox 1504 3318 1515 3330; x_wconf 72' lang='grc' dir='ltr'><strong><em>ο</em></strong></span> <span class='ocrx_word' id='word_1_451' title='bbox 1577 3299 1790 3367; x_wconf 75' lang='grc' dir='ltr'>κίνησιν</span> 
     </span>
    </p>
   </div>
   <div class='ocr_carea' id='block_1_63' title="bbox 216 3390 1792 3465">
    <p class='ocr_par' dir='ltr' id='par_1_63' title="bbox 216 3390 1792 3465">
     <span class='ocr_line' id='line_1_63' title="bbox 216 3390 1792 3465; baseline -0.005 -16"><span class='ocrx_word' id='word_1_452' title='bbox 216 3397 296 3459; x_wconf 85' lang='grc' dir='ltr'>δὲ,</span> <span class='ocrx_word' id='word_1_453' title='bbox 323 3397 398 3458; x_wconf 86' lang='grc' dir='ltr'>ὼς</span> <span class='ocrx_word' id='word_1_454' title='bbox 421 3396 757 3465; x_wconf 84' lang='grc' dir='ltr'>ὲνδεικτικήν</span> <span class='ocrx_word' id='word_1_455' title='bbox 780 3412 793 3424; x_wconf 89' lang='grc'><strong>·</strong></span> <span class='ocrx_word' id='word_1_456' title='bbox 826 3395 1062 3463; x_wconf 81' lang='grc' dir='ltr'>ἰδιότητα</span> <span class='ocrx_word' id='word_1_457' title='bbox 1088 3394 1165 3455; x_wconf 78' lang='grc' dir='ltr'><strong>δὲ,</strong></span> <span class='ocrx_word' id='word_1_458' title='bbox 1190 3393 1265 3454; x_wconf 83' lang='grc' dir='ltr'>ὡς</span> <span class='ocrx_word' id='word_1_459' title='bbox 1298 3390 1650 3459; x_wconf 83' lang='grc' dir='ltr'>συστατικὴν,</span> <span class='ocrx_word' id='word_1_460' title='bbox 1698 3390 1792 3442; x_wconf 74' lang='grc' dir='ltr'><strong>καὶ</strong></span> 
     </span>
    </p>
   </div>
   <div class='ocr_carea' id='block_1_64' title="bbox 220 3479 1787 3557">
    <p class='ocr_par' dir='ltr' id='par_1_64' title="bbox 220 3479 1787 3557">
     <span class='ocr_line' id='line_1_64' title="bbox 220 3479 1787 3557; baseline -0.003 -21"><span class='ocrx_word' id='word_1_461' title='bbox 220 3485 358 3557; x_wconf 77' lang='grc' dir='ltr'>μόνῃ</span> <span class='ocrx_word' id='word_1_462' title='bbox 388 3484 545 3554; x_wconf 75' lang='grc' dir='ltr'>αὐτῇ,</span> <span class='ocrx_word' id='word_1_463' title='bbox 584 3485 675 3536; x_wconf 76' lang='grc' dir='ltr'><strong>καὶ</strong></span> <span class='ocrx_word' id='word_1_464' title='bbox 724 3485 821 3536; x_wconf 71' lang='grc' dir='ltr'>οὐκ</span> <span class='ocrx_word' id='word_1_465' title='bbox 855 3483 989 3554; x_wconf 78' lang='grc' dir='ltr'>ἄλλῃ</span> <span class='ocrx_word' id='word_1_466' title='bbox 1044 3481 1352 3553; x_wconf 78' lang='grc' dir='ltr'>προσοῦσαν</span> <span class='ocrx_word' id='word_1_467' title='bbox 1377 3499 1388 3511; x_wconf 72' lang='grc' dir='ltr'><strong>ο</strong></span> <span class='ocrx_word' id='word_1_468' title='bbox 1424 3482 1683 3549; x_wconf 86' lang='grc' dir='ltr'>ποιότητα</span> <span class='ocrx_word' id='word_1_469' title='bbox 1712 3479 1787 3543; x_wconf 81' lang='grc' dir='ltr'><strong>δὲ,</strong></span> 
     </span>
    </p>
   </div>
   <div class='ocr_carea' id='block_1_65' title="bbox 216 3569 1791 3642">
    <p class='ocr_par' dir='ltr' id='par_1_65' title="bbox 216 3569 1791 3642">
     <span class='ocr_line' id='line_1_65' title="bbox 216 3569 1791 3642; baseline -0.005 -13"><span class='ocrx_word' id='word_1_470' title='bbox 216 3577 292 3639; x_wconf 85' lang='grc' dir='ltr'>ὼς</span> <span class='ocrx_word' id='word_1_471' title='bbox 322 3575 587 3628; x_wconf 84' lang='grc' dir='ltr'>είδοποιόν</span> <span class='ocrx_word' id='word_1_472' title='bbox 607 3591 619 3603; x_wconf 84' lang='lat'><strong><em>°</em></strong></span> <span class='ocrx_word' id='word_1_473' title='bbox 647 3575 817 3637; x_wconf 87' lang='grc' dir='ltr'>πάθος</span> <span class='ocrx_word' id='word_1_474' title='bbox 838 3574 895 3627; x_wconf 80' lang='grc' dir='ltr'><strong>δὲ</strong></span> <span class='ocrx_word' id='word_1_475' title='bbox 916 3614 929 3637; x_wconf 94' lang='grc'><strong>,</strong></span> <span class='ocrx_word' id='word_1_476' title='bbox 967 3574 1042 3635; x_wconf 82' lang='grc' dir='ltr'>ὡς</span> <span class='ocrx_word' id='word_1_477' title='bbox 1072 3573 1417 3642; x_wconf 81' lang='grc' dir='ltr'>κινουμένην.</span> <span class='ocrx_word' id='word_1_478' title='bbox 1454 3571 1637 3624; x_wconf 83' lang='grc' dir='ltr'>Πάντα</span> <span class='ocrx_word' id='word_1_479' title='bbox 1683 3569 1791 3637; x_wconf 78' lang='grc' dir='ltr'>γὰρ</span> 
     </span>
    </p>
   </div>
   <div class='ocr_carea' id='block_1_66' title="bbox 215 3660 1790 3734">
    <p class='ocr_par' dir='ltr' id='par_1_66' title="bbox 215 3660 1790 3734">
     <span class='ocr_line' id='line_1_66' title="bbox 215 3660 1790 3734; baseline -0.005 -15"><span class='ocrx_word' id='word_1_480' title='bbox 215 3666 286 3719; x_wconf 81' lang='grc' dir='ltr'>τὰ</span> <span class='ocrx_word' id='word_1_481' title='bbox 317 3668 382 3718; x_wconf 83' lang='grc' dir='ltr'>ἐκ</span> <span class='ocrx_word' id='word_1_482' title='bbox 408 3665 500 3717; x_wconf 83' lang='grc' dir='ltr'>τοῦ</span> <span class='ocrx_word' id='word_1_483' title='bbox 528 3663 662 3717; x_wconf 88' lang='grc' dir='ltr'><strong>Θεοῦ</strong></span> <span class='ocrx_word' id='word_1_484' title='bbox 700 3676 746 3728; x_wconf 78' lang='grc' dir='ltr'>Ρ,</span> <span class='ocrx_word' id='word_1_485' title='bbox 773 3665 865 3717; x_wconf 72' lang='grc' dir='ltr'>καὶ</span> <span class='ocrx_word' id='word_1_486' title='bbox 901 3664 1039 3734; x_wconf 85' lang='grc' dir='ltr'><strong>μετά</strong></span> <span class='ocrx_word' id='word_1_487' title='bbox 1061 3662 1213 3726; x_wconf 80' lang='grc' dir='ltr'>Θεὸν,</span> <span class='ocrx_word' id='word_1_488' title='bbox 1254 3662 1451 3731; x_wconf 78' lang='grc' dir='ltr'>πάσχει</span> <span class='ocrx_word' id='word_1_489' title='bbox 1498 3660 1575 3728; x_wconf 83' lang='grc' dir='ltr'>τῷ</span> <span class='ocrx_word' id='word_1_490' title='bbox 1621 3661 1790 3712; x_wconf 81' lang='grc' dir='ltr'>κινεῖ-</span> 
     </span>
    </p>
   </div>
   <div class='ocr_carea' id='block_1_67' title="bbox 218 3747 1791 3824">
    <p class='ocr_par' dir='ltr' id='par_1_67' title="bbox 218 3747 1791 3824">
     <span class='ocr_line' id='line_1_67' title="bbox 218 3747 1791 3824; baseline -0.004 -17"><span class='ocrx_word' id='word_1_491' title='bbox 218 3754 363 3821; x_wconf 85' lang='grc' dir='ltr'>σθαι,</span> <span class='ocrx_word' id='word_1_492' title='bbox 400 3755 477 3817; x_wconf 85' lang='grc' dir='ltr'>ὡς</span> <span class='ocrx_word' id='word_1_493' title='bbox 511 3755 585 3824; x_wconf 81' lang='grc' dir='ltr'><strong>μὴ</strong></span> <span class='ocrx_word' id='word_1_494' title='bbox 607 3754 735 3807; x_wconf 78' lang='grc' dir='ltr'>ὄντα</span> <span class='ocrx_word' id='word_1_495' title='bbox 761 3752 1189 3822; x_wconf 72' lang='grc' dir='ltr'>αὑτοκίνησις,ἦ</span> <span class='ocrx_word' id='word_1_496' title='bbox 1219 3751 1576 3819; x_wconf 70' lang='grc' dir='ltr'>αὐτοδύναμις</span> <span class='ocrx_word' id='word_1_497' title='bbox 1600 3766 1615 3780; x_wconf 79' lang='grc' dir='ltr'><strong>ο</strong></span> <span class='ocrx_word' id='word_1_498' title='bbox 1649 3747 1791 3801; x_wconf 85' lang='grc' dir='ltr'>κατὰ</span> 
     </span>
    </p>
   </div>
   <div class='ocr_carea' id='block_1_68' title="bbox 214 3838 1791 3914">
    <p class='ocr_par' dir='ltr' id='par_1_68' title="bbox 214 3838 1791 3914">
     <span class='ocr_line' id='line_1_68' title="bbox 214 3838 1791 3914; baseline -0.004 -17"><span class='ocrx_word' id='word_1_499' title='bbox 214 3843 625 3914; x_wconf 82' lang='grc' dir='ltr'>ἀντιδιαστολὴν</span> <span class='ocrx_word' id='word_1_500' title='bbox 678 3838 791 3905; x_wconf 80' lang='grc' dir='ltr'>οὖν,</span> <span class='ocrx_word' id='word_1_501' title='bbox 834 3845 908 3905; x_wconf 87' lang='grc' dir='ltr'>ὼς</span> <span class='ocrx_word' id='word_1_502' title='bbox 950 3842 1184 3912; x_wconf 81' lang='grc' dir='ltr'>εἴρηται,</span> <span class='ocrx_word' id='word_1_503' title='bbox 1220 3840 1354 3893; x_wconf 83' lang='grc' dir='ltr'><strong>ἀλλά</strong></span> <span class='ocrx_word' id='word_1_504' title='bbox 1385 3841 1525 3893; x_wconf 85' lang='grc' dir='ltr'><strong>κατά</strong></span> <span class='ocrx_word' id='word_1_505' title='bbox 1571 3838 1662 3891; x_wconf 77' lang='grc' dir='ltr'><strong>τὸν</strong></span> <span class='ocrx_word' id='word_1_506' title='bbox 1697 3839 1791 3909; x_wconf 82' lang='grc' dir='ltr'>δη·-</span> 
     </span>
    </p>
   </div>
   <div class='ocr_carea' id='block_1_69' title="bbox 219 3930 1792 4007">
    <p class='ocr_par' dir='ltr' id='par_1_69' title="bbox 219 3930 1792 4007">
     <span class='ocr_line' id='line_1_69' title="bbox 219 3930 1792 4007; baseline -0.006 -18"><span class='ocrx_word' id='word_1_507' title='bbox 219 3936 556 4007; x_wconf 82' lang='grc' dir='ltr'>μιουργιχῶς</span> <span class='ocrx_word' id='word_1_508' title='bbox 602 3936 735 4004; x_wconf 84' lang='grc' dir='ltr'>αὑτῇ</span> <span class='ocrx_word' id='word_1_509' title='bbox 764 3944 792 3983; x_wconf 71' lang='grc' dir='ltr'>τι</span> <span class='ocrx_word' id='word_1_510' title='bbox 834 3934 1118 3987; x_wconf 74' lang='grc' dir='ltr'>ἐντεθέντα</span> <span class='ocrx_word' id='word_1_511' title='bbox 1144 3932 1293 4001; x_wconf 82' lang='grc' dir='ltr'>παρὰ</span> <span class='ocrx_word' id='word_1_512' title='bbox 1323 3935 1421 4001; x_wconf 79' lang='grc' dir='ltr'><strong>τῆς</strong></span> <span class='ocrx_word' id='word_1_513' title='bbox 1460 3930 1519 3982; x_wconf 87' lang='grc' dir='ltr'><strong>τὸ</strong></span> <span class='ocrx_word' id='word_1_514' title='bbox 1553 3931 1659 3983; x_wconf 83' lang='grc' dir='ltr'><strong>πᾶν</strong></span> <span class='ocrx_word' id='word_1_515' title='bbox 1700 3946 1792 3980; x_wconf 86' lang='grc' dir='ltr'>συ-</span> 
     </span>
    </p>
   </div>
   <div class='ocr_carea' id='block_1_70' title="bbox 217 4019 1791 4098">
    <p class='ocr_par' dir='ltr' id='par_1_70' title="bbox 217 4019 1791 4098">
     <span class='ocr_line' id='line_1_70' title="bbox 217 4019 1791 4098; baseline -0.006 -18"><span class='ocrx_word' id='word_1_516' title='bbox 217 4027 566 4098; x_wconf 84' lang='grc' dir='ltr'>στησαμένης</span> <span class='ocrx_word' id='word_1_517' title='bbox 598 4026 775 4088; x_wconf 74' lang='grc' dir='ltr'>αἰτίας</span> <span class='ocrx_word' id='word_1_518' title='bbox 806 4024 963 4092; x_wconf 89' lang='grc' dir='ltr'>λόγον</span> <span class='ocrx_word' id='word_1_519' title='bbox 986 4042 999 4056; x_wconf 87' lang='grc'><strong>·</strong></span> <span class='ocrx_word' id='word_1_520' title='bbox 1032 4023 1153 4077; x_wconf 84' lang='grc' dir='ltr'>ὅθεν</span> <span class='ocrx_word' id='word_1_521' title='bbox 1183 4024 1278 4075; x_wconf 73' lang='grc' dir='ltr'><strong>καὶ</strong></span> <span class='ocrx_word' id='word_1_522' title='bbox 1328 4022 1467 4091; x_wconf 83' lang='grc' dir='ltr'><strong>μετά</strong></span> <span class='ocrx_word' id='word_1_523' title='bbox 1494 4022 1593 4089; x_wconf 82' lang='grc' dir='ltr'>τῆς</span> <span class='ocrx_word' id='word_1_524' title='bbox 1641 4019 1791 4082; x_wconf 82' lang='grc' dir='ltr'>θείας</span> 
     </span>
    </p>
   </div>
   <div class='ocr_carea' id='block_1_71' title="bbox 216 4112 1784 4185">
    <p class='ocr_par' dir='ltr' id='par_1_71' title="bbox 216 4112 1784 4185">
     <span class='ocr_line' id='line_1_71' title="bbox 216 4112 1784 4185; baseline -0.006 -14"><span class='ocrx_word' id='word_1_525' title='bbox 216 4115 691 4185; x_wconf 83' lang='grc' dir='ltr'>συνεκφωνοῦντες</span> <span class='ocrx_word' id='word_1_526' title='bbox 737 4116 905 4185; x_wconf 76' lang='grc' dir='ltr'>αὐτὴν</span> <span class='ocrx_word' id='word_1_527' title='bbox 933 4155 947 4179; x_wconf 95' lang='grc'><strong>,</strong></span> <span class='ocrx_word' id='word_1_528' title='bbox 991 4114 1273 4183; x_wconf 75' lang='grc' dir='ltr'>ἐνέργειαν</span> <span class='ocrx_word' id='word_1_529' title='bbox 1318 4112 1784 4183; x_wconf 79' lang='grc' dir='ltr'>προσηγόρευσαν.</span> 
     </span>
    </p>
   </div>
   <div class='ocr_carea' id='block_1_72' title="bbox 215 4201 1788 4282">
    <p class='ocr_par' dir='ltr' id='par_1_72' title="bbox 215 4201 1788 4282">
     <span class='ocr_line' id='line_1_72' title="bbox 215 4201 1788 4282; baseline -0.008 -17"><span class='ocrx_word' id='word_1_530' title='bbox 215 4214 287 4265; x_wconf 83' lang='lat'><strong>&#39;0</strong></span> <span class='ocrx_word' id='word_1_531' title='bbox 321 4214 430 4282; x_wconf 79' lang='grc' dir='ltr'>γὰρ</span> <span class='ocrx_word' id='word_1_532' title='bbox 464 4211 633 4263; x_wconf 84' lang='grc' dir='ltr'>εἰπών</span> <span class='ocrx_word' id='word_1_533' title='bbox 654 4226 667 4240; x_wconf 83' lang='grc'>⁶</span> <span class='ocrx_word' id='word_1_534' title='bbox 697 4228 716 4261; x_wconf 81' lang='grc' dir='ltr'><strong>ι</strong></span> <span class='ocrx_word' id='word_1_535' title='bbox 759 4208 1007 4279; x_wconf 85' lang='grc' dir='ltr'>Ἐνεργεῖ</span> <span class='ocrx_word' id='word_1_536' title='bbox 1033 4208 1139 4277; x_wconf 81' lang='grc' dir='ltr'>γὰρ</span> <span class='ocrx_word' id='word_1_537' title='bbox 1170 4207 1405 4275; x_wconf 78' lang='grc' dir='ltr'>ἑκατέρα</span> <span class='ocrx_word' id='word_1_538' title='bbox 1439 4202 1619 4273; x_wconf 82' lang='grc' dir='ltr'>μορφὴ</span> <span class='ocrx_word' id='word_1_539' title='bbox 1654 4201 1788 4271; x_wconf 84' lang='grc' dir='ltr'>μετὰ</span> 
     </span>
    </p>
   </div>
   <div class='ocr_carea' id='block_1_73' title="bbox 212 4294 1789 4373">
    <p class='ocr_par' dir='ltr' id='par_1_73' title="bbox 212 4294 1789 4373">
     <span class='ocr_line' id='line_1_73' title="bbox 212 4294 1789 4373; baseline -0.007 -18"><span class='ocrx_word' id='word_1_540' title='bbox 212 4300 313 4373; x_wconf 77' lang='grc' dir='ltr'>τῆς</span> <span class='ocrx_word' id='word_1_541' title='bbox 341 4302 570 4372; x_wconf 81' lang='grc' dir='ltr'>θατέρου</span> <span class='ocrx_word' id='word_1_542' title='bbox 607 4301 913 4363; x_wconf 83' lang='grc' dir='ltr'>κοινωνίας,</span> <span class='ocrx_word' id='word_1_543' title='bbox 956 4316 974 4348; x_wconf 75' lang='grc' dir='ltr'><strong>ι</strong></span> <span class='ocrx_word' id='word_1_544' title='bbox 1017 4299 1068 4350; x_wconf 88' lang='grc' dir='ltr'><strong>τί</strong></span> <span class='ocrx_word' id='word_1_545' title='bbox 1111 4296 1296 4366; x_wconf 73' lang='grc' dir='ltr'>ἕτερον</span> <span class='ocrx_word' id='word_1_546' title='bbox 1342 4295 1661 4365; x_wconf 80' lang='grc' dir='ltr'>πεποίηκεν,</span> <span class='ocrx_word' id='word_1_547' title='bbox 1703 4294 1789 4365; x_wconf 82' lang='grc' dir='ltr'>ἢὸ</span> 
     </span>
    </p>
   </div>
   <div class='ocr_carea' id='block_1_74' title="bbox 211 4387 1790 4461">
    <p class='ocr_par' dir='ltr' id='par_1_74' title="bbox 211 4387 1790 4461">
     <span class='ocr_line' id='line_1_74' title="bbox 211 4387 1790 4461; baseline -0.006 -14"><span class='ocrx_word' id='word_1_548' title='bbox 211 4392 387 4447; x_wconf 84' lang='grc' dir='ltr'>εἰπών</span> <span class='ocrx_word' id='word_1_549' title='bbox 406 4413 419 4425; x_wconf 89' lang='grc'>·</span> <span class='ocrx_word' id='word_1_550' title='bbox 449 4394 557 4448; x_wconf 83' lang='lat' dir='ltr'><strong>Kal</strong></span> <span class='ocrx_word' id='word_1_551' title='bbox 590 4393 697 4461; x_wconf 79' lang='grc' dir='ltr'>γὰρ</span> <span class='ocrx_word' id='word_1_552' title='bbox 738 4389 1196 4457; x_wconf 73' lang='grc' dir='ltr'>τεσσαράκοντα</span> <span class='ocrx_word' id='word_1_553' title='bbox 1224 4387 1449 4455; x_wconf 74' lang='grc' dir='ltr'>ἡμέρας</span> <span class='ocrx_word' id='word_1_554' title='bbox 1498 4388 1790 4449; x_wconf 78' lang='grc' dir='ltr'>ἀπόσιτος</span> 
     </span>
    </p>
   </div>
   <div class='ocr_carea' id='block_1_75' title="bbox 206 4479 1784 4555">
    <p class='ocr_par' dir='ltr' id='par_1_75' title="bbox 206 4479 1784 4555">
     <span class='ocr_line' id='line_1_75' title="bbox 206 4479 1784 4555; baseline -0.007 -15"><span class='ocrx_word' id='word_1_555' title='bbox 206 4488 445 4555; x_wconf 80' lang='grc' dir='ltr'>μείνας,</span> <span class='ocrx_word' id='word_1_556' title='bbox 476 4485 734 4552; x_wconf 81' lang='grc' dir='ltr'>ὕστερον</span> <span class='ocrx_word' id='word_1_557' title='bbox 762 4483 1110 4536; x_wconf 83' lang='grc' dir='ltr'>ἐπείνασεν·</span> <span class='ocrx_word' id='word_1_558' title='bbox 1152 4481 1316 4532; x_wconf 78' lang='grc' dir='ltr'>ἔδωκε</span> <span class='ocrx_word' id='word_1_559' title='bbox 1348 4481 1455 4549; x_wconf 69' lang='grc' dir='ltr'>γὰρ</span> <span class='ocrx_word' id='word_1_560' title='bbox 1506 4482 1570 4548; x_wconf 77' lang='grc' dir='ltr'>τῇ</span> <span class='ocrx_word' id='word_1_561' title='bbox 1606 4479 1784 4548; x_wconf 81' lang='grc' dir='ltr'>φύσει,</span> 
     </span>
    </p>
   </div>
   <div class='ocr_carea' id='block_1_76' title="bbox 1892 3304 3459 3376">
    <p class='ocr_par' dir='ltr' id='par_1_76' title="bbox 1892 3304 3459 3376">
     <span class='ocr_line' id='line_1_76' title="bbox 1892 3304 3459 3376; baseline 0.001 -19"><span class='ocrx_word' id='word_1_562' title='bbox 1892 3304 1974 3357; x_wconf 89' lang='lat' dir='ltr'><strong>vis</strong></span> <span class='ocrx_word' id='word_1_563' title='bbox 2004 3314 2084 3356; x_wconf 91' lang='lat' dir='ltr'><strong>est</strong></span> <span class='ocrx_word' id='word_1_564' title='bbox 2117 3304 2495 3356; x_wconf 77' lang='lat' dir='ltr'><strong>conservatrix</strong></span> <span class='ocrx_word' id='word_1_565' title='bbox 2540 3312 2594 3355; x_wconf 87' lang='lat' dir='ltr'><strong>et</strong></span> <span class='ocrx_word' id='word_1_566' title='bbox 2648 3304 3028 3371; x_wconf 88' lang='lat' dir='ltr'><strong>invariabilis;</strong></span> <span class='ocrx_word' id='word_1_567' title='bbox 3085 3309 3459 3376; x_wconf 86' lang='lat' dir='ltr'><strong>operationem</strong></span> 
     </span>
    </p>
   </div>
   <div class='ocr_carea' id='block_1_77' title="bbox 1893 3397 3465 3468">
    <p class='ocr_par' dir='ltr' id='par_1_77' title="bbox 1893 3397 3465 3468">
     <span class='ocr_line' id='line_1_77' title="bbox 1893 3397 3465 3468; baseline 0.003 -19"><span class='ocrx_word' id='word_1_568' title='bbox 1893 3403 2097 3457; x_wconf 87' lang='lat' dir='ltr'><strong>autem,</strong></span> <span class='ocrx_word' id='word_1_569' title='bbox 2132 3404 2188 3448; x_wconf 90' lang='lat' dir='ltr'><strong>ut</strong></span> <span class='ocrx_word' id='word_1_570' title='bbox 2209 3410 2329 3464; x_wconf 71' lang='lat' dir='ltr'><strong>qua:</strong></span> <span class='ocrx_word' id='word_1_571' title='bbox 2354 3405 2502 3447; x_wconf 88' lang='lat' dir='ltr'><strong>certa</strong></span> <span class='ocrx_word' id='word_1_572' title='bbox 2534 3404 2663 3448; x_wconf 89' lang='lat' dir='ltr'><strong>nota</strong></span> <span class='ocrx_word' id='word_1_573' title='bbox 2695 3411 2805 3449; x_wconf 88' lang='lat' dir='ltr'><strong>rem</strong></span> <span class='ocrx_word' id='word_1_574' title='bbox 2838 3397 3131 3464; x_wconf 84' lang='lat' dir='ltr'><strong>exprimit,</strong></span> <span class='ocrx_word' id='word_1_575' title='bbox 3153 3408 3206 3452; x_wconf 91' lang='lat' dir='ltr'><strong>et</strong></span> <span class='ocrx_word' id='word_1_576' title='bbox 3229 3400 3465 3468; x_wconf 74' lang='lat' dir='ltr'><strong>undiqm.</strong></span> 
     </span>
    </p>
   </div>
   <div class='ocr_carea' id='block_1_78' title="bbox 1893 3486 3464 3558">
    <p class='ocr_par' dir='ltr' id='par_1_78' title="bbox 1893 3486 3464 3558">
     <span class='ocr_line' id='line_1_78' title="bbox 1893 3486 3464 3558; baseline 0.003 -19"><span class='ocrx_word' id='word_1_577' title='bbox 1893 3488 2196 3540; x_wconf 84' lang='lat' dir='ltr'><strong>absolutam</strong></span> <span class='ocrx_word' id='word_1_578' title='bbox 2244 3487 2297 3539; x_wconf 90' lang='lat' dir='ltr'><strong>in</strong></span> <span class='ocrx_word' id='word_1_579' title='bbox 2329 3486 2586 3540; x_wconf 82' lang='lat' dir='ltr'><strong>omnibus</strong></span> <span class='ocrx_word' id='word_1_580' title='bbox 2626 3503 2745 3553; x_wconf 82' lang='lat' dir='ltr'><strong>qua:</strong></span> <span class='ocrx_word' id='word_1_581' title='bbox 2785 3487 3028 3556; x_wconf 81' lang='lat' dir='ltr'><strong>ejusdem</strong></span> <span class='ocrx_word' id='word_1_582' title='bbox 3066 3490 3268 3558; x_wconf 86' lang='lat' dir='ltr'><strong>speciei</strong></span> <span class='ocrx_word' id='word_1_583' title='bbox 3310 3500 3464 3555; x_wconf 88' lang='lat' dir='ltr'><strong>sunt,</strong></span> 
     </span>
    </p>
   </div>
   <div class='ocr_carea' id='block_1_79' title="bbox 1891 3577 3465 3643">
    <p class='ocr_par' dir='ltr' id='par_1_79' title="bbox 1891 3577 3465 3643">
     <span class='ocr_line' id='line_1_79' title="bbox 1891 3577 3465 3643; baseline 0.003 -12"><span class='ocrx_word' id='word_1_584' title='bbox 1891 3578 2302 3631; x_wconf 88' lang='lat' dir='ltr'><strong>similitudinem</strong></span> <span class='ocrx_word' id='word_1_585' title='bbox 2354 3577 2634 3643; x_wconf 87' lang='lat' dir='ltr'><strong>declarat;</strong></span> <span class='ocrx_word' id='word_1_586' title='bbox 2666 3578 3029 3632; x_wconf 73' lang='lat' dir='ltr'><strong>diii‘erentiam</strong></span> <span class='ocrx_word' id='word_1_587' title='bbox 3064 3594 3213 3643; x_wconf 87' lang='lat' dir='ltr'><strong>vero,</strong></span> <span class='ocrx_word' id='word_1_588' title='bbox 3256 3589 3315 3634; x_wconf 89' lang='lat' dir='ltr'><strong>ut</strong></span> <span class='ocrx_word' id='word_1_589' title='bbox 3346 3582 3465 3636; x_wconf 85' lang='lat' dir='ltr'><strong>dis-</strong></span> 
     </span>
    </p>
   </div>
   <div class='ocr_carea' id='block_1_80' title="bbox 1892 3668 3463 3740">
    <p class='ocr_par' dir='ltr' id='par_1_80' title="bbox 1892 3668 3463 3740">
     <span class='ocr_line' id='line_1_80' title="bbox 1892 3668 3463 3740; baseline 0.003 -20"><span class='ocrx_word' id='word_1_590' title='bbox 1892 3668 2309 3732; x_wconf 83' lang='lat' dir='ltr'><strong>criminantem;</strong></span> <span class='ocrx_word' id='word_1_591' title='bbox 2364 3677 2612 3728; x_wconf 89' lang='lat' dir='ltr'><strong>motum,</strong></span> <span class='ocrx_word' id='word_1_592' title='bbox 2668 3675 2725 3721; x_wconf 92' lang='lat' dir='ltr'><strong>ut</strong></span> <span class='ocrx_word' id='word_1_593' title='bbox 2791 3669 3273 3736; x_wconf 78' lang='lat' dir='ltr'><strong>manil’estantem;</strong></span> <span class='ocrx_word' id='word_1_594' title='bbox 3333 3687 3463 3740; x_wconf 88' lang='lat' dir='ltr'><strong>pro-</strong></span> 
     </span>
    </p>
   </div>
   <div class='ocr_carea' id='block_1_81' title="bbox 1893 3759 3462 3828">
    <p class='ocr_par' dir='ltr' id='par_1_81' title="bbox 1893 3759 3462 3828">
     <span class='ocr_line' id='line_1_81' title="bbox 1893 3759 3462 3828; baseline 0.003 -17"><span class='ocrx_word' id='word_1_595' title='bbox 1893 3759 2200 3828; x_wconf 88' lang='lat' dir='ltr'><strong>prietatem,</strong></span> <span class='ocrx_word' id='word_1_596' title='bbox 2229 3767 2287 3811; x_wconf 92' lang='lat' dir='ltr'><strong>ut</strong></span> <span class='ocrx_word' id='word_1_597' title='bbox 2307 3759 2754 3822; x_wconf 75' lang='lat' dir='ltr'><strong>constituentem,</strong></span> <span class='ocrx_word' id='word_1_598' title='bbox 2779 3766 2833 3813; x_wconf 91' lang='lat' dir='ltr'><strong>et</strong></span> <span class='ocrx_word' id='word_1_599' title='bbox 2854 3759 2982 3828; x_wconf 84' lang='lat' dir='ltr'><strong>quia</strong></span> <span class='ocrx_word' id='word_1_600' title='bbox 3008 3760 3085 3813; x_wconf 91' lang='lat' dir='ltr'><strong>illi</strong></span> <span class='ocrx_word' id='word_1_601' title='bbox 3118 3760 3242 3825; x_wconf 87' lang='lat' dir='ltr'><strong>soli,</strong></span> <span class='ocrx_word' id='word_1_602' title='bbox 3274 3768 3328 3814; x_wconf 91' lang='lat' dir='ltr'><strong>et</strong></span> <span class='ocrx_word' id='word_1_603' title='bbox 3350 3777 3462 3816; x_wconf 89' lang='lat' dir='ltr'><strong>non</strong></span> 
     </span>
    </p>
   </div>
   <div class='ocr_carea' id='block_1_82' title="bbox 1892 3847 3460 3917">
    <p class='ocr_par' dir='ltr' id='par_1_82' title="bbox 1892 3847 3460 3917">
     <span class='ocr_line' id='line_1_82' title="bbox 1892 3847 3460 3917; baseline 0.001 -17"><span class='ocrx_word' id='word_1_604' title='bbox 1892 3847 1983 3900; x_wconf 91' lang='lat' dir='ltr'><strong>alii</strong></span> <span class='ocrx_word' id='word_1_605' title='bbox 2041 3847 2200 3913; x_wconf 88' lang='lat' dir='ltr'><strong>insit;</strong></span> <span class='ocrx_word' id='word_1_606' title='bbox 2265 3847 2586 3915; x_wconf 86' lang='lat' dir='ltr'><strong>qualitatem</strong></span> <span class='ocrx_word' id='word_1_607' title='bbox 2639 3862 2856 3911; x_wconf 86' lang='lat' dir='ltr'><strong>rursus,</strong></span> <span class='ocrx_word' id='word_1_608' title='bbox 2916 3857 2975 3901; x_wconf 92' lang='lat' dir='ltr'><strong>ut</strong></span> <span class='ocrx_word' id='word_1_609' title='bbox 3033 3848 3460 3917; x_wconf 85' lang='lat' dir='ltr'><strong>inlormantem;</strong></span> 
     </span>
    </p>
   </div>
   <div class='ocr_carea' id='block_1_83' title="bbox 1890 3938 3463 4008">
    <p class='ocr_par' dir='ltr' id='par_1_83' title="bbox 1890 3938 3463 4008">
     <span class='ocr_line' id='line_1_83' title="bbox 1890 3938 3463 4008; baseline 0.001 -16"><span class='ocrx_word' id='word_1_610' title='bbox 1890 3938 2202 4007; x_wconf 87' lang='lat' dir='ltr'><strong>passionem</strong></span> <span class='ocrx_word' id='word_1_611' title='bbox 2264 3938 2531 4006; x_wconf 87' lang='lat' dir='ltr'><strong>denique,</strong></span> <span class='ocrx_word' id='word_1_612' title='bbox 2591 3940 2719 4008; x_wconf 89' lang='lat' dir='ltr'><strong>quia</strong></span> <span class='ocrx_word' id='word_1_613' title='bbox 2788 3938 3058 3993; x_wconf 83' lang='lat' dir='ltr'><strong>movendo</strong></span> <span class='ocrx_word' id='word_1_614' title='bbox 3128 3940 3208 3992; x_wconf 89' lang='lat' dir='ltr'><strong>lit.</strong></span> <span class='ocrx_word' id='word_1_615' title='bbox 3267 3938 3463 3994; x_wconf 90' lang='lat' dir='ltr'><strong>Omnia</strong></span> 
     </span>
    </p>
   </div>
   <div class='ocr_carea' id='block_1_84' title="bbox 1889 4027 3464 4099">
    <p class='ocr_par' dir='ltr' id='par_1_84' title="bbox 1889 4027 3464 4099">
     <span class='ocr_line' id='line_1_84' title="bbox 1889 4027 3464 4099; baseline -0.001 -13"><span class='ocrx_word' id='word_1_616' title='bbox 1889 4032 2060 4093; x_wconf 89' lang='lat' dir='ltr'><strong>enim,</strong></span> <span class='ocrx_word' id='word_1_617' title='bbox 2092 4044 2212 4098; x_wconf 74' lang='lat' dir='ltr'><strong>qua:</strong></span> <span class='ocrx_word' id='word_1_618' title='bbox 2241 4043 2308 4082; x_wconf 82' lang='lat' dir='ltr'><strong>ex</strong></span> <span class='ocrx_word' id='word_1_619' title='bbox 2346 4027 2475 4093; x_wconf 88' lang='lat' dir='ltr'><strong>Deo,</strong></span> <span class='ocrx_word' id='word_1_620' title='bbox 2508 4037 2561 4083; x_wconf 91' lang='lat' dir='ltr'><strong>et</strong></span> <span class='ocrx_word' id='word_1_621' title='bbox 2594 4038 2715 4099; x_wconf 90' lang='lat' dir='ltr'><strong>post</strong></span> <span class='ocrx_word' id='word_1_622' title='bbox 2746 4029 2917 4083; x_wconf 86' lang='lat' dir='ltr'><strong>Deum</strong></span> <span class='ocrx_word' id='word_1_623' title='bbox 2959 4038 3109 4093; x_wconf 90' lang='lat' dir='ltr'><strong>sunt,</strong></span> <span class='ocrx_word' id='word_1_624' title='bbox 3138 4044 3202 4083; x_wconf 83' lang='lat' dir='ltr'><strong>ea</strong></span> <span class='ocrx_word' id='word_1_625' title='bbox 3248 4032 3464 4085; x_wconf 89' lang='lat' dir='ltr'><strong>ratione</strong></span> 
     </span>
    </p>
   </div>
   <div class='ocr_carea' id='block_1_85' title="bbox 1889 4123 3458 4191">
    <p class='ocr_par' dir='ltr' id='par_1_85' title="bbox 1889 4123 3458 4191">
     <span class='ocr_line' id='line_1_85' title="bbox 1889 4123 3458 4191; baseline 0 -17"><span class='ocrx_word' id='word_1_626' title='bbox 1889 4123 2192 4190; x_wconf 90' lang='lat' dir='ltr'><strong>patiuntur,</strong></span> <span class='ocrx_word' id='word_1_627' title='bbox 2252 4135 2359 4189; x_wconf 90' lang='lat' dir='ltr'><strong>qua</strong></span> <span class='ocrx_word' id='word_1_628' title='bbox 2424 4130 2758 4175; x_wconf 86' lang='lat' dir='ltr'><strong>moventur:</strong></span> <span class='ocrx_word' id='word_1_629' title='bbox 2794 4128 2981 4189; x_wconf 89' lang='lat' dir='ltr'><strong>utpote</strong></span> <span class='ocrx_word' id='word_1_630' title='bbox 3013 4136 3134 4190; x_wconf 69' lang='lat' dir='ltr'><strong>quae</strong></span> <span class='ocrx_word' id='word_1_631' title='bbox 3184 4138 3294 4176; x_wconf 92' lang='lat' dir='ltr'><strong>non</strong></span> <span class='ocrx_word' id='word_1_632' title='bbox 3343 4123 3458 4191; x_wconf 91' lang='lat' dir='ltr'><strong>ipsa</strong></span> 
     </span>
    </p>
   </div>
   <div class='ocr_carea' id='block_1_86' title="bbox 1888 4212 3461 4279">
    <p class='ocr_par' dir='ltr' id='par_1_86' title="bbox 1888 4212 3461 4279">
     <span class='ocr_line' id='line_1_86' title="bbox 1888 4212 3461 4279; baseline 0.002 -14"><span class='ocrx_word' id='word_1_633' title='bbox 1888 4212 2078 4275; x_wconf 85' lang='lat' dir='ltr'><strong>motio,</strong></span> <span class='ocrx_word' id='word_1_634' title='bbox 2112 4226 2214 4265; x_wconf 85' lang='lat' dir='ltr'><strong>nec</strong></span> <span class='ocrx_word' id='word_1_635' title='bbox 2242 4212 2357 4279; x_wconf 90' lang='lat' dir='ltr'><strong>ipsa</strong></span> <span class='ocrx_word' id='word_1_636' title='bbox 2399 4212 2572 4265; x_wconf 89' lang='lat' dir='ltr'><strong>virtus</strong></span> <span class='ocrx_word' id='word_1_637' title='bbox 2621 4222 2768 4265; x_wconf 89' lang='lat' dir='ltr'><strong>sunt.</strong></span> <span class='ocrx_word' id='word_1_638' title='bbox 2815 4213 3016 4278; x_wconf 80' lang='lat' dir='ltr'><strong>Quare,</strong></span> <span class='ocrx_word' id='word_1_639' title='bbox 3068 4213 3210 4267; x_wconf 87' lang='lat' dir='ltr'><strong>sicut</strong></span> <span class='ocrx_word' id='word_1_640' title='bbox 3256 4214 3461 4268; x_wconf 82' lang='lat' dir='ltr'><strong>dictum</strong></span> 
     </span>
    </p>
   </div>
   <div class='ocr_carea' id='block_1_87' title="bbox 1887 4302 3456 4373">
    <p class='ocr_par' dir='ltr' id='par_1_87' title="bbox 1887 4302 3456 4373">
     <span class='ocr_line' id='line_1_87' title="bbox 1887 4302 3456 4373; baseline -0.001 -15"><span class='ocrx_word' id='word_1_641' title='bbox 1887 4311 1994 4372; x_wconf 71' lang='lat' dir='ltr'><strong>est,</strong></span> <span class='ocrx_word' id='word_1_642' title='bbox 2026 4318 2135 4356; x_wconf 91' lang='lat' dir='ltr'><strong>non</strong></span> <span class='ocrx_word' id='word_1_643' title='bbox 2181 4312 2239 4356; x_wconf 91' lang='lat' dir='ltr'><strong>ut</strong></span> <span class='ocrx_word' id='word_1_644' title='bbox 2267 4319 2334 4356; x_wconf 80' lang='lat' dir='ltr'><strong>ex</strong></span> <span class='ocrx_word' id='word_1_645' title='bbox 2364 4302 2595 4357; x_wconf 88' lang='lat' dir='ltr'><strong>adverso</strong></span> <span class='ocrx_word' id='word_1_646' title='bbox 2617 4303 3039 4372; x_wconf 83' lang='lat' dir='ltr'><strong>distinguerent,</strong></span> <span class='ocrx_word' id='word_1_647' title='bbox 3069 4305 3140 4356; x_wconf 93' lang='lat' dir='ltr'><strong>ita</strong></span> <span class='ocrx_word' id='word_1_648' title='bbox 3171 4320 3456 4373; x_wconf 87' lang='lat' dir='ltr'><strong>nuneupa-</strong></span> 
     </span>
    </p>
   </div>
   <div class='ocr_carea' id='block_1_88' title="bbox 1888 4389 3460 4461">
    <p class='ocr_par' dir='ltr' id='par_1_88' title="bbox 1888 4389 3460 4461">
     <span class='ocr_line' id='line_1_88' title="bbox 1888 4389 3460 4461; baseline 0.004 -19"><span class='ocrx_word' id='word_1_649' title='bbox 1888 4398 2036 4455; x_wconf 89' lang='lat' dir='ltr'><strong>runt,</strong></span> <span class='ocrx_word' id='word_1_650' title='bbox 2062 4389 2156 4444; x_wconf 87' lang='lat' dir='ltr'><strong>sed</strong></span> <span class='ocrx_word' id='word_1_651' title='bbox 2179 4390 2483 4445; x_wconf 91' lang='lat' dir='ltr'><strong>secundum</strong></span> <span class='ocrx_word' id='word_1_652' title='bbox 2513 4392 2776 4445; x_wconf 86' lang='lat' dir='ltr'><strong>rationem</strong></span> <span class='ocrx_word' id='word_1_653' title='bbox 2808 4407 2927 4461; x_wconf 76' lang='lat' dir='ltr'><strong>qua:</strong></span> <span class='ocrx_word' id='word_1_654' title='bbox 2969 4393 3049 4445; x_wconf 92' lang='lat' dir='ltr'><strong>illi</strong></span> <span class='ocrx_word' id='word_1_655' title='bbox 3075 4392 3143 4446; x_wconf 87' lang='lat' dir='ltr'><strong>ab</strong></span> <span class='ocrx_word' id='word_1_656' title='bbox 3172 4394 3460 4448; x_wconf 90' lang='lat' dir='ltr'><strong>universo-</strong></span> 
     </span>
    </p>
   </div>
   <div class='ocr_carea' id='block_1_89' title="bbox 1888 4479 3455 4540">
    <p class='ocr_par' dir='ltr' id='par_1_89' title="bbox 1888 4479 3455 4540">
     <span class='ocr_line' id='line_1_89' title="bbox 1888 4479 3455 4540; baseline 0.004 -7"><span class='ocrx_word' id='word_1_657' title='bbox 1888 4496 2010 4533; x_wconf 89' lang='lat' dir='ltr'><strong>rum</strong></span> <span class='ocrx_word' id='word_1_658' title='bbox 2056 4479 2331 4534; x_wconf 82' lang='lat' dir='ltr'><strong>eﬂ‘ectrice</strong></span> <span class='ocrx_word' id='word_1_659' title='bbox 2362 4496 2528 4535; x_wconf 88' lang='lat' dir='ltr'><strong>causa</strong></span> <span class='ocrx_word' id='word_1_660' title='bbox 2562 4482 2865 4536; x_wconf 86' lang='lat' dir='ltr'><strong>conditoris</strong></span> <span class='ocrx_word' id='word_1_661' title='bbox 2915 4498 3067 4537; x_wconf 89' lang='lat' dir='ltr'><strong>more</strong></span> <span class='ocrx_word' id='word_1_662' title='bbox 3114 4484 3284 4537; x_wconf 86' lang='lat' dir='ltr'><strong>indita</strong></span> <span class='ocrx_word' id='word_1_663' title='bbox 3333 4486 3455 4540; x_wconf 84' lang='lat' dir='ltr'><strong>fuit.</strong></span> 
     </span>
    </p>
   </div>
   <div class='ocr_carea' id='block_1_90' title="bbox 213 4570 1789 4649">
    <p class='ocr_par' dir='ltr' id='par_1_90' title="bbox 213 4570 1783 4649">
     <span class='ocr_line' id='line_1_90' title="bbox 213 4570 1783 4649; baseline -0.006 -18"><span class='ocrx_word' id='word_1_664' title='bbox 213 4580 305 4632; x_wconf 86' lang='grc' dir='ltr'>ὅτε</span> <span class='ocrx_word' id='word_1_665' title='bbox 335 4577 493 4649; x_wconf 73' lang='grc' dir='ltr'>ἤθελε</span> <span class='ocrx_word' id='word_1_666' title='bbox 522 4578 591 4630; x_wconf 81' lang='grc' dir='ltr'>τὰ</span> <span class='ocrx_word' id='word_1_667' title='bbox 638 4576 747 4628; x_wconf 79' lang='grc' dir='ltr'>ἴδια</span> <span class='ocrx_word' id='word_1_668' title='bbox 792 4575 1034 4644; x_wconf 76' lang='grc' dir='ltr'>ἐνεργεῖν</span> <span class='ocrx_word' id='word_1_669' title='bbox 1054 4592 1065 4603; x_wconf 90' lang='grc'><strong>·</strong></span> <span class='ocrx_word' id='word_1_670' title='bbox 1100 4573 1133 4641; x_wconf 85' lang='grc' dir='ltr'>ἢ</span> <span class='ocrx_word' id='word_1_671' title='bbox 1164 4574 1211 4623; x_wconf 83' lang='grc' dir='ltr'>οἱ</span> <span class='ocrx_word' id='word_1_672' title='bbox 1237 4572 1489 4639; x_wconf 70' lang='grc' dir='ltr'>διάφορον</span> <span class='ocrx_word' id='word_1_673' title='bbox 1545 4571 1602 4623; x_wconf 85' lang='grc' dir='ltr'><strong>ὲν</strong></span> <span class='ocrx_word' id='word_1_674' title='bbox 1634 4570 1783 4639; x_wconf 77' lang='grc' dir='ltr'>αὐτῷ</span> 
     </span>
    </p>
   </div>
   <div class='ocr_carea' id='block_1_91' title="bbox 1892 4570 3459 4649">
    <p class='ocr_par' dir='ltr' id='par_1_91' title="bbox 1892 4571 3459 4642">
     <span class='ocr_line' id='line_1_91' title="bbox 1892 4571 3459 4642; baseline 0.002 -17"><span class='ocrx_word' id='word_1_675' title='bbox 1892 4572 2018 4626; x_wconf 79' lang='lat' dir='ltr'><strong>Nam</strong></span> <span class='ocrx_word' id='word_1_676' title='bbox 2073 4572 2165 4642; x_wconf 91' lang='lat' dir='ltr'><strong>qui</strong></span> <span class='ocrx_word' id='word_1_677' title='bbox 2218 4571 2545 4641; x_wconf 79' lang='lat' dir='ltr'><strong>dixitzAgit</strong></span> <span class='ocrx_word' id='word_1_678' title='bbox 2592 4573 2735 4625; x_wconf 90' lang='lat' dir='ltr'><strong>enim</strong></span> <span class='ocrx_word' id='word_1_679' title='bbox 2772 4572 2817 4602; x_wconf 79' lang='grc'><strong>⁸⁸</strong></span> <span class='ocrx_word' id='word_1_680' title='bbox 2851 4582 3080 4641; x_wconf 90' lang='lat' dir='ltr'><strong>utraque</strong></span> <span class='ocrx_word' id='word_1_681' title='bbox 3128 4573 3300 4627; x_wconf 84' lang='lat' dir='ltr'><strong>forma</strong></span> <span class='ocrx_word' id='word_1_682' title='bbox 3332 4588 3459 4628; x_wconf 91' lang='lat' dir='ltr'><strong>cum</strong></span> 
     </span>
    </p>
   </div>
   <div class='ocr_carea' id='block_1_92' title="bbox 212 4662 1785 4740">
    <p class='ocr_par' dir='ltr' id='par_1_92' title="bbox 212 4662 1785 4740">
     <span class='ocr_line' id='line_1_92' title="bbox 212 4662 1785 4740; baseline -0.006 -18"><span class='ocrx_word' id='word_1_683' title='bbox 212 4673 490 4740; x_wconf 86' lang='grc' dir='ltr'>φήσαντες</span> <span class='ocrx_word' id='word_1_684' title='bbox 520 4667 829 4738; x_wconf 69' lang='grc' dir='ltr'>ἐνέργειαν,</span> <span class='ocrx_word' id='word_1_685' title='bbox 860 4665 893 4735; x_wconf 82' lang='grc' dir='ltr'><strong>ἢ</strong></span> <span class='ocrx_word' id='word_1_686' title='bbox 924 4667 972 4717; x_wconf 89' lang='grc' dir='ltr'>οἱ</span> <span class='ocrx_word' id='word_1_687' title='bbox 1001 4664 1213 4731; x_wconf 80' lang='grc' dir='ltr'>διπλῆν,</span> <span class='ocrx_word' id='word_1_688' title='bbox 1238 4662 1269 4732; x_wconf 81' lang='grc' dir='ltr'>ἦ</span> <span class='ocrx_word' id='word_1_689' title='bbox 1293 4664 1342 4715; x_wconf 91' lang='grc' dir='ltr'>οἱ</span> <span class='ocrx_word' id='word_1_690' title='bbox 1377 4662 1540 4732; x_wconf 76' lang='grc' dir='ltr'>ἄλλην</span> <span class='ocrx_word' id='word_1_691' title='bbox 1571 4664 1664 4714; x_wconf 75' lang='grc' dir='ltr'><strong>καὶ</strong></span> <span class='ocrx_word' id='word_1_692' title='bbox 1691 4664 1785 4715; x_wconf 83' lang='grc' dir='ltr'><strong>ἄλ-</strong></span> 
     </span>
    </p>
   </div>
   <div class='ocr_carea' id='block_1_93' title="bbox 210 4754 1788 4831">
    <p class='ocr_par' dir='ltr' id='par_1_93' title="bbox 210 4754 1788 4831">
     <span class='ocr_line' id='line_1_93' title="bbox 210 4754 1788 4831; baseline -0.005 -18"><span class='ocrx_word' id='word_1_693' title='bbox 210 4761 557 4831; x_wconf 75' lang='grc' dir='ltr'>ληνςΤαῦτα</span> <span class='ocrx_word' id='word_1_694' title='bbox 586 4761 696 4829; x_wconf 80' lang='grc' dir='ltr'>γὰρ</span> <span class='ocrx_word' id='word_1_695' title='bbox 740 4759 807 4811; x_wconf 87' lang='grc' dir='ltr'>δι’</span> <span class='ocrx_word' id='word_1_696' title='bbox 850 4756 1193 4825; x_wconf 79' lang='grc' dir='ltr'>ἀντωνυμίας</span> <span class='ocrx_word' id='word_1_697' title='bbox 1231 4754 1324 4805; x_wconf 83' lang='grc' dir='ltr'><strong>δύο</strong></span> <span class='ocrx_word' id='word_1_698' title='bbox 1356 4754 1455 4815; x_wconf 84' lang='grc' dir='ltr'>τὰς</span> <span class='ocrx_word' id='word_1_699' title='bbox 1509 4754 1788 4822; x_wconf 76' lang='grc' dir='ltr'>ἐνεργείας</span> 
     </span>
    </p>
   </div>
   <div class='ocr_carea' id='block_1_94' title="bbox 213 4844 1789 4925">
    <p class='ocr_par' dir='ltr' id='par_1_94' title="bbox 213 4844 1789 4925">
     <span class='ocr_line' id='line_1_94' title="bbox 213 4844 1789 4925; baseline -0.007 -18"><span class='ocrx_word' id='word_1_700' title='bbox 213 4853 561 4925; x_wconf 80' lang='grc' dir='ltr'>σημαίνουσι.</span> <span class='ocrx_word' id='word_1_701' title='bbox 587 4851 698 4905; x_wconf 80' lang='grc' dir='ltr'><strong>Καὶ</strong></span> <span class='ocrx_word' id='word_1_702' title='bbox 722 4850 788 4903; x_wconf 89' lang='grc' dir='ltr'><strong>δι’</strong></span> <span class='ocrx_word' id='word_1_703' title='bbox 822 4848 1164 4917; x_wconf 79' lang='grc' dir='ltr'>ἀντωνυμίας</span> <span class='ocrx_word' id='word_1_704' title='bbox 1196 4846 1303 4915; x_wconf 83' lang='grc' dir='ltr'>γὰρ</span> <span class='ocrx_word' id='word_1_705' title='bbox 1331 4844 1587 4907; x_wconf 76' lang='grc' dir='ltr'>πολλάκις</span> <span class='ocrx_word' id='word_1_706' title='bbox 1622 4847 1649 4896; x_wconf 85' lang='grc' dir='ltr'>ὁ</span> <span class='ocrx_word' id='word_1_707' title='bbox 1671 4846 1789 4914; x_wconf 87' lang='grc' dir='ltr'>ἀρι-</span> 
     </span>
    </p>
   </div>
   <div class='ocr_carea' id='block_1_95' title="bbox 212 4936 1788 5017">
    <p class='ocr_par' dir='ltr' id='par_1_95' title="bbox 212 4936 1788 5017">
     <span class='ocr_line' id='line_1_95' title="bbox 212 4936 1788 5017; baseline -0.007 -19"><span class='ocrx_word' id='word_1_708' title='bbox 212 4945 354 5017; x_wconf 81' lang='grc' dir='ltr'>θμὸς</span> <span class='ocrx_word' id='word_1_709' title='bbox 405 4944 752 5009; x_wconf 82' lang='grc' dir='ltr'>ἐνδείκνυται,</span> <span class='ocrx_word' id='word_1_710' title='bbox 807 4943 899 4995; x_wconf 70' lang='grc' dir='ltr'><strong>καὶ</strong></span> <span class='ocrx_word' id='word_1_711' title='bbox 950 4939 1038 4991; x_wconf 84' lang='grc' dir='ltr'>διά</span> <span class='ocrx_word' id='word_1_712' title='bbox 1087 4939 1180 4990; x_wconf 78' lang='grc' dir='ltr'>τοῦ</span> <span class='ocrx_word' id='word_1_713' title='bbox 1212 4939 1407 4999; x_wconf 74' lang='grc' dir='ltr'>εἰπεῖν,</span> <span class='ocrx_word' id='word_1_714' title='bbox 1446 4936 1588 4989; x_wconf 89' lang='grc' dir='ltr'>θεῖον</span> <span class='ocrx_word' id='word_1_715' title='bbox 1644 4947 1664 4973; x_wconf 85' lang='grc' dir='ltr'>ι’</span> <span class='ocrx_word' id='word_1_716' title='bbox 1697 4937 1788 4989; x_wconf 78' lang='grc' dir='ltr'><strong>καὶ</strong></span> 
     </span>
    </p>
   </div>
   <div class='ocr_carea' id='block_1_96' title="bbox 211 5028 1786 5107">
    <p class='ocr_par' dir='ltr' id='par_1_96' title="bbox 211 5028 1786 5107">
     <span class='ocr_line' id='line_1_96' title="bbox 211 5028 1786 5107; baseline -0.008 -16"><span class='ocrx_word' id='word_1_717' title='bbox 211 5036 579 5107; x_wconf 83' lang='grc' dir='ltr'>ἀνθρώπινον.</span> <span class='ocrx_word' id='word_1_718' title='bbox 617 5036 681 5088; x_wconf 85' lang='grc' dir='ltr'><em>Ἦ</em></span> <span class='ocrx_word' id='word_1_719' title='bbox 710 5035 817 5104; x_wconf 88' lang='grc' dir='ltr'><strong>γάρ</strong></span> <span class='ocrx_word' id='word_1_720' title='bbox 839 5029 1069 5102; x_wconf 82' lang='grc' dir='ltr'>διαφορά</span> <span class='ocrx_word' id='word_1_721' title='bbox 1101 5030 1469 5098; x_wconf 77' lang='grc' dir='ltr'>διαφερόντων</span> <span class='ocrx_word' id='word_1_722' title='bbox 1523 5028 1639 5080; x_wconf 77' lang='grc' dir='ltr'>ἐστὶ</span> <span class='ocrx_word' id='word_1_723' title='bbox 1669 5028 1786 5080; x_wconf 84' lang='grc' dir='ltr'>δια-</span> 
     </span>
    </p>
   </div>
   <div class='ocr_carea' id='block_1_97' title="bbox 212 5120 1297 5200">
    <p class='ocr_par' dir='ltr' id='par_1_97' title="bbox 212 5120 1297 5200">
     <span class='ocr_line' id='line_1_97' title="bbox 212 5120 1297 5200; baseline -0.012 -18"><span class='ocrx_word' id='word_1_724' title='bbox 212 5128 361 5200; x_wconf 86' lang='grc' dir='ltr'>φορά</span> <span class='ocrx_word' id='word_1_725' title='bbox 384 5142 399 5158; x_wconf 77' lang='grc'><strong>⁸</strong></span> <span class='ocrx_word' id='word_1_726' title='bbox 428 5126 499 5180; x_wconf 86' lang='grc' dir='ltr'><strong>τά</strong></span> <span class='ocrx_word' id='word_1_727' title='bbox 531 5125 606 5197; x_wconf 85' lang='grc' dir='ltr'>μὴ</span> <span class='ocrx_word' id='word_1_728' title='bbox 636 5125 785 5189; x_wconf 74' lang='grc' dir='ltr'>ὄντα,</span> <span class='ocrx_word' id='word_1_729' title='bbox 815 5122 934 5184; x_wconf 83' lang='grc' dir='ltr'>πῶς</span> <span class='ocrx_word' id='word_1_730' title='bbox 971 5120 1297 5182; x_wconf 85' lang='grc' dir='ltr'>διοίσουσιν;</span> 
     </span>
    </p>
   </div>
   <div class='ocr_carea' id='block_1_98' title="bbox 1894 4660 3458 4731">
    <p class='ocr_par' dir='ltr' id='par_1_98' title="bbox 1894 4660 3458 4731">
     <span class='ocr_line' id='line_1_98' title="bbox 1894 4660 3458 4731; baseline 0.001 -16"><span class='ocrx_word' id='word_1_731' title='bbox 1894 4662 2119 4717; x_wconf 89' lang='lat' dir='ltr'><strong>alterius</strong></span> <span class='ocrx_word' id='word_1_732' title='bbox 2159 4662 2565 4725; x_wconf 89' lang='lat' dir='ltr'><strong>communione,</strong></span> <span class='ocrx_word' id='word_1_733' title='bbox 2599 4660 2732 4730; x_wconf 90' lang='lat' dir='ltr'><strong>quid</strong></span> <span class='ocrx_word' id='word_1_734' title='bbox 2764 4662 2911 4715; x_wconf 91' lang='lat' dir='ltr'><strong>aliud</strong></span> <span class='ocrx_word' id='word_1_735' title='bbox 2958 4661 3111 4726; x_wconf 85' lang='lat' dir='ltr'><strong>fecit,</strong></span> <span class='ocrx_word' id='word_1_736' title='bbox 3154 4677 3316 4731; x_wconf 88' lang='lat' dir='ltr'><strong>quam</strong></span> <span class='ocrx_word' id='word_1_737' title='bbox 3363 4663 3458 4731; x_wconf 91' lang='lat' dir='ltr'><strong>qui</strong></span> 
     </span>
    </p>
   </div>
   <div class='ocr_carea' id='block_1_99' title="bbox 1893 4752 3460 4823">
    <p class='ocr_par' dir='ltr' id='par_1_99' title="bbox 1893 4752 3460 4823">
     <span class='ocr_line' id='line_1_99' title="bbox 1893 4752 3460 4823; baseline 0 -16"><span class='ocrx_word' id='word_1_738' title='bbox 1893 4754 2031 4807; x_wconf 78' lang='lat' dir='ltr'><strong>dixit</strong></span> <span class='ocrx_word' id='word_1_739' title='bbox 2061 4772 2075 4806; x_wconf 89' lang='lat'><strong>:</strong></span> <span class='ocrx_word' id='word_1_740' title='bbox 2112 4754 2175 4805; x_wconf 84' lang='lat' dir='ltr'><strong>Et</strong></span> <span class='ocrx_word' id='word_1_741' title='bbox 2198 4769 2316 4805; x_wconf 86' lang='lat' dir='ltr'><strong>cum</strong></span> <span class='ocrx_word' id='word_1_742' title='bbox 2334 4752 2637 4821; x_wconf 79' lang='lat' dir='ltr'><strong>jejunasset</strong></span> <span class='ocrx_word' id='word_1_743' title='bbox 2666 4753 3022 4823; x_wconf 85' lang='lat' dir='ltr'><strong>quadraginta</strong></span> <span class='ocrx_word' id='word_1_744' title='bbox 3043 4755 3246 4819; x_wconf 75' lang='lat' dir='ltr'><strong>diebus,</strong></span> <span class='ocrx_word' id='word_1_745' title='bbox 3276 4766 3460 4821; x_wconf 75' lang='lat' dir='ltr'><strong>postea</strong></span> 
     </span>
    </p>
   </div>
   <div class='ocr_carea' id='block_1_100' title="bbox 1893 4844 3460 4916">
    <p class='ocr_par' dir='ltr' id='par_1_100' title="bbox 1893 4844 3460 4916">
     <span class='ocr_line' id='line_1_100' title="bbox 1893 4844 3460 4916; baseline -0.001 -17"><span class='ocrx_word' id='word_1_746' title='bbox 1893 4846 2079 4899; x_wconf 74' lang='lat' dir='ltr'><strong>esuriit</strong></span> <span class='ocrx_word' id='word_1_747' title='bbox 2119 4846 2162 4875; x_wconf 78' lang='grc'><strong>⁸⁸</strong></span> <span class='ocrx_word' id='word_1_748' title='bbox 2195 4844 2365 4912; x_wconf 82' lang='lat' dir='ltr'><strong>(dedit</strong></span> <span class='ocrx_word' id='word_1_749' title='bbox 2389 4848 2532 4897; x_wconf 82' lang='lat' dir='ltr'><strong>enim</strong></span> <span class='ocrx_word' id='word_1_750' title='bbox 2563 4854 2773 4898; x_wconf 66' lang='lat' dir='ltr'><strong>naturae</strong></span> <span class='ocrx_word' id='word_1_751' title='bbox 2792 4846 3012 4913; x_wconf 88' lang='lat' dir='ltr'><strong>quando</strong></span> <span class='ocrx_word' id='word_1_752' title='bbox 3035 4848 3209 4899; x_wconf 84' lang='lat' dir='ltr'><strong>voluit</strong></span> <span class='ocrx_word' id='word_1_753' title='bbox 3261 4854 3460 4916; x_wconf 60' lang='lat' dir='ltr'><strong>utqua&#39;.</strong></span> 
     </span>
    </p>
   </div>
   <div class='ocr_carea' id='block_1_101' title="bbox 1895 4935 3459 5006">
    <p class='ocr_par' dir='ltr' id='par_1_101' title="bbox 1895 4935 3459 5006">
     <span class='ocr_line' id='line_1_101' title="bbox 1895 4935 3459 5006; baseline -0.001 -15"><span class='ocrx_word' id='word_1_754' title='bbox 1895 4952 1994 4991; x_wconf 91' lang='lat' dir='ltr'><strong>sua</strong></span> <span class='ocrx_word' id='word_1_755' title='bbox 2025 4944 2178 4989; x_wconf 89' lang='lat' dir='ltr'><strong>erant</strong></span> <span class='ocrx_word' id='word_1_756' title='bbox 2211 4936 2477 5003; x_wconf 69' lang='lat' dir='ltr'><strong>ageret”)</strong></span> <span class='ocrx_word' id='word_1_757' title='bbox 2508 4944 2600 4988; x_wconf 87' lang='lat' dir='ltr'><strong>aut</strong></span> <span class='ocrx_word' id='word_1_758' title='bbox 2626 4935 2716 5004; x_wconf 89' lang='lat' dir='ltr'><strong>qui</strong></span> <span class='ocrx_word' id='word_1_759' title='bbox 2749 4936 3021 4991; x_wconf 82' lang='lat' dir='ltr'><strong>diversam</strong></span> <span class='ocrx_word' id='word_1_760' title='bbox 3058 4936 3113 4990; x_wconf 89' lang='lat' dir='ltr'><strong>in</strong></span> <span class='ocrx_word' id='word_1_761' title='bbox 3144 4935 3261 5006; x_wconf 84' lang='lat' dir='ltr'><strong>ipso</strong></span> <span class='ocrx_word' id='word_1_762' title='bbox 3285 4935 3459 4992; x_wconf 74' lang='lat' dir='ltr'><strong>actio-</strong></span> 
     </span>
    </p>
   </div>
   <div class='ocr_carea' id='block_1_102' title="bbox 1895 5025 3456 5097">
    <p class='ocr_par' dir='ltr' id='par_1_102' title="bbox 1895 5025 3456 5097">
     <span class='ocr_line' id='line_1_102' title="bbox 1895 5025 3456 5097; baseline -0.001 -16"><span class='ocrx_word' id='word_1_763' title='bbox 1895 5041 2018 5081; x_wconf 91' lang='lat' dir='ltr'><strong>nem</strong></span> <span class='ocrx_word' id='word_1_764' title='bbox 2048 5025 2436 5095; x_wconf 72' lang='lat' dir='ltr'><strong>praadicarunt,</strong></span> <span class='ocrx_word' id='word_1_765' title='bbox 2472 5036 2567 5079; x_wconf 89' lang='lat' dir='ltr'><strong>aut</strong></span> <span class='ocrx_word' id='word_1_766' title='bbox 2590 5028 2683 5095; x_wconf 93' lang='lat' dir='ltr'><strong>qui</strong></span> <span class='ocrx_word' id='word_1_767' title='bbox 2713 5027 3006 5097; x_wconf 81' lang='lat' dir='ltr'><strong>duplicem,</strong></span> <span class='ocrx_word' id='word_1_768' title='bbox 3049 5036 3142 5081; x_wconf 90' lang='lat' dir='ltr'><strong>aut</strong></span> <span class='ocrx_word' id='word_1_769' title='bbox 3166 5027 3260 5096; x_wconf 90' lang='lat' dir='ltr'><strong>qui</strong></span> <span class='ocrx_word' id='word_1_770' title='bbox 3297 5028 3456 5080; x_wconf 90' lang='lat' dir='ltr'><strong>aliam</strong></span> 
     </span>
    </p>
   </div>
   <div class='ocr_carea' id='block_1_103' title="bbox 1896 5116 3449 5187">
    <p class='ocr_par' dir='ltr' id='par_1_103' title="bbox 1896 5116 3449 5187">
     <span class='ocr_line' id='line_1_103' title="bbox 1896 5116 3449 5187; baseline -0.002 -15"><span class='ocrx_word' id='word_1_771' title='bbox 1896 5126 2059 5187; x_wconf 89' lang='lat' dir='ltr'><strong>atque</strong></span> <span class='ocrx_word' id='word_1_772' title='bbox 2088 5117 2251 5170; x_wconf 89' lang='lat' dir='ltr'><strong>aliam</strong></span> <span class='ocrx_word' id='word_1_773' title='bbox 2274 5116 2532 5187; x_wconf 68' lang='lat'><strong>“1&#39;237</strong></span> <span class='ocrx_word' id='word_1_774' title='bbox 2557 5116 2682 5173; x_wconf 57' lang='lat' dir='ltr'><strong>Haec</strong></span> <span class='ocrx_word' id='word_1_775' title='bbox 2711 5118 2936 5187; x_wconf 87' lang='lat' dir='ltr'><strong>quippe,</strong></span> <span class='ocrx_word' id='word_1_776' title='bbox 2960 5124 3185 5173; x_wconf 84' lang='lat' dir='ltr'><strong>mutatis</strong></span> <span class='ocrx_word' id='word_1_777' title='bbox 3217 5117 3449 5171; x_wconf 58' lang='lat' dir='ltr'><strong>nomini.</strong></span> 
     </span>
    </p>
   </div>
   <div class='ocr_carea' id='block_1_104' title="bbox 212 5206 3453 5283">
    <p class='ocr_par' dir='ltr' id='par_1_104' title="bbox 212 5206 3453 5283">
     <span class='ocr_line' id='line_1_104' title="bbox 212 5206 3453 5283; baseline -0.004 -11"><span class='ocrx_word' id='word_1_778' title='bbox 212 5218 325 5273; x_wconf 85' lang='lat' dir='ltr'><strong>bus</strong></span> <span class='ocrx_word' id='word_1_779' title='bbox 375 5216 621 5272; x_wconf 88' lang='lat' dir='ltr'><strong>actiones</strong></span> <span class='ocrx_word' id='word_1_780' title='bbox 669 5216 809 5270; x_wconf 87' lang='lat' dir='ltr'><strong>duas</strong></span> <span class='ocrx_word' id='word_1_781' title='bbox 847 5211 1176 5283; x_wconf 75' lang='lat' dir='ltr'><strong>signiﬁcant.</strong></span> <span class='ocrx_word' id='word_1_782' title='bbox 1220 5206 1356 5261; x_wconf 89' lang='lat' dir='ltr'><strong>Nam</strong></span> <span class='ocrx_word' id='word_1_783' title='bbox 1407 5216 1460 5263; x_wconf 93' lang='lat' dir='ltr'><strong>et</strong></span> <span class='ocrx_word' id='word_1_784' title='bbox 1495 5223 1781 5272; x_wconf 87' lang='lat' dir='ltr'><strong>numerus,</strong></span> <span class='ocrx_word' id='word_1_785' title='bbox 1824 5209 1972 5264; x_wconf 83' lang='lat' dir='ltr'><strong>haud</strong></span> <span class='ocrx_word' id='word_1_786' title='bbox 2006 5222 2130 5261; x_wconf 89' lang='lat' dir='ltr'><strong>raro</strong></span> <span class='ocrx_word' id='word_1_787' title='bbox 2164 5210 2570 5277; x_wconf 88' lang='lat' dir='ltr'><strong>permutatione</strong></span> <span class='ocrx_word' id='word_1_788' title='bbox 2602 5208 2885 5262; x_wconf 90' lang='lat' dir='ltr'><strong>nominum</strong></span> <span class='ocrx_word' id='word_1_789' title='bbox 2926 5206 3235 5274; x_wconf 89' lang='lat' dir='ltr'><strong>indicatur;</strong></span> <span class='ocrx_word' id='word_1_790' title='bbox 3272 5219 3453 5277; x_wconf 86' lang='lat' dir='ltr'><strong>quem-</strong></span> 
     </span>
    </p>
   </div>
   <div class='ocr_carea' id='block_1_105' title="bbox 273 5336 1789 5438">
    <p class='ocr_par' dir='ltr' id='par_1_105' title="bbox 273 5366 1789 5438">
     <span class='ocr_line' id='line_1_105' title="bbox 273 5366 1789 5438; baseline -0.005 -9"><span class='ocrx_word' id='word_1_791' title='bbox 273 5373 323 5406; x_wconf 84' lang='lat'>&quot;</span> <span class='ocrx_word' id='word_1_792' title='bbox 349 5372 486 5429; x_wconf 84' lang='lat' dir='ltr'><strong>Gen.</strong></span> <span class='ocrx_word' id='word_1_793' title='bbox 540 5388 577 5437; x_wconf 91' lang='grc' dir='ltr'><strong>ι,</strong></span> <span class='ocrx_word' id='word_1_794' title='bbox 602 5370 691 5426; x_wconf 77' lang='grc'><strong>51.</strong></span> <span class='ocrx_word' id='word_1_795' title='bbox 766 5370 810 5401; x_wconf 78' lang='grc'><strong>⁸⁷</strong></span> <span class='ocrx_word' id='word_1_796' title='bbox 842 5367 1378 5438; x_wconf 67' lang='lat' dir='ltr'><strong>Maximiresponsio</strong></span> <span class='ocrx_word' id='word_1_797' title='bbox 1409 5367 1466 5438; x_wconf 56' lang='lat' dir='ltr'><strong>in</strong></span> <span class='ocrx_word' id='word_1_798' title='bbox 1498 5366 1664 5422; x_wconf 90' lang='lat' dir='ltr'><strong>citato</strong></span> <span class='ocrx_word' id='word_1_799' title='bbox 1697 5366 1789 5423; x_wconf 75' lang='lat' dir='ltr'><strong>Dia</strong></span> 
     </span>
    </p>
   </div>
   <div class='ocr_carea' id='block_1_106' title="bbox 1892 5336 3143 5438">
    <p class='ocr_par' dir='ltr' id='par_1_106' title="bbox 1892 5336 3143 5435">
     <span class='ocr_line' id='line_1_106' title="bbox 1892 5336 3143 5435; baseline -0.003 -15"><span class='ocrx_word' id='word_1_800' title='bbox 1892 5383 1945 5420; x_wconf 89' lang='grc' dir='ltr'><strong>ο.</strong></span> <span class='ocrx_word' id='word_1_801' title='bbox 2001 5366 2080 5425; x_wconf 68' lang='grc'>,⁸⁸</span> <span class='ocrx_word' id='word_1_802' title='bbox 2126 5365 2255 5430; x_wconf 85' lang='lat' dir='ltr'><strong>Leo,</strong></span> <span class='ocrx_word' id='word_1_803' title='bbox 2298 5365 2460 5435; x_wconf 87' lang='lat' dir='ltr'><strong>epist.</strong></span> <span class='ocrx_word' id='word_1_804' title='bbox 2500 5366 2584 5420; x_wconf 86' lang='grc' dir='ltr'><strong>ιο.</strong></span> <span class='ocrx_word' id='word_1_805' title='bbox 2663 5366 2708 5398; x_wconf 77' lang='grc' dir='ltr'>ιο</span> <span class='ocrx_word' id='word_1_806' title='bbox 2746 5336 2933 5420; x_wconf 61' lang='lat' dir='ltr'><strong>nam.</strong></span> <span class='ocrx_word' id='word_1_807' title='bbox 2976 5380 3051 5429; x_wconf 78' lang='grc' dir='ltr'><strong>ιν,</strong></span> <span class='ocrx_word' id='word_1_808' title='bbox 3087 5363 3143 5417; x_wconf 77' lang='lat'><strong>2.</strong></span> 
     </span>
    </p>
   </div>
   <div class='ocr_carea' id='block_1_107' title="bbox 211 5436 1603 5513">
    <p class='ocr_par' dir='ltr' id='par_1_107' title="bbox 211 5436 1603 5513">
     <span class='ocr_line' id='line_1_107' title="bbox 211 5436 1603 5513; baseline -0.006 -15"><span class='ocrx_word' id='word_1_809' title='bbox 211 5444 357 5499; x_wconf 79' lang='lat' dir='ltr'><strong>Adv.</strong></span> <span class='ocrx_word' id='word_1_810' title='bbox 385 5436 569 5513; x_wconf 80' lang='lat' dir='ltr'><strong>Apoll.</strong></span> <span class='ocrx_word' id='word_1_811' title='bbox 628 5442 671 5473; x_wconf 76' lang='lat'><strong>°‘</strong></span> <span class='ocrx_word' id='word_1_812' title='bbox 724 5438 1014 5511; x_wconf 81' lang='lat' dir='ltr'><strong>Chrysost.</strong></span> <span class='ocrx_word' id='word_1_813' title='bbox 1050 5436 1208 5492; x_wconf 77' lang='lat' dir='ltr'><strong>Hom.</strong></span> <span class='ocrx_word' id='word_1_814' title='bbox 1240 5442 1296 5491; x_wconf 79' lang='lat' dir='ltr'><strong>in</strong></span> <span class='ocrx_word' id='word_1_815' title='bbox 1323 5437 1383 5492; x_wconf 89' lang='lat' dir='ltr'><strong>S.</strong></span> <span class='ocrx_word' id='word_1_816' title='bbox 1406 5436 1603 5490; x_wconf 84' lang='lat' dir='ltr'><strong>Thom.</strong></span> 
     </span>
    </p>
   </div>
   <div class='ocr_carea' id='block_1_108' title="bbox 3226 5358 3430 5431">
    <p class='ocr_par' dir='ltr' id='par_1_108' title="bbox 3226 5358 3430 5431">
     <span class='ocr_line' id='line_1_108' title="bbox 3226 5358 3430 5431; baseline -0.005 -16"><span class='ocrx_word' id='word_1_817' title='bbox 3226 5361 3269 5394; x_wconf 80' lang='grc' dir='ltr'><strong>⁸ο</strong></span> <span class='ocrx_word' id='word_1_818' title='bbox 3292 5358 3430 5431; x_wconf 85' lang='lat' dir='ltr'><strong>Nyss</strong></span> 
     </span>
    </p>
   </div>
   <div class='ocr_carea' id='block_1_109' title="bbox 1528 5579 2210 5641">
    <p class='ocr_par' dir='ltr' id='par_1_109' title="bbox 1528 5579 2210 5641">
     <span class='ocr_line' id='line_1_109' title="bbox 1528 5579 2210 5641; baseline -0.004 -1"><span class='ocrx_word' id='word_1_819' title='bbox 1528 5583 1761 5641; x_wconf 77' lang='lat' dir='ltr'><strong>VARUE</strong></span> <span class='ocrx_word' id='word_1_820' title='bbox 1804 5579 2210 5638; x_wconf 81' lang='lat' dir='ltr'><strong>LECTIONES.</strong></span> 
     </span>
    </p>
   </div>
   <div class='ocr_carea' id='block_1_110' title="bbox 293 5759 2325 5827">
    <p class='ocr_par' dir='ltr' id='par_1_110' title="bbox 293 5759 2325 5827">
     <span class='ocr_line' id='line_1_110' title="bbox 293 5759 2325 5827; baseline -0.008 1"><span class='ocrx_word' id='word_1_821' title='bbox 293 5774 509 5827; x_wconf 70' lang='lat' dir='ltr'><strong>llIDeest</strong></span> <span class='ocrx_word' id='word_1_822' title='bbox 560 5773 642 5825; x_wconf 81' lang='grc' dir='ltr'>ὅτι.</span> <span class='ocrx_word' id='word_1_823' title='bbox 674 5772 727 5825; x_wconf 90' lang='lat' dir='ltr'><strong>in</strong></span> <span class='ocrx_word' id='word_1_824' title='bbox 754 5772 1008 5825; x_wconf 88' lang='lat' dir='ltr'><strong>omnibus</strong></span> <span class='ocrx_word' id='word_1_825' title='bbox 1044 5783 1175 5824; x_wconf 91' lang='lat' dir='ltr'><strong>mss.</strong></span> <span class='ocrx_word' id='word_1_826' title='bbox 1254 5776 1277 5801; x_wconf 87' lang='grc' dir='ltr'>ο</span> <span class='ocrx_word' id='word_1_827' title='bbox 1322 5766 1475 5821; x_wconf 85' lang='lat' dir='ltr'><strong>Edita</strong></span> <span class='ocrx_word' id='word_1_828' title='bbox 1509 5774 1563 5819; x_wconf 89' lang='lat' dir='ltr'><strong>et</strong></span> <span class='ocrx_word' id='word_1_829' title='bbox 1622 5764 1869 5817; x_wconf 89' lang='lat' dir='ltr'><strong>nonnulli</strong></span> <span class='ocrx_word' id='word_1_830' title='bbox 1922 5761 2043 5814; x_wconf 90' lang='lat' dir='ltr'><strong>cod.</strong></span> <span class='ocrx_word' id='word_1_831' title='bbox 2106 5759 2325 5826; x_wconf 83' lang='grc' dir='ltr'>ἀγαθόν.</span> 
     </span>
    </p>
   </div>
   <div class='ocr_carea' id='block_1_111' title="bbox 2405 5761 3455 5822">
    <p class='ocr_par' dir='ltr' id='par_1_111' title="bbox 2405 5761 3455 5822">
     <span class='ocr_line' id='line_1_111' title="bbox 2405 5761 3455 5822; baseline 0.009 -9"><span class='ocrx_word' id='word_1_832' title='bbox 2405 5771 2433 5808; x_wconf 78' lang='lat' dir='ltr'><strong>P</strong></span> <span class='ocrx_word' id='word_1_833' title='bbox 2498 5762 2654 5817; x_wconf 80' lang='lat' dir='ltr'><strong>Edita</strong></span> <span class='ocrx_word' id='word_1_834' title='bbox 2687 5765 2751 5816; x_wconf 86' lang='grc' dir='ltr'><strong>ὲκ</strong></span> <span class='ocrx_word' id='word_1_835' title='bbox 2792 5765 2885 5818; x_wconf 82' lang='grc' dir='ltr'>τοῦ</span> <span class='ocrx_word' id='word_1_836' title='bbox 2924 5763 3076 5819; x_wconf 81' lang='grc' dir='ltr'>Θεοῦ.</span> <span class='ocrx_word' id='word_1_837' title='bbox 3152 5773 3179 5813; x_wconf 73' lang='grc' dir='ltr'><strong>ίι</strong></span> <span class='ocrx_word' id='word_1_838' title='bbox 3210 5761 3363 5821; x_wconf 83' lang='lat' dir='ltr'><strong>Edita</strong></span> <span class='ocrx_word' id='word_1_839' title='bbox 3402 5774 3455 5822; x_wconf 71' lang='lat' dir='ltr'><strong>ct</strong></span> 
     </span>
    </p>
   </div>
   <div class='ocr_carea' id='block_1_112' title="bbox 213 5829 2412 5924">
    <p class='ocr_par' dir='ltr' id='par_1_112' title="bbox 213 5829 2412 5924">
     <span class='ocr_line' id='line_1_112' title="bbox 213 5829 2412 5924; baseline -0.008 -22"><span class='ocrx_word' id='word_1_840' title='bbox 213 5861 361 5903; x_wconf 82' lang='lat' dir='ltr'><strong>mss.</strong></span> <span class='ocrx_word' id='word_1_841' title='bbox 398 5843 599 5905; x_wconf 80' lang='grc' dir='ltr'>αὐτοῖς.</span> <span class='ocrx_word' id='word_1_842' title='bbox 632 5842 700 5896; x_wconf 85' lang='lat' dir='ltr'><strong>At</strong></span> <span class='ocrx_word' id='word_1_843' title='bbox 728 5839 1090 5899; x_wconf 85' lang='lat' dir='ltr'><strong>Combeiisius</strong></span> <span class='ocrx_word' id='word_1_844' title='bbox 1112 5838 1397 5910; x_wconf 84' lang='lat' dir='ltr'><strong>legendum</strong></span> <span class='ocrx_word' id='word_1_845' title='bbox 1417 5836 1554 5907; x_wconf 76' lang='grc' dir='ltr'>αὐτῇ</span> <span class='ocrx_word' id='word_1_846' title='bbox 1585 5836 1815 5924; x_wconf 77' lang='lat' dir='ltr'><strong>monuit.</strong></span> <span class='ocrx_word' id='word_1_847' title='bbox 1896 5842 1917 5868; x_wconf 68' lang='grc' dir='ltr'><strong><em>ν</em></strong></span> <span class='ocrx_word' id='word_1_848' title='bbox 1954 5832 2131 5898; x_wconf 79' lang='lat' dir='ltr'><strong>Edita,</strong></span> <span class='ocrx_word' id='word_1_849' title='bbox 2167 5829 2307 5883; x_wconf 82' lang='grc' dir='ltr'>θεῖον</span> <span class='ocrx_word' id='word_1_850' title='bbox 2336 5830 2412 5884; x_wconf 84' lang='grc' dir='ltr'><strong>δέ.</strong></span> 
     </span>
    </p>
   </div>
  </div>
