4180 6450
262 461 397 530 1069

1322 458 1416 519 DE
1452 455 1626 516 FIDE
1656 453 2115 514 ORTIIUDOXA
2148 453 2288 514 LIB.
2348 454 2451 514 ΙΙΙ.

3368 458 3505 524 1070

258 574 464 644 Κυρίου
496 572 790 628 τεθεῶσοαι
847 572 1086 639 λέγεται,
1136 570 1229 623 καὶ
1268 570 1516 639 ὁμόθεος,
1566 567 1661 620 καὶ
1696 565 1827 627 Θεὸς

1931 562 2182 620 deificata
2214 568 2307 629 sit,
2335 566 2692 635 ejusdmnque
2718 564 2936 620 deitatis
2992 579 3242 631 consors,
3289 569 3421 636 quin
3449 579 3505 623 ct

257 659 547 727 γενέσθαι,
590 661 663 724 ὣς
708 678 873 731 φησιν
906 662 934 713 6
963 658 1227 728 Θεολόγος
1270 658 1573 729 Γρηγόριος
1605 673 1617 685 ·
1667 649 1740 708 ὧν
1769 654 1830 706 τὸ

259 749 357 818 μὲν
388 750 612 813 ὲθέωσε,
654 752 713 804 τὸ
742 751 797 804 δὲ
828 749 1059 821 ὲθεώθη,
1092 750 1184 803 καὶ
1226 748 1420 819 θαρρῶ
1448 749 1652 817 λέγειν,
1699 746 1830 815 όμό-
1868 799 1875 807 _

256 840 376 904 θεος
402 851 447 897 ι.
483 844 594 896 Καὶ
625 843 912 914 ἄνθρωπον
946 841 1202 911 γενέσθαι
1239 842 1297 895 τὸ
1328 842 1547 912 χρίσαν,
1580 840 1675 893 καὶ
1697 839 1829 892 Θεὸν

252 930 324 992 τὰ
337 932 648 1002 χριόμενον.
668 932 851 985 Ταῦτα
873 932 980 1004 γὰρ
1003 933 1062 985 οὺ
1090 932 1231 984 κατὰ
1264 930 1566 1001 μεταϐολὴν
1591 928 1827 997 φύσεως,

253 1020 389 1073 ἀλλὰ
434 1022 574 1075 κατὰ
605 1023 704 1092 τὴν
735 1023 1092 1093 οἰκονομικὴν
1135 1022 1351 1087 ἕνωσιν,
1400 1022 1498 1091 τὴν
1540 1021 1659 1073 καθ’
1699 1020 1829 1073 ὑπό-

256 1127 447 1166 στασιν
470 1112 635 1181 λέγω,
666 1114 789 1167 καθ’
819 1115 885 1185 ἣν
941 1115 1341 1178 ἀδιασπάστως¹
1374 1112 1452 1182 τῷ
1502 1111 1620 1182 Θεῷ
1672 1111 1830 1182 Λόγῳ

200 1256 207 1267 π
255 1204 494 1275 ἥνωται,
544 1206 637 1258 καὶ
668 1206 766 1277 τὴν
800 1208 858 1259 ὲν
897 1205 1155 1275 ἀλλήλαις
1191 1206 1299 1259 τῶν
1333 1205 1549 1275 φύσεων
1594 1202 1829 1275 περιχώ-

256 1312 447 1365 ρησιν,
490 1295 564 1360 ὥς
601 1314 784 1367 φαμεν
833 1298 927 1351 καί¹
966 1297 1066 1368 τὴν
1120 1297 1214 1352 τοῦ
1267 1297 1485 1368 σιδήρου
1538 1296 1787 1367 πύρωσιν
1817 1313 1828 1327 ο

253 1387 444 1459 ὥσπερ
475 1388 581 1458 γὰρ
609 1389 707 1458 τὴν
735 1388 1152 1460 ὲνανθρώπησιν
1182 1389 1349 1460 χωρὶς
1395 1388 1705 1458 μεταϐολῆς
1736 1389 1830 1441 καί.

250 1477 460 1546 τροπῆς
488 1477 881 1547 ὁμολογοῦμεν,
906 1476 1050 1531 οὕτω
1088 1476 1182 1529 καὶ
1222 1477 1320 1546 τὴν
1347 1476 1543 1530 θέωσιν
1566 1477 1664 1544 τῆς
1694 1492 1827 1547 σαρ-

254 1568 346 1627 κὸς
378 1566 633 1633 γενέσθαι
672 1566 970 1638 δοξάζομεν
999 1582 1011 1596 ·
1067 1566 1191 1620 οὔτε
1237 1569 1342 1637 γὰρ
1401 1567 1535 1619 διότι
1582 1567 1609 1618 ό
1657 1568 1830 1635 Λόγος

254 1655 391 1725 σὰρξ
439 1658 655 1725 ἐγένετο
683 1698 696 1722 ,
741 1659 850 1713 τῶν
879 1661 1021 1729 ὅρων
1050 1661 1239 1728 ἐξέστη
1271 1662 1369 1729 τῆς
1404 1658 1609 1722 οἰκείας
1637 1658 1829 1729 θεότη-

251 1762 364 1811 τος,
392 1747 513 1801 οὔτε
550 1750 658 1803 τῶν
694 1750 1007 1821 προσόντων
1043 1752 1180 1821 αὑτῇ
1212 1749 1537 1820 θεοπρεπῶν
1570 1750 1825 1821 αὐχημάο

249 1853 361 1890 των
383 1855 395 1869 ³
426 1838 547 1893 οὔτε
576 1840 681 1910 μὴν
712 1842 743 1910 ἡ
778 1841 915 1911 σὰρξ
946 1840 1211 1895 θεωθεϊσα
1248 1843 1344 1911 τῆς
1375 1840 1581 1903 οἰκείας
1615 1840 1826 1911 ἐτράπη

1934 653 2074 710 Deus
2102 670 2224 711 esse
2258 656 2461 710 dicitur
2513 657 2615 724 (sic
2666 657 2811 711 enim
2851 656 3152 726 Gregorius
3198 655 3508 729 TheoIOgus

1932 745 2171 818 loquitur
2201 748 2245 778 "
2269 766 2281 802 :
2321 746 2594 813 «Quorum
2614 747 2845 803 alterum
2871 748 3073 804 deitate
3100 748 3347 814 donavit.
3369 750 3506 803 alte-

1932 852 2052 891 rum
2082 837 2284 893 deitate
2307 835 2568 891 donatum
2598 846 2701 902 est,
2730 846 2805 903 et,
2833 840 3090 894 audacter
3123 839 3327 905 dicam,
3357 840 3507 909 ejus-

1932 929 2053 984 dem
2083 930 2300 985 deitatis
2323 945 2575 987 consors.
2641 930 2908 1001 Quodque
2936 940 2990 986 et
3034 930 3086 986 id
3125 932 3271 1002 quod
3328 933 3505 993 unxit,

1931 1021 2095 1076 homo
2123 1020 2329 1076 factum
2352 1021 2441 1089 sit,
2474 1030 2525 1077 et
2559 1022 2720 1087 Deus,
2755 1022 2808 1078 id
2842 1022 2988 1094 quod
3028 1032 3247 1077 unctum
3283 1033 3366 1077 est
3385 1025 3449 1079 ".
3484 1041 3505 1076 ι

1930 1112 2047 1168 Non
2078 1113 2148 1168 ob
2179 1122 2388 1168 naturae
2422 1115 2873 1180 innnutationem,
2924 1123 3017 1169 aut
3065 1115 3504 1175 conversionem,

1932 1216 2025 1260 aut
2072 1205 2469 1270 alterationem,
2530 1215 2624 1259 aut
2657 1206 3035 1261 confusionem
3088 1206 3193 1262 ista
3225 1206 3504 1261 dicuntur.

1929 1292 2041 1349 Nec
2094 1293 2239 1348 enim
2292 1294 2405 1351 haec
2459 1294 2625 1350 verba
2682 1301 2888 1349 natura:
2932 1297 3286 1350 mutationem
3342 1296 3505 1349 ullam

1932 1386 2263 1454 signiﬁcant,
2291 1387 2384 1442 sed
2414 1386 2592 1456 potius
2616 1386 3047 1455 dispensationis
3090 1386 3370 1451 unionem,
3410 1403 3503 1440 seu

1932 1478 2229 1533 secundum
2269 1479 2625 1548 hypostasiin,
2658 1486 2927 1550 quatenus
2959 1479 3030 1532 ita
3066 1478 3172 1534 Deo
3215 1480 3504 1548 conjuncta

1932 1576 2035 1635 est,
2069 1578 2125 1623 ut
2162 1570 2229 1624 ab
2260 1584 2325 1624 eo
2358 1570 2535 1625 divelli
2571 1585 2677 1624 non
2709 1571 2915 1639 possit:
2950 1577 3113 1639 atque
3135 1568 3205 1623 ob
3259 1568 3505 1625 idetiam

1932 1660 2077 1730 quod
2107 1670 2315 1716 natura:
2342 1662 2480 1716 inter
2506 1678 2564 1717 se
2599 1660 2839 1717 vicissim
2876 1662 3151 1726 immeent,
3178 1660 3345 1715 veluti
3376 1659 3501 1714 ferri

1932 1768 2152 1823 quoque
2180 1753 2414 1809 dicimus
2450 1752 2792 1823 ignitionem.
2826 1752 2985 1808 Velut
3044 1753 3187 1807 enim
3242 1752 3507 1805 humana-

1936 1843 2137 1898 tionem
2170 1842 2304 1897 citra
2341 1844 2700 1897 mutationem
2735 1850 2783 1897 el
2823 1842 3234 1897 conversionem
3282 1841 3507 1896 conﬁtc—

152 2004 157 2013 ἢ
252 1928 487 1997 φύσεως,
522 1930 553 2000 ἢ
589 1930 698 1983 τῶν
727 1932 896 2002 αὐτῆς
934 1931 1178 2001 φυσικῶν
1211 1931 1534 2000 ἰδιωμάτων.
1571 1932 1829 2002 Μεμενή-

1936 1934 2206 2002 mur;sic
2259 1935 2385 1989 item
2440 1933 2623 1987 carnis
2680 1933 3079 1988 deilicationem
3131 1932 3329 1988 factam
3385 1946 3509 1986 esse

254 2039 382 2076 κασι
421 2023 528 2093 γὰρ
566 2023 659 2075 καὶ
688 2023 950 2097 μετὰπὴν
978 2025 1196 2088 ἕνωσιν,
1243 2023 1382 2077 αἵτε
1411 2022 1603 2091 φύσεις
1641 2022 1824 2092 ἀσύμ-

253 2130 487 2182 φυρτοι,
531 2114 624 2165 καὶ
657 2115 713 2165 αἱ
751 2114 956 2166 τούτων
1010 2112 1273 2184 ἰδιότητες
1326 2111 1632 2182 ἀλώὸητοι·
1685 2113 1716 2182 ἡ
1767 2111 1822 2164 δὲ

252 2203 347 2260 τοῦ
382 2206 589 2276 Κυρίου
641 2205 777 2275 σὰρξ
832 2206 931 2267 τὰς
983 2204 1135 2268 θείας
1168 2205 1450 2275 ἐνεργείας
1497 2202 1821 2274 ἐπλούτησε,

250 2292 340 2347 διὰ
386 2293 484 2362 τὴν
540 2293 679 2363 πρὸς
718 2294 808 2347 τὸν
858 2295 1030 2362 Λόγον
1074 2293 1557 2365 ἀκραιφνεστάτην
1611 2294 1824 2360 ἕνωσιν,

251 2384 370 2454 ἦτοι
405 2384 502 2454 την
538 2383 660 2438 καθ’
699 2385 1020 2453 ὑπόστασιν,
1060 2385 1310 2456 οὐδαμῶς
1339 2386 1447 2439 τῶν
1486 2386 1628 2439 κατὰ
1669 2384 1830 2454 φύσιν

255 2478 402 2532 ἰδίων
432 2479 716 2534 ὑποστᾶσα
752 2480 1028 2534 ἔκπτωσιν
1058 2495 1071 2510 °
1118 2481 1181 2533 οὐ
1209 2479 1319 2550 γὰρ
1348 2480 1470 2535 κατ’
1501 2481 1711 2535 οἰκείαν
1747 2483 1832 2535 ὲν-

252 2569 496 2640 ἐργειαν,
540 2570 669 2625 ἀλλὰ
707 2571 795 2625 διὰ
829 2572 921 2626 τὸν
947 2573 1227 2643 ἡνωμένον
1254 2572 1390 2644 αὐτῇ
1421 2575 1593 2642 Λόγον
1618 2576 1687 2628 τὰ
1713 2574 1832 2629 Θεία

254 2664 498 2732 ἐνήργει,
534 2662 628 2716 τοῦ
662 2663 839 2734 Λόγου
878 2666 946 2718 δι’
985 2665 1157 2735 αὐτῆς
1198 2664 1296 2737 τὴν
1325 2665 1535 2720 οἰκείαν
1568 2666 1833 2721 ἐνδεικνύ-

258 2755 422 2825 μένου
454 2756 736 2826 ἐνέργειαν
763 2772 774 2786 ·
823 2756 971 2810 καίει
999 2756 1108 2828 γὰρ
1137 2759 1164 2810 ό
1206 2756 1715 2828 πεπυρακτωμένος
1750 2758 1830 2811 σί-

254 2847 439 2919 δηρος,
474 2849 534 2900 οὐ
569 2847 784 2918 φυσικῷ
810 2848 952 2918 λόγῳ
976 2848 1075 2919 τὴν
1106 2848 1408 2918 καυστικὴν
1443 2848 1783 2919 κεκτημένος
1803 2856 1832 2899 1

255 2941 563 3010 ἐνέργειαν,
594 2937 710 2993 ἀλλ’
759 2941 822 2992 ἐκ
859 2939 957 3010 τῆς
1000 2925 1139 3011 τῗρδς
1164 2939 1225 2992 τὸ
1256 2938 1369 3010 πῦρ
1400 2937 1645 3004 ένὼσεως
1678 2940 1833 2994 τοῦτο

255 3033 620 3101 κεκτημένος.

1934 2041 2241 2082 censemus.
2260 2023 2448 2094 Neque
2491 2025 2639 2079 enim
2668 2022 2796 2094 quia
2828 2022 3069 2079 Verbum
3125 2039 3254 2078 caro
3305 2022 3507 2077 factum

1929 2127 2032 2183 est,
2052 2126 2339 2189 propterea
2361 2132 2390 2172 e
2415 2114 2718 2172 divinitatis
2746 2130 2860 2171 suae
2883 2115 3167 2185 gradibus,
3201 2113 3509 2182 divinisque

1932 2208 2011 2262 illi
2034 2207 2471 2276 competentibus
2501 2205 2724 2263 dotibus
2742 2205 3011 2261 excessit:
3038 2220 3139 2259 nec
3166 2219 3355 2259 rursus
3379 2218 3509 2257 eam

1935 2298 2219 2362 deiﬁcala,
2257 2315 2286 2353 a
2320 2306 2512 2352 natura
2549 2312 2646 2353 sua
2694 2298 2776 2353 vel
2826 2296 3172 2351 naturalibus
3220 2296 3337 2351 suis
3380 2310 3507 2366 pro.

1934 2391 2258 2463 prietatibus
2292 2390 2542 2445 descivit.
2580 2390 2715 2445 Nam
2747 2400 2870 2459 post
2895 2389 3218 2449 unitionem,
3256 2397 3369 2441 tum
3409 2401 3511 2440 na-

1934 2492 2070 2540 tura:
2123 2484 2445 2547 inconfusze,
2513 2492 2624 2537 tum
2652 2496 2842 2538 earum
2907 2482 3087 2535 illam
3144 2479 3510 2551 proprietates

1936 2584 2082 2634 sunt.
2115 2576 2257 2633 Caro
2280 2583 2461 2629 autem
2494 2567 2709 2628 Domini
2746 2574 3054 2629 divinarum
3083 2572 3359 2626 actionum
3386 2570 3509 2641 opi-

1935 2671 2037 2726 bus
2085 2669 2314 2734 allluxit,
2351 2668 2422 2724 ob
2480 2666 2910 2723 sincerissimam
2973 2665 3121 2719 illam
3152 2679 3274 2719 eum
3330 2662 3511 2718 Verbo

1933 2762 2214 2827 unionem,
2248 2776 2368 2829 qua:
2403 2768 2485 2814 est
2509 2758 2809 2814 secundum
2852 2757 3231 2829 hypostasim:
3287 2755 3369 2810 sic
3426 2763 3510 2807 ta-

1934 2867 2055 2907 men
2089 2859 2145 2905 ut
2175 2850 2566 2921 proprietatum
2600 2848 2931 2903 naturalium
2974 2848 3248 2918 jacturam
3301 2846 3510 2901 nullam

1936 2944 2237 3016 pertulerit.
2272 2943 2387 2997 Non
2418 2944 2561 2998 enim
2590 2942 2811 3013 propria
2834 2943 2910 3007 vi,
2939 2942 3032 2998 sed
3063 2941 3133 2997 ob
3165 2942 3374 2996 unitum
3403 2938 3509 2995 sibi

1884 3060 1887 3065 ν
1938 3035 2173 3090 Verbum
2200 3035 2382 3089 divina
2412 3034 2664 3104 patrabat
2691 3050 2706 3100 ;
2732 3032 2911 3088 Verbo
2935 3033 3192 3087 nimirum
3222 3032 3327 3086 vim
3355 3044 3510 3085 suam

257 3135 355 3191 per
383 3121 528 3175 illam
559 3129 836 3176 exerente.
870 3117 1005 3173 Nam
1037 3126 1090 3174 et
1110 3116 1353 3174 candens
1387 3116 1593 3173 ferrum
1618 3134 1683 3175 eo
1717 3136 1825 3176 non
1866 3124 1999 3192 urit,
2024 3122 2170 3194 quod
2202 3122 2391 3177 urendi
2434 3122 2484 3175 vi
2525 3136 2554 3175 a
2595 3132 2789 3176 natura
2820 3120 3061 3191 polleat,
3101 3121 3193 3175 sed
3239 3120 3383 3190 quod
3444 3133 3511 3175 ex

256 3212 645 3279 conjunctione
672 3227 794 3267 cum
834 3212 958 3282 igne
983 3212 1091 3265 vim
1126 3226 1243 3266 eam
1280 3213 1699 3269 contraxerit“.

340 3303 404 3356 'H
433 3304 568 3373 αὐτὴ
585 3302 880 3373 τοιγαροῦν
913 3304 1079 3373 θνητὴ
1112 3299 1181 3373 ἦν
1211 3302 1281 3355 δι’
1309 3304 1533 3374 ἑαυτὴν,
1571 3307 1666 3358 καὶ
1702 3305 1831 3370 ζωο-

2013 3302 2078 3357 Ut
2104 3306 2224 3358 item
2256 3303 2505 3372 deiﬁcata
2542 3301 2782 3356 voluntas
2814 3301 3069 3357 humana.
3110 3333 3166 3344 —
3196 3302 3383 3371 Itaque
3418 3319 3512 3359 ea-

258 3395 412 3457 ποιὸς
456 3395 543 3447 διὰ
578 3394 676 3465 τὴν
716 3395 853 3463 πρὸς
883 3394 973 3447 τὸν
1008 3395 1180 3463 Λόγον
1225 3394 1348 3448 καθ’
1378 3396 1675 3450 ὑπόστασιν
1705 3397 1836 3451 Eva)-

261 3501 366 3538 σιν.
408 3483 640 3553 Ὁμοίως
694 3486 787 3537 καὶ
837 3485 936 3555 τὴν
956 3484 1065 3555 (62)
1114 3484 1208 3538 τοῦ
1260 3485 1564 3556 θελήματος
1613 3487 1828 3552 θέωσιν,

258 3576 359 3644 οὐχ
380 3575 453 3637 ὼς
492 3575 928 3647 μεταϐληθείσης
955 3578 1054 3649 τῆς
1087 3579 1325 3649 φυσικῆς
1361 3582 1651 3649 κινήσεως,
1678 3580 1833 3649 λέγο-

264 3681 389 3733 μεν,
426 3664 541 3717 ἀλλ’
576 3664 651 3727 ὡς
682 3664 975 3735 ήνωμένης
1007 3665 1084 3735 τῷ
1118 3666 1246 3737 θείῳ
1287 3667 1454 3720 αὑτοῦ
1500 3668 1595 3721 καὶ
1635 3686 1835 3722 παντο-

259 3752 486 3823 δυνάμῳ
524 3753 809 3823 θελήματι,
844 3754 938 3807 καὶ
974 3755 1262 3821 γεγονότος
1297 3754 1435 3808 Θεοῦ
1479 3757 1836 3827 ὲνανθρωπή-

262 3859 455 3905 σαντος
489 3843 731 3914 θέλημα·
763 3844 885 3897 ὅθεν
921 3844 1093 3898 θέλων
1130 3846 1315 3900 λαθεῖν
1348 3847 1448 3900 οὐκ
1484 3848 1723 3920 ἠδυνήθη
1769 3849 1838 3901 δι’

260 3935 444 4002 ἑαυτὸ,
478 3936 873 4007 εὐδοκήσαντος
911 3938 1007 3991 τοῦ
1044 3938 1179 3992 Θεοῦ
1229 3940 1404 4006 Λόγου
1447 3939 1726 4010 δειχθῆναι
1774 3942 1834 3994 ἐν

334 4113 378 4144 θ’
414 4110 571 4177 Greg.
597 4120 735 4167 orat.
771 4112 861 4168 ιε.
945 4113 987 4145 ⁸⁷
1024 4111 1103 4165 ld.
1151 4118 1290 4164 erat.
1323 4112 1430 4177 59;
1469 4113 1607 4166 Max.
1638 4112 1730 4168 lib.
1759 4111 1836 4167 De
1872 4111 2076 4169 duabus
2102 4113 2489 4168 voluntatibus.

256 4182 302 4214 ⁶⁹
336 4182 495 4252 Grcg.
530 4179 663 4238 Naz.
699 4193 842 4239 orat.
883 4184 977 4243 35,
1003 4198 1052 4251 p.
1092 4180 1219 4235 595.

1942 3396 2061 3451 dem
2093 3409 2225 3449 caro
2254 3402 2446 3464 suapte
2475 3402 2670 3447 natura
2700 3393 2950 3448 mortalis
2979 3398 3118 3457 erat,
3146 3401 3200 3447 et
3244 3394 3314 3447 ob
3341 3395 3513 3464 hypo—

1940 3483 2188 3539 staticam
2221 3497 2347 3535 cum
2382 3479 2562 3537 Verbo
2584 3481 2867 3546 unionem,
2897 3482 3066 3535 vitam
3100 3480 3264 3554 240
3318 3484 3506 3539 confe-

1931 3574 2105 3629 rebat.
2132 3573 2416 3628 Consimili
2442 3573 2603 3628 modo
2631 3572 2930 3627 voluntatis
2954 3587 3171 3643 quoque
3204 3573 3505 3629 dedicatio-

1932 3681 2053 3721 nem
2096 3664 2380 3731 docemus,
2415 3680 2522 3719 non
2547 3664 2691 3735 quod
2721 3666 2987 3720 naturalis
3019 3666 3190 3721 motio
3213 3667 3502 3721 immutata

1932 3757 2120 3822 fuerit,
2158 3759 2250 3813 sed
2277 3756 2422 3827 quod
2446 3758 2642 3811 divinae
2671 3757 2841 3826 ipsius
2868 3771 2932 3811 ac
2963 3757 3281 3828 praepotenti
3314 3759 3510 3813 volun-

1934 3848 2029 3901 tati
2065 3847 2219 3902 unita
2255 3847 2349 3912 sit,
2387 3846 2593 3917 Deique
2623 3847 2757 3902 facti
2808 3848 3049 3903 hominis
3088 3850 3338 3905 voluntas
3376 3863 3507 3904 eva-

1930 3939 2064 3996 serit
2086 3940 2150 3993 °°.
2180 3938 2301 4005 Quo
2324 3938 2488 3995 etiam
2513 3940 2712 3994 factum
2750 3948 2855 4004 est,
2890 3948 2949 3994 ut
2970 3954 3094 3995 cum
3126 3940 3297 3996 latere
3320 3939 3505 4003 vellet.

2574 4113 2616 4145 ⁸⁸
2650 4113 2790 4168 Max.
2852 4112 3025 4183 Epist.
3096 4113 3165 4169 ad
3247 4111 3502 4169 Nicandr.

1544 4334 1773 4389 Vitam;
1808 4332 2209 4390 LECTIONES.
2254 4322 2259 4327 ’

330 4504 356 4534 ι
396 4495 650 4550 Nonnulli
686 4496 809 4552 cod.
837 4495 1082 4566 ὁμόθεον.
1116 4492 1283 4566 Alteri
1310 4492 1529 4566 lectioni
1563 4489 1917 4566 favent_ed_ita
1940 4498 1993 4545 et
2018 4490 2511 4566 mss._l_\lazianzeni.
2550 4502 2617 4566 __!
2651 4492 2806 4551 Colb.
2845 4494 2983 4552 1559
3010 4496 3371 4565 κτησάμενος.
3404 4495 3508 4566 δίο

254 4582 474 4637 quoque
506 4566 645 4620 inl‘ra
682 4568 736 4621 in
826 4559 1017 4623 eodem
1054 4564 1176 4619 cod.
1213 4571 1266 4618 et
1301 4562 1514 4617 duobus
1563 4561 1687 4616 aliis
1737 4560 1889 4615 Colb.
1943 4567 1997 4618 et
2032 4559 2216 4632 Regiis
2258 4577 2394 4633 pene
2415 4563 2707 4627 omnibus,
2775 4580 2873 4621 nec
2902 4580 3012 4620 non
3060 4559 3114 4620 in
3148 4559 3269 4622 cod.
3304 4567 3364 4622 S.
3395 4565 3501 4621 Hil.

254 4635 387 4692 etin
423 4635 485 4689 Ν.

1734 4782 1961 4839 NOTAE.
1992 4796 1995 4797 '

331 4926 441 4995 (“’).
483 4922 717 4993 Ὁμοίως
748 4920 1336 4995 καίὲτῄνῶρῃεὺηίίίε
1374 4920 1548 4995 modo,
1584 4926 1688 4995 etc.
1724 4920 1835 4995 Na.
1866 4923 1912 4983 ι)

257 4987 577 5056 ιίεήἱθηυέ,
632 4987 773 5048 orat.
804 4991 893 5046 56.
930 4990 1144 5046 Domini
1184 4990 1350 5043 verba
1392 4990 1503 5043 haec
1538 5008 1552 5046 :
1587 4987 1708 5042 Non
1730 4990 1824 5044 dc-

256 5065 437 5122 scendi
465 5064 527 5116 de
565 5063 691 5116 caelo
748 5070 804 5115 ut
833 5060 1028 5129 faciam
1064 5059 1388 5129 uoluntatem
1414 5059 1700 5129 meamgita
1732 5074 1826 5114 cx-

241 5137 411 5207 ponit
448 5152 461 5188 :
494 5130 623 5207 Εἰσί
646 5127 928 5207 αὸίιίοηιιί
945 5127 1233 5207 descendit,
1261 5145 1430 5207 sermo
1447 5129 1532 5207 hic
1548 5127 1826 5207 haberetur

255 5197 431 5258 dicere
457 5197 724 5271 possemus
766 5197 921 5253 verba
955 5200 1081 5271 ista_
1112 5198 1249 5271 uelut
1285 5197 1349 5251 ab
1369 5198 1590 5271 [tamine
1619 5198 1820 5271 cﬁ'erri,

254 5266 487 5352 qui‘npn
521 5271 847 5352 intelligatur
885 5284 995 5352 esse
1044 5266 1313 5352 Slalgatqr.
1353 5268 1441 5352 Α’ξὸ
1466 5267 1575 5352 γαρ
1614 5268 1822 5352 ἐκείνου

254 5335 318 5396 τὸ
360 5342 555 5402 θέλειν,
575 5335 1033 5393 οὐδ’-ὑπεναντίον
1064 5336 1200 5405 Θεῷ,
1242 5335 1442 5390 θεωθὲν
1473 5335 1595 5391 ὅλον
1618 5352 1632 5367 ·
1666 5336 1823 5390 Illius

256 5412 447 5482 quippe
474 5408 715 5482 voluntas
748 5407 857 5482 _Deo
916 5422 1018 5461 non
1055 5406 1533 5482 aduersatuquuaz
1570 5414 1678 5482 tota
1709 5406 1822 5459 dei—

258 5475 425 5551 ﬁcat'a
482 5481 572 5551 sit.
622 5476 894 5551 Maximus
954 5490 1040 5545 ep.
1086 5475 1335 5551 ad_mon.
1365 5475 1517 5551 Sicil.
1567 5475 1825 5551 observat

257 5545 612 5607 'Anastasium
642 5546 925 5609 Antioch.,
982 5558 1051 5598 ne
1086 5545 1339 5601 voluntas
1364 5560 1471 5600 una
1504 5545 1823 5609 inferretur,

258 5619 456 5690 legisse
476 5616 658 5690 θεόθεν
678 5615 797 5690 όλον
821 5625 930 5690 tota
952 5630 983 5668 a
1004 5612 1109 5667 Deo
1128 5630 1145 5675 ;
1164 5629 1361 5690 verum
1376 5615 1669 5690 participio
1693 5613 1827 5690 θεῳο

257 5683 352 5744 θεῖ,
390 5687 535 5743 aliud
568 5701 595 5739 a
623 5686 828 5741 deitate
861 5686 1174 5754 importare,
1220 5685 1364 5751 quod
1398 5683 1707 5745 deiﬁcetur.
1753 5685 1830 5737 si-

257 5766 354 5814 cut
385 5757 531 5813 aliud
556 5755 808 5826 estquod
835 5753 1104 5826 accendit,
1140 5763 1195 5826 et
1226 5754 1370 5826 aliud
1396 5754 1541 5826 quod
1572 5754 1825 5826 accendi-

259 5838 380 5897 tur;
418 5827 561 5883 aliud
583 5823 1029 5897 quodillmuinat,
1060 5823 1272 5880 etaliud
1295 5823 1435 5893 quod
1457 5823 1822 5890 illutninatur;

1979 4918 2292 4972 uamobrem
2364 4917 2518 4980 illud,
2573 4915 2717 4986 quod
2776 4930 2870 4984 per
2914 4931 3185 4972 summam
3247 4920 3504 4978 unionem

1979 4934 2292 4972 uatuourem
2364 4934 2518 4980 mue,
2573 4934 2717 4986 quon
2776 4934 2870 4984 per
2914 4934 3185 4972 summam
3247 4935 3504 4978 unionem

1938 4934 2247 5051 geilicatur,
2346 4988 2414 5040 ab
2492 4984 2775 5041 essentiali
2852 5000 2952 5041 sua
3018 4986 3328 5044 dill‘erentia
3393 5008 3505 5047 non

1933 5058 2263 5114 desciscere.
2314 5056 2582 5111 Caeterum
2642 5063 2844 5125 negant
2897 5057 3086 5125 Patres
3141 5058 3341 5116 debere
3400 5063 3506 5119 dici

1934 5128 2225 5182 humanam
2255 5125 2461 5180 Christi
2494 5124 2747 5179 naturam
2777 5124 3206 5193 ἀποτεθεῶσθαι,
3240 5143 3310 5183 ne
3345 5130 3507 5187 Chri.

1931 5206 2072 5262 stus,
2113 5195 2277 5251 veluti
2308 5196 2533 5249 numina
2560 5195 2827 5262 gentium,
2859 5204 3218 5252 consecratus
3248 5198 3304 5251 in
3337 5200 3504 5253 Deum

1931 5265 2481 5338 censeretuiereluti
2515 5263 2702 5338 fideles
2730 5265 2936 5319 sentire
2974 5263 3260 5338 Nestorius
3298 5269 3507 5338 garrie-

1930 5338 2041 5401 bat,
2078 5345 2214 5416 teste
2261 5334 2508 5416 erillo,_
2537 5334 2628 5388 lib.
2683 5349 2745 5416 ll.
2777 5341 2975 5415 contra
3019 5335 3221 5416 ipsum2
3256 5334 3391 5416 βξ.εέ
3413 5337 3505 5403 48,

1931 5422 2054 5462 cum
2078 5407 2192 5476 ipse
2215 5403 2395 5476 potius
2420 5404 2545 5458 huic
2572 5403 2750 5476 errori
2781 5403 3097 5476 impegisset
3119 5420 3132 5476 ξ
3156 5403 3271 5459 Οὐκ
3297 5403 3508 5476 saepe-

1913 5494 2030 5539 ,πον
2063 5471 2949 5544 ἀποθέωθέντα,κηρύττομενίείί
2981 5471 3229 5544 Proclus,
3263 5471 3413 5530 orat;
3438 5473 3506 5530 de

1932 5542 2271 5614 beataVirg.,
2289 5542 2426 5614 ἀλλὰ
2446 5541 2579 5596 Θεὸν
2602 5541 2953 5614 σαρκωθέντα
2975 5542 3364 5614 ὁμολογοῦμεν.
3386 5544 3505 5614 Non

1931 5608 2299 5669 hominem'in
2349 5611 2519 5666 Deum
2582 5608 2945 5667 consecratum
2990 5608 3364 5678 medicantur,
3415 5608 3506 5667 sed

1935 5685 2100 5739 Deum
2122 5699 2330 5739 carnem
2365 5682 2562 5751 factum
2592 5682 2921 5751 conﬁtemur.
2969 5679 3125 5749 Quod
3148 5683 3351 5738 dictum
3396 5679 3503 5739 No-

1936 5764 2046 5811 ster
2083 5754 2300 5824 excepit
2338 5765 2458 5823 cap.
2490 5751 2543 5807 2.
