4180 6450
230 417 354 485 1073
1299 428 1393 485 DE
1427 431 1492 488 ιει
1506 431 1600 489 DE
1639 432 1802 493 ΟιιΤ]

1904 434 2098 495 DOXA
2138 437 2277 496 LIB.
2326 437 2436 495 ill.
3347 435 3475 500 1074

231 534 272 585 sl
300 534 374 603 μὴ
405 534 432 586 ὁ
459 530 612 599 νοῦς;
653 534 725 585 Τὸ
759 534 1003 603 κρεῖττον
1027 531 1117 588 οὖν
1144 538 1360 607 παρεὶς,
1393 540 1453 592 τὸ
1478 545 1658 611 χεῖρον
1712 545 1802 596 ἀν-

1906 546 1969 598 ad
2010 548 2096 601 sui
2136 545 2429 613 imaginem
2461 553 2581 599 erat
2614 548 2925 603 instaurare
2952 548 3163 614 volens,
3191 546 3368 603 factus
3394 561 3473 603 est

230 624 411 687 ἔλαϐες
461 625 607 688 Νοῦς
636 625 745 695 γὰρ
774 626 885 695 (Η)
920 629 975 679 ἐν
1024 629 1335 698 μεταιχμίῳ
1367 631 1480 683 ἐστὶ
1531 633 1664 685 Θεοῦ
1705 634 1795 686 καὶ

1907 637 2092 691 homo.
2119 634 2260 702 Quid
2285 652 2414 691 vero
2442 636 2580 691 illud
2602 637 2701 692 fuit
2727 639 2871 709 quod
2899 649 3046 696 esset
3066 641 3133 695 ad
3158 641 3473 710 imaginem.

230 715 440 785 σαρκὸς,
472 715 570 784 τῆς
610 716 708 785 μὲν
734 717 807 781 ὡς
834 718 1101 781 σύνοικος,
1127 720 1220 773 τοῦ
1251 721 1383 774 Θεοῦ
1410 722 1488 783 δὲ,
1518 723 1793 785 ὠςεὶκών.

1907 734 2266 795 praeterquam
2301 727 2504 783 mens?
2541 725 2691 783 Itane
2714 729 2919 785 omisso
2948 729 3168 799 potiori,
3199 728 3344 800 quod
3378 730 3475 784 de-

230 803 360 867 Νοῦς
392 800 484 857 οὖν
519 806 600 859 νοῒ
648 808 926 877 μίγνυται,
980 812 1072 864 καὶ
1111 812 1386 881 μεσιτεύει
1431 814 1459 865 ὁ
1507 814 1629 879 νοῦς
1661 816 1797 869 Θεοῦ

1908 818 2080 873 terius
2106 826 2225 872 erat
2251 818 2595 887 assumpsit!
2647 818 2799 876 Mens
2846 820 3121 890 siquidem
3178 823 3233 874 in
3284 820 3376 874 Dei
3422 827 3476 873 et

231 894 554 966 καθαρότητι
610 898 703 951 καὶ
756 901 961 969 σαρκὸς
1004 901 1308 971 παχύτητι·
1354 905 1402 956 εί
1456 905 1564 975 γὰρ
1620 905 1798 975 ψυχὴν

1905 908 2093 963 carnis
2128 908 2432 963 meditullio
2454 918 2577 964 est:
2611 910 2797 966 carnis
2836 909 3119 975 nimirum,
3166 918 3224 963 ut
3278 920 3475 964 contu-

229 983 381 1038 ἄνουν
406 989 432 1041 ὁ
456 988 659 1058 Κύριος
688 989 972 1056 ἀνέλαϐεν,
996 992 1197 1070 ,ἀλόγου
1226 991 1365 1058 ζώου
1388 994 1566 1066 ψυχὴν
1600 996 1797 1050 ἀνέλα-

1904 996 2183 1064 bernalis;
2223 998 2316 1053 Dei
2351 1006 2555 1062 autem,
2591 1010 2649 1055 ut
2675 1000 2875 1072 imago.
2905 999 3060 1056 Mens
3094 1001 3277 1071 itaque
3307 1001 3472 1055 menti

231 1073 336 1127 ϐεν.
1897 1088 2171 1158 jungitur,
2208 1096 2373 1157 atque
2404 1092 2547 1144 inter
2573 1089 2663 1146 Dei
2701 1092 2994 1161 puritatem
3021 1100 3076 1146 et
3103 1090 3290 1146 carnis
3322 1105 3475 1146 cras-

230 1165 402 1221 sitiem
436 1167 750 1228 intercedit.
783 1169 917 1226 Nam
951 1173 994 1229 si
1022 1172 1286 1229 Dominus
1348 1177 1584 1230 animam
1641 1185 1824 1247 mente
1895 1193 2124 1235 vacuam
2200 1180 2540 1251 assumpsit,
2612 1180 2758 1236 bruti
2833 1181 3023 1249 utique
3085 1182 3325 1237 animam
3383 1198 3472 1239 as-

232 1262 483 1328 sumpsit.

295 1351 355 1404 Ei
388 1353 443 1405 δὲ
495 1354 673 1425 σάρκα
730 1358 986 1425 γενέσθαι
1017 1372 1041 1401 ι
1074 1362 1102 1414 ὸ
1135 1362 1526 1432 εὑαγγελιστὴς
1572 1363 1674 1435 ἔφη
1706 1364 1798 1417 τὸν

231 1443 417 1513 Λόγον,
466 1447 642 1501 ἰστέον
693 1449 769 1511 ὡς
817 1449 967 1520 παρὰ
1014 1455 1079 1523 τῇ
1135 1453 1265 1524 ἁγία
1295 1454 1505 1525 Γραφῇ,
1542 1457 1669 1509 ποτὲ
1703 1457 1800 1525 μὲν

228 1533 366 1604 ψυχὴ
398 1535 613 1605 λέγεται
648 1539 676 1590 ὁ
705 1540 1011 1612 ἄνθρωπος,
1031 1544 1106 1606 ὼς
1140 1545 1231 1597 τό*
1283 1547 1377 1599 Ἐν
1396 1548 1802 1618 ἐϐδομήκοντα

228 1627 402 1680 πέντε
429 1631 653 1698 ψυχαῖς
668 1633 955 1698 εἰσῆλθεν
970 1635 1172 1689 Ἰακὼϐ
1195 1640 1282 1704 είς
1299 1640 1374 1691 Αἵ
1378 1657 1607 1708 γυπτον
1626 1658 1638 1672 ο
1671 1642 1800 1696 ποτὲ

228 1716 281 1770 δὲ
316 1718 467 1788 σὰρξ,
516 1722 591 1785 ὡς
622 1724 711 1777 τόο
745 1727 990 1794 "Op-stat
1022 1727 1189 1784 πᾶσα
1218 1731 1372 1800 σὰρξ
1394 1732 1459 1786 τὸ
1509 1732 1801 1800 σωτήριον

230 1809 331 1862 τοῦ
360 1812 524 1865 Θεοῦ.
571 1814 645 1866 Οὐ
681 1814 817 1886 σὰρξ
847 1818 1023 1871 τοίνυν
1058 1820 1287 1891 ἁψυχος,
1329 1823 1447 1876 οὐδὲ
1481 1824 1662 1886 ἄνους,
1686 1823 1799 1875 ἀλλ’

1976 1364 2493 1434 Apollinuristarum
2526 1364 2750 1434 objectio
2781 1364 3020 1417 solvitur.
3054 1362 3243 1417 Anima
3274 1375 3320 1417 et
3349 1381 3471 1419 caro

1906 1472 2001 1524 pro
2039 1456 2246 1509 homine
2280 1456 2335 1507 in
2385 1454 2684 1519 Scriptura.
2722 1483 2778 1495 —-
2818 1455 2976 1519 Quod
3029 1456 3078 1509 si
3137 1457 3471 1526 evangelista

1913 1545 2143 1602 Verbum
2170 1560 2390 1599 carnem
2424 1543 2623 1597 factum
2660 1543 2830 1599 fuisse
2856 1544 3015 1606 dixit,
3050 1546 3331 1601 sciendum
3376 1556 3471 1601 est

1909 1636 1960 1690 in
1994 1650 2150 1690 sacra
2176 1634 2462 1704 Scriptura
2489 1637 2724 1688 animum
2760 1650 3155 1703 nonnunquam
3198 1637 3469 1690 hominem

1908 1726 2191 1796 appellari,
2233 1734 2290 1779 ut
2334 1727 2387 1779 in
2424 1725 2515 1779 illo
2544 1726 2665 1779 loco
2708 1743 2721 1778 :
2766 1723 2831 1779 In
2869 1727 3201 1793 septuaginta
3250 1727 3473 1794 quinque

1909 1814 2186 1868 animabus
2227 1816 2491 1884 ingressus
2523 1824 2600 1868 est
2624 1812 2792 1868 Jacob
2815 1815 2871 1868 in
2899 1813 3188 1886 zEgyptum
3210 1818 3270 1869 ⁷⁵.
3312 1815 3458 1870 Νοη-

230 1898 511 1969 ἅνθρωπος
533 1904 755 1972 γέγονεν
783 1911 810 1962 ὀ
835 1910 1060 1980 Κύριος.
1098 1913 1235 1981 Φησὶ
1261 1912 1389 1981 γοῦν
1413 1914 1574 1977 αὐτός
1595 1930 1606 1943 ⁸
1644 1914 1702 1968 Τί
1725 1932 1800 1983 με

1908 1922 2185 1977 nunquam
2221 1906 2352 1960 item
2394 1919 2642 1970 carnem,
2677 1915 2739 1959 ut
2761 1916 2845 1960 est
2872 1906 3003 1960 illud
3034 1929 3046 1959 :
3082 1906 3282 1961 Videbit
3303 1909 3471 1960 omnis

230 1988 415 2057 δέρεις
444 1992 779 2062 ἄνθρωπον,
820 1998 883 2062 ὃς
922 1999 1035 2068 τὴν
1064 2001 1348 2068 ἀλήθειαν
1377 2004 1521 2073 ὑμῖν
1536 2007 1607 2057 λε
1622 2004 1796 2071 λάλη-

232 2096 339 2144 κα;
383 2083 635 2139 ’Ᾱνὲλαόε
666 2088 846 2143 τοίνυν
878 2091 1056 2162 σάρκα
1090 2094 1448 2165 ἐψυχωμένην
1485 2094 1629 2166 ψυχῇ
1657 2094 1796 2163 λογιο

234 2172 301 2240 κῇ
335 2187 394 2223 τε
427 2175 519 2226 καὶ⁵
546 2179 728 2247 νοερᾷ,
762 2180 1061 2252 ἡγεμονικῇ
1092 2184 1189 2253 μὲν
1221 2185 1318 2253 τῆς
1346 2185 1564 2255 σαρκὸς,
1596 2187 1797 2255 ἡγεμο-

232 2261 493 2337 νευομένῃ
524 2264 579 2317 δὲ
609 2267 713 2319 ὑπὸ
735 2268 833 2338 τῆς
860 2270 955 2324 τοῦ
997 2272 1170 2340 Λόγου
1204 2273 1474 2344 θεότητος.

1904 2015 2029 2052 caro
2050 1998 2289 2053 salutare
2330 1996 2425 2050 Dei
2442 1997 2513 2049 ".
2538 1996 2616 2051 Ac
2640 1996 2868 2066 proimle
2898 1996 3183 2059 Dominus,
3213 2010 3321 2050 non
3344 2010 3472 2050 caro

1905 2090 2171 2155 inanima,
2201 2104 2302 2144 nec
2330 2096 2511 2143 mente
2550 2103 2740 2153 vacua,
2799 2089 2891 2143 sed
2928 2088 3091 2143 homo
3132 2088 3312 2143 factus
3364 2097 3449 2142 est

1907 2180 1995 2236 Ait
2018 2181 2219 2250 quippe
2247 2180 2400 2250 ipse:
2431 2179 2572 2243 Quid
2606 2195 2686 2233 me
2710 2179 2895 2241 cwdis,
2931 2181 3189 2235 hominem
3217 2181 3307 2247 qui
3337 2181 3471 2234 eeri-p

1912 2282 2072 2328 tatem
2107 2272 2311 2326 locutus
2341 2288 2457 2326 sum
2487 2270 2732 2325 vobis“?
2765 2271 3075 2340 Assumpsit
3129 2272 3297 2341 igitur
3351 2285 3472 2325 car-

234 2366 354 2407 nem
384 2356 565 2410 anima
597 2360 851 2415 rationali
885 2369 937 2427 et
966 2361 1301 2435 intelligente
1329 2368 1661 2434 animatum,
1698 2381 1968 2438 quaeque,
2010 2366 2155 2421 sicut
2192 2364 2377 2419 carnis
2424 2362 2793 2433 principatum
2845 2360 3093 2428 tenebat,
3149 2360 3222 2416 ita
3279 2374 3471 2425 rursus

232 2441 499 2500 divinitati
533 2452 776 2517 parebat,
804 2454 871 2508 ab
892 2469 1064 2526 eaque
1092 2457 1399 2526 regebatur.

303 2532 430 2607 Εἶχε
457 2539 555 2608 μὲν
585 2536 679 2594 οὖν
716 2544 978 2611 φυσικῶς,
1009 2548 1100 2600 καὶ
1123 2548 1195 2611 ὡς
1214 2550 1365 2612 Θεὸς,
1394 2551 1487 2602 καὶ
1509 2550 1582 2613 ὼς
1606 2548 1805 2620 ἄνθρω-

234 2643 355 2692 πος,
395 2628 456 2681 τὸ
502 2630 676 2685 θέλειν
697 2648 711 2662 ⁸
744 2635 927 2689 εἵπετο
952 2638 1007 2691 δὲ
1043 2640 1133 2692 καὶ
1166 2640 1507 2693 ὑπετάσσετο
1538 2640 1610 2710 τῷ
1641 2639 1804 2692 αὑτοῦ

235 2718 502 2788 θελήματι
528 2722 588 2775 τὸ
611 2724 972 2795 ἀνθρώπινον,
1002 2730 1076 2799 μὴ
1106 2731 1425 2800 κινούμενον
1456 2731 1647 2801 γνώμῃ
1680 2730 1804 2800 ἰδίᾳ,

234 2810 367 2863 ἀλλὰ
398 2812 569 2866 ταῦτα
598 2814 787 2881 θέλων,
821 2818 857 2872 ἃ
902 2819 962 2872 τὸ
1010 2821 1149 2874 θεῖον
1179 2822 1346 2875 αὑτοῦ
1380 2820 1537 2892 ἡθελε
1569 2821 1801 2892 θέλημα.

235 2902 678 2978 Παραχωρούσης
704 2909 813 2978 γὰρ
843 2911 944 2979 τῆς
979 2912 1129 2977 θείας
1174 2914 1467 2984 θελήσεως,
1502 2913 1709 2983 ἔπασχε
1738 2912 1804 2965 τὰ

236 2992 341 3047 ἴδια
384 2998 649 3061 φυσικῶς.
686 3001 814 3053 Ὅτε
841 3004 938 3070 μὲν
969 3002 1074 3075 γὰρ
1105 3008 1399 3077 παρῃτεῖτο
1421 3005 1509 3057 τὸν
1549 3004 1798 3061 θάνατον.

233 3086 478 3152 φυσικῶς
502 3090 601 3158 τῆς
630 3090 780 3154 θείας
817 3093 983 3148 αὐτοῦ
1035 3096 1340 3165 θελησάσης
1392 3096 1666 3166 θελήσεως
1710 3094 1803 3148 καὶ

233 3180 733 3251 παραχωρησάσης,
759 3186 1115 3254 παρῃτήσατο
1133 3187 1221 3239 τὸν
1246 3186 1494 3253 θάνατον,
1528 3186 1800 3255 ἠγωνίασέ

1990 2540 2245 2595 Voluntas
2267 2541 2498 2595 humana
2532 2537 2737 2594 Christi
2783 2538 2974 2593 divina:
3003 2540 3236 2595 subdita.
3273 2570 3340 2582 —
3378 2545 3467 2598 Λισ

1906 2633 1999 2703 qui
2024 2632 2114 2687 ille
2140 2629 2362 2702 quidem
2390 2629 2737 2693 naturaliter,
2762 2637 2817 2685 et
2841 2638 2900 2684 ιιι
2926 2630 3090 2695 Deus,
3111 2639 3165 2686 et
3199 2638 3259 2686 ut
3286 2632 3469 2699 homo,

1908 2724 2149 2779 habebat
2181 2730 2239 2777 ut
2275 2722 2472 2778 vellet:
2501 2730 2756 2777 caeterum
2792 2721 3033 2777 divinant
3069 2723 3246 2792 ipsius
3277 2726 3471 2780 volun-

1910 2824 2077 2870 tatem
2115 2814 2357 2869 humana
2389 2812 2742 2883 sequebatur,
2776 2813 2939 2883 eique
2965 2813 3185 2868 subdita
3224 2825 3364 2880 erat,
3414 2825 3474 2870 ut

1909 2923 2029 2976 qua:
2063 2906 2284 2976 propria
2309 2904 2583 2962 sententia
2629 2920 2734 2960 non
2777 2912 3107 2969 moveretur,
3159 2920 3348 2961 verum
3406 2921 3471 2962 ea

1910 2997 2131 3051 demum
2182 2996 2364 3056 vellet,
2402 3011 2527 3065 qum
2579 2996 2766 3051 divina
2817 2994 2939 3065 ejus
2983 2994 3239 3051 voluntas
3296 2996 3471 3066 ipsam

1910 3086 2125 3142 volebat
2149 3086 2302 3142 velle.
2328 3085 2679 3141 Permittente
2736 3084 3009 3155 siquidem
3059 3084 3241 3139 divina
3274 3086 3470 3140 volun-

1908 3188 2019 3234 tate
2056 3220 2070 3244 ,
2105 3178 2429 3233 naturaliter
2459 3192 2523 3233 ea
2548 3192 2669 3247 qute
2698 3177 2801 3233 sibi
2846 3177 3067 3247 propria
3123 3184 3281 3231 erant
3306 3176 3473 3245 patie-

228 3280 290 3314 τε
320 3265 410 3316 καὶ
442 3266 735 3321 ὲδειλίασε·
773 3273 865 3324 καὶ
895 3276 984 3327 ὅτε
1012 3275 1202 3344 ἤθελεν
1239 3277 1271 3343 ἡ
1307 3275 1427 3329 θεία
1450 3274 1615 3329 αὐτοῦ
1644 3275 1802 3344 θέλη-

1909 3268 2419 3327 batur"..Etonim
2476 3283 2602 3322 cum
2661 3275 2892 3323 mortem
2949 3268 3303 3331 detrectaret,
3333 3267 3473 3322 hanc

232 3367 318 3413 σις
343 3353 615 3422 αἱρεῖσθαι
646 3356 741 3426 τὴν
770 3359 1120 3430 ἀνθρωπίνην
1144 3362 1310 3415 αὑτοῦ
1341 3362 1557 3433 θέλησιν
1589 3362 1680 3416 τὸν
1708 3362 1803 3417 θά-

230 3461 409 3507 νατον,
442 3446 687 3501 ἑκούσιον
723 3450 859 3520 αὐτῇ
884 3451 995 3521 (45)
1028 3452 1087 3504 τὸ
1116 3451 1287 3515 πάθος
1318 3454 1560 3520 ἐγένετο·
1597 3453 1657 3509 οὐ
1692 3453 1802 3522 γὰρ

230 3535 368 3587 καθὸ
404 3536 535 3600 Θεὸς
567 3539 723 3608 μόνον
748 3542 1009 3604 ἑκουσίως
1032 3543 1225 3596 ἑαυτὸν
1258 3543 1570 3613 παρέδωκεν
1600 3544 1681 3606 είς
1710 3543 1803 3595 θά-

229 3644 411 3690 νατον,
450 3629 584 3682 ἀλλὰ
608 3618 700 3684 καί
730 3632 867 3686 καθὸ
882 3634 1185 3704 ἄνθρωπος.
1220 3636 1383 3688 Ὅθεν
1407 3637 1548 3688 κατὰ
1574 3635 1802 3689 θανάτου

227 3719 435 3786 τόλμαν
462 3720 555 3772 καὶ
580 3724 714 3790 ἡμῖν
748 3724 1062 3793 ἐχαρίσατο,
1092 3725 1235 3779 οὕτω
1273 3725 1404 3792 γοῦν
1443 3726 1549 3795 πρὸ
1576 3725 1668 3779 τοῦ
1696 3744 1802 3779 σω-

228 3808 422 3875 τηρίου
453 3810 657 3873 πάθους
689 3814 851 3882 φησί’
885 3814 1093 3883 Πάτερ,
1130 3818 1182 3868 εί
1214 3815 1476 3891 δυνᾳτόν
1519 3818 1807 3884 παρελθέ-

230 3914 313 3949 τω
335 3898 434 3967 ἀπ’
456 3900 601 3969 ἐμοῦ
626 3902 689 3954 τὸ
712 3902 999 3972 ποτήριον
1022 3904 1197 3960 τοῦτο
1218 3922 1229 3933 ’
1258 3906 1495 3976 δηλονότι
1518 3906 1591 3969 ὡς
1611 3906 1813 3975 ἄνθρω-

1910 3361 2099 3416 divina
2136 3359 2310 3428 ipsius
2334 3358 2617 3412 voluntate
2654 3358 2727 3412 ita
2764 3356 2971 3413 ferente
2998 3366 3052 3412 et
3110 3357 3467 3421 concedente;

1909 3449 2236 3505 naturaliter
2287 3447 2646 3509 detrectabat,
2713 3456 2877 3516 atque
2940 3448 2991 3501 in
3042 3448 3236 3502 mortis
3279 3446 3470 3518 agonia

1910 3549 2047 3597 erat.
2094 3541 2307 3595 Rursus
2340 3541 2524 3594 divina
2563 3539 2735 3607 ipsius
2802 3539 3083 3594 voluntate
3122 3539 3358 3603 volente,
3413 3546 3473 3593 ut

1912 3632 2150 3686 humana
2185 3632 2444 3686 voluntas
2477 3638 2706 3685 mortem
2747 3630 3188 3699 amplecteretur,
3220 3630 3473 3684 volunta-

1905 3722 1987 3776 ria
2022 3722 2130 3791 ipsi
2161 3721 2347 3792 passio
2381 3722 2503 3776 fuit.
2548 3719 2662 3775 Non
2694 3721 2839 3775 enim
2877 3735 2985 3790 qua
3013 3718 3159 3776 Deus
3207 3720 3472 3775 duntaxat

1908 3813 2068 3867 morti
2104 3827 2161 3867 se
2187 3819 2381 3881 sponte
2406 3810 2654 3876 tradidit,
2684 3809 2777 3865 sed
2803 3810 2965 3864 etiam
2998 3817 3268 3879 quatenus
3288 3810 3467 3865 homo.

1918 3903 2073 3960 Unde
2103 3904 2263 3961 nobis
2286 3904 2450 3959 etiam
2492 3902 2658 3957 animi
2703 3902 2990 3956 audaciam
3031 3902 3296 3957 adversus
3326 3917 3463 3956 mor-

317 4076 365 4151 '_”
386 4078 519 4133 Gen.
550 4093 691 4151 ιιενι,
725 4082 814 4147 27,
844 4096 933 4151 ap.
967 4034 1141 4148 LXX;
1180 4083 1305 4138 Aet.
1335 4098 1430 4149 vu,
1460 4082 1546 4137 Η.
1631 4082 1677 4114 ⁷⁸
1707 4081 1807 4135 lsa.
1842 4096 1927 4143 ιι,
1966 4079 2031 4145 5;
2107 4078 2239 4133 Luc.
2275 4094 2356 4141 ιιι,
2393 4078 2446 4131 6.
2519 4077 2561 4106 "’
2597 4073 2755 4130 Joan.
2793 4090 2908 4140 vut,
2941 4074 3027 4128 40.
3107 4074 3149 4106 ⁷⁸
3178 4074 3447 4144 Sophron.

244 4145 412 4215 t‘pist.
446 4147 640 4217 sytmd.

304 4324 616 4381 nNonnulli
672 4324 833 4381 codd.
894 4324 1236 4398 γεγενῆσθαι.

1538 4233 1769 4290 νΑιιιΑῐ
1813 4232 2209 4315 Lscrloues.

1739 4475 1965 4533 ΝΟΤΑΕ.

305 4596 441 4666 μοι),
481 4594 643 4666 Νοῦς
690 4591 1007 4666 τάρηΜειιε
1052 4591 1221 4666 enim.
1246 4588 1621 4666 Repetitillud
1657 4589 1799 4657 quod
1838 4581 1878 4633 Ι)
1907 4587 2072 4666 [Labeo
2096 4588 2711 4666 iterunt_sur_n_entlieam.
2752 4591 3203 4666 llac‘mandatum
3231 4595 3403 4662 accepi
3442 4612 3471 4648 α

222 4657 380 4739 cap._
404 4657 461 4730 ti,
501 4657 734 4739 dixerat,
759 4657 1009 4739 'aliaque
1054 4657 1343 4739 Theologij
1367 4660 1531 4716 verba
1578 4668 1809 4728 usurpat
1910 4658 2080 4739 Patre
2109 4672 2241 4710 meo.
2389 4658 2800 4739 Chrxsostomo,
2833 4660 3051 4739 dicenda
3075 4678 3129 4739 s_e
3156 4657 3473 4739 praeceptum

221 4731 456 4802 cicius
493 4734 728 4789 senariis
759 4742 949 4785 contra
983 4731 1405 4800 Apollinaristas
1442 4747 1453 4781 :

335 4826 479 4880 Επεὶ
506 4824 557 4876 δ’
589 4824 835 4892 ἄμικτός
862 4823 990 4892 squ
1014 4821 1243 4889 σαρκίφ
1273 4821 1447 4892 θεός.

312 4894 487 4963 Ψυχὴ
518 4894 587 4947 δὲ
618 4888 714 4946 καὶ
744 4892 854 4947 νοῦ
888 4888 1017 4945 οἷον
1051 4891 1119 4944 ἐν
1134 4890 1480 4963 μεταιχμίῳ,

306 4957 538 5031 Σαρἓιὸς
558 4963 694 5032 μὲν,
726 4963 806 5027 ὡς
831 4957 1147 5024 σύνοικος,
1173 4961 1254 5032 ᾡς
1290 4957 1542 5032 δἐίκὼν
1570 4959 1735 5012 Θεοῦ·

309 5029 398 5099 Τῷ.
420 5029 706 5100 συγῇτνεῖ
722 5031 965 5100 μιγεῖσα
1000 5032 1039 5097 -ἠ
1074 5029 1223 5083 Θεοῦ
1248 5031 1453 5098 φύσις,

305 5099 565 5156 Ἐκεῖθεν
585 5101 733 5169 ἔσχε
759 5100 856 5154 καὶ
887 5099 1122 5168 πάχους
1151 5101 1486 5154 κοινωνίαν.

309 5194 451 5260 Quia
476 5208 593 5246 vero
620 5192 829 5246 misceri
868 5207 984 5243 cum
1018 5206 1176 5244 carne
1207 5191 1381 5259 nequit
1428 5190 1600 5251 Deus;

309 5259 503 5320 Anima
538 5270 713 5314 autem
759 5270 808 5314 et
843 5276 1008 5324 mens,
1054 5259 1192 5313 velut
1240 5261 1291 5312 in
1320 5260 1612 5313 meditullio
1650 5269 1805 5319 sunt;

305 5334 499 5386 Carnis
527 5330 859 5400 quidem,cett
881 5330 1293 5400 contubernalis,
1316 5338 1473 5399 utque
1493 5330 1665 5398 imago
1694 5326 1806 5394 Dei,

305 5400 440 5456 Cum
473 5398 613 5521 σιβηὲ
645 5400 921 5453 commista
950 5398 1041 5452 Dei
1072 5408 1287 5459 natura,

305 5470 467 5521 Illinc
533 5471 679 5521 abuit
712 5478 761 5521 et
791 5484 986 5521 crassa:
1016 5468 1170 5521 molis
1198 5484 1284 5521 soc

303 5470 467 5525 Illinc
497 5468 679 5523 habuit
712 5478 761 5522 et
791 5484 986 5522 crassa:
1016 5468 1170 5521 molis
1198 5468 1519 5521 societatem.

308 5560 447 5631 (45).
500 5561 831 5631 Ἐκορσιοῂ-
863 5557 1035 5627 αὐτῇ.
1094 5558 1421 5631 _Volu_t_ttaria
1457 5561 1557 5631 ipsi
1604 5561 1802 5621 passio.

218 5626 352 5689 Ιτηὺ
386 5626 575 5683 libera.
613 5628 742 5681 Nam
775 5626 1028 5682 Christus
1060 5629 1133 5681 ait
1161 5646 1173 5681 :
1212 5626 1377 5681 Nemo
1410 5626 1547 5683 tollit
1573 5632 1803 5681 animam

220 5716 404 5755 meam
426 5716 457 5751 a
484 5714 597 5752 me:
627 5699 715 5751 sed
734 5714 825 5765 ego
849 5714 982 5765 pono
1009 5715 1121 5751 eam
1151 5716 1182 5751 a
1219 5715 1297 5752 me
1326 5700 1456 5765 ipso.
1487 5696 1553 5750 Et
1584 5706 1805 5765 potesta-

222 5782 343 5827 scm
384 5768 545 5824 habeo
603 5769 827 5837 ponendi
877 5770 1111 5822 animant
1158 5784 1344 5832 meam,
1393 5777 1441 5823 et
1490 5776 1799 5836 potestatem

1909 4728 2167 4799 accepisse
2198 4744 2231 4779 a
2269 4726 2451 4799 Patre,
2486 4726 2617 4781 nihil
2649 4730 3062 4799 aliudrostendit,
3091 4732 3124 4799 ἢ
3152 4726 3180 4784 ὃ
3201 4748 3251 4783 τι
3282 4726 3395 4784 ἐκεί

1906 4796 2241 4869 δοκεῖηοιξτο-
2282 4796 2393 4863 ἐγὼ
2442 4799 2602 4869 ποιῶ,
2638 4800 2763 4869 nisi.
2795 4798 2889 4852 hoc
2919 4816 3011 4869 ego
3046 4796 3185 4867 facio
3225 4800 3363 4868 quod
3391 4796 3473 4853 illi

1906 4865 2098 4937 pla_cet.
2138 4863 2271 4918 Inde
2311 4880 2373 4937 ne
2424 4866 2688 4921 audiendo
2725 4863 3182 4922 mandatum'eum
3212 4863 3473 4937 accepisse

1908 4952 1937 4988 a
1970 4934 2151 4994 Patre,
2176 4936 2493 5006 praeclarum
2526 4936 2620 4990 hoc
2657 4953 2786 5006 opus
2808 4937 3034 4992 alienum
3057 4937 3122 4990 ab
3149 4938 3263 5006 ipso
3288 4934 3472 4991 existi-

1909 5020 2104 5069 mares,
2130 5005 2334 5075 pergit:
2387 5023 2405 5056 ι
2436 5005 2617 5075 Bonus
2648 5005 2831 5073 pastor
2871 5008 3104 5060 animum
3142 5022 3293 5059 suam
3325 5008 3471 5075 ponit

1906 5088 2002 5144 pro
2036 5073 2214 5144 ovibus
2246 5076 2396 5127 suis:
2427 5092 2445 5125 ι
2480 5074 2600 5128 hinc
2633 5092 2759 5129 suas
2792 5092 2929 5141 oves,
2960 5085 3008 5129 et
3048 5076 3305 5144 quidquid
3327 5073 3472 5129 recte

1906 5143 2110 5214 factum
2152 5143 2242 5204 sit,
2293 5157 2448 5197 suum
2494 5160 2622 5213 opus
2660 5160 2794 5209 esse,
2820 5145 2908 5197 καὶ
2938 5146 2997 5198 οὐ
3028 5143 3281 5214 δεόμενον
3312 5144 3472 5198 αὑτὸν

1906 5211 2158 5284 εντολῆς,
2176 5228 2267 5265 nec
2292 5228 2346 5267 se
2379 5211 2635 5284 pra'ceptp
2659 5229 2825 5281 egere.
2862 5214 3064 5284 Eodem
3090 5211 3330 5284 Cyrillus
3358 5215 3469 5267 col-

1907 5281 2075 5353 lineat
2108 5282 2203 5353 lib.
2231 5284 2348 5353 sin
2379 5281 2514 5337 Juan
2544 5282 2823 5353 :VPaterna
2854 5281 3194 5353 βουλεύμαοὲα
3222 5284 3467 5353 consilia.

1910 5351 2109 5420 inquit,
2143 5349 2381 5420 ὲνίτάξει-
2404 5352 2651 5417 ἐντολῶν,
2694 5352 2808 5406 loco
2854 5349 3225 5406 mandatorum
3262 5352 3470 5407 Christo

1912 5419 2310 5490 fueritntsCum
2340 5424 2497 5485 enim,
2528 5432 2704 5483 utpote
2748 5423 2836 5490 qui
2878 5420 3098 5474 Verbum
3130 5430 3266 5487 erat,
3296 5423 3465 5474 consi-

1911 5488 1985 5543 lia
2020 5488 2199 5561 Patris
2234 5503 2539 5561 pernoscat,
2573 5488 2935 5559 Genitorisque
2972 5491 3241 5561 profunda
3269 5500 3469 5561 scrute-

1914 5570 2018 5625 tur,
2069 5558 2165 5630 hoc
2196 5558 2357 5630 quod
2381 5563 2426 5614 ei
2471 5562 2635 5614 risum
2689 5570 2790 5623 est,
2839 5558 3260 5630 exsequitur,“
3298 5560 3469 5630 instar

1912 5629 2155 5697 prwcepti
2184 5629 2355 5683 habet.
2396 5630 2492 5683 Ubi
2540 5632 2735 5698 repetit
2768 5630 2912 5699 quod
2950 5628 3106 5683 initio
3139 5629 3231 5682 lib.
3262 5642 3334 5682 vn
3356 5628 3462 5699 Ado-

1913 5707 2122 5773 cuera_t_,
2160 5699 2361 5752 Christi
2413 5697 2617 5753 dictum
2673 5697 2873 5770 ubique
2921 5699 3241 5773 accipiendo
3269 5697 3458 5755 eodem

1912 5782 2020 5837 quo
2052 5768 2481 5839 Chrysostomus
2506 5784 2691 5825 sensu.
