4182 6476
847 373 976 436 1075

2002 373 2058 428 S.
2097 372 2222 431 1οΛ
2232 372 2404 431 NNIS
2440 372 2851 452 DAMASCENI

3869 383 3997 447 10⁸16

842 488 948 530 tem
984 476 1332 544 comparavit.
1362 474 1434 526 Ita
1465 473 1661 542 quippe
1695 484 1818 527 ante
1870 474 2200 527 salutiferam
2247 489 2368 542 pas-
2394 481 2439 534 Α
2468 491 2493 525 τι

2344 504 2368 514 -
2394 481 2439 534 Α
2468 491 2564 537 πος
2591 477 2650 527 τὸ
2675 479 2930 545 ποτήριον
2987 479 3156 532 πίνειν
3183 481 3433 550 ἔμελλεν·
3468 485 3524 536 οὐ
3570 486 3674 553 γὰρ
3726 485 3802 546 ὡς
3847 490 3995 549 Θιός.

841 570 1048 620 sionem
1084 580 1233 618 suam
1269 565 1540 631 loquitur:
1569 563 1744 626 Pater,
1766 567 1811 616 si
1833 565 1946 628 ﬁeri
1978 573 2160 630 potest,
2196 573 2364 616 trans—

841 665 924 707 eat
960 671 991 705 a
1023 669 1099 704 me
1130 654 1268 703 calix
1296 653 1469 704 iste".
1499 650 1633 705 Illud
1658 667 1818 718 porro
1848 660 2077 712 constat,
2109 652 2246 717 quod
2310 659 2365 702 ut

844 746 1002 795 homo
1042 743 1260 794 calicem
1289 741 1556 794 hibiturus
1589 749 1734 791 erat:
1771 756 1873 791 non
1911 743 2052 791 enim
2092 750 2146 792 ut
2204 741 2361 792 Deus.

839 832 1016 894 Quare
1043 839 1297 896 tanquam
1338 831 1495 881 homo
1531 815 1752 881 calicem
1785 829 2012 882 transire
2050 831 2177 881 vult.
2242 828 2364 882 Haec

840 929 1019 970 autem
1049 919 1208 971 verba
1244 933 1272 969 a
1298 917 1529 969 naturali
1564 923 1733 980 metu,
1763 925 1816 968 et
1843 917 2208 970 imbecillitate
2243 932 2364 984 pro-

844 1003 978 1056 fecta
1017 1013 1160 1058 sunt.
1204 1004 1585 1067 Verumtamen,
1620 1004 1816 1070 inquit,
1869 1020 1970 1056 non
1986 1021 2097 1057 mea
2127 1005 2363 1063 voluntas

839 1091 1014 1158 ﬁat”,
1049 1098 1147 1144 hoc
1187 1102 1292 1154 est,
1327 1107 1432 1159 qua
1469 1093 1675 1145 ratione
1699 1093 1925 1146 diversa:
1955 1100 2063 1145 ate
2090 1108 2208 1145 sum
2237 1094 2363 1146 sub-

839 1183 1089 1244 stantiae;
1141 1182 1228 1233 sed
1279 1193 1390 1244 tua,
1419 1183 1519 1234 hoc
1569 1189 1649 1234 est
1697 1196 1834 1244 mea,
1869 1189 2132 1249 quatenus
2178 1181 2363 1235 eadem

839 1271 966 1322 mihi
1000 1285 1063 1323 ac
1095 1272 1189 1323 tibi
1215 1272 1513 1324 substantia
1530 1280 1633 1324 est.
1655 1269 1784 1334 Quae
1804 1271 2016 1338 quidem
2041 1271 2228 1323 iterum
2251 1271 2363 1323 lor-

839 1361 906 1413 tis
933 1362 1095 1412 animi
1135 1362 1290 1413 verba
1340 1360 1660 1429 simuug
1681 1360 1889 1413 Etenim
1918 1360 2095 1411 anima
2130 1359 2362 1423 Domini,

839 1442 928 1507 qui
960 1441 1186 1508 benigna
1218 1456 1312 1493 sua
1357 1443 1632 1493 voluntate
1669 1442 1827 1491 homo
1862 1454 1984 1492 vere
2017 1441 2189 1492 lactus
2220 1447 2363 1502 erat,

835 1544 957 1581 cum
1009 1532 1303 1582 naturalem
1351 1530 1712 1582 inﬁrmitatem
1753 1537 1878 1581 ante
1926 1536 2144 1598 experta
2199 1534 2363 1591 esset,

835 1626 1091 1685 percepto
1123 1619 1330 1670 doloris
1398 1631 1557 1670 sensu
1592 1633 1655 1669 ex
1690 1619 1931 1685 corporis
1976 1616 2362 1684 disjunctione,

835 1707 1014 1759 divina
1072 1722 1287 1759 rursum
1334 1707 1612 1760 voluntate
1663 1706 2046 1766 corroborata,
2109 1705 2364 1758 adversus

2477 563 2559 625 Ὠς
2590 564 2867 632 ἄνθρωπος
2909 567 3085 618 τοίνυν
3122 569 3260 621 θέλει
3292 572 3352 621 τδ
3386 575 3634 640 ποτήριον
3671 575 3996 641 παρελθεῖν

2465 649 2631 701 ταῦτα
2661 652 2755 719 τῆς
2806 655 3036 722 φυσικῆς
3078 656 3273 718 δειλίας
3316 659 3382 708 τὰ
3439 661 3679 727 ρήματασ
3721 662 3898 727 Πλὴν
3917 664 3995 727 μὴ

2463 739 2527 789 τὸ
2560 739 2702 805 ἐμὸν
2729 742 2984 807 γενέσθω
3019 742 3262 810 θέλημα,
3284 747 3398 812 ἢτοι
3446 747 3560 797 καθ’
3583 749 3610 798 ὃ
3641 749 3730 799 σοῦ
3757 749 3995 816 ὲτεριοού-

2466 829 2578 889 σιός
2604 832 2738 896 είμι,
2772 831 2904 882 ἀλλὰ
2928 833 2986 882 τὸ
3011 832 3118 895 σὺν,
3151 834 3268 900 ἦτοι
3298 833 3359 883 τὸ
3399 835 3526 901 ἐμὸν
3557 837 3649 885 xal
3671 837 3758 886 σὺν
3795 837 3844 897 δ,
3885 823 4002 886 καθ’

2463 918 2491 968 ὃ
2528 919 2609 969 σοὶ
2636 920 2850 986 πέφυκα
2883 920 3162 989 ὁμοούσιος
3180 939 3192 950 ·
3225 923 3397 974 ταῦτα
3423 923 3520 990 τῆς
3540 925 3824 990 εὐτολμίας
3841 924 3995 975 πάλιν

2466 1007 2682 1073 ῥήματα
2704 1021 2717 1032 ·
2752 1007 3008 1075 πρότερον
3038 1009 3144 1075 γὰρ
3175 1010 3273 1075 τῆς
3321 1011 3550 1076 φυσικῆς
3577 1011 3856 1070 ἀσθενείας
3882 1027 3994 1060 πει-

2468 1092 2706 1158 ραθεῖσα,
2741 1097 2857 1145 κατ’
2889 1095 3136 1162 αἴσθησιν
3156 1097 3254 1161 τὴν
3287 1098 3378 1147 ἐπὶ
3406 1097 3480 1164 τῷ
3508 1097 3770 1165 χωρισμῷ
3797 1097 3994 1147 καὶτοῦ

2466 1177 2711 1247 σώματος
2758 1182 2847 1232 καὶ
2892 1183 3120 1249 φυσικὴν
3170 1182 3506 1249 συμπάθειαν
3550 1184 3794 1234 παθοῦσα
3847 1187 3880 1251 ἠ
3912 1184 3995 1234 τοῦ

2465 1268 2670 1335 Κυρίου
2701 1268 2864 1336 ψυχὴ,
2902 1268 2977 1329 ὡς
3003 1269 3216 1336 ἀληθῶς
3252 1270 3537 1339 ἀνθρώπου
3563 1273 3853 1338 γενομένου
3886 1273 3996 1323 κατ’

2465 1358 2709 1408 εὐδοκίαν
2734 1357 2896 1408 αὐτοῦ
2919 1374 2930 1384 ·
2953 1353 3108 1419 αὖθις
3126 1358 3202 1426 τῷ
3226 1359 3353 1427 θείῳ
3377 1362 3698 1430 νευρωθείσα
3716 1361 3993 1428 θελήματι,

2463 1447 2554 1498 τοῦ
2585 1447 2812 1531 (iuva/ceu
2857 1449 3341 1517 καταθαρῥύνεται.
3387 1449 3597 1517 Ἐπειδὴ
3632 1451 3738 1518 γὰρ
3779 1453 3809 1502 ὁ
3846 1449 3995 1508 αὐτὸς

2461 1537 2578 1597 ὅλος
2607 1532 2672 1604 ἦν
2699 1537 2828 1597 Θεὸς
2847 1537 2981 1604 μετὰ
2996 1539 3092 1605 τῆς
3111 1537 3524 1605 ἁνθρωπότητος
3551 1538 3734 1601 αὐτοῦ,
3767 1539 3863 1588 καὶ
3888 1537 3996 1596 ὅλος

2464 1625 2743 1692 ἄνθρωπος
2775 1626 2910 1691 μετὰ
2938 1625 3035 1692 τῆς
3082 1623 3244 1676 αὐτοῦ
3292 1623 3534 1689 θεότητος
3554 1664 3568 1685 ,
3613 1625 3773 1682 αὐτὸς
3805 1623 3880 1682 ὡς
3910 1622 3995 1673 ἄνα

2466 1711 2676 1778 Θρωπος
2706 1714 2762 1763 έν
2796 1711 2971 1780 ἑαυτῷ
3002 1711 3094 1762 καὶ
3120 1711 3185 1762 δι’
3215 1712 3406 1764 ἑαυτοῦ
3440 1712 3666 1773 ὑπέταξε
3698 1712 3759 1762 τὸ
3797 1710 3995 1778 ἀνθρώ-

835 1803 1060 1848 mortem
1089 1796 1370 1848 audaciam
1403 1794 1660 1862 concipit.
1729 1792 1858 1844 Nam
1912 1793 2040 1860 quia
2099 1801 2154 1845 et
2216 1801 2360 1846 totus
2396 1793 2433 1845 Β
2464 1816 2486 1849 τ

2344 1809 2360 1846 5
2396 1793 2433 1845 Β
2464 1816 2615 1850 πινον
2635 1801 2711 1867 τῷ
2732 1800 2849 1868 Θεῷ
2876 1801 2965 1852 καὶ
3003 1800 3195 1868 Πατρὶ,
3216 1799 3385 1851 τύπον
3416 1801 3544 1868 ἡμῖν
3574 1800 3764 1851 ἑαυτὸν
3787 1801 3995 1866 ἄριστον

837 1880 980 1934 Deus
1014 1890 1130 1933 erat
1158 1895 1280 1933 cum
1304 1895 1398 1933 sua
1429 1880 1784 1940 humanitate,
1814 1885 1867 1930 et
1885 1885 2031 1930 totus
2059 1879 2217 1930 homo
2240 1894 2358 1932 cum

842 1983 937 2026 sua
971 1970 1274 2034 divinitate,
1311 1971 1421 2037 ipse
1449 1977 1701 2035 tanquam
1733 1967 1894 2019 homo
1927 1967 1979 2018 in
2009 1982 2067 2019 se
2097 1978 2148 2019 et
2182 1983 2276 2034 per
2302 1984 2360 2022 se

2465 1889 2554 1938 καὶ
2587 1888 2942 1957 ὐπόγραμμον
2967 1888 3158 1951 διδοὺς,
3194 1888 3289 1940 ml.
3322 1888 3556 1956 ὑπήκοος
3589 1889 3666 1956 τῷ
3699 1888 3876 1956 Πατρὶ
3912 1888 3993 1952 γέ-

2463 1992 2632 2040 γονεν.

858 2058 890 2111 d
917 2057 1062 2125 quod
1094 2059 1386 2111 humanum
1416 2063 1552 2121 erat,
1585 2055 1695 2109 Deo
1725 2063 1777 2109 et
1811 2054 1955 2107 Patri
2012 2056 2262 2124 subjecit,
2297 2067 2350 2109 et
2389 2059 2534 2115 Patri
2565 2063 2741 2117 lactus
2798 2064 3075 2130 obediens,
3115 2063 3615 2133 praestantissimam
3668 2078 3790 2117 sese
3858 2062 3999 2116 nobis

837 2143 1057 2201 lormam
1086 2155 1140 2200 et
1165 2148 1464 2213 exemplum
1501 2145 1743 2213 praebuit.

903 2234 1129 2289 Frustra
1181 2238 1316 2288 ratio
1344 2237 1394 2286 in
1426 2236 1649 2294 homine,
1677 2236 1720 2286 si
1749 2233 1880 2286 desit
1914 2233 1994 2286 illi
2040 2235 2271 2286 libertas.
2299 2265 2365 2274 —

836 2326 1031 2380 Libere
1067 2340 1222 2393 porro
1282 2325 1492 2378 volebat
1535 2331 1646 2375 tum
1680 2323 1894 2384 divinae,
1951 2332 2060 2374 tum
2120 2322 2366 2376 humana:

839 2419 1133 2469 voluntatis
1162 2416 1387 2465 ratione.
1420 2412 1579 2466 Omni
1625 2412 1824 2480 quippe
1873 2419 2075 2464 natura:
2120 2412 2364 2464 rationali

838 2505 1001 2558 libera
1032 2505 1279 2556 voluntas
1312 2517 1339 2553 a
1371 2512 1561 2555 natura
1593 2502 1753 2554 insita
1779 2507 1882 2552 est.
1920 2499 2188 2563 Quorsum
2221 2502 2362 2554 enim

836 2593 1034 2661 alioqui
1064 2601 1264 2659 partem
1301 2592 1621 2644 rationalem
1663 2590 1902 2651 habebit,
1953 2589 1998 2642 si
2057 2605 2161 2641 non
2203 2590 2367 2642 libere

836 2681 1234 2733 ratiocinatur?
1282 2677 1413 2730 Nam
1457 2678 1754 2731 naturalem
1793 2677 2008 2746 quidem
2063 2679 2362 2746 appetitum

837 2785 1078 2822 summus
1110 2769 1307 2836 Opilex
1352 2768 1524 2820 brutis
1556 2767 1721 2818 etiam
1756 2765 1968 2827 indidit,
2003 2780 2112 2832 quo
2160 2765 2224 2817 ad
2257 2779 2367 2818 sua:

845 2867 1050 2911 natura:
1079 2858 1546 2910 conservationem
1577 2858 1894 2909 necessitate
1918 2856 2208 2908 ducuntur.
2229 2855 2362 2907 Cum

835 2947 980 2999 enim
1013 2946 1218 2998 ratione
1244 2951 1481 3005 careant,
1523 2945 1721 2996 ducere
1760 2959 1863 2995 non
1905 2950 2148 3010 possunt,
2180 2958 2362 2995 verum

835 3035 1068 3087 naturali
1095 3033 1369 3086 ducuntur
1395 3032 1652 3099 appetitu.
1712 3031 1786 3082 Ex
1846 3045 1952 3097 quo
1987 3031 2062 3092 lit,
2119 3039 2173 3082 ut
2207 3030 2366 3082 simul

2535 2237 2903 2298 Δύτεεουσίως
2957 2236 3012 2289 δὲ
3055 2237 3210 2306 ἤθελε
3251 2236 3329 2304 τῷ
3385 2235 3511 2304 θέίῳ
3555 2237 3646 2286 καὶ
3685 2237 4001 2307 ἀνθρωπίνῳ

2465 2323 2741 2391 θελήματι.
2773 2324 2926 2394 Πάσῃ
2948 2325 3052 2393 γὰρ
3087 2325 3276 2394 λογικῇ
3305 2324 3462 2392 φύσει
3488 2324 3699 2386 πάντως
3720 2327 4000 2394 ἐμπέφυκε

2462 2413 2522 2464 τὸ
2552 2413 2891 2477 αὐτεξούσιον
2938 2415 3164 2486 θέλημα.
3197 2418 3288 2481 Ei;
3321 2421 3373 2471 τί
3396 2421 3502 2490 γὰρ
3539 2421 3644 2483 ἔξει
3675 2423 3735 2472 τό
3770 2423 3999 2488 λογικὸν,

2468 2500 2539 2568 μὴ
2575 2501 2931 2564 αὐτεξουσίως
2979 2503 3325 2574 λογιζομένη;
3381 2507 3477 2576 τὴν
3505 2509 3600 2576 μὲν
3633 2511 3742 2576 γὰρ
3775 2513 4000 2578 φυσικὴν

2461 2585 2634 2656 ὄρεξιν
2655 2589 2744 2640 καὶ
2769 2593 2878 2652 τοῖς
2904 2591 3115 2658 ἀλόγοις
3145 2593 3300 2658 ζώοις
3317 2597 3344 2647 ὀ
3365 2597 3694 2666 Δημιουργδς
3726 2600 4000 2667 ὲνέσπειρε

2462 2676 2596 2742 πρὸς
2647 2675 2900 2728 σύστασιν
2944 2680 3042 2746 τῆς
3096 2679 3297 2742 οίκείας
3333 2681 3542 2748 φύσεως
3582 2685 4002 2750 ἡναγκασμένως

2461 2766 2593 2817 αὐτὰ
2621 2766 2872 2831 ἁγουσαν.
2909 2767 3082 2833 Λόγου
3121 2769 3228 2838 γὰρ
3260 2770 3589 2838 ἀμοιροῦντα
3623 2782 3643 2808 ε
3687 2773 3747 2822 οὐ
3789 2771 4002 2822 δύναται

2466 2855 2634 2921 ἄγειν,
2683 2856 2794 2906 ἀλλ’
2822 2855 3011 2920 ἄγεται
3043 2857 3146 2907 ὑπὸ
3173 2858 3266 2925 τῆς
3300 2859 3530 2926 φυσικῆς
3550 2859 3805 2926 ὀρέξεως.
3853 2860 4004 2910 Ὀθεν

2469 2942 2580 3009 ἅμα
2618 2945 2649 3009 ἡ
2684 2944 2857 3010 ὄρεξις
2887 2946 3127 3012 γένηται,
3158 2945 3354 3007 εὐθέως
3385 2948 3476 2998 καὶ
3517 2950 3548 3014 ἡ
3581 2949 3714 3016 πρὸς
3744 2950 3848 3015 τὴν
3879 2952 4003 3017 πρᾶ-

2471 3029 2547 3092 ξιν
2569 3032 2708 3098 ὁρμή
2731 3047 2743 3061 ο
2775 3034 2833 3081 οὐ
2869 3032 2973 3100 γὰρ
3002 3032 3162 3100 λόγῳ,
3191 3033 3222 3100 ἢ
3251 3033 3430 3102 βουλῇ,
3462 3034 3493 3101 ἦ
3530 3034 3736 3101 σκέψει,
3772 3037 3806 3102 ἦ
3840 3036 4001 3104 κρίσει

836 3129 999 3188 atque
1037 3120 1302 3187 appetitus
1335 3118 1526 3180 oritur,
1560 3119 1740 3172 statim
1774 3117 1840 3168 ad
1882 3117 2143 3184 agendum
2187 3117 2360 3184 presi-
2396 3109 2438 3165 C
2471 3135 2487 3169 ι

2348 3144 2360 3154 -
2396 3109 2438 3165 C
2471 3118 2746 3186 κέχρηται.
2780 3118 2935 3169 Ὅθεν
2955 3118 3076 3170 οὐτε
3105 3120 3179 3180 ὡς
3198 3121 3395 3188 ἀρετὴν
3415 3123 3658 3188 μετιόντα
3689 3123 3999 3180 ἐπαινεῖται,

835 3210 988 3261 liant.
1023 3209 1204 3275 Neque
1227 3209 1371 3261 enim
1399 3208 1607 3259 ratione
1635 3213 1726 3258 aut
1758 3205 2008 3270 consilio,
2034 3213 2128 3257 aut
2186 3204 2367 3257 consi-

833 3299 1131 3360 dcratione,
1181 3307 1272 3349 aut
1319 3297 1523 3362 judicio
1581 3302 1824 3347 utuntur.
1883 3295 1956 3348 Ac
2004 3293 2228 3362 proinde
2268 3307 2368 3346 nec

835 3387 983 3438 velut
1008 3387 1191 3438 virtuti
1218 3386 1489 3438 studentia
1529 3384 1842 3444 laudantur,
1874 3397 1936 3434 ac
1973 3383 2123 3434 beata
2147 3385 2367 3434 censen-

836 3481 924 3526 tur
953 3491 966 3538 ;
1002 3489 1099 3526 nec
1137 3485 1390 3539 tanquam
1423 3473 1622 3522 malum
1657 3471 1869 3537 agentia
1903 3469 2226 3537 plectuntur.
2267 3469 2370 3521 Na-

2464 3208 2557 3257 καὶ
2589 3205 2965 3273 μακαρίζεται,
3018 3206 3140 3258 οὔτε
3181 3207 3257 3269 ὡς
3287 3207 3477 3259 κακίαν
3507 3210 3817 3278 πράττοντα
3859 3212 4002 3260 κολά-

2463 3293 2631 3356 ζεται.
2667 3293 2725 3344 'll
2755 3293 2809 3343 δὲ
2839 3294 3024 3362 λογικὴ
3059 3294 3216 3361 φύσις
3240 3295 3354 3362 ἔχει
3387 3297 3482 3362 μὲν
3516 3297 3609 3362 τὴν
3639 3301 3885 3366 φυσικὴν
3906 3300 4004 3367 δρε-

2463 3381 2543 3446 ξιν
2573 3382 2913 3448 κινουμένην,
2963 3383 3064 3432 ὐπὸ
3096 3384 3149 3433 δὲ
3187 3384 3279 3434 τοῦ
3311 3385 3478 3448 Λόγου
3517 3386 3795 3452 ἀγομένην
3832 3404 3889 3436 τε
3924 3389 4003 3436 καὶ

2466 3470 2860 3538 ρυθμιζομένην
2891 3473 2980 3522 ἐπὶ
3005 3471 3109 3522 τῶν
3139 3473 3512 3537 φυλασσόντων
3538 3473 3598 3523 τὸ
3630 3475 3775 3524 κατὰ
3817 3477 4001 3539 φύσιν·

838 3574 953 3614 tura
990 3575 1118 3614 vero
1151 3559 1426 3612 rationalis
1476 3559 1633 3611 habet
1664 3558 1881 3624 quidem
1931 3559 2228 3611 naturalem
2275 3571 2370 3624 ap-
2463 3575 2489 3609 τ

2327 3572 2370 3608 ι·
2463 3558 2552 3610 τοῦ
2587 3560 2691 3627 γὰρ
2725 3559 2895 3624 Λόγου
2928 3560 3247 3628 προτέρημα
3284 3560 3438 3611 τοῦτό
3475 3563 3637 3620 ἐστιν,
3679 3564 3718 3628 ἡ
3757 3563 3978 3626 αὐτεξού

835 3651 1082 3716 petitum,
1107 3649 1197 3718 qui
1223 3656 1545 3711 moveatur;
1585 3647 1848 3713 ejusmodi
1900 3657 2098 3708 tamen,
2133 3655 2188 3697 ut
2223 3645 2273 3696 in
2298 3645 2364 3697 iis

833 3755 952 3807 qua:
984 3747 1195 3792 natura:
1229 3747 1642 3791 consentaneum
1695 3737 2066 3790 rectitudinem
2119 3742 2362 3796 servant,

835 3842 864 3878 a
891 3827 1094 3878 ratione
1114 3827 1440 3892 gubernetur
1467 3839 1527 3876 ac
1555 3832 1928 3891 componatur.
1957 3821 2201 3874 Rationis
2223 3822 2364 3874 enim

2471 3662 2580 3702 σιος
2619 3646 2848 3711 θέλησις,
2880 3647 3067 3713 ἥντινα
3114 3649 3346 3715 φυσικὴν
3377 3649 3432 3697 ἐν
3469 3647 3543 3713 τῷ
3575 3648 3780 3714 λογικῷ
3842 3665 4004 3716 φαμεν

2470 3733 2681 3801 κίνησιν
2699 3751 2710 3762 ·
2740 3734 2816 3784 διὸ
2839 3735 2934 3784 καὶ
2961 3733 3034 3794 ὡς
3057 3729 3254 3801 ἀρετὴν
3291 3734 3541 3802 μετιοῦσα
3581 3737 3892 3786 ἐπαινεῖται
3926 3737 4004 3786 καὶ

2474 3821 2851 3889 μακαρίζεται,
2893 3822 2986 3872 καὶ
3008 3821 3080 3881 ὼς
3112 3819 3308 3871 κακίαν
3345 3822 3601 3888 μετιοῦσα
3630 3821 3944 3882 κολάζεται.

840 3917 1190 3985 praecellentia
1221 3916 1332 3967 hrcc
1361 3921 1465 3976 est,
1509 3914 1692 3966 liberae
1746 3913 2022 3980 potestatis
2057 3914 2341 3964 voluntas:
2380 3925 2538 3978 quam
2568 3911 2782 3978 quidem
2809 3911 3104 3963 naturalem
3149 3920 3351 3962 motum
3417 3912 3470 3963 in
3553 3912 3865 3966 substantia
3933 3927 4008 3962 ra-

837 4010 1018 4064 tionali
1055 4008 1302 4060 dicimus.
1349 4004 1525 4071 anue
1560 4003 1625 4055 de
1665 4016 1826 4055 causa
1869 4009 1921 4055 et
1954 4016 2074 4054 cum
2117 4003 2362 4055 virtutem
2396 4001 2546 4064 colit,
2576 3999 2783 4052 laudem
2806 4001 3028 4061 obtinet,
3075 4013 3136 4051 ac
3169 3999 3317 4051 beata
3343 4000 3665 4066 praedicatur
3694 4017 3708 4061 ;
3779 4014 3838 4053 et
3895 4015 4004 4053 cum

837 4118 892 4155 se
917 4101 1042 4152 vitio
1074 4098 1240 4156 dedit,
1274 4097 1512 4163 punitur.

910 4191 1110 4242 Divina:
1139 4197 1184 4239 et
1210 4187 1449 4237 humana:
1483 4185 1762 4241 voluntatis
1790 4183 2069 4234 discrimen
2106 4183 2159 4233 in
2213 4180 2366 4234 Chri-
2542 4177 2561 4193 ”

2355 4209 2366 4218 -
2542 4177 2701 4226 Ὥστε
2718 4174 2869 4242 ἤθελε
2905 4174 3000 4241 μὲν
3033 4173 3383 4237 αὐτεξουσίως
3412 4175 3698 4241 κινουμένη
3732 4176 3764 4241 ή
3785 4175 3885 4226 τοῦ
3913 4178 4006 4228 Κυ-

836 4287 934 4330 sto.
960 4306 1024 4315 —
1058 4273 1251 4340 Ergo"
1292 4273 1504 4324 volebat
1531 4270 1744 4338 quidem
1778 4269 1988 4321 Domini
2011 4268 2370 4321 aninialiberc
2473 4281 2487 4334 ι

2357 4281 2370 4321 3
2473 4266 2586 4334 ρίου
2626 4264 2791 4331 ψυχὴ,
2815 4264 2924 4314 ἀλλ’
2956 4265 3130 4314 ὲκείνα
3162 4263 3510 4325 αὐτεξουσίως
3532 4263 3747 4330 ἤθελεν,
3780 4267 3818 4315 ἃ.
3844 4267 3878 4332 ή
3907 4266 4008 4316 θεία

833 4368 1084 4426 excitata,
1122 4362 1213 4415 sed
1254 4375 1315 4412 ea
1339 4360 1502 4412 libere
1530 4357 1742 4411 demum
1785 4356 2013 4418 volebat,
2047 4370 2165 4423 qua:
2191 4355 2368 4405 divina
2473 4371 2484 4406 ι

2359 4371 2368 4405 ι
2473 4353 2637 4406 αὐτοῦ
2669 4354 2882 4419 θέλησις
2912 4352 3066 4420 ἠθελε
3096 4351 3268 4403 θέλειν
3317 4352 3509 4418 αὐτήν.
3541 4353 3616 4402 00
3651 4354 3764 4420 γὰρ
3791 4355 4010 4422 νεύματι

838 4454 1004 4522 ipsius
1034 4451 1282 4502 voluntas
1311 4446 1445 4499 velle
1472 4460 1586 4497 eam
1624 4446 1856 4498 volebat.
1886 4442 2002 4495 Non
2031 4444 2173 4496 enim
2213 4441 2367 4495 Verbi
2467 4459 2489 4494 -ι

2362 4442 2367 4494 i
2467 4441 2561 4494 τοῦ
2594 4441 2765 4508 Λόγου
2800 4443 2830 4508 ὴ
2865 4439 2999 4510 σὰρξ
3029 4443 3256 4502 ἐκινεῖτο
3279 4456 3291 4469 ·
3323 4441 3415 4491 καὶ
3446 4439 3686 4506 Μωῦσῆς
3719 4440 3746 4478 ἀ
3776 4441 3889 4510 γὰρ
3932 4443 4013 4491 καί

836 4551 969 4595 nutu
1002 4554 1128 4591 caro
1160 4539 1505 4596 movebatur,
1549 4533 1703 4599 juxta
1757 4547 1819 4584 ac
1866 4533 2040 4586 Moses
2091 4545 2142 4585 et
2192 4533 2365 4584 sancti
2401 4548 2487 4630 D1

2361 4534 2365 4582 i
2401 4577 2442 4630 Β
2471 4533 2668 4589 πάντες
2699 4533 2747 4582 οἱ
2777 4532 2918 4597 ἅγιοι
2947 4531 3170 4597 νεύματι
3191 4529 3316 4597 θείῳ
3337 4529 3632 4581 ἐκινοῦντο·
3665 4530 3786 4580 ἀλλ’
3808 4533 3838 4581 6
3867 4532 4012 4590 αὐτὸς

833 4645 1020 4683 omnes
1051 4628 1235 4680 divino
1259 4633 1392 4678 nutu
1427 4625 1818 4676 movebantur:
1852 4637 2032 4674 verum
2066 4623 2202 4674 idem
2233 4622 2366 4688 ipse,
2401 4619 2438 4630 ”
2471 4640 2484 4673 ε

2364 4664 2366 4672 ,
2401 4619 2438 4630 ”
2471 4619 2549 4682 εἷς
2572 4621 2645 4672 ὢν
2678 4621 2807 4682 Θενός
2831 4637 2888 4672 τε
2919 4621 3008 4671 καὶ
3045 4619 3344 4686 ἄνθρωπος,
3370 4620 3505 4671 κατά
3526 4635 3583 4669 τε
3616 4620 3719 4686 τὴν
3749 4620 3910 4673 θείαν
3931 4620 4015 4670 καὶ

834 4735 954 4773 cum
987 4728 1038 4772 et
1072 4717 1212 4769 Deus
1243 4725 1295 4768 et
1327 4715 1486 4766 homo
1515 4721 1686 4767 esset.
1724 4723 1837 4764 tum
1870 4713 2052 4764 divina
2074 4752 2088 4776 ,
2123 4722 2232 4764 tum
2267 4715 2363 4765 liu-
2470 4729 2485 4761 ιι

2470 4713 2566 4780 τὴν
2603 4710 2945 4778 ἀνθρωπίνην
2973 4708 3124 4775 ἡθελε
3157 4708 3371 4775 θέλησιν
3391 4725 3403 4738 ·
3434 4707 3510 4759 διὸ
3531 4709 3593 4759 οὐ
3619 4707 3840 4777 γνώμῃ,
3871 4726 4015 4774 φυσι-

836 4825 991 4861 mana
1020 4808 1292 4860 voluntate
1319 4805 1550 4857 volebat.
1585 4802 1676 4856 0b.
1696 4817 1812 4856 eam
1848 4817 2070 4856 causam
2103 4819 2207 4856 non
2239 4791 2367 4855 con;
2473 4817 2487 4850 ι

2361 4831 2367 4841 ι
2473 4801 2538 4867 κῇ
2562 4799 2614 4849 δὲ
2647 4798 2840 4866 μᾶλλον
2883 4797 3126 4865 δυνάμει,
3173 4798 3228 4846 αἱ
3268 4797 3359 4848 δύο
3405 4796 3496 4846 τοῦ
3526 4796 3733 4863 Κυρίου
3773 4796 4012 4864 θελήσεις

835 4900 955 4952 silio
991 4914 1050 4950 ac
1087 4896 1358 4949 sententia
1384 4937 1396 4956 ,
1436 4893 1527 4947 sed
1568 4894 1834 4945 naturalis
1875 4893 2053 4960 potius
2091 4891 2365 4944 facultatis
2469 4889 2486 4939 ἐ

2360 4909 2365 4941 ι
2469 4888 2711 4954 διέφερον
2745 4886 3002 4954 ἀλλήλων.
3070 4886 3129 4937 'H
3169 4887 3265 4953 μὲν
3296 4886 3401 4952 γὰρ
3429 4885 3546 4936 θεία
3593 4885 3762 4936 αὐτοῦ
3801 4885 4011 4952 θέλησις

837 4989 1078 5046 talione,
1110 4985 1229 5038 dua:
1271 4984 1478 5035 Domini
1518 4983 1827 5053 voluntates
1867 4983 2005 5035 inter
2045 4998 2101 5036 sc
2136 4983 2365 5035 dissidc-
2469 4982 2488 5033 ό

2360 5010 2365 5019 ~
2469 4981 2695 5047 ἄναρχός
2725 4996 2782 5030 τε
2817 4981 2907 5029 καὶ
2932 4979 3262 5047 παντουργὸς
3289 4975 3373 5046 ἦν,
3401 4977 3666 5044 ἑπομένην
3695 4978 3904 5043 ἔχουσα
3923 4980 4011 5042 τὴν

837 5077 983 5129 bant.
1033 5075 1239 5128 Etenim
1293 5073 1472 5125 divina
1528 5056 1650 5140 ejus
1701 5073 1948 5124 voluntas
1989 5071 2235 5138 principii
2275 5086 2367 5122 cx-
2473 5068 2488 5118 ί

2358 5101 2367 5111 -
2473 5068 2716 5134 δύναμιν,
2746 5067 2836 5117 καὶ
2857 5065 3063 5133 ἀπαθής
3089 5082 3100 5093 ·
3126 5067 3157 5133 ή
3183 5067 3236 5117 δὲ
3267 5065 3573 5134 ἀνθρωπίνη
3604 5063 3770 5116 αὑτοῦ
3797 5064 4009 5132 θέλησις

905 5251 947 5280 ¹⁹
980 5249 1164 5301 Matth.
1223 5264 1368 5310 xxvt,
1406 5250 1505 5310 59;
1559 5247 1688 5299 an.
1747 5262 1879 5307 uti,
1913 5247 1998 5298 η.
2034 5246 2208 5297 Lucus
2240 5261 2387 5313 saepe
2412 5244 2479 5296 ab
2513 5243 2826 5313 Athanasio,
2861 5239 3196 5313 Nazianz:_et
3259 5239 3672 5313 Chrysostoinm
3723 5237 4004 5304 expositu:

837 5327 887 5370 ct
915 5320 1004 5370 cit.
1041 5325 1144 5368 act.
1179 5318 1243 5370 10
1308 5305 1470 5370 sexta-
1496 5305 1503 5310 ⁷
1532 5317 1746 5384 synodi.
1806 5305 2013 5367 "ibid.
2098 5316 2135 5344 "
2168 5305 2330 5364 Max:
2363 5310 2480 5362 Dial
2511 5328 2624 5374 (um
2653 5310 2873 5378 Pyrrho.
2905 5309 3061 5378 (ἶνες.
3089 5307 3215 5359 Naz.
3244 5325 3327 5395 ep.
3375 5311 3422 5370 1,
3456 5305 3520 5359 ad
3549 5305 3696 5357 (lled.

2114 5423 2345 5477 νιιιιΑῑ
2386 5420 2783 5476 LECTIONES.

908 5555 930 5586 ι
965 5549 1018 5601 In
1043 5549 1199 5602 editis
1227 5547 1373 5598 deest
1403 5549 1488 5600 ml.
1512 5547 1620 5596 σύν.
1667 5556 1686 5580 ε
1719 5543 1863 5594 Multi
1893 5543 2100 5593 (indici-.3
2127 5539 2423 5605 ἀμοιροῦτα
2459 5579 2469 5587 .
2511 5577 2522 5588 .
2563 5577 2575 5589 .
2619 5526 3654 5605 petioiaa.__contraorationis.scricm,
3695 5539 3816 5591 qum
3852 5525 3996 5578 bruta

864 5594 1373 5671 culii-rationalibus
1397 5594 1713 5668 s’iIIVDStaiiliis
1747 5621 2041 5679 computat.
2078 5594 2240 5662 lidius
2263 5594 2451 5659 ἰλιιριιι
2475 5594 2792 5670 interpretes
2819 5609 2868 5655 ct
2890 5601 3039 5654 Coll).
3081 5599 3228 5651 1.539.
3304 5595 3326 5633 δ
3361 5595 3466 5648 Ais.
3499 5594 3716 5659 Μωσῆς.
