4182 6476
166 411 287 482 1101

631 527 874 579 usus.
909 522 1012 576 KO'
1049 520 1212 593 (om.

464 616 599 683 Περὶ
631 613 737 680 τῆς
763 613 832 665 ἐν
863 609 942 676 τῷ
965 611 1076 678 ᾅδῃ
1105 609 1382 662 καθόδου.

231 708 479 764 Κὰτιισιν
500 707 578 767 sl;
603 704 734 775 ᾅδην
748 703 862 772 (58)
883 700 1028 771 ψυχὴ
1048 698 1380 768 τεθεωμένη,
1404 696 1491 750 ῐνα
1511 694 1660 748 ὥσπε
1669 710 1699 763 ρ

166 802 270 861 τοῖς
300 801 356 851 tv
381 800 450 868 γῇ
487 798 516 848 ὁ
545 799 642 865 τῆς
677 792 1019 860 δικαιοσύνης
1053 788 1321 844 ἀνέτειλεν
1367 787 1538 856 ἣλιος,
1563 785 1702 837 οὕτω

167 892 384 952 καὶτοῖς
416 888 518 940 ὑπὸ
545 887 646 954 γῆν
672 886 729 937 ιν
759 883 936 936 σκότει
960 881 1052 934 καὶ
1089 880 1216 949 σκιᾷ
1251 877 1480 930 Θανάτου
1510 876 1540 916 δ
1569 873 1700 928 καθ-

167 981 380 1052 ημένοις
407 975 683 1046 ἐπιλάμψῃ
725 975 785 1027 τὸ
833 972 980 1042 φῶςο
1025 971 1092 1023 ἵν’
1131 967 1318 1036 ὥσπερ
1371 968 1481 1026 τοῖς
1526 965 1585 1017 ἔν
1631 965 1702 1052 γῇ

169 1051 548 1141 εὐηγγελίσατο
602 1066 860 1136 εἰρήνην,
918 1058 1284 1132 αἰχμαλώτοις
1326 1056 1558 1124 ἄφεσιν,
1611 1051 1706 1105 καὶ

169 1163 380 1230 τυφλοῖς
407 1157 717 1228 ἀνάϐλεψιν,
748 1155 973 1218 καὶτοῖς
1007 1153 1105 1223 μιν
1133 1147 1455 1203 πιστεύσασι
1482 1145 1705 1213 γεγονεν

171 1250 334 1310 αἴτιος
389 1246 656 1316 σωτηρίας
720 1240 974 1304 αἰωνίου,
1028 1240 1140 1300 τοῖς
1200 1236 1260 1289 δὲ
1323 1233 1703 1304 ἀπειθήσασιν,

171 1339 419 1399 ἀπιστίας
445 1336 683 1404 ἔλεγχος,
716 1332 858 1384 οὕτω
887 1329 983 1383 καὶ
1027 1330 1138 1390 τοϊς
1167 1328 1224 1378 ἐν
1251 1323 1506 1396 ᾇδουβθ)
1527 1338 1539 1352 ·
1575 1321 1698 1375 'Ira

173 1427 325 1491 αὐτῷ
353 1424 472 1480 πᾶν
496 1408 651 1492 τότ-ν’
675 1420 884 1491 κάμψῃ
919 1416 1290 1484 ἐπουρανίων
1319 1413 1416 1467 και
1440 1411 1712 1479 ἐπετείων

180 1520 273 1572 και
323 1514 760 1583 καταχθονίων,
809 1511 903 1564 καὶ
949 1508 1094 1561 οὕτω
1143 1505 1271 1566 τοὺς
1312 1503 1407 1557 ἀπ’
1454 1500 1708 1554 αιώνωνε

176 1608 336 1671 λύσας
365 1604 786 1676 πτπτδημένους,
814 1596 968 1663 αὖθις
1001 1600 1065 1652 ιιι
1093 1595 1302 1668 νικρῶν
1334 1593 1707 1662 ἁνιφοιτησεν,

173 1698 486 1768 ὁδοποιήσας
516 1698 647 1767 ἡμῖν
670 1693 770 1764 τὴν
799 1691 1119 1746 ἀνάστασιν.

1231 409 1327 469 DE
1367 408 1540 467 FIDE
1577 402 2029 464 ORTIIODOXA
2059 400 2203 458 LII}.
2244 399 2337 456 1V.

3201 382 3335 450 1102

2373 505 2522 561 CAI’.
2565 503 2746 558 XXIX.

2215 597 2292 652 De
2327 598 2577 652 descensu
2617 597 2685 649 ad
2715 593 2926 662 inferos.

1869 689 1951 745 Ob
1980 689 2032 743 id
2061 703 2224 764 porro
2256 689 2502 743 deitlcata
2542 689 2719 741 anima
2761 685 2828 739 ad
2874 684 3075 739 inferos
3113 690 3340 739 descen-

1802 781 1899 844 dit,
1931 787 1990 833 ut
2015 778 2469 848 quemadmodum
2507 778 2589 832 his
2620 777 2711 846 qui
2753 777 2808 829 in
2854 782 2998 830 terra
3048 784 3341 826 versatum-

1803 881 1894 926 tur
1929 870 2156 940 justitite
2192 869 2284 923 Sol
2344 878 2499 924 ortus
2527 875 2642 921 erat
2681 869 2746 932 ",
2799 867 2869 921 ita
2904 865 3066 919 etiam
3094 863 3216 917 illis
3253 863 3342 932 qui

1805 961 1997 1016 subtus
2021 967 2244 1022 terram,
2275 960 2327 1012 in
2357 956 2598 1012 tenebris
2635 962 2689 1010 et
2723 956 2912 1010 umbra
2953 954 3142 1018 mortis
3177 952 3346 1030 sedc-

1777 1047 1956 1113 bant,
1997 1048 2244 1103 illuceret
2277 1047 2321 1081 ⁸⁸
2350 1063 2364 1101 :
2395 1061 2458 1100 se
2493 1046 2636 1100 sicut
2677 1045 2744 1102 iis
2775 1045 2864 1114 qui
2902 1043 2954 1098 in
2995 1052 3138 1098 terra
3168 1050 3344 1104 erant,

1806 1154 2016 1208 pacem,
2049 1139 2278 1209 captivis
2304 1137 2700 1199 remissionem.
2723 1136 2882 1190 ca-cis
2908 1136 3082 1190 visum
3117 1149 3347 1204 evange-

1807 1231 2159 1296 lizaverat",
2214 1239 2380 1300 atque
2435 1229 2543 1284 illis
2599 1227 2815 1298 quidem
2875 1228 2966 1297 qui
3009 1226 3351 1281 crediderant

1810 1323 2002 1378 salutis
2036 1311 2228 1375 auctor
2257 1321 2558 1383 exstiterat,
2594 1317 2904 1373 incredulos
2952 1326 3130 1370 autem
3162 1315 3352 1369 intide-

1810 1413 1978 1468 litatis
2031 1418 2284 1482 arguerat
2327 1429 2340 1464 :
2399 1409 2478 1464 sic
2516 1410 2678 1464 etiam
2725 1410 2827 1471 eis,
2881 1408 2972 1478 qui
3027 1409 3080 1462 in
3138 1406 3350 1460 inferno

1810 1507 1964 1556 erant
1989 1501 2034 1532 '°
2063 1516 2076 1550 :
2113 1499 2181 1552 Ut
2225 1499 2328 1566 ipsi
2361 1514 2510 1552 omne
2539 1513 2667 1568 genu
2697 1499 3007 1566 ﬂecteretur,
3043 1496 3347 1555 caelestium,

1814 1591 2140 1646 terrestrium
2187 1599 2237 1643 et
2278 1590 2604 1658 infernarum
2656 1589 2721 1640 “.
2769 1586 2883 1642 Hoc
2930 1597 3105 1657 pacto,
3157 1586 3356 1641 solutis

1812 1683 1943 1749 illis,
1984 1681 2075 1750 qui
2133 1680 2202 1734 ab
2249 1679 2394 1734 omni
2447 1693 2562 1733 aevo
2611 1678 2776 1732 vincti
2846 1678 3185 1741 tenebantur,
3243 1679 3355 1744 ipse

1815 1787 2009 1828 rursus
2046 1786 2075 1824 a
2106 1778 2279 1826 morte
2311 1770 2376 1824 ad
2411 1770 2574 1823 vitam
2607 1769 2785 1833 rediit,
2819 1768 2958 1823 viam
2984 1768 3138 1823 nobis
3178 1766 3244 1821 sd
3273 1782 3356 1821 re-

1745 1859 1789 1916 B
1818 1861 2214 1915 surrectionem
2248 1869 2520 1914 sternens.

245 2053 284 2086 ¹⁷
316 2052 544 2108 Malsch.
574 2067 646 2117 ιν,
685 2052 741 2106 2.
815 2049 860 2083 ⁸⁸
913 2051 1015 2105 lss.
1056 2063 1133 2112 ts,
1157 2046 1213 2104 2.
1289 2047 1458 2104 “lss.
1483 2060 1594 2110 ut,
1631 2045 1697 2104 l:
1731 2043 1862 2098 Luc.

1638 2045 1697 2104 l:
1731 2043 1862 2098 Luc.
1896 2058 1968 2104 tv,
2003 2042 2087 2094 I9.
2164 2040 2210 2072 '°
2245 2040 2263 2093 1
2296 2039 2439 2096 Petr.
2475 2054 2557 2103 ιιι,
2623 2035 2706 2092 19.
2738 2037 2782 2069 ⁸⁸
2822 2035 3053 2108 Philipp.
3117 2051 3173 2099 ll,
3207 2034 3289 2087 10.

1441 2215 1669 2272 VARIIE
1709 2212 1995 2271 LECTION
2004 2213 2104 2271 ES.

250 2383 277 2424 b
325 2382 513 2438 Deerat
550 2383 775 2436 θανάτου
810 2381 861 2434 in
889 2379 1068 2436 editis.
1147 2389 1169 2416 ε
1193 2375 1418 2433 Codices
1450 2376 1560 2432 fere
1589 2389 1776 2431 omnes
1813 2372 1905 2426 ἀπ’
1937 2369 2148 2444 αῑῶνος.
2183 2369 2347 2425 Vetus
2384 2370 2608 2440 interpr.
2648 2388 2676 2423 ο
2709 2375 2921 2426 ιωειιιο.

1655 2560 1880 2615 ΝυΤιιΕ.

275 2722 359 2782 59.)
401 2716 677 2789 Κὰτεισιις·
714 2722 799 2783 εις
827 2719 997 2786 ᾅδην.
1033 2720 1108 2774 Ob
1140 2720 1193 2773 id
1222 2736 1397 2789 porro,
1428 2730 1532 2785 etc].
1559 2717 1714 2789 Chri-

181 2803 251 2845 sti
283 2790 461 2841 anima
489 2787 552 2840 ad
591 2787 797 2841 inferna
829 2789 946 2843 loca
971 2787 1318 2844 descendisse
1350 2789 1571 2842 tradunt
1597 2788 1719 2840 uni-

183 2858 378 2914 versim
411 2855 617 2909 Patres.
649 2855 888 2913 Tametsi
949 2855 1174 2914 Rufinus
1221 2859 1271 2912 in
1306 2857 1500 2925 Expos.
1532 2855 1717 2925 Symb.

181 2943 341 2982 voces
374 2928 504 2996 istas
534 2925 793 2980 descendit
840 2929 907 2980 ad
957 2927 1181 2995 inferos,
1230 2927 1527 2996 apostolico
1561 2925 1721 2996 Sym~

182 2999 308 3052 bolo
360 2995 830 3065 adjectas_dicat,
882 3006 1042 3065 atque
1079 2997 1218 3050 idem
1251 2995 1484 3057 sonare,
1537 2995 1719 3064 atque,

182 3065 411 3134 sepultus
467 3075 564 3117 est.
617 3063 730 3134 Ipse
766 3063 977 3129 tamen,
1016 3063 1718 3134 quibusdam_iuterje(§tis.

184 3132 507 3189 catholicam
559 3133 903 3187 traditionem
958 3132 1291 3188 confirmat:
1343 3132 1720 3186 Rediit'victor

185 3223 222 3259 a
253 3203 492 3266 mortuis,
524 3203 720 3270 inquit,
749 3203 938 3270 inferni
971 3203 1138 3270 spolia
1166 3219 1336 3257 secum
1366 3203 1593 3256 trahens.
1625 3203 1722 3254 De-

184 3280 341 3328 erant
366 3288 580 3341 quuque
617 3274 670 3324 in
701 3273 880 3340 prisco
909 3270 1262 3328 Orientalium
1292 3273 1554 3339 symbolo,
1578 3272 1720 3341 quod

1817 2717 1996 2770 diebus
2033 2714 2161 2778 Noe,
2200 2722 2305 2768 etc.
2360 2713 2584 2782 Propter
2633 2728 2792 2782 quem
2853 2711 3123 2776 Irenzeus,
3165 2714 3254 2770 lib.
3295 2733 3365 2782 ιν,

1819 2802 1869 2840 c.
1899 2786 1987 2848 ιε,
2024 2786 2118 2848 ait,
2147 2784 2424 2838 Christum
2469 2784 2793 2837 descendisse
2822 2783 2875 2836 in
2905 2797 2966 2836 ea
2989 2799 3103 2849 qua:
3131 2795 3248 2836 sunt
3277 2789 3370 2839 sub

1820 2865 1991 2920 terra,
2026 2861 2076 2908 et
2133 2853 2519 2922 euangelizasse
2549 2853 3198 2922 remissaindpecratorum
3232 2859 3372 2908 eni-

1823 2919 2036 2978 stentem
2083 2924 2150 2977 iis
2180 2919 2283 2993 qui
2314 2924 2614 2993 creduntin
2649 2937 2786 2976 eum.
2822 2919 3164 2975 Crediderunt
3196 2935 3371 2977 autem

1825 2996 1878 3047 in
1909 3009 2026 3047 eum
2059 2990 2234 3046 omnes
2267 2993 2356 3060 qui
2387 2990 2666 3058 sperabant
2703 2993 2756 3044 in
2795 3007 2933 3053 eum,
2961 2993 3014 3044 id
3039 3001 3115 3046 est
3150 2997 3238 3062 qui
3277 3006 3373 3047 au-

1823 3074 2024 3116 ventum
2052 3063 2164 3126 ejus
2196 3062 2696 3129 prwnuntiaverunt,
2720 3071 2768 3114 et
2796 3062 3223 3128 dispositionibus
3261 3065 3372 3131 ejus

1827 3132 2133 3194 servierunt,
2155 3131 2311 3198 justi,
2343 3145 2391 3184 et
2424 3131 2760 3198 patriarchw,
2790 3141 2838 3184 et
2868 3132 3146 3199 prap/ietw,
3191 3134 3373 3198 quibus

1828 3201 2072 3255 similiter
2097 3211 2150 3252 ut
2174 3200 2318 3270 nobis
2341 3201 2542 3253 remisit
2561 3209 2793 3270 peccata.
2823 3199 2896 3254 De
2924 3216 3026 3270 qua
3056 3203 3374 3256 remissione

1833 3273 2023 3325 iterum
2059 3270 2160 3337 legi
2197 3269 2376 3332 debet,
2419 3285 2539 3334 cap.
2589 3269 2675 3324 50.
2713 3267 3035 3335 Tlteolog'us,
3084 3281 3221 3323 orat.
3257 3274 3322 3325 42
3357 3291 3368 3324 ;

183 3321 1796 3409 elisital;nigrai.‘i;."caisssagit;."autemst?1.1c
1829 3321 1966 3394 Sint
1995 3321 2613 3406 infe—Eiuntﬁdes'ccndat,‘
2635 3321 2847 3409 nam,
2883 3321 3038 3392 nillil
3073 3321 3322 3395 esse;
3355 3321 3370 3394 ἐ

189 3404 475 3464 Marcellus
529 3410 864 3480 Ancyranius
908 3409 1050 3480 Julio
1101 3404 1250 3480 papae
1289 3404 1483 3464 obtulit
1516 3412 1569 3463 in
1614 3411 1728 3478 epi-

185 3482 348 3541 stola,
385 3494 545 3545 quam
577 3479 745 3534 refert
777 3479 1113 3547 Epiphanius
1143 3479 1515 3534 {descensum
1547 3488 1724 3533 tamen

186 3552 256 3604 ad
285 3550 482 3619 inferos
508 3549 781 3619 eleganter
801 3549 1059 3619 describit
1091 3549 1228 3604 idem
1244 3549 1497 3619 Cyrillus,
1516 3550 1725 3607 catech.

189 3619 282 3672 M.
316 3616 478 3671 Vetus
520 3616 680 3684 porro
728 3617 859 3670 illud
889 3619 1190 3686 symbolum
1237 3616 1303 3670 in'
1325 3617 1541 3673 Oriente
1570 3619 1728 3671 obso-
1779 3621 1784 3624 ’

190 3689 342 3749 lcvit,
381 3689 522 3740 velut
549 3687 711 3757 etiam
757 3687 1060 3757 symbolum
1091 3688 1236 3742 aliud
1266 3689 1518 3742 Ecclesia:
1545 3687 1729 3757 Antio-

191 3758 401 3818 cliente,
429 3756 571 3826 quod
612 3755 973 3826 semel'atque
1000 3757 1192 3810 iterum
1225 3757 1499 3826 profertur
1531 3771 1560 3809 ιι
1592 3755 1726 3811 Cas-

190 3828 352 3880 siano
379 3865 392 3887 ,
448 3825 540 3878 Iih.
575 3841 622 3879 γι
660 3825 813 3879 Cont.
844 3825 1057 3879 Nestor.
1103 3825 1483 3894 laudatumque
1509 3835 1620 3891 est,
1671 3835 1725 3880 et

192 3896 267 3949 ab
316 3895 543 3947 Eusebio
593 3905 646 3947 et
691 3895 904 3954 clericis
955 3895 1055 3949 CP.
1119 3897 1171 3949 in
1223 3894 1524 3949 Contestat.
1578 3903 1722 3948 cont.

187 3963 409 4021 Nestor.
448 3972 731 4032 postquam
775 3965 841 4017 ab
889 3963 1155 4032 Ephesina
1211 3973 1264 4019 et
1300 3964 1725 4018 Chalcedoneusi

191 4033 419 4101 synodis
446 4031 666 4085 Vetitunt
710 4039 794 4086 est
825 4031 1046 4086 ne'ialia
1100 4033 1329 4086 formula
1383 4034 1729 4087 adhiberetur

239 4115 391 4154 rsetcr
422 4101 690 4172 Nicetium
711 4139 723 4160 ,
753 4116 876 4172 qua:
907 4103 1112 4169 integra
1138 4116 1166 4155 a
1193 4101 1394 4158 Graecis
1424 4104 1564 4158 inter
1586 4103 1732 4172 ipsas

207 4171 448 4239 raptismi
481 4171 830 4239 caeremonias
860 4172 1134 4225 recitatur.

268 4238 386 4310 (591
421 4239 580 4290 Οὕτω
609 4238 705 4292 καὶ
735 4239 858 4310 τοῖς
895 4239 963 4310 ἐν
995 4239 1162 4304 ᾅδου.
1201 4239 1286 4293 Ita
1315 4240 1474 4310 etiam
1504 4241 1612 4294 illis
1643 4242 1732 4309 qui

185 4312 252 4362 in
279 4307 506 4378 inferno
537 4316 705 4378 erant.
758 4307 959 4360 Alludit
1014 4310 1081 4362 ad
1139 4312 1280 4363 hunc
1325 4309 1532 4378 Epist.|
1567 4307 1731 4373 Petri,

187 4396 247 4431 c.
294 4393 373 4437 ιιι,
417 4377 591 4429 locum
625 4393 638 4428 :
673 4377 736 4429 In
766 4393 865 4444 quo
892 4387 940 4429 et
985 4378 1064 4430 his
1108 4381 1196 4446 qui
1235 4381 1288 4430 in
1328 4377 1534 4432 carcere
1584 4389 1732 4432 erant

186 4447 468 4513 spiritibus
513 4448 710 4499 veniens
746 4447 1048 4512 pra'dicavit
1073 4487 1087 4508 ,
1126 4449 1213 4515 qui
1239 4449 1492 4501 increduli
1526 4449 1733 4515 fuerant

186 4515 514 4583 aliquando,
560 4515 765 4582 quando
798 4515 1162 4582 exspectabant
1208 4515 1303 4568 Dei
1332 4519 1638 4584 patientiam
1684 4520 1736 4569 in

1827 3426 1889 3462 ea
1917 3409 2167 3477 mysteria
2206 3424 2455 3477 cognosce
2487 3424 2610 3479 qua:
2655 3407 2897 3479 Christus
2932 3409 3041 3461 illic
3083 3412 3237 3479 gessit
3264 3428 3280 3463 :
3309 3429 3373 3462 an

1833 3496 2003 3531 omnes
2037 3494 2249 3544 prorsus
2297 3495 2392 3532 suo
2425 3478 2649 3531 adventu
2689 3478 2859 3532 salvos
2898 3478 3111 3546 fecerit.
3144 3480 3174 3548 ἢ
3218 3483 3376 3534 κάκεῖ

1830 3553 1955 3609 τοὺς
1985 3548 2356 3611 πιστεύοντας,
2392 3564 2460 3601 an
2490 3563 2575 3601 eos
2617 3549 2874 3600 duntaxat
2917 3552 3003 3616 qui
3038 3550 3144 3600 illic
3178 3567 3376 3616 quoque

1830 3617 2270 3687 crediderunt._ln
2301 3618 2549 3671 emndem
2597 3633 2815 3672 sensum
2857 3619 3210 3687 respondetur
3239 3636 3378 3686 qua--

1828 3688 1992 3758 stioui
2015 3687 2155 3739 inter
2182 3685 2596 3758 Anastasianas;
2632 3697 2792 3755 atque
2835 3705 2897 3742 ex
2939 3685 3121 3758 ncsrio
3156 3685 3268 3758 qua
3297 3693 3370 3739 vi-

1829 3756 1983 3809 sione
2019 3763 2317 3818 narratur,
2372 3754 2647 3810 Platonem
2694 3754 2926 3824 primum
2978 3757 3144 3810 fuisse
3173 3754 3371 3809 'rorum

1833 3828 1924 3893 qui
1952 3826 2165 3878 Christo
2199 3826 2341 3894 apud
2389 3826 2592 3879 inferos
2640 3827 3010 3881 crediderunt.
3051 3827 3373 3880 (Jonsimilia

1835 3896 1996 3948 habet
2030 3906 2219 3947 auctor
2262 3895 2525 3965 orationis
2557 3896 2630 3948 De
2677 3896 2783 3948 illis
2811 3899 2897 3965 qui
2927 3899 2976 3949 in
3016 3897 3223 3950 Christo
3251 3899 3372 3950 dor—

1836 3965 2093 4025 mierunt,
2143 3978 2302 4030 quem
2353 3979 2380 4015 a
2431 3962 2638 4018 Joanne
2701 3962 2885 4019 nostro
2933 3966 3206 4020 diversum
3259 3981 3380 4019 esse

1836 4032 2202 4086 ostz-ndcmus.
2237 4031 2560 4088 Philastrius
2595 4048 2721 4086 vero
2759 4034 3054 4089 Brixicnsis
3098 4038 3378 4089 lliﬂl‘CllCOr.

1839 4110 2021 4172 censet
2065 4100 2204 4162 illos,
2237 4102 2326 4168 qui
2362 4102 2543 4172 dicunt
2585 4101 2864 4172 Dominum
2898 4106 2949 4156 in
2983 4106 3240 4172 infenmm
3289 4105 3378 4156 deo

1839 4170 2116 4231 scendisse,
2155 4179 2203 4222 rt
2234 4170 2468 4223 omnibus
2495 4172 2656 4223 etiam
2696 4171 2881 4226 ibidem
2924 4170 3286 4236 annuntiassc,
3325 4185 3378 4225 ut

1839 4241 2140 4307 conﬁtentes
2182 4239 2370 4290 ibidem
2417 4239 2764 4294 salvarentur.
2812 4242 3075 4294 Caeterum
3127 4242 3380 4296 Λίοιιιιιρ-

1842 4309 1962 4362 nius
2003 4308 2090 4378 ad_
2119 4310 2294 4378 locum
2343 4307 2482 4362 Petri
2522 4325 2680 4378 quem
2712 4311 2901 4374 attuli,
2933 4312 3087 4366 docet
3121 4328 3212 4370 eos
3243 4315 3379 4365 dun-

1842 4387 1989 4450 taxat
2031 4376 2095 4428 ad
2137 4376 2413 4450 Christum
2461 4379 2513 4430 iu
2541 4376 2750 4450 inferis
2776 4395 3072 4450 conversos
3105 4398 3244 4442 esse,
3287 4385 3375 4450 qui

1844 4447 1915 4520 ita
1956 4449 2254 4520 comparati
2287 4455 2461 4520 erant,
2511 4447 2726 4520 quando
2773 4449 2823 4501 in
2858 4450 2993 4504 vivis
3024 4453 3244 4520 iigt'llﬂlll
3267 4490 3279 4511 ,
3306 4447 3378 4502 ἰιι

1843 4517 1884 4568 si
1926 4526 2051 4568 tunc
2087 4516 2194 4567 illis
2230 4516 2596 4582 prcedicassct,
2637 4518 2688 4570 iu
2714 4534 2836 4570 eum
2865 4516 3242 4574 credidissent.

1264 4952 1616 5040 LIBER
1745 4953 2326 5059 QUARTUS.

707 5295 954 5349 ΚΕΦΔΛ.
991 5297 1049 5348 A'
1083 5296 1246 5368 [es].

479 5386 610 5454 Περὶ
654 5388 770 5440 τῶν
801 5388 947 5456 μετὰ
969 5388 1081 5455 τὴν
1112 5388 1469 5445 ἀνάστασιν.

263 5476 425 5536 Μετὰ
465 5478 519 5531 δὲ
555 5480 648 5548 τὴν
675 5481 737 5532 ὲκ
760 5480 965 5550 νεκρῶν
991 5481 1306 5550 ἀνάστασιν,
1340 5483 1512 5535 πάντα
1544 5481 1640 5550 μὲν
1672 5480 1738 5534 τὰ

180 5573 351 5642 πάθη
384 5571 611 5624 ἀπέθετο
634 5588 646 5600 ·
689 5570 889 5640 φθορὰν
923 5571 1081 5639 λέγω,
1114 5571 1301 5623 πεῖνάν
1340 5588 1396 5623 τε
1443 5572 1532 5623 καὶ
1565 5571 1742 5639 δίψαν,

179 5665 370 5719 ὕπνον
401 5665 492 5716 καὶ
537 5663 803 5732 κάματον,
853 5664 946 5715 καὶ
1000 5663 1068 5714 τὰ
1110 5662 1351 5714 τοιαῦτα.
1398 5664 1459 5714 Εἰ
1501 5662 1607 5730 γὰρ
1656 5664 1745 5714 καὶ

182 5754 465 5823 ἐγεύσατο
513 5752 760 5824 βρώσεως
815 5754 949 5823 μετὰ
996 5753 1091 5823 τὴν
1137 5755 1467 5817 ἀνάστασιν,
1526 5753 1637 5808 ἀλλ’
1685 5756 1741 5806 οὐ

2509 5301 2654 5355 CAP.
2696 5303 2734 5356 I.

1946 5391 2101 5464 253
2137 5392 2204 5446 De
2229 5394 2290 5446 iis
2318 5409 2430 5462 qua:
2469 5396 2888 5449 resurrectionem
2941 5406 3113 5449 secuta
3150 5403 3286 5451 sunt.

1923 5481 2163 5535 Christu‘s
2221 5490 2334 5548 post
2395 5484 2817 5538 resurrectionem
2880 5487 3232 5553 impassibilis.
3289 5486 3393 5540 (.‘ur

1852 5581 1964 5640 post
2012 5589 2126 5625 eam
2171 5572 2340 5624 cibum
2399 5577 2697 5642 sumpserit.
2743 5575 2986 5628 Humana
3032 5577 3204 5627 omnia
3244 5578 3291 5626 in
3338 5593 3396 5629 eo

1851 5664 2444 5734 intcgra.—Postquam
2477 5673 2651 5718 autem
2677 5665 2923 5721 Christus
2958 5681 2984 5718 τι
3018 5676 3183 5720 morte
3216 5681 3396 5722 resur-

1852 5756 2003 5818 rexit,
2039 5771 2225 5811 omnes
2255 5756 2471 5826 quidem
2513 5757 2858 5826 (egritudines
2898 5759 3066 5821 exuit,
3107 5768 3234 5827 puta
3273 5772 3394 5810 cor—
