4182 6476
218 428 347 495 1109

1292 437 1388 495 DE
1427 438 1607 497 FlDL‘
1646 441 2104 501 titt'llltiucijtt
2151 446 2290 501 ΜΗ.
2339 450 2387 499 ix

3336 443 3468 507 Illo

212 541 446 597 θανάτου
479 542 860 616 κᾶτώρθωται·
903 544 982 608 εἰς
1007 544 1187 599 πᾶσαν
1207 544 1305 613 τὴν
1326 546 1429 616 γῆν
1460 548 1521 601 τό
1544 548 1790 619 Εὐαγγέ-

1903 565 2020 620 ipes
2052 567 2147 619 per
2176 552 2379 607 Christi
2404 553 2863 608 resurrectionem
2894 551 3097 608 donata
3130 561 3214 608 est
3246 572 3259 607 :
3290 554 3467 610 homi-

210 636 317 687 λιον
352 635 451 705 τῆς
486 635 819 704 θεογνωσίας
868 636 1230 708 κεκήρυκται,
1280 638 1342 691 οὐ
1393 640 1636 712 πολέμῳ,
1695 644 1788 696 καὶ

1903 658 1989 698 aes
2016 657 2155 713 quos
2201 645 2475 715 mancipio
2505 645 2835 701 constrictos
2878 647 3157 711 tenebant,
3189 645 3472 702 daemones

210 725 414 790 ὅπλοις,
454 728 548 780 καὶ
591 727 976 799 στρατοπέδοις
1003 730 1132 793 τοὺς
1166 730 1444 795 ἐναντίους
1483 733 1789 805 τροπούμε-

210 836 295 870 νον
327 816 370 883 ι,
399 818 517 871 ἀλλ’
547 818 719 889 ὀλίγοι
748 821 966 891 γυμνοὶ,
1005 823 1230 892 πτωχοὶ,
1275 823 1369 877 καὶ
1410 824 1785 896 ἀγράμματοι,

212 911 547 980 διωκόμενοι,
574 911 934 981 αἰκιζόμενοι,
966 912 1384 986 θανατούμενοι,
1412 918 1791 987 σταυρωθέντα

215 1002 399 1071 σαρκὶ,
451 1003 539 1056 καὶ
593 1002 823 1058 θανόντα
868 1005 1269 1076 κηρύττοντες,
1318 1007 1426 1061 τῶν
1483 1009 1662 1077 σοφῶν
1700 1012 1792 1065 καὶ

213 1092 451 1147 δυνατῶν
485 1096 906 1166 κατεκράτησαν
923 1112 937 1127 ·
957 1098 1145 1153 εἵπετο
1168 1100 1274 1172 γὰρ
1302 1100 1487 1166 αὐτοῖς
1502 1101 1598 1156 τοῦ
1629 1121 1793 1157 σταυ-

217 1184 485 1255 ρωθέντος
518 1187 550 1257 ἡ
575 1188 988 1260 παντοδύναμος
1016 1191 1263 1263 δύναμις.
1299 1194 1356 1248 '0
1378 1196 1605 1259 θάνατος
1630 1197 1659 1249 ό
1692 1198 1795 1251 πάι

214 1279 301 1329 ὶαι
333 1278 713 1349 φοϐερώτατος
756 1282 987 1353 Ιἥττηται
1012 1323 1025 1349 ,
1075 1284 1170 1338 καὶ
1203 1284 1304 1356 τῆς
1338 1285 1485 1359 ζωῆς
1512 1286 1603 1341 νῦν
1634 1288 1662 1341 ό
1691 1305 1795 1341 πα-

215 1370 573 1443 λαιστύγητος
597 1382 636 1410 πυ
668 1375 762 1428 καί
798 1376 1027 1446 μισητὺς
1054 1377 1429 1449 προκρίνεται.
1473 1379 1658 1434 Ταῦτα
1698 1381 1797 1451 τῆς

213 1462 307 1515 τοῦ
339 1464 581 1535 Χριστοῦ
608 1467 913 1537 παρουσίας
937 1468 1006 1522 τά
1031 1469 1436 1541 κατορθώματα
1454 1487 1467 1501 ⁸
1499 1472 1675 1527 ταῦτα
1696 1472 1799 1543 τῆς

215 1553 380 1608 αὐτοῦ
400 1555 682 1627 δυνάμεως
705 1558 775 1611 τὰ
798 1560 1182 1631 γνωρίσματα.
1210 1562 1282 1616 Οὐ
1300 1561 1408 1634 γάρ
1432 1562 1507 1627 ὠς
1528 1563 1614 1618 διὰ
1643 1565 1799 1619 Μωῡ-

218 1649 375 1715 σέως,
404 1650 499 1703 ἕνα
527 1650 652 1703 λαὸν
676 1649 735 1716 ἐξ
756 1650 1033 1721 Αἰγύπτου
1062 1652 1277 1722 καὶτῆς
1300 1652 1502 1722 Φαραὼ
1534 1654 1796 1721 δουλείας,

218 1741 495 1796 Θάλασσαν
539 1744 837 1817 διαστήσας
865 1747 1116 1801 διέσωσε.
1148 1747 1338 1801 Πᾶσαν
1370 1746 1428 1800 δὲ
1477 1747 1673 1817 μᾶλλον
1702 1747 1800 1818 τὴν

1889 736 2321 806 perhorrescunt
2360 737 2663 808 :quodqtte
2720 737 3011 792 mirificum
3062 747 3168 804 est,
3201 739 3314 793 haec
3357 754 3475 792 om-

1893 824 1981 877 nia
2042 839 2139 893 per
2191 838 2413 878 crucem
2456 827 2851 896 cruciatusque
2904 841 2967 880 ac
3031 837 3262 882 mortem
3321 838 3473 898 gesta

1893 924 2069 970 sunt:
2100 909 2465 987 ‘Evangelium
2500 930 2610 985 quo
2674 915 2767 972 Dei
2803 917 3047 989 cognitio
3105 921 3302 989 patuit,
3361 928 3475 973 toto

1894 1007 2029 1063 orbe
2084 1010 2489 1080 promulgatum
2520 1016 2649 1077 est;
2688 1024 2800 1064 non
2863 1009 3006 1065 bello
3058 1012 3355 1080 armisque,
3421 1018 3476 1066 et

1894 1100 2231 1156 exercitibus
2260 1100 2608 1156 adversarios
2660 1098 2901 1157 fundens
2940 1116 3172 1157 :verum
3224 1101 3476 1156 homines

1897 1190 2078 1261 pauci,
2104 1190 2257 1257 nudi,
2284 1205 2580 1261 pauperes,
2606 1189 2994 1246 aelitterarum
3027 1191 3216 1256 rudes,
3249 1192 3472 1247 insecta-

1896 1282 2139 1337 tionibus
2174 1296 2238 1337 ac
2273 1281 2595 1339 verberibus
2642 1280 2856 1348 afllimi,
2903 1286 3027 1341 neci
3057 1285 3192 1351 dati,
3225 1301 3352 1341 eum
3384 1286 3477 1356 qui

1898 1373 1953 1427 in
1989 1388 2209 1430 crucem
2241 1383 2404 1430 actus
2442 1384 2805 1448 mortuusque
2844 1379 3045 1442 fuerat,
3085 1379 3475 1449 praedieantes,

1900 1464 2094 1523 doctos
2128 1474 2180 1523 et
2221 1478 2470 1537 potentes
2499 1482 2852 1541 superarunt.
2899 1472 3097 1527 Eorum
3127 1472 3271 1526 enim
3295 1486 3480 1528 comes

1901 1558 2091 1612 aderat
2143 1559 2497 1630 omnipotens
2546 1561 2722 1618 virtus
2771 1578 2835 1618 ac
2892 1572 3136 1633 potestas
3192 1562 3478 1619 Crucifixi.

1900 1648 2042 1715 Quin
2084 1665 2233 1708 mors
2260 1652 2401 1722 ipsa,
2431 1668 2553 1724 quae
2588 1663 2857 1711 terrorem
2894 1656 3196 1710 maximum
3220 1656 3354 1711 olim
3394 1656 3479 1708 in-

1902 1740 2137 1807 ferebat,
2191 1752 2472 1814 prostrata
2524 1746 2662 1815 fuit;
2694 1755 2750 1804 et
2788 1762 2911 1819 quae
2942 1746 3221 1818 quondam
3267 1747 3395 1803 odio
3428 1754 3483 1801 et

217 1832 622 1905 ἁνθρωπότητα
666 1836 733 1889 ὲκ
767 1835 974 1907 φθορᾶς
1029 1836 1264 1890 Θανάτου
1322 1836 1419 1889 καὶ
1468 1834 1564 1889 τοῦ
1602 1834 1799 1907 πικροῦ

1903 1831 2121 1888 horrori
2153 1844 2294 1900 erat,
2336 1835 2449 1890 vita
2486 1834 2601 1905 jam
2646 1838 2829 1907 potior
2862 1836 3121 1896 habetur.
3161 1837 3326 1907 256
3353 1834 3481 1890 Hzec

217 1901 507 1995 τυράννου,
536 1901 668 1997 ⁷τῆς
724 1901 1000 1999 ἁμαρτίας
1049 1927 1355 2000 ἐρρύσατο·
1415 1930 1475 1982 ού
1520 1928 1612 2001 βίᾳ
1653 1901 1800 1997 ἄγων

1903 1924 2107 1981 Christi
2167 1927 2435 1984 adventus
2491 1928 2755 1998 praeclara
2791 1929 3084 1985 facinora:
3142 1930 3258 1985 haec
3304 1929 3483 1999 ipsius

218 2016 355 2087 πρὸς
384 2018 607 2089 ἀρετὴν,
646 2020 707 2072 οὐ
749 2022 819 2089 γῇ
852 2020 1202 2090 καταχωννὺς
1230 2018 1361 2091 (65),
1386 2021 1482 2073 καὶ
1519 2019 1656 2087 πυρί
1676 2020 1801 2089 φλέ-

218 2126 353 2177 γων,
377 2111 471 2162 καὶ
492 2110 886 2167 λιθοδολεῖσθαι
921 2110 1281 2183 προστάσσων
1312 2112 1439 2174 τοὺς
1461 2111 1803 2183 ἁμαρτάνον-

217 2218 342 2265 τας,
385 2201 521 2254 ἀλλὰ
575 2202 843 2273 πραότητι
900 2204 997 2258 καὶ
1035 2202 1392 2276 μακροθυμίᾳ
1440 2201 1643 2256 πείθων
1676 2205 1803 2268 τοὺς

218 2291 544 2363 ἀνθρώπους
589 2294 867 2366 αἱρεῖσθαι
922 2295 1022 2368 τὴν
1078 2295 1305 2366 ἀρετὴν,
1367 2294 1608 2359 καὶτοῖς
1662 2295 1801 2367 ὑπὲρ

216 2382 424 2455 ταύτης
450 2386 845 2457 ὲναμιλλᾶσθαι
874 2387 1079 2452 πόνοις,
1104 2387 1196 2440 καὶ
1220 2385 1570 2459 ὲνηδύνεσθαι
1588 2404 1600 2418 ⁸
1630 2386 1797 2442 πάλαι

218 2476 323 2544 μὲν
347 2478 456 2548 γὰρ
486 2480 895 2551 ἁμαρτάνοντες
925 2479 1198 2551 ᾐκίζοντο,
1227 2480 1323 2534 καὶ
1366 2480 1445 2533 ἔτι
1480 2480 1582 2549 τῆς
1614 2481 1795 2552 άμαρ-

214 2569 340 2635 τίας
362 2571 692 2643 ἀντείχοντο,
729 2574 824 2627 καὶ
877 2571 998 2636 θεὸς
1038 2571 1223 2635 αὐτοῖς
1254 2574 1286 2644 ἠ
1314 2572 1558 2644 ἁμαρτία
1594 2572 1798 2640 λελόγι-

214 2675 350 2714 στο*
395 2661 490 2717 νῦν
533 2663 589 2717 δὲ
635 2663 775 2734 ὑπὲρ
820 2662 1104 2727 εὐσεϐείας
1148 2662 1244 2717 καὶ
1274 2664 1478 2733 ἀρετῆς
1508 2663 1798 2734 αἰκισμοὺς

213 2752 522 2823 αἱροῦνται,
557 2755 652 2809 καὶ
682 2753 1067 2827 πρεὸλώσεις,
1100 2756 1194 2808 καὶ
1228 2753 1479 2809 θάνατον.

1901 2018 2159 2088 potentiae
2220 2019 2431 2075 indicia
2489 2020 2789 2076 luculenta.
2860 2020 2980 2076 Non
3043 2020 3212 2085 enim,
3265 2028 3324 2074 ut
3389 2035 3485 2088 per

1901 2109 2169 2182 Moysem,
2227 2113 2492 2183 populum
2546 2128 2716 2169 unum
2768 2129 2838 2169 ex
2885 2113 3126 2184 Egypto
3174 2127 3238 2167 ac
3296 2112 3481 2167 servili

1900 2201 2208 2261 Pharaonis
2239 2204 2375 2278 jugo
2426 2204 2689 2262 dissectis
2725 2206 2899 2263 maris
2932 2205 3095 2261 undis
3126 2204 3383 2259 liberavit
3414 2204 3481 2268 ³¹,

1901 2311 2090 2351 verum
2142 2311 2306 2353 omne
2355 2297 2541 2368 potius
2587 2298 2894 2354 humanum
2948 2313 3125 2368 genus
3177 2312 3245 2352 ex
3286 2296 3483 2350 mortis

1905 2390 2133 2446 interitu
2179 2402 2233 2446 et
2278 2393 2478 2447 acerba
2520 2392 2727 2463 peccati
2788 2390 3083 2464 tyrannide
3131 2389 3481 2446 vindicavit:

1902 2496 2015 2538 non
2057 2482 2280 2553 quidem
2326 2484 2393 2539 ad
2441 2486 2704 2540 virtutem
2756 2485 2808 2540 vi
2858 2484 3116 2556 adigens;
3169 2497 3280 2538 non
3338 2492 3483 2546 terra

1904 2574 2167 2641 ohruens,
2215 2590 2329 2631 non
2385 2576 2621 2633 flammis
2683 2591 2949 2641 exurens,
3007 2590 3119 2631 non
3172 2574 3284 2645 peti
3337 2572 3487 2630 saxis

1904 2676 2231 2736 peccatores
2254 2668 2484 2739 jubens,
2522 2684 2712 2726 verum
2764 2654 3189 2725 mansuetudine
3237 2681 3302 2722 ac
3350 2666 3487 2721 leni—

1908 2764 2018 2811 tate
2068 2757 2321 2815 homines
2346 2759 2414 2814 ad
2448 2758 2708 2815 virtutem
2757 2758 3177 2830 amplexandam
3210 2757 3485 2819 alliciens,

212 2856 385 2918 atque
442 2850 518 2905 ita
555 2864 909 2921 comparans,
986 2859 1046 2905 ut
1112 2865 1213 2920 pro
1264 2865 1329 2905 ea
1381 2848 1741 2920 adipiscenda
1788 2848 1977 2906 labore
2035 2859 2091 2907 et
2159 2855 2466 2909 certamina
2524 2854 2632 2909 laeti
2683 2854 3051 2924 susciperent.
3092 2851 3307 2907 Etenim
3356 2850 3487 2905 olim

211 2943 438 3012 quidem
478 2944 606 3001 licet
633 2959 759 3001 cum
783 2948 1086 3016 peccabant
1124 2958 1315 3015 poenas
1345 2943 1582 3009 luerent,
1620 2943 1801 2998 adhuc
1834 2949 2016 2998 tamen
2052 2956 2277 3016 peccato
2308 2946 2588 3003 mordicus
2649 2946 3024 3010 adhaerebant,
3097 2944 3246 3017 quod
3316 2944 3489 2999 instar

212 3036 469 3093 numinis
500 3036 791 3094 haberent.
832 3036 905 3093 At
948 3050 1120 3105 nunc
1186 3043 1381 3092 contra
1452 3035 1673 3107 pietatis
1735 3034 2068 3107 virtutisque
2120 3052 2289 3094 causa
2372 3038 2603 3095 verbera
2656 3047 2711 3094 et
2765 3037 3067 3104 cruciatus,

212 3126 649 3197 amplectuntur.

3146 3042 3489 3106 mortemque

289 3215 455 3288 Εὖγε,
482 3214 527 3275 ὧ
555 3222 761 3292 Χριστὲ
789 3223 926 3278 Θεοῦ
957 3223 1119 3293 Λόγε,
1147 3222 1243 3276 mi.
1275 3221 1458 3290 σοφία,
1513 3220 1606 3274 καὶ
1640 3219 1795 3273 δύνα-

1969 3218 2142 3288 Euge,
2169 3216 2410 3283 Christe,
2458 3216 2554 3273 Dei
2586 3215 2849 3280 Verbum,
2886 3215 3177 3285 sapientia,
3209 3224 3263 3272 et
3292 3223 3487 3287 poten-

215 3329 335 3379 μις,
369 3312 466 3365 καὶ
504 3313 606 3367 Θεὲ
637 3316 1037 3387 παντοκράτωρ
1057 3330 1070 3345 °
1116 3314 1168 3368 τί
1207 3330 1291 3368 σοι
1319 3312 1524 3368 τούτων
1547 3311 1804 3368 ἁπάντων

210 3404 268 3454 οἱ
313 3400 507 3473 ἄποροι
553 3405 716 3476 ἡμεῖς
758 3405 1144 3478 άντιδοίημεν;
1180 3404 1255 3458 Σὰ
1305 3404 1414 3474 γὰρ
1445 3403 1681 3471 ἅπαντα,
1712 3405 1806 3458 καὶ

212 3496 395 3559 αἰτεῖς
428 3497 559 3568 παρ’
597 3497 754 3568 ἡμῶν
800 3497 976 3564 οὐδὲν,
1019 3498 1053 3569 ἢ
1085 3497 1144 3553 τὸ
1182 3495 1472 3562 σώζεσθαι,
1498 3498 1660 3562 αὐτὸς
1712 3498 1807 3552 καὶ

212 3585 382 3639 τοῦτο
404 3588 601 3654 διδοὺς,
628 3590 723 3644 καὶ
746 3588 1087 3660 λαμϐάνουσι
1117 3598 1147 3628 η
1180 3590 1340 3661 χάριν
1361 3588 1538 3652 εἰδὼς,
1569 3588 1636 3642 δι’
1666 3589 1808 3658 ἄφα-

214 3696 315 3732 τον
368 3678 723 3752 ἁγαθότηταο
782 3681 866 3735 σοὶ
921 3681 1100 3753 χάρις,
1132 3682 1209 3751 τῷ
1238 3680 1300 3735 τὸ
1339 3675 1479 3734 εἶναι
1532 3679 1805 3746 δεδωκότι,

216 3767 318 3820 καὶ
349 3768 409 3821 τὸ
439 3766 497 3823 εὖ
530 3764 670 3824 εἶναι
698 3773 1073 3843 χαρισαμένῳ,
1110 3771 1220 3825 κάκ
1240 3770 1432 3825 τούτου
1456 3770 1806 3843 παραπεσόνο

216 3873 325 3920 τας
358 3860 757 3929 ὲπαναγαγόντι
786 3860 923 3932 πρὸς
945 3859 1125 3928 τοῦτο,
1154 3859 1243 3915 διὰ
1269 3862 1369 3932 τῆς
1389 3862 1598 3932 άφάτου
1628 3869 1653 3897 ο
1676 3878 1807 3931 συγ-

218 3952 597 4017 καταῦάσεως.

757 4130 1007 4189 usus.
1036 4128 1090 4183 ε’
1123 4127 1327 4207 [orre

222 4220 388 4288 Πρὸς
414 4224 556 4287 τοὺς
600 4221 964 4289 ἐρωτῶντας,
994 4224 1046 4276 εἰ
1089 4231 1117 4272 P
1141 4222 1484 4287 ὑπόστασις
1525 4218 1632 4273 τοῦ
1670 4220 1807 4289 Χρι-

508 4291 657 4345 στοῦ
684 4292 897 4357 κτιστή
919 4292 1109 4354 ἐστιν,
1136 4292 1174 4359 ἢ
1206 4291 1513 4355 ἅκτιστος.

316 4380 377 4433 'H
408 4381 703 4447 ὑπόστασις
720 4383 815 4436 τοῦ
836 4384 971 4437 Θεοῦ
997 4384 1172 4453 Λόγου
1200 4385 1307 4455 πρὸ
1328 4387 1427 4457 τῆς
1453 4384 1805 4456 σαρκώσεως,

224 4473 379 4542 ἁπλῆ
408 4468 496 4543 ἦν,
535 4475 627 4527 καὶ
662 4475 975 4540 άσύνθετος,
1029 4478 1123 4530 καὶ
1170 4478 1482 4547 ἀσώματος,
1526 4476 1620 4531 καὶ
1649 4477 1807 4531 ἄκτι-

1908 3310 2006 3379 tia,
2045 3319 2213 3381 atque
2237 3309 2592 3379 omnipotens
2643 3308 2803 3375 Deus,
2839 3308 2971 3379 quid
3013 3308 3109 3363 tibi
3143 3324 3245 3363 nos
3295 3309 3495 3381 inopes

1907 3412 1962 3459 et
1991 3404 2146 3476 egeni
2180 3420 2280 3475 pro
2310 3403 2433 3459 istis
2464 3402 2726 3458 omnibus
2763 3400 3164 3473 rependemus?
3193 3399 3306 3456 Tua
3338 3401 3485 3456 enim

1908 3504 2038 3554 sunt
2064 3496 2267 3552 omnia.
2301 3492 2444 3561 Quin
2473 3492 2611 3549 nihil
2647 3492 2946 3563 quidquam
2982 3505 3011 3545 a
3033 3488 3192 3547 nobis
3211 3491 3486 3560 exposcis,

1908 3587 2018 3645 nisi
2052 3588 2285 3645 salutem
2319 3594 2565 3642 nostram
2600 3604 2614 3643 :
2651 3585 2814 3654 cujus
2845 3597 2969 3637 cum
3002 3592 3059 3635 ιιι
3114 3583 3232 3652 ipse
3262 3581 3489 3652 largitor

1909 3681 2010 3749 sis,
2040 3680 2408 3736 nihilominus
2439 3694 2540 3750 pro
2571 3676 2929 3734 inenarrabili
2962 3683 3056 3730 tua
3096 3673 3347 3730 bonitate
3378 3673 3488 3730 illis

1909 3771 2143 3844 gratiam
2203 3772 2395 3837 habes,
2442 3771 2538 3841 qui
2592 3784 2713 3827 eam
2774 3775 3213 3839 consequuntur.
3268 3764 3490 3821 Gratias

1909 3863 2036 3930 tibi,
2073 3863 2168 3934 qui
2199 3869 2253 3918 et
2281 3876 2405 3919 esse
2446 3869 2499 3917 et
2554 3860 2695 3917 bene
2744 3875 2869 3917 esse
2902 3859 3064 3915 nobis
3116 3856 3484 3922 concessisti;

1909 3968 2144 4025 eumque
2166 3954 2295 4009 hinc
2318 3953 2738 4017 excidissemus,
2755 3949 3125 4022 inexplicabili
3154 3948 3489 4005 demissione

1909 4054 1965 4103 et
2001 4046 2341 4118 indulgentia
2367 4045 2559 4101 eodem
2596 4061 2696 4100 nos
2727 4043 3019 4099 reduxisti.

2573 4134 2727 4190 CAP.
2763 4133 2827 4188 γ.

1911 4228 1991 4285 Ad
2020 4244 2106 4284 eos
2156 4229 2243 4281 aui
2272 4239 2517 4299 quierunt
2549 4243 2567 4280 :
2597 4226 2746 4281 Sitne
2788 4224 2991 4350 (Illyriin
3018 4240 3242 4294 persona
3284 4232 3483 4279 creata.

2510 4313 2579 4350 an
2608 4299 2841 4350 increala

2510 4313 2579 4350 an
2608 4299 2841 4350 increala

1982 4389 2478 4461 Monophysitarum
2509 4387 2899 4442 cavillatione»:
2927 4385 3091 4439 aliam
3126 4383 3307 4439 diluit.
3334 4381 3484 4437 Clu-i—

1911 4482 1980 4538 sti
2038 4496 2261 4551 persona
2316 4481 2551 4533 increata
2585 4488 2630 4530 et
2667 4484 2866 4529 creata.
2893 4472 3085 4528 -—Dei
3136 4471 3301 4527 Verbi
3366 4487 3487 4541 per—

228 4580 379 4627 σῖος,
406 4564 749 4636 σαρκωθεῖσα
769 4566 827 4619 δὲ
858 4566 1021 4638 αὕτη,
1051 4566 1240 4636 γέγονε
1266 4569 1361 4622 καὶ
1383 4570 1449 4639 τῇ
1482 4568 1647 4639 σαρκὶ
1672 4568 1801 4622 ὑπό-

1915 4584 2076 4635 sona,
2112 4578 2243 4624 ante
2281 4581 2504 4622 carnem
2544 4570 2882 4633 assumptam
2925 4562 3155 4632 simplex
3194 4569 3334 4625 erat,
3384 4576 3488 4615 nec

229 4670 445 4717 στάσις,
496 4656 590 4707 καὶ
643 4656 834 4724 γέγονε
896 4657 1152 4721 σύνθετος
1188 4660 1253 4712 ὲκ
1307 4657 1586 4728 θεότητος,
1622 4655 1691 4731 ἦς
1724 4661 1811 4712 ἀεὶ

228 4742 369 4814 εἶχε,
406 4748 499 4799 καὶ
532 4746 589 4813 ἐξ
614 4742 683 4819 ἦς
708 4747 1040 4820 προσείληφε
1072 4750 1276 4820 σαρκός
1297 4765 1311 4781 ⁸
1345 4750 1439 4804 καὶ
1497 4750 1654 4821 φέρει
1702 4749 1810 4805 τῶν

226 4837 329 4891 δύο
354 4838 570 4906 φύσεων
614 4839 683 4893 τὰ
729 4837 1016 4911 ἰδιώματα,
1052 4842 1110 4894 ἑν
1136 4840 1260 4895 δυσὶ
1295 4840 1671 4914 γνωρνιζομένη
1704 4842 1809 4912 φύ-

229 4947 385 4983 σεσιν
404 4945 416 4958 ·
458 4930 599 4985 ὥστε
630 4932 663 5002 ἡ
696 4932 833 5005 αὐτὴ
864 4932 963 5004 μία
985 4932 1305 4998 ὑπόστασις,
1330 4932 1585 4997 ἄκτιστός
1613 4935 1671 4987 τέ
1693 4936 1809 4988 ἐστι

226 5024 301 5092 τῇ
339 5020 572 5093 θεότητι,
615 5023 711 5077 καὶ
754 5024 947 5095 κτιστὴ
975 5027 1041 5096 τῇ
1074 5024 1475 5097 άνθρωπότητι,
1511 5025 1681 5098 ὁρατὴ
1716 5028 1810 5081 καὶ

228 5115 502 5186 ἀόρατοςο
556 5116 678 5170 ἐπεὶ
712 5116 1154 5189 ἀναγκαζόμεθα,
1209 5118 1244 5189 ἢ
1302 5117 1529 5190 διαιρεῖν
1574 5118 1665 5171 τὸν
1712 5116 1808 5171 ἕνα

311 5270 354 5301 ³¹
390 5269 565 5327 Exod.
609 5288 720 5334 xrv,
760 5272 846 5327 16.

1911 4662 2235 4732 composita,
2308 4657 2560 4729 corporis
2615 4671 2812 4725 expers
2863 4662 2917 4710 et
2967 4654 3233 4708 inereata.
3267 4652 3343 4705 Ex
3376 4667 3488 4722 quo

1910 4765 2089 4811 autem
2150 4768 2371 4809 carnem
2430 4751 2708 4819 suscepit,
2778 4747 2932 4801 carni
2981 4760 3201 4815 quoque
3250 4759 3484 4815 persona

1911 4848 2055 4903 facta
2089 4855 2195 4910 est,
2230 4845 2650 4913 compositaque
2685 4841 2861 4897 evasit
2892 4855 2956 4895 ex
2986 4837 3296 4902 divinitate,
3322 4851 3485 4905 quam

1918 4951 2198 5007 nunquam
2242 4950 2347 4989 nou
2397 4933 2607 4999 habuit,
2639 4940 2694 4986 et
2734 4946 2801 4986 ex
2840 4943 3009 4984 carne
3064 4942 3229 4999 quam
3271 4940 3487 4981 assum-

1919 5030 2049 5101 psit,
2083 5026 2331 5098 geritque
2383 5023 2524 5078 adeo
2570 5022 2807 5092 duplicis
2838 5024 3045 5075 naturae
3095 5015 3481 5086 preprietates,

1916 5126 1977 5173 ut
2038 5131 2163 5186 quae
2219 5116 2273 5169 in
2331 5116 2543 5170 duabus
2600 5110 2820 5167 naturis
2873 5115 3160 5165 noscatur.
3192 5104 3311 5172 Quo
3335 5104 3394 5160 fit
3423 5113 3484 5160 ut

1532 5341 1769 5399 νΑιιιιΕ
1812 5341 2220 5401 LECTIONES.

318 5451 335 5490 ι
369 5449 1304 5535 Collinicpom‘tithsvognsaﬂilnet
1326 5451 1525 5535 Noster
1548 5452 1926 5535 τροπούμενοι.
2002 5460 2043 5482 ’³⁸
2078 5451 2231 5505 Edita
2267 5447 2533 5518 στυγητὸς
2589 5447 2685 5501 καὶ
2725 5444 2951 5519 μισητὸς
3000 5444 3187 5501 πάλαι.

763 5530 788 5560 °
819 5524 975 5580 Colb.
1001 5522 1027 5577 1
1061 5532 1115 5578 οι
1148 5523 1239 5578 alii
1259 5522 1593 5594 ἀφράστουί
1642 5533 1668 5572 D
1699 5522 1827 5579 MSS.
1854 5525 1907 5593 ή.

231 5538 337 5577 και
370 5522 685 5595 λαμϐάνεις.

3278 5448 3306 5477 ιι
3337 5438 3480 5495 Edit.

1753 5660 1983 5717 NOTAE.

314 5783 427 5852 (63)
470 5783 563 5852 Οὐ,
604 5781 681 5852 τῇ
718 5780 1135 5852 κιιτιτχιιννινύς.Δ
1199 5777 1323 5852 Non
1367 5786 1516 5852 terra
1566 5778 1809 5831 abnuens.

235 5848 508 5925 Tlt’cologi
535 5848 716 5910 denuo
752 5848 930 5910 verbis
963 5850 1234 5921 signiﬁcat
1260 5848 1575 5918 deglutiisse
1608 5856 1810 5903 terram

1923 5775 2131 5828 Dathan
2183 5783 2229 5827 et
2277 5770 2504 5833 Abirou,
2544 5778 2597 5825 et
2644 5766 2952 5840 imtnissum
3005 5763 3205 5840 ignem,
3244 5774 3353 5831 quo
3380 5758 3485 5815 ilu-

1921 5847 2060 5899 t't'ttli
2096 5854 2146 5898 et
2179 5843 2572 5914 quinquaginta
2606 5837 2709 5894 viri
2743 5852 2865 5894 cum
2900 5834 3038 5891 Core
3076 5834 3356 5903 perierunt
