4182 6476
763 398 896 465 1197

2003 407 2062 465 S.
2099 404 2418 467 JOA‘NNIS
2452 405 2877 464 DAMASCENI

3898 394 4034 458 1133

759 523 843 567 est
873 530 887 564 :
923 510 1019 567 Est
1065 513 1204 568 enim
1239 511 1369 581 ﬁdes
1398 528 1464 567 ea:
1492 512 1677 567 auditu
1699 513 1770 569 ".
1811 513 2131 586 Scripturas
2167 534 2323 570 nam-

2446 516 2687 587 ιτεῦομεν
2723 521 2786 587 τῇ
2820 515 3138 587 διδασκαλίᾳ
3175 513 3266 568 τοῦ
3300 514 3455 581 ἁγίου
3490 512 3833 580 Πνεύματος.
3873 513 4027 575 Ait:

760 619 868 674 que
895 618 1083 658 sacras
1112 603 1402 668 audiendo,
1432 604 1673 676 Spiritus
1706 607 1885 660 sancti
1927 606 2192 660 doctrinae
2213 621 2333 661 cre-

762 698 965 753 dimus.
1036 696 1215 767 Atque
1272 698 1386 753 haec
1446 698 1581 753 ﬁdes
1631 714 1726 768 per
1779 699 1965 753 omnia
2003 700 2118 763 illa,
2154 713 2332 769 quae:

761 787 981 841 Christo
1005 795 1209 841 statuta
1231 796 1379 851 sunt,
1398 787 1681 857 perficitur
1708 806 1719 841 :
1744 803 1908 858 opere
1929 783 2180 842 videlicet
2210 804 2335 844 cre-

762 877 919 941 dens,
949 878 1209 947 pietatem
1242 880 1453 943 colens,
1485 889 1541 933 et
1570 881 1691 949 ejus
1730 880 1820 947 qui
1854 894 1957 935 nos
1986 881 2335 943 instauravit,

762 969 1051 1038 praeceptis
1078 969 1409 1039 obsequens.
1438 967 1573 1023 Nam
1601 971 1694 1039 qui
1728 970 2033 1024 secundum
2069 969 2337 1025 Ecclesiae

764 1059 1045 1114 catholicae
1074 1061 1423 1114 traditionem
1448 1075 1558 1115 non
1595 1060 1789 1125 credit,
1829 1061 1914 1115 vel
1947 1077 2041 1131 per
2068 1061 2337 1129 ﬂagitiosa

765 1162 929 1218 opera
970 1164 1093 1202 cum
1145 1148 1362 1203 diabolo
1408 1148 1808 1212 communicat,
1841 1148 1928 1201 hic
1958 1147 2199 1201 inﬁdelis
2231 1155 2336 1201 est.

838 1235 997 1291 Fides
1030 1237 1226 1291 donum
1255 1235 1508 1303 Spiritus.
1555 1266 1612 1278 —
1645 1235 1858 1292 Rursus
1901 1256 1914 1291 :
1942 1234 2102 1290 Fides
2120 1246 2193 1290 est
2222 1252 2340 1305 spe-

765 1327 1059 1381 randarum
1108 1328 1409 1382 substantia
1456 1344 1653 1393 rerum,
1694 1337 2057 1397 argumentum
2111 1343 2212 1381 non
2248 1342 2342 1394 ap-

767 1420 1094 1486 parentium,
1125 1418 1171 1449 ”
1201 1418 1285 1472 vel
1315 1426 1399 1473 est
1426 1433 1551 1488 spes
1582 1418 1801 1472 minime
1824 1417 1987 1471 dubia
2038 1432 2140 1471 nec
2171 1418 2343 1469 ambi-

770 1522 896 1578 gua,
959 1524 1067 1579 qua
1098 1508 1432 1564 confidimus
1467 1508 1604 1575 fore,
1631 1518 1689 1562 ut
1725 1523 1846 1578 quae
1896 1508 2052 1562 nobis
2081 1509 2344 1561 divinitus

770 1602 1044 1670 promissa
1102 1610 1250 1665 sunt,
1290 1608 1345 1655 et
1401 1615 1521 1670 qua:
1554 1600 1920 1670 postulamus,
1952 1600 2340 1670 adipiscamur.

769 1694 845 1746 Ac
870 1693 1017 1762 prior
1044 1691 1285 1762 quidem,
1316 1700 1521 1747 nostra:
1544 1692 1851 1746 voluntatis
1879 1700 1963 1746 est
1990 1710 2003 1757 ;
2046 1692 2219 1745 altera
2246 1706 2343 1744 au-

770 1792 880 1837 tem
917 1785 1061 1838 inter
1086 1782 1329 1854 Spiritus
1354 1784 1497 1837 dona
1537 1782 1809 1837 censenda
1834 1791 1938 1837 est.

841 1875 1111 1944 Spiritalis
1166 1876 1515 1929 circumcisio.
1543 1905 1609 1915 —
1643 1874 1941 1929 Sciendum
1997 1882 2083 1928 est
2135 1881 2340 1938 autem,
2377 1865 2421 1924 Β

772 1971 1207 2039 integumentum
1231 1984 1393 2023 omne
1416 1968 1559 2038 quod
1588 1983 1615 2021 a
1644 1969 1929 2021 nativitate
1946 1968 2344 2026 contraximus,

773 2066 1057 2130 peccatum
1101 2059 1331 2122 scilicet,
1370 2074 1466 2128 per
1488 2058 1817 2128 baptismum
1852 2059 2195 2122 circumcidi,
2218 2074 2347 2112 uos-

773 2166 879 2223 que
936 2149 1213 2222 spiritales
1266 2148 1546 2206 lsraelitas
1586 2167 1649 2205 ac
1688 2150 1781 2206 Dei
1813 2152 2070 2221 populum
2102 2150 2239 2205 ﬁeri.

1403 2239 1557 2295 CAP.
1596 2240 1686 2294 XI.

1108 2331 1185 2388 De
1218 2348 1388 2393 cruce,
1421 2333 1508 2385 ubi
1536 2348 1749 2386 rursum
1781 2331 1842 2386 de
1879 2332 2001 2401 ﬁde.

843 2418 1037 2475 Rerum
1088 2420 1203 2489 ipsa
1262 2420 1463 2475 creatio
1497 2420 1740 2475 Immanis
1789 2423 2082 2477 rationibus
2112 2439 2347 2491 compre-

776 2511 928 2566 hendi
963 2528 1068 2565 non
1116 2521 1303 2581 potest.
1371 2510 1533 2565 Fides
1578 2514 1823 2567 universa
1858 2516 2170 2569 necessaria.
2210 2516 2350 2583 Quid

776 2602 928 2669 fides.
967 2632 1037 2643 -—
1075 2600 1297 2657 Verbum
1366 2602 1537 2656 crucis
1598 2603 1935 2671 pereuntibus
1971 2604 2178 2672 quidem
2215 2607 2351 2659 stul-

2438 609 2494 661 δὲ
2524 608 2826 662 τελειοῦται
2861 609 2995 660 πᾶσι
3021 610 3133 671 τοῖς
3163 605 3598 675 νομοθετηθεῖσιν
3617 604 3727 656 ὑπὸ
3752 602 3855 656 τοῦ
3896 603 4029 671 Χρι-

2442 699 2591 763 στοῦ,
2620 701 2766 771 ἔργῳ
2801 700 3153 760 πιστεύουσα,
3199 695 3519 757 εὐσεϐοῦσι,
3545 696 3640 747 καὶ
3665 698 3767 755 τὰς
3796 694 4027 751 liv-.071;

2441 794 2752 862 πράττουσα
2795 791 2902 845 ⁸τοῦ
2970 788 3416 850 ἀνακαινίσαντος
3479 789 3646 857 ἡμᾶς.
3686 786 3746 836 ’0
3781 786 3902 854 γὰρ
3959 786 4029 851 μὴ

2444 883 2585 936 κατὰ
2616 884 2713 955 τὴν
2746 883 3044 954 παράδοσιν
3081 882 3180 950 τῆς
3225 879 3516 944 καθολικῆς
3559 876 3903 943 Ἐκκλησίας
3950 890 4030 924 πι-

2447 976 2673 1041 στεύων,
2707 977 2738 1047 ἢ
2774 975 3046 1029 κοινωνῶν
3094 974 3183 1028 διὰ
3248 974 3357 1027 τῶν
3410 971 3627 1026 ἀτόπων
3702 968 3899 1039 ἔργων
3956 966 4026 1032 τῷ

2444 1068 2695 1135 διαϐόλῳ,
2728 1066 2956 1130 ἄπιστός
2978 1066 3149 1119 ἐστιν.

2521 1244 2694 1295 Ἔστι
2720 1240 2777 1293 δὲ
2804 1238 2966 1292 πάλιν
3009 1238 3214 1302 πίστις
3234 1232 3633 1303 ἐλπιζομένων
3650 1231 4026 1294 ὑπόστασις,

2447 1331 2802 1402 πραγμάτων
2826 1330 3078 1397 ἐλεγχος
3103 1329 3177 1381 οὐ
3209 1323 3622 1394 βλεπομένων,
3646 1323 3681 1393 ἢ
3700 1322 4027 1383 ἁδίστακτος

2448 1423 2543 1475 καὶ
2573 1422 2884 1491 ἀδιάκριτος
2915 1418 3071 1481 ἐλπὶς
3111 1416 3222 1470 τῶν
3264 1434 3325 1469 τε
3378 1417 3483 1469 ὑπὸ
3512 1414 3649 1468 Θεοῦ
3680 1415 3822 1483 ἡμῖν
3852 1414 4023 1482 1:31:7-

2449 1513 2749 1582 γελμένων,
2789 1511 2884 1564 καὶ
2914 1510 3015 1579 τῆς
3046 1507 3156 1561 τῶν
3206 1508 3477 1577 αἰτήσεων
3518 1505 3679 1576 ἡμῶν
3710 1504 4021 1571 ὲπιτυχίας.

2462 1605 2523 1656 Ἢ
2552 1604 2647 1673 μὲν
2671 1597 2763 1655 οὖν
2792 1599 3011 1670 πρώτη,
3040 1602 3143 1669 τῆς
3179 1597 3451 1670 ἡμετέρας
3480 1595 3711 1665 γνώμης
3747 1596 3897 1662 ἐστὶ,
3916 1596 3949 1662 ἡ
3976 1594 4027 1645 δέ

2449 1693 2700 1766 δευτέρα,
2731 1692 2840 1747 τῶν
2880 1690 3236 1763 χαρισμάτων
3257 1689 3353 1743 τοῦ
3384 1688 3724 1759 Πνεῦματος.

2528 1868 2727 1922 Ἰστέον
2749 1868 2806 1921 δὲ
2839 1870 2921 1922 ὅτι
2950 1867 3037 1921 διὰ
3055 1868 3147 1921 τοῦ
3176 1866 3550 1938 βαπτίσματος
3576 1864 4027 1936 περιτεμνόμεθα

2450 1965 2594 2018 ἅπαν
2616 1964 2675 2017 τὸ
2710 1964 2817 2017 ἀπὸ
2842 1964 3108 2032 γενέσεως
3137 1963 3420 2033 κάλυμμα,
3439 1963 3558 2033 ἦτοι
3586 1962 3687 2033 τὴν
3726 1961 4025 2030 ἁμαρτία».

2450 2055 2545 2109 καὶ
2586 2055 2919 2126 Ἰσραηλῖται
2945 2054 3330 2126 πνευματικοὶ,
3368 2056 3463 2107 καὶ
3495 2053 3631 2107 Θεοῦ
3654 2054 3789 2116 λαὸς
3816 2070 4028 2123 χρημα-

2449 2146 2691 2218 τίζομεν.

2946 2239 3196 2293 ΚΕΦΔΛ.
3234 2239 3320 2292 ιΑο
3354 2236 3527 2309 [ΠΜ.

2559 2331 2696 2399 Περί
2716 2331 3005 2400 σταυροῦ,
3045 2332 3115 2384 ἐν
3150 2325 3199 2399 ᾧ
3229 2332 3313 2385 ἔτι
3337 2331 3436 2384 καὶ
3474 2329 3603 2397 περὶ
3633 2328 3930 2391 πίστεως.

2532 2422 2595 2475 '0
2622 2424 2804 2491 λόγος
2833 2426 2864 2477 ό
2884 2421 2989 2476 τοῦ
3018 2421 3304 2489 σταυροῦ,
3344 2420 3468 2486 τοῖς
3502 2419 3616 2488 μὲν
3659 2418 4030 2484 ἀπολλυμέ-

2450 2530 2579 2580 νοις
2605 2514 2794 2583 μωρια
2822 2512 2973 2577 ἐστὶ,
2999 2511 3122 2579 τοῖς
3148 2511 3215 2565 δὲ
3245 2511 3605 2581 σωζομένοις
3638 2510 3810 2579 ἡμῖν,
3851 2509 4028 2563 δι’-νη-

2446 2624 2548 2676 μις
2575 2605 2722 2660 Θεοῦ
2772 2605 2961 2659 ἐστιν.
3004 2605 3067 2658 '0
3105 2605 3216 2675 μὲν
3245 2603 3353 2674 γὰρ
3402 2602 3805 2671 πνευματικὸς
3835 2601 4028 2653 πάντα

782 2696 902 2748 titia
934 2703 1011 2748 est
1044 2712 1061 2749 :
1093 2695 1160 2749 iis
1187 2702 1358 2747 autem
1394 2695 1483 2763 qui
1512 2694 1646 2747 salvi
1673 2694 1827 2763 ﬁunt,
1848 2694 1901 2747 id
1932 2706 2007 2749 est
2036 2697 2212 2760 nobis,
2250 2698 2345 2753 Dei

2451 2697 2781 2767 ἀνακρίνει,
2812 2688 3075 2766 ψυχικὸς
3112 2694 3181 2747 δὲ
3236 2693 3545 2762 ἅνθρωπος
3577 2693 3649 2747 οὑ
3687 2690 3942 2760 δέχεται
3968 2694 4027 2743 tu

778 2785 945 2838 virtus
976 2781 1131 2837 est“.
1160 2780 1293 2835 Nam
1324 2782 1622 2852 spiritualia
1655 2784 1867 2854 quidem
1884 2786 2096 2854 judicat
2126 2791 2301 2843 omnia
2332 2808 2345 2845 ε

2450 2790 2559 2844 τοῦ
2618 2791 2983 2860 Πνεύματος.
3053 2786 3250 2857 Μωρία
3304 2787 3410 2857 γάρ
3440 2788 3554 2838 ἐστι
3588 2786 3703 2847 τοῖς
3738 2783 3817 2853 μὴ
3851 2784 4028 2836 πίστει

778 2873 1028 2928 animalis
1055 2881 1229 2926 autem
1252 2871 1403 2926 homo
1423 2889 1523 2925 non
1548 2876 1767 2943 percipit
1792 2891 1854 2929 ea
1875 2892 1990 2946 qua:
2017 2876 2112 2931 Dei
2140 2890 2262 2933 sunt
2281 2883 2345 2934 9’.

2451 2884 2789 2955 δεχομένοις,
2838 2884 2933 2937 καὶ
2985 2882 3047 2935 τὸ
3101 2880 3303 2950 ἀγαθὸν
3335 2880 3428 2933 καὶ
3472 2879 3896 2948 παντοδύναμον
3942 2879 4025 2931 τοῦ

781 2965 1025 3019 Stultitia
1053 2964 1201 3019 enim
1239 2963 1347 3018 illis
1379 2972 1486 3027 est,
1516 2966 1607 3034 qui
1641 2981 1704 3021 ea
1753 2968 2086 3037 suscipiunt,
2118 2988 2221 3027 nec
2258 2971 2345 3028 Dei

2453 2974 2590 3029 Θεοῦ
2631 2974 3023 3044 λογιζομένοις,
3090 2973 3203 3027 ἀλλ’
3239 2972 3600 3043 ἀνθρωπίνοις
3646 2971 3744 3023 καὶ
3774 2972 4028 3037 φυσικοῖς

777 3056 1075 3111 bonitatem
1096 3062 1150 3109 et
1164 3054 1611 3124 omnipotentiam
1634 3056 2011 3125 considerant;
2036 3076 2222 3116 verum
2246 3077 2345 3117 res

2454 3066 2730 3137 λογισμοῖς
2766 3064 3089 3137 ἐξερευνῶσι
3138 3074 3165 3117 P
3208 3065 3275 3119 τὰ
3308 3064 3426 3117 Θεία
3447 3078 3459 3092 ·
3495 3064 3671 3117 πάντα
3696 3064 3810 3132 γάρ
3836 3063 3911 3115 τὰ
3941 3061 4029 3114 τοῦ

778 3147 990 3203 divinas
1021 3146 1272 3201 humanis
1296 3146 1746 3217 naturalibusque
1786 3149 2093 3207 rationibus
2132 3153 2345 3209 iuves-ti-

2457 3156 2591 3210 Θεοῦ
2617 3157 2757 3228 ὑπὲρ
2792 3157 2953 3225 φύσιν
2988 3156 3115 3219 τίσι,
3169 3159 3263 3210 καὶ¹
3299 3155 3475 3220 λόγον,
3525 3153 3622 3207 καὶ
3671 3151 3915 3206 ἔννοιαν.
3977 3152 4030 3204 [ε

781 3235 1163 3308 gant.Etenim
1187 3252 1310 3306 qua;
1338 3235 1429 3291 Dei
1458 3246 1607 3300 sunt,
1629 3248 1879 3294 naturam
1898 3248 1949 3294 et
1964 3241 2280 3299 Sermonem
2303 3253 2345 3299 el

2459 3248 2568 3317 γάρ
2600 3265 2682 3311 τις
2708 3248 2993 3317 λογίσηται
3025 3248 3173 3308 ὅπως
3205 3247 3267 3298 ἐκ
3290 3244 3379 3297 τοῦ
3402 3247 3475 3314 μὴ
3493 3244 3647 3307 ὄντος
3670 3244 3753 3305 είς
3784 3244 3849 3296 τὸ
3872 3240 4028 3303 εἶναι,

781 3326 1159 3397 cogitationem
1211 3336 1499 3397 superant.
1535 3326 1668 3382 Nam
1703 3329 1748 3385 si
1784 3330 1906 3399 quis
1968 3331 2153 3388 animo
2179 3335 2345 3388 volval

2456 3341 2601 3404 τίνος
2658 3356 2720 3393 τε
2749 3339 2937 3393 ἕνεκεν
2970 3339 3289 3410 παρήγαγεν
3334 3337 3362 3389 ὁ
3402 3336 3534 3393 Θεὸς
3596 3335 3664 3387 τά
3698 3335 3911 3395 πάντα,
3946 3338 4029 3386 καὶ

784 3434 1023 3489 quonam
1079 3429 1261 3493 pacto,
1295 3428 1349 3474 et
1386 3434 1487 3474 cur
1530 3418 1669 3476 Deus
1707 3422 1889 3488 omnia
1925 3438 1988 3480 ex
2034 3426 2204 3481 nihilo
2232 3442 2345 3496 pro-

2459 3433 2706 3500 φυσικοῖς
2729 3431 3009 3501 λογισμοῖς
3066 3430 3268 3499 φθάσαι
3312 3427 3600 3497 ἐϐουλήθη,
3639 3428 3701 3479 οὐ
3742 3426 4028 3493 καταλαμ-

783 3510 1036 3574 duxerit,
1110 3512 1571 3582 naturalibusque
1638 3514 1946 3571 rationibus
2019 3517 2071 3570 id
2137 3520 2345 3589 assequi

2459 3524 2630 3579 δάνει.
2662 3523 2883 3593 Ψυχικὴ
2916 3524 3022 3594 γάρ
3055 3524 3201 3575 ἐστιν
3230 3522 3262 3591 ἡ
3294 3520 3493 3589 γνῶσις
3526 3519 3664 3587 αῦτη
3695 3520 3794 3570 καὶ
3839 3518 4029 3585 δαιμο-

783 3601 1098 3666 contendat,
1119 3619 1460 3675 nequaquam
1501 3606 1604 3660 hoc
1626 3609 2065 3677 comprehendet.
2091 3613 2345 3669 Animalit

2460 3611 2675 3682 νιώδης.
2711 3611 2850 3664 Είδέ
2879 3627 2965 3674 τις
2999 3611 3181 3663 πίστει
3225 3611 3765 3680 χειραγωγούμενος,
3801 3607 4027 3673 ἁγαθὶη,

784 3694 929 3747 enim
961 3702 1017 3747 et
1045 3693 1312 3749 diabolica
1344 3704 1428 3750 est
1452 3696 1767 3766 huiusmodi
1793 3702 2044 3756 scicntia.
2088 3702 2192 3769 Qui
2223 3721 2345 3759 veru

2459 3705 2554 3758 καὶ
2584 3703 3015 3772 παντοδύναμον,
3067 3702 3161 3757 καὶ
3204 3700 3419 3769 ἀληθὲς,
3452 3700 3547 3753 καὶ
3592 3701 3780 3767 σοφὸν,
3834 3701 3934 3751 καὶ
3966 3698 4031 3749 δι-

787 3782 889 3837 llde
918 3784 1082 3836 veluti
1112 3798 1274 3838 manu
1307 3785 1528 3851 ductus,
1556 3786 1726 3842 Deum
1766 3790 1991 3857 bonum,
2026 3800 2080 3847 et
2108 3794 2345 3865 omnipo-

2460 3813 2613 3849 καιον
2654 3793 2715 3846 τὸ
2743 3793 2898 3845 Θείον
2949 3790 3256 3861 λογίσηται,
3295 3791 3517 3859 εὑρήσει
3568 3790 3750 3843 πάντα
3785 3789 3911 3841 λεῖα
3948 3792 4030 3839 κ;“;

786 3880 1009 3939 tentem,
1046 3882 1099 3927 et
1140 3890 1352 3940 verum,
1389 3883 1443 3929 ct
1469 3878 1791 3945 sapientem,
1820 3881 2095 3951 etjustum
2132 3886 2345 3957 cogitat1

2459 3887 2660 3957 ὁμαλὰ,
2688 3886 2783 3940 καὶ
2829 3886 2947 3939 ὁδὸν
2992 3883 3224 3937 εὐθεῖαν.
3269 3881 3456 3943 Ἐκτὸς
3486 3880 3595 3950 γάρ
3636 3879 3883 3940 πίστεως
3916 3879 4030 3931 εδ.-

787 3963 967 4042 omnia
1011 3964 1171 4033 plana
1218 3975 1269 4020 et
1299 3968 1612 4035 aequabilia,
1666 3970 1927 4043 viamque
1960 3983 2164 4030 rectam
2208 3978 2345 4032 inve«

2459 3997 2617 4033 νατον
2672 3978 2945 4048 σωθῆναι·
3007 3974 3186 4028 πίστει
3239 3973 3346 4043 γὰρ
3387 3973 3587 4033 πάντα,
3622 3970 3693 4024 τά
3724 3986 3786 4021 τε
3823 3968 4031 4038 ἀνθρώ·

790 4056 919 4109 niet.
946 4054 1080 4110 Nam
1119 4055 1232 4112 ﬁeri
1273 4074 1379 4114 non
1406 4069 1583 4130 potest
1610 4070 1670 4117 ut
1707 4065 1829 4134 quis
1860 4066 1980 4122 sine
2003 4068 2104 4124 fide
2123 4071 2345 4127 salutem

2460 4089 2612 4136 πινα,
2669 4071 2738 4126 τά
2782 4087 2841 4123 τε
2884 4067 3230 4138 πνευματικὰ
3306 4066 3673 4118 συνίστανται.
3734 4063 3878 4116 Οῦτε
3937 4063 4029 4129 γὰρ

787 4147 1244 4216 consequatur".
1280 4146 1413 4204 Fide
1439 4151 1707 4221 siquidem
1737 4161 1851 4210 tum
1880 4154 2120 4211 humana
2150 4161 2345 4214 omnia.

2459 4162 2705 4235 γεωργὸς
2757 4162 2909 4224 ἐκτὸς
2961 4161 3195 4223 πίστεως
3248 4159 3437 4229 τέμνει
3486 4155 3591 4225 γῆς
3643 4154 3906 4207 αῦλακα·
3940 4156 4027 4207 oLz

788 4249 902 4290 tum
974 4238 1281 4306 spiritualia
1331 4251 1607 4298 constant.
1644 4242 1829 4315 Neque
1874 4248 2018 4303 enim
2050 4250 2345 4319 agricola"

2460 4248 2699 4321 ἔμπορος
2735 4247 2915 4320 μικρῷ
2963 4246 3102 4319 ξύλῳ
3153 4248 3251 4319 τὴν
3306 4244 3500 4299 ἑαυτοῦ
3564 4244 3747 4313 ψυχὴν
3798 4243 3878 4313 τῷ
3915 4261 4027 4313 μαι.

789 4327 906 4382 sine
962 4326 1067 4383 ﬁde
1106 4343 1294 4384 arvum
1340 4331 1662 4401 proscindit,
1702 4349 1805 4391 nec
1846 4346 2120 4393 mercator
2153 4342 2345 4410 exiguo

2460 4341 2672 4411 νομένῳ
2691 4341 2792 4409 τῆς
2822 4340 3097 4407 θαλάσσης
3123 4338 3351 4404 πελάγει
3390 4334 3765 4405 παραδίδωσιν
3786 4350 3801 4363 ο
3838 4334 3898 4385 οὐ
3937 4333 4028 4399 γάι

789 4415 937 4485 ligno
970 4425 1160 4473 vectus
1190 4418 1429 4473 animam
1452 4434 1608 4476 suam
1634 4420 1951 4480 furentibus
1997 4428 2163 4483 maris
2196 4428 2345 4484 undis

2466 4448 2555 4502 μοι
2586 4430 2953 4495 συνίστανται,
2982 4429 3081 4481 οὐκ
3119 4428 3247 4482 ἄλλο
3272 4444 3325 4479 τι
3354 4425 3463 4477 τῶν
3499 4426 3555 4475 ἐν
3584 4423 3662 4492 τῷ
3690 4422 3817 4493 βίῳ.
3854 4424 4029 4475 Πίστει

788 4506 1104 4573 committit,
1145 4521 1247 4563 nec
1283 4509 1630 4566 matrimonia
1659 4514 2086 4582 contrahuntur,
2127 4533 2229 4574 nec
2266 4520 2345 4576 de-

2462 4520 2690 4591 νοοῦμεν
2720 4523 2784 4574 ὲκ
2805 4520 2899 4574 τοῦ
2971 4520 3046 4590 μὴ
3082 4519 3237 4582 δντος
3285 4518 3363 4580 είς
3389 4516 3450 4569 τὸ
3499 4508 3735 4568 εἶναιτὰ
3768 4515 3948 4568 πάντα

790 4596 952 4664 niqnc
974 4596 1121 4651 aliud
1158 4599 1455 4670 quidquam
1496 4616 1685 4658 eorum
1729 4620 1853 4676 qua:
1879 4607 1991 4662 vita
2025 4609 2149 4674 fert,
2183 4613 2345 4666 susci-

2461 4612 2554 4666 τοῦ
2584 4613 2718 4667 Θεοῦ
2749 4612 2977 4682 δυνάμει
3040 4608 3319 4681 παρ-ἦχθαι
3346 4624 3360 4638 '
3395 4607 3576 4661 πάντα
3610 4608 3684 4661 τά
3704 4625 3767 4661 τε
3795 4608 3917 4661 θεῖα
3947 4609 4027 4657 καὶ

792 4685 957 4753 pitur.
1007 4683 1139 4741 Fide
1192 4689 1552 4763 intelligimus
1612 4692 1709 4750 Dei
1768 4699 2019 4766 potentia
2061 4710 2258 4756 cuncta
2291 4718 2345 4757 ex

2460 4703 2530 4758 τὰ
2559 4702 2875 4773 ἀνθρώπινα
2903 4702 3082 4755 πίστει
3125 4698 3521 4771 κατορθοῦμεν.
3568 4699 3766 4762 Πίστις
3805 4699 3863 4751 δέ
3895 4700 4027 4751 ἔστιν

792 4774 964 4829 nihilo
1013 4778 1277 4845 producta
1341 4796 1486 4839 esse.
1515 4781 1647 4841 Fide
1681 4787 1865 4841 omnia
1913 4797 2062 4845 recte
2088 4792 2357 4861 gerimus,

791 4873 905 4919 tum
936 4868 1191 4933 lmmana,
1228 4878 1340 4924 tmn
1370 4872 1573 4929 divina.
1598 4875 1759 4932 Fides
1787 4893 1949 4946 porro
1975 4887 2059 4935 est
2087 4896 2348 4938 assensus

792 4957 940 5010 omni
968 4961 1182 5013 curiosa
1210 4961 1565 5031 inquisitione
1585 4982 1786 5023 vacans
1810 4970 1880 5022 ”.

861 5047 1062 5104 Christi
1091 5067 1265 5106 rerum
1290 5054 1437 5109 nulla
1461 5057 1760 5113 mirabilior
1785 5062 2119 5140 cruce.‘Ejus
2154 5066 2351 5137 beneﬁ-

791 5140 1319 5214 cia.—Quanquam
1356 5154 1537 5202 autem
1564 5152 1743 5207 omnis
1782 5152 1985 5209 Christi
2009 5156 2156 5211 actio
2184 5165 2237 5211 ct
2260 5159 2358 5211 mi-

794 5232 1109 5289 raculorum
1136 5237 1321 5302 editio,
1347 5240 1629 5309 praeclara,
1662 5243 1843 5299 divina
1861 5260 1921 5300 ac
1946 5247 2212 5304 mirabilis
2236 5259 2353 5305 cst:

795 5321 931 5376 nihil
959 5332 1137 5381 tamen
1175 5335 1262 5383 est
1298 5344 1361 5383 ex
1401 5331 1655 5387 omnibus
1687 5334 1831 5403 quod
1883 5335 2243 5394 admiratione
2275 5340 2355 5395 di-

864 5488 907 5519 ”
947 5486 1101 5540 Rom.
1132 5488 1221 5542 20.
1267 5489 1351 5541 l7.
1400 5491 1445 5523 ”
1481 5489 1641 5545 Hebr.
1678 5508 1752 5557 τι,
1792 5495 1840 5551 1.

1376 5497 1445 5571 ,τ’
1481 5497 1641 5571 Hebr.
1678 5508 1752 5571 ιιι,
1792 5497 1840 5551 ι.
1926 5498 1967 5529 οι
2005 5497 2177 5555 ICor.
2214 5518 2250 5564 1,
2279 5500 2366 5557 25.

797 5558 1091 5626 psal.csv.
1168 5561 1214 5591 "
1263 5558 1430 5614 Basil.
1508 5562 1603 5615 cit.
1686 5564 1791 5618 loc.

2462 4795 3027 4866 ἀπολυπραγμόνητος
3058 4792 3475 4863 συγκατάθεσις.

2528 5060 2685 5112 Πᾶσα
2743 5058 2839 5127 μὲν
2901 5051 2992 5109 οῦν
3063 5054 3257 5126 πρᾶξις
3315 5054 3408 5109 καὶ
3448 5052 3875 5124 θαυματουργία
3936 5052 4013 5105 τεί

2464 5150 2699 5224 Χριστοῦ
2748 5148 3000 5219 μεγίστη,
3060 5150 3153 5202 καὶ
3200 5147 3340 5212 θεία,
3389 5147 3483 5200 καὶ
3527 5145 3864 5215 θαυμαστή·
3907 5144 4021 5198 ἀλλὰ

2464 5245 2680 5299 πάντων
2705 5244 2823 5297 ἐστὶ
2854 5240 3293 5312 θαυμαστότερον
3322 5239 3545 5309 ὀτίμιος
3575 5239 3746 5292 αὐτοῦ
3784 5240 4016 5309 σταυρὸς.

2460 5339 2536 5390 Δι’
2572 5336 2781 5399 οὐδενὸς
2810 5335 2918 5407 γὰρ
2952 5334 3137 5404 ἑτέρου
3170 5335 3197 5385 ὁ
3221 5332 3447 5394 θάνατος
3478 5332 3854 5402 κατήργηται,
3889 5326 4017 5399 tto}

2475 5503 2520 5533 "
2552 5502 2569 5555 1
2600 5500 2729 5556 Cor.
2776 5499 2957 5564 ",15.
3051 5499 3095 5531 ⁸³
3149 5495 3307 5550 llebr.
3359 5511 3430 5560 xi,
3484 5496 3535 5548 ϐ.

3663 5498 3711 5527 ⁸³
3779 5494 3939 5551 anii.
3976 5498 4014 5545 in

2072 5654 2302 5710 VARUE
2339 5651 2738 5711 LECTIONES.

862 5765 889 5806 ι’
920 5754 1089 5811 Codd.
1126 5756 1237 5813 fere
1260 5774 1448 5814 omnes
1478 5762 1760 5831 ἐρευνῶσι.
