4182 6476
189 454 312 515 1133

1209 450 1306 506 DE
1343 447 1515 506 FIDE
1549 439 2008 502 ORTIIODOXA
2052 438 2176 495 ΗΒ
2244 434 2338 490 ιν.

3224 419 3358 485 1134

187 569 352 635 eam],
386 567 771 636 σταυροτύπως
835 565 931 633 τὴν
985 563 1262 615 θάλασσαν
1300 560 1570 627 πλήξασα,
1621 557 1713 607 καὶ
1743 563 1789 617 Α

1757 563 1789 617 ι
1817 551 2202 611 indicarunt“,
2236 557 2349 600 tum
2381 546 2529 614 virga
2571 543 2824 607 Mosaica,
2859 559 2966 612 qua
3001 544 3166 597 veluti
3196 557 3358 598 cruce

189 656 390 710 σώσασα
414 657 511 724 μὲν
527 657 617 708 τὸν
658 656 893 724 Ἰσραὴλ,
927 652 1125 722 Φαραὼ
1144 651 1200 702 δὲ
1225 651 1485 719 βυθίσασα
1505 665 1518 677 ·
1538 650 1715 716 χεῖρες

189 747 527 815 σταυροειδῶς
563 744 949 812 ἑκτεινόμεναι,
981 741 1076 794 καὶ
1098 740 1188 792 τδν
1218 739 1462 807 ’Δμαλὴκ
1490 735 1719 804 τροπού-

191 849 362 901 μεναι·
411 831 549 899 ξύλῳ
603 831 664 883 τὸ
695 831 889 898 πικρὸν
940 828 1082 894 ὕδωρ
1139 827 1578 894 γλυκαινόμενον,
1624 824 1719 876 καὶ

187 919 344 986 πέτρα
387 918 694 987 ῥηγνυμένη
752 919 845 970 καὶ
892 916 1196 986 προχέουσα
1254 914 1494 981 νάματαο
1528 911 1717 982 ῥάϐδος

186 1007 258 1075 τῷ
277 1006 476 1075 Ἀαρὼν
497 1007 557 1057 τὸ
588 1006 687 1073 τῆς
705 1006 981 1075 ἱεραρχίας
997 1005 1210 1072 ἀξίωμα
1234 1002 1641 1072 χρηματίζουσα
1657 1011 1678 1039 ⁸
1702 1017 1715 1029 °

187 1096 298 1161 ὄφις
325 1096 418 1147 ἐπὶ
442 1093 597 1158 ξύλου
628 1095 1112 1164 θριαμϐευόμενος,
1150 1094 1224 1156 ὡς
1247 1092 1594 1161 νενέκρωται,
1628 1088 1719 1141 τοῦ

189 1185 332 1249 ξύλου
365 1185 489 1246 τοὺς
527 1185 718 1253 νεκρὸν
749 1184 992 1253 ὁρῶντας
1019 1184 1109 1236 τὸν
1145 1183 1335 1252 ἐχθρὸν
1369 1179 1720 1241 διασώζοντος

187 1277 302 1332 τοὺς
327 1275 702 1337 πιστεύοντας,
749 1274 825 1335 ὼς
863 1275 1097 1343 Χριστὸς
1152 1275 1209 1324 ὲν
1269 1273 1430 1341 σαρκὶ
1451 1269 1721 1339 ἁμαρτίας

192 1364 447 1434 ἁμαρτίαν
482 1365 583 1415 οὐκ
612 1363 786 1434 είδυίᾳ
826 1364 854 1403 δ
904 1363 1270 1434 προσήλωται.
1307 1364 1544 1430 Μωῦσῆς
1572 1360 1600 1410 ὁ
1630 1359 1724 1429 μέ-

190 1472 315 1521 γας,
371 1455 652 1520 Ὀψεσθε,
695 1452 830 1520 βοῶν
854 1453 990 1521 (75),
1026 1451 1141 1519 τὴν
1190 1451 1339 1518 ζωὴν
1404 1450 1568 1518 ὑμῶν
1625 1449 1723 1501 ἐπὶ

189 1545 370 1608 ξύλου
453 1543 828 1615 κρεμαμένην
897 1543 1184 1597 ἀπέναντι
1241 1539 1358 1593 τῶν
1410 1537 1726 1607 ὀφθαλμῶν

191 1629 363 1697 ὑμῶν,
428 1630 655 1690 Ἡσαΐας
674 1643 689 1658 °
732 1630 917 1695 Ὅλην
973 1628 1088 1695 τὴν
1133 1627 1359 1696 ἡμέραν
1403 1626 1726 1679 διεπέτασα

190 1719 287 1780 τὰς
310 1715 508 1784 χεῖράς
523 1733 640 1784 μου
667 1715 816 1782 πρὸς
841 1716 994 1769 λαὸν
1016 1715 1373 1768 ἀπειθοῦντα
1428 1713 1524 1766 καὶ
1562 1713 1724 1765 ἀντι-

190 1807 452 1873 λέῃοντα.
487 1806 549 1856 0i
592 1803 750 1856 τοῦτο
790 1815 814 1842 ο
876 1803 1327 1875 προσκυνοῦντες,
1351 1795 1464 1871 ’τῆς
1509 1801 1726 1872 μερίδος

190 1897 434 1965 τύχοιμεν
460 1895 692 1966 Χριστοῦ
712 1895 808 1948 τοῦ
833 1894 1268 1965 ἐσταυρωμένον.
1311 1894 1500 1961 Ἀμήν.

507 2134 512 2139 ,
666 2070 918 2124 nscas.
957 2068 1033 2122 ιιι
1074 2067 1246 2140 [Ill-3'].

359 2161 496 2228 Περὶ
531 2159 638 2214 τοῦ
671 2159 1034 2228 προσκυνεῖν
1069 2159 1218 2226 πρὸς
1245 2157 1558 2221 ἀνατολάς.
1624 2179 1644 2189 -

257 2250 365 2317 Οὐχ
415 2247 620 2312 ἁπλῶς,
643 2247 753 2301 οὐδ’
787 2248 862 2311 ὡς
889 2248 1064 2318 ἔτυχε,
1097 2248 1239 2321 κατὰ
1280 2246 1541 2308 ἀνατολὰς
1571 2261 1736 2314 προσο

191 2339 476 2408 κυνοῦμεν.
517 2338 656 2392 Ἀλλ’
704 2339 890 2408 ἐπειδὴ
922 2339 980 2405 ἐξ
1014 2341 1214 2409 ὁρατῆς
1257 2355 1317 2391 τε
1365 2338 1456 2391 καὶ
1479 2336 1734 2406 ἀοράτου,

191 2433 306 2500 ἦτοι
360 2430 550 2498 νοητῆς
600 2429 696 2483 καὶ
749 2415 1011 2500 αίσθητῖξς
1060 2427 1444 2497 συντεθείμεθα
1493 2426 1734 2495 φύσεως,

192 2521 382 2590 διπλῆν
427 2521 520 2572 καὶ
561 2519 658 2590 τὴν
712 2520 1079 2590 προσκύνησιν
1119 2519 1199 2590 τῷ
1233 2519 1557 2590 Δημιουργῷ
1581 2535 1738 2588 προσ-

194 2613 393 2679 άγομεν
411 2625 425 2639 ⁸
457 2609 642 2680 ὥσπερ
665 2611 758 2662 καὶ
800 2611 875 2684 τῷ
903 2611 979 2679 νῷ
1008 2611 1278 2678 ψάλλομεν
1297 2611 1391 2662 καὶ
1415 2614 1528 2671 τοῖς
1557 2627 1739 2677 σωμα-

193 2704 359 2764 τικοῖς
385 2702 604 2770 χείλεσι,
635 2702 729 2754 καὶ
759 2701 1135 2770 βαπτιζόμεθα
1175 2702 1323 2754 ὕδατί
1356 2718 1417 2753 τε
1455 2703 1548 2754 καὶ
1567 2701 1739 2752 Πνεύ-

197 2809 346 2857 ματι,
378 2793 469 2845 καὶ
502 2791 703 2855 διπλῷς
728 2791 807 2860 τῷ
838 2791 1027 2861 Κυρίῳ
1065 2790 1349 2862 ὲνούμεθα,
1397 2789 1503 2842 τῶν
1532 2806 1738 2858 μυστη-

197 2883 326 2950 ρίων
362 2882 696 2951 μετέχοντες,
740 2883 835 2933 καὶ
867 2883 965 2948 τῆς
1013 2881 1104 2932 τοῦ
1151 2881 1463 2949 Πνεύματος
1501 2879 1736 2948 χάριτος.

1818 655 2138 709 percussum
2168 646 2250 691 est
2279 651 2445 698 mare,
2472 646 2522 687 et
2554 649 2673 702 qua:
2703 633 2882 688 lsraeli
2905 634 3133 687 salutem
3156 631 3354 690 ferens.

1815 728 2150 781 Pharaonem
2169 727 2325 794 aquis
2344 726 2529 778 mersit
2545 727 2610 787 ”,
2633 733 2743 777 tuin
2765 739 2953 777 manus
2977 725 3030 776 in
3047 722 3227 776 crucis
3249 721 3359 773 ior-

1818 832 1964 868 mam
1997 830 2272 883 expansa),
2310 823 2467 879 atque
2489 812 2816 864 Amalecitas
2847 811 2899 862 in
2935 809 3109 874 fugam
3145 817 3360 861 verten-

1818 912 1899 956 tes
1923 904 1966 933 ¹³
1999 919 2012 953 :
2049 917 2188 970 aqua
2232 903 2358 955 item
2399 915 2580 953 amara
2644 900 2784 966 ligno
2811 899 3059 952 edulcata
3083 898 3144 959 “,
3174 912 3361 964 rupes-

1819 1008 1922 1061 que
1979 994 2141 1061 virga:
2192 1007 2294 1059 0pc
2342 991 2556 1058 dirupta
2587 990 2775 1042 latices
2822 989 3051 1042 intidens
3092 988 3181 1038 "2

1819 1084 2020 1136 Aaroni
2057 1083 2346 1138 sacerdotii
2403 1082 2721 1150 dignitatem
2757 1090 2980 1149 prepter
3009 1081 3247 1134 divinum
3282 1095 3363 1132 rc-

1822 1187 2083 1241 sponsum
2108 1174 2359 1227 sam-iens
2383 1172 2424 1203 “
2459 1190 2473 1224 :
2507 1183 2720 1225 erectus
2746 1171 2927 1239 tropzei
2958 1185 3105 1224 more
3137 1173 3190 1222 in
3221 1171 3365 1238 ligno

1821 1278 2071 1331 serpens,
2113 1264 2278 1317 veluti
2315 1273 2558 1315 mortuus
2582 1263 2646 1323 ”,
2701 1262 2847 1329 ligno
2877 1263 3107 1317 salutem
3133 1261 3200 1314 iis
3232 1261 3365 1314 aﬂ'e-

1837 1361 2012 1414 rente,
2070 1353 2162 1421 qui
2215 1367 2338 1405 cum
2378 1352 2481 1407 (ide
2506 1363 2778 1405 mortuum
2816 1351 3022 1406 hostem
3050 1359 3366 1413 cernerent;

1823 1441 1962 1496 sicut
1990 1441 2259 1506 Christus,
2280 1443 2329 1494 in
2353 1457 2516 1496 carne
2553 1444 2760 1510 peccati
2791 1442 2992 1516 nescia,
3033 1442 3177 1510 ligno
3204 1444 3369 1495 conli-

1826 1546 1928 1584 xus
1951 1530 2070 1584 fuit.
2101 1531 2323 1600 Magnus
2349 1532 2561 1600 Moyses
2584 1532 2843 1585 inclamat
2879 1551 2893 1585 :
2937 1531 3188 1585 Videbitis
3213 1532 3370 1584 vitam

1824 1628 2046 1673 uestram
2063 1622 2114 1672 in
2146 1621 2286 1688 ligno
2303 1621 2600 1686 pendentem
2626 1622 2688 1675 ob
2712 1622 2884 1675 oculos
2901 1632 3096 1675 uestros
3125 1621 3188 1674 ¹⁸.
3206 1621 3372 1676 Isaias

1827 1710 1953 1762 item
1984 1724 1996 1759 :
2047 1708 2181 1762 Tota
2221 1710 2304 1762 die
2341 1711 2572 1776 expandi
2612 1729 2795 1766 manus
2847 1729 2991 1767 meas
3027 1711 3098 1765 ad
3126 1713 3372 1779 populum

1827 1813 1928 1849 non
1954 1798 2241 1851 credentem
2265 1808 2312 1851 et
2351 1800 2790 1853 contradicentem
2810 1801 2870 1852 ¹⁹.
2901 1800 3010 1862 Nos
3037 1803 3132 1870 qui
3157 1817 3373 1857 crucem

3217 989 3360 1053 virga

1757 1872 1799 1925 Β
1826 1886 2139 1948 adoramus,
2174 1887 2238 1939 ad
2267 1885 2495 1949 Christi,
2541 1888 2634 1956 qui
2666 1889 2816 1942 cruci
2847 1888 3039 1944 aliirus
3068 1899 3175 1955 est.
3203 1892 3376 1959 parti-

1832 1970 2156 2042 cipat'ionem
2185 1976 2389 2028 utinam
2413 1977 2824 2044 perveniamus.
2868 1979 3063 2034 Amen.

2455 2063 2607 2119 CAP.
2636 2065 2750 2120 XII.

2247 2156 2322 2208 De
2341 2155 2648 2210 adoratione
2668 2157 2740 2210 ad
2767 2160 3032 2214 orientem.

1901 2241 2012 2297 Cur
2027 2242 2266 2298 Ecclesia
2308 2245 2375 2298 ad
2405 2247 2651 2298 orientem
2677 2249 3004 2316 exteriusque
3021 2247 3223 2302 adoret.
3253 2252 3380 2302 Tra-

1832 2334 1963 2388 ditio
1999 2351 2102 2389 non
2127 2336 2341 2405 scripta.
2397 2366 2464 2380 —-
2493 2337 2612 2393 Non
2661 2346 2882 2405 temere,
2911 2353 3013 2394 nec
3047 2341 3164 2396 sine
3191 2355 3378 2403 causa,

1835 2429 1902 2484 ad
1929 2429 2193 2484 orientem
2229 2430 2479 2485 conversi
2513 2429 2827 2486 adoramus.
2863 2429 3020 2494 Nam,
3055 2433 3181 2501 quia
3207 2448 3271 2488 ex
3300 2435 3382 2486 vi-

1835 2519 1986 2574 sibili
2028 2519 2192 2573 simul
2218 2531 2272 2574 et
2295 2521 2556 2578 invisibili
2605 2530 2828 2587 natura,
2862 2522 2966 2576 hoc
2997 2531 3082 2576 est
3109 2524 3378 2593 spiritual’

1834 2613 1888 2660 et
1942 2607 2187 2660 sensibili
2240 2618 2578 2672 constamus,
2636 2609 2799 2679 266
2849 2601 3136 2679 duplicem.
3168 2626 3385 2680 quoque

1838 2695 2206 2750 adorationem
2246 2695 2485 2750 Creatori
2526 2697 2876 2762 adhibemus,
2931 2699 3380 2766 quemadmodum

1836 2796 1889 2840 et
1910 2793 2109 2850 mente;
2140 2786 2498 2855 corporisque
2524 2785 2682 2841 labiis
2702 2787 2968 2850 canimus,
3008 2803 3216 2842 necnon
3244 2801 3383 2856 aqua

1839 2875 2003 2928 simul
2037 2882 2092 2928 et
2125 2876 2323 2942 spiritu
2347 2874 2723 2943 baptizamur;
2758 2876 3066 2944 duplicique
3094 2879 3252 2930 modo
3280 2878 3384 2931 Do-

1839 2966 1986 3019 mino
2009 2967 2350 3033 copulamur,
2373 2965 2501 3018 dum
2527 2973 2895 3027 sacramenta,
2916 2976 2966 3019 et
2998 2966 3123 3024 dum
3150 2966 3386 3035 Spiritus

1843 3057 2067 3135 gratiam
2100 3057 2452 3125 percipimus.

277 3145 426 3197 Ἐπεὶ
453 3143 630 3196 τοίνυν
659 3143 768 3214 (76)
818 3144 847 3194 ὁ
897 3143 1026 3205 Θεὸς
1075 3143 1188 3208 φῶς
1234 3143 1349 3194 ἐστι
1395 3140 1601 3211 νοητὸν,
1652 3142 1791 3240 καὶ(

1770 3183 1811 3240 C
1911 3145 2177 3209 Quoniam
2204 3145 2369 3213 igitur
2436 3145 2579 3199 Deus
2611 3142 2891 3214 spirituale
2919 3146 3101 3208 lumen
3128 3153 3212 3198 est
3229 3145 3292 3210 ",
3327 3161 3388 3198 ac

193 3235 343 3303 ἥλιος
358 3235 718 3303 δικαιοσύνης,
733 3235 827 3291 καὶ
859 3234 1115 3302 Ἀνατολὴ
1134 3235 1188 3285 ὲν
1210 3236 1326 3296 ταῖς
1347 3234 1590 3302 Γραφαῖς
1616 3232 1746 3284 ὼνὸ-
1777 3232 1791 3240 “

1777 3232 1811 3240 ⁷
1843 3235 2098 3290 Christus
2122 3236 2202 3288 sol
2221 3235 2500 3303 justitize“
2529 3245 2584 3290 et
2615 3234 2808 3290 Oriens
2827 3238 2869 3267 υ
2894 3236 2947 3289 in
2966 3239 3138 3292 sacris
3169 3236 3391 3292 Litteris

194 3341 397 3394 ματται
433 3325 720 3392 ὁΧριστδς,
749 3322 1035 3376 ἀναθετέον
1057 3324 1202 3393 αὐτῷ
1229 3322 1326 3392 τὴν
1374 3323 1636 3391 ἀνατολὴν
1668 3324 1746 3384 εἰς

196 3414 584 3482 προσκύνησιν.
610 3415 726 3466 Πᾶν
748 3413 854 3482 γὰρ
883 3413 1044 3465 καλὸν
1059 3413 1134 3480 τῷ
1148 3413 1264 3482 Θεῷ
1294 3413 1596 3475 ἀναθετέον,
1616 3411 1673 3474 ἐξ
1686 3405 1745 3463 οὗ

195 3507 305 3556 πᾶν
328 3503 538 3571 ἀγαθὸν
569 3504 917 3572 ἁγαθύνεται.
945 3505 1082 3573 Φησὶ
1110 3504 1165 3555 δὲ
1208 3505 1300 3556 καὶ
1327 3504 1355 3554 ὁ
1374 3502 1512 3564 Θεῖος
1544 3501 1706 3555 Δαϐίδ
1730 3518 1742 3530 ·

194 3595 267 3647 Al
299 3592 609 3655 βασιλεῖαι
655 3592 764 3660 τῆς
811 3594 943 3661 γῆς,
979 3593 1165 3660 ᾁσατε
1225 3591 1303 3656 τῷ
1334 3590 1475 3655 Θεῷ,
1514 3593 1745 3659 Wars

197 3678 278 3740 τῷ
299 3679 511 3745 Κυρίῳ,
545 3678 624 3743 τῷ
673 3681 1042 3746 ἐπιϐεϐηκότι
1090 3681 1185 3734 ἐπὶ
1211 3680 1316 3733 τὸν
1351 3681 1607 3747 οὐρανὸν
1640 3682 1746 3734 τοῦ

197 3768 457 3834 οὐρανοῦ
515 3769 665 3835 κατὰ
707 3771 1026 3836 ἀνατολάς.
1079 3773 1197 3824 Ἔτι
1245 3770 1302 3824 δὲ
1353 3772 1444 3823 καί
1494 3789 1655 3841 φησιν
1711 3774 1744 3840 ἡ

273 3945 314 3976 ²¹
341 3945 495 3998 Auct.
542 3942 745 4010 Quafst.
786 3946 849 3998 ad
894 3945 1147 3999 Antioch.

199 4014 245 4046 "
273 4013 443 4068 Exod.
471 4029 599 4075 xvn,
630 4013 684 4067 6.
763 4015 976 4067 H’Num.
1022 4031 1151 4074 xvu,
1186 4013 1294 4069 8et
1319 4016 1370 4077 9,

1208 3944 1381 4014 (μω.
1469 3949 1510 3978 ¹¹
1537 3947 1707 4000 Exod.
1770 3962 1877 4009 xw,
1935 3946 2000 4000 16
2061 3961 2213 4014 seqq.

1450 4018 1489 4046 ”
1527 4014 1686 4068 Num.
1722 4031 1831 4078 ut,
1863 4015 1915 4069 9.

210 4093 253 4142 l,
273 4083 326 4137 5.
402 4082 445 4113 ’ί
488 4081 717 4136 Malacli.
752 4099 824 4148 IV,
848 4083 902 4137 ἓ.
978 4085 1021 4114 ’⁸
1051 4083 1214 4137 Zach.
1257 4098 1338 4149 Ill,
1366 4085 1437 4150 8;
1474 4084 1602 4137 Luc.
1640 4100 1674 4148 ι,
1705 4084 1791 4139 78.

1846 3324 2178 3393 appellatur;
2209 3324 2410 3378 idcirco
2426 3339 2549 3393 pars
2568 3325 2680 3389 illa,
2697 3340 2802 3393 qua
2820 3327 2899 3380 sol
2927 3326 3153 3391 oritur,.i
3163 3328 3242 3396 psi
3263 3328 3393 3382 ado—

1845 3414 2072 3467 rationis
2095 3428 2225 3482 ergo
2257 3416 2584 3483 assignanda
2619 3422 2724 3469 est.
2762 3413 2824 3467 Et
2842 3416 3109 3485 siquidem
3149 3418 3200 3471 id
3231 3433 3393 3472 0mm

1849 3501 1990 3570 quod
2023 3501 2221 3556 bonum
2251 3501 2410 3555 fuerit
2435 3517 2754 3556 consecrare
2782 3517 2877 3572 par
2911 3513 3013 3566 est,
3048 3518 3078 3556 a
3103 3519 3212 3572 quo
3234 3507 3392 3574 quiil-

1850 3593 1979 3661 quid
2004 3591 2202 3646 bonum
2227 3599 2330 3654 est,
2361 3593 2558 3646 bonum
2584 3592 2832 3647 eﬂicitur.
2853 3592 2992 3658 Quin
3016 3594 3233 3648 divinus
3265 3611 3394 3663 quo-

1849 3696 1956 3750 que
1986 3679 2148 3734 David
2196 3680 2282 3735 his
2310 3681 2489 3736 verbis
2522 3681 2694 3734 utitur
2726 3699 2738 3732 :
2773 3680 2946 3750 Regna
2974 3691 3145 3745 terrm,
3189 3694 3396 3738 cantate

1854 3773 1980 3837 Deo,
1998 3771 2206 3840 psallite
2226 3771 2469 3840 Domino,
2484 3774 2572 3842 qui
2583 3773 2812 3826 ascendit
2833 3789 2984 3842 super
2998 3774 3180 3827 caelum
3194 3776 3309 3832 caeli
3327 3777 3395 3829 ad

2291 3947 2333 3976 ”
2359 3946 2525 3999 Exod.
2551 3963 2678 4006 xvn,
2732 3947 2815 3998 il.
2897 3947 2938 3978 “
2961 3947 3129 4003 Exod.
3182 3967 3266 4010 xv,
3302 3952 3394 4004 25.

1995 4016 2035 4044 ¹⁸
2068 4012 2223 4069 Deut.
2265 4031 2445 4080 sum,
2474 4014 2560 4068 66.
2639 4018 2679 4046 "
2710 4015 2811 4069 lsa.
2837 4032 2959 4083 va,
2995 4018 3050 4070 2.
3125 4022 3170 4050 ³ο
3201 4021 3392 4075 lloan.

3386 4176 3419 4200 θ

1474 4233 1706 4286 νΑιιιΑε
1763 4233 2160 4288 LECTIONES.

274 4379 300 4406 ⁸
331 4359 474 4420 Εᾶίι.
503 4368 847 4438 χρηματίζει.
925 4366 953 4405 δ
997 4365 1146 4419 Μιιῖιὶ
1170 4366 1324 4420 codd.
1356 4365 1524 4428 εἰδώς.
1561 4367 1724 4422 Vetus
1753 4368 1976 4437 interpr.
2003 4385 2101 4420 non
2128 4385 2456 4437 cognoscens.
2535 4381 2554 4405 ο
2584 4367 2809 4432 Quidam
2840 4370 3045 4435 τοῦτον,
3071 4373 3158 4424 alii
3208 4375 3395 4444 τούτῳ.

1694 4481 1918 4535 NOTAE.

275 4595 891 4667 (ἾέἰγὍψωθεβοῷν.
926 4597 1360 4667 l’idebitisvitnm
1382 4607 1748 4667 vestram,etc.
1785 4602 1828 4655 D
1857 4597 2134 4667 nonaltcr
2169 4597 2261 4649 ille
2296 4605 2506 4667 auctor,
2535 4599 2624 4665 qui
2658 4598 2858 4652 Justini
2907 4602 3160 4667 martyris
3183 4606 3399 4658 nomine

196 4665 366 4720 Hunc
399 4665 796 4719 Detiteronomii
823 4665 999 4719 locum
1022 4665 1512 4732 Judaaisobjectant
1541 4666 1748 4730 Patres,

197 4751 267 4788 ac
296 4737 342 4788 si
373 4734 622 4788 Christus
646 4749 808 4802 quem
839 4733 1120 4787 alliserunt
1150 4737 1322 4795 cruci,
1345 4736 1460 4787 vitw
1485 4735 1750 4800 pendentis

198 4806 429 4858 nomine
479 4803 835 4871 significetur.
895 4803 1130 4871 (laeteris
1178 4803 1453 4869 praeivisse
1495 4804 1751 4857 Irenaeum

198 4881 360 4942 puto.
398 4872 492 4923 lib.
527 4870 577 4934 ν,
616 4887 664 4942 εξ.
697 4871 784 4930 18.
817 4871 1014 4942 υωοὶι
1051 4888 1066 4924 :
1099 4870 1240 4927 Caro
1270 4872 1467 4938 factum
1494 4882 1568 4927 est
1601 4872 1756 4942 (Ver-

196 4940 360 5002 bum)
385 4950 434 4993 et
466 4940 699 5005 pependit
731 4955 882 5006 super
906 4940 1121 5007 lignum,
1147 4950 1199 4991 ut
1220 4946 1456 5002 universa
1489 4942 1548 4992 in
1575 4940 1757 4994 semet-

195 5011 382 5077 ipsum
435 5010 835 5072 recapitularet,
893 5009 1329 5074 quemadmodum
1383 5008 1583 5076 Moyses
1662 5010 1755 5060 hoc

194 5082 382 5145 ipsum
416 5077 770 5144 manifestavit
788 5078 841 5128 in
868 5079 1057 5142 populo
1092 5094 1108 5129 :
1144 5077 1241 5130 «Et
1266 5079 1364 5130 erit
1390 5080 1491 5130 vita
1521 5091 1610 5130 tua
1637 5094 1757 5144 pen-

192 5151 336 5204 dens
358 5155 478 5198 ante
500 5146 677 5198 oculos
701 5155 836 5208 tuos,
865 5157 912 5199 et
941 5163 1041 5199 non
1075 5146 1249 5200 credes
1279 5149 1397 5200 uiue
1431 5156 1587 5201 tuae.»
1621 5149 1759 5211 Quia

197 5217 374 5285 igitur
402 5232 505 5285 no_n
560 5225 857 5283 receperunt
910 5215 1084 5276 illum,
1125 5231 1244 5285 _non
1285 5227 1579 5282 receperunt
1610 5216 1758 5268 illam

196 5283 394 5338 vitam.
449 5283 746 5352 S'cripturaa
769 5298 967 5338 sensus
991 5296 1093 5346 est,
1117 5283 1332 5338 Judmos
1367 5286 1543 5352 patria
1571 5295 1756 5338 extor-

197 5368 302 5408 res
330 5352 522 5416 lactos,
559 5361 819 5421 perpetuo
842 5353 1030 5420 pavori
1063 5353 1324 5406 obnoxios
1346 5353 1479 5406 lore.

283 5421 393 5491 (76)
413 5422 570 5491 Ἐπεί
593 5425 815 5488 τοίνυν.
844 5421 1102 5486 Quoniam
1125 5422 1286 5490 igitur
1306 5423 1463 5486 Deus,
1487 5431 1592 5476 etc.
1611 5422 1760 5477 Alte-

199 5505 270 5545 ra
287 5490 634 5547 hazctraditio
664 5501 780 5558 est.
799 5505 960 5558 quam
983 5491 1052 5543 ab
1079 5491 1337 5557 apostolis
1361 5499 1635 5558 acceptam
1671 5507 1756 5546 rc-

199 5561 320 5613 fert
353 5561 513 5613 Basil.
548 5559 639 5612 lib.
659 5559 732 5612 De
756 5557 953 5625 Spiritu
976 5567 1155 5623 sancto
1183 5576 1232 5613 e.
1263 5560 1352 5620 27,
1387 5571 1438 5613 ut
1481 5557 1546 5612 ad
1585 5563 1757 5613 orien-

196 5638 322 5683 tem
349 5629 486 5682 versi
511 5628 809 5681 Christiani
853 5628 1018 5697 Deum
1064 5629 1288 5680 adorent
1319 5632 1585 5697 :eamque
1624 5639 1757 5681 tem-

202 5697 600 5767 plorumsitus
633 5698 924 5766 signiticat.
954 5696 1027 5751 De
1058 5699 1158 5749 hoc
1187 5698 1297 5767 ritu
1327 5696 1566 5767 disputat
1588 5701 1753 5749 Attia-

197 5766 405 5822 nasius
428 5766 616 5821 lunior
649 5767 704 5821 in
742 5783 883 5837 resp.
917 5767 982 5821 ad
1014 5775 1206 5836 quzest.
1232 5766 1300 5821 '51
1327 5766 1597 5832 Antiochi,
1629 5781 1755 5822 ncc-

1857 4665 2282 4738 prodiit,qu:est.
2308 4664 2429 4717 108.
2452 4664 2731 4738 Alcuinus,
2763 4668 2855 4720 lib.
2879 4684 2919 4738 n_
2938 4668 3006 4720 De
3022 4664 3166 4723 Trin.
3187 4685 3306 4738 cap.
3327 4676 3358 4726 5
3382 4690 3395 4724 :

1856 4734 1986 4787 Cum
2005 4734 2073 4786 ad
2093 4734 2376 4804 orationem
2397 4743 2617 4798 stamus,
2638 4737 2833 4804 inquit;
2848 4736 2919 4804 ad
2942 4740 3183 4790 orientem
3196 4734 3402 4794 conver—

1857 4804 2012 4855 timus
2038 4819 2151 4855 nos.
2193 4800 2362 4864 Quem
2393 4805 2557 4854 etiam
2601 4800 2804 4858 morem
2847 4803 3178 4861 Walal'ridus
3205 4808 3403 4864 Strabo

1858 4873 2030 4942 magis
2053 4871 2339 4942 approbat,
2367 4870 2465 4924 lib.
2495 4870 2570 4942 De
2585 4872 2745 4942 rebus,
2765 4873 2948 4926 eccles.
2980 4889 3099 4942 cap.
3125 4876 3177 4938 4,
3201 4886 3259 4930 ut
3297 4878 3403 4931 llo-

1857 4941 2046 5014 norius
2064 4940 2570 5014 Augustodupensis
2601 4941 2668 5014 in_
2706 4940 2919 4994 Gemma
2949 4940 3158 5014 anima,
3191 4960 3310 5014 cap.
3333 4949 3403 5002 95

1859 5006 1936 5060 De
1966 5008 2309 5082 antiq.__ritib.
2365 5006 2543 5070 Miss.,
2578 5010 2671 5074 qui
2719 5018 2897 5082 tamen
2939 5012 3106 5082 rariis
3140 5006 3405 5082 exoiitplis

1859 5077 2097 5131 ostendit
2131 5077 2252 5129 illos
2289 5092 2390 5128 non
2428 5092 2630 5132 errasse
2655 5081 2742 5144 qui
2798 5079 3020 5144 templis,
3082 5081 3159 5133 vel
3207 5077 3406 5136 nouiter

1862 5145 1966 5198 Deo
1994 5146 2330 5228 constructis,
2357 5145 2434 5228 pel
2464 5145 2527 5197 ab
2559 5145 2819 5228 idolorum
2849 5149 3095 5228 squalore
3116 5154 3400 5228 mundatis,

1860 5224 2071 5282 propter
2092 5215 2325 5281 aliquam
2354 5213 2585 5268 locorum
2617 5213 3056 5284 opportunitatem
3079 5220 3132 5272 in
3173 5213 3406 5274 diversas

1858 5285 2040 5351 plagas
2088 5284 2318 5354 ιιιιιινίιι⁸
2337 5292 2633 5354 statuerunt
2660 5301 2678 5338 :
2707 5287 2831 5354 quia
2871 5302 2971 5338 non
2997 5326 3000 5328 -
3023 5298 3100 5341 est
3150 5289 3292 5342 locus
3319 5291 3408 5341 ubi

1861 5369 1963 5404 non
1991 5355 2058 5404 sit
2090 5351 2248 5404 Deus.
2284 5351 2543 5415 Quinimo
2572 5353 2678 5408 Leo
2704 5351 2773 5407 Μ.
2809 5369 2972 5410 serm.
3008 5356 3072 5409 de
3087 5357 3265 5409 Nativ.
3299 5374 3408 5411 non

1863 5421 2288 5493 sinestoniacho
2318 5429 2472 5493 notat
2502 5425 2945 5493 superstitionem
2979 5440 3190 5485 eorum,
3217 5428 3313 5493 qui
3351 5429 3406 5478 in

1864 5490 2088 5544 basilica
2141 5490 2283 5544 beati
2326 5490 2471 5562 Petri
2514 5492 2789 5562 superatis
2823 5493 3081 5561 gradibus
3117 5490 3302 5562 quibus
3341 5497 3408 5547 ad

1862 5569 2154 5628 suggestum
2173 5575 2280 5612 ora
2300 5561 2580 5630 superioris
2595 5562 2911 5625 ascenditur,
2935 5561 3176 5615 conuerso
3197 5579 3410 5630 c0rpore

1861 5632 1928 5698 ad
1971 5639 2260 5698 nascentem
2315 5629 2476 5681 solem
2513 5646 2566 5682 se
2605 5630 2935 5696 reﬂexerunt,
2959 5642 3071 5693 etc.
3121 5629 3409 5698 Atquist

1863 5697 2034 5751 fuisse
2061 5696 2385 5754 Maniclizeos
2413 5713 2478 5754 ex
2527 5699 2650 5753 aliis
2681 5700 2798 5767 ejus
2831 5701 3175 5756 sermonibus
3205 5696 3406 5772 conjici

1861 5775 2062 5834 potest.
