4182 6476
172 382 296 449 113?

1198 359 1295 451 DIE
1338 392 1514 453 FIDE
1545 394 2000 456 omuuooxa
2040 398 2185 456 LIB.
2227 398 2328 460 1v;

3237 389 3371 451 1ίῖιὸ

170 497 245 548 Τὰ
270 497 323 549 δὲ
347 476 564 564 λογικὰ)
585 498 677 551 καὶ
701 500 842 552 κατά
870 499 936 554 τὰ
960 500 1325 585 προειρημένα
1362 503 1479 571 μὲν,
1508 503 1569 554 οὐ
1606 504 1712 571 μὴν
1740 514 1757 565 Α

1840 519 2018 558 tonum
2052 520 2176 559 cum
2209 506 2289 560 eis
2324 502 2716 565 communicat,
2745 511 2856 555 tum
2905 508 3177 570 quatenus
3217 506 3367 556 sunt,

166 587 292 639 ἀλλὰ
324 587 462 653 κατά
486 588 547 640 τὸ
572 590 811 653 λογικὸν,
841 590 934 641 καὶ
958 589 1131 643 ταῦτα
1151 590 1347 659 μᾶλλον
1369 607 1381 619 ·
1406 592 1709 663 οἰκειότερα

166 677 269 745 γάρ
316 675 427 739 πώς
480 680 588 729 είσι
641 679 778 747 πρὸς
829 680 1008 746 αὐτὸν,
1071 682 1119 732 εί
1166 681 1259 734 καὶ
1312 684 1526 746 πάντως
1556 679 1709 746 οὗτος

167 764 469 834 ὑπέρκειται
506 765 744 834 ἀσυγκρί
752 784 872 831 τως.

1816 603 1929 648 tum
1965 605 2237 664 quatenus
2278 596 2440 649 vitam
2492 602 2841 662 acceperunt.
2878 592 2945 644 At
2970 606 3094 646 vero
3127 606 3243 658 qua:
3282 603 3371 640 ra-

1817 683 1965 737 tione
1996 692 2245 749 utuntur,
2282 693 2394 737 tum
2422 685 2493 738 ob
2522 698 2583 738 ea
2609 698 2730 752 quae
2764 681 2925 737 modo
2966 681 3222 741 diximus,
3259 688 3371 730 tum

1815 773 1884 826 ob
1935 774 2202 828 rationem
2259 775 2423 828 etiam
2490 788 2598 842 qua
2636 772 2864 842 pollent,
2905 771 3034 824 boni
3076 768 3370 837 participa-

159 855 305 908 tione
340 855 618 922 copiosius
651 855 929 910 I'runntur.
958 853 1195 913 Arctiori
1233 860 1435 913 ctenim
1466 859 1868 930 quodammodo
1922 860 2329 916 necessitudine
2376 876 2502 915 cum
2558 876 2627 915 eo
2690 860 2984 928 cunjuncta
3042 866 3205 912 sunt:
3239 865 3373 907 tam.

164 948 261 1003 etsi
290 949 489 1019 alioqui
526 949 617 1005 ille
639 951 1061 1022 incomparabili
1095 952 1430 1008 sublimitate
1461 955 1645 1009 omnia
1684 964 1921 1022 superet.

243 1038 299 1091 '0
350 1040 533 1109 μέντοι
580 1039 886 1109 ἄνθρωπος,
939 1042 1156 1110 λογικὸς
1223 1044 1315 1096 καὶ
1367 1042 1713 1108 αὑτεξούσιος

166 1127 467 1209 γενόμενος,
522 1127 770 1194 ἐξουσίαν
827 1131 1050 1202 εἴληφεν
1093 1133 1452 1198 ἀδιαλείπτως
1480 1136 1570 1188 διὰ
1617 1135 1715 1200 τῆς

167 1215 367 1277 οἰκείας
380 1216 755 1287 προαιρέσεως
780 1219 1033 1274 ένοῦσθαι
1054 1221 1132 1291 τῷ
1151 1223 1291 1293 Θεῷ,
1323 1225 1375 1277 εἰ
1398 1241 1460 1292 γε
1490 1225 1719 1294 διαμένῃ

169 1305 226 1354 ιν
271 1303 344 1373 τῷ
375 1305 584 1375 ἀγαθῷ,
630 1308 879 1360 τουτέστι
910 1313 976 1379 τῇ
1016 1311 1107 1364 τοῦ
1152 1313 1449 1376 κτίσαντος
1482 1316 1716 1382 ὑπακοῇ.

182 1393 394 1465 Ἐπειδὴ
423 1397 601 1449 τοίνυν
630 1399 688 1450 ἐν
739 1400 1051 1470 παραϐάσει
1086 1403 1185 1472 τῆς
1226 1402 1319 1455 τοῦ
1357 1404 1717 1472 πεποιηκότος

169 1486 324 1539 αὐτὸν
353 1488 571 1556 ἐντολῆς
601 1488 815 1556 γέγονε,
873 1491 968 1565 καὶ
1002 1492 1214 1562 θανάτῳ
1263 1495 1355 1547 καὶ
1383 1494 1558 1563 φθορᾷ
1586 1495 1715 1548 ὑπο-

171 1576 472 1638 πὲπτωκεν,
510 1576 538 1626 ὁ
567 1577 798 1648 Ποιητής
855 1581 951 1632 καὶ
1005 1582 1345 1652 Δημιουργδς
1396 1582 1488 1635 τοῦ
1530 1584 1717 1650 γένους

171 1664 320 1733 ἡμῶν
348 1665 433 1718 διά
463 1665 749 1743 σπλάγχνα
807 1668 990 1733 ἐλέους
1041 1672 1207 1725 αὑτοῦ
1255 1671 1512 1741 ὡμοιώθη
1563 1675 1717 1743 ἡμῖν,

1892 1046 2052 1115 Atqui
2088 1046 2252 1100 homo
2301 1045 2510 1100 ratione
2549 1044 2830 1114 liberaque
2868 1040 3144 1097 voluntate
3186 1036 3377 1105 prtuli-

1824 1142 1911 1187 tus
1941 1148 2065 1187 cum
2089 1144 2257 1202 esset,
2298 1136 2439 1190 hanc
2473 1143 2762 1203 acceperat
2813 1140 3155 1202 potestatem,
3190 1136 3246 1181 ut
3284 1142 3378 1196 per

1823 1237 1973 1277 suam
2012 1224 2330 1278 electionem
2364 1208 2734 1279 indesinenter
2774 1237 2900 1286 cum
2941 1221 3047 1276 Deo
3081 1220 3382 1287 conjunge-

1824 1320 1993 1375 retur,
2042 1313 2315 1381 siquidem
2364 1314 2417 1365 in
2462 1313 2626 1376 bono,
2687 1312 2788 1366 hoc
2834 1318 2915 1365 est
2969 1311 3024 1362 in
3074 1307 3379 1361 obedientia

1826 1400 2104 1455 Creatoris
2142 1401 2497 1468 perstitisset.
2534 1399 2803 1464 Quoniam
2840 1412 2969 1451 vero
2992 1396 3266 1455 Creatoris
3296 1410 3381 1448 Sttl

1825 1488 2026 1542 violato
2080 1499 2369 1557 praaeepto,
2418 1490 2577 1542 morti
2621 1499 2673 1542 et
2723 1486 3067 1555 corruptioni
3113 1485 3383 1537 obnoxius

1826 1578 1947 1640 fuit,
2002 1578 2206 1632 ideirco
2264 1579 2479 1647 generis
2535 1579 2706 1632 nostri
2732 1576 3033 1630 Productor
3075 1585 3128 1629 et
3166 1573 3382 1640 Opiter,

1825 1666 1893 1718 ob
1922 1664 2305 1719 misericordia:
2333 1680 2446 1721 suae
2475 1666 2698 1731 viscera,
2736 1665 3077 1719 assimilatas
3102 1672 3183 1715 est
3206 1662 3384 1721 nobis,

172 1756 307 1808 κατά
340 1757 517 1810 πάντα
569 1759 861 1828 γενόμενος
917 1760 1199 1832 ἄνθρωπος
1224 1764 1391 1831 χωρὶς
1420 1765 1720 1832 ἁμαρτίας,

1840 1769 1992 1808 iomo
2033 1756 2207 1809 l'actus
2236 1756 2358 1809 sine
2386 1764 2638 1823 peccato,
2677 1765 2981 1821 nostraaqne
3018 1760 3226 1808 naturae
3253 1752 3386 1802 nni—

171 1843 263 1894 κα)⁵
298 1842 479 1914 ηνώθη
512 1848 575 1915 τῇ
609 1847 851 1918 ἡμετέρᾳ.
884 1847 1067 1917 φύσει.
1110 1850 1327 1920 Ἐπειδὴ
1366 1852 1476 1921 γὰρ
1502 1853 1727 1920 μετέδω-

175 1947 267 1982 κεν
297 1932 428 1999 ἡμῖν
457 1936 555 2002 τῆς
588 1934 724 1998 ἰδίας
752 1935 980 1999 είκόνος,
1015 1938 1110 1989 καὶ
1134 1939 1227 1990 τοῦ
1247 1939 1376 1992 ἰδίου
1402 1942 1727 2008 πνεύματος,

174 2020 265 2070 καὶ
291 2020 390 2073 οὐκ
419 2023 779 2094 ὲφυλάξαμεν,
821 2027 1226 2097 μεταΜμὸἁνει
1260 2031 1420 2092 αὐτὸς
1457 2034 1554 2101 τῆς
1589 2047 1729 2082 πτω-

174 2112 275 2180 χῆς
295 2114 386 2165 καὶ
408 2114 667 2180 ἀσθενοῦς
695 2116 853 2187 ἡμῶν
901 2120 1137 2187 φύσεως,
1194 2122 1280 2174 ἵνα
1308 2124 1453 2192 ἡμᾶς
1493 2122 1729 2191 καθάρῃ,

176 2206 267 2256 καὶ
292 2204 621 2284 ἀφραρτίσῃ,
654 2210 747 2261 καὶ
772 2210 1033 2281 μετόχους
1058 2211 1220 2266 πάλιν
1258 2214 1352 2284 τῆς
1373 2213 1536 2266 αὑτοῦ
1561 2232 1730 2267 κατα-

175 2286 347 2365 στήσῃ
379 2294 652 2367 θεότητος.

252 2387 394 2440 Ἔδει
422 2388 478 2441 δὲ
515 2389 592 2458 μὴ
622 2388 782 2459 μόνον
811 2390 910 2462 τὴν
933 2391 1187 2463 ἀπαρχὴν
1208 2394 1307 2463 τῆς
1335 2394 1605 2464 ἡμετέρας
1630 2396 1729 2462 φύ-

178 2492 314 2540 σεως
347 2478 403 2530 έν
427 2482 625 2550 μετοχῇ
683 2482 934 2549 γενέσθαι
974 2483 1068 2536 τοῦ
1115 2484 1438 2555 κρείττονος,
1481 2486 1617 2539 ἀλλά
1643 2489 1733 2539 καὶ

176 2567 352 2618 πάντα
380 2570 468 2619 τὸν
498 2568 818 2639 βουλόμενον
850 2572 1155 2642 ἄνθρωπον,
1191 2574 1286 2627 καὶ
1321 2575 1575 2645 δευτέραν
1610 2576 1733 2643 γέν-

176 2673 332 2724 νησιν
356 2659 702 2729 γεννηθῆναι,
741 2664 835 2714 καὶ
857 2664 1131 2733 τραφῆναι
1180 2666 1385 2735 τροφὴν
1417 2667 1594 2736 ξένην,
1645 2671 1735 2721 καὶ

177 2748 245 2815 τῇ
272 2747 521 2816 γεννήσει
553 2750 880 2819 πρόσφορον,
912 2753 1005 2803 καὶ
1036 2751 1177 2805 οὕτω
1225 2754 1425 2821 φθάσαι
1452 2754 1513 2805 τὸ
1540 2756 1735 2824 μέτρον

174 2835 275 2903 τῆς
306 2835 659 2905 τελειότητος.
701 2838 797 2894 Διά
830 2840 928 2908 μὲν
964 2837 1057 2893 οὖν
1086 2843 1183 2908 τῆς
1234 2841 1400 2893 αὑτοῦ
1429 2844 1739 2911 γεννήσεως

176 2925 297 2992 ἦτοι
329 2926 677 2995 σαρκώσεως,
710 2930 805 2981 καὶ
830 2928 924 2982 τοῦ
962 2930 1356 2997 βαπτίσματος,
1388 2932 1597 2999 καὶτοῦ
1632 2935 1737 2986 πά-

178 3013 326 3079 θους,
355 3015 570 3085 καὶτῆς
617 3019 990 3084 ἀναστάσεως,
1049 3020 1391 3091 ἠλευθέρωσε
1436 3023 1535 3093 τὴν
1579 3024 1738 3092 φύσιν

175 3104 277 3173 τῆς
304 3106 575 3176 ἁμαρτίας
593 3108 687 3160 τοῦ
724 3110 1082 3179 προπάτορος,
1124 3110 1217 3163 τοῦ
1257 3110 1486 3165 θανάτου
1528 3116 1620 3166 καὶ
1644 3116 1738 3184 τῆς
1767 3094 1810 3154 C

178 3198 409 3277 φθορᾶς,
461 3200 554 3250 καὶ
595 3201 692 3270 τῆς
747 3202 1095 3283 ἀναστάσεως
1129 3203 1353 3275 ἀπαρχὴ
1405 3206 1621 3272 γέγονε,
1649 3208 1740 3258 καὶ

178 3287 300 3340 ὁδὸν
332 3289 428 3357 καὶ
456 3288 624 3343 τύπον
684 3292 874 3344 ἑαυτὸν
921 3296 1014 3346 καὶ
1068 3295 1433 3366 ὑπογραμμὸν
1478 3297 1739 3363 τέθεικεν,

181 3380 268 3430 ἵνα
322 3381 414 3433 καὶ
455 3382 611 3450 ἡμεῖς
650 3386 761 3447 τοῖς
802 3385 963 3437 αὑτοῦ
1023 3387 1490 3457 ἀκολουθήσαντες
1550 3388 1738 3457 ἴχνεσι,

179 3469 469 3539 γενώμεθα
527 3472 696 3535 θέσει,
751 3475 886 3543 ὅπερ
950 3476 1111 3537 αὐτός
1160 3480 1275 3529 ἐστι
1303 3478 1482 3544 φύσει,
1513 3480 1618 3530 υἱοὶ
1649 3480 1743 3531 καὶ

179 3563 508 3633 κληρονόμοι
536 3564 692 3630 Θεοῦ,
717 3567 811 3618 καὶ
848 3566 1011 3619 αὐτοῦ
1045 3569 1473 3639 συγκληρονὸμοι
1503 3570 1528 3608 h
1555 3585 1566 3599 '
1617 3570 1746 3622 ἔδω-

180 3670 279 3705 κεν
307 3649 400 3705 οὖν
430 3656 579 3725 ἡμῖν,
608 3656 682 3719 ὡς
712 3657 868 3726 ἔφην,
888 3658 1139 3726 γέννησιν
1163 3659 1440 3729 δευτέραν,
1463 3662 1529 3713 ἵν’
1560 3659 1744 3731 ὥσπερ

178 3740 534 3815 γεννηθέντες
562 3750 624 3800 ὲκ
653 3747 747 3801 τοῦ
802 3750 989 3820 Ἀδὰμ,
1018 3751 1382 3822 ὡμοιώθημεν
1410 3755 1577 3825 αὐτῷ,
1614 3756 1743 3825 κλη-

182 3840 586 3909 ρονομήσαντες
639 3841 739 3911 τὴν
791 3842 1036 3910 κατάραν
1073 3842 1166 3894 καὶ
1206 3846 1305 3911 τὴν
1348 3842 1573 3914 φθορὰν,
1606 3844 1746 3897 οὕτω

180 3931 280 3984 καὶ
314 3931 369 3995 ἐξ
403 3930 569 3984 αὐτοῦ
633 3933 1002 4000 γεννηθέντες,
1052 3934 1405 4005 ὁμοιωθῶμεν
1447 3935 1614 4004 αὐτῷ,
1654 3937 1747 3987 καὶ

180 4022 721 4091 κληρονομήσωμενί
763 4024 863 4092 τήν
895 4041 954 4075 τε
988 4024 1314 4095 ἀφθαρσίαν,
1349 4027 1441 4078 καὶ
1464 4026 1562 4096 τὴν
1586 4028 1744 4079 ἐὺ).οο

180 4112 330 4179 γίαν,
368 4113 462 4165 καὶ
495 4113 594 4181 τὴν
628 4111 785 4174 δόξαν
812 4112 976 4165 αὑτοῦ

1832 1858 1917 1899 tus
1944 1844 2044 1903 fuit
2076 1847 2140 1896 ³³.
2180 1843 2336 1909 Nam,
2379 1846 2503 1914 quia
2551 1845 2837 1913 imaginem
2892 1842 3083 1910 ipsius,
3140 1851 3194 1895 et
3223 1842 3390 1908 spiri-

1834 1948 1944 1990 tum
1975 1952 2135 2005 quem
2170 1937 2332 1991 nobis
2360 1936 2605 1999 dederat,
2636 1934 2859 1988 minime
2884 1934 3245 1996 servavimus,
3277 1935 3390 1998 ipse

1832 2043 1953 2082 cum
1992 2042 2229 2096 paupere
2268 2030 2589 2094 inﬁrmaque
2646 2033 2840 2078 natura
2901 2035 3087 2079 nostra
3120 2038 3391 2077 commer-

1834 2122 1975 2173 cium
2001 2118 2141 2185 iniit,
2169 2133 2278 2188 quo
2304 2133 2403 2171 nos
2426 2118 2694 2184 expiaret,
2729 2125 2890 2183 atque
2930 2115 2994 2168 ad
3028 2115 3392 2180 incorruptio-

1835 2212 1920 2267 nis
1960 2217 2160 2266 statum
2189 2211 2503 2273 translatos,
2540 2223 2652 2265 sua:
2683 2222 2901 2262 rursum
2930 2206 3231 2260 divinitatis
3274 2205 3393 2258 red-

1834 2298 1986 2352 deret
2017 2297 2328 2366 participes.

1905 2390 2296 2443 lncarnatiom’s
2353 2390 2427 2442 vis
2483 2389 2537 2441 in
2576 2388 2789 2456 reliquis
2837 2402 2867 2437 a
2908 2385 3114 2439 Christo
3171 2384 3396 2435 homini-

1835 2482 1945 2534 bus.
1968 2480 2033 2535 -.'—
2057 2480 2355 2549 Oportebat
2383 2480 2526 2534 enim
2595 2487 2656 2533 ut
2685 2493 2793 2533 non
2836 2477 3011 2534 solum
3055 2477 3268 2546 generis
3297 2491 3397 2526 ιιυι

1837 2574 1934 2626 stri
1964 2572 2236 2640 primitim,
2272 2571 2365 2627 sed
2415 2584 2467 2625 et
2508 2571 2761 2639 quisquis
2800 2570 3083 2623 hominum
3129 2570 3309 2631 veilet,
3343 2568 3394 2619 iu

1838 2664 1983 2718 illius
2027 2664 2223 2718 summi
2272 2665 2399 2718 boni
2450 2659 2924 2733 participationem
2955 2662 3182 2716 veniens
3216 2662 3399 2714 denuo

1839 2762 2177 2818 nasceretur,
2210 2768 2462 2823 novoque
2498 2752 2733 2808 subinde
2760 2752 2907 2816 cibo,
2943 2752 3035 2820 qui
3087 2750 3396 2819 lmjusmodi

1841 2845 2106 2897 nativitati
2140 2852 2541 2897 consentaneus
2581 2851 2745 2904 esset,
2780 2843 3075 2905 enutritus,
3110 2840 3397 2909 perfectio-

1841 2936 1930 2989 nis
1958 2936 2175 2989 modum
2200 2937 2510 3003 attingeret.
2543 2932 2904 2997 Quamobrem
2952 2947 3045 3001 per
3078 2948 3227 2984 suam
3264 2934 3400 2984 uati-

1842 3028 2085 3091 vitatem,
2155 3027 2271 3081 sive
2338 3027 2796 3089 incarnationem,
2853 3024 3180 3093 baptismum
3252 3025 3399 3086 item,

1843 3118 2171 3185 passionem,
2231 3126 2282 3169 et
2336 3114 2819 3178 resurrectionem,
2853 3115 3145 3167 humanum
3175 3129 3344 3182 genus
3374 3132 3400 3164 ιι

1842 3209 2004 3278 primi
2045 3207 2287 3278 parentis
2336 3216 2577 3275 peccato,
2630 3214 2802 3259 morte
2834 3220 3053 3273 quoque
3100 3219 3162 3257 ac
3205 3219 3401 3255 curru-

1846 3300 2027 3369 ptione
2068 3298 2366 3362 liberavit;
2414 3296 2950 3364 resurrectionisque
3005 3295 3179 3348 fartus
3215 3294 3404 3364 primi-

1845 3391 1954 3453 tias,
1990 3391 2229 3458 seipsum
2271 3389 2411 3441 viam
2464 3402 2819 3455 normamque
2857 3394 2911 3440 et
2961 3387 3237 3454 exemplar
3268 3402 3403 3440 eon-

1846 3482 2044 3546 Stituit,
2090 3489 2143 3534 ut
2189 3495 2290 3534 nos
2325 3493 2542 3563 quoque
2595 3478 2838 3545 vestigiis
2873 3478 2993 3546 ejus
3039 3477 3400 3542 adluerentes,

1846 3575 1988 3643 quod
2035 3574 2145 3641 ipse
2182 3583 2372 3625 natura
2403 3579 2508 3633 est,
2552 3568 2651 3623 hoc
2684 3569 2975 3638 adoptione
3008 3583 3274 3628 csseums.
3305 3569 3398 3620 lilii

1850 3666 2130 3728 nimirum,
2160 3672 2212 3716 et
2240 3660 2482 3715 barredes
2517 3658 2633 3723 Dei,
2677 3650 2960 3729 ipsiusque
3000 3658 3316 3718 (‘OilCEl'OtlL‘S
3340 3659 3401 3715 ".
3458 3713 3462 3716 .

1847 3756 2015 3812 Nobis
2044 3756 2225 3825 itaque
2257 3753 2575 3817 secundant,
2613 3760 2667 3804 nt
2692 3752 2829 3814 dixi,
2868 3753 3204 3807 nativitatem
3234 3752 3404 3818 dedit;

1850 3860 1908 3902 ut
1935 3846 2393 3919 quemadmodum
2442 3860 2501 3899 ex
2550 3843 2759 3896 Adamo
2798 3844 3090 3911 procreati,
3148 3843 3404 3896 simililn~

1831 3941 2029 3993 «linem
2081 3937 2201 4006 ejus
2264 3934 2667 3994 contraximus,
2722 3933 3299 3998 maledietioncmquv,
3356 3942 3409 3985 et

1849 4028 2254 4097 corruptionem
2289 4024 2633 4080 bmrcditario
2669 4023 2835 4077 veluti
2862 4022 2987 4090 jure
3017 4025 3159 4075 nacti
3193 4039 3405 4077 sumus:

1851 4123 1930 4176 sic
1956 4135 2021 4186 ex
2066 4119 2187 4188 ipso
2215 4117 2406 4188 geniti,
2448 4105 2656 4171 similes
2679 4115 2729 4168 ei
2765 4113 3085 4179 eﬂiciamur,
3114 4126 3276 4184 atque
3306 4117 3409 4167 ita-

1850 4212 2207 4267 mortalitatis
2260 4210 2456 4279 ipsius,
2510 4206 3044 4274 benedictionisque,
3099 4221 3162 4259 ac
3224 4208 3410 4276 gloria:

1851 4304 2221 4363 bmreditatem
2264 4313 2689 4369 consequamur.

267 4386 484 4455 Ἐπειδὴ
534 4386 591 4439 δὲ
628 4394 992 4457 πνευματικός
1036 4390 1179 4444 ἐστιν
1218 4383 1369 4451 οὗτος
1427 4392 1440 4440 i
1479 4395 1505 4444 ὁ
1554 4394 1743 4464 Ἀδὰμ,

1922 4394 2193 4449 Nativitas
2225 4408 2315 4461 per
2340 4393 2627 4452 Christum,
2671 4390 2913 4459 ribusque
2952 4389 3162 4456 duplex.
3198 4387 3404 4440 Ern-liu-

179 4475 295 4527 ἔδει
316 4476 409 4527 καὶ
433 4477 533 4545 τὴν
554 4477 808 4547 γέννησιν
842 4481 1217 4551 πνευματικὴν
1240 4478 1401 4546 εἷναι,
1430 4485 1628 4553 ὁμοίως
1651 4490 1745 4540 καὶ

177 4564 284 4633 τὴν
317 4565 539 4635 βρῶσιν.
572 4567 688 4620 ἀλλ’
735 4569 920 4638 ἐπειδὴ
947 4569 1123 4621 διπλοῖ
1146 4572 1290 4633 τινές
1312 4573 1479 4641 ἐσμεν
1501 4576 1595 4625 καὶ
1622 4573 1746 4625 σύν-

176 4654 351 4718 θετοι,
386 4655 464 4708 δεῖ
494 4658 587 4709 καὶ
619 4657 717 4728 τὴν
748 4659 1000 4727 γέννησιν
1022 4658 1216 4728 διπλῆν
1243 4656 1400 4725 εἶναι,
1422 4661 1620 4728 ὁμοίως
1650 4661 1744 4713 καὶ

174 4746 285 4815 τὴν
314 4745 515 4816 βρῶσιν
550 4748 818 4805 σύνθετον.
866 4751 927 4803 Ἥ
979 4753 1078 4821 μὲν
1115 4747 1208 4803 οὖν
1242 4752 1491 4819 γέννησις
1518 4755 1649 4821 ἡμῖν
1676 4753 1741 4820 ᾂι⁸

177 4836 381 4899 ὓδατος
405 4840 499 4891 καὶ
526 4839 842 4909 Πνεύματος
892 4841 1135 4893 δέδοται·
1194 4844 1335 4911 φημὶ
1380 4843 1435 4894 δὲ
1468 4844 1561 4895 τοῦ
1592 4844 1745 4912 ἁγίου

181 4930 563 5001 βαπτίσματος
585 4947 600 4962 ·
628 4934 661 5001 ἡ
692 4932 749 4985 δὲ
780 4932 978 5001 βρῶσις
1008 4933 1166 4993 αὐτὸς
1198 4936 1226 4986 ὁ
1255 4934 1417 5005 ἄρτος
1454 4935 1551 5005 τῆς
1579 4933 1746 5003 ζωῆς,

179 5023 213 5075 ὁ
243 5020 445 5090 Κύριος
469 5022 626 5091 by.th
665 5021 871 5093 Ἰησοῦς
926 5023 1178 5092 Χριστὸς,
1214 5024 1243 5075 ὀ
1274 5026 1338 5077 ὲκ
1377 5024 1472 5079 τοῦ
1516 5025 1748 5097 οὐρανοῦ

179 5112 453 5175 καταϐάς.
475 5112 713 5167 Μέλλων
733 5115 841 5185 γὰρ
868 5115 959 5167 τὸν
983 5116 1224 5170 ἑκούσιον
1240 5115 1380 5189 ὑπὲρ
1397 5117 1553 5188 ἡμῶν
1584 5135 1751 5173 κατα-

257 5267 305 5301 ⁸³
343 5267 509 5324 llcbr.
540 5271 599 5335 ti,
626 5271 711 5326 17..
769 5271 813 5303 “
851 5270 1009 5327 Rom.
1075 5288 1172 5338 vn,
1210 5273 1293 5329 i7.

1851 4488 2015 4542 ristia:
2045 4486 2333 4539 institutio.
2375 4482 2528 4536 Vetus
2566 4481 2775 4534 Pascha
2802 4480 3024 4533 comedit
3064 4479 3405 4534 Christum—-

1850 4583 2114 4636 (Steterunt
2174 4578 2436 4647 quoniam
2503 4575 2590 4627 hic
2629 4574 2799 4627 Adam
2839 4573 3141 4640 spiritualis
3174 4580 3278 4635 est,
3312 4587 3409 4638 par

1850 4681 1986 4733 erat,
2018 4680 2073 4722 ut
2102 4676 2218 4722 tum
2250 4668 2508 4721 nativitas
2552 4664 2861 4734 spiritualis
2901 4670 3075 4739 esset,
3109 4671 3221 4716 tum
3261 4664 3407 4730 pari-

1852 4766 1933 4816 ter
1966 4760 2245 4812 alimonia.
2281 4756 2479 4811 Verum
2526 4755 2651 4824 quia
2682 4754 2915 4824 duplicis
2953 4752 3163 4807 natura:
3194 4768 3408 4813 sumus.

1846 4863 1901 4909 ct
1947 4850 2260 4921 compositi,
2311 4849 2580 4917 duplicem
2635 4862 2854 4916 quoque
2913 4846 3275 4905 nativitatem.
3326 4857 3407 4898 at-

1848 4956 1954 5009 que
1986 4941 2115 4993 item
2148 4936 2514 5005 compositum
2551 4934 2734 4989 cibum
2765 4949 2889 4989 esse
2922 4935 3233 5003 oportebat.
3263 4936 3408 4999 Quo—

1855 5032 2000 5085 circa
2032 5027 2198 5097 368
2237 5025 2493 5080 nativitas
2527 5024 2747 5094 quidem
2799 5024 2957 5078 nobis
2990 5038 3084 5092 per
3119 5038 3315 5093 aquam
3355 5036 3407 5077 et

1857 5118 2146 5190 Spiritum,
2206 5117 2309 5172 hoc
2361 5124 2466 5183 est,
2505 5132 2598 5187 per
2649 5127 2899 5171 sanetum
2963 5115 3232 5182 baptisma
3278 5115 3404 5167 data

1478 5444 1711 5502 νΑιιιιιε
1751 5443 2145 5500 LECTIONES.

263 5607 288 5677 ξ
327 5604 549 5661 1ὶ.2950
583 5604 751 5677 φύσει
777 5605 885 5677 καὶ
931 5604 1251 5676 κληρονόμοι
1302 5591 1395 5677 τῆς
1436 5607 1599 5659 αὐτοῦ
1646 5605 1929 5675 γενώμεθα
1974 5606 2214 5674 χάριτος,
2253 5602 2356 5677 καὶ-
2398 5602 2591 5677 αὑτοῦ-
2624 5602 3403 5677 υἱοὶ-ηκαὶ-συγκὶρρονάμτι.

189 5680 208 5719 ί
262 5675 410 5745 Πυδιί
468 5675 687 5744 quidam
739 5675 1263 5744 κληρονομήσαντες.
1298 5675 1389 5733 Sic
1416 5686 1571 5733 .vetus
1604 5679 1831 5745 interpr.
1879 5677 2263 5729 hwrcditantes.

180 5748 401 5816 quitur,
430 5756 490 5800 ut
544 5747 598 5800 in
649 5746 833 5800 multis
886 5747 1007 5800 aliis
1039 5745 1116 5797 δεῖ
1142 5747 1247 5799 καί.

2344 5672 2359 5723 ί
2398 5676 2451 5728 ln
2494 5673 2615 5729 cod.
2666 5673 2724 5728 S.
2767 5672 2870 5726 llil.
2902 5671 3051 5728 deest
3104 5666 3407 5730 οὗτος.δι;-
