4182 6476
179 439 299 508 1157

1219 451 1312 510 DE
1356 449 1532 510 FIDE
1572 445 2034 508 ORTIIODOXA
2076 449 2223 510 LIB.
2252 450 2347 511 IV.

3281 462 3419 528 1158

173 564 199 610 6
231 558 438 628 ΙΙάνθηρ
471 558 727 631 ἐγέννησε
767 561 857 614 τὸν
896 562 1291 634 Βαρπάνθηρα,
1321 562 1493 624 οὕτως
1517 560 1738 630 ἐπικλη-

1850 558 2199 617 Panthcrem.
2236 562 2483 619 Panther
2509 576 2690 623 autem
2738 573 2927 642 genuit
2985 573 3417 645 Bnrpantherem

174 651 340 707 θέντα.
366 648 537 715 Οὗτος
567 655 594 706 6
632 653 970 725 Βαρπάνοηρ
1018 654 1276 723 ἐγέννησε
1317 655 1409 709 τὸν
1443 653 1699 724 Ἰωακείμ
1720 669 1733 683 °

172 742 198 792 6
224 742 470 813 Ἰωακεὶμ
496 743 753 814 ἐγέννησε
784 746 883 815 τὴν
917 744 1081 813 ἁγίαν
1114 745 1400 799 Θεοτόκον.
1433 747 1531 800 Ἐκ
1553 746 1608 799 δέ
1638 745 1740 815 τῆς

174 831 349 898 σειρᾶς
375 829 731 902 Σολομῶντος
764 835 792 873 δ
821 833 916 886 τοῦ
955 833 1072 887 υίοῦ
1126 835 1312 901 Δαϐὶδ,
1338 834 1565 888 Ματθὰν
1612 835 1738 904 ἔσχε

171 922 411 988 γυναῖκα,
450 931 474 960 ο
508 922 567 986 ἐξ
592 918 659 995 ἧς
693 924 951 996 ἐγέννησε
978 925 1071 979 τὸν
1103 925 1323 981 Ἰακώϐ.
1368 926 1739 995 Τελευτήσαν-

170 1027 254 1074 τος
274 1013 327 1064 δὲ
348 1012 441 1066 τοῦ
468 1016 716 1076 Ματθὰν,
738 1016 912 1087 Μελχὶ
940 1018 967 1070 6
990 1019 1053 1071 ἐκ
1082 1020 1179 1088 τῆς
1212 1017 1387 1087 φυλῆς
1417 1015 1511 1069 τοῦ
1529 1016 1737 1081 Νάθαν,

169 1103 197 1153 6
233 1104 338 1165 υίὸς
370 1103 470 1173 μὲν
494 1106 905 1175 Λευῖ,ἀδελφὺς
946 1108 1005 1160 δὲ
1050 1107 1145 1161 τοῦ
1198 1108 1510 1179 Πάνθηρος,
1564 1108 1740 1177 ἔγημε

170 1193 264 1263 τὴν
314 1198 549 1262 γυναῖκα
600 1196 695 1250 τοῦ
737 1198 986 1263 Ματθὸις,
1046 1199 1261 1271 μητέρα
1297 1201 1354 1254 δὲ
1388 1199 1479 1252 τοῦ
1516 1198 1737 1263 Ἰακὼϐ,

170 1285 259 1337 καὶ
295 1284 352 1349 ἐξ
401 1287 572 1357 αὐτῆς
624 1288 880 1357 ἐγέννησε
931 1290 1021 1342 τὸν
1057 1290 1276 1343 Ἠλεία.
1329 1291 1608 1359 Ἐγένοντο
1646 1287 1740 1345 οὖν

168 1376 379 1445 ἀδελφοὶ
403 1378 732 1448 ὁμομήτριοι
759 1379 957 1432 Ἰακὼϐ
981 1382 1075 1433 καὶ
1124 1381 1272 1434 Ἠλεί
1298 1399 1310 1414 ·
1341 1384 1367 1435 6
1394 1384 1490 1453 μὲν
1519 1382 1737 1447 Ἰακὼϐ,

169 1470 231 1520 ἐκ
255 1469 424 1538 φυλῆς
451 1470 821 1540 Σολομῶντος,
872 1474 900 1525 6
920 1472 977 1524 δέ
1026 1473 1197 1537 Ἠλεὶ,
1236 1476 1299 1526 ἐκ
1333 1475 1501 1545 φυλῆς
1531 1473 1737 1528 Νάθαν.

180 1559 520 1629 Ἐτελεύτησε
548 1560 603 1613 δέ
638 1561 667 1613 6
710 1561 927 1626 Ἢλεὶ,ὁ
951 1563 1015 1615 ἐκ
1047 1562 1143 1633 τῆς
1172 1561 1267 1616 τοῦ
1300 1564 1489 1617 Νάθαν
1540 1562 1735 1631 φυλῆς,

167 1650 355 1714 ἄπαιςο
390 1655 481 1705 καὶ
501 1652 695 1706 ἔλαϐεν
724 1652 918 1707 Ἰακὼϐ
952 1658 978 1708 6
1002 1655 1229 1725 ἀδελφὸς
1260 1655 1448 1721 αὑτοῦ,
1496 1658 1524 1709 ὁ
1551 1656 1616 1708 ἐκ
1642 1658 1739 1726 τῆς

168 1742 329 1813 φυλῆς
358 1743 453 1796 τοῦ
483 1744 851 1815 Σολομῶντος,
882 1746 981 1816 τὴν
1012 1749 1249 1815 γυναῖκα
1266 1747 1459 1811 αὑτοῦ,
1511 1748 1605 1801 καὶ
1647 1749 1739 1801 ἁν-

167 1835 354 1905 έστησε
386 1832 608 1907 σπέρμα
636 1837 716 1908 τῷ
745 1838 959 1908 ἀδελφῷ
986 1838 1174 1903 αὑτοῦ,
1229 1838 1324 1894 καὶ
1364 1839 1619 1910 ἐγέννησε
1648 1839 1738 1890 τὸν

166 1926 377 1995 Ἰωσήφ,
448 1927 505 1979 Ὀ
536 1923 629 1980 οὖν
684 1928 911 1999 Ἰωσὴφ,
968 1928 1131 1996 φύσει
1178 1928 1276 1998 μέν
1310 1930 1457 1982 ἐστιν
1488 1928 1603 1989 υἱὸς
1632 1928 1738 1979 Ία-

165 2017 295 2082 κὼϐ,
335 2020 397 2071 ἐκ
430 2019 524 2074 τοῦ
558 2020 907 2088 καταγωγίου
938 2019 1306 2090 Σολομῶντος,
1338 2020 1482 2073 κατὰ
1535 2019 1592 2072 δὲ
1648 2019 1739 2072 νό-

168 2126 283 2179 μον,
327 2110 475 2162 Ὴλε¹ι
498 2109 591 2163 τοῦ
618 2112 682 2163 ἐκ
714 2111 925 2164 Νάθαν.

242 2200 493 2268 Ἰωακεὶμ
538 2199 719 2253 τοίνυν
745 2198 855 2269 (90)
884 2202 984 2271 τὴν
1015 2199 1222 2269 σεμνήν
1251 2216 1311 2252 τε
1355 2201 1451 2255 καὶ
1480 2200 1735 2266 ἀξιέπαι-

161 2298 249 2345 νον
288 2292 485 2345 Ἄνναν
543 2292 680 2362 πρὸς
731 2292 911 2361 γάμον
962 2291 1226 2360 ἠγάγετο.
1288 2291 1431 2345 Ἀλλ’
1485 2290 1673 2363 ὥσπερ
1704 2292 1739 2362 ἡ

162 2383 325 2440 πάλαι
357 2383 529 2439 Ἀννα
562 2383 950 2455 στειρεύουσα,
994 2384 1246 2454 διέὑχῆς
1277 2383 1372 2437 καὶ
1402 2382 1740 2450 ἐπαγγελίας

157 2475 248 2529 τὸν
283 2475 537 2547 Σαμουὴλ
572 2477 863 2547 ἐγέννησεν
889 2489 938 2541 θ,
969 2478 1111 2529 οὕτω
1142 2479 1236 2530 καὶ
1286 2475 1427 2547 αὓτη
1470 2476 1557 2529 διὰ
1588 2476 1739 2547 λιτῆς

163 2568 253 2620 καὶ
285 2567 617 2636 ἐπαγγελίας
650 2568 789 2638 πρὸς
827 2567 964 2621 Θεοῦ
999 2568 1097 2639 τὴν
1126 2568 1391 2621 Θεοτόκον
1425 2568 1735 2638 κομίζεται,

160 2659 247 2710 ἵνα
276 2658 378 2710 κάν
412 2660 585 2728 τούτῳ
625 2659 851 2729 μηδενὸς
903 2658 1013 2711 τῶν
1050 2659 1368 2730 περιφανῶν
1421 2659 1741 2729 καθυστερί-

156 2748 302 2811 ζοιτο
325 2767 335 2779 ·
362 2750 536 2803 τίκτει
560 2750 850 2820 τοιγαροῦν
878 2753 910 2820 ἡ
956 2749 1115 2819 χάρις
1164 2749 1344 2820 (τοῦτο
1372 2750 1479 2816 γὰρ
1506 2749 1538 2817 ἡ
1572 2749 1740 2801 Ἀννα

155 2839 545 2909 ἑρμηνεύεται)
600 2840 699 2909 τὴν
734 2839 950 2909 Κυρίαν
981 2856 992 2867 ’
1036 2837 1198 2891 τοῦτο
1253 2838 1362 2907 γὰρ
1392 2838 1489 2907 τῆς
1519 2832 1739 2908 Μαρίας

157 2930 413 2999 σημαίνει
465 2933 526 2983 τὸ
576 2931 778 3001 ὄνομα·
814 2930 996 3002 Κυρία
1030 2928 1141 2999 γὰρ
1172 2927 1342 2991 ὅντως
1393 2929 1584 2997 γέγονε
1613 2927 1740 2980 πάν·

151 3040 264 3075 των
290 3022 395 3075 τῶν
430 3024 775 3093 ποιημάτων,
809 3023 905 3074 τοῦ
956 3020 1302 3093 Δημιουργοῦ
1350 3020 1739 3091 χρηματίσασα

152 3115 375 3185 Μήτηρ.
411 3116 669 3171 Τίκτεται
717 3116 774 3168 δὲ
808 3115 920 3185 (91)
948 3116 1005 3167 ἐν
1034 3113 1112 3184 τῷ
1154 3113 1255 3182 τῆς
1281 3112 1619 3183 προϐατικῆς
1644 3110 1739 3164 τοῦ

188 3254 229 3283 ετ
253 3250 386 3306 Luc.
413 3269 494 3318 ιιι,
516 3252 587 3307 24
628 3268 780 3324 seqq.

1842 651 1987 719 (nam
2018 652 2093 706 ita
2128 655 2475 725 vocabatur).
2514 657 2857 729 Barpanther
2882 665 3075 733 genuit
3115 663 3368 720 Joachim
3400 685 3415 733 ;

1838 744 2085 801 Joachim
2120 749 2315 819 genuit
2348 761 2598 806 sanctam
2634 752 2728 808 Dei
2751 755 3089 812 Genitricem
3108 759 3174 812 θ’.
3204 757 3423 815 Rursus

1841 853 1908 891 ex
1958 839 2133 910 stirpe
2163 839 2511 907 Salomonis,
2546 844 2643 897 ﬁlii
2677 846 2875 909 David,
2920 847 3138 902 Mathan
3190 864 3419 903 uxorem

1842 926 2054 993 habuit,
2081 944 2145 984 ex
2171 930 2334 1001 275
2366 947 2474 1001 qua
2498 935 2688 1004 genuit
2741 932 2914 990 Jacob
2948 944 3157 1005 patrem
3190 935 3419 1008 Joseph.

1843 1016 2061 1073 Mortuo
2091 1030 2276 1075 autem
2313 1022 2557 1085 Mathan,
2607 1023 2801 1079 Melchi
2857 1040 2925 1080 ex
2971 1026 3121 1080 tribu
3175 1025 3421 1089 Nathan,

1843 1109 1992 1165 ﬁlius
2027 1110 2155 1165 Levi
2184 1127 2249 1166 ac
2284 1112 2457 1169 frater
2486 1114 2800 1180 Pantheris,
2837 1132 3065 1171 uxorem
3099 1118 3277 1188 ipsius
3307 1118 3420 1171 Ma—

1842 1200 1999 1266 than,
2041 1216 2163 1270 quae
2198 1203 2364 1256 etiam
2394 1204 2566 1260 Jacob
2600 1216 2777 1260 mater
2808 1216 2950 1270 erat,
2995 1207 3175 1273 duxit,
3215 1224 3281 1263 ex
3315 1225 3423 1278 qua

1844 1290 2039 1361 genuit
2075 1289 2213 1345 lleli.
2250 1292 2621 1358 Quamobrem
2658 1296 2861 1350 uterini
2901 1296 3098 1353 fratres
3132 1310 3294 1355 erant
3332 1300 3426 1354 Ja-
3459 1289 3463 1291 λ

1842 1381 1948 1435 cob
1979 1390 2034 1437 et
2066 1380 2221 1438 Heli:
2255 1384 2349 1438 ille
2382 1385 2644 1439 nimirum
2691 1401 2754 1439 ex
2784 1388 2928 1441 tribu
2963 1388 3297 1456 Salomonis,
3334 1391 3423 1445 hic

1840 1487 1907 1526 ex
1942 1473 2092 1526 tribu
2127 1472 2366 1527 Nathan.
2402 1474 2577 1529 Porro
2602 1475 2745 1538 llcli,
2779 1476 2870 1544 qui
2905 1491 2973 1531 ex
3026 1478 3173 1533 tribu
3200 1478 3421 1535 Nathan

1841 1573 1983 1626 erat,
2014 1563 2184 1618 nullis
2218 1563 2405 1618 liberis
2441 1564 2715 1632 susceptis
2756 1575 3010 1618 mortuus
3057 1575 3176 1621 est:
3214 1583 3323 1637 qua
3356 1569 3424 1622 de

1841 1668 2013 1708 causa
2041 1653 2215 1723 ipsius
2240 1654 2433 1719 frater,
2479 1655 2572 1723 qui
2614 1668 2681 1707 ex
2725 1656 2867 1708 tribu
2912 1656 3227 1713 Salomonis
3278 1668 3420 1719 erat.
3490 1640 3493 1643 I

1842 1759 2069 1799 uxorem
2104 1746 2227 1816 ejus
2279 1746 2514 1815 accepit,
2566 1746 2958 1814 suscitansque
3007 1747 3163 1801 fratri
3210 1764 3421 1814 semen,

1840 1832 2137 1903 Josephum
2174 1836 2488 1904 progenuit.
2512 1832 2714 1905 Josep'n
2743 1837 2951 1905 itaque,
2978 1846 3173 1891 natura
3200 1838 3420 1907 quidem

1839 1932 1955 1979 erat
1984 1924 2131 1979 ﬁlius
2159 1922 2353 1991 Jacob,
2385 1939 2451 1979 ex
2489 1922 2810 1980 Salomonis
2858 1925 3025 1979 domo
3075 1916 3376 1997 prognatus
3404 1946 3418 1995 ;

1840 2016 2147 2069 secundum
2177 2016 2353 2087 legem
2388 2031 2542 2081 vero,
2577 2014 2725 2071 ﬁlius
2763 2023 2881 2071 erat
2916 2015 3061 2084 lleli,
3092 2032 3157 2072 ex
3206 2016 3422 2074 Nathan

1840 2108 2086 2163 oriundi.

1908 2197 2161 2253 Joachim
2200 2211 2335 2268 ergo
2366 2197 2725 2253 lectissimam
2760 2198 2908 2253 illam
2949 2207 3005 2255 et
3034 2202 3268 2259 summis
3301 2203 3421 2258 lan-

1840 2290 2005 2345 dibus
2034 2291 2254 2359 dignam
2284 2288 2572 2345 mulierem
2604 2290 2844 2356 Annam,
2896 2294 3254 2349 matrimonio
3313 2296 3423 2351 sibi

1840 2382 2118 2451 copulavit
2145 2382 2211 2435 ‘3.
2248 2379 2451 2434 Verum
2483 2382 2948 2450 quemadmodum
2989 2385 3170 2453 prisca
3201 2386 3291 2439 illa
3307 2386 3422 2440 An-

1839 2491 1931 2539 na,
1959 2490 2083 2528 cum
2113 2473 2428 2529 sterilitatis
2477 2474 2669 2529 morbo
2725 2476 3021 2543 laboraret,
3071 2477 3219 2531 iacto
3264 2488 3419 2543 voto,

1839 2577 1937 2633 per
1962 2563 2392 2632 promissionem
2438 2561 2750 2618 Samuelem
2785 2566 2995 2634 genuit,
3024 2567 3217 2622 eodem
3255 2570 3421 2623 modo

1841 2654 1955 2709 haec
1984 2655 2152 2709 etiam
2181 2669 2279 2724 per
2308 2655 2752 2710 obsecrationem
2784 2663 2840 2710 et
2864 2657 3291 2726 promissionem
3325 2658 3420 2713 Dei

1839 2746 2170 2802 Genitricem
2208 2762 2237 2799 a
2280 2746 2393 2801 Deo
2419 2749 2673 2816 accepit,
2706 2754 2765 2801 ut
2816 2764 2885 2803 ne
2944 2749 2998 2803 in
3046 2750 3150 2804 hoc
3201 2766 3420 2820 quoque

1839 2840 2103 2908 cuiquam
2137 2853 2202 2893 ex
2234 2838 2548 2892 illustribus
2584 2838 2853 2893 matronis
2880 2839 3098 2893 cederet
3132 2839 3196 2894 ⁶⁹.
3226 2841 3418 2909 Itaque

1838 2932 2017 3001 gratia
2074 2932 2223 2999 (nam
2269 2931 2372 2985 hoc
2424 2942 2585 2984 sonat
2619 2931 2789 2984 Anna:
2837 2932 3187 3001 vocabulum)
3233 2932 3418 2987 Domi-

1844 3035 1966 3074 nam
2005 3021 2149 3089 parit
2178 3017 2253 3091 (id
2282 3020 2427 3074 enim
2454 3020 2638 3073 Maria:
2666 3022 2886 3075 nomine
2913 3023 3276 3092 signiﬁcatur,
3298 3040 3420 3093 quae

1844 3128 1972 3167 vere
1994 3115 2188 3167 omnis
2220 3120 2491 3167 creaturae
2511 3114 2741 3167 Domina
2773 3113 2915 3168 facta
2958 3117 3050 3181 sit,
3087 3131 3212 3171 cum
3253 3116 3417 3173 Cm:-

889 3253 934 3285 ⁶⁸
964 3251 985 3304 1
1010 3252 1145 3321 Reg.
1176 3267 1214 3317 ι,
1259 3248 1345 3305 10.
1431 3250 1474 3287 θ’
1510 3248 1673 3317 Greg.
1716 3248 1879 3320 Nyss.
1927 3256 2068 3303 orat.
2112 3248 2164 3301 in
2197 3249 2367 3302 nativ.
2406 3247 2597 3316 Dom.;
2656 3251 2908 3305 Eustath.
2961 3250 3015 3305 in
3051 3250 3309 3309 llexaem.

1448 3370 1683 3425 VARle
1743 3369 2037 3425 LECTION
2048 3370 2151 3423 ES.

223 3489 252 3531 δ
282 3490 434 3547 Colh.
481 3490 623 3545 2765
668 3491 772 3562 τὴν
809 3490 1241 3562 ἁγίανᾼἈννανο
1290 3489 1352 3541 ἐκ
1389 3488 1445 3541 δὲ
1491 3488 1591 3558 τῆς
1646 3489 1850 3562 σειρᾶς-
1883 3487 2253 3562 Σολομῶντος,
2303 3496 2410 3542 etc.
2452 3484 2618 3562 _¢_R.
2671 3486 2813 3562 2926
2851 3489 3000 3562 addit
3018 3489 3211 3562 _'Eﬁav,
3247 3496 3411 3562 'qnol

149 3562 401 3617 mulieris
432 3576 629 3616 nomen
652 3560 894 3615 ex'Julio
923 3560 1184 3614 Africano
1232 3566 1507 3627 sumptum
1555 3566 1661 3611 est.

1737 3556 1763 3595 ιι
1807 3557 1956 3609 Multi
1990 3559 2151 3611 codd.
2205 3559 2291 3612 hic
2332 3568 2388 3611 et
2450 3557 2592 3612 infra
2639 3558 2862 3626 passim,
2909 3560 3048 3614 Ἠλί.
3129 3556 3413 3617 οιι.2423

150 3632 249 3686 τὸν
276 3632 531 3701 Σαμουὴλ
553 3630 760 3684 ἔτεκεν.
793 3630 859 3684 Ν.
883 3632 1122 3683 τέτοκεν.
1156 3626 1391 3701 Colb._et
1428 3626 1559 3701 εἶρε.
1596 3626 1820 3701 [ἔσχεν.
1865 3627 2021 3697 Regii
2048 3627 2159 3681 duo
2190 3629 2285 3682 alii
2317 3627 2476 3680 ἔλαϐε
2500 3627 2590 3680 τὸν
2620 3628 2897 3699 Σαμουὴλ·
2932 3631 2987 3684 in
3023 3629 3149 3686 aliis
3186 3631 3413 3701 quibus-

144 3701 303 3767 dam,
328 3696 540 3757 nullum
568 3701 794 3756 verbum
827 3702 1042 3769 legitur,
1074 3701 1151 3753 uti
1187 3713 1289 3753 nec
1324 3698 1379 3751 in
1419 3696 1575 3751 Coll).
1605 3696 1660 3749 2.

1656 3815 1887 3877 ΝΟΤᾹΞ..

147 3916 536 3972 Nazianzenus
566 3915 618 3967 in
650 3912 906 3967 Carmine
931 3912 998 3966 de
1042 3910 1246 3966 Christi

142 4004 260 4058 quc
290 3987 651 4058 lrtenenseos
676 3998 783 4036 non
814 3985 966 4058 novit
997 3984 1090 4036 lib.
1124 3997 1206 4058 in,
1257 3980 1311 4034 c.
1362 3983 1462 4058 53,
1486 3981 1584 4033 ubi
1653 3980 1739 4032 abr

146 4050 366 4112 Adamo
396 4052 463 4107 ad
493 4052 774 4107 Christum
816 4051 882 4104 72
935 4052 1318 4122 generationes
1370 4066 1400 4105 a
1444 4050 1589 4103 Luca
1632 4064 1723 4102 re-

140 4124 367 4181 censeri
398 4123 496 4186 ait,
525 4137 649 4176 cum
674 4122 835 4190 vulgo
864 4123 1213 4192 septuaginta
1237 4122 1481 4189 quinque
1520 4132 1718 4192 nume-

139 4202 363 4249 rentur.
393 4192 636 4247 Africani
666 4191 1080 4260 expositionem
1118 4192 1389 4245 Eusebius
1428 4206 1491 4260 ex
1534 4191 1717 4244 since-

138 4265 392 4318 ri‘oribus
424 4259 790 4316 monumentis
847 4271 1126 4330 acceptam
1161 4262 1380 4314 asserit.
1442 4259 1715 4314 Caeterum

136 4333 509 4403 Epiphanius,
544 4333 675 4403 haer.
711 4331 800 4393 78,
828 4330 1121 4403 Josephutn
1163 4338 1215 4383 et
1248 4330 1505 4403 Cleopam
1532 4336 1718 4403 narrat

138 4398 469 4473 procreatos
487 4416 513 4473 a
531 4401 721 4473 Jacob,
747 4402 835 4473 qni
860 4401 1088 4473 Pani/ter
1106 4402 1585 4473 cognominaretur;
1606 4398 1717 4450 ἐπί-

136 4470 288 4541 Ξελην
324 4473 382 4524 δὲ
431 4471 655 4540 Πάνθηρ
712 4470 1069 4541 καλούμενος.
1133 4470 1253 4535 Quo
1299 4479 1716 4541 vero__auctore

132 4538 348 4596 Noéter
397 4538 681 4609 scripserit
716 4557 778 4597 ex
840 4538 967 4594 Levi
1026 4542 1240 4607 genitos
1290 4555 1413 4593 esse
1446 4538 1638 4594 Melclii
1663 4548 1716 4593 et

134 4612 501 4672 Pantherem,
542 4626 607 4665 ex
660 4610 929 4678 Paiitltere
978 4610 1432 4678 Barpantlicrem,
1470 4625 1537 4663 ex
1585 4609 1715 4662 Bar-

124 4683 421 4755 pantheare
447 4679 692 4734 Joachim
730 4672 822 4755 Dei
856 4672 1412 4755 genitricispatrem,
1474 4680 1577 4755 hoc
1629 4693 1713 4732 me

135 4749 313 4821 fugit.
332 4750 548 4809 Celsus.
573 4758 629 4802 ut
648 4751 836 4802 scribit
853 4749 1141 4819 Origenes,
1156 4751 1255 4821 _li_b.
1276 4765 1317 4821 ι,
1338 4755 1484 4821 con}.
1505 4751 1707 4821 ipsum,

126 4818 561 4877 cx'Judaeorum
593 4820 856 4873 relatione
896 4818 1108 4874 beatam
1153 4818 1377 4871 Mariam
1432 4818 1712 4872 Panthera:

125 4890 437 4957 cujusdam
472 4891 833 4959 prostibulum
866 4889 1033 4945 fuisse
1065 4889 1251 4942 dicere
1303 4902 1471 4959 ausus
1507 4890 1707 4942 fuerat.

127 4960 429 5014 Horresco
476 4958 746 5017 referens.
808 4958 965 5023 Quod
1020 4959 1237 5015 videtur
1284 4958 1528 5013 indicare
1570 4959 1711 5012 inter

122 5028 815 5099 Christiconsang’uineos
838 5028 1008 5099 fuisse
1037 5028 1324 5099 quemdam
1355 5025 1705 5099 Pantheram.

119 5096 537 5153 Judaei'Jesuin
575 5096 824 5153 nostrum
862 5098 1112 5152 Pandirae
1140 5105 1194 5151 et
1251 5096 1436 5150 Mariae
1486 5098 1710 5166 capillo-

122 5182 265 5222 rum
283 5170 581 5239 mulierum
610 5169 950 5239 crispatricis
977 5166 1421 5239 (nﬁan,_mrsan
1462 5166 1529 5239 _M
1539 5167 1707 5239 agda-

1289 3925 1509 3985 genere.
1533 3908 1721 3985 _I_tcm_-
1748 3914 1789 3969 C
1828 3911 2131 3985 scripsere,
2163 3910 2279 3963 hare
2306 3918 2661 3985 acceperunt
2710 3927 2783 3985 ea
2834 3910 2989 3966 libris
3039 3913 3242 3981 spuriis
3266 3954 3279 3979 ,
3311 3917 3405 3985 qui

1824 3980 2001 4101 primo
2024 3989 2078 4033 et
2114 3981 2357 4034 secundo
2400 3983 2603 4035 saeculo
2631 3982 2901 4052 prodiere,
2930 3991 2983 4035 et
3012 3980 3312 4051 praesertim
3328 3980 3403 4042 ἐκ

1876 4052 2223 4101 rotevanaelio
2248 4052 2340 4101 illo
2367 4048 2558 4101 Jacobi
2585 4068 2601 4101 :
2626 4050 2773 4101 anod
2824 4051 3097 4101 hodieque
3126 4066 3399 4101 sumarest-

1876 4052 2223 4119 rotevangelio
2242 4052 2340 4122 illo
2367 4048 2558 4122 Jacobi
2583 4068 2601 4114 ;
2626 4048 2773 4119 quod
2824 4048 3097 4122 hodieﬂue
3126 4066 3402 4122 superest,

1822 4130 2161 4189 vocaturque
2203 4120 2270 4174 ab
2292 4121 2627 4189 Epiphanio,
2646 4124 2843 4177 liaarcs.
2867 4122 2952 4184 79,
2980 4120 3222 4175 Historia
3240 4124 3404 4179 beata:

1820 4187 2013 4243 Maria:
2040 4205 2059 4243 :
2080 4206 2143 4243 ex
2174 4205 2278 4258 qua
2330 4187 2521 4243 narrat
2565 4205 2687 4245 eam
2726 4207 2792 4245 ex
2846 4190 3095 4244 Joachiin
3152 4201 3207 4245 et
3244 4194 3401 4249 Anna

1820 4260 2104 4313 sterilibus
2167 4275 2291 4313 esse
2336 4271 2702 4328 procreatam.
2748 4261 2961 4315 Auctor
3014 4261 3283 4317 orationis
3329 4265 3398 4319 de

1817 4328 2370 4401 Nativi‘tate__Cliristi
2406 4369 2421 4393 ,
2454 4331 2546 4401 qui
2605 4331 2901 4399 Gregorius
2938 4328 3220 4401 Nyssenns
3275 4350 3401 4388 esse

1817 4408 2063 4522 putatur,
2102 4398 2299 4452 librum
2333 4399 2585 4453 eumdem
2629 4398 2957 4469 compendio
2987 4398 3202 4464 reeitat,
3244 4412 3300 4455 nt
3343 4413 3398 4458 et

1862 4469 2386 4522 sentio-Eustathius
2441 4470 2495 4522 in
2558 4468 2972 4522 Hexaemeron:
3026 4471 3117 4522 ubi
3180 4486 3303 4522 eum
3366 4488 3397 4522 α

1862 4469 2386 4524 seudo-Eustathius
2441 4470 2495 4523 in
2558 4468 2972 4534 Hexaemeron;
3026 4471 3117 4523 ubi
3180 4486 3303 4525 eum
3366 4488 3397 4527 a

1815 4540 2017 4594 Jacobo
2065 4538 2295 4607 quodam
2343 4546 2627 4593 exaratum
2668 4539 2826 4604 dicit,
2861 4539 3115 4602 Ἰάκωϐός
3139 4554 3242 4602 τις.
3268 4540 3395 4595 Ori-

1817 4625 1984 4680 genes
2011 4624 2229 4680 quoque
2258 4609 2310 4661 in
2337 4608 2528 4680 Matth.
2564 4608 2810 4680 meminit
2840 4610 2935 4662 τοῦ
2967 4611 3395 4680 ἐπιγεγραμμέ-

1815 4674 1905 4734 νου
1966 4674 2104 4733 κατὰ
2140 4674 2263 4729 ίΠέτ
2308 4696 2364 4729 ον
2419 4674 2786 4745 Εὖαγγελίου,
2823 4680 2871 4799 ᾖ)
2904 4680 3001 4748 τῆς
3056 4674 3260 4747 βίϐλου
3294 4674 3396 4733 Ἰα-

1815 4750 2016 4799 κώϐου.
2051 4696 2326 4799 Evanaefii
2354 4748 2491 4799 auod
2513 4746 2797 4799 secundum
2874 4758 3044 4799 etrum
3078 4750 3393 4799 inscriptum

1815 4698 1905 4734 νου
1966 4696 2104 4733 κατα
2160 4696 2263 4729 ιιετ
2308 4696 2364 4729 ον
2419 4696 2786 4745 ιιυαγγελιου,
2904 4697 3001 4748 της
3056 4696 3237 4747 ptumo
3300 4696 3393 4733 ἰα-

1815 4750 2016 4809 κώϐου,
2051 4696 2326 4817 Evangefii
2354 4748 2491 4817 quod
2513 4746 2797 4801 secundum
2823 4696 3044 4801 Eurum
3078 4750 3393 4816 inscriptum

1813 4831 1911 4882 est,
1938 4819 2014 4872 vel
2059 4817 2185 4871 libri
2227 4817 2435 4871 Jacobi.
2474 4818 2611 4871 Editi
2653 4833 2780 4872 vero
2816 4826 2870 4872 et
2902 4819 3270 4874 mss.codices
3302 4819 3393 4874 Ja-

1813 4892 2006 4944 cobum
2034 4889 2256 4956 fratrem
2290 4887 2507 4940 Domini
2538 4889 2843 4942 nominant.
2881 4888 3202 4942 Datnasceni
3230 4898 3392 4943 tetate

1812 4962 2117 5014 Germanus
2143 4957 2250 5011 CP.
2295 4958 2363 5011 de
2402 4956 2838 5012 Prmsentatione
2874 4956 3119 5026 Virginis
3173 4973 3387 5012 sermo-

1811 5045 1935 5083 nem
1962 5029 2244 5081 habuerat.
2268 5026 2381 5079 lmo
2411 5026 2812 5080 Mohammedes
2840 5043 2905 5080 ex
2947 5027 3082 5081 falso
3103 5027 3193 5081 illo
3216 5026 3391 5082 Evan-

1811 5100 1951 5170 gelio
1981 5100 2159 5170 multa
2190 5098 2423 5170 contulit
2448 5099 2524 5170 _i_n
2557 5112 2740 5170 suram
2765 5097 2799 5149 5
2828 5096 3104 5170 Alcorani.

1885 5168 1997 5238 (9l)
2044 5168 2305 5220 Τίκτεται
2327 5164 2699 5238 δέηΝαηςείιιιι-
2724 5174 2897 5238 autem
2928 5168 2980 5218 in
3011 5166 3165 5238 domo
3195 5166 3387 5234 proba-

122 5238 301 5307 lenaz)
329 5239 499 5292 ﬁlium
524 5234 765 5304 faciunt;
803 5253 943 5308 ﬁcum
980 5234 1184 5308 tamen
1209 5234 1478 5308 Thalmud
1533 5234 1711 5308 βοῦν·
1742 5241 1788 5299 D
1818 5234 1957 5293 ticie.
1981 5234 2095 5291 Hoc
2119 5248 2203 5291 est
2229 5239 2282 5291 in
2308 5236 2517 5290 aedibus
2543 5237 2833 5304 pecuariis.
2854 5235 3155 5308 Probaticar
3188 5251 3386 5289 nomen

121 5304 393 5362 Ionicum
455 5310 509 5362 in
572 5318 733 5362 tract.
792 5307 1124 5373 Sanhedrin,
1163 5306 1258 5360 fol.
1312 5304 1400 5371 67,
1440 5304 1708 5369 1,.lesu1n

114 5377 398 5449 Pandirae
435 5378 734 5449 lapidatum
760 5388 812 5433 et
843 5393 1170 5449 suspensum
1203 5376 1401 5440 tradat,
1442 5392 1546 5431 non
1582 5378 1712 5433 Hie-

119 5448 465 5517 rosolymis,
524 5449 616 5502 ubi
668 5448 957 5503 Dominus’
988 5456 1175 5503 noster
1220 5462 1418 5517 passus
1480 5456 1581 5511 est,
1617 5449 1709 5502 sed

112 5516 371 5589 ιιι-σάω,
406 5521 625 5587 quando
654 5520 865 5575 scilicet
909 5532 1167 5589 magnum
1216 5516 1544 5587 Synedrium
1599 5518 1712 5573 illic

114 5586 497 5644 consistebat.

204 5655 329 5738 (90)
359 5659 614 5738 ’ζωακείμ
649 5661 877 5717 τοίνυν.
917 5658 1165 5738 ΙοαεΙιὶηι
1206 5659 1403 5738 itaque,
1439 5666 1543 5712 etc.
1573 5657 1705 5723 Quae

109 5724 319 5781 Graeci
352 5729 431 5799 de
484 5724 665 5786 Mariae
706 5742 994 5799 conceptu,
1052 5724 1335 5799 nativitate
1365 5767 1378 5793 ,
1414 5740 1705 5797 praesenta-

108 5804 289 5851 tione
349 5798 403 5853 in
442 5803 684 5873 templo,
747 5797 958 5857 necnon
1019 5802 1085 5857 de
1141 5797 1394 5855 Joacliim
1445 5806 1499 5854 et
1547 5800 1705 5854 Anna

1817 5309 2061 5363 Graecum
2101 5309 2337 5369 servavi,
2372 5313 2595 5375 propter
2622 5307 2837 5360 celebre
2878 5307 3139 5374 templum
3182 5318 3387 5375 saneta:

1815 5379 2081 5442 civitatis,
2131 5377 2275 5447 quod
2326 5376 3016 5447 Prorbaticwnuncupa‘nt,
3059 5374 3385 5447 in_guo_Da-—

1816 5441 2110 5503 mascenUs
2133 5441 2415 5513 sermones
2436 5446 2627 5499 habuit
2646 5446 2699 5499 in
2725 5441 2900 5500 Natali
2925 5445 3094 5498 beata:
3115 5441 3384 5510 Virginis.

1812 5519 2021 5575 Ibidem
2084 5520 2235 5571 aiunt
2286 5515 2630 5569 Probaticam
2681 5516 2825 5567 illam
2882 5514 3151 5582 piscinam
3192 5514 3380 5568 fuisse.

1813 5592 1884 5643 At
1950 5588 2157 5653 nullam
2218 5601 2449 5656 prorsus
2515 5586 2740 5656 domum
2807 5583 3385 5656 llierosolymispnst

1813 5652 2089 5715 excidium
2144 5652 2362 5711 stetisse
2394 5655 2863 5723 locupletissimus
2919 5652 3195 5723 testis‘icst
3230 5652 3386 5706 Jose-

1810 5732 1978 5799 phus,
2006 5737 2061 5781 ut
2102 5736 2165 5799 et;
2196 5727 2427 5799 Plinius,
2466 5722 2561 5779 lib.
2591 5739 2656 5799 ν,
2698 5740 2817 5799 cap.
2855 5724 2940 5777 15.
2972 5722 3211 5799 Cyrillus
3258 5723 3385 5799 llic-

1815 5791 1985 5854 i‘osol.
2041 5799 2095 5853 in
2136 5796 2560 5863 Catechcsibus,
2602 5791 2912 5854 inter’loca
2967 5791 3090 5863 qua:
3139 5793 3191 5846 in
3250 5791 3381 5844 urbe
