4182 6476
857 414 995 484 tm

1978 430 2037 486 s.
2078 429 2392 492 JOANNIS
2431 408 2858 492 namscsm
2899 512 2901 514 ι

3934 439 4073 509 1ηο

846 526 987 577 toris
1012 532 1186 576 mater
1217 526 1483 591 exstitit);
1512 529 1756 578 nascitur
1783 537 1963 582 autem
1995 534 2049 582 in
2083 540 2246 586 domo
2271 551 2394 602 pro-
2423 550 2467 601 Α

2423 550 2467 601 Α
2508 541 2760 608 Ὶωακεὶμ
2815 543 2984 608 οἴκῳ,
3046 542 3136 592 καὶ
3186 541 3264 608 τῷ
3317 541 3444 607 ἱερῷ
3508 541 3878 608 προσάγεται.
3946 541 4071 596 Εἶτα

849 613 1040 665 batica:
1065 612 1328 676 Joacliim,
1357 623 1517 682 atquc
1541 615 1608 666 ad
1635 618 1894 684 templum
1917 619 2230 685 adducitur.
2259 623 2395 676 Tum

847 700 1042 751 deinde
1076 699 1129 750 in
1163 700 1324 752 domo
1357 701 1446 754 Dei
1481 703 1744 769 plantata,
1779 714 1831 756 et
1873 721 1967 771 per
2007 705 2266 773 Spiritum
2304 725 2393 761 sa-

847 789 1047 854 ginata,
1086 790 1261 842 instar
1301 792 1456 843 oltvze
1503 793 1793 846 fructiferae
1837 796 2095 846 virtutum
2148 799 2391 850 omnium

845 877 1182 929 domicilium
1215 881 1545 944 instruitur;
1583 894 1637 934 ut
1666 898 1804 949 quae,
1830 885 2099 937 abstracta
2125 895 2304 939 mente
2327 889 2394 940 ab

841 969 992 1018 oumi
1051 969 1234 1022 smculi
1287 971 1578 1038 carnisque
1635 975 1956 1040 cupiditate,
2004 978 2242 1029 animum
2285 992 2390 1030 una

847 1073 972 1108 cum
999 1073 1224 1126 corpore
1264 1061 1523 1126 virginem
1573 1073 1986 1126 conservasset,
2039 1065 2200 1116 veluti
2235 1065 2388 1117 dece-

839 1145 930 1199 bat
968 1147 1132 1209 illam,
1180 1163 1298 1216 qua:
1342 1151 1464 1200 sinu
1506 1163 1607 1201 suo
1653 1161 1983 1218 conet-ptura
2034 1151 2198 1204 Deum
2246 1161 2384 1212 erat,

838 1237 955 1298 qui,
982 1252 1103 1285 cum
1141 1237 1254 1301 ipse
1282 1245 1506 1289 sanctus
1535 1236 1628 1298 sit,
1661 1237 1714 1288 in
1752 1241 1957 1294 sanctis
1994 1241 2288 1307 requiescit
2311 1242 2379 1291 ⁷⁸.

840 1323 993 1375 [inde
1023 1326 1440 1404 sanctimoniam
1480 1328 1861 1391 consectando,
1906 1330 2165 1396 templum
2209 1329 2388 1381 evadit

835 1425 1087 1465 sanctum
1122 1426 1172 1466 et
1207 1415 1548 1476 admirabile,
1595 1413 1798 1484 Deique
1849 1419 2098 1470 altissimi
2153 1419 2385 1485 hospitio

833 1505 1081 1570 dignum.

902 1594 1168 1656 Quoniam
1201 1605 1378 1648 autem
1427 1595 1621 1648 salutis
1670 1604 1869 1649 nostrae
1922 1596 2095 1650 hostis
2149 1596 2383 1664 virgines

830 1683 1179 1744 observabat,
1215 1693 1433 1749 propter
1465 1684 1614 1734 lsaim
1636 1685 1975 1744 vaticinium,
2001 1700 2108 1749 quo
2132 1684 2378 1736 dixerat:

835 1770 964 1845 Ecce
1003 1785 1139 1838 ungo
1181 1773 1231 1822 in
1280 1782 1424 1823 utero
1462 1772 1687 1828 habebit,
1716 1782 1762 1822 et
1786 1773 2164 1838 pariet/ilium,
2203 1781 2249 1821 et
2297 1787 2379 1821 ro-

2503 629 2562 677 ἐν
2590 627 2666 694 τῷ
2692 631 2823 695 οἴκῳ
2850 628 2983 679 Θεοῦ
3032 627 3351 694 ᾳυτευθεῖσά
3402 643 3460 677 τε
3505 628 3599 678 καὶ
3652 631 3967 681 πιαιδθεῖσα
4002 632 4076 700 τῷ

2507 717 2779 783 Πνεύματι
2810 757 2822 777 ,
2851 719 2981 768 ὡσεὶ
3037 718 3190 769 ἐλαία
3229 717 3590 785 κατάκαρπος.
3624 721 3815 784 πάσης
3868 721 4073 786 ἀρετῆς

2501 804 2838 872 καταγώγιον
2883 808 3094 872 γέγονε,
3127 807 3303 873 πάσης
3360 804 3615 872 βιωτικῆς
3643 808 3732 856 καὶ
3785 810 4071 874 σαρκικῆς

2500 895 2793 961 ἐπιουμίας
2819 896 2906 946 τὸν
2930 895 3052 946 νοῦν
3081 896 3451 961 ἀποστήσασα,
3484 894 3574 945 καὶ
3604 893 3744 945 οὕτω
3785 895 4068 963 παρθένον

2495 987 2594 1055 τὴν
2621 986 2794 1054 ψυχήν
2825 987 3202 1054 συντηρήσασα
3241 986 3335 1036 σὺν
3358 985 3433 1052 τῷ
3463 987 3692 1053 σώματι,
3711 987 3796 1046 ὠς
3826 987 4061 1050 ἔπρεπε,

2496 1078 2592 1145 τήν
2627 1075 2756 1125 Θεὸν
2810 1076 3098 1140 ἐγκόλπιον
3150 1072 3503 1140 ὑποδέχεσθαι
3536 1075 3850 1141 μέλλουσαν
3872 1089 3886 1100 °
3917 1075 4060 1138 ἅγιος

2495 1163 2602 1229 γὰρ
2636 1163 2729 1224 ὢν,
2762 1166 2817 1214 ἐν
2870 1163 3042 1229 ἁγίοις
3095 1161 3460 1214 ἀναπαύεταιο
3484 1163 3622 1214 οὕτω
3657 1165 3850 1214 τοίνυν
3897 1163 4055 1226 ἁγιω-

2495 1250 2660 1316 σύνην
2686 1252 3019 1319 μετέρχεται,
3055 1251 3144 1300 καὶ
3167 1250 3288 1310 ναὸς
3315 1250 3463 1314 ἆγιος
3489 1253 3581 1302 καὶ
3614 1251 3949 1319 θαυμαστὸς
3967 1251 4052 1303 τα]

2493 1338 2714 1405 ὑψίστου
2747 1338 2878 1394 Θεοῦ
2928 1338 3297 1391 ἀναδείκνυται
3320 1338 3483 1402 ἄξιος.

2571 1597 2786 1666 Ἐπειδὴ
2822 1599 2876 1651 δέ
2911 1601 3162 1670 ἐπετήρει
3207 1605 3306 1666 τὰς
3345 1605 3639 1674 παρθένους
3673 1607 3701 1656 ό
3746 1605 3862 1673 τῆς
3907 1606 4051 1672 ήμῶν

2491 1687 2761 1754 σωτηρίας
2790 1688 3002 1756 ἐχθρὸς,
3025 1692 3112 1743 διὰ
3144 1693 3244 1762 τὴν
3268 1692 3486 1746 Ἡσαΐου
3514 1695 3834 1762 πρόρρησιν
3858 1711 3872 1724 ·
3899 1694 4049 1745 Ἰδίὺ

2486 1776 2524 1838 ἡ
2552 1776 2837 1840 παρθένος
2861 1779 2928 1828 ὲν
2973 1781 3174 1845 γαστρὶ
3209 1781 3326 1842 ἕξει
3351 1822 3364 1843 ,
3398 1783 3667 1849 φήσαντος
3692 1819 3705 1841 ,
3742 1785 3850 1832 καὶ
3896 1780 4048 1842 τέξε-

828 1862 1018 1911 cabunt
1046 1877 1227 1911 nomen
1275 1861 1387 1926 ejus
1439 1860 1748 1911 Emmanuel
1787 1861 1942 1927 (quod
1991 1861 2339 1923 interpreteris
2365 1899 2380 1922 ,
2413 1861 2456 1918 Β

2413 1861 2456 1918 Β
2491 1878 2579 1913 ται
2625 1863 2776 1922 υἱὸν,
2814 1865 2907 1915 καὶ
2964 1866 3293 1920 καλέσουσι
3329 1868 3395 1918 τὸ
3443 1868 3628 1932 ὄνομα
3677 1870 3879 1921 αὐτοῦ
3928 1869 4047 1933 Ἐμ-

829 1952 1101 2002 nobiscum
1129 1949 1263 2002 Deus
1286 1954 1353 2016 ⁷¹)
1379 1967 1391 2012 ;
1414 1951 1638 2014 idcirco,
1658 1961 1714 2001 ut
1738 1951 1825 2002 ille
1840 1951 1928 2005 nui
1949 1951 2218 2017 sapientes
2237 1965 2382 2003 cont-

825 2040 1117 2107 prcliendit
1152 2041 1203 2090 in
1237 2040 1437 2091 astutia
1475 2041 1717 2106 ipsorum
1745 2040 1812 2099 τ’,
1876 2055 1996 2092 eum
2037 2038 2245 2090 falleret
2285 2040 2377 2108 qui

824 2131 1106 2198 sapientia:
1127 2131 1348 2182 nomine
1378 2144 1590 2196 semper
1613 2130 1901 2198 gloriatur,
1940 2129 2118 2194 puella
2150 2128 2384 2194 Josepho

819 2219 1204 2285 desponsatur,
1236 2231 1408 2282 novus
1440 2218 1652 2270 scilicet
1679 2216 2074 2268 toniusscienti
2097 2216 2259 2284 276
2293 2216 2384 2267 lit-

823 2319 969 2362 teras
992 2309 1058 2360 ⁷³.
1079 2305 1189 2361 Hac
1209 2322 1370 2375 porro
1395 2307 1776 2376 desponsatio,
1800 2318 1852 2359 et
1882 2306 2086 2374 Virgini
2111 2306 2378 2368 custodia,

819 2399 946 2452 etei
979 2398 1070 2465 qui
1105 2396 1338 2464 virgines
1371 2396 1724 2455 observabat,
1767 2396 2014 2462 deceptio
2047 2394 2166 2446 fuit.
2197 2394 2262 2446 At
2290 2395 2380 2447 ubi

819 2483 1282 2553 venit_pleniludo
1317 2484 1600 2552 temporis,
1659 2484 1883 2551 angelus
1935 2482 2144 2535 Domini
2181 2483 2380 2538 missus

818 2580 888 2629 atl
921 2592 1034 2631 eam
1071 2575 1193 2637 luit,
1229 2574 1442 2628 Domini
1475 2575 1896 2643 conceptionem
1933 2575 2376 2629 anntmtiaturus.

817 2669 1180 2734 Quamobrem
1217 2667 1309 2722 Dei
1349 2666 1570 2730 Filium,
1638 2682 1817 2720 veram
1875 2669 2019 2720 illam
2076 2668 2381 2721 subsisten-

817 2767 1034 2826 temque
1070 2758 1247 2812 Patris
1285 2759 1562 2821 virtutem,
1616 2774 1716 2810 non
1756 2772 1818 2808 ex
1863 2759 2130 2810 voluntate
2181 2759 2374 2821 carnis,

817 2863 906 2899 nec
926 2861 988 2898 ex
1017 2846 1279 2899 voluntate
1302 2847 1398 2899 viri
1431 2847 1497 2910 ",
1529 2847 1631 2898 hoc
1657 2856 1738 2899 est
1771 2862 1877 2898 non
1910 2861 1973 2897 cx
2007 2861 2301 2915 congressu
2325 2858 2376 2900 et

819 2939 1062 3002 semine,
1100 2937 1195 2990 s’tul
1233 2951 1299 2989 ex
1340 2935 1569 3003 benigna
1614 2934 1790 2990 Patris
1842 2936 2135 2998 voluntate,
2170 2935 2374 3004 Spiritu

818 3039 1006 3081 sancto
1062 3027 1222 3081 simul
1281 3037 1539 3094 operante
1596 3025 1866 3093 concepit.
1926 3024 2037 3078 Hoc
2100 3035 2258 3095 pacto
2321 3034 2376 3081 et

815 3115 1058 3169 Creatori
1118 3123 1172 3166 ut
1225 3121 1515 3177 crearetur,
1575 3121 1629 3166 et
1685 3111 1857 3165 ﬂeturi
1905 3119 1963 3164 ut
2011 3112 2369 3180 eﬂingeretur,

815 3205 1019 3276 Deique
1080 3203 1216 3257 Filio
1249 3216 1310 3256 ac
1347 3201 1456 3256 Deo
1504 3209 1562 3254 ut
1597 3215 1662 3254 ex
1712 3203 1860 3268 puris
1909 3210 1960 3256 et
2010 3201 2370 3264 immaculatis

810 3295 931 3362 ejus
961 3292 1217 3347 carnibus
1247 3301 1301 3344 et
1329 3289 1684 3360 sanguinibus
1709 3290 2081 3344 incarnaretur
2105 3291 2373 3358 homoque

810 3385 986 3445 fieret,
1029 3381 1488 3444 subministravit,
1520 3379 1708 3448 primae
1742 3381 1980 3448 parentis
2028 3390 2204 3447 partes
2252 3395 2371 3449 per-

807 3469 1048 3525 solvens.
1083 3467 1550 3534 Quemadmodum
1591 3467 1736 3518 enim
1783 3466 1873 3518 illa
1911 3466 2042 3519 citra
2075 3466 2275 3518 coitum
2302 3483 2368 3520 ex

804 3559 1018 3614 Adamo
1067 3557 1300 3610 formata
1348 3563 1432 3608 est
1460 3573 1473 3604 :
1504 3553 1616 3606 haec
1649 3554 1811 3606 etiam
1844 3568 2041 3606 novum
2072 3553 2242 3606 Adam
2277 3569 2357 3622 pe

803 3649 984 3718 perit:
1023 3648 1100 3701 sic
1134 3660 1282 3708 vero,
1325 3652 1384 3697 ut
1431 3643 1516 3696 hic
1555 3651 1821 3697 consueto
1855 3657 2006 3696 more
2041 3651 2196 3711 partu
2246 3645 2369 3697 ede-

804 3750 973 3803 retur,
1003 3746 1056 3793 et
1093 3751 1254 3806 supra
1279 3749 1440 3805 quam
1490 3736 1630 3788 ratio
1684 3733 1946 3786 nascendi
1987 3731 2148 3786 lerat.
2178 3732 2367 3786 Editur

799 3829 946 3884 enim
971 3828 1087 3882 sine
1119 3833 1270 3895 patre
1303 3839 1367 3880 ex
1401 3824 1648 3886 muliere,
1683 3822 1777 3892 qui
1814 3838 1877 3877 es
1916 3821 2075 3877 Patre
2103 3823 2221 3876 sine
2255 3839 2366 3876 ma-

799 3927 884 3972 tre
903 3923 1076 3973 ,tiatus
1097 3915 1366 3971 exstabat.
1397 3913 1465 3967 Et
1486 3914 1701 3983 quidem
1732 3924 1998 3982 quatenus
2021 3927 2084 3966 ex
2118 3913 2364 3976 muliere,

799 4005 1099 4065 securldum
1125 4003 1371 4076 pariendi
1412 4004 1558 4073 leges
1581 4002 1758 4058 editus
1790 4011 1912 4056 est:
1951 4013 2220 4070 quatenus
2263 4017 2363 4056 au-

797 4105 906 4152 tem
959 4097 1076 4152 sine
1139 4101 1312 4166 patre,
1357 4108 1522 4163 supra
1566 4092 1932 4161 generationis
1983 4100 2254 4146 naturam.
2285 4094 2363 4146 Ac

798 4202 989 4242 rursus
1018 4195 1294 4256 quatenus
1319 4191 1581 4238 consueto
1615 4190 1879 4250 tempore,
1912 4196 2103 4235 novem
2133 4183 2360 4250 expietis

797 4281 1096 4342 mensibus,
1122 4285 1177 4334 et
1212 4277 1468 4332 inchoato
1493 4275 1728 4335 decimo,
1767 4287 1864 4327 sua
1893 4274 2075 4342 partui
2111 4273 2196 4326 lex
2227 4288 2360 4327 con-

794 4371 930 4427 stitit
965 4388 979 4425 :
1010 4378 1278 4438 quatenus
1305 4375 1485 4420 autem
1516 4365 1634 4419 sine
1679 4364 1789 4418 ullo
1820 4376 2015 4419 sensus
2042 4362 2227 4416 dolore
2267 4379 2358 4432 ge-

2480 1950 2752 2017 μανουήλ
2781 1968 2793 1980 ·
2829 1953 2860 2002 ὅ
2907 1952 3034 2004 ἐστι
3063 1956 3661 2021 μεθερμηνευόμενον,
3710 1958 3862 2006 Μεθ’
3891 1953 4049 2020 ἡμῶν

2484 2039 2516 2093 ό
2551 2039 2720 2101 Θεόςο
2751 2039 2826 2099 ὼς
2854 2039 2922 2091 ἂν
2943 2040 3168 2110 δελεάσῃ
3214 2043 3302 2093 τὸν
3331 2044 3387 2094 ἐν
3424 2043 3582 2110 σοφία
3618 2046 3706 2094 αεὶ
3739 2043 4046 2110 ἀσρυνόμει

2485 2143 2590 2186 νον,
2628 2129 2655 2177 ὁ
2685 2127 3052 2196 δρασσόμενος
3105 2132 3227 2191 τοὺς
3265 2132 3460 2197 σοφοὺς
3507 2132 3564 2182 ἐν
3611 2134 3680 2198 τῇ
3739 2133 4046 2199 πανουργίᾳ

2483 2213 2678 2276 αὐτῶν,
2709 2217 2840 2280 πρὸς
2871 2216 3214 2284 μνηστείανή
3248 2219 3425 2279 νεᾶνις
3457 2217 3533 2285 τῷ
3575 2218 3781 2284 Ἰωσὴφ
3812 2219 3923 2270 ὑπὸ
3950 2219 4046 2271 τῶν

2486 2301 2676 2370 ἱερέων
2733 2303 2995 2355 ἐκδίδοται
3037 2305 3064 2354 ό
3092 2305 3273 2367 καινὸς
3300 2305 3482 2373 τόμος,
3522 2305 3600 2374 τῷ
3630 2306 3950 2374 γράμματα
3980 2309 4044 2356 εί-

2481 2393 2590 2445 δότι
2619 2409 2632 2424 ’
2663 2395 2695 2460 ἠ
2726 2393 2783 2446 δέ
2816 2395 3102 2462 μνηστεία,
3144 2396 3354 2467 φυλακή
3404 2412 3463 2447 τε
3495 2397 3594 2465 τῆς
3626 2397 3920 2465 Παρθένου
3951 2396 4043 2448 ὑπ·

2480 2485 2653 2551 ἦρχε,
2688 2483 2781 2534 καὶ
2830 2483 2922 2534 τοῦ
2968 2481 3066 2545 τὰς
3119 2485 3423 2553 παρθένους
3469 2486 3871 2555 ἐπιτηροῦντος
3916 2489 4041 2540 ἀίο-

2480 2571 2809 2638 ϐουκόλημα.
2847 2572 2974 2624 Ὅτε
3017 2572 3074 2624 δὲ
3119 2570 3250 2642 ἦλθε
3301 2574 3360 2626 τὸ
3393 2573 3663 2643 πλήρωμα
3705 2575 3804 2630 τοῦ
3833 2576 4040 2645 χρόνον.

2479 2661 2756 2728 ἀπεστάλη
2790 2660 3016 2726 ἄγγελος
3051 2663 3255 2732 Κυρίου
3293 2663 3426 2732 πρὸς
3464 2663 3652 2732 αὐτὴν,
3678 2666 3784 2734 τήν
3809 2663 3909 2716 τοῦ
3937 2666 4038 2716 Κυ-

2481 2751 2595 2818 ρίου
2620 2751 3106 2819 εὐαγγελιζόμενος
3141 2753 3398 2820 σύλληψιν
3421 2768 3435 2782 ⁸
3460 2752 3632 2814 οὕτως
3662 2769 3726 2805 τε
3755 2754 4038 2820 συνείληφε

2477 2839 2564 2889 τὸν
2611 2839 2734 2889 ὶἾδν
2776 2839 2868 2890 τοῦ
2913 2840 3088 2903 Θεοῦ,
3129 2840 3223 2910 τὴν
3267 2841 3360 2892 τοῦ
3412 2842 3622 2909 Πατρὸς
3672 2843 4038 2896 ὲνυπόπατσν

2475 2928 2719 2996 δύναμιν,
2752 2930 2850 2980 οὐκ
2893 2931 2958 2980 ἐκ
2985 2929 3285 2998 Θελήματος
3313 2931 3530 2998 σαρκὸς,
3555 2931 3678 2983 οὐδὲ
3710 2934 3775 2984 ἐκ
3809 2931 4038 3001 Θελήμα-

2473 3034 2563 3077 τος
2595 3018 2803 3086 ἀνδρὸς,
2825 3021 2941 3088 ήτοι
2978 3021 3269 3087 συναφείας
3307 3021 3402 3072 καὶ
3434 3024 3641 3106 σπορᾶς
3663 3063 3679 3086 ,
3706 3023 3829 3074 ἀλλ’
3858 3026 3924 3077 ἐκ
3946 3024 4034 3092 τῆς

2473 3106 2566 3159 τοῦ
2597 3109 2804 3178 Πατρὸς
2837 3111 3082 3174 εὐδοκίας
3108 3113 3199 3163 καὶ
3229 3112 3513 3181 συνεργίας
3544 3111 3635 3164 τοῦ
3677 3114 3842 3180 ἁγίου
3873 3115 4034 3167 Πνεύ-

2476 3213 2639 3266 ματος
2662 3214 2675 3226 '
2705 3200 3006 3268 ἐχορήγησε
3038 3200 3118 3268 τῷ
3165 3201 3367 3268 κτίστῃ
3403 3201 3463 3252 τὸ
3494 3202 3807 3270 κτισθῆναι,
3837 3204 3933 3256 καὶ
3967 3205 4034 3270 τῷ

2473 3284 2684 3354 πλάστῃ
2724 3287 2782 3338 τὺ
2808 3285 3133 3353 πλασθῆναι,
3159 3287 3347 3354 καὶτῷ
3371 3287 3482 3356 Υίῷ
3509 3288 3601 3344 τοῦ
3629 3288 3768 3342 Θεοῦ
3797 3291 3895 3344 καὶ
3927 3290 4033 3357 Θεῷ

2468 3377 2528 3428 τὸ
2561 3378 2906 3446 σαρκωθῆναι
2938 3381 3025 3431 καὶ
3049 3379 3487 3448 ἀνθρωπισϐῆναι
3515 3383 3577 3432 ἐκ
3607 3382 3719 3432 τῶν
3743 3385 3930 3450 ἁγνῶν
3951 3388 4030 3436 καὶ

2468 3466 2782 3533 ἁμολύντων
2837 3467 3009 3535 αὐτῆς
3056 3469 3275 3536 σαρκῶν
3303 3485 3359 3521 τε
3413 3471 3507 3520 καὶ
3538 3472 3815 3538 αἱμάτων,
3853 3473 3915 3524 τὸ
3947 3473 4032 3536 τῆς

2468 3557 2814 3625 προμήτορος
2848 3557 3238 3627 ἀποπληροῦσα
3268 3558 3424 3628 χρέος
3449 3575 3463 3588 ·
3493 3558 3686 3630 ὥσπερ
3712 3563 3826 3630 γὰρ
3861 3565 4027 3632 ἐκείνη

2468 3642 2758 3708 συναφείας
2801 3644 2956 3704 ἐκτὸς
3009 3644 3068 3708 ἐξ
3111 3645 3279 3714 Ἀδὰμ
3310 3647 3858 3717 πεπλαστούργηται,
3901 3653 4030 3704 οὕτω

2465 3734 2557 3784 καὶ
2602 3732 2739 3800 αὕτη
2769 3732 2859 3784 τὸν
2891 3733 3007 3785 νέον
3048 3735 3218 3804 Ἀδὰμ
3253 3735 3526 3804 ἀπεκύησε
3554 3777 3569 3800 ,
3595 3737 3752 3807 νόμῳ
3790 3743 4028 3808 κυήσεως

2462 3823 2776 3891 τικτόμενον
2805 3862 2817 3886 ,
2854 3825 2946 3877 καὶ
2992 3824 3130 3893 ὑπὲρ
3190 3824 3350 3893 φύσιν
3395 3827 3730 3894 γεννήσεως.
3775 3829 4028 3882 Τίκτεται

2463 3912 2568 3981 γὰρ
2600 3913 2829 3983 ἀπάτωρ
2851 3915 2913 3965 ἐκ
2940 3912 3217 3980 γυναικὸς,
3247 3915 3274 3965 ὁ
3299 3914 3362 3967 ἐκ
3395 3913 3605 3982 Πατρὸς
3637 3915 3921 3989 ἀμήτωρ·
3947 3920 4028 3971 καὶ

2461 4003 2541 4054 ὅτι
2576 4002 2674 4070 μὲν
2707 4003 2768 4053 ἐκ
2817 4003 3076 4068 γυναικὸς
3105 4041 3120 4066 ,
3152 4003 3300 4072 νόμῳ
3338 4005 3585 4072 κυήσεως
3609 4045 3623 4066 ,
3654 4007 3744 4059 δτι
3804 4009 3884 4072 δὲ¹
3915 4012 4027 4063 ἄνευ

2459 4093 2681 4162 πατρὸς,
2717 4095 2855 4162 ὑπὲρ
2887 4093 3046 4160 φύσιν
3087 4095 3421 4163 γεννήσεως·
3453 4095 3542 4148 καί¹
3569 4096 3654 4154 ὅτι
3694 4099 3801 4166 μὲν
3855 4101 3934 4170 τῷ
3961 4104 4027 4154 εἰσ

2459 4182 2698 4250 οισμένῳ
2726 4184 2898 4252 χρόνῳ
2943 4184 3055 4251 (τὸν
3087 4185 3190 4252 γὰρ
3221 4186 3628 4252 ἐννεαμηνιαῖον
3661 4188 3926 4253 τελέσας,
3948 4193 4027 4246 καὶ

2455 4271 2533 4339 τῷ
2580 4273 2790 4341 δεκάτῳ
2849 4273 3044 4334 ἐπιϐὰς
3089 4275 3382 4342 γεννᾶται),
3413 4275 3559 4343 νόμῳ
3615 4279 3926 4344 κυήσεως·
3958 4282 4024 4336 ὅτι

2454 4363 2508 4414 δὲ
2533 4363 2825 4424 ἁνωδίνως,
2858 4363 2997 4432 ὑπὲρ
3025 4363 3222 4432 θεσμὸν
3256 4366 3590 4434 γεννήσεως·
3631 4360 3704 4437 ἧς
3734 4369 3851 4438 γὰρ
3874 4370 4025 4439 ήδονή

794 4458 1098 4514 nerationis
1148 4458 1318 4528 legem
1372 4452 1666 4524 superavit.
1706 4452 1877 4517 Quam
1922 4453 2066 4505 enim
2110 4453 2356 4521 voluptas
2387 4481 2430 4536 ο

2387 4481 2430 4536 D
2459 4453 2516 4504 οὐ
2551 4454 2924 4522 προηγήσατο,
2959 4455 3077 4511 οὐδὲ
3123 4455 3250 4506 ὠδὶν
3284 4455 3692 4524 ἐπηκολούθησε
3713 4495 3728 4519 ,
3759 4462 3912 4512 κατὰ
3949 4461 4022 4516 τὸν

795 4562 904 4603 non
938 4547 1181 4608 anteivit,
1222 4561 1290 4600 ne
1320 4545 1476 4598 dolor
1516 4557 1650 4598 sane
1694 4543 1749 4596 in
1798 4551 1954 4610 partu
2005 4551 2225 4596 secutus
2253 4553 2354 4598 est.

791 4637 913 4704 Quo
942 4647 1150 4707 spectat
1182 4635 1315 4690 illud
1355 4635 1628 4704 prophetae
1661 4650 1674 4688 ι
1715 4631 2004 4700 Antequam
2034 4635 2355 4700 parturiret,

790 4728 989 4795 peperit
1018 4726 1086 4788 ",
1119 4736 1173 4780 et
1219 4725 1350 4783 illud
1382 4739 1573 4778 rursus
1599 4741 1612 4776 :
1650 4723 1942 4791 Antequam
1969 4722 2188 4776 venisset
2215 4733 2350 4776 tem-

790 4833 888 4884 pus
919 4815 1269 4884 parturiendi,
1291 4815 1458 4886 Tingit,
1488 4831 1551 4867 ac
1576 4813 1774 4881 peperit
1803 4812 2096 4868 masculum
2116 4811 2185 4864 ⁷⁷.

859 4905 948 4964 Es.
971 4920 1031 4959 ea
1061 4906 1239 4974 itaque
1311 4903 1406 4960 Dei
1481 4901 1653 4957 Filius
1679 4911 1956 4970 assumpta
1985 4914 2150 4954 carne
2199 4909 2358 4955 natus

786 5008 899 5066 est;
935 5013 1044 5052 non
1077 5000 1239 5053 homo
1283 4995 1492 5059 deiter,
1527 4995 1746 5064 Deoque
1780 4994 2012 5056 aﬂlatus,
2063 4993 2156 5048 sed
2206 4993 2347 5048 Deus

849 5125 897 5159 '°
949 5124 1090 5181 Psal.
1147 5138 1223 5190 ιι,
1282 5122 1369 5176 10.
1418 5122 1487 5190 7"
1541 5121 1645 5176 lsa.
1678 5137 1774 5179 vn.
1810 5121 1914 5183 ης
1970 5119 2159 5176 Matth.
2195 5136 2231 5182 ι,
2269 5119 2359 5175 25.

783 5193 1002 5251 τιιωυ.
1033 5209 1075 5258 ι,
1107 5189 1215 5248 ἰδέ
1308 5193 1355 5224 ⁷⁸
1413 5189 1520 5246 lsa.
1557 5191 1786 5255 ιινι,7.
1885 5190 1933 5221 ⁷⁸
1990 5190 2125 5242 ibid.

2460 4547 2743 4614 προφήτην
2772 4546 2861 4598 τὸν
2900 4545 3150 4613 λέγοντα*
3168 4547 3316 4613 Πρὶν
3341 4546 3637 4612 ὠδίνησεν
3655 4588 3671 4611 ,
3703 4551 3905 4605 ἔτεκε.
3931 4553 4022 4605 Καὶ

2458 4635 2618 4688 πάλιν
2658 4651 2671 4664 ·
2701 4636 2847 4711 Πρὶν
2899 4635 3098 4692 ἐλθεῖν
3143 4637 3249 4689 τὸν
3283 4638 3488 4704 καιρὸν
3517 4635 3634 4692 τῶν
3658 4637 3914 4693 ὠδίνων
3939 4641 4020 4706 ἐξ·

2455 4724 2658 4793 έρυγε,
2699 4727 2792 4778 καὶ
2817 4725 3020 4783 ἔτεκεν
3047 4725 3248 4793 ἄρσεν.

2527 4899 2852 4969 Γεγέννηται
2882 4901 3062 4954 τοίνυν
3092 4899 3151 4968 ἐξ
3185 4901 3353 4969 αὐτῆς
3379 4903 3408 4953 ὀ
3437 4901 3563 4962 Tib;
3601 4901 3701 4974 τοῦ
3755 4903 3904 4960 Θεοῦ
3941 4919 4015 4957 σεο

2455 4991 2806 5061 σαρκωμένος
2842 4991 2886 5056 ί,
2915 4991 2974 5046 οὑ
3033 4991 3285 5061 θεοφόρος
3329 4991 3644 5064 ἄνθρωπος,
3681 4994 3829 5050 ἀλλὰ
3895 4996 4014 5057 Osis

2445 5123 2488 5153 τ’
2514 5120 2616 5176 Job
2680 5139 2734 5186 ν,
2782 5122 2881 5189 l3;
2922 5121 3114 5219 lCor..
3160 5137 3240 5190 ιιι,
3292 5122 3379 5179 l9.
3452 5123 3497 5156 "
3545 5122 3650 5180 Isa.
3690 5141 3862 5194 nix,
3929 5128 4005 5184 ιι.

2064 5280 2293 5334 VARle
2327 5278 2724 5335 LECTIONES.

857 5379 966 5433 'R

1042 5382 1077 5440 ii
1133 5379 1289 5435 multi
1333 5379 1486 5442 Colb.
1527 5379 1584 5440 2.
1648 5376 1704 5434 S.
1750 5377 1856 5432 Hil.
1894 5387 1947 5430 et
1977 5375 2044 5430 Ν.
2075 5377 2208 5436 Θεὸς
2242 5392 2468 5445 σεσαρκ.
2502 5375 2592 5430 Sic
2636 5385 2794 5430 vetus
2823 5377 3052 5445 interpr.
3099 5385 3152 5430 et
3170 5375 3386 5430 Faber:
3428 5373 3595 5428 Filius
3627 5374 3727 5427 Dei
3753 5387 3807 5428 et
3850 5376 3995 5434 Dus.

781 5452 850 5508 ιι.
877 5445 1029 5509 ἰδΞέ
1049 5451 1143 5508 καὶ
1173 5448 1420 5522 θεὸςηοὺ
1471 5448 1750 5516 θεοφόρος,
1787 5447 1842 5502 iu
1891 5447 1986 5500 illo
2033 5456 2349 5500 assumcnto
2395 5445 2541 5514 quod
2574 5460 2641 5500 ex
2673 5445 2779 5500 hoc
2804 5445 2979 5515 capite
3010 5446 3064 5500 in
3103 5445 3189 5511 12,
3214 5446 3308 5500 lib.
3350 5459 3429 5510 ιιι,
3465 5445 3630 5499 luisse
3678 5447 3998 5500 translatio

2274 5581 2506 5637 NOTAE.

784 5522 1121 5576 monuimus.

777 5689 969 5737 sancta
1008 5677 1327 5734 visebantur
1373 5674 1714 5729 Probatieam
1766 5689 1873 5728 non
1925 5675 2239 5738 recensuit,
2270 5675 2357 5730 uti.

781 5767 886 5808 nec
920 5748 1315 5818 Hieronymus,
1344 5746 1548 5799 alterve
1592 5745 1842 5813 superior
1871 5742 2117 5800 Juvenali
2143 5782 2158 5808 ,
2188 5757 2348 5812 quem

2455 5673 2723 5796 eiusmodi
2752 5673 3104 5732 traditionum
3140 5672 3313 5730 luisse
3355 5681 3627 5743 parentem
3656 5672 3908 5730 dicemus
3943 5674 3984 5729 in

2455 5756 2559 5796 aio
2608 5756 2728 5796 oco.

2453 5756 2559 5796 auo
2589 5756 2728 5797 loco.
