4182 6476
239 442 363 508 “93

231 644 440 711 ποίησιν
467 638 631 692 αὐτοῦ
664 640 844 707 λέγειν
873 637 1100 706 σύνηθες
1140 639 1205 706 τῇ
1239 636 1359 707 Θείᾳ
1389 637 1612 707 Γραφῇ·
1655 635 1788 688 ἀλλὰ

232 737 331 804 μὴν
355 733 449 786 καὶ
475 733 563 784 ὅτε
593 731 725 800 φησί
766 730 872 782 τὸν
910 728 1059 783 Θεὸν
1096 727 1313 787 κτίζειν
1340 728 1514 789 κακὰ,
1563 726 1658 780 καὶ
1702 726 1786 795 μὴ

227 824 372 880 εἶναι
399 826 467 877 ἐν
492 825 661 876 πόλει
699 824 915 875 κακίαν
936 819 1015 886 ἢν
1040 824 1070 873 ὀ
1095 822 1308 887 Κύριος
1333 821 1442 872 οὐκ
1482 821 1787 887 ἐποίησεν,

227 918 285 970 οὐ
318 915 501 969 κακῶν
534 912 824 966 αῖτιον.τὺν
853 913 984 965 Θεὸν
1012 913 1302 973 δείκνυσιν,
1324 911 1438 965 ἀλλ’
1470 912 1659 980 ἐπειδὴ
1682 911 1791 963 δισ-

228 1008 504 1075 ἐμφατονν
537 1003 598 1056 τὸ
650 1006 745 1072 τῆς
788 1002 985 1064 κακίας
1026 1003 1212 1071 ὄνομα,
1245 1002 1338 1054 δύο
1373 1005 1663 1071 σημαῖνον·
1698 1003 1791 1053 καὶ

227 1098 353 1150 ποτὲ
402 1097 498 1165 μὲν
532 1096 639 1166 γὰρ
670 1098 729 1146 τὸ
767 1096 833 1164 τῇ
887 1094 1045 1161 φύσει
1102 1095 1268 1146 κακὸν
1302 1093 1469 1163 δηλοῖ,
1527 1095 1664 1163 ὅπερ
1703 1095 1790 1145 ἐν·

230 1187 405 1241 αντίον
434 1190 547 1239 ἐστὶ
573 1190 636 1257 τῇ
667 1188 855 1257 ἀρετῇ,
890 1185 984 1238 καὶ
1014 1189 1076 1255 τῇ
1095 1184 1189 1237 τοῦ
1218 1185 1352 1237 Θεοῦ
1379 1184 1594 1254 Θελήσει
1622 1201 1634 1213 °
1662 1185 1790 1236 ποτὲ

228 1282 280 1335 δὲ
306 1281 362 1333 τὸ
399 1279 533 1345 πρὸς
562 1278 657 1348 τὴν
686 1278 956 1347 ἡμετέραν
984 1276 1235 1347 αἴσθησιν
1270 1275 1446 1328 κακὸν
1479 1275 1572 1327 καὶ
1599 1266 1791 1327 ἐπίπο-

228 1390 336 1432 νον,
362 1371 529 1440 ἤγουν
559 1370 657 1432 τὰς
688 1368 897 1437 θλίψεις
935 1369 1029 1421 καὶ¹
1065 1368 1381 1436 ἐπαγωγὰς.
1414 1360 1585 1419 Λῦται
1612 1368 1688 1431 δὲ,
1716 1368 1793 1437 τῷ

234 1466 328 1533 μὲν
372 1464 548 1515 δοκεῖν
587 1461 755 1514 κακαί
788 1461 914 1526 είσι,
949 1460 1197 1527 ἁλγειναὶ
1225 1460 1614 1528 τυγχάνουσαι,
1645 1462 1709 1529 τῇ
1737 1460 1794 1511 δὲ

228 1554 476 1624 ἀληθείᾳ,
506 1552 735 1619 ἀγαθαί·
766 1551 1101 1620 ἐπιστροφῆς
1132 1550 1239 1621 γὰρ
1280 1550 1377 1603 καὶ
1413 1552 1683 1621 σωτηρίας
1708 1551 1794 1619 γί-

228 1662 406 1697 νονται
453 1647 565 1707 τοῖς
612 1643 848 1696 συνιοῦσι
877 1643 1126 1713 πρόξενοι
1147 1656 1159 1670 ⁸
1194 1643 1396 1705 ταύτας
1424 1642 1510 1695 διὰ
1541 1643 1677 1696 Θεοῦ
1708 1644 1794 1710 γί-

226 1736 411 1789 νεσθαί
440 1752 603 1805 φησιν
626 1737 658 1803 ἠ
686 1735 895 1803 Γραφή.
1576 1720 1582 1747 τ

296 1825 493 1878 ἰστέον
516 1825 573 1877 δὲ
596 1824 671 1886 ὡς
704 1824 1022 1876 καὶτούτων
1057 1825 1217 1892 ἡμεῖς
1251 1825 1419 1892 ἐσμεν
1462 1825 1645 1877 αἴτιοι.
1676 1826 1795 1877 Τῶν

226 1919 335 1989 γὰρ
369 1918 840 1993 ἐκουσίωννκακῶν
873 1918 942 1971 τὰ
976 1918 1244 1971 ἁκούτιὰι
1272 1920 1406 1973 εἰσιν
1432 1919 1648 1989 ἔκγονα.

296 2097 409 2152 Καὶ
440 2097 598 2151 τοῦτο
627 2097 683 2150 δὲ
715 2096 907 2159 ἰστέον,
951 2098 1027 2149 ὅτι
1060 2096 1179 2159 ἔθος
1208 2098 1273 2167 τῇ
1306 2097 1516 2165 Γραφῇ,
1553 2095 1673 2148 τινὰ
1699 2098 1792 2148 ὲκ·

228 2182 467 2250 ϐατικῶς
515 2187 795 2256 ὀφείλοντα
842 2186 1115 2255 λέγεσθαι,
1147 2186 1521 2253 αἰτιολογικῶς
1571 2186 1787 2253 λέγειν·

227 2278 301 2342 ὡς
334 2279 425 2331 τό·
480 2253 583 2333 Σοί
620 2253 792 2347 ⁴ἷμόνῳ
827 2253 1113 2348 ἥμαρτον,
1145 2280 1241 2333 καὶ
1291 2279 1355 2331 τὸ
1395 2280 1661 2348 πονηρὸν
1703 2280 1797 2331 12r-

232 2369 419 2422 ὠπιόν
447 2387 562 2424 σου
598 2370 872 2436 ἐποίησα,
904 2370 1061 2433 ὅπως
1103 2369 1177 2423 ἂν
1208 2369 1528 2437 δικαιωθῇς
1566 2370 1635 2421 ἐν
1674 2370 1797 2435 τοῖς

232 2466 438 2529 λόγοις
469 2478 604 2524 σου,
641 2463 736 2515 καὶ
771 2463 1029 2529 νικήσῃς
1057 2464 1125 2515 ἐν
1158 2462 1236 2527 τῷ
1265 2462 1573 2529 κρίνεσθαί
1594 2478 1681 2513 σε.
1721 2464 1795 2513 Οὐ

229 2554 337 2622 γὰρ
366 2555 393 2605 ὁ
423 2554 768 2622 ἁμαρτήσας,
802 2555 887 2606 ἵνα
918 2555 1114 2625 νικήσῃ
1146 2556 1173 2606 ὁ
1207 2552 1357 2617 Θεὸς,
1385 2553 1650 2621 ἥμαρτεν,
1675 2551 1797 2604 οὔτε

229 2644 285 2697 δὲ
310 2647 337 2696 ὀ
365 2645 500 2706 Θεὸς
542 2644 707 2695 ἐδεῖτο
736 2644 835 2712 τῆς
868 2643 1022 2711 ἡμῶν
1048 2642 1343 2712 ἁμαρτίας,
1375 2639 1461 2693 ἶνα
1497 2642 1560 2693 ἐκ
1598 2641 1798 2711 ταύτης

230 2736 502 2805 νικητὴςῐ
548 2736 814 2803 ἀναφανῇ.
868 2734 1026 2802 Φέρει
1090 2734 1197 2800 γὰρ
1263 2733 1609 2801 ἁσυγκρίτως
1660 2732 1800 2784 κατὰ

232 2826 449 2879 πάντων
501 2828 593 2880 καὶ
636 2827 709 2896 μὴ
745 2827 1166 2895 ἁμαρτανόντων
1217 2824 1286 2876 τὰ
1330 2826 1660 2894 νικητήρια,
1708 2825 1799 2894 δη·

236 2919 494 2987 μιουργδς
524 2896 642 2982 ἐὸν,
684 2919 776 2970 καὶ
822 2918 1226 2986 ἁκατὰληπτος,
1256 2916 1351 2968 καὶ
1401 2916 1672 2979 ἄκτιστος,
1708 2918 1801 2970 καὶ

231 3008 467 3077 φυτικὴν
513 3010 648 3077 ἒχων
681 3008 780 3078 τὴν
823 3007 1002 3071 δόξαν,
1041 3006 1133 3059 καὶ
1178 3007 1276 3058 οὐκ
1305 3004 1627 3075 ἐπίκτητον·
1677 3008 1801 3060 ἀλλ’

230 3100 311 3151 ὃτι
346 3101 506 3169 ἡμῶν
537 3100 977 3169 ἁμαρτανόντων,
1005 3099 1103 3151 οὐκ
1132 3098 1315 3160 ἄδικός
1346 3100 1491 3150 ἐστιν
1527 3100 1801 3170 ἐπιφέρων

230 3190 328 3258 τὴν
361 3191 529 3260 ὀργήν
551 3208 563 3223 ·
598 3191 689 3243 καὶ
724 3191 1044 3259 μετανοοῦσι
1074 3189 1393 3258 συγχωρῶν,
1429 3189 1655 3260 νικητὴς
1700 3191 1800 3259 τῆς

232 3282 509 3350 ἡμετέρας
556 3284 751 3344 κακίας
797 3280 1205 3334 ἀναδείκνυται·
1244 3281 1342 3333 οὐκ
1389 3282 1481 3332 ἐπὶ
1533 3280 1707 3349 τούτῳ
1746 3281 1803 3332 δὲ

234 3372 394 3441 ἡμεῖς
428 3372 831 3441 ἁμαρτάνομεν,
856 3372 968 3424 ἀλλ’
994 3373 1073 3425 ὅτι
1096 3372 1265 3433 οὕτως
1285 3372 1568 3425 ἀποϐαίνει
1590 3373 1648 3425 τὸ
1669 3374 1807 3442 πρᾶ-

233 3480 370 3530 γμα.
399 3464 628 3532 Ὠσπερ,
660 3463 755 3514 ἐὰν
786 3462 1016 3531 κάθηταί
1041 3480 1121 3524 τις
1151 3463 1535 3532 ἐργαζόμενος,
1569 3462 1720 3531 φίλος
1748 3462 1803 3514 δέ

234 3572 317 3615 τις
347 3555 567 3622 ἐπιστῇ,
591 3555 753 3621 φησὶν
781 3554 862 3605 ὅτι
884 3553 995 3605 ’Ἰνα
1022 3553 1155 3621 μηδὲ
1191 3555 1429 3623 σήμερον
1463 3555 1803 3622 ἐργάσωμαι,

236 3646 567 3715 παρεγένετο
616 3648 644 3697 ὁ
688 3644 931 3713 φίλος.’0
968 3644 1066 3712 μὲν
1114 3640 1205 3697 οὖν
1254 3645 1403 3712 φίλος
1454 3645 1549 3713 οὐχ
1597 3645 1682 3697 ἵνα
1731 3644 1805 3713 μὴ

239 3736 547 3805 ἐργάσηται
588 3733 939 3803 παρεγένετο,
968 3732 1108 3785 οὔτω
1136 3734 1189 3786 δὲ
1226 3735 1403 3803 ἀπέϐη
1424 3751 1438 3763 '
1470 3733 1802 3803 ἀσχολούμε-

232 3842 323 3888 νος
370 3827 479 3895 γὰρ
512 3826 637 3895 περὶ
667 3827 765 3894 τὴν
798 3824 888 3876 τοῦ
924 3824 1076 3891 φίλου
1109 3824 1398 3894 ἀποδοχὴν,
1432 3825 1531 3877 οὐκ
1577 3824 1807 3894 ἐργάζε-

234 3934 345 3969 ται.
381 3917 608 3983 Λέγεται
656 3917 748 3967 καὶ
797 3914 967 3967 ταῦτα
1012 3915 1295 3978 ὲκϐατικὰ,
1329 3916 1408 3967 ὅτι
1451 3915 1625 3977 οὕτως
1669 3916 1805 3967 ἁπο-

233 4007 480 4060 6αίνουσι
509 4008 575 4061 τὰ
604 4009 921 4078 πράγματα,
951 4008 1023 4059 Οὐ
1059 4006 1198 4059 οέλει
1227 4008 1281 4059 δὲ
1310 4009 1337 4059 ὀ
1368 4007 1499 4069 Θεὸς
1532 4007 1692 4073 μόνος
1726 4004 1802 4058 εῖ-

233 4115 320 4150 ναι
354 4099 581 4162 δίκαιος,
612 4099 747 4150 ἀλλὰ
780 4098 983 4161 πάντας
1016 4097 1332 4165 ὁμοιοῦσθαι
1368 4098 1513 4166 αὐτῷ
1550 4098 1689 4150 κατὰ
1714 4098 1814 4149 8ύὶ

235 4206 421 4259 ναμιν.

741 4456 990 4508 unum.
1034 4458 1095 4508 K'
1136 4455 1296 4527 [an].

695 4548 821 4599 ’Ὅτι
867 4550 937 4600 οὺ
988 4547 1097 4599 δύο
1147 4549 1347 4616 ἀρχαί.

306 4640 433 4693 ὐτι
474 4640 537 4692 οὐ
584 4638 676 4692 δύο
724 4639 908 4708 ἁρχαὶ,
945 4639 1041 4707 μία
1074 4639 1272 4708 ἀγαθὴ,
1306 4640 1401 4693 καὶ
1439 4641 1538 4709 μία
1572 4646 1797 4713 πονηρὰ,

234 4732 487 4785 ἐντεῦθεν
518 4729 1057 4800 εἰσόμεθα.Ἐναντία
1085 4728 1193 4799 γὰρ
1227 4728 1479 4799 ἀλλήλοις
1511 4732 1571 4783 τὸ
1604 4733 1803 4799 ὰγαθὸν

233 4820 333 4871 καὶ
362 4818 423 4870 τὸ
452 4817 703 4888 πονηρὸν,
741 4816 833 4869 καὶ
879 4815 1123 4885 ἀλλήλων
1169 4817 1463 4888 φθαρτικὰ,
1498 4821 1591 4872 καὶ
1622 4822 1677 4872 ἐν
1711 4822 1804 4875 ἁλ-

232 4905 497 4976 ).ή).οις,ἥ
553 4906 649 4957 σὺν
692 4904 937 4973 ἀλλήλοις
987 4905 1085 4972 οὐχ
1133 4903 1509 4973 ὑφιστάμενα·
1558 4907 1613 4956 ἐν
1650 4905 1806 4975 μέρει

233 4998 418 5050 τοίνυν
455 4997 657 5048 τούτων
688 4994 914 5047 ’ἑκαστον
945 4994 1095 5045 ἔσται
1126 4993 1219 5046 τοῦ
1254 4995 1475 5058 παντός.
1511 4994 1619 5048 Καὶ
1652 4995 1803 5065 πρῶ-

234 5107 329 5142 τον
382 5088 479 5155 μὲν
523 5087 1045 5157 περιγραφήσονται,
1079 5087 1175 5154 οὐχ
1209 5086 1311 5137 ὑπὸ
1350 5085 1445 5139 τοῦ
1473 5088 1673 5150 παντὸς
1708 5086 1803 5155 μό-

234 5201 351 5244 νον,
382 5182 515 5236 ἁλλὰ
560 5181 653 5234 καὶ
693 5180 796 5232 ὑπὸ
829 5180 1026 5248 μέρους
1057 5178 1150 5232 τοῦ
1185 5179 1381 5242 παντὸς
1423 5179 1631 5234 τούτων
1673 5180 1804 5232 ἕκα-

236 5291 387 5325 τῗῖΊἺ.

363 5491 464 5545 Ιδσι.
527 5506 649 5545 ην.
681 5490 733 5542 7.
806 5490 828 5522 ⁸
851 5488 1018 5545 Amos
1040 5506 1119 5557 ιιι,
1149 5491 1200 5545 6.

234 5574 407 5617 causa
441 5561 530 5614 sit.
607 5561 649 5591 ¹⁶
681 5558 844 5614 Basil.
880 5561 985 5614 loc.
1017 5562 1110 5615 cit.
1216 5561 1258 5594 “
1287 5560 1431 5616 Psal.
1474 5578 1521 5622 ι..
1554 5562 1608 5615 6.

1210 440 1306 498 DE
1344 439 1521 499 FIDE
1555 438 2018 499 ORTHODOXA
2050 442 2198 503 LIB.
2244 444 2334 503 Ιῑ.

294 553 404 622 τὴν
450 544 540 602 οὖν
591 546 984 618 παραχώρητιν
1034 544 1218 608 αὑτοῦ,
1249 546 1333 607 ὡς
1382 545 1669 615 ἐνέργειαν
1697 545 1791 597 καὶ
1822 550 1865 604 Α

3324 442 3458 504 1191

1968 547 2265 615 Scriptura?
2323 560 2454 616 ergo
2494 550 2836 605 consuetudo
2886 560 2988 613 est,
3023 557 3081 603 ut
3110 548 3196 603 [rei
3230 555 3427 619 pennis

1896 640 2100 689 sionem
2136 645 2314 700 vocet,
2369 651 2432 690 ac
2465 637 2510 691 si
2537 637 2657 707 ejus
2709 641 2851 693 actio
2876 649 2932 695 et
2955 655 3091 708 opus
3120 650 3289 696 esset.
3318 641 3457 708 Quin

1894 726 2055 780 etiam
2087 743 2209 781 cum
2241 744 2267 781 a
2304 730 2409 784 Deo
2447 731 2593 784 mala
2634 734 2803 785 creari
2836 733 2965 796 ait",
3001 750 3090 787 nec
3121 750 3233 787 esse
3262 735 3463 787 malum

1896 818 1949 864 in
1991 817 2198 871 civitate
2226 820 2362 887 quod
2394 839 2495 874 non
2528 822 2710 889 fecerit
2763 822 3019 876 Dominus
3040 826 3080 889 “,
3112 825 3199 879 his
3234 827 3416 881 verbis
3441 828 3462 855 ‘

1900 905 2064 959 Deum
2111 912 2375 964 malorum
2409 921 2685 967 auctorem
2742 930 2867 969 esse
2927 917 3152 970 minime
3181 918 3414 972 ostendit
3446 936 3459 968 :

1897 998 1993 1053 sed
2023 1002 2152 1068 quia
2186 1004 2314 1055 mali
2347 1003 2672 1057 vocabulum
2722 1020 2922 1075 anceps
2946 1016 3046 1070 est,
3077 1007 3464 1078 duplicemque

1898 1087 2353 1156 signiﬁcationem
2381 1091 2560 1146 habet.
2597 1090 2874 1147 Interdum
2901 1096 3046 1150 enim
3071 1097 3121 1149 id
3144 1096 3293 1166 quod
3337 1114 3462 1153 sua-

1900 1186 1987 1247 pte
2017 1190 2211 1235 natura
2263 1182 2462 1235 malum
2518 1193 2602 1237 est
2632 1184 2852 1250 indicat,
2891 1188 3033 1253 quod
3085 1189 3304 1257 quidem
3334 1206 3461 1244 cum

1902 1268 2103 1324 virtute
2134 1284 2197 1323 ae
2224 1270 2315 1325 Dei
2378 1272 2660 1327 voluntate
2718 1282 2924 1343 pugnat
2957 1291 2970 1326 :
3011 1277 3283 1332 interdum
3315 1281 3464 1349 quod

1901 1362 2085 1415 sensui
2141 1370 2333 1417 nostro
2363 1363 2567 1416 malum
2594 1378 2657 1419 ac
2685 1367 2973 1421 molestum
3010 1376 3115 1430 est,
3146 1371 3293 1424 velut
3325 1372 3463 1426 allii-

1902 1450 2111 1507 ctiones
2143 1462 2197 1505 et
2252 1452 2512 1507 immissa:
2565 1454 2945 1523 calamitates;
2979 1466 3033 1511 at
3060 1474 3251 1514 revera
3286 1463 3462 1517 bona).

1902 1541 1975 1594 lis
2012 1543 2159 1596 enim
2184 1542 2277 1610 qui
2305 1544 2523 1613 sagacis
2556 1543 2725 1598 animi
2758 1554 2905 1611 sunt,
2941 1549 3004 1601 ad
3044 1553 3466 1607 conversionem

1901 1637 1956 1680 et
2012 1629 2244 1684 salutem
2277 1630 2585 1685 conferunt.
2619 1632 2799 1702 Atque
2836 1634 3033 1687 harum
3059 1638 3277 1693 demum
3314 1641 3468 1694 Scri-

1903 1727 2061 1791 ptura
2087 1719 2254 1776 Deum
2290 1732 2570 1778 auctorem
2606 1740 2730 1780 esse
2773 1737 3185 1783 commemorat.

1974 1809 2269 1866 Sciendum
2311 1823 2495 1869 autem
2544 1824 2652 1879 est,
2698 1817 2888 1871 harum
2950 1820 3116 1873 etiam
3156 1835 3375 1875 causam
3410 1825 3465 1877 in

1824 1901 1866 1954 Β
1896 1902 2053 1957 nobis
2095 1918 2238 1958 esse.
2275 1904 2489 1959 Etenim
2550 1922 2614 1960 ex
2652 1909 2978 1964 voluntariis
3011 1912 3170 1966 malis
3210 1914 3467 1968 oriuntur

1896 1995 2301 2061 involuntaria,

1967 2084 2096 2150 Qua:
2144 2096 2267 2141 sunt
2312 2097 2545 2155 eventus,
2596 2092 2887 2146 causaliter
2935 2094 3297 2149 dicuntur.—
3326 2097 3468 2151 illud

1898 2173 2027 2227 item
2062 2174 2455 2230 advertendum
2473 2187 2556 2231 est
2581 2178 2685 2233 hoc
2705 2178 3003 2249 Scriptura:
3018 2184 3181 2254 290
3199 2186 3471 2240 familiare

1898 2279 2037 2326 esse,
2093 2276 2147 2320 ul
2207 2267 2494 2329 nonnulla,
2550 2284 2672 2347 qua:
2698 2285 2762 2324 ex
2790 2282 2985 2327 eventu
3032 2275 3140 2327 dici
3174 2276 3466 2342 debebant,

1900 2356 1971 2409 ita
2008 2359 2304 2426 exprimat,
2369 2367 2629 2427 tanquam
2665 2376 2888 2415 causam
2938 2364 3331 2434 significent”.
3363 2368 3471 2421 Cu-

1895 2450 1982 2517 jus
2040 2452 2258 2519 generis
2314 2450 2445 2503 illud
2491 2457 2575 2505 est
2611 2466 2625 2502 :
2663 2450 2781 2503 Tibi
2815 2452 2915 2504 soli
2944 2457 3150 2522 peccavi
3176 2465 3225 2507 et
3271 2458 3470 2508 malum

1900 2557 2078 2593 coram
2118 2550 2164 2594 te
2190 2540 2289 2609 feci
2321 2557 2338 2593 :
2369 2550 2425 2593 ut
2449 2542 2763 2608 justiﬁceris
2794 2544 2849 2595 in
2887 2547 3215 2598 sermonibus
3265 2549 3388 2609 tuis,
3420 2561 3472 2604 ει

1901 2636 2074 2687 vincas
2110 2650 2225 2686 cum
2268 2633 2535 2700 jndicaris
2561 2634 2624 2687 “.
2657 2633 2777 2687 Non
2815 2636 2959 2688 enim
2994 2638 3089 2705 qui
3116 2642 3379 2706 peccavit,
3406 2659 3472 2696 eo

1902 2728 2257 2797 peccavithut
2311 2725 2453 2781 Deus
2506 2727 2791 2781 victoriam
2839 2729 3110 2785 obtineret
3141 2750 3154 2785 :
3190 2750 3288 2787 nec
3344 2751 3471 2789 vero

1905 2820 2046 2875 Deus
2086 2828 2311 2888 peccato
2338 2830 2527 2873 nostro
2559 2833 2695 2887 opus
2729 2818 2979 2883 habebat,
3000 2830 3060 2874 ut
3081 2839 3144 2878 ex
3175 2825 3269 2877 illo
3294 2829 3471 2879 vietor

1903 2918 2208 2979 appareret.
2248 2909 2391 2963 Deus
2422 2908 2567 2962 enim
2610 2908 2747 2961 citra
2777 2912 3247 2978 comparationem
3280 2917 3470 2981 ullam,

1902 3018 2092 3056 omnes
2122 3015 2371 3069 prorsus,
2408 3006 2573 3068 atque
2602 2998 2726 3052 illos
2757 3000 2921 3053 etiam
2956 3002 3051 3070 qui
3079 3017 3186 3056 non
3220 3016 3469 3073 peccant,

1902 3096 2072 3147 vincit
2108 3108 2171 3146 ac
2195 3101 2433 3161 superat,
2452 3098 2512 3143 ut
2540 3091 2631 3159 qui
2664 3107 2842 3146 rerum
2868 3093 3118 3148 conditor
3142 3095 3231 3161 sit,
3266 3096 3471 3150 incom-

1906 3184 2375 3253 prehensibilis,ct
2399 3182 2697 3245 increatus,
2719 3184 3129 3255 naturalemque
3149 3202 3211 3240 ac
3240 3204 3345 3241 non
3379 3191 3475 3244 ud-

1909 3278 2185 3331 \‘Clllllialn
2218 3276 2448 3351 gloriam
2489 3275 2724 3342 habeat;
2777 3276 2870 3331 sed
2904 3280 3030 3347 quia
3054 3281 3213 3335 nobis
3242 3298 3473 3351 peccan-

1909 3369 2076 3430 tibus,
2108 3366 2239 3419 nihil
2272 3344 2479 3433 injuste
2507 3366 2641 3434 agit,
2677 3382 2803 3421 cum
2841 3344 3010 3423 infert
3042 3371 3209 3436 iram;
3239 3344 3475 3442 cumque

1909 3458 2304 3527 pmnitentibus
2329 3457 2580 3526 ignoscit,
2603 3458 2717 3511 vitii
2746 3459 2920 3513 nostri
2940 3474 3002 3514 ac
3019 3464 3276 3531 nequitiae
3298 3466 3475 3520 victor

1906 3536 2256 3613 ostenditur;
2296 3564 2404 3602 non
2440 3557 2618 3601 tamen
2670 3558 2727 3601 ut
2760 3564 2858 3605 nos
2898 3551 3145 3625 ideirco,
3166 3570 3473 3623 peccemus,

1907 3642 1999 3695 sed
2028 3641 2152 3708 quia
2186 3640 2257 3693 ita
2297 3640 2586 3708 contingit.
2632 3639 2867 3697 Perinde
2896 3657 2959 3698 ac
2993 3646 3036 3697 si
3069 3647 3215 3714 quis,
3244 3648 3373 3701 dum
3407 3653 3473 3702 ad

1907 3746 2045 3800 opus
2100 3731 2274 3795 sedet,
2341 3732 2768 3797 superveniente
2820 3735 2999 3789 amico
3048 3736 3476 3792 dicatzldcirm

1906 3824 2115 3877 amicus
2150 3822 2318 3884 venit,
2353 3830 2411 3874 ut
2438 3822 2595 3886 nihil,
2621 3825 2781 3877 hodie
2837 3826 3019 3894 operis
3058 3825 3275 3881 faciam.
3308 3829 3472 3898 Atqui

1906 3915 2115 3968 amicus
2146 3927 2254 3966 non
2287 3927 2353 3966 eo
2389 3914 2553 3978 venit,
2580 3923 2638 3967 ut
2664 3914 2797 3968 nihil
2831 3917 2921 3969 ille
2951 3918 3136 3985 operis
3169 3917 3351 3982 faciat,
3380 3921 3472 3974 sed

1907 4006 1979 4057 ita
2008 4010 2237 4059 eventus
2268 4002 2414 4056 tulit.
2452 4002 2587 4056 Nam
2621 4006 2750 4059 dum
2785 4008 2838 4059 in
2884 4008 3236 4076 suscipiendo
3262 4011 3475 4079 hospite

1906 4095 2253 4157 distrahitur,
2276 4094 2344 4147 ab
2372 4109 2533 4163 opere
2557 4094 2813 4169 abstinet.
2842 4094 3111 4151 Dicuntur
3140 4110 3319 4153 autem
3360 4102 3473 4154 luce

1905 4190 2185 4249 cventitia,
2235 4186 2493 4255 quoniam
2546 4200 2634 4240 res
2688 4186 2759 4239 ita
2805 4188 3087 4242 eveniunt.
3122 4188 3262 4243 Deus
3310 4207 3472 4257 porro

1906 4295 2011 4334 non
2043 4278 2195 4332 solus
2214 4277 2328 4346 ipse
2348 4276 2530 4344 justus
2555 4292 2677 4331 esse
2707 4280 2842 4343 vult,
2879 4281 2970 4334 sed
3000 4292 3055 4334 et
3083 4297 3274 4335 omnes
3301 4298 3474 4350 quan-

1905 4382 2017 4425 tum
2082 4369 2198 4423 ﬁeri
2265 4378 2466 4439 potest,
2510 4369 2577 4423 ad
2628 4370 2713 4424 sui
2745 4372 3156 4427 similitudinem
3189 4380 3467 4429 ucccdcte.

2534 4461 2688 4515 CAP.
2717 4460 2834 4515 XX.

2327 4552 2447 4605 Non
2477 4570 2588 4606 esse
2618 4554 2720 4605 duo
2748 4555 3026 4621 principia.

1976 4647 2237 4701 Adversus
2288 4643 2633 4707 Manio/uvas,
2669 4661 2771 4697 non
2806 4663 2917 4699 esse
2966 4649 3070 4699 duo
3101 4650 3378 4715 principia.
3406 4682 3422 4688 -

1906 4737 2059 4804 Quod
2123 4752 2226 4789 non
2273 4737 2385 4789 sint
2441 4735 2550 4790 duo
2582 4737 2943 4805 principia",
2976 4741 3207 4792 alterum
3244 4742 3471 4803 bonum,

1907 4838 1962 4884 et
1995 4829 2221 4881 alterum
2249 4827 2477 4887 malum,
2500 4826 2625 4881 hinc
2658 4827 2813 4879 nobis
2846 4836 3193 4896 perspectum
3234 4829 3340 4883 fiet.
3368 4829 3472 4883 Pu-

1907 4928 2077 4991 gnant
2115 4917 2261 4972 enim
2296 4918 2439 4970 inter
2478 4932 2535 4969 se
2569 4915 2774 4969 bonum
2796 4926 2857 4969 et
2888 4918 3111 4980 malum,
3164 4926 3333 4986 seque
3357 4937 3472 4974 mu-

1911 5019 2006 5062 tuo
2032 5008 2323 5062 destruunt
2359 5020 2371 5055 :
2408 5019 2585 5072 neque
2631 5005 2862 5058 alterum
2902 5007 2955 5059 in
2984 5008 3187 5073 altero,
3222 5016 3315 5061 aut
3349 5026 3473 5063 cum

1913 5101 2085 5155 altero
2121 5105 2352 5167 possunt
2407 5095 2694 5149 exsistere.
2728 5095 2948 5171 itaque
2986 5097 3040 5150 in
3078 5113 3176 5152 sua
3219 5102 3474 5169 quodque

1915 5204 2068 5264 parte
2119 5189 2365 5245 universi
2417 5196 2600 5242 erunt.
2631 5187 2705 5240 Ac
2739 5187 2974 5257 primum
3043 5191 3262 5259 quidem
3292 5192 3333 5223 ’³
3366 5209 3471 5245 non

1915 5285 2073 5337 modo
2101 5282 2169 5334 ab
2193 5280 2309 5349 ipsa
2341 5278 2720 5340 universitate,
2747 5279 2840 5333 sed
2874 5280 3019 5334 etab
3045 5283 3286 5337 universi
3321 5296 3475 5353 parte

1914 5386 2204 5441 utrumque
2236 5372 2427 5425 horum
2463 5370 2974 5425 circumscribetur.

1276 5490 1452 5562 [Ilaec
1502 5503 1723 5546 enarrat
1765 5494 2051 5562 Chrysost_.
2086 5484 2345 5556 peculiari
2377 5491 2987 5562 tracta.t_n_,_ct.quorum
3022 5483 3167 5562 Deus
3202 5488 3470 5543 malorum

1688 5565 1729 5594 "
1756 5558 1960 5615 Athan.
2003 5558 2161 5612 Cant.
2202 5566 2400 5626 gentes.

2474 5555 2518 5585 ³⁸
2552 5554 2686 5609 ibid.
2718 5554 2869 5608 Cant.
2904 5571 3080 5609 omnes
3112 5556 3291 5610 htrret.

1505 5671 1738 5727 γΑιιιιΕ
1779 5667 2181 5728 LECTIONES.

379 5763 533 5821 Edita
562 5762 923 5833 δυσέμφατον.

328 5846 387 5890 ιι.

328 5846 387 5890 ιι.

566 5929 847 5993 Ριισιπιιοι..Δ
876 5928 992 5986 Gn.
1035 5928 1207 5985 XCIV

1000 5771 1026 5800 ι
1052 5762 1407 5820 Emendatum
1433 5762 1632 5832 legitur
1658 5761 1711 5815 in
1749 5761 1813 5817 ιι.
1842 5760 1982 5819 2950
2030 5758 2127 5815 τῶν
2154 5756 2423 5811 ἀκουσίων
2453 5758 2522 5812 τὰ
2568 5757 2788 5812 ἑκούσια

2883 5768 2907 5805 3'
2940 5758 3097 5812 llecst
3153 5754 3373 5827 νικητὴς
3414 5763 3468 5812 in

2970 5915 3042 5974 38
