4182 6476
218 400 345 465 1197

1295 406 1391 464 DE
1427 405 1604 464 FIDE
1638 399 2097 464 ORTHODOXA
2136 408 2280 467 LIB.
2325 410 2421 467 IV.

3336 414 3469 478 1193

211 517 427 586 ἀταθδν
457 517 812 585 ἀγαούνεται,
841 517 934 569 καὶ
973 516 1205 569 καθόσον
1244 517 1302 582 ἐξ
1326 518 1491 571 αὑτοῦ
1523 517 1793 587 μακρύνε-

1898 518 2029 572 litiae
2055 519 2344 587 caliginem
2381 521 2709 591 provolutus
2754 529 2858 586 est,
2893 520 3186 577 discedens
3222 504 3412 591 proEul
3438 541 3469 578 a

218 625 300 661 cat
336 609 355 646 ί
385 608 620 681 γνώμῃο
643 609 703 661 οὐ
743 608 852 676 γὰρ
868 608 1024 676 ςιόπῳ
1049 623 1062 636 ·
1097 608 1157 658 ἐν
1196 607 1275 676 τῷ
1310 608 1466 677 κακῷ
1497 608 1740 675 γέγονεν.

1904 606 2035 670 Deo,
2070 609 2163 678 qui
2189 610 2342 664 solus
2369 612 2545 665 bonus
2574 620 2680 673 est,
2714 627 2778 665 ac
2810 612 2934 665 vita:
2963 621 3017 665 et
3051 612 3191 665 lueis
3226 627 3464 682 parens:

210 715 274 753 ex
310 700 435 767 ipso
462 701 606 753 eniut
636 699 935 753 bonitatem
969 699 1156 763 trahit,
1196 700 1462 769 quidquid
1490 710 1573 753 est
1618 701 1840 763 bonum,
1879 710 1934 754 et
1971 711 2243 770 quatenus
2284 706 2352 757 ab
2384 705 2501 773 ipso
2529 706 2811 759 voluntate
2869 705 3017 773 (non
3095 705 3242 758 enim
3311 705 3469 771 loco)

210 788 482 854 abscedit,
522 789 574 841 in
608 790 752 841 tnalo
785 789 970 842 literel.

694 880 942 933 κεφΑΑ.
985 879 1087 932 KA'
1129 880 1282 950 ita].

215 972 390 1041 Τίνος
419 972 630 1024 ἕνεκεν
650 971 727 1039 ('5)
756 970 1180 1041 προγινώσκων
1219 976 1251 1023 o'
1284 975 1427 1036 Θεὸς
1446 972 1587 1038 τοὺς
1610 975 1791 1041 ἁμαρ-

277 1039 512 1103 τάνειν,
535 1041 629 1094 καί
646 1041 732 1108 μὴ
754 1040 1063 1108 μετανοεῖν
1082 1044 1441 1108 μέλλοι-τας,
1460 1039 1717 1096 ἕκτισὲν.

294 1132 355 1182 ὐ
387 1129 521 1193 Θεὸς
545 1130 610 1182 δι’
634 1129 945 1199 ἀγαοότητα
968 1131 1034 1183 ὲκ
1066 1131 1155 1182 τοῦ
1193 1130 1267 1201 μὴ
1294 1131 1445 1195 ὄντος
1474 1134 1552 1195 εἰς
1576 1133 1635 1184 τὸ
1659 1128 1797 1187 εἶναι

209 1222 461 1290 παράγει
494 1222 563 1275 τὰ
603 1222 870 1291 γινόμενα
895 1260 909 1285 ,
952 1221 1046 1274 καὶ
1088 1222 1200 1273 τῶν
1237 1224 1511 1292 ἐσομένων
1551 1222 1798 1294 προγνὼ-

211 1330 348 1384 στης
376 1313 550 1368 ἐστίν.
586 1314 648 1366 Ei
674 1315 771 1382 μὲν
811 1309 903 1367 οὖν
936 1313 1012 1383 μὴ
1041 1313 1266 1383 ἔμελλον
1314 1314 1562 1379 ἔσεσθαι,
1591 1316 1700 1368 οὐδ’
1730 1316 1796 1368 ἂν

209 1408 379 1458 κακοὶ
400 1405 630 1475 ἔμελλον
659 1404 901 1469 ἔσεσθαι,
924 1405 1033 1457 οὐδ’
1062 1405 1127 1456 ἂν
1161 1405 1649 1475 προεγινώσκοντο.
1674 1406 1795 1458 Τῶν

210 1496 325 1566 γὰρ
354 1496 528 1549 ὄντων
548 1498 605 1550 αί
625 1495 879 1562 γνώσεις,
914 1494 1007 1548 καὶ
1033 1495 1139 1548 τῶν
1167 1496 1383 1560 πάντως
1414 1498 1710 1567 ἐσομένων,
1744 1498 1799 1549 αἱ

209 1587 579 1655 προ-[νώσεις.
613 1589 837 1658 Πρῶτον
874 1588 981 1657 γὰρ
1017 1588 1077 1639 τὸ
1105 1583 1264 1650 εἶναι,
1299 1589 1393 1640 καὶ
1423 1587 1547 1639 τότε
1591 1588 1651 1640 τὸ
1698 1604 1798 1640 κα-

211 1674 325 1739 λὸν,
365 1678 401 1750 ἦ
430 1682 598 1731 κακὸν
630 1674 789 1732 εἶναι.
833 1680 896 1731 Ei
935 1679 991 1730 δὲ
1034 1677 1329 1746 μέλλοντας
1356 1678 1575 1731 ἔσεσθαι
1593 1678 1682 1731 διὰ
1702 1678 1799 1748 τὴν

210 1768 309 1821 τοῦ
341 1769 482 1822 Θεοῦ
514 1772 848 1841 ἀταθότητα,
875 1772 935 1823 τὸ
962 1770 1169 1831 κακοὺς
1214 1770 1273 1833 ἐξ
1296 1770 1502 1834 οἰκείας
1536 1771 1799 1842 προαιρέ-

2491 881 2643 936 CAP.
2682 881 2819 935 XXI.

1976 970 2085 1023 Cur
2117 971 2255 1025 Deus
2278 989 2366 1026 eos
2402 973 2719 1054 condiderit,
2750 973 2842 1041 qui
2869 974 3139 1053 peccaturi
3164 986 3356 1041 essent,
3376 992 3468 1029 nec

2356 1053 2712 1109 pwnttenttam
2738 1055 2929 1095 acturi.

1968 1130 2143 1185 Malos
2167 1135 2438 1200 prwscitos
2472 1142 2617 1186 creat
2657 1132 2817 1193 Deus,
2865 1149 2926 1185 ne
2959 1151 3059 1186 sua
3091 1134 3300 1190 bonitas
3332 1137 3471 1191 vinci

1897 1224 2137 1278 videatur
2178 1242 2210 1278 a
2260 1226 2423 1278 malo.
2457 1256 2526 1266 --
2559 1224 2705 1280 Deus
2756 1239 2856 1294 pro
2911 1240 3012 1281 sua
3044 1225 3289 1281 bonitate
3307 1229 3370 1291 ‘3,
3406 1245 3470 1281 ea

1898 1331 2022 1385 qua:
2054 1314 2213 1380 ﬁunt,
2244 1332 2309 1369 ex
2345 1316 2519 1370 nihilo
2552 1317 2831 1386 producit,
2859 1317 3230 1386 praesciusque
3268 1328 3352 1373 est
3380 1319 3467 1373 fu-

1898 1413 2169 1460 turorum.
2204 1406 2393 1475 Itaque
2421 1406 2529 1459 nisi
2551 1406 2802 1461 exstitnri
2828 1416 3038 1471 essent,
3072 1423 3140 1462 ne
3170 1409 3316 1471 mali,
3348 1412 3471 1478 qui-

1898 1498 2020 1552 dem
2077 1498 2249 1553 futuri
2309 1508 2517 1561 essent,
2552 1512 2654 1551 nec
2704 1510 3204 1566 prieuoscerentur.
3262 1499 3468 1554 Eorum

1897 1587 2043 1641 enim
2064 1601 2185 1656 quze
2211 1596 2362 1649 sunt,
2386 1588 2733 1657 cognitiones
2760 1596 2891 1642 sunt
2952 1589 3255 1659 eodemque
3279 1593 3469 1655 modo,

1894 1692 2086 1732 eorum
2108 1692 2229 1747 qua:
2249 1678 2478 1733 omnino
2497 1677 2681 1731 futura
2706 1686 2860 1744 sunt,
2890 1680 3278 1748 praenotiones.
3307 1681 3470 1736 Prius

1896 1768 2043 1822 enim
2094 1776 2199 1833 est,
2245 1777 2301 1821 ut
2336 1767 2542 1837 aliquid
2591 1769 2661 1823 sit
2700 1787 2712 1822 :
2745 1783 2808 1822 ac
2866 1778 2982 1823 tum
3047 1778 3105 1823 ut
3139 1771 3338 1825 bonum
3372 1774 3466 1829 sit.

213 1876 358 1922 σεως
383 1862 601 1930 μέλλειν
621 1862 861 1926 ἔσεσθαι,
892 1862 1170 1916 ἐκώλυσεν
1213 1863 1410 1925 αὐτοὺς
1433 1862 1709 1930 γενέσθαι,
1741 1862 1793 1915 τέ

1906 1861 1988 1914 vel
2045 1860 2271 1913 malum.
2305 1860 2460 1924 Quod
2498 1860 2566 1924 si,
2623 1875 2745 1913 cum
2784 1869 3004 1930 propter
3035 1860 3129 1917 Det
3164 1862 3468 1918 bonitatem

213 1954 390 2006 κακὸν
422 1955 576 2008 ἐνίκα
605 1955 671 2007 ἂν
696 1956 795 2027 τὴν
822 1956 915 2008 τοῦ
944 1956 1078 2008 Θεοῦ
1118 1954 1448 2023 ἁγαθότητα.
1497 1955 1648 2007 Ποιεῖ
1679 1972 1787 2007 τοι·

212 2043 426 2114 γαροῦν
447 2046 474 2096 ὁ
500 2044 632 2107 Θεὸς
670 2046 849 2113 ἀγαθὰ
882 2046 1097 2100 ἅπαντα
1125 2046 1160 2099 δι
1187 2049 1363 2098 ποιεῖ·
1394 2047 1623 2109 ἕκαστος
1651 2047 1708 2099 δὲ
1734 2048 1792 2113 ἐξ

212 2132 426 2195 οἰκείας
462 2135 835 2204 προαιρέσεως
866 2134 1026 2198 καλός
1049 2153 1108 2188 τε
1133 2136 1227 2187 καὶ
1261 2135 1429 2197 κακὸς
1458 2136 1689 2202 γίνεται.
1728 2137 1791 2188 Εἰ

212 2222 312 2275 καὶ
336 2224 519 2277 τοίνυν
544 2224 648 2294 ἔφη
673 2226 700 2277 ὁ
732 2225 933 2294 Κύριος
968 2227 994 2266 ⁸
1020 2242 1033 2254 ·
1062 2226 1359 2293 Συνέφερε
1397 2226 1476 2290 τῷ
1505 2226 1791 2295 ἀνθρώπῳ

213 2316 448 2381 ἐκείνῳ,
508 2319 560 2369 sl
604 2319 715 2372 οὐκ
761 2316 1086 2386 ἐγεννήθη,
1118 2319 1180 2371 οὐ
1229 2321 1329 2388 τὴν
1366 2318 1573 2371 οἰκείαν
1612 2320 1791 2373 κτίσιν

211 2407 487 2472 κακίζων,
514 2409 723 2479 ἔλεγεν,
752 2409 889 2464 ἀλλὰ
940 2412 1032 2482 τὴν
1072 2411 1132 2475 ἐξ
1168 2412 1373 2474 οἰκείας
1423 2412 1793 2482 προαιρέσεως

217 2499 312 2551 καὶ
339 2498 617 2569 ῥᾳθυμίας
649 2503 1045 2572 ἐπιγενομένην
1077 2503 1154 2571 τῷ
1196 2502 1463 2572 κτίσματι
1497 2502 1664 2557 αὐτοῦ
1695 2521 1793 2556 κα-

215 2590 363 2643 κίαν.
403 2591 470 2644 Ἥ
494 2591 602 2663 γὰρ
621 2593 720 2661 τῆς
748 2594 952 2655 οἰκείας
986 2595 1209 2665 γνώμης
1237 2594 1484 2666 ῥᾳθυμία
1524 2596 1795 2665 ἄχρηστον

220 2680 374 2751 αὐτῷ
432 2682 531 2752 τὴν
588 2683 684 2735 τοῦ
720 2684 1065 2755 Δημιουργοῦ
1134 2687 1457 2755 εὐεργεσίαν
1505 2686 1790 2755 ἐποίησεν·

216 2774 410 2845 ὥσπερ
443 2776 508 2828 ἂν
542 2776 596 2828 εί
642 2793 725 2838 τις
752 2776 976 2830 πλοῦτον
1007 2778 1103 2829 καὶ
1131 2777 1308 2848 ἀρχὴν
1338 2776 1488 2846 παρὰ
1528 2775 1795 2845 βασιλέως

218 2868 604 2938 ἐγχειρισθεὶς,
656 2870 980 2940 τυραννήσει
1027 2870 1119 2921 τὸν
1168 2870 1487 2938 εὐεργέτην,
1533 2869 1592 2920 ὃν
1629 2867 1793 2931 ἀξίως

218 2959 628 3028 χειρωσάμενος
662 2961 1056 3032 τιμωρήσεται,
1096 2962 1144 3013 εί
1180 2961 1338 3030 μέχρι
1372 2960 1555 3022 τέλους
1592 2962 1658 3029 τῇ
1698 2976 1792 3010 τυ-

219 3050 428 3120 ραννίδι
466 3050 673 3105 κατίδοι
702 3053 887 3105 τοῦτον
915 3051 1337 3120 ἐναπομὲνοντα.

218 3160 380 3214 quem
439 3160 553 3209 rex,
587 3145 639 3196 in
681 3152 1003 3211 potestatem
1054 3143 1362 3203 redactum,
1390 3141 1591 3196 merito
1618 3154 1781 3207 pmna
1821 3144 2017 3199 alliciet

218 3236 509 3304 proposito
539 3235 739 3289 abduci
767 3249 876 3288 non
911 3250 1071 3304 posse
1096 3234 1459 3304 conspexerit.

714 3326 965 3379 ΚΕΦΔΛ.
1003 3324 1108 3377 KB'
1137 3323 1299 3395 [ue].

385 3417 526 3485 Περὶ
546 3417 737 3484 νόμου
774 3416 923 3469 Θεοῦ
961 3416 1056 3468 καί
1097 3416 1286 3484 νόμου
1317 3416 1626 3482 ἁμαρτίας.

302 3509 532 3576 ’Λγαοδν
558 3509 620 3561 τὸ
653 3510 824 3570 Θεῖον,
864 3508 959 3559 καὶ
983 3508 1350 3575 ὑπεράγαθον,
1396 3509 1489 3559 καὶ
1514 3508 1576 3558 τὸ
1605 3507 1795 3560 τούτου

219 3599 470 3669 θέλημα’
509 3599 667 3651 τοῦτο
717 3598 825 3668 γὰρ
854 3597 1078 3665 ἀγαθὸν,
1113 3598 1250 3667 ὅπερ
1284 3599 1312 3650 ὁ
1342 3598 1473 3658 Θεὸς
1524 3596 1792 3665 βούλεται.

224 3688 407 3757 Νόμος
437 3688 492 3741 δέ
522 3689 671 3741 ἐστιν
715 3690 747 3757 ἡ
803 3689 961 3740 τοῦτο
994 3687 1322 3740 διδάσκουσα
1357 3686 1567 3755 ἐντολὴ.
1621 3687 1707 3739 ἵνα
1738 3688 1796 3741 ἐν

225 3780 371 3849 αὐτῷ
406 3781 679 3850 μένοντες,
717 3782 775 3832 ἐν
808 3779 948 3849 φωτὶ
979 3773 1131 3848 ὦμεν
1152 3794 1165 3806 ·
1201 3773 1268 3849 ἦς
1294 3778 1513 3847 ἐντολῆς
1545 3780 1576 3847 ἡ
1614 3781 1796 3847 παρά-

222 3872 382 3936 ϐασις
415 3872 659 3943 ἁμαρτία
685 3873 851 3925 ἐστίν.
890 3870 1039 3939 Αὕτη
1085 3871 1141 3923 δὲ
1169 3870 1258 3923 διὰ
1284 3869 1382 3940 τῆς
1418 3870 1511 3921 τοῦ
1544 3869 1790 3923 διαϐόλου

290 4026 333 4056 ¹⁸
362 4027 613 4083 Datntasc.
643 4027 861 4101 Dialoy.
886 4038 1070 4081 contra
1126 4026 1361 4080 Manich.

1901 1950 2161 2005 exstituri
2221 1957 2429 2013 essent,
2494 1950 2698 2004 ideirco
2736 1965 2926 2004 eorum
2981 1962 3136 2007 ortus
3171 1954 3467 2023 impeditus

1900 2040 2116 2103 fuisset,
2152 2041 2296 2110 quod
2355 2043 2575 2110 propria
2605 2041 2890 2095 voluntate
2925 2042 3051 2095 mali
3088 2042 3256 2097 futuri
3287 2059 3467 2107 erant,

1903 2133 2106 2186 malum
2135 2140 2283 2187 certe
2312 2131 2476 2201 292
2524 2132 2619 2186 Dei
2650 2132 2953 2186 bonitatem
3012 2143 3277 2188 vmceret.
3323 2136 3461 2201 Quo-

1899 2228 2045 2280 circa
2078 2223 2219 2280 Deus
2243 2225 2426 2279 omnia
2454 2238 2576 2293 quae
2607 2223 2759 2290 facit,
2795 2223 2935 2278 bona
2964 2224 3096 2279 facit
3128 2245 3140 2279 :
3168 2234 3223 2278 at
3247 2230 3464 2296 propria

1899 2316 2170 2384 cujusque
2197 2320 2484 2370 voluntate
2512 2314 2733 2377 accidit,
2761 2324 2820 2367 ut
2851 2315 3030 2369 bonus
3062 2317 3147 2369 vel
3169 2317 3348 2372 malus
3371 2320 3474 2373 sit.

1902 2407 2047 2476 Ergo
2108 2421 2232 2460 cum
2264 2405 2472 2460 diceret
2502 2404 2767 2459 Dominus
2804 2421 2818 2457 :
2858 2405 3051 2460 Melius
3093 2416 3215 2461 erat
3269 2408 3483 2463 homini

1904 2498 2004 2563 illi,
2036 2500 2082 2551 si
2113 2508 2270 2552 natus
2296 2514 2399 2551 non
2440 2497 2712 2566 fuisset",
2747 2512 3091 2566 nequaquam
3138 2514 3279 2568 opus
3306 2516 3468 2555 suum

1901 2590 2268 2659 improbabat,
2298 2590 2392 2644 sed
2421 2588 2687 2641 malitiam
2711 2588 3059 2658 illatn,quaut
3078 2604 3165 2646 res
3190 2605 3219 2645 ιι
3243 2607 3302 2647 se
3333 2608 3464 2647 eon-

1897 2684 2008 2735 dita
2055 2698 2121 2735 ex
2168 2680 2388 2750 propria
2422 2680 2699 2734 voluntate
2726 2690 2780 2734 et
2804 2679 3057 2734 socordia
3097 2692 3464 2737 contraxerat.

1896 2774 2031 2827 Nam
2065 2788 2161 2843 per
2191 2771 2495 2826 Voluntatis
2548 2771 2819 2841 ignaviam
2857 2770 3053 2827 inutile
3083 2773 3187 2830 sibi
3212 2775 3466 2829 condito-

1898 2867 1975 2920 ris
2011 2863 2335 2919 bcnelicium
2365 2862 2702 2917 reddiderat.
2753 2860 2907 2917 Haud
2943 2877 3103 2918 secus
3142 2880 3206 2919 ac
3236 2867 3283 2920 si
3320 2868 3464 2935 quis,

1898 2972 2021 3011 eum
2054 2971 2190 3026 opes
2218 2962 2273 3011 et
2338 2955 2630 3023 imperium
2666 2969 2695 3006 a
2718 2969 2847 3023 rege
2876 2956 3172 3024 acceperit,
3214 2973 3338 3013 cum
3369 2960 3463 3027 qui

1899 3052 1966 3106 de
1983 3063 2041 3103 se
2064 3057 2173 3102 tam
2198 3049 2333 3103 bene
2360 3048 2587 3100 meritus
2605 3048 2699 3110 sit,
2726 3046 2943 3115 tyranni
2976 3062 3129 3101 more
3151 3050 3423 3117 Opprimat
3447 3067 3459 3101 :

2125 3139 2398 3207 siquidem
2464 3138 2617 3190 illum
2689 3152 2718 3189 ιι
2771 3139 3079 3207 tyrannidis
3135 3141 3463 3210 occupanda:

2517 3317 2670 3371 CAP.
2699 3316 2841 3371 XXII

2276 3409 2353 3463 De
2369 3410 2476 3478 lege
2507 3407 2604 3462 Dei
2624 3417 2673 3461 et
2707 3409 2817 3478 lege
2850 3417 3072 3476 peccati.

1964 3500 2166 3555 Bonum
2199 3512 2275 3555 est
2307 3499 2559 3571 quidquid
2594 3500 2734 3554 Deus
2767 3500 3158 3555 vult—Bonus
3181 3510 3265 3557 est
3295 3502 3458 3568 Dens,

1892 3602 1946 3648 et
1968 3594 2115 3646 omni
2144 3593 2394 3646 bonitate
2420 3592 2731 3658 sublimior;
2755 3592 3007 3661 bonaque
3028 3593 3156 3646 item
3179 3602 3264 3647 est
3289 3594 3459 3662 ipsius

1893 3687 2166 3740 voluntas.
2226 3684 2282 3737 ω
2331 3684 2554 3738 demum
2611 3685 2757 3738 enim
2793 3695 2878 3739 est
2910 3686 3135 3749 bonum,
3167 3686 3315 3755 quod
3346 3690 3456 3740 vult

1892 3776 2055 3832 Dens.
2106 3777 2213 3831 Lex
2265 3784 2445 3830 autem
2500 3777 2631 3831 illud
2683 3788 3013 3847 praeceptum
3079 3787 3183 3840 est,
3218 3796 3328 3849 quo
3360 3780 3463 3835 ltoc

1888 3867 2214 3933 cdocemur;
2254 3880 2312 3922 ttt
2364 3867 2420 3923 in
2473 3868 2592 3938 ipso
2640 3878 2943 3936 manentes,
2998 3870 3050 3925 in
3112 3872 3232 3926 luce
3282 3887 3461 3927 verse-

1443 4026 1484 4055 ”
1517 4025 1685 4081 Marc.
1731 4044 1840 4091 xlv,
1877 4028 1967 4079 2|.

1512 4181 1737 4235 VARle
1779 4181 2175 4236 LECTlONES.

300 4276 319 4315 ¹
346 4276 389 4329 R
454 4277 473 4328 1
509 4274 788 4346 μακρυνθῇ
825 4292 928 4337 τις.
1009 4285 1034 4322 s
1064 4274 1191 4343 Reg.
1244 4274 1263 4325 1
1305 4274 1394 4325 διὰ
1426 4275 1517 4325 τὸν
1564 4273 1782 4329 Ἰούδαν.

1723 4390 1954 4449 NOTAE.

293 4488 368 4556 (3)
416 4489 581 4551 Τίνος
608 4486 832 4556 ἕνεκεν.
881 4484 990 4538 Cur
1029 4483 1164 4537 Deus
1209 4500 1296 4556 eos
1328 4482 1643 4556 condiderit,
1674 4492 1779 4538 etc.

228 4552 405 4610 Altera
444 4559 556 4609 haec
579 4564 661 4609 est
681 4555 1098 4608 Manichaeorum
1122 4562 1174 4607 et
1199 4552 1584 4607 Gnostieorum
1619 4567 1783 4621 argu-

228 4628 376 4687 tatio,
404 4642 562 4694 quam
595 4625 976 4692 Hieronymus,
1014 4625 1107 4676 lib.
1152 4639 1208 4676 ttt
1254 4621 1407 4694 Cont.
1442 4621 1779 4694 Pelag._tan-

225 4711 387 4762 quam
416 4692 478 4749 ex
506 4695 798 4754 Marciane.
832 4694 937 4746 sibi
971 4702 1221 4762 propontt
1253 4694 1308 4744 in
1350 4693 1493 4743 hunc
1524 4692 1741 4743 modum
1769 4710 1780 4743 :

226 4761 327 4817 Ant
362 4766 510 4816 scivit
544 4764 680 4816 Deus
713 4761 981 4815 hominem
1000 4763 1052 4814 in
1079 4762 1334 4830 paradiso
1364 4761 1613 4831 positum,
1645 4776 1784 4831 pra}:

225 4840 581 4887 varicaturum
611 4849 723 4887 esse
754 4829 1241 4885 mandatumillius
1268 4869 1283 4893 ,
1329 4829 1420 4883 aut
1454 4831 1684 4883 nescivit.
1724 4829 1786 4883 Si

227 4906 395 4965 scivit,
427 4920 527 4956 non
553 4912 629 4956 est
661 4905 714 4955 in
748 4902 902 4968 culpa
932 4903 977 4954 is
1021 4903 1109 4970 qui
1154 4901 1537 4968 prwscientiam
1571 4900 1668 4970 Dei
1706 4900 1787 4970 vi:

227 4984 336 5027 tare
365 4991 465 5026 non
494 4973 701 5036 potuit;
731 4967 841 5025 sed
864 4972 954 5023 ille
982 4967 1070 5040 qui
1110 4967 1268 5040 talem
1301 4967 1586 5031 condidit,’
1605 4978 1661 5020 ut
1694 4967 1787 5021 Dei

226 5058 321 5096 non
358 5054 529 5111 posset
562 5042 839 5095 scientiam
884 5038 1135 5094 deuitare.
1179 5038 1237 5093 Si
1278 5040 1511 5111 nescivit,
1546 5039 1630 5091 cui
1652 5054 1786 5111 prm-

226 5108 493 5165 scientiam
527 5112 694 5175 tollis,
729 5112 906 5179 aufers
941 5123 989 5165 et
1030 5112 1376 5164 divinitatem.
1430 5109 1506 5162 Ita
1541 5108 1785 5177 profecto

227 5180 458 5235 Marcion
518 5181 661 5251 apud
711 5180 1107 5233 Tertullianum
1142 5182 1249 5251 lib.
1296 5196 1331 5232 tt
1379 5186 1528 5231 cont.
1560 5179 1781 5251 ipsum,

226 5264 342 5320 cap.
371 5254 420 5303 5.
455 5247 763 5320 Respondet
784 5251 1169 5320 Hieronymus:
1203 5248 1316 5301 Hoc
1340 5248 1603 5320 generein
1628 5247 1783 5320 culpa

225 5317 339 5384 erit,
368 5321 455 5389 qui
495 5317 648 5389 elegit
676 5318 824 5383 Suul,
864 5317 1100 5385 futurum
1126 5329 1305 5387 postea
1328 5333 1497 5387 regem
1524 5317 1784 5389 impiissi-

224 5386 398 5452 mum,‘
448 5400 496 5443 et
530 5386 806 5451 salvator,
845 5398 934 5442 aut
975 5386 1311 5457 ignorantiw,
1373 5397 1467 5439 aut
1502 5386 1785 5457 injustitiaz

226 5462 476 5513 tenebitur
492 5476 630 5522 reus,
659 5475 775 5511 cum
801 5460 850 5511 in
876 5453 1158 5527 Evangelio
1176 5460 1243 5511 sit
1275 5458 1482 5509 locutus
1501 5474 1519 5510 :
1548 5453 1784 5527 i_Nonne

225 5543 307 5581 vos
357 5534 624 5582 duodecim
665 5546 757 5597 ego
803 5531 932 5596 elegi
984 5524 1268 5592 apostolos,
1299 5538 1357 5597 ει-
1378 5543 1513 5597 unus
1550 5524 1622 5597 de
1640 5526 1783 5597 vobis

222 5598 455 5651 diabolus
493 5613 562 5652 est
586 5603 611 5653 ?
647 5618 664 5649 ι
695 5594 974 5665 interroga
1012 5613 1149 5659 eum,
1206 5613 1299 5649 cur
1322 5594 1521 5646 Iudam
1574 5594 1782 5661 elegerit

225 5669 529 5730 proditorem
555 5685 572 5730 ;
604 5671 688 5720 cui
716 5684 762 5722 et
791 5664 987 5720 loculos
1041 5668 1373 5725 commiserit,
1408 5681 1556 5732 quem
1613 5664 1781 5730 furem

227 5738 452 5802 futurum
485 5756 594 5792 esse
636 5756 737 5792 non
782 5737 1075 5803 ignorabat.
1126 5735 1209 5789 Vis
1248 5735 1431 5788 audire
1484 5733 1783 5787 rationem?

228 5806 359 5861 υιιιιε
395 5812 672 5879 prtesentin
710 5809 938 5876 jttdit‘al,
980 5824 1081 5860 non
1104 5806 1321 5870 futura;
1354 5821 1443 5857 nec
1467 5804 1778 5856 condemnat

1818 4511 1861 4566 Β
1890 4502 1954 4538 ea:
1999 4486 2330 4566 pra'scicntia
2355 4524 2368 4542 .
2402 4501 2556 4566 quem
2613 4487 2812 4566 noverit
2865 4487 3022 4566 talem
3059 4487 3192 4551 fore,
3224 4488 3458 4566 .qui_sibi

1887 4567 2069 4621 postea
2103 4556 2400 4622 displiceret
2431 4556 2556 4625 :sed
2586 4563 2744 4607 tanta:
2772 4556 3017 4608 bonitatis
3042 4568 3114 4607 est
3143 4565 3191 4607 et
3218 4557 3456 4625 inc/fabi-

1888 4625 1954 4677 lis
1977 4626 2286 4684 clementiw,
2336 4636 2391 4676 ut
2443 4624 2597 4691 eligat
2645 4641 2784 4684 cum,
2833 4641 2983 4690 quem
3025 4625 3234 4678 interim
3269 4624 3456 4682 bonum

1888 4696 2070 4755 cernit,
2105 4704 2153 4746 et
2182 4696 2278 4745 scit
2314 4694 2511 4746 malum
2569 4696 2827 4759 futurum,
2876 4697 3008 4746 dam
3059 4695 3108 4747 ei
3154 4706 3487 4761 potestatem.

1888 4764 2232 4816 conversionis
2256 4772 2301 4815 et
2328 4766 2712 4828 pwnitentiw...
2748 4764 2869 4816 Non
2914 4765 3050 4816 enim
3090 4764 3204 4816 ideo
3226 4770 3461 4832 peccavit

1887 4834 2077 4891 Adam,
2112 4834 2232 4900 quia
2270 4832 2407 4885 Deus
2434 4836 2530 4885 hoc
2563 4836 2792 4897 futurum
2824 4842 3056 4891 noverat.
3085 4835 3174 4886 sed
3199 4840 3463 4900 prtescivit

1892 4902 2029 4956 Deus
2060 4905 2211 4972 quasi
2251 4902 2404 4964 Deus,
2440 4905 2579 4971 quod
2634 4903 2720 4955 ille
2761 4913 2873 4954 erat
2926 4904 3141 4970 propria
3196 4906 3461 4961 voluntate

1887 4972 2144 5039 facturus.
2180 4972 2513 5026 Consimiles
2542 4975 2873 5041 quaestiones
2910 4974 3073 5026 simili
3118 4976 3278 5028 modo
3308 4977 3447 5028 Basi-

1888 5042 1994 5095 lius
2020 5042 2202 5103 solvit,
2243 5042 2431 5096 ltomil.
2459 5042 2609 5106 Quod
2647 5041 2783 5094 Deus
2807 5058 2908 5094 nun
2930 5044 2997 5093 sit
3027 5042 3288 5096 malorum
3327 5061 3447 5096 cau-

1886 5128 1968 5171 sa.
1992 5112 2128 5179 Chry
2143 5122 2418 5165 sostomns
2441 5127 2657 5179 quoque
2683 5120 2737 5164 et
2753 5112 2865 5174 alii,
2888 5112 3087 5175 quibus
3108 5128 3239 5180 pene
3262 5114 3446 5179 adjun-

1885 5184 2057 5235 xerint
2093 5180 2311 5250 Moysen
2378 5183 2527 5233 illum
2576 5182 2876 5249 Barcepba,
2917 5181 3075 5247 cujus
3106 5183 3224 5234 libri
3252 5182 3361 5235 duo
3396 5184 3449 5237 'ttt

1888 5249 2256 5319 Hexaemema
2285 5251 2353 5304 ab
2378 5250 2591 5303 Andrca
2617 5250 2785 5304 Masio
2821 5249 3053 5318 primum
3082 5266 3112 5303 c
3143 5252 3370 5319 Syriaco
3393 5252 3451 5303 in

1886 5318 2138 5373 Latinum
2172 5322 2316 5374 versi
2348 5320 2591 5386 editiqne
2618 5328 2766 5381 sunt,
2792 5322 2904 5373 t‘um
2937 5320 3132 5372 deinde
3163 5318 3213 5372 iu
3256 5320 3439 5374 Biblio-

1884 5391 2060 5443 tltecis
2114 5388 2216 5441 PP.
2281 5390 2456 5442 relati.
2508 5389 2607 5443 Ast
2662 5390 2751 5441 hic
2783 5400 2974 5441 auctor
3014 5390 3173 5457 plane
3203 5388 3449 5443 Jacobita

1887 5459 2006 5517 fuit.
2042 5467 2099 5510 ιιι
2122 5459 2399 5529 colligitur
2427 5473 2491 5512 ex
2525 5460 2693 5513 variis
2720 5459 2934 5529 locisin
2965 5460 3163 5526 quibus
3196 5474 3302 5510 non
3331 5460 3450 5511 sine

1886 5531 2044 5582 laude
2079 5531 2443 5597 nequissimos
2475 5528 2620 5597 viros
2649 5532 2801 5588 citat,
2836 5528 3100 5579 Severum
3150 5529 3449 5581 Antioche»

1886 5614 2038 5660 nunt,
2090 5596 2350 5651 Xe’naiam
2396 5613 2490 5650 seu
2527 5596 2886 5651 Pbiloxeuum
2919 5597 3300 5663 Mabugcnsent
3333 5598 3449 5649 sive

1885 5667 2373 5737 Hierapolitanum,
2419 5666 2683 5720 Jacobum
2741 5669 3126 5737 Sarugcnsem,
3197 5670 3251 5718 et
3312 5667 3445 5719 alios

1887 5741 2077 5806 synotlt
2106 5738 2567 5791 Chalcedonensis
2600 5739 2803 5789 hostes.
