4182 6476
231 478 347 540 tibi

1213 479 1307 537 DE
1359 481 1529 538 FIDE
1562 473 2011 534 ΟΙιΤΗΟῡΟΧΑ
2052 476 2192 532 LIB.
2233 476 2300 532 IV

3258 475 3392 539 ΗΜ

229 582 295 653 μὴ
316 582 379 632 δι’
400 582 681 651 ’ὑπομονῆς
706 583 795 634 καὶ
824 585 1146 653 προσευχῆς,
1176 586 1267 646 τὰς
1293 584 1507 645 ἐντολὰς
1528 583 1619 635 τοῦ
1646 582 1750 634 Κυ-
1780 585 1823 636 Δ
1853 585 1880 637 It

1738 612 1750 621 -
1780 585 1823 636 Δ
1853 585 1992 638 idem
2026 590 2108 634 cst
2135 598 2195 632 at:
2226 584 2267 631 si
2292 581 2518 642 diceret,
2549 578 2662 645 ipse
2686 593 2781 632 nos
2807 578 3107 647 docetquid
3127 580 3389 634 orandum

227 671 333 741 ρίου
362 672 809 739 κατεργάσασθαι.

394 919 403 927 ⁸
694 847 939 903 Rem.
974 851 1076 902 Kl"
1107 849 1283 919 [εστι.

378 938 535 992 Κατὰ
569 937 867 991 Ἰουδαίων
906 938 950 1001 i,
983 940 1113 1006 περὶ
1142 941 1243 993 τοῦ
1272 939 1584 994 Σαϐϐάτου.

239 1052 263 1073 ο
286 1026 557 1079 Σάϐϐατον
586 1027 619 1095 ἡ
645 1025 843 1097 ἑϐδόμη
874 1028 1053 1096 ἡμέρα
1084 1028 1370 1096 κέκληται·
1401 1027 1551 1096 δηλοῖ
1574 1028 1630 1080 δὲ
1660 1026 1755 1095 τὴν

221 1115 573 1168 κατάπαυσιν.
648 1114 735 1166 Ἐν
783 1116 919 1184 αὐτῇ
966 1115 1073 1185 γάρ
1129 1115 1503 1169 κατέπαυσεν
1551 1119 1584 1168 ό
1616 1115 1757 1179 Θεὸς

220 1203 333 1257 ἀπὸ
383 1202 621 1255 πάντων
673 1202 789 1256 τῶν
826 1204 1012 1271 ἔργων
1058 1204 1261 1267 αὑτοῦ..
1307 1203 1381 1266 ὥς
1410 1220 1540 1272 φησι
1574 1205 1606 1273 ἡ
1640 1203 1759 1256 θεία

220 1293 402 1359 ι’ραφή
425 1309 438 1322 ·
472 1291 550 1343 διὸ
578 1292 672 1343 καὶ⁹
703 1293 889 1362 μέχρις
919 1294 1056 1344 ἑπτὰ
1095 1296 1122 1344 6
1162 1292 1268 1346 τῶν
1284 1294 1503 1363 ἡμερῶν
1532 1294 1757 1362 ἀριθμὸς

221 1381 526 1448 προϐαίνων
547 1422 563 1446 ,
597 1382 754 1435 πάλιν
791 1384 1200 1445 άνακυκλοῦται,
1240 1384 1329 1435 καὶ
1357 1384 1463 1437 ἀπὸ
1488 1384 1583 1451 τῆς
1609 1383 1758 1453 πρώ-

219 1482 317 1534 της
335 1470 580 1537 ἄρχεται.
609 1464 775 1539 Οὒίτος
797 1472 824 1522 6
849 1471 1075 1539 ἀριθμὸς
1102 1472 1275 1539 τίμιος
1296 1472 1443 1539 παρὰ
1473 1471 1758 1534 Ἰουδαίοις,

219 1557 313 1608 τοῦ
345 1557 479 1610 Θεοῦ
512 1559 909 1628 προστάξαντος
930 1560 1191 1628 τιμᾶσθαι
1214 1560 1391 1623 αὐτὸν,
1426 1561 1521 1628 οὐχ
1542 1560 1615 1622 ὼς
1642 1560 1761 1613 ἔτυ-

222 1662 338 1713 χεν,
371 1647 503 1699 ἀλλά
555 1650 648 1700 καὶ
683 1650 817 1717 μετὰ
870 1649 1179 1719 βαρυτάτων
1212 1650 1302 1701 ἐπὶ
1346 1652 1408 1718 τῇ
1456 1650 1761 1716 παραϐάσει

224 1732 529 1801 ἐπιτιμίων.
563 1735 671 1802 Οὐχ
712 1734 895 1796 ἀπλῶς
940 1736 995 1787 δὲ
1049 1736 1201 1789 τοῦτο
1230 1734 1576 1803 προσέταξεν,
1630 1737 1760 1788 ἀλλὰ

220 1819 309 1872 διά
342 1838 491 1881 τινας
527 1823 801 1890 μυστικῶς
827 1827 934 1885 τοῖς
970 1828 1350 1894 πνευματικοῖς
1380 1843 1435 1877 τε
1471 1827 1560 1879 καὶ
1589 1826 1764 1894 διορα-

222 1915 395 1972 τικοῐς
433 1914 862 1981 κατανοουμένας
892 1914 1088 1976 αἰτίας.

307 2079 397 2139 Ὠς
429 2080 527 2148 ἐμὲ
560 2081 689 2147 γοῦν
727 2082 924 2149 γνῶναὶ
962 2100 1050 2136 τον
1084 2085 1295 2154 ἀμαθῆ·
1339 2087 1402 2137 ἵν’
1436 2088 1499 2139 ἐκ
1525 2086 1633 2139 τῶν
1673 2104 1770 2138 κα-

218 2168 474 2235 τωτέρων
503 2170 595 2220 καὶ
642 2172 956 2240 παχυτέρων
986 2173 1233 2242 ἄρξωμαι
1254 2188 1267 2203 ’
1310 2175 1461 2237 εἰδὼς
1489 2178 1516 2226 6
1547 2176 1675 2237 Θεὸς
1711 2178 1770 2228 τὸ

222 2255 374 2322 παχύ
404 2272 459 2307 τε
506 2257 599 2307 καὶ
653 2258 999 2327 φιλόσαρκον,
1056 2259 1149 2312 καὶ
1178 2260 1311 2330 πρὸς
1344 2262 1441 2331 τὴν
1476 2260 1605 2331 ὓλην
1637 2262 1768 2323 ὅλως

222 2343 535 2413 ἀπορῤεπὲς
585 2346 677 2397 τοῦ
735 2347 1062 2416 Ἰσραηλίτου
1118 2348 1267 2408 λαοῦ,
1325 2348 1440 2416 ἅμα
1476 2348 1531 2401 δὲ
1589 2348 1771 2400 καὶτὸ

222 2434 535 2503 ἀδιάκριτον
560 2454 569 2464 ι
607 2435 817 2505 πρῶτον
838 2436 956 2504 μὲν,
985 2437 1083 2488 ἵνα
1118 2440 1151 2487 ό
1173 2436 1386 2502 δοῦλος
1418 2439 1512 2489 καὶ
1545 2438 1607 2489 τὸ
1630 2442 1772 2491 ὑπο-

222 2520 425 2589 ζύγιον
455 2524 885 2590 ἀναπαύσηται,
918 2526 991 2586 ὡς
1016 2525 1353 2593 γέγραπται·
1399 2528 1586 2597 ἐπειδὴ
1619 2527 1772 2594 ἀνὴρ

224 2608 455 2674 δίκαιος
488 2614 749 2678 οικτειζοει
782 2615 884 2678 τὰς
916 2614 1117 2681 ψυχὰς
1158 2613 1388 2680 κτηνῶν
1432 2616 1634 2680 αὑτοῦ,
1659 2617 1771 2685 ἅμα

225 2701 317 2752 ἵνα
347 2701 403 2753 δὲ
427 2704 518 2753 καὶ
546 2703 734 2771 σχολὴν
756 2704 976 2770 ἄγοντες
997 2707 1059 2757 ὲκ
1080 2705 1170 2757 τοῦ
1195 2707 1321 2775 περὶ
1351 2706 1449 2774 τὴν
1479 2705 1607 2776 ὕλην
1629 2723 1775 2776 περι-

224 2789 505 2857 σπασμοῦ,
544 2792 677 2860 πρδς
726 2794 812 2843 τὸν
860 2794 989 2845 Θεὸν
1024 2796 1387 2861 συνάγωνται,
1439 2797 1496 2847 ὲν
1522 2795 1772 2865 ψαλμοῖς,

226 2880 329 2931 καὶ
364 2880 569 2948 ὕμνοις,
628 2884 717 2934 καὶ
769 2883 930 2951 ᾠδαῖς
985 2886 1398 2952 πνευματικαῖς,
1451 2886 1541 2937 καὶ
1578 2886 1772 2956 μελέτῃ

223 2968 341 3018 τῶν
364 2968 521 3020 θείων
543 2970 577 3019 Γ
584 2971 769 3039 ραφῶν
787 2971 999 3023 ἅπασαν
1013 2972 1109 3041 τὴν
1126 2972 1357 3042 ἑϐδόμην
1378 2974 1774 3042 ἀναλίσκοντες,

226 3060 328 3108 καὶ
357 3060 413 3109 ὲν
439 3058 554 3127 Θεῷ
602 3061 1023 3124 καταπαύοντες.
1053 3064 1179 3115 Ὅτε
1220 3064 1317 3132 μὲν
1343 3065 1450 3133 γὰρ
1480 3064 1553 3133 (5)
1588 3066 1685 3116 οὐκ
1711 3061 1776 3135 ἦν

225 3148 419 3215 νόμος,
446 3148 508 3200 οὐ
530 3148 713 3219 Γραφὴ
748 3150 1120 3216 Θεόπνευστος,
1150 3152 1274 3205 οὗτε
1305 3154 1362 3206 τὸ
1398 3155 1669 3209 Σάϐϐατον
1701 3157 1776 3226 τῷ

1857 660 1945 728 sit.
1974 674 2045 723 Ex
2079 685 2186 736 qtto
2218 669 2290 727 Iit,
2322 675 2377 717 ιιι
2412 665 2499 719 Dei
2529 665 2789 733 praecepta
2825 666 2928 719 nisi
2961 680 3052 733 per
3080 665 3391 734 patientiam

1857 769 1911 814 et
1939 760 2240 814 orationem
2267 756 2473 822 impleri
2506 769 2611 806 non
2641 752 2867 817 possint.

2418 837 2566 891 CAP.
2608 835 2771 889 XXIII

2168 930 2423 982 Aduersus
2453 926 2689 985 Judwos,
2717 926 2779 977 de
2821 922 3050 978 Sabbato

1930 1022 2047 1073 Diei
2072 1021 2273 1088 septimi
2303 1018 2503 1085 religio.
2531 1045 2597 1055 —-
2628 1016 2923 1070 Sabbatum
2983 1013 3097 1065 dies
3136 1014 3393 1080 septimus

1860 1120 2084 1164 vocatus
2110 1118 2211 1173 est,
2259 1118 2311 1161 et
2338 1107 2576 1175 requiem
2627 1105 2913 1173 signiﬁcat.
2977 1103 3118 1157 Deus
3160 1104 3301 1155 enim
3332 1118 3399 1155 eo

1859 1199 1970 1260 die,
2004 1200 2143 1252 sicut
2168 1199 2240 1250 ait
2270 1198 2574 1264 Scriptura,
2596 1196 2840 1261 requievit
2868 1201 2929 1244 ab
2950 1193 3187 1261 aperibus
3210 1195 3315 1246 suis
3332 1193 3397 1257 ",

1864 1296 1921 1340 ut
1948 1271 2208 1341 numerus
2238 1287 2448 1339 dierum
2483 1286 2549 1338 ad
2602 1286 2891 1352 septimum
2930 1299 3100 1350 usque
3149 1296 3400 1351 prognos-

1824 1384 1827 1392 '
1863 1392 1982 1438 sus,
2024 1391 2215 1430 rursus
2249 1378 2305 1427 in
2336 1374 2521 1427 orbem
2562 1374 2766 1436 redeat,
2815 1385 2976 1441 atque
3001 1388 3029 1424 a
3073 1373 3244 1439 primo
3298 1372 3401 1423 ini-

1865 1466 1997 1518 tium
2030 1471 2232 1518 sumat.
2269 1462 2362 1517 llic
2399 1477 2563 1531 porro
2588 1479 2844 1516 numerus
2889 1462 3034 1530 apud
3082 1458 3297 1514 Iudaeos
3349 1461 3401 1513 in

1866 1554 2067 1605 honore
2093 1560 2216 1605 est:
2267 1552 2467 1619 quippe
2525 1566 2684 1619 quem
2721 1549 2862 1603 Deus
2897 1549 3016 1601 coli
3056 1546 3402 1615 praeceperit,

1867 1642 2028 1710 idque
2060 1655 2165 1692 nou
2201 1640 2564 1702 defunctorie,
2596 1640 2688 1693 sed
2721 1637 3063 1706 gravissimis
3097 1636 3261 1689 etiam
3293 1650 3406 1703 pm:-

1865 1732 1951 1784 nis
1984 1731 2203 1783 statutis
2234 1730 2287 1781 iu
2318 1745 2433 1789 eos,
2467 1731 2560 1796 qui
2595 1729 2723 1781 illud
2765 1726 3094 1796 transgressi
3132 1733 3314 1779 essent
3337 1725 3405 1775 "'.

1864 1818 1974 1872 Nec
1999 1833 2126 1871 vero
2159 1826 2363 1872 temere
2398 1817 2449 1870 id
2479 1817 2568 1871 ille
2602 1818 2887 1885 imperavit
2915 1835 2927 1870 :
2958 1817 3050 1871 sed
3087 1816 3250 1892 certis
3289 1814 3406 1881 qui-

1798 1907 1839 1960 B
1868 1908 2091 1962 busdam
2118 1907 2420 1960 rationibus
2448 1905 2734 1968 adductus,
2767 1920 2905 1973 quas
2945 1905 3043 1957 viri
3073 1904 3404 1973 spirituales,

1868 2001 2175 2067 mentisque
2212 1996 2629 2066 perspicacitate
2655 1995 2864 2063 prtediti
2899 1994 3284 2061 intelligunt“.

1892 2096 1899 2109 '
1933 2088 2257 2157 Coujectatio
2295 2086 2549 2148 auctoris,
2574 2100 2668 2137 cur
2695 2093 2949 2151 prwcepta
2975 2081 3176 2136 Judwis
3210 2082 3406 2150 requies

1866 2177 2104 2232 Sabbati.
2142 2207 2208 2219 —
2245 2172 2518 2239 Quantum
2550 2182 2729 2227 autem
2762 2189 2882 2241 ego,
2910 2171 3149 2240 alioquin
3192 2173 3410 2238 imperi-

1864 2276 1976 2332 tus,
2016 2266 2232 2335 assequi
2262 2280 2481 2334 possum
2509 2262 2592 2320 {ut
2623 2264 2691 2316 ab
2714 2262 3067 2316 inferioribus
3094 2277 3158 2315 ac
3180 2263 3409 2314 crassio-

1866 2358 2018 2411 ribus
2052 2356 2351 2424 incipiam),
2384 2370 2505 2409 cum
2538 2354 2700 2408 sciret
2735 2352 2878 2406 Deus
2910 2352 3268 2406 lsraeliticum
3306 2366 3404 2419 po-

1868 2448 2051 2516 pulum
2088 2447 2339 2515 pinguem
2373 2460 2514 2508 esse,
2554 2453 2608 2497 et
2636 2444 2788 2495 carni
2811 2443 3110 2505 addictum,
3140 2443 3300 2510 inque
3324 2457 3411 2495 res

1850 2528 2114 2586 'terrcnas
2146 2532 2391 2596 impense
2420 2545 2675 2599 pronum,
2709 2544 2806 2583 nec
2836 2530 3180 2585 discretionis
3225 2530 3410 2592 ullius.

1872 2622 2009 2673 hanc
2043 2622 2211 2688 legem
2243 2620 2424 2671 sanxit
2464 2635 2477 2670 τ
2511 2618 2772 2686 primum,
2810 2628 2865 2670 ut
2894 2634 3069 2670 servus
3112 2628 3160 2671 et
3198 2620 3411 2686 jumen-

1873 2721 1981 2763 tum
2034 2709 2430 2778 requiescerent,
2476 2709 2619 2762 sicut
2669 2710 2931 2776 scriptum
2977 2710 3145 2762 est”.
3198 2710 3412 2762 Etenim

1865 2798 2044 2866 justus
2092 2796 2373 2849 miseratur
2431 2798 2635 2850 animas
2686 2797 3036 2866 iumentorum
3097 2814 3309 2850 suorum
3331 2798 3410 2850 ³⁰;

1872 2887 2070 2941 deinde
2095 2902 2243 2946 vero,
2272 2894 2329 2938 ut
2354 2887 2457 2954 ipsi
2482 2887 2711 2939 terrenis
2739 2888 3186 2956 occupationibus
3216 2886 3411 2948 feriati,

1875 2978 1940 3030 ad
1970 2976 2140 3043 Deum
2168 2989 2226 3028 se
2256 2975 2572 3043 colligerent
2597 2992 2610 3040 ;
2646 2976 2934 3044 septimum
2971 2992 3161 3043 nempe
3191 2977 3330 3030 diem
3362 2978 3415 3030 in

1876 3065 2100 3135 psalmis
2122 3071 2176 3118 et
2207 3064 2420 3133 hymnis
2459 3072 2512 3116 et
2555 3065 2788 3117 canticis
2840 3065 3229 3132 spiritualibus,
3280 3064 3418 3117 divi»

1878 3170 2177 3222 uarumque
2202 3153 2609 3219 Scripturarum
2640 3154 2873 3207 lectione
2913 3163 3084 3207 totum
3116 3155 3417 3222 expenden-

225 3237 355 3302 Θεῷ
395 3217 709 3307 ἀφιέρωτοξ
737 3241 862 3293 Ὅτε
909 3242 964 3293 δὲ
1008 3244 1413 3311 ἡθεόπνευστος
1461 3246 1646 3317 Γραφὴ
1692 3217 1843 3300 διά(Ζ

1765 3217 1843 3300 rc
1880 3251 1979 3308 tes,
2020 3244 2262 3312 atquein
2318 3242 2425 3296 Deo
2474 3243 2940 3311 conquiescentes.
2992 3242 3149 3305 Nam,
3199 3241 3416 3310 quando

227 3328 512 3390 Μωῦσέως
546 3329 721 3397 ἐδόθη,
745 3333 1020 3401 ἀφιερὼθη
1050 3333 1124 3403 τῷ
1156 3334 1272 3403 Θεῷ
1305 3336 1362 3387 τὸ
1396 3336 1687 3401 Σάϐϐατον,
1709 3337 1781 3400 ὡς

228 3414 302 3467 ἂν
339 3416 464 3485 περὶ
510 3420 607 3486 τὴν
640 3420 837 3490 ταύτης
879 3423 1104 3492 μελέτην
1150 3426 1206 3475 ὲν
1239 3426 1386 3491 αὑτῷ
1417 3426 1782 3496 άδολεσχήσω-

230 3519 355 3565 σιν,
404 3506 451 3555 οἱ
489 3507 561 3575 μὴ
595 3508 768 3561 πάντα
805 3514 894 3563 τὸν
930 3511 1040 3580 βίον
1073 3513 1148 3579 τῷ
1189 3515 1305 3582 Θεῷ
1337 3515 1701 3585 ἀφιεροῦντες,
1734 3520 1779 3570 οἱ

232 3591 318 3659 μὴ
349 3592 494 3659 πόθῳ
532 3594 605 3661 τῷ
632 3590 870 3667 Δεσπότῃ
899 3598 972 3659 ὡς
998 3601 1169 3669 Ila.th
1192 3600 1543 3666 δουλεύοντες,
1571 3604 1682 3655 ἀλλ’
1707 3606 1780 3667 ὡς

228 3680 417 3732 δοῦλοι
446 3682 772 3752 ἀγνώμονες,
812 3688 909 3738 κᾶν
935 3690 1123 3757 μικρὸν
1166 3692 1258 3741 καί
1301 3692 1582 3759 ἐλάχιστον
1615 3694 1779 3762 μέρος

230 3772 340 3839 τῆς
366 3773 571 3824 ἑαυτῶν
610 3772 749 3843 ζωῆς
787 3777 862 3845 τῷ
897 3777 1014 3845 Θεῷ
1055 3779 1449 3848 ἀποτέμωντσι,
1495 3784 1586 3834 καὶ
1626 3784 1783 3835 τοῦτο

231 3860 397 3928 φόϐῳ
432 3862 536 3913 τῶν
569 3865 659 3914 ἐπὶ
687 3868 750 3933 τῇ
796 3867 1093 3935 παραϐάσει
1144 3869 1377 3921 εὐθυνῶν
1412 3871 1503 3921 καὶ
1534 3873 1782 3941 ἐπιτιμή-

234 3967 384 4002 σεων
404 3970 416 3982 ·
454 3955 661 4019 Ama/qi
691 3958 796 4021 γὰρ
823 3957 999 4022 νόμος
1020 3960 1089 4010 οὐ
1117 3958 1316 4021 κεῖται,
1339 3961 1494 4012 ἀλλὰ
1531 3962 1711 4027 ἀδίκῳ
1735 3963 1778 4014 ι.

249 4040 411 4090 ’1-3πεὶ
442 4043 650 4108 πρῶτος
700 4045 932 4111 Μωῦσῆς
980 4049 1373 4115 τεσσαράκοντα
1398 4051 1634 4119 ἡμερῶν,
1690 4051 1782 4102 καὶ

232 4126 405 4192 αὖθις
433 4133 631 4200 ἑτέρων
652 4135 1051 4203 τεσσαράκοντα
1082 4136 1298 4205 νηστείᾳ⁴
1338 4135 1352 4173 1
1386 4138 1780 4208 προσεδρεύσας

1876 3335 1970 3387 ιριτ
1993 3349 2095 3385 non
2126 3340 2266 3394 erat,
2305 3348 2404 3385 nec
2429 3333 2711 3400 Scriptura
2752 3332 3013 3401 divinitus
3047 3332 3327 3399 inspirata,
3353 3347 3418 3384 ne

1879 3422 2173 3477 Sabbatum
2218 3421 2439 3492 quidem
2472 3421 2578 3474 Deo
2612 3432 2988 3475 consecratum
3019 3431 3153 3475 erat.
3184 3422 3246 3473 At
3274 3432 3419 3489 post-

1877 3528 2037 3582 quam
2071 3511 2355 3580 Scriptura
2381 3513 2563 3567 divina
2594 3527 2685 3580 per
2719 3512 2931 3581 Moysen
2976 3513 3098 3565 data
3128 3518 3230 3572 est,
3283 3510 3420 3562 Sab-

1881 3602 2061 3655 batum
2091 3615 2310 3669 quoque
2339 3600 2444 3655 Deo
2483 3600 2720 3652 dicatum
2759 3599 2881 3662 fuit,
2928 3611 2982 3651 ut
3030 3599 3147 3666 ejus
3194 3596 3416 3650 medita-

1885 3692 2017 3744 tioni
2069 3699 2344 3753 vacarent,
2389 3691 2479 3758 qui
2543 3699 2711 3743 totum
2763 3690 2885 3742 vita:
2935 3699 3145 3756 tempus
3176 3687 3283 3741 Deo
3314 3702 3417 3739 non

1887 3782 2223 3851 impendunt,
2267 3796 2365 3835 nec
2392 3780 2620 3833 Domino
2653 3789 2907 3848 tanquam
2946 3779 3084 3848 patri
3127 3787 3241 3831 toto
3277 3777 3408 3831 desi-

1887 3871 2036 3923 derio
2068 3870 2345 3923 serviunt:
2383 3869 2477 3922 sed
2517 3870 2661 3923 velut
2713 3870 2907 3937 ingrati
2964 3869 3146 3933 servi,
3202 3882 3418 3936 parvam

1888 3963 2079 4014 saltem
2110 3976 2171 4013 ac
2204 3960 2550 4028 perexiguam
2603 3961 2724 4014 vitae
2755 3961 3070 4028 particulam
3112 3959 3184 4011 illi
3224 3959 3420 4027 imper-

1885 4053 2067 4113 tirent,
2126 4050 2288 4119 29h.
2328 4050 2488 4118 idque
2533 4064 2811 4117 poenarum
2860 4060 2911 4103 et
2958 4050 3418 4119 objurgationum,

1886 4155 2003 4209 quae
2032 4140 2468 4208 przevaricatores
2492 4150 2730 4205 manent,
2762 4140 2989 4193 timore:
3028 4138 3306 4191 Nonem‘m
3340 4140 3421 4190 tea:

318 4306 366 4336 ¹⁶
404 4304 607 4371 Cen.tt,
642 4305 694 4358 2.
771 4309 811 4339 ³⁷
840 4309 1007 4361 Exod.
1041 4324 1153 4372 xm,
1189 4310 1420 4373 6;Num.
1454 4328 1536 4374 xv,
1559 4312 1644 4364 35.
1721 4313 1763 4344 ’⁸
1791 4311 1949 4381 Grcg.

1791 4311 1949 4381 Gl't'g.
1985 4312 2112 4364 Nitl.
2142 4322 2277 4363 orat.
2312 4311 2398 4362 ΑΗ.
2474 4311 2517 4340 ²⁹
2554 4310 2705 4363 Deut.
2735 4326 2785 4373 ν,
2818 4310 2899 4361 14.
2976 4310 3019 4339 ³⁰
3043 4307 3201 4363 Prov.
3236 4324 3312 4371 XI,
3338 4306 3418 4359 10.

1482 4462 1711 4517 νΑιιιίΕ
1751 4465 2147 4521 LEC'I‘IONI'LS.

296 4598 345 4679 qi
413 4597 494 4648 Al.
544 4597 665 4663 περὶ
711 4597 990 4660 σαϐϐάτου,
1027 4597 1164 4651 κατὰ
1196 4598 1474 4654 Ἰουδαίων.

239 4684 387 4739 ρων.

1567 4604 1589 4641 ¹ι
1624 4601 1750 4656 Mss.
1787 4605 2009 4667 ἀδίκοις.

2126 4602 2238 4657 1In
2279 4602 2595 4672 quibusdam
2656 4602 2741 4655 hic
2804 4601 3061 4670 repetitur
3124 4614 3220 4653 vos
3289 4601 3424 4669 ἡμε-

1726 4765 1955 4819 ΝΟΤᾹἸ.

332 4876 406 4941 (5)
446 4879 595 4946 "ore
612 4876 725 4943 μὲν
755 4878 878 4943 γάρ.
922 4877 1055 4929 Nam
1089 4894 1202 4932 cum
1234 4883 1315 4934 [ex
1365 4896 1463 4933 non
1499 4888 1649 4941 esset,
1684 4887 1789 4933 etc.
1826 4888 1867 4937 ο
1895 4888 1946 4932 et
1971 4878 2220 4942 Sabbato,
2246 4889 2593 4946 praeterquam
2626 4877 2862 4929 Saooato
2896 4880 3102 4946 sancto,
3136 4872 3277 4946 quod
3304 4871 3424 4927 Μα-

240 4944 355 5018 riis
390 4945 626 5018 roncinit
663 4957 849 5018 auctor
870 4948 1128 5018 Synopsis
1156 4952 1443 5018 Scriptura:
1472 4948 1609 5018 inter
1630 4962 1789 5018 opera

237 5012 559 5074 Athanasii,
596 5013 646 5083 i_r_t
676 5012 929 5066 Exedunt}
969 5016 1034 5065 At
1075 5012 1291 5072 Subbati
1334 5015 1790 5083 feriandihjussio-

242 5096 383 5157 item
442 5094 549 5157 non
597 5080 803 5157 Moyses
849 5083 1241 5157 instituit,__sed
1280 5101 1307 5137 a
1357 5083 1541 5157 mundi
1572 5080 1791 5157 ἐμοι-(1.ἰο

246 5152 424 5217 latam
459 5147 609 5209 (Gen.
651 5147 707 5208 ιι,
733 5150 806 5216 5),
830 5159 881 5202 et
914 5166 1045 5217 pene
1060 5153 1415 5205 oblitteratam
1453 5147 1789 5205 instauravit.

242 5214 417 5280 Quod
453 5214 828 5289 argumentum
854 5214 1006 5289 longa
1050 5221 1358 5275 inductione
1384 5220 1793 5289 prosequi‘libe-

248 5292 367 5344 ret,
401 5285 595 5362 quippe
641 5287 782 5362 quod
816 5285 1049 5362 validum
1081 5291 1157 5362 sit
1181 5291 1244 5341 ad
1285 5285 1597 5362 ﬁrmandam
1637 5286 1792 5362 Iidem

247 5355 555 5423 errationis
597 5355 849 5423 universi.
890 5359 952 5406 At
974 5358 1254 5411 consulere
1292 5356 1537 5411 brevitati
1580 5356 1792 5423 jubeor.

252 5420 465 5474 Pmter
496 5419 822 5473 Dominicam
857 5423 1015 5483 diem,
1047 5424 1332 5478 Sabbatum
1358 5426 1519 5477 etiam
1560 5419 1797 5478 solemne

248 5489 640 5560 Orientalibus»
666 5488 783 5560 fuit,
811 5490 916 5543 imo
940 5500 991 5560 ct
1024 5490 1224 5547 Latinis
1247 5494 1534 5560 plerisque,
1565 5500 1783 5560 utincmr

255 5572 337 5629 pe
364 5555 605 5621 Mosaicae
632 5558 728 5629 legi
763 5573 866 5610 non
895 5559 1024 5611 nihil
1061 5555 1465 5629 concederetur,
1496 5574 1591 5612 nec
1623 5557 1793 5612 Judaei

254 5627 343 5697 ob
374 5635 577 5697 veteres
607 5627 740 5679 ritus
763 5629 973 5693 penitus
1007 5627 1237 5681 abolitos
1270 5646 1298 5681 a
1337 5629 1639 5681 Christiana
1674 5630 1793 5681 reli-

256 5694 429 5761 ginno
472 5693 869 5747 deterrerentur
902 5713 914 5747 :
946 5698 1291 5761 quamobrem
1320 5712 1440 5747 can.
1494 5698 1560 5747 66
1607 5697 1793 5761 Apost.

256 5762 553 5813 anathema
584 5762 780 5816 dicitur
822 5763 917 5828 illi,
951 5765 1039 5830 qui
1066 5765 1379 5829 ieiunaverit
1405 5764 1489 5818 die
1520 5765 1791 5817 Dotninica

1896 4963 2051 5016 gnum
2080 4941 2291 5016 vocant.
2318 4941 2465 5016 Ideni
2488 4946 2753 5016 sancitur,
2778 4946 2870 4997 lib.
2914 4961 2983 4996 vn
3002 4942 3211 5016 pons].
3245 4941 3423 5016 {deos}.

1897 5008 2013 5083 cap.
2045 5016 2132 5068 25.
2163 5014 2547 5067 Constantinus
2579 5014 2641 5066 Μ.
2676 5014 2860 5083 edidit,
2893 5028 2954 5063 ne
2985 5008 3428 5083 Christianis“-

1897 5076 2015 5136 baio
2037 5093 2085 5135 et
2115 5084 2198 5135 die
2227 5083 2493 5135 Dominica
2519 5084 2570 5133 in
2602 5082 2954 5133 vadimonium
2979 5079 3225 5130 venirent.
3248 5076 3429 5140 Quan—

1898 5166 2055 5217 quam
2105 5151 2457 5211 Laodicenus,
2500 5164 2704 5217 canone
2730 5148 2816 5209 20,
2870 5148 3048 5200 lideles
3090 5146 3337 5217 admonet
3370 5146 3427 5199 in

1902 5215 2152 5273 Sabbatis
2191 5223 2409 5271 omnino
2434 5216 2724 5270 vacandum
2767 5230 2869 5267 non
2902 5231 3039 5277 csse,
3081 5215 3171 5266 sed
3199 5228 3427 5278 operan-

1901 5292 2023 5340 dum
2060 5307 2071 5340 :
2125 5289 2170 5341 si
2204 5288 2414 5339 libuerit
2452 5294 2660 5343 vacent,
2698 5285 2789 5337 sed
2831 5300 2935 5336 non
2982 5297 3129 5335 more
3181 5280 3423 5336 Iudaico.

1903 5355 2082 5409 Roma:
2128 5372 2250 5408 vero
2286 5356 2451 5407 certis
2502 5356 2565 5406 de
2619 5355 2797 5406 causis
2835 5351 3231 5418 jejunabaturj
3264 5363 3426 5418 quem

1899 5424 2061 5477 etiam
2087 5438 2285 5475 morem
2317 5424 2371 5475 in
2401 5422 2575 5490 Cypro
2597 5416 3058 5490 viguisseic’olligo
3089 5433 3149 5470 ex
3183 5416 3429 5490 Epipha-

1900 5494 2011 5554 nio,
2040 5494 2129 5559 qui
2160 5494 2211 5543 in
2236 5486 2575 5557 Expositione
2608 5490 2751 5559 lidci,
2771 5507 2822 5540 ιι.
2844 5489 2930 5559 ‘22,
2962 5489 3070 5559 hos‘
3091 5486 3425 5559 potissimum

1899 5551 2192 5629 syri—avibus
2221 5551 2475 5611 habendis
2508 5558 2833 5626 prmslitutos
2859 5551 3203 5629 diest‘cfetjat,
3239 5551 3425 5629 feriam

1903 5623 2232 5688 secundum,
2287 5623 2563 5694 quartam,
2610 5634 2810 5678 sextam
2869 5633 2922 5676 ct
2979 5623 3429 5687 Dominicatuutt

1904 5696 2176 5750 Dotninica
2218 5698 2327 5748 sola
2359 5696 2563 5762 jejunio
2591 5693 2831 5745 intertlzt-i
