4182 6476
225 468 351 532 1933

1344 468 1440 529 DE
1470 465 1929 529 IMAGINIBUS
1958 464 2236 527 ORATIO
2260 466 2299 523 1η

3318 457 3447 524 1234

210 584 412 653 μᾶλλον
433 580 613 651 τούτῳ
645 581 779 653 πρὸς
806 581 866 635 τὸ
899 581 1076 651 λέγειν
1096 581 1439 652 νυττόμενος.
1468 582 1649 636 Δεινδν
1668 581 1769 652 γὰρ

1882 588 2073 651 spcctu
2105 592 2317 651 regum,
2346 584 2400 633 et
2431 592 2538 633 non
2570 575 2948 633 eonfundebar
2970 577 3011 633 ⁸.
3052 596 3070 630 ι
3108 577 3252 644 Ουίη
3281 579 3445 633 etiam

212 673 472 742 βασιλέως
508 671 665 739 λόγος
697 672 837 742 πρὸς
870 672 1172 742 ὑπαγωγὴν
1204 671 1313 725 τῶν
1341 673 1597 743 ὑπηκόων
1618 688 1631 703 ο
1670 672 1777 724 ὀλί-

205 781 289 832 γοι
319 764 428 834 γάρ
453 766 567 817 ὅσοι
599 764 710 817 τῶν
744 764 1028 830 ἀνέκαθεν,
1060 764 1351 833 βασιλικῶν
1386 765 1776 835 κατωλιγώρη-

205 869 300 906 σαν
339 854 748 922 θεσπισμάτων,
780 854 894 906 ὅσοι
935 852 1028 905 τὸν
1062 854 1153 906 ἐπὶ
1182 854 1287 924 γῆς
1332 854 1555 924 βασιλέα
1580 893 1594 919 ,
1628 854 1777 924 βασι-

202 944 487 1017 λευόμενον
509 944 714 998 οἴδασιν
747 944 971 1010 ἄνωθεν,
999 945 1093 999 καὶ
1122 945 1197 1008 ὡς
1229 942 1520 1015 κρατοῦσιν
1548 945 1596 997 οἱ
1622 944 1774 1013 νόμοι

199 1036 310 1087 τῶν
341 1033 624 1105 βασιλέων.

272 1208 339 1278 β’.
378 1209 602 1279 Πρῶτον
630 1210 729 1277 μὲν
753 1206 846 1264 οὖν
875 1210 1154 1275 ἁπάντων,
1184 1204 1295 1263 οἶόν
1332 1226 1453 1263 τινα
1494 1210 1705 1279 τρόπιν,
1740 1208 1773 1278 ἢ

198 1301 454 1370 θεμέλιον
502 1300 582 1371 τῷ
625 1300 870 1372 λογισμῷ
922 1302 1268 1373 καταπήξας,
1308 1302 1407 1372 τὴν
1434 1302 1533 1372 τῆς
1578 1300 1777 1369 ἐκκλη-

198 1393 488 1461 σιαστικῆς
537 1393 895 1463 θεσμοθεσίας
929 1395 1284 1465 συντήρησιν,
1318 1394 1387 1447 δι’
1414 1389 1482 1464 ἦς
1533 1395 1777 1463 σωτηρία

196 1482 588 1550 προσγίνεσθαι
610 1483 844 1550 πέφυκε,
868 1485 960 1537 τοῦ
987 1486 1145 1553 λόγου
1172 1485 1271 1555 τὴν
1297 1486 1519 1556 βαλϐίδα
1542 1486 1773 1557 ήνέῳξα,

197 1570 299 1622 καὶ
327 1569 538 1635 τοῦτον,
567 1570 758 1642 ὥσπερ
800 1574 964 1627 ἵππον
996 1574 1295 1642 εύχάλινον,
1330 1574 1429 1645 τῆς
1474 1575 1777 1645 ἁφετηρίας

197 1662 580 1733 παρώρμησα.
619 1664 800 1717 Δεινδν
847 1664 958 1735 γὰρ
1008 1665 1177 1728 ὅντως
1218 1665 1440 1737 ᾠήθην,
1493 1668 1587 1720 καὶ
1634 1667 1777 1734 πέρα

196 1751 428 1817 δεινῶν,
475 1755 755 1818 τοσούτοις
808 1754 909 1824 τὴν
959 1754 1289 1824 Ἐκκλησίαν
1350 1755 1777 1826 άμαρύσσουσαν

198 1844 605 1914 προτερήμασι,
655 1846 753 1899 καὶ
794 1847 913 1909 ταῖς
959 1846 1066 1900 τῶν
1114 1846 1520 1901 εύσεσεστάτων
1566 1846 1777 1918 ἀνδρῶν

1877 673 1948 728 ob
2007 672 2061 727 id
2110 671 2489 727 vehementius
2550 685 2673 725 sum
2720 670 3004 725 incitatus.
3056 669 3347 725 Enimvero
3380 667 3447 722 ad

1878 763 2131 819 subditos
2161 763 2526 835 pelliciendos
2550 761 2783 816 multum
2826 762 2972 816 valet
3020 764 3168 832 regis
3206 760 3449 814 auctori-

1876 869 2003 917 tas:
2044 863 2245 933 quippe
2275 878 2402 918 cum
2453 862 2616 933 pauci
2673 859 2942 914 hactenus
2988 857 3191 912 fuerim
3222 855 3325 916 illi,
3354 853 3449 923 qui

1876 964 2000 1005 cum
2036 965 2192 1021 reges
2240 959 2399 1005 terrae
2428 950 2575 1020 regis
2628 946 2873 1004 caelestis
2911 944 3142 1015 imperio
3194 944 3446 1005 subesse,

1877 1049 2144 1110 regesque
2198 1039 2410 1108 legibus
2456 1038 2728 1094 obnoxios
2784 1049 2911 1092 esse
2938 1033 3211 1099 noverint,
3260 1032 3448 1101 iniqua

1877 1129 2120 1198 ipsorum
2149 1128 2306 1198 jussa
2342 1135 2747 1197 contempsere.

1949 1218 2002 1272 2.
2045 1217 2159 1273 Hoc
2210 1220 2407 1289 itaque
2430 1234 2533 1273 ceu
2577 1217 2857 1288 principio
2884 1216 3148 1287 quodam,
3183 1215 3299 1271 sive
3328 1212 3451 1268 fun-

1876 1306 2156 1372 damento,
2208 1309 2373 1361 menti
2429 1306 2732 1377 proposito,
2775 1313 2837 1360 ut
2876 1306 3137 1360 nimirum
3189 1303 3451 1359 ecclesia-

1878 1397 2041 1463 stica,
2076 1411 2174 1467 per
2209 1410 2372 1466 quam
2421 1398 2571 1452 salus
2616 1396 2852 1467 paritur,
2897 1395 3169 1450 institutio
3216 1392 3449 1450 tenenda

1878 1488 1968 1552 sit,
2020 1487 2261 1541 orationi
2324 1500 2580 1556 campum
2615 1488 2829 1557 aperui,
2885 1501 2996 1556 quo
3047 1484 3215 1538 veluti
3270 1496 3449 1552 equus

1878 1588 2027 1633 recte
2078 1577 2249 1632 frenis
2306 1578 2723 1647 obtemperans,
2752 1593 2783 1631 e
2825 1576 3147 1632 carceribus
3176 1573 3443 1627 dimissus

1878 1676 2223 1723 excurreret.
2261 1666 2404 1722 Vere
2435 1667 2608 1733 enim,
2640 1682 2705 1724 ac
2727 1668 2872 1722 ultra
2903 1682 3068 1737 quam
3100 1666 3210 1721 dici
3251 1666 3446 1734 possit.

1878 1772 2046 1827 grave
2082 1758 2577 1827 calamitosumque
2625 1757 2962 1824 existimavi,
3013 1756 3310 1813 Ecclesium
3368 1763 3452 1810 tot

1878 1849 2181 1919 fulgentem
2213 1849 2619 1919 praerogativis,
2650 1857 2706 1904 et
2744 1850 3231 1904 sanctissimorum
3274 1847 3451 1901 homi-

197 1933 413 1988 ἄνωθεν
460 1938 827 2008 παραδόσεσιν
871 1939 1260 2007 ὼραῖσθεϊσαν,
1291 1938 1635 1993 παλινοστεῖν
1681 1938 1769 1991 ἐπὶ

1882 1957 2034 2006 num,
2067 1941 2333 2010 majorum
2382 1950 2698 1997 nostrorum
2745 1942 3124 1997 sanctionibus
3174 1947 3448 2003 ornatam,

196 2026 269 2080 τὰ
304 2028 494 2098 πτωχὰ
528 2031 789 2099 στοιχεῖα,
823 2030 1165 2102 φοϐουμένην
1203 2030 1387 2099 φόὸον,
1413 2022 1475 2083 οῦ
1514 2030 1615 2084 οὐκ
1656 2030 1772 2083 ἐστι

197 2114 369 2185 φόϐος
390 2132 406 2148 ’
449 2118 541 2170 καὶ
572 2118 760 2190 ὥσπερ
792 2120 893 2173 οὐκ
931 2122 1233 2189 ὲγνωκυῖαν
1278 2122 1372 2176 τὸν
1418 2122 1585 2186 ὅντως
1617 2122 1769 2184 Θεὸν,

196 2207 506 2277 ὑφορᾶσθαι
538 2210 629 2264 τὸν
663 2213 743 2275 είς
772 2212 1217 2285 είδωλολατρείαν
1261 2214 1474 2267 ὄλισθον
1493 2255 1508 2281 ,
1548 2214 1641 2268 καὶ
1670 2212 1771 2268 κᾶν

194 2296 334 2365 γοῦν
397 2300 455 2352 ἐν
515 2304 861 2374 σμικροτάτῳ
920 2308 1019 2375 τῆς
1083 2306 1419 2378 τελειότητος
1463 2306 1767 2374 λείπεσθαι,

194 2386 389 2460 ὥσπερ
433 2391 555 2445 τινὰ
606 2393 839 2465 στιγμήν
882 2396 1180 2467 ὲπίμονονει
1210 2400 1270 2451 ὲν
1299 2398 1450 2468 μέσῳ
1476 2398 1768 2469 προσώπου

194 2480 321 2535 λίαν
364 2484 709 2555 ὠραῖσμένου
764 2491 1062 2559 φέρουσαν,
1098 2488 1176 2560 τῷ
1218 2490 1407 2560 ἀπόσῳ
1449 2490 1543 2543 τοῦ
1592 2507 1771 2560 παρα-

194 2573 545 2644 γράμματος,
577 2575 673 2628 τοῦ
717 2577 947 2642 κάλλους
976 2579 1038 2632 τὸ
1084 2582 1192 2633 πᾶν
1238 2580 1661 2651 λυμαινομένην.
1693 2580 1768 2633 Ού

193 2664 305 2735 γάρ
348 2666 543 2737 μικρὸν
570 2668 633 2721 τὸ
666 2670 880 2739 μικρὸν,
909 2672 1038 2724 ὅταν
1072 2672 1153 2734 εἰς
1206 2671 1348 2741 μέγα
1375 2672 1605 2743 ἐκφέρῃ,
1633 2672 1767 2725 ὅπου

194 2773 259 2824 γε
294 2758 415 2811 οὐδὲ
454 2760 684 2831 σμικρὸν
722 2761 783 2815 τὸ
824 2764 1291 2834 παρεγχάραγμα,
1334 2765 1446 2818 άνω
1494 2781 1767 2835 κεκρατη-

196 2852 357 2904 κυῖαν
390 2852 715 2923 Ἐκκλησίας
749 2854 1128 2925 ἀνατραπῆναι
1157 2856 1475 2927 παράδοσιν,
1504 2850 1591 2910 οἷα
1630 2873 1765 2910 κατ-

195 2943 557 3008 εγνωσμένων
621 2944 730 2997 τῶν
799 2945 1379 3016 προκαθηγήσαμένων
1443 2949 1474 3018 ή
1485 2948 1625 3015 μᾶς,
1691 2940 1767 3000 ὧν

194 3031 366 3103 ἐχρῆν
413 3033 858 3105 άναθεωροῦντας
900 3036 1000 3105 τὴν
1049 3036 1427 3106 ἀναστροφὴν,
1480 3036 1766 3107 μιμεῖσθαι

192 3123 293 3192 τὴν
329 3124 529 3180 πίστιν.

264 3210 335 3280 γ’.
379 3213 690 3285 Ἐκλιτιαρῶ
718 3216 919 3281 τοίνυν,
954 3217 1173 3289 πρῶτον
1213 3219 1312 3289 μὲν
1339 3218 1431 3273 τὸν
1455 3220 1765 3293 παντοκρά-

1881 2032 1950 2086 ad
1983 2044 2157 2099 egena
2214 2030 2492 2085 elementa
2545 2032 2799 2087 converti
2826 2033 2870 2119 δα,
2920 2032 3145 2101 illicque
3175 2029 3452 2099 trcpida’re

1880 2124 2103 2185 timore,
2132 2121 2224 2176 ubi
2267 2136 2384 2177 non
2435 2129 2521 2178 est
2555 2123 2720 2177 timor
2746 2124 2789 2189 ';
2821 2123 2865 2179 si
2907 2131 3171 2193 tanquam
3207 2122 3298 2176 Dei
3336 2123 3448 2176 veri

1878 2214 2085 2278 nescia,
2121 2214 2535 2284 prolapsionem
2572 2213 2639 2267 ad
2688 2214 2964 2269 idolorum
3013 2215 3223 2269 cultum
3254 2214 3440 2271 subve-

1877 2313 2084 2371 rcatur,
2122 2306 2315 2376 sicque
2343 2307 2429 2361 vel
2473 2305 2764 2361 minimum
2811 2319 2841 2359 a
2895 2305 3232 2376 perfectione
3276 2305 3449 2359 desci-

1878 2406 2017 2464 scat,
2050 2413 2115 2454 ac
2147 2398 2311 2469 quasi
2366 2414 2580 2456 naevum
2630 2400 2922 2470 quemdam
2972 2400 3296 2463 durabilem,
3353 2398 3448 2468 qui

1878 2492 2313 2549 inconcinnitate
2368 2508 2469 2549 sua
2497 2501 2841 2550 venustatem
2897 2509 3116 2549 omnem
3184 2493 3447 2559 maculet,

1877 2584 1932 2635 in
1973 2580 2371 2638 formosissimi
2428 2585 2545 2639 oris
2600 2583 2783 2640 medio
2832 2591 3031 2655 gestet.
3072 2583 3261 2654 Neque
3319 2596 3451 2636 vero

1875 2674 2087 2730 erroris
2119 2689 2285 2746 parva
2312 2683 2446 2731 nota
2474 2684 2577 2740 est,
2615 2684 2856 2733 veterem
2898 2675 3159 2732 Ecclesiae
3205 2675 3453 2744 discipli-

1874 2782 2028 2833 nam,
2072 2767 2477 2823 consuetudine
2518 2767 2854 2833 roboratam,
2891 2769 3220 2831 convellere,
3273 2766 3449 2834 majo-

1875 2872 2075 2927 resque
2129 2867 2354 2913 nostros
2403 2871 2737 2929 quocunque
2776 2860 2941 2914 modo
2987 2858 3288 2922 damnare;
3318 2871 3450 2926 quo-

1873 2962 1997 3002 rum
2076 2949 2563 3005 conversationem
2640 2949 2944 3016 intuentes,
3015 2949 3219 3005 imitari
3284 2948 3446 3003 ﬁdem

1873 3038 2160 3109 oportebat
2177 3040 2219 3096 ⁸.

1948 3220 2003 3275 5.
2039 3218 2284 3272 Primum
2316 3216 2510 3287 igitur,
2562 3217 2630 3273 ad
2664 3230 2762 3271 vos
2806 3215 2971 3272 verba
3030 3215 3303 3279 facturus,
3338 3228 3449 3269 om-

192 3319 329 3374 τορα
361 3304 582 3373 Κύριον,
690 3307 872 3378 γυμνὰ
915 3284 1090 3363 πάντα
1125 3284 1225 3364 καὶ.
1259 3284 1732 3383 τετραχηλισμένα
1755 3329 1769 3345 ·

1877 3311 2217 3381 nipotentem
2277 3284 2571 3364 Dominum
2614 3302 2870 3378 efﬂagito,
2910 3308 3000 3361 cui
3050 3306 3197 3362 nuda
3231 3313 3448 3376 aperta-

196 3395 334 3465 πρὸς
361 3395 504 3464 ὑμᾶς
529 3399 557 3451 ό
584 3397 737 3465 λόγος
757 3415 771 3429 ·
804 3400 982 3453 εἰδότα
1002 3401 1101 3471 τῆς
1121 3404 1382 3472 ταπεινῆς
1413 3420 1515 3473 μου
1547 3403 1772 3474 γνώμης

193 3487 252 3539 ἐν
285 3486 462 3557 τούτῳ
490 3488 551 3541 τὸ
580 3489 898 3559 ἀκραιφνὲς,
929 3491 1022 3544 καὶ
1065 3490 1160 3544 τοῦ
1208 3492 1413 3546 σκοποῦ
1454 3494 1515 3548 τὸ
1543 3494 1771 3564 είλικρι-

198 3583 306 3646 νὲς,
346 3581 529 3635 δοῦναί
561 3598 649 3651 μοι
683 3582 844 3650 λόγον
882 3585 939 3635 ὲν
968 3584 1170 3650 ἀνοίξει
1221 3586 1490 3656 στόματός
1526 3604 1648 3657 μου,
1678 3588 1772 3641 καὶ

195 3671 291 3726 τοῦ
320 3670 414 3724 νοῦ
444 3671 543 3735 τὰς
574 3672 729 3743 ήνίας
773 3674 1001 3738 οἰκείαις
1046 3676 1235 3746 χερσὶν
1263 3678 1646 3744 ἀναδέξασθαι,
1677 3680 1772 3733 καὶ

196 3763 389 3817 τοῦτον
419 3763 557 3834 πρὸς
598 3765 790 3818 ἑαυτὸν
819 3766 1251 3834 ἐπισπάσασθαι,
1284 3762 1420 3841 πρὸς
1450 3770 1683 3825 ἐνώπιόν
1712 3787 1771 3824 τε

201 3857 295 3908 καὶ
343 3856 556 3909 εὐθεῖαν
584 3856 769 3927 τρίϐον
800 3858 898 3928 τὴν
929 3857 1111 3931 ῥύμην
1160 3861 1513 3932 ποιούμενον,
1558 3861 1634 3933 μὴ
1680 3862 1774 3931 εγ-

200 3947 450 4001 κλίνοντα
475 3949 610 4019 πρὸς
636 3950 706 4003 τά
730 3950 991 4007 δοκοῦντα
1017 3953 1184 4018 δεξιά,
1214 3954 1246 4023 ἢ
1281 3953 1546 4024 ἀριστερὰ
1572 3970 1771 4024 γνωρι-

196 4038 399 4107 ζόμενα
422 4055 435 4069 ·
474 4038 592 4108 μεθ’
620 4039 680 4093 ὃν
708 4040 923 4095 ἅπαντα
956 4043 1046 4096 τὸν
1074 4043 1166 4096 τοῦ
1197 4042 1331 4096 Θεοῦ
1364 4044 1511 4109 λαὸν,
1536 4044 1600 4096 τὸ
1620 4042 1772 4106 ἔθνος

193 4128 255 4180 τὸ
284 4131 459 4197 άγιον,
485 4130 547 4183 τὸ
578 4130 848 4201 βασίλειον
882 4135 1201 4204 ἱεράτευμα,
1242 4136 1336 4187 σὺν
1363 4134 1440 4204 τῷ
1467 4135 1618 4205 καλῷ
1644 4152 1766 4187 ποι-

198 4218 322 4288 μένι
356 4219 455 4289 τῆς
487 4220 708 4291 λογικῆς
740 4224 975 4293 Χριστοῦ
1008 4224 1265 4294 ποίμνης,
1296 4224 1374 4294 τῷ
1401 4224 1497 4295 τὴν
1534 4222 1768 4294 Χριστοῦ

198 4310 481 4380 ίεραρχίαν
519 4314 575 4363 ἐν
602 4313 780 4382 ἑαυτῷ
810 4314 1202 4384 ύπογράφοντι,
1230 4315 1483 4379 δέξασθαί
1533 4332 1634 4385 μου
1671 4317 1768 4369 τὸν

194 4396 373 4466 λόγον,
407 4402 524 4470 μετ’
553 4401 866 4471 εὐμενείας⁹
919 4406 993 4474 μὴ
1040 4404 1116 4475 τῷ
1150 4404 1416 4475 ἐλαχίστῳ
1465 4406 1564 4475 τῆς
1611 4404 1767 4470 ἀξίας

193 4492 586 4561 προσέχοντας,
617 4495 649 4564 ἢ
682 4494 855 4563 λόγων
898 4496 1296 4566 ἐπιζητοῦντας
1345 4497 1582 4567 στροφάς
1602 4512 1616 4527 ⁸
1643 4498 1766 4550 ἐπεὶ

192 4583 400 4634 τούτων
446 4585 508 4636 ού
548 4586 824 4649 παντελῶς
864 4587 999 4657 ἴδρις
1045 4589 1073 4639 ὁ
1105 4587 1273 4658 πένης
1306 4586 1451 4654 ἐγώ’
1487 4588 1624 4641 ἀλλὰ
1665 4588 1763 4658 τῆς

190 4672 302 4723 τῶν
334 4674 618 4742 νοημάτων
648 4674 929 4744 φροντίσαι
958 4675 1263 4745 δυνάμεως.
1302 4679 1375 4730 Ού
1406 4678 1515 4749 γὰρ
1539 4679 1599 4730 ὲν
1618 4677 1762 4748 λόγῳ

191 4764 225 4830 ἡ
257 4761 503 4830 βασιλεία
552 4764 659 4817 τῶν
703 4765 967 4835 οὐρανῶν,
1003 4766 1118 4820 ἀλλ’
1154 4769 1212 4820 ὲν
1257 4767 1503 4837 δυνάμει.
1546 4768 1621 4821 Οὐ
1654 4768 1761 4838 γάρ

190 4852 415 4921 νικῆσαι
446 4854 669 4917 σκοπὸς,
690 4855 826 4908 ἀλλὰ
852 4859 919 4928 τῇ
946 4857 1173 4928 ἀληθείᾳ
1200 4858 1582 4930 πολεμουμένῃ
1605 4862 1762 4930 χεῖρα

186 4938 393 5006 ὀρέξαι,
411 4941 509 5009 τῆς
538 4943 910 5013 προαιρέσεως
937 4945 1237 5017 ὀρεγούσης
1270 4950 1427 5017 χεῖρα
1457 4949 1759 5019 δυνάμεως.

201 5031 442 5101 Ἀρωγὸν
462 5034 641 5088 τοίνυν
660 5037 757 5103 τὴν
782 5037 1153 5092 ἀνυπόστατον
1180 5041 1441 5111 ὲπικεκλη
1451 5041 1607 5111 μένος
1626 5043 1760 5114 ἀλή-

188 5120 359 5188 θειαν,
388 5122 635 5176 ἐντεῦθεν
659 5125 751 5177 τοῦ
782 5127 940 5194 λόγου
970 5130 1067 5192 τάς
1092 5130 1264 5201 ἀρχάς
1296 5116 1611 5202 ποιήσομαι.

257 5299 322 5352 δ’.
363 5295 494 5353 Οἶδα
536 5301 626 5354 τὸν
674 5302 917 5372 άψευδῶς
968 5305 1227 5360 εἰπόντα·
1270 5325 1288 5358 ι
1321 5307 1524 5378 Κύριος
1567 5309 1596 5359 ό
1625 5308 1756 5372 Θεός

186 5406 307 5453 σου,
342 5392 546 5462 Κύριος
573 5388 653 5456 εἷς
681 5394 817 5450 ἐστι.
849 5417 867 5447 ι
903 5396 1043 5449 Καίο
1081 5415 1099 5448 ι
1131 5398 1335 5468 Κύριον
1374 5400 1466 5452 τὸν
1499 5399 1629 5452 Θεόν
1661 5416 1753 5452 σου

186 5484 609 5554 προσκυνήσεις,
637 5487 732 5539 καὶ
786 5489 934 5558 αὐτῷ
988 5490 1135 5559 μόνῳ
1180 5490 1516 5559 λατρεύσεις.
1551 5511 1569 5543 ι
1604 5492 1713 5544 Καί
1737 5509 1753 5527 ο

183 5620 462 5746 Ἥδιιδεσι.
518 5641 707 5692 cxvm,
751 5629 838 5685 46.
917 5632 1135 5687 ‘Galat.
1179 5651 1249 5693 tv.
1306 5634 1357 5689 9.

1468 5637 1488 5667 ⁸
1525 5635 1669 5689 Psal.
1724 5652 1817 5701 LII,
1857 5636 1909 5687 6.

1871 3416 1982 3473 que
2028 3410 2156 3456 sunt
2200 3400 2415 3466 omnia;
2468 3400 2557 3454 cui
2598 3413 2797 3470 purum
2831 3412 2895 3454 ac
2926 3398 3205 3453 sincermn
3260 3398 3449 3452 hacin

1873 3499 2032 3564 parte
2058 3490 2288 3546 humilis
2352 3504 2552 3547 sensus
2590 3491 2696 3546 mei
2763 3490 3106 3562 propositum
3158 3498 3329 3559 patet,
3389 3499 3447 3544 ut

1871 3583 2009 3638 mihi
2038 3582 2131 3639 det
2165 3595 2480 3637 sermonem
2531 3581 2587 3635 in
2641 3582 2932 3653 apertione
2982 3581 3119 3645 oris,
3149 3588 3204 3635 et
3242 3578 3447 3634 mentis

1872 3690 2006 3730 mea:
2079 3675 2327 3729 habenas
2386 3674 2627 3744 propriis
2694 3675 2950 3730 manibus
3009 3672 3271 3739 tenendo,
3325 3686 3446 3727 eam

1873 3766 1941 3821 ad
1976 3767 2220 3838 seipsum
2253 3768 2470 3832 trahat;
2509 3781 2622 3838 quo
2658 3766 2715 3821 in
2746 3775 3049 3835 conspectu
3100 3765 3275 3834 ipsius
3297 3772 3449 3818 recto

1870 3856 2093 3911 tramite
2157 3865 2370 3927 pergat,
2429 3870 2531 3911 nec
2567 3855 2637 3909 ad
2686 3870 2747 3910 ea
2794 3855 3054 3917 declinet,
3085 3868 3207 3923 qua;
3244 3852 3353 3908 sibi
3388 3851 3446 3905 in

1871 3947 2111 4018 speciem
2164 3962 2296 4003 vera
2332 3947 2606 4012 videntur,
2643 3955 2739 4001 aut
2774 3960 2899 4002 esse
2936 3945 3162 4001 sinistra
3207 3942 3442 3998 noverit.

1874 4037 2081 4093 Dehinc
2153 4053 2351 4108 precor
2395 4039 2712 4094 universam
2773 4036 2866 4091 Dei
2923 4036 3161 4106 plebem,
3229 4040 3445 4104 gentem

1872 4138 2143 4195 sanctam,
2184 4130 2364 4199 regale
2418 4128 2814 4195 sacerdotium,
2867 4142 2977 4182 una
3017 4141 3143 4181 cum
3174 4126 3321 4180 bono
3357 4138 3443 4178 ra-

1871 4224 2098 4277 tionalis
2148 4222 2331 4292 gregis
2377 4221 2585 4275 Christi
2638 4229 2880 4290 pastore,
2932 4219 3028 4289 qui
3077 4230 3355 4273 summum
3387 4216 3443 4269 in

1869 4312 2169 4382 semetipso
2201 4311 2412 4367 Christi
2457 4310 2828 4366 sacerdotium
2886 4309 3166 4379 exprimit,
3197 4316 3257 4361 ut
3285 4306 3445 4364 libel-

1868 4406 1980 4460 lum
2016 4404 2231 4459 huncce
2285 4419 2466 4458 meum
2516 4403 2781 4458 benevolo
2805 4402 3085 4471 excipiant
3116 4402 3301 4453 animo
3330 4419 3344 4451 :
3374 4412 3444 4453 ne

1868 4495 1952 4551 vel
1984 4494 2308 4564 dignitatem
2360 4508 2481 4563 quae
2531 4496 2587 4545 in
2648 4508 2736 4546 me
2771 4492 3070 4561 perexigua
3119 4497 3227 4553 cst,
3267 4487 3442 4557 respi—

1868 4584 2042 4651 ciant,
2076 4586 2156 4639 vel
2192 4583 2486 4638 verborum
2537 4588 2734 4645 artem,
2764 4597 2874 4651 qua
2927 4595 3130 4650 egenus
3152 4594 3254 4649 ego
3294 4575 3440 4632 haud

1867 4676 2005 4732 satis
2060 4674 2257 4745 polleo,
2309 4673 2406 4728 scd
2454 4672 2855 4729 sententiarum
2896 4671 3082 4740 potius
3116 4670 3225 4722 vim
3260 4675 3439 4721 atten-

1869 4769 2025 4824 dant.
2060 4767 2179 4821 Non
2210 4766 2362 4822 enim
2397 4766 2453 4820 in
2479 4780 2757 4829 sermone,
2806 4764 2899 4818 sed
2933 4767 2988 4817 in
3021 4764 3222 4817 virtute
3250 4766 3440 4819 conisi-

1867 4860 1961 4916 stit
1992 4873 2220 4928 regnum
2268 4858 2533 4912 ccelorum
2562 4857 2604 4911 ⁷.
2641 4854 2763 4910 Non
2816 4856 3062 4919 vincere,
3112 4855 3209 4909 sed
3261 4855 3436 4925 impu-

1864 4958 2047 5020 gnata:
2085 4946 2319 5001 veritati.
2355 4960 2514 5016 opem
2554 4946 2703 4999 ferre
2754 4944 3096 5015 propositum
3151 4944 3281 4997 mihi
3328 4954 3433 5008 est,

1864 5042 2087 5097 virtutis
2144 5054 2365 5094 manum
2424 5037 2879 5092 subministrante
2928 5038 3066 5091 bona
3130 5036 3432 5091 voluntate.

1867 5131 2235 5199 Quamobrem
2293 5128 2600 5184 substantis
2658 5128 2904 5183 veritatis
2958 5129 3251 5200 implorata
3306 5144 3427 5199 ope,

1865 5225 1995 5277 hinc
2030 5221 2299 5274 orationis
2333 5218 2663 5287 principium
2696 5218 2913 5277 ducam.

1934 5314 1987 5367 4.
2014 5310 2168 5365 Illum
2203 5312 2327 5364 novi
2364 5311 2457 5379 qui
2492 5312 2631 5363 citra
2683 5310 3023 5365 mendacium
3057 5311 3197 5366 dixit
3226 5329 3239 5364 :
3269 5311 3434 5381 309

1871 5424 1889 5457 ι
1914 5403 2177 5457 Dominus
2204 5400 2347 5455 Deus
2383 5412 2527 5465 tuus,
2576 5400 2838 5456 Dominus
2880 5417 3018 5456 unus
3052 5412 3133 5455 est
3157 5403 3199 5456 ⁸.
3237 5421 3255 5454 ι
3321 5402 3428 5457 Et:

1869 5513 1887 5544 ι
1924 5492 2213 5545 Dominum
2262 5489 2430 5543 Deum
2464 5496 2620 5541 tuum
2654 5489 2933 5555 adorabis,
2965 5498 3018 5543 ct
3072 5491 3152 5544 illi
3184 5492 3285 5561 soli
3315 5506 3429 5545 ser-

2018 5628 2230 5684 “chr.
2296 5642 2417 5691 xm,
2481 5632 2530 5681 7.
2643 5631 2700 5679 τΙ
2761 5630 2888 5682 Cor.
2942 5647 2998 5692 ιι,
3051 5630 3100 5681 3.
3214 5626 3421 5682 'Ileut.

1468 5765 1699 5820 VARIA".
1754 5766 2153 5824 LECTIONES.

263 5864 288 5891 ι
323 5852 513 5908 Dillius
554 5855 838 5921 legendum
881 5857 1169 5928 ὲπίμωμςν
1200 5868 1356 5929 putat
1388 5881 1395 5913 :
1429 5870 1479 5916 ct
1515 5861 1674 5930 paulo
1700 5869 1822 5927 post
1864 5862 2117 5917 emendat
2146 5863 2347 5929 ἀτόπῳ,
2388 5875 2483 5927 pro
2514 5860 2721 5924 απόσῳ,
2759 5881 2851 5913 Itur
2894 5863 3012 5913 istic
3052 5866 3189 5911 mulr
