4182 6476
203 438 338 511 1237
1331 448 1423 505 DE
1462 445 1917 506 IMAGINIBUS
1952 448 2233 508 ORATIO
2256 453 2300 509 1.
3324 413 3456 523 123.8

202 557 442 629 ρονομίῳ
468 555 645 625 λέγων
667 570 679 586 ο
718 573 735 606 ι
761 555 874 608 Kal
922 554 1154 625 ὲλάλησε
1186 557 1392 629 Κύριος
1420 560 1555 629 πρὸς
1586 559 1726 629 ὑμᾶς
1753 566 1776 595 ιι

1890 559 2072 613 nomio
2112 560 2350 631 loquens
2390 582 2400 615 ε
2450 583 2467 613 ‹
2503 565 2565 617 Et
2597 566 2815 621 locutus
2852 573 2938 620 est
2963 566 3230 624 Dominus
3268 569 3334 624 ad
3367 586 3462 626 vos

200 651 268 702 ὲκ
302 649 466 721 μέσου
492 646 588 701 τοῦ
620 648 790 718 πυρός
818 665 829 678 ’
859 647 1041 718 φωνὴν
1072 651 1333 720 ῥημάτων
1367 651 1525 720 ὑμεῖς
1548 652 1784 720 ἡκούσα-

1893 647 1959 701 de
1990 649 2172 732 medio
2214 650 2383 720 ignis.
2443 650 2642 707 Vocem
2679 655 2973 710 verborum
3019 670 3116 711 vos
3139 658 3375 715 audistis
3410 668 3463 714 et

204 757 287 801 τε,
321 738 415 793 καὶ
459 738 714 808 ὁμοίωμα
766 739 866 792 οὐκ
907 739 1099 805 εἴδετε,
1137 741 1251 795 ἀλλ’
1290 741 1324 811 ἦ
1376 744 1582 813 φωνήν.
1614 762 1632 794 ι
1674 743 1785 796 Καὶ

1890 738 2309 796 similitudinem
2381 758 2492 797 non
2575 742 2833 811 vidistis,
2887 746 2983 801 sed
3067 761 3258 801 vocem
3339 757 3456 804 tan-

207 834 325 899 μετ’
366 832 555 898 ὀλίγα·
619 849 637 883 ι
666 832 777 886 Kal
825 831 1137 900 φυλάξασθε
1193 834 1404 903 σφόδρα
1453 834 1552 896 τὰς
1608 834 1782 904 ψυχὰς

1888 834 2006 883 tum
2032 830 2096 879 ιτ.
2126 849 2145 882 ι
2177 832 2254 886 Ac
2299 834 2463 901 paulo
2489 840 2611 900 post
2643 852 2656 888 :
2697 852 2716 885 ι
2742 833 2805 887 Et
2836 844 3050 891 servate
3070 836 3228 891 valde
3251 838 3463 893 animas

204 922 381 992 ὑμῶν,
414 922 496 976 ὅτι
520 923 773 993 ὁμοίωμα
799 924 897 977 οὐκ
922 924 1090 977 εἴδετε
1113 926 1170 978 ὲν
1190 926 1255 995 τῇ
1277 925 1461 996 ἡμέρᾳ
1556 925 1783 995 ἐλάλησε

1889 928 2124 987 vestras,
2179 924 2309 991 quia
2362 926 2779 981 similitudinem
2834 941 2944 980 non
3000 928 3236 993 vidistis,
3290 930 3345 983 in
3376 929 3465 985 die

206 1013 409 1083 Κύριος
443 1013 580 1085 πρὸς
609 1016 755 1084 ὑμᾶς
798 1016 858 1068 ἐν
902 1015 1107 1086 Χωρὴὸ
1141 1018 1199 1069 ὲν
1231 1016 1310 1086 τῷ
1335 1017 1473 1087 όρει,
1502 1017 1566 1069 ὲκ
1619 1017 1784 1085 μέσου

1891 1012 2054 1082 310
2078 1028 2184 1083 qua
2207 1015 2426 1070 locutus
2460 1024 2544 1071 est
2571 1016 2836 1072 Dominus
2864 1020 2930 1072 ad
2970 1032 3063 1074 vos
3090 1019 3148 1071 in
3178 1017 3382 1085 lloreb,
3406 1021 3461 1075 in

204 1104 302 1156 τοῦ
350 1104 540 1175 πυρὸς,
574 1106 784 1174 μήποτε
836 1107 1146 1179 ἀνομήσητε
1204 1109 1298 1161 καὶ
1351 1108 1614 1178 ποιήσητε
1656 1108 1785 1177 ὑμῖν

1890 1114 2075 1159 monte
2132 1106 2201 1161 de
2247 1107 2426 1162 medio
2480 1107 2665 1175 ignis:
2699 1109 3244 1178 nequandorcomra
3292 1109 3461 1179 legem

208 1196 423 1259 ἑαυτοῖς
468 1196 706 1264 γλυπτὸν
755 1199 1026 1270 ὁμοίωμα,
1056 1202 1237 1254 πᾶσαν
1283 1202 1490 1265 εἰκόνα,
1537 1201 1786 1271 ὁμοίωμα

1888 1195 2086 1264 agatis,
2158 1196 2492 1268 faciatisque
2541 1198 2699 1253 vobis
2759 1200 3019 1265 sculptile
3083 1200 3461 1264 simulacrum,

207 1286 498 1355 ἀρσενικοῦ
531 1287 563 1358 ἢ
593 1288 851 1358 θηλυκοῦ,
880 1291 1132 1362 ὁμοίωμα
1176 1294 1378 1357 παντὸς
1421 1294 1651 1364 κτήνους
1677 1292 1785 1346 τῶν

1888 1301 2109 1341 omnem
2164 1290 2480 1359 imaginem,
2542 1290 2962 1346 similitudinem
3017 1292 3247 1345 masculi
3298 1300 3350 1346 et
3388 1291 3462 1345 fc-

207 1377 377 1432 ὅντων
414 1381 505 1432 ἐπὶ
536 1380 635 1448 τῆς
667 1382 789 1450 γῆς,
816 1383 1069 1454 ὁμοίωμα
1097 1386 1298 1449 παντὸς
1334 1386 1523 1457 ὀρνέου
1571 1403 1785 1454 πτερω-

1890 1379 2071 1441 minae,
2122 1381 2543 1438 similitudinem
2576 1383 2759 1438 omnis
2785 1383 3044 1452 jumenti,
3076 1384 3225 1451 quod
3252 1392 3339 1439 est
3373 1400 3466 1438 su-

208 1467 328 1531 τοῦ,
363 1488 381 1520 ι
434 1470 527 1523 καὶ
573 1472 642 1524 τὰ
679 1471 825 1543 ἑξῆς.
863 1475 973 1528 Kal
1007 1477 1145 1546 μετὰ
1187 1477 1427 1548 βραχέα·
1469 1495 1487 1528 ι
1519 1478 1629 1529 Kal
1677 1476 1783 1547 μή·

1890 1485 1984 1538 per
2030 1481 2255 1536 terram,
2316 1474 2729 1529 ‘imilitudincm
2791 1475 2972 1527 omnis
3036 1474 3279 1529 volucris
3330 1490 3458 1542 pcn-

208 1573 343 1609 ποτε
372 1558 680 1628 ἀναϐλέψας
714 1562 795 1625 είς
823 1563 915 1616 τὸν
943 1564 1191 1634 οὐρανὸν,
1223 1566 1318 1619 καὶ
1341 1565 1463 1621 ἰδὼν
1495 1566 1586 1619 τὸν
1609 1567 1784 1637 ἥλιον,

1890 1571 2033 1617 nata:
2066 1564 2131 1629 ⁸⁸,
2178 1581 2195 1613 ι
2224 1572 2333 1619 etc.
2364 1563 2428 1617 Et
2462 1566 2653 1633 paucis
2684 1566 2990 1635 interjectis
3018 1585 3029 1621 :
3075 1583 3093 1615 ε
3132 1564 3196 1618 Ει
3228 1580 3293 1620 ne
3324 1566 3462 1620 forte

210 1646 310 1699 καὶ
351 1648 450 1718 τὴν
485 1650 733 1722 σελήνην,
769 1654 862 1706 καὶ
905 1656 1034 1717 τοὺς
1064 1655 1320 1728 ἀστέρας,
1357 1658 1447 1709 καὶ
1480 1656 1655 1709 πάντα
1695 1658 1785 1709 τὸν

1890 1655 2119 1710 elevatis
2168 1655 2348 1709 oculis
2403 1656 2472 1710 ad
2503 1656 2725 1722 callum,
2775 1665 2829 1711 et
2876 1658 3048 1712 solem
3078 1666 3132 1711 et
3160 1656 3344 1709 lunam
3378 1657 3460 1709 iu-

210 1738 417 1807 κόσμον
438 1739 531 1792 τοῦ
554 1741 808 1811 οὐρανοῦ,
831 1744 1147 1815 πλανηθεὶς,
1167 1747 1555 1817 προσκυνήσῃς
1580 1746 1780 1812 αὐτοῖς,

1890 1743 2086 1809 tuitus,
2126 1751 2180 1798 et
2223 1752 2397 1811 astra,
2432 1760 2765 1815 omnemque
2804 1747 2933 1801 coeli
2964 1757 3244 1811 ornatum,
3272 1762 3457 1802 errore

208 1830 307 1885 καὶ
330 1830 636 1905 λατρεύσῃς
658 1835 860 1898 αὐτοῖς.
897 1855 915 1887 ι
1821 1908 1854 1911 _

1821 1908 1854 1911 _
1892 1836 2180 1907 deceptus,
2210 1839 2409 1894 adores
2436 1854 2523 1903 ea,
2557 1849 2611 1895 et
2643 1840 2855 1895 servias
2879 1841 3013 1911 ipsis
3045 1842 3107 1894 η.
3139 1860 3156 1893 ι

284 1922 360 1987 ς’.
398 1923 579 1995 Ὁρᾷς,
615 1926 690 1989 ὡς
733 1921 815 1990 εἷς
860 1928 1010 1981 ἐστιν
1056 1930 1084 1980 ό
1129 1930 1348 1993 σκοπὸς,
1381 1930 1521 1985 ὥστε
1570 1932 1644 2002 μὴ
1692 1932 1787 1984 λαι
1820 1908 1863 1961 Β

1820 1908 1863 1961 Β
1962 1929 2016 1983 6.
2043 1931 2239 1984 Cernis
2277 1931 2383 1984 hoc
2415 1946 2587 1985 unum
2622 1932 2923 1987 consilium
2968 1946 3115 1997 esse,
3159 1948 3227 1987 ne
3261 1933 3465 1988 scilicet

209 2012 439 2082 τρεῦσαι
485 2018 553 2086 τῇ
601 2017 777 2071 κτίσει
832 2020 981 2089 παρὰ
1009 2020 1100 2073 τὸν
1135 2021 1417 2085 κτίσαντα,
1454 2023 1590 2094 μηδὲ
1620 2040 1788 2093 προσ-

1894 2027 2164 2074 creatura:
2219 2022 2426 2090 potius,
2468 2035 2631 2090 quam
2658 2022 2907 2076 Creatori
2953 2021 3284 2087 serviamus,
3334 2037 3468 2103 neve

210 2107 442 2173 αγαγείν
470 2106 568 2178 τήν
599 2109 698 2179 τῆς
724 2110 979 2181 λατρείας
1014 2112 1408 2183 προσκύνησιν,
1439 2114 1552 2167 ἀλλ’
1583 2115 1616 2187 ἢ
1646 2115 1791 2184 μόνῳ

1896 2118 2092 2182 prmter
2118 2112 2297 2181 ipsum
2326 2113 2585 2181 cuiquam
2617 2112 2869 2168 servilem
2902 2114 3109 2167 cultum
3140 2114 3469 2168 otl'eramus‘?

212 2193 293 2264 τῷ
319 2195 671 2269 δημιουργῷ;
697 2200 788 2252 Διὸ
815 2203 1067 2273 πανταχῆ
1096 2202 1357 2258 συνάπτει
1387 2208 1453 2276 τῇ
1484 2206 1791 2277 προσκυνή-

1895 2205 2108 2261 Idcirco
2152 2207 2300 2263 enim
2359 2208 2562 2277 ubique
2618 2208 2931 2263 adorationi
2990 2209 3210 2263 latriam
3268 2211 3444 2279 jungit

213 2301 300 2340 σει
328 2287 425 2359 τὴν
457 2288 728 2361 λατρείαν.
765 2293 934 2347 Πάλιν
978 2294 1090 2367 γάρ
1133 2313 1299 2366 φησιν
1321 2309 1337 2328 ⁸
1375 2316 1394 2349 ι
1422 2299 1534 2352 Οὐκ
1577 2298 1791 2353 ἔσονταί

1897 2297 2137 2355 Rursum
2170 2300 2372 2370 quippe
2405 2302 2482 2353 ait
2520 2316 2531 2351 :
2593 2316 2611 2350 ι
2644 2298 2764 2352 Non
2815 2309 2981 2354 erunt
3034 2301 3131 2355 tibi
3170 2300 3243 2354 dii
3299 2303 3468 2369 aliqui

214 2394 301 2433 σοι
331 2378 442 2433 θεοὶ
471 2382 670 2449 ἕτεροι,
704 2384 845 2455 πλὴν
873 2385 1032 2456 ἐμοῦ.
1065 2388 1141 2441 Οὐ
1184 2391 1431 2459 ποιήσεις
1458 2390 1635 2461 ἐαυτῷ
1660 2390 1791 2458 γλυ-

1897 2398 2099 2462 praeter
2130 2407 2235 2447 me.
2286 2390 2408 2446 Non
2445 2390 2615 2447 facies
2652 2389 2751 2445 tibi
2786 2390 3062 2461 sculptile,
3096 2407 3271 2461 neque
3302 2394 3465 2448 ullam

214 2471 372 2538 πτὺν,
396 2473 516 2527 οὐδὲ
546 2479 655 2530 πᾶν
685 2479 957 2549 ὁμοίωμα,
986 2480 1106 2533 οὐδὲ
1138 2484 1536 2553 προσκυνήσεις
1586 2484 1789 2548 αὐτοῖς,

1896 2483 2367 2538 similitudinem:
2413 2497 2525 2538 non
2583 2482 2843 2538 adorabis
2898 2465 2985 2547 ea‘,
3033 2499 3209 2552 neque
3261 2487 3469 2539 servies

213 2563 326 2616 οὐδ’
360 2566 421 2618 οὐ
460 2567 534 2637 μὴ
564 2568 868 2642 λατρεύσῃς
897 2572 1100 2637 αὐτοῖς,
1133 2574 1215 2626 ὅτι
1246 2572 1360 2642 ἐγώ
1384 2576 1502 2644 εἰμι
1527 2574 1734 2646 Κύριος
1764 2576 1794 2628 ό

1899 2572 2072 2641 ipsis;
2116 2573 2377 2643 quoniam
2408 2588 2513 2643 ego
2542 2573 2807 2628 Dominus
2841 2572 2984 2628 Deus
3027 2583 3213 2629 vester
3241 2575 3310 2627 ³ο.
3350 2594 3368 2623 ι
3408 2574 3469 2628 Et

211 2656 349 2720 Θεὸς
398 2658 625 2732 ὑμῶν.)
681 2663 791 2716 Καὶ
844 2663 1043 2717 πάλιν’
1100 2683 1118 2717 ι
1150 2666 1285 2729 Τοὺς
1345 2665 1562 2736 βωμοὺς
1613 2666 1793 2722 αὐτῶν

1897 2665 2096 2718 iterum
2134 2682 2148 2718 :
2181 2681 2200 2715 ι
2239 2666 2401 2731 Aras,
2441 2665 2642 2733 inquit,
2674 2679 2867 2718 eorum
2901 2664 3255 2730 subvertctis,
3288 2674 3341 2717 et
3365 2673 3464 2716 sta-

215 2748 517 2817 καοελείτε,
544 2755 637 2807 καὶ
668 2755 769 2819 τὰς
801 2757 1003 2829 στήλας
1034 2758 1216 2813 αὐτῶν
1246 2761 1583 2832 συντρίψετε,
1611 2763 1708 2815 καὶ
1725 2763 1794 2817 τὰ

1898 2767 2020 2810 tuas
2069 2771 2257 2810 eorum
2314 2754 2709 2824 confringetis,
2751 2763 2806 2809 et
2832 2755 2988 2811 lucos
3043 2770 3233 2809 eorum
3283 2757 3433 2809 succi

214 2839 355 2912 ἄλση
390 2842 571 2897 αὐτῶν
609 2846 894 2917 ὲκκόψετε,
927 2851 1020 2904 καὶ
1048 2851 1115 2905 τὰ
1148 2853 1365 2921 γλυπτὰ
1393 2853 1499 2906 τῶν
1529 2854 1666 2908 θεῶν
1695 2855 1794 2908 αὑ-

1896 2846 2060 2911 detis,
2095 2854 2150 2901 et
2188 2846 2469 2915 sculptilia
2493 2845 2986 2915 deorumipsorum
3021 2846 3144 2917 igne
3178 2848 3466 2900 combure~

214 2928 328 2981 τῶν
375 2936 749 2990 κατακαύσετε
798 2941 950 3011 πυρί.
983 2942 1059 2995 Οὐ
1108 2943 1216 3014 γὰρ
1264 2944 1340 3015 μὴ
1380 2946 1794 3016 προσκυνήσητε

1900 2935 1992 2990 tis.
2046 2935 2215 2989 Deum
2267 2937 2413 2991 enim
2470 2936 2703 2990 alterum
2752 2951 2861 2989 non
2917 2935 3309 2990 adorabitis."
3350 2954 3369 2987 ι
3409 2936 3470 2989 Et

215 3019 338 3090 Θεῷ
359 3022 551 3095 ἑτέρῳ.
577 3044 595 3076 ι
632 3028 742 3081 Kal
773 3030 892 3099 μετ’
906 3032 1091 3100 ὀλίγα·
1128 3051 1147 3085 ι
1178 3034 1286 3087 Kal
1305 3034 1461 3098 θεοὺς
1495 3036 1796 3105 χωνευτοὺς

1900 3031 2022 3094 post
2056 3038 2230 3094 pauca
2285 3043 2297 3079 :
2356 3041 2375 3075 ι
2410 3023 2476 3077 Et
2537 3025 2695 3090 deos,
2768 3025 2974 3095 inquit,
3028 3024 3333 3082 conﬂatiles
3364 3041 3469 3080 non

215 3113 284 3165 οὐ
317 3116 563 3184 ποιήσεις
594 3121 824 3201 σεαρτῷ.
856 3140 875 3174 ι

688 3121 824 3201 ρτῷ.
856 3140 875 3174 ι
1901 3116 2066 3169 facies
2096 3115 2197 3170 tibi
2229 3116 2294 3172 ³³.
2321 3135 2339 3168 ι

294 3203 360 3267 ζ’.
400 3206 584 3278 Ὁρᾷς,
615 3193 700 3273 ὡς⁷
736 3193 837 3283 τῆς
885 3214 1332 3289 είδωλολατρείας
1371 3218 1555 3283 ἕνεκα,
1587 3220 1794 3287 ἁπαγο-
1822 3262 1863 3289 η

1822 3262 1863 3289 η
1973 3205 2026 3257 7.
2061 3204 2258 3261 Annon
2293 3206 2447 3262 vides
2474 3206 2617 3277 quod
2650 3206 2977 3263 idololatria:
3014 3207 3466 3278 fugiendtcgrauz:

304 3262 320 3267 -
464 3262 475 3277 .
630 3262 635 3263 ν
670 3262 687 3273 .
750 3262 834 3283 η..
888 3262 1329 3289 ---ηαυπτ--..ι
1372 3262 1555 3283 -.-πη
1590 3262 1767 3287 παν..-

222 3295 374 3364 ρεύει
397 3299 494 3370 τήν
519 3302 961 3375 εἰκονογραφίαν,
1001 3309 1095 3361 καὶ
1123 3309 1205 3362 ὅτι
1237 3310 1496 3365 ἀδύνατον
1532 3310 1795 3375 εἰκονίζε-
1822 3262 1866 3320 C

1822 3262 1866 3320 C
1902 3295 2174 3366 imagines
2198 3262 2812 3368 eil‘ormarilprobibeat
2838 3316 2852 3363 ;
2880 3262 3107 3367 quippe”
3124 3313 3246 3352 cum
3277 3262 3329 3351 iii
3367 3300 3466 3366 pri-

223 3386 349 3439 σθαι
379 3387 532 3455 Θεὸν,
554 3391 645 3445 τὸν
671 3393 897 3461 άποσον,
931 3397 1026 3449 καὶ
1052 3398 1483 3470 ἀπερίγραπτον,
1523 3402 1615 3455 καὶ
1639 3401 1801 3473 ἀόρα-

1902 3389 2007 3445 mis
2056 3388 2172 3444 ﬁeri
2202 3403 2311 3443 non
2365 3390 2563 3459 possit,
2604 3397 2663 3443 ut
2707 3388 2911 3460 emgies
2963 3389 3058 3445 Dei
3113 3391 3472 3459 exprimatur,

220 3493 349 3544 τον;
385 3496 405 3530 ι
434 3481 509 3533 Οὐ
539 3482 647 3553 γὰρ
676 3481 813 3547 εἶδος
836 3486 1023 3552 αὑτοῦ,
1052 3490 1234 3559 φησὶν,
1269 3491 1548 3561 ἑωράκατε
1568 3508 1581 3522 ·
1612 3510 1632 3543 ι
1657 3491 1801 3545 καθὰ

1903 3482 1997 3552 qui
2029 3495 2132 3536 nec
2165 3481 2534 3551 quantitatem
2576 3481 2767 3547 habet,
2801 3498 2903 3537 nec
2932 3481 3335 3543 circumscribi,
3376 3496 3476 3534 nec

221 3569 321 3622 καὶ
345 3570 555 3635 Παῦλος
579 3574 750 3639 ἑστὼς
774 3578 832 3629 ὲν
863 3578 1015 3648 μέσῳ
1040 3579 1135 3631 τοῦ
1166 3580 1375 3653 ’Λρείου
1402 3582 1600 3649 πάγου,
1628 3582 1760 3653 φησί
1784 3599 1798 3614 ’

1904 3572 2144 3642 perspici
2204 3573 2419 3641 potest?
2451 3591 2470 3623 ι
2527 3571 2717 3641 Neque
2764 3573 2910 3627 enim
2962 3572 3215 3635 formam,
3276 3572 3476 3637 inquit.

229 3680 251 3712 ι
283 3660 442 3725 Γένος
468 3659 563 3717 οὖν
589 3666 927 3737 ὑπάρχοντες
962 3668 1056 3721 τοῦ
1086 3668 1245 3734 Θεοῦ,
1278 3671 1379 3724 οὐκ
1404 3672 1693 3741 ὀφείλομεν
1720 3689 1804 3725 νος
1905 3662 2080 3731 ἰρεὶυε
2107 3661 2470 3731 Ροτδβθιίδιίε
2497 3662 2568 3714 ¹³ι
2605 3680 2623 3713 ³
2652 3661 3126 3728 Ουθηὶθάωοάυῐη
3152 3662 3314 3717 fliam
3347 3660 3471 3715 Ρῖὶυ·

227 3754 426 3824 μίζειν,
466 3758 693 3828 χρυσίῳ,
729 3759 762 3829 ἢ
794 3759 1123 3832 άργυρίῳ,ἢ
1169 3760 1322 3833 λίθῳ,
1357 3764 1673 3835 χαράγματι
1717 3764 1803 3817 τέ-

1905 3754 1993 3808 lus
2031 3753 2086 3808 in
2141 3751 2324 3808 medio
2361 3762 2516 3809 stans
2548 3753 2843 3825 Areopagi,
2878 3754 2956 3808 ait
2988 3771 3002 3810 :
3058 3772 3079 3806 ι
3110 3753 3298 3809 Genus
3345 3769 3476 3824 ergo

222 3863 360 3915 χνης
419 3849 512 3901 καὶ
573 3849 922 3922 ἐνθυμήσεως
983 3852 1274 3924 ἀνθρώπου
1304 3894 1319 3920 ,
1368 3856 1431 3909 τὺ
1474 3854 1616 3910 θεῖον
1667 3851 1805 3910 εῖναι

1906 3859 2032 3901 cum
2071 3845 2247 3899 simus
2302 3843 2418 3905 Dei,
2454 3857 2560 3897 non
2616 3843 2884 3900 debemus
2940 3845 3218 3900 :cstimare
3268 3859 3403 3897 auro
3430 3854 3483 3901 et

224 3936 434 4007 ὅμοιον.
477 3956 494 3989 ι
1909 3946 2160 4007 argento,
2198 3943 2292 3989 aut
2325 3935 2493 4005 lapidi
2529 3936 2829 4005 sculptura:
2864 3937 3022 4001 artis,
3046 3945 3102 3992 et
3126 3936 3480 4007 cogitationis

1911 4027 2152 4082 hominis
2176 4025 2420 4081 divinum
2452 4040 2577 4082 esse
2606 4026 2790 4082 simile
2818 4027 2891 4118 ἰ..
2930 4045 2948 4078 ι

300 4122 372 4188 η’.
414 4116 690 4180 Ἰουδαίοις
722 4118 843 4187 μὲν,
873 4116 964 4172 διὰ
986 4117 1049 4172 τὸ
1073 4118 1213 4189 πρὸς
1242 4118 1690 4190 είδωλολατρείαν
1722 4118 1809 4172 εὐ-

1980 4118 2035 4173 8.
2070 4117 2276 4173 Ιιιᾶεείε
2333 4117 2579 4188 quidem,
2623 4116 2891 4186 quoniam
2933 4116 3000 4170 ad
3061 4116 3204 4172 idbla
3256 4118 3480 4172 colenda

225 4210 443 4265 ὄλισθον
493 4210 669 4263 ταῦτα
714 4211 1137 4282 νενομοθέτητοο
1179 4213 1339 4282 ἡμεῖς
1363 4213 1442 4275 δὲ,
1485 4212 1811 4280 θεολογικῶς

1917 4208 2313 4280 propensiores
2340 4213 2521 4270 erant,
2550 4206 2666 4259 haec
2697 4206 2944 4274 injuncta
2974 4205 3215 4260 fuerunt.
3249 4206 3358 4261 Nos
3389 4222 3484 4261 au-

226 4305 427 4368 είπεῖν,
458 4300 542 4367 οἷς
555 4303 742 4377 ,ἐδόθη
791 4305 1024 4373 φυγοῦσι
1054 4306 1152 4375 τὴν
1181 4305 1551 4376 δεισιδαίμονα
1600 4306 1810 4378 πλάνην

1912 4308 2045 4362 tem,
2083 4297 2305 4367 quibus,
2364 4304 2425 4351 ut
2483 4311 2611 4372 cupi
2663 4295 2941 4366 'flieologo
2975 4295 3173 4365 loquar
3199 4297 3266 4358 ³³,
3296 4297 3482 4351 datum

231 4396 373 4467 μετὰ
400 4395 491 4450 τοῦ
518 4395 651 4449 Θεοῦ
694 4395 965 4464 γενέσθαι,
1008 4398 1348 4465 ἐπεγνωκόσι
1391 4396 1487 4467 τὴν
1524 4398 1804 4467 ἀλήθειαν,

1911 4400 2016 4455 est.
2082 4401 2160 4457 ut,
2221 4390 2427 4447 evitato
2484 4389 2899 4459 superstitionis
2936 4404 3149 4457 errore,
3200 4398 3254 4445 et
3298 4391 3486 4459 agnita

228 4489 327 4543 καὶ
355 4487 474 4556 Θεῷ
505 4488 649 4557 μόνῳ
681 4485 985 4558 λατρεύειν,
1015 4489 1110 4542 καὶ
1138 4489 1235 4559 τῆς
1270 4488 1600 4557 θεογνωσίας
1646 4507 1807 4544 κατα-

1913 4485 2164 4549 veritate,
2189 4498 2316 4538 eum
2350 4481 2460 4537 Deo
2500 4497 2634 4552 pure
2684 4496 2990 4547 versemur,
3037 4482 3197 4552 eique
3238 4484 3339 4538 soli
3372 4500 3489 4539 ser-

230 4578 534 4647 πλουτῆσαι
556 4578 654 4648 τὴν
686 4577 1019 4649 τελειότητα,
1056 4580 1148 4634 καὶ
1177 4581 1257 4643 είς
1280 4580 1448 4650 ἄνδρα
1469 4580 1809 4650 καταντῆσαι
1841 4589 1881 4649 ι]

1841 4576 2151 4649 Dvientes,
2204 4573 2479 4644 perfectas
2526 4572 2728 4627 divinae
2782 4572 3039 4628 scientiae
3086 4573 3309 4630 divitias
3334 4589 3484 4632 assei

225 4671 455 4735 τέλειον,
475 4670 806 4739 παρελθοῦσι
835 4670 933 4741 τὴν
960 4670 1285 4741 νηπιότητα,
1307 4670 1407 4723 οὐκ
1428 4670 1507 4723 ἔτι
1529 4671 1635 4723 ὑπὸ
1653 4672 1810 4725 παιδ-

1912 4682 2171 4739 quamur,
2239 4681 2304 4722 ac
2356 4664 2602 4721 infantiae
2652 4672 2814 4720 aetate
2864 4673 3146 4722 transacta
3198 4667 3253 4719 in
3310 4666 3486 4720 virum

226 4761 449 4831 αγωγδν
482 4761 670 4831 ἐσμὲν,
699 4760 955 4824 λαϐόντες
985 4762 1086 4830 τὴν
1116 4760 1461 4831 διακριτικὴν
1512 4761 1625 4825 ἕξιν
1657 4760 1810 4832 παρά

1910 4758 2218 4831 perfectum
2249 4770 2615 4811 occurramus
2643 4757 2709 4823 ",
2748 4771 2859 4809 non
2893 4771 3086 4810 sumus
3120 4758 3354 4825 amplius
3385 4757 3488 4813 sub

228 4854 392 4919 Θεοῦ,
427 4854 523 4907 καὶ
553 4853 754 4915 ειδότες
776 4852 830 4905 τί
860 4850 921 4904 τὸ
953 4850 1375 4921 είκονιζόμενον,
1409 4852 1503 4904 καὶ
1543 4852 1595 4904 τί
1628 4857 1690 4904 τὸ
1729 4852 1811 4904 εί·-

1914 4849 2305 4921 paedagogo",
2347 4850 2549 4918 quippe
2603 4847 2697 4916 qui
2749 4846 3103 4901 discernendi
3166 4846 3484 4902 facultatem

229 4943 352 4999 κόνι
383 4942 458 5013 μὴ
492 4943 993 5011 περιγραφόμενον.
1035 4960 1053 4992 ι
1083 4941 1157 4993 Οὺ
1193 4941 1302 5012 γὰρ
1326 4936 1465 5003 εἶδος
1491 4941 1675 5007 αὑτοῦ,
1702 4959 1810 5012 φη-

1914 4949 1968 4997 et
2002 4939 2253 4994 habitum
2286 4938 2599 4998 consecuti,
2638 4936 2771 4991 illud
2805 4938 3050 4992 sciamus
3088 4938 3216 5006 quid
3250 4939 3488 5009 imagine

233 5037 343 5097 alv,
378 5035 679 5104 ἑωράκατε.
711 5053 728 5085 ι
782 5033 955 5086 Βαϐαὶ
997 5032 1094 5102 τῆς
1127 5034 1320 5101 σοφίας
1351 5032 1444 5085 τοῦ
1478 5032 1768 5103 νομοθέτου
1795 5036 1806 5088 !

1912 5031 2144 5102 exprimi
2183 5030 2380 5101 possit,
2440 5029 2644 5099 quidve
2679 5029 2959 5084 delineare
3012 5035 3127 5083 non
3182 5030 3369 5085 liccat.
3399 5033 3482 5085 Ait

231 5125 360 5189 Πῶς
390 5124 821 5194 εἰκονισθήσεται
865 5125 926 5177 τὸ
973 5125 1228 5196 ἀόρατον;
1263 5125 1387 5187 Πῶς
1421 5126 1806 5198 εἰκασθήσεται

1888 5122 2057 5186 ,cniin
2097 5141 2109 5176 :
2144 5139 2162 5174 σ
2197 5120 2308 5176 Nec
2365 5119 2598 5173 formam
2653 5121 2826 5190 ipsius
2883 5118 3122 5175 vidistis.
3161 5139 3179 5172 ι
3220 5119 3362 5175 Proh
3393 5138 3484 5175 sa-

232 5218 295 5270 τὸ
316 5217 633 5271 ἀνείκαστον
656 5232 669 5279 ;
699 5216 821 5279 Πῶς
849 5217 1196 5287 γραφήσεται
1225 5215 1281 5269 τὺ
1310 5216 1533 5280 άποσον,
1558 5218 1652 5271 καὶ
1674 5218 1808 5287 ἀμέ-

1919 5215 2179 5283 pientiam
2211 5210 2584 5282 lcgislatoris!
2623 5211 2770 5279 quod
2809 5211 3029 5265 uisibile
3069 5228 3177 5267 non
3208 5222 3313 5277 est,
3354 5228 3487 5282 qua-

232 5306 414 5373 γεθες,
440 5306 533 5359 καί
563 5306 847 5375 ἁόριστον;
881 5304 1005 5368 Πῶς
1031 5304 1397 5369 ποιωθήσεται
1437 5305 1498 5357 τὸ
1536 5306 1808 5369 ἀνείδεονς

1918 5318 2043 5357 nam
2075 5301 2365 5371 eﬂingatur
2419 5300 2692 5371 imagine?
2723 5299 2958 5366 Quinam
3001 5300 3124 5370 ejus
3167 5301 3488 5357 eil‘oriuetur

234 5396 361 5461 Πῶς
396 5397 1032 5469 χρωματουργηθήσεται
1060 5398 1121 5450 τὸ
1150 5395 1475 5466 domitam};
1505 5396 1569 5449 Τί
1614 5393 1707 5450 οὖν
1749 5398 1809 5448 τὸ

1917 5394 2145 5464 eﬂigies,
2180 5392 2329 5465 quod
2367 5407 2469 5447 nec
2515 5392 2816 5461 conjectari
2872 5391 3093 5462 possit?
3126 5392 3244 5459 Qua
3278 5395 3487 5449 ratione

314 5513 355 5545 ¹⁷
399 5510 553 5563 Deut.
594 5526 668 5569 Iv,
728 5510 813 5562 li.
895 5509 937 5542 ¹⁸
966 5508 1098 5562 ibid.
1131 5509 1322 5563 13-17.
1426 5510 1467 5540 ‘9
1510 5510 1641 5562 ibid.
1688 5509 1774 5563 19.
1853 5508 1898 5538 ²⁰
1941 5507 2095 5564 Deut.
2124 5522 2177 5569 v,
2210 5504 2264 5558 8.
2374 5504 2418 5535 "
2455 5502 2611 5557 Deut.
2681 5519 2789 5567 xu,
2827 5504 2879 5556 5.
2996 5506 3039 5536 "
3069 5504 3243 5558 Exod.
3302 5521 3485 5565 xxxiv,

240 5582 329 5635 17.
407 5581 454 5613 ’³
482 5579 639 5634 Deut.
668 5598 737 5643 tv,
774 5580 859 5635 l2.
936 5580 983 5609 “
1012 5580 1133 5633 Act.
1193 5595 1326 5642 xvn,
1354 5579 1443 5633 29.
1547 5580 1596 5611 ’³
1631 5578 1791 5646 Greg.
1832 5576 1963 5630 Naz.
2002 5582 2143 5629 orat.
2170 5575 2261 5629 59.
2368 5574 2411 5604 ⁸⁸
2441 5572 2640 5643 Eplics.
2690 5588 2764 5639 iv,
2800 5574 2881 5627 15.
2990 5577 3035 5607 ³⁷
3065 5574 3239 5627 Galat.
3281 5590 3364 5634 III,

1504 5698 1737 5754 V'Al‘thE
1788 5696 2190 5752 LECTIONES.

320 5842 345 5878 δ’
407 5840 538 5896 Mss.
579 5840 780 5912 Κύριος
826 5841 959 5913 πρὸς
987 5842 1151 5911 ἡμᾶς.
1195 5842 1286 5898 Sic
1318 5842 1485 5897 linus
1510 5840 1767 5894 [lautitias
1798 5840 2005 5893 (ιιϊηυδ.
2033 5839 2103 5892 Αι
2134 5837 2189 5893 in
2220 5835 2643 5894 Deutcronomio
2676 5837 2875 5908 legitur
2899 5839 2965 5890 ad
2999 5855 3107 5902 vos,
3148 5836 3279 5907 πρὶις
3318 5837 3458 5907 ὑμᾶς
