4182 6476
760 371 896 440 1239

1919 378 1980 438 s.
2020 378 2340 438 JOANNIS
2362 378 2792 440 DAMASCENI
2849 417 2858 467 _-

3801 412 3804 419 τ
3894 384 4031 458 tam

753 488 1082 550 delincetur,
1112 485 1260 555 quod
1299 489 1631 556 quantitate,
1666 490 1833 554 mole,
1885 499 1938 544 et
1978 490 2218 544 termino
2243 503 2329 545 ca-

2441 493 2721 560 μυστικῶς
2761 455 3133 562 μηνυόμενον;
3170 491 3340 561 Δῆλον
3386 493 3482 557 ὡς,
3513 495 3642 546 ὅταν
3675 495 3794 567 ἴδῃς
3845 455 3937 550 διά
3971 501 4029 552 σι

757 575 887 630 ret?
937 573 1229 640 Quomodo
1296 576 1469 644 illius,
1535 578 1680 648 quod
1738 577 1926 633 forma:
1982 585 2068 633 est
2113 592 2333 647 expers,

757 669 939 722 forma
1009 667 1475 724 adumbrabitur?
1530 669 1881 736 Quibusnam
1933 671 2179 733 tandem,
2240 671 2332 738 qui

755 775 1059 830 corporeus
1119 776 1231 815 non
1285 769 1390 826 est,
1423 761 1706 816 coloribus
1751 761 2145 818 describetur?
2189 760 2332 826 Quid

754 851 921 919 igitur
953 850 1204 922 mysterii
1245 851 1332 906 his
1361 852 1416 905 in
1459 851 1601 907 locis
1627 851 1944 907 indicatur?
1975 850 2126 907 Istud
2163 849 2332 906 dubio

755 942 983 1011 procul,
1031 950 1112 1007 ut,
1163 958 1288 997 cum
1320 958 1446 998 eum
1494 944 1587 1014 qui
1637 943 2000 1013 incorporeus
2040 951 2148 1008 est,
2204 955 2333 1011 pro-

753 1042 876 1103 pter
908 1042 960 1089 te
991 1033 1268 1088 hominem
1302 1033 1508 1090 factum
1531 1034 1912 1104 conspexeris,
1939 1041 2054 1107 tum
2080 1033 2332 1088 humanae

754 1125 904 1180 illius
932 1124 1124 1180 formae
1163 1125 1583 1182 similitudinem
1615 1128 1901 1196 exprimas
1931 1145 1944 1181 :
1987 1141 2114 1180 cum
2163 1126 2209 1179 is
2237 1123 2331 1198 qui

752 1219 902 1272 cerni
938 1233 1044 1272 non
1077 1227 1280 1286 potest,
1316 1233 1484 1275 carne
1516 1219 1881 1288 conspicuum
1924 1233 1984 1274 se
2013 1215 2329 1286 praebuerit,

753 1318 865 1361 tum
933 1310 1227 1380 imaginem
1281 1311 1456 1380 ipsius
1507 1310 1732 1366 facias:
1793 1325 1916 1365 cum
1985 1309 2078 1364 ille
2128 1309 2223 1379 qui
2276 1309 2330 1361 in

753 1398 926 1460 forma
956 1400 1050 1479 Dei
1076 1399 1352 1455 exsistens
1390 1401 1456 1466 ’⁸,
1492 1410 1716 1470 propter
1753 1411 1964 1454 natura:
2002 1416 2116 1456 sua:
2145 1401 2328 1455 excela

752 1492 998 1557 tentiam,
1035 1500 1090 1546 et
1122 1507 1381 1561 corpore,
1427 1502 1484 1558 et
1527 1493 1726 1564 ﬁgura,
1778 1501 1834 1547 et
1887 1492 2222 1562 quantitate,
2276 1499 2331 1545 et

749 1583 1038 1650 qualitate,
1089 1591 1144 1636 et
1181 1585 1559 1651 magnitudine
1608 1593 1797 1647 vacat,
1823 1584 1998 1639 forma
2029 1583 2174 1638 servi
2211 1597 2334 1637 sus-

750 1680 931 1740 cepta,
982 1672 1051 1726 ad
1111 1674 1481 1741 quantitatem
1527 1677 1967 1744 qualitatemque
2029 1688 2152 1728 sese
2198 1687 2330 1726 con-

748 1762 1003 1827 traxerit,
1041 1777 1104 1817 ac
1125 1765 1379 1833 corporis
1407 1766 1636 1836 ﬁguram
1669 1751 1911 1823 induerit
1939 1766 2007 1828 ",
2041 1774 2170 1819 tunc
2204 1780 2330 1818 eum

2440 582 2728 652 γενόμενον
2756 583 3044 653 ἄνθρωπον
3067 583 3161 638 τδν
3179 582 3492 652 ἀσώματον,
3511 583 3631 636 τότε
3657 585 3890 655 δράσεις
3928 589 4030 657 τῆς

2435 673 2789 746 ἀνθρωπίνης
2853 675 3070 746 μορφῆς
3129 676 3190 728 τὺ
3256 676 3592 746 ἐκτύπωμαν
3641 679 3773 730 ὅταν
3827 681 4028 748 ὁρατὸς

2437 763 2605 831 σαρκὶ
2629 765 2658 815 6
2679 762 2911 833 ἀόρατος
2930 765 3180 834 γένηται,
3211 763 3336 817 τότε
3363 764 3650 828 είκονίσεις
3677 765 3740 818 τὸ
3763 765 3869 818 τοῦ
3895 768 4026 837 δρα-

2435 849 2618 915 θέντος
2642 851 2924 922 ὁμοίωμα·
2961 854 3051 907 ὅτε
3078 855 3106 906 6
3141 853 3431 924 ἀσώματος
3457 855 3552 909 καὶ⁵
3585 855 4025 924 ἀσχημάτιστος,
4093 896 4096 900 .

2433 941 2637 1006 ἀποσός
2677 960 2738 996 τε
2781 944 2878 996 καὶ
2909 943 3198 1015 άπήλικος,
3229 948 3326 1000 καὶ
3357 945 3636 1016 ἀμεγέθης
3665 950 3732 1016 τῇ
3773 949 4025 1018 ὑπεροχῇ

2431 1033 2530 1102 τῆς
2563 1033 2763 1097 ἑαυτοῦ
2791 1033 3027 1102 φύσεως,
3060 1036 3090 1086 6
3113 1037 3172 1088 έν
3198 1040 3382 1107 μορφῇ
3408 1036 3544 1090 Θεοῦ
3572 1038 3869 1108 ὑπάρχων,
3899 1056 4028 1108 μορ-

2433 1123 2542 1191 φὴν
2564 1122 2755 1176 δούλου
2785 1121 2966 1178 λαϐὼν
2993 1124 3166 1196 ταύτῃ
3205 1125 3444 1196 συσταλῇ
3488 1127 3622 1196 πρὸς
3653 1128 3942 1196 ποσότητα
3970 1145 4028 1181 τι

2434 1209 2529 1264 καὶ
2556 1211 2916 1282 πηλικότητα,
2940 1213 3035 1266 καὶ
3062 1214 3389 1285 χαρακτῆρα
3419 1217 3710 1286 περιθῖιται
3741 1216 4026 1283 σώματος,

2431 1301 2553 1355 τότε
2593 1303 2651 1354 έν
2682 1302 2866 1367 πίναξι
2895 1303 3153 1374 χάραττε,
3185 1304 3280 1358 καὶ
3328 1306 3575 1359 άνατίθει
3615 1308 3757 1377 πρὸς
3787 1307 4028 1378 θεωρίαν

2432 1391 2524 1444 τὸν
2570 1392 2835 1462 ὁραθῆναι
2892 1394 3344 1465 καταδεξάμενον.
3380 1397 3632 1464 Χάραττε
3679 1398 3883 1451 τούτου
3932 1399 4026 1469 τὴν

2432 1480 2637 1547 ἄφατον
2691 1482 3120 1550 συγκατάϐασιν,
3150 1483 3248 1555 τήν
3298 1485 3363 1536 ἐκ
3411 1485 3691 1555 Παρθένου
3739 1488 4024 1556 γέννησιν,

2432 1572 2622 1642 τὴνὲν
2671 1571 2911 1644 Ἰορδάνῃ
2959 1573 3238 1643 βάπτισιν,
3271 1572 3370 1645 τὴν
3402 1575 3460 1626 ὲν
3499 1573 3699 1643 Θαϐὼρ
3737 1577 4024 1647 μεταμόρο

2432 1665 2712 1732 φωσιν,τά
2751 1663 2898 1734 πάθη
2925 1664 2994 1718 τὰ
3019 1665 3117 1735 τῆς
3149 1665 3420 1729 ἀπαθείας
3448 1666 3705 1735 πρόξενα,
3739 1668 3839 1720 τὸν
3873 1668 4025 1720 θάνα-

2431 1771 2542 1818 τον,
2572 1757 2642 1810 τὰ
2676 1756 2952 1827 θαύματα,
2978 1757 3047 1812 τά
3090 1758 3188 1828 τῆς
3235 1759 3387 1822 Θείας
3414 1759 3581 1812 αὐτοῦ
3629 1760 3888 1829 σύμϐολα
3924 1761 4023 1828 φύ-

746 1851 905 1922 311
937 1854 991 1908 in
1025 1855 1240 1911 tabellis
1257 1857 1528 1926 exprime,
1559 1866 1614 1913 et
1645 1851 2098 1927 eonsmciemlum
2127 1856 2327 1925 praebe,

2433 1844 2595 1911 σεως,
2619 1847 2686 1900 δι’
2715 1850 2997 1918 ἐνεργείας
3031 1851 3234 1921 σαρκὸς
3264 1850 3516 1921 ἐνεργείᾳ
3547 1851 3670 1922 θείᾳ
3701 1854 4024 1924 πραττόμε·

746 1942 841 2010 qui
882 1945 1132 2014 conspici
1163 1945 1360 2000 voluit.
1417 1946 1869 2020 lnexplicabilem
1917 1946 2094 2015 ipsius
2122 1945 2328 1999 demiso

747 2033 960 2087 sionem
997 2049 1186 2100 exara,
1231 2045 1415 2091 ortum
1460 2052 1526 2092 ex
1572 2035 1819 2108 Virgine,
1869 2036 2208 2107 baptismum
2270 2036 2326 2090 in

747 2121 1010 2190 Jordane,
1073 2126 1622 2198 transﬁgurationem
1683 2127 1740 2182 in
1813 2136 2002 2183 monte
2065 2126 2326 2194 Thabor;

750 2214 1032 2270 cruciatus
1077 2225 1133 2272 et
1162 2227 1423 2281 mortem,
1476 2233 1598 2287 qua:
1649 2218 2123 2273 immortalitatem
2166 2216 2328 2274 nobis

747 2305 1154 2378 conciliarunt;
1192 2323 1284 2365 res
1331 2308 1708 2375 admirandas,
1751 2310 1939 2366 carnis
1994 2309 2328 2376 ministerio,

748 2395 856 2450 sed-
874 2395 1066 2451 divina
1117 2399 1325 2454 virtute
1370 2406 1642 2468 patratas,
1687 2415 1812 2468 qua“:
1854 2399 2100 2454 divinam
2151 2399 2328 2470 ipsius

747 2495 1002 2540 naturam
1038 2489 1368 2557 promebant
1392 2504 1654 2555 ;crucem
1691 2490 1841 2547 illam
1879 2489 2204 2552 salutarem,
2242 2504 2328 2544 se-

747 2575 1051 2643 pulturam,
1105 2579 1595 2643 resurrectionem,
1652 2579 1705 2633 in
1758 2579 1932 2634 cut-los
1993 2595 2327 2647 ascensum;

750 2670 864 2722 haec
890 2669 1076 2724 omnia
1119 2677 1236 2724 tum
1291 2671 1500 2736 verbis,
1557 2678 1672 2725 tum
1723 2671 2004 2726 coloribus
2047 2670 2326 2727 describe.

747 2764 894 2819 Nihil
921 2780 1156 2835 prorsus
1180 2781 1432 2832 vereare,
1481 2767 1622 2821 nihil
1663 2776 1900 2831 metuas,
1939 2767 2326 2821 adorationum

749 2855 874 2909 novi
923 2855 1269 2910 discrimina.
1327 2855 1596 2910 Adoravit
1661 2853 1936 2909 Abraham
1995 2853 2139 2907 tilios
2201 2853 2329 2907 Em-

749 2961 868 3000 mor
923 2945 992 3009 ³⁰,
1053 2945 1315 3000 homines
1376 2945 1603 3014 impios,
1670 2953 1724 2998 et
1795 2941 2167 3012 ignorationis
2229 2941 2328 2997 Dei

2432 1956 2519 2002 να,
2553 1939 2646 1994 τὸν
2685 1941 2918 2011 σταυρὸν
2950 1942 3042 1996 τὸν
3081 1945 3367 2014 σωτήριον,
3395 1944 3493 2014 τὴν
3521 1945 3725 2012 ταφὴν,
3759 1943 3867 2014 τὴν
3896 1946 4024 1999 (avd-

2433 2046 2642 2096 στασιν,
2672 2031 2772 2103 τὴν
2803 2037 2882 2096 εἰς
2921 2034 3184 2104 οὐρανοὺς
3219 2035 3433 2087 άνοδονο
3470 2037 3648 2088 πάντα
3676 2038 3890 2104 γράφε,
3932 2039 4024 2091 καὶ

2430 2119 2592 2190 λόγῳ,
2631 2123 2724 2176 καὶ
2754 2122 3026 2194 χρώμασι.
3062 2124 3156 2195 Μὴ
3185 2125 3375 2197 φοϐοῦ,
3418 2125 3493 2196 μὴ
3519 2126 3684 2178 δέδιθι
3704 2145 3717 2157 ·
3756 2123 3883 2178 οἶδα
3911 2129 4023 2180 δια-

2430 2213 2604 2284 φοράν
2659 2218 3105 2287 προσκυνήσεως.
3153 2218 3534 2288 Προσεκύνησε
3581 2219 3716 2271 ποτὲ
3763 2217 4021 2290 Ἀϐραάμ

2427 2309 2542 2368 τοῖς
2572 2305 2707 2370 υἱοῖς
2747 2307 3000 2378 Ἑμμὼρ,
3024 2309 3116 2362 ὅτε
3162 2309 3223 2362 τὺ
3268 2310 3534 2381 σπήλαιον
3578 2311 3640 2363 τὸ
3672 2311 3911 2364 διπλοῦν
3945 2315 4020 2374 εἰς

2427 2396 2601 2466 τάφου
2635 2397 2838 2469 κλῆρον
2859 2399 3128 2470 ὠνήσατο,
3160 2400 3419 2471 ἀνδράσιν
3449 2401 3694 2464 ἀσεϐέσι,
3715 2402 3817 2454 καὶ
3841 2403 4021 2470 ἀγνω-

2431 2488 2552 2542 σίαν
2585 2489 2803 2544 νοσοῦσι
2827 2491 2996 2544 Θεοῦ·
3030 2492 3440 2563 προσεκύνησεν
3485 2493 3682 2547 Ἰακὼϐ
3710 2494 3909 2552 ,Ἡσαῦ
3946 2493 4022 2562 τῷ

2429 2578 2668 2650 ἀδελφῷ,
2702 2583 2798 2634 καὶ
2822 2583 3027 2653 ⁴Ιιαραὼ
3057 2583 3215 2655 ἀνδρί⁵
3251 2585 3554 2655 Αίγυπτίῳ,
3585 2585 3726 2638 ἀλλά
3767 2587 3881 2655 μὴν
3927 2585 4020 2639 καὶ

2384 2739 2393 2747 .
2429 2670 2524 2722 ἐπὶ
2572 2670 2633 2722 τὸ
2684 2673 2852 2743 ἀκρον
2901 2674 3002 2742 τῆς
3033 2674 3260 2746 ῥάϐδου·
3297 2675 3676 2745 προσεκύνησε
3733 2675 3858 2744 μὲν,
3893 2677 4020 2728 ἀλλ’

2429 2762 2528 2814 οὐκ
2576 2761 2874 2832 ἐλάτρευσε
2895 2779 2907 2791 '
2948 2765 3365 2836 προσεκύνησαν
3407 2766 3613 2835 Ἰησοῦς
3642 2767 3669 2818 6
3700 2767 3797 2819 τεῦ
3829 2766 4016 2835 Ναυῆ,

2429 2854 2525 2904 καὶ
2555 2853 2753 2924 Δανιὴλ
2782 2854 2997 2925 ἀγγέλῳ
3024 2854 3184 2921 Θεοῦ,
3220 2856 3336 2910 ἀλλ’
3361 2855 3463 2909 ούκ
3487 2856 4018 2927 ὲλάτρευσαν.Ἕτε-

2431 2961 2524 3013 ρον
2559 2945 2668 3014 γάρ
2693 2947 2841 3000 ἐστιν
2871 2947 2904 3016 ή
2931 2947 3029 3017 τῆς
3059 2948 3317 3018 λατρείας
3350 2949 3744 3019 προσκύνησις,
3777 2949 3874 3001 καὶ
3902 2949 4016 3000 ἐτε-

747 3037 944 3092 morbo
999 3037 1352 3100 laborantes,
1417 3052 1544 3091 eum
1593 3037 1647 3090 in
1709 3036 1952 3105 sepulcri
2019 3035 2329 3106 possessio-

2429 3017 2525 3105 Ἶρον
2577 3037 2611 3104 ὴ
2659 3037 2723 3089 ὲκ
2762 3037 2930 3107 τιμῆς
2976 3016 3365 3111 προσαγομένη
3393 3016 3677 3134 τοῖςριατά
3702 3056 3764 3122 τι.
3794 3038 4042 3106 ἀξίωμα,

747 3143 872 3197 nem
931 3125 1256 3200 speluncam
1306 3128 1581 3197 duplicem
1631 3126 1786 3181 emit.
1840 3126 2105 3180 Adoravit
2147 3125 2322 3180 Jacoh

2433 3128 2808 3199 ὑπερέχουσιν.
3145 3199 3154 3204 ‘
3263 3150 3266 3153 ·

749 3218 980 3276 fratrem
1027 3234 1192 3275 suum
1250 3221 1420 3284 Esau,
1493 3227 1548 3274 et
1599 3219 1946 3274 Pharaonem
2012 3223 2190 3273 virum
2236 3218 2554 3290 {Egyptium
2612 3240 2625 3275 :
2682 3224 2813 3293 quin
2852 3223 3016 3278 etiam
3066 3223 3348 3298 fastigium
3383 3226 3548 3296 virga:
3587 3224 3837 3278 adoravit
3891 3221 4014 3292 qni-

746 3314 897 3378 dem,
951 3326 1051 3367 nec
1105 3318 1289 3367 tamen
1347 3312 1522 3367 latriae
1571 3314 1781 3367 cultum
1821 3313 2000 3368 eidem
2050 3313 2322 3368 exhibuit.
2385 3313 2770 3371 Adoraverunt
2818 3317 2983 3374 Jesus
3022 3318 3172 3375 Nave
3233 3319 3397 3385 ﬁlius,
3445 3331 3499 3375 et
3570 3319 3758 3373 Daniel
3835 3333 4010 3390 ange-

662 3458 679 3470 __
749 3405 858 3458 lnm
885 3403 982 3459 Dei
1016 3422 1030 3458 :
1064 3413 1122 3457 at
1149 3404 1325 3458 latria:
1350 3405 1566 3460 cultum
1605 3406 1926 3474 neutiquam
1966 3407 2045 3460 illi
2114 3405 2521 3474 impenderunt.
2563 3410 2683 3463 Alia
2739 3413 2942 3481 quippe
2980 3413 3231 3469 adoratio
3300 3423 3404 3477 est,
3483 3429 3592 3481 qua
3652 3413 3827 3466 latriaa
3898 3428 4016 3468 ser—

748 3497 987 3567 vilisque
1018 3497 1206 3553 cultus
1232 3499 1549 3564 exhibetur,
1583 3506 1640 3554 et
1672 3498 1802 3564 alia,
1846 3514 1954 3568 qua
2005 3499 2233 3554 honoris
2300 3499 2472 3566 gratia
2517 3501 2768 3559 homines
2833 3507 2888 3558 in
2920 3504 3184 3576 dignitate
3209 3505 3444 3575 quadam
3482 3506 3820 3559 constitutos
3850 3519 4017 3559 vene-

749 3604 959 3644 ramur.

816 3681 873 3737 9.
914 3679 1184 3737 Caeterum
1209 3681 1526 3762 quando-de
1553 3682 1788 3754 imagine
1820 3697 1884 3736 ac
1913 3684 1978 3737 de
2003 3682 2324 3736 adoratione

2499 3682 2564 3735 θ’.
2611 3683 2750 3735 Ἀλλ’
2789 3683 2976 3754 ἐπειδὴ
3009 3685 3137 3753 περὶ
3185 3684 3394 3746 εἰκόνος
3432 3686 3461 3735 6
3495 3664 3650 3751 λόγδς
3673 3723 3686 3744 ,
3717 3682 3814 3734 καὶ
3839 3698 4018 3752 προσ-

748 3775 1038 3829 institutus
1065 3782 1152 3830 est
1194 3789 1399 3837 sermo.
1428 3774 1684 3845 agedum,
1712 3774 1974 3845 quidnam
2009 3785 2240 3844 utraque
2259 3776 2332 3831 sit

748 3869 1076 3940 diligentius
1119 3869 1518 3938 expendamus.
1554 3869 1742 3938 Imago
1791 3869 1977 3938 itaque
2009 3877 2096 3924 est
2136 3870 2330 3924 simili-

750 3959 881 4026 tudo
930 3958 1214 4028 exemplar
1259 3954 1336 4012 ita
1394 3960 1746 4028 exprimens,
1806 3971 1864 4013 ut
1915 3960 2100 4028 aliqua
2145 3968 2328 4015 tamen

752 4050 966 4104 ratione
1018 4050 1086 4103 ab
1141 4065 1207 4104 eo
1244 4049 1484 4104 differat.
1521 4048 1708 4118 Neque
1748 4051 1896 4104 enim
1933 4050 2116 4121 imago
2139 4067 2328 4106 exem-

755 4141 889 4210 plari
911 4141 966 4194 in
992 4142 1249 4197 omnibus
1275 4141 1476 4197 similis
1500 4150 1604 4196 est.
1634 4141 1772 4202 Viva
1811 4142 1998 4212 igitur,
2035 4144 2327 4209 naturalis,

754 4251 817 4286 ac
843 4233 990 4286 nulla
1016 4247 1076 4287 re
1107 4233 1395 4289 dissimilis
1433 4234 1616 4303 imago
1644 4233 1736 4288 Dei
1765 4234 2061 4290 invisibilis
2091 4243 2176 4290 est
2214 4235 2330 4304 ipse

755 4322 926 4378 Filius
957 4323 1022 4388 ³¹,
1055 4323 1151 4392 qui
1183 4324 1237 4376 in
1270 4325 1451 4392 seipsn
1480 4325 1698 4379 Patrem
1729 4326 1885 4392 gerit,
1921 4340 1984 4379 ac
2015 4341 2111 4394 per
2145 4327 2329 4380 omnia

754 4415 896 4468 idem
935 4429 1058 4467 cum
1108 4413 1202 4466 illo
1229 4420 1336 4478 est,
1369 4423 1566 4481 praeter
1613 4413 1665 4466 id
1699 4429 1888 4476 unum,
1942 4417 2084 4492 quod
2128 4416 2196 4468 ab
2235 4417 2330 4470 illo

754 4519 1011 4576 tanquam
1042 4521 1142 4561 sua
1175 4521 1345 4561 causa
1380 4506 1472 4558 sit.
1506 4503 1783 4560 Naturalis
1811 4506 1957 4560 enim
1983 4521 2146 4560 causa
2171 4506 2329 4562 Pater

651 4634 656 4637 -
753 4606 839 4650 est
884 4610 1000 4648 :ex
1029 4609 1194 4649 causa
1243 4609 1375 4648 vero
1407 4593 1778 4663 proﬁciscitur
1828 4593 2018 4648 Filius.
2086 4593 2215 4647 Nam
2260 4611 2327 4649 ex

755 4684 897 4740 Filio
931 4683 1091 4740 Pater
1129 4701 1237 4738 non
1287 4692 1390 4747 est,
1424 4684 1518 4738 sed
1557 4683 1731 4737 Filius
1764 4699 1829 4737 ex
1879 4682 2057 4737 Patre.
2094 4685 2170 4736 Ex
2209 4685 2328 4752 ipso

755 4772 1040 4846 siquidem,
1067 4776 1301 4844 (tametsi
1339 4774 1613 4844 posterior
1649 4775 1740 4828 illo
1787 4790 1897 4828 non
1930 4775 2022 4844 sit)
2075 4777 2239 4832 habet
2270 4786 2329 4830 ut

754 4869 826 4921 sit
857 4865 910 4920 id
938 4865 1084 4935 quod
1114 4873 1198 4920 est
1238 4866 1398 4921 Pater
1432 4865 1523 4935 qui
1561 4867 1738 4936 i'psum
1768 4867 1976 4936 genuit.

830 4960 921 5021 ill.
966 4957 1108 5013 Sunt
1163 4958 1288 5014 item
1343 4961 1397 5014 in
1437 4959 1546 5014 Deo
1575 4959 1843 5030 imagines
1873 4969 1926 5014 ct
1954 4961 2203 5030 exempla
2238 4975 2326 5015 re-

754 5065 875 5105 rum
922 5049 993 5104 ab
1045 5048 1166 5118 ipso
1219 5050 1715 5118 producendarnm,
1793 5066 1988 5120 nempe
2039 5051 2328 5106 consilium

715 5145 927 5214 .ipsius
957 5151 1248 5209 aeternum,
1301 5144 1445 5212 quod
1479 5143 1671 5198 eodem
1727 5159 1942 5212 semper
1995 5160 2117 5200 sese
2172 5145 2334 5200 habet

752 5237 940 5291 modo.
1011 5234 1380 5290 lmmutabilis
1433 5234 1704 5305 siquidem
1757 5237 1982 5290 omnino
2040 5235 2184 5290 Deus
2229 5246 2333 5303 est,

2433 3771 2730 3840 κυνήσεως,
2768 3771 2899 3842 φέρε
2929 3771 3022 3825 τὸν
3053 3771 3404 3843 περὶτούτων
3436 3773 3591 3839 λόγον
3623 3770 4018 3840 διευκρινήσω·

2435 3881 2553 3932 μεν.
2581 3865 2757 3916 Είκὼν
2784 3863 2882 3934 μὲν
2922 3860 3015 3918 οὖν
3043 3866 3190 3918 ἐστιν
3232 3866 3482 3934 ὁμοίωμα
3512 3862 3924 3934 χαρακτηρίξον
3960 3862 4020 3915 τὺ

2432 3955 2808 4024 πραιτότυπον,
2849 3955 2987 4025 μετὰ
3015 3955 3111 4008 τοῦ
3142 3956 3232 4008 καί
3260 3972 3377 4007 τινα
3399 3955 3661 4023 διαφορὰν
3693 3956 3837 4023 ἔχειν
3881 3953 4020 4023 πρὸς

2431 4049 2592 4120 αὑτό..
2621 4048 2696 4102 Οὐ
2719 4048 2829 4118 γάρ
2860 4048 2998 4102 κατά
3051 4048 3228 4102 πάντα
3255 4049 3288 4115 ὴ
3338 4045 3502 4099 εὶκὼν
3538 4047 3819 4114 ὁμοιοῦται
3879 4045 4021 4114 πρὸς

2431 4138 2492 4190 τὸ
2537 4139 2867 4208 ἀρχέτυπον.
2927 4137 3104 4192 Εικὼν
3163 4138 3343 4190 τοίνυν
3403 4137 3590 4200 ζῶσα,
3647 4136 3858 4204 φυσικὴ
3927 4137 4022 4188 καὶ

2431 4232 2854 4302 ἀπαράλλακτος
2900 4230 2996 4284 τοῦ
3028 4231 3264 4300 ἀοράτου
3317 4228 3454 4282 Θεοῦ
3475 4267 3490 4292 ,
3523 4229 3552 4280 6
3584 4228 3744 4292 Υἱὸς,
3773 4227 3904 4281 ὅλον
3967 4230 4026 4279 έν

2432 4323 2609 4390 ἑαυτῷ
2645 4322 2828 4393 φέρων
2871 4322 2962 4374 τὸν
3003 4321 3224 4390 Πατέρα
3249 4362 3261 4382 .
3297 4319 3439 4373 κατὰ
3497 4318 3676 4371 πάντα
3726 4319 3870 4386 ἔχων
3922 4319 4024 4387 τὴν

2432 4415 2569 4486 πρὸς
2596 4414 2761 4466 αὑτὸν
2782 4411 3110 4482 ταυτότητά,
3156 4411 3301 4481 μόνῳ
3329 4409 3384 4462 δὲ
3417 4408 3694 4478 διαφέρων
3719 4409 3797 4478 τῷ
3828 4411 4025 4460 αἰτια-

2381 4498 2388 4501 ’
2431 4506 2528 4576 τῷ.
2547 4506 2729 4559 Αἴτιον
2755 4486 2854 4575 μὲν
2889 4505 2997 4575 γάρ
3025 4506 3275 4574 φυσικὸν,
3295 4506 3323 4556 6
3356 4503 3574 4572 Πατήρ·
3607 4500 3850 4554 αἱτιατὸν
3884 4500 3970 4563 δὲ,
3994 4501 4024 4551 6

2433 4599 2581 4659 Υἱός.
2614 4598 2690 4650 Οὐ
2719 4597 2828 4668 γοὰρ
2856 4595 3045 4666 Πατὴρ
3076 4595 3134 4660 ἐξ
3165 4593 3317 4658 Υἱοῦ,
3349 4592 3484 4646 ἀλλὰ
3516 4593 3640 4654 Υἱὸς
3685 4591 3749 4641 ἐκ
3776 4589 3872 4642 τοῦ
3904 4591 4023 4642 Ila-

2431 4688 2580 4760 τρός.
2622 4688 2713 4751 Ἐξ
2764 4685 2930 4740 αὐτοῦ
2953 4686 3063 4755 γὰρ
3089 4727 3103 4750 ,
3134 4687 3183 4738 εί
3228 4685 3323 4737 καὶ
3355 4687 3430 4754 μὴ
3467 4685 3581 4753 μετ’
3614 4682 3778 4736 αὑτὸν
3808 4682 3932 4751 ἔχει
3963 4682 4024 4734 τὸ
4074 4685 4076 4687 ’

2434 4777 2570 4832 εἶναι
2594 4779 2733 4848 ὅπερ
2767 4779 2915 4831 ἐστὶν
2940 4779 2970 4830 6
3003 4777 3271 4847 γεννήσας
3299 4777 3510 4845 Πατήρ.

2505 4965 2559 5012 ι’.
2585 4957 2705 5008 Εἰσὶ
2729 4957 2785 5009 δὲ
2804 4957 2897 5009 καὶ
2924 4957 2980 5008 ὲν
3001 4955 3079 5025 τῷ
3099 4955 3218 5026 Θεῷ
3246 4957 3450 5017 εἰκόνες
3473 4954 3568 5007 καὶ
3592 4952 4019 5022 παραδείγματα

2431 5050 2540 5102 τῶν
2575 5048 2667 5101 ὑπ’
2699 5048 2865 5101 αὐτοῦ
2921 5047 3216 5117 ἐσομένων,
3242 5047 3544 5110 τουτέστιν,
3581 5047 3614 5115 ή
3647 5045 3813 5115 βου-1λῆ
3844 5045 4018 5097 αὑτοῦ

2434 5145 2465 5212 ή
2495 5142 2846 5212 προαιώνιος,
2878 5142 2973 5195 καὶ
3006 5141 3093 5194 ἀεὶ
3145 5140 3407 5204 ὡσαύτως
3454 5139 3681 5210 ἔχουσα.
3717 5139 4018 5210 ’Δτρεπτδν

2433 5235 2540 5302 γὰρ
2572 5235 2632 5285 τὸ
2681 5234 2824 5286 θεῖον
2871 5233 3015 5287 κατά
3058 5234 3260 5296 πάντα,
3288 5233 3383 5286 καὶ
3425 5233 3528 5284 οὑκ
3586 5232 3736 5285 ἔστιν
3763 5233 3821 5284 ὲν
3862 5231 4017 5301 αὐτῷ

754 5333 808 5385 in
853 5344 964 5399 quo
1009 5329 1157 5383 nulla
1216 5335 1300 5382 est
1347 5329 1760 5392 transmutatio,
1815 5337 1910 5382 aut
1939 5328 2329 5382 vicissitudinis

2437 5325 2734 5396 μεταϐολὴ,
2770 5327 2801 5395 ἢ
2855 5329 3067 5396 τροπῆς
3095 5324 3472 5391 ἀποσκίασμα.
3503 5323 3722 5386 Ταύτας
3743 5324 3842 5387 τὰς
3868 5324 4012 5376 elui-

704 5443 714 5458 ι
751 5423 1110 5478 obumbratio
1137 5421 1204 5475 ⁸⁸.
1246 5419 1357 5475 llas
1398 5434 1558 5486 porro
1591 5420 1878 5489 imagines,
1918 5429 1972 5474 ct
2008 5421 2123 5474 lucc
2148 5435 2330 5474 excru-

753 5515 863 5585 pll,
905 5513 1299 5584 pmﬁnitioncs
1355 5511 1596 5580 appellat
1656 5520 1881 5567 sanctus
1937 5511 2230 5581 Dionysius
2261 5513 2326 5576 ⁸³,

822 5674 871 5704 ι·
900 5671 1133 5742 Philipp.
1175 5690 1235 5738 11,
1259 5675 1312 5728 6.

2435 5436 2532 5482 νας
2580 5421 2673 5472 καὶ
2727 5420 2794 5471 τά
2850 5419 3293 5489 παραδείγματα,
3347 5418 3720 5487 προορισμοὺς
3768 5418 3941 5487 φησὶν
3985 5419 4010 5466 6

2441 5513 2596 5579 ἅγιος
2619 5512 2917 5578 Διονύσιος,
2945 5513 2976 5564 6
3005 5511 3172 5574 πολὺς
3193 5510 3263 5564 τὰ
3293 5508 3452 5582 θεῖα,
3485 5511 3579 5562 καὶ
3621 5511 3762 5583 μετά
3785 5508 3925 5563 Θεοῦ
3948 5505 4010 5560 τά

1419 5672 1462 5705 ⁸⁸
1493 5672 1625 5726 ibid.
1704 5673 1747 5702 ³⁸
1772 5673 1887 5725 11110
1915 5672 2052 5725 filios
2075 5670 2234 5724 "eth.
2270 5671 2329 5725 Gl

2438 5687 2593 5736 χχιιι,
2636 5673 2688 5728 7.
2718 5672 2840 5731 Vid.
2883 5675 3002 5730 Act.
3028 5691 3121 5742 vn,
3156 5674 3221 5730 l6
3291 5675 3334 5708 ³⁸
3361 5674 3574 5730 Coloss.
3607 5689 3646 5740 ι,
3686 5671 3740 5726 2.
3819 5671 3863 5704 ³³
3894 5667 4004 5724 Jac.

755 5744 906 5808 Ι,17.
985 5743 1031 5776 ³⁸
1069 5743 1254 5813 tlap..')
1285 5745 1358 5800 De
1387 5744 1489 5798 diu.
1526 5759 1665 5798 nam.
1700 5742 1849 5796 Dant.
1895 5744 1986 5797 lib.
2022 5761 2034 5796 l
2072 5743 2142 5794 De
2171 5743 2274 5805 [ide
2311 5764 2329 5796 ι

2433 5782 2447 5796 .
2483 5759 2600 5813 cap.
2647 5745 2727 5798 l0.
