4182 6476
181 408 308 484 1211
677 408 703 420 “
1284 417 1384 479 DE
1416 415 1888 480 IMAGINIBUS
1914 414 2197 480 ORATIO
2225 417 2279 482 Ῑ.
3299 408 3443 477 ista

173 523 300 595 περὶ
327 522 464 578 Θεοῦ
495 524 952 596 διασκεψάμενος.
995 525 1088 579 Ἐν
1133 526 1243 596 γὰρ
1275 530 1342 598 τῇ
1383 527 1547 599 βουλῇ
1583 528 1750 584 αὐτοῦ

1854 545 2035 586 rerum
2083 531 2397 585 divinarum
2424 526 2819 598 peritissimus,
2851 522 3060 596 quique
3089 537 3151 579 ea
3183 538 3309 594 quae
3337 521 3435 581 Del

171 611 636 686 ἐχαρακτηρίζετο
682 617 863 670 πάντα
911 615 983 670 τὰ
1015 614 1296 669 ὑπἀὐτοῦ
1334 619 1748 689 προωρισμένα,

1861 625 2013 684 sunt,
2060 619 2283 675 alliante
2325 619 2661 690 juvanteque
2696 617 2837 683 Deo,
2889 617 3292 685 contemplatus
3325 621 3436 670 est.

169 705 265 757 καὶ
319 705 690 776 ἀπαραδάτως
728 706 964 777 ἐσόμενα
1015 709 1149 777 πρὶν
1205 706 1479 774 γενέσεως
1528 709 1708 762 αὐτῶν
1734 726 1749 742 ο

1854 706 2148 764 Enimvero
2181 710 2236 764 in
2279 709 2374 765 Dei
2397 709 2631 766 consilio
2663 707 2850 764 omnia
2884 706 2954 760 ab
2997 708 3117 775 ipso
3149 705 3432 775 praeﬁnita,

166 792 357 866 ὥσπερ
381 785 542 859 είτις
591 795 838 867 βούλοιτο
869 795 1227 867 οίκοδομῆσαι
1260 790 1413 851 οἷκον
1436 836 1452 862 ,
1483 798 1751 854 ἀνατυποί

1854 804 2020 868 atque
2050 799 2425 856 indeficienter
2457 799 2665 865 futura,
2691 798 3012 869 priusquam
3043 798 3257 861 tierent,
3288 795 3434 851 haud

164 883 261 938 καὶ
306 885 563 952 είκονίζει
619 886 840 959 πρῶτον
889 888 1192 993 τὸ.σχῆμα
1225 889 1370 943 κατά
1421 888 1690 946 διάνοιαν.

233 1153 330 1210 ια’.
362 1149 494 1209 Εῐτα
549 1152 715 1208 πάλιν
745 1151 956 1218 εἰκόνες
985 1155 1093 1209 εἱσι
1133 1157 1203 1214 τὰ
1238 1159 1414 1232 όρατὰ
1444 1160 1554 1214 τῶν
1573 1160 1755 1232 ἀορά-

159 1262 295 1315 των,
328 1247 426 1300 καὶ
466 1243 804 1311 ἀτυπὼτων,
832 1247 1166 1315 σωματικῶς
1217 1249 1577 1322 τυπουμένων
1610 1251 1754 1322 πρὸς

159 1337 414 1408 ἀμυδρὰν
467 1337 818 1409 κατανόησιν.
851 1337 962 1390 Καὶ
1007 1340 1116 1412 γὰρ
1143 1342 1178 1413 ἡ
1228 1341 1350 1396 θεία
1398 1342 1631 1414 Γραφὴ,
1658 1343 1751 1396 τύ-

159 1447 302 1493 πους
329 1429 452 1500 Θιῷ
485 1433 580 1483 καὶ
626 1429 885 1500 ἀγγέλοις
915 1433 1230 1505 περιτίθησι
1254 1475 1270 1500 ,
1292 1435 1388 1488 καὶ
1435 1436 1537 1505 τὴν
1567 1435 1749 1490 αίτίαν

156 1520 404 1575 διδάσκει
450 1524 480 1574 ό
511 1521 674 1584 αὐτὸς
717 1521 860 1586 θεῖος
887 1524 1047 1595 ἀνήρ.
1091 1525 1214 1578 Ὀτι
1253 1526 1356 1595 μὲν
1386 1527 1497 1597 γὰρ
1523 1527 1749 1590 είκότως

157 1612 697 1687 προϐέϐληνταιετῶν
722 1613 1023 1669 ἀτυπώτων
1049 1617 1101 1669 oi
1148 1617 1333 1680 τύποι,
1371 1618 1467 1672 καὶ
1498 1618 1567 1672 τὰ
1609 1619 1749 1688 σχή-

160 1721 311 1774 ματα
359 1704 468 1758 τῶν
500 1706 931 1777 ἀσχηματίστων
951 1746 966 1773 ,
996 1708 1057 1761 ού
1092 1709 1254 1778 μόνον
1289 1709 1474 1764 αἰτίαν
1504 1710 1640 1779 φαίη
1662 1727 1748 1774 τις

157 1789 301 1847 εἶναι
329 1794 430 1866 τὴν
451 1795 572 1849 καθ’
597 1797 746 1867 ἡμᾶς
779 1796 1091 1866 ἀναλογίαν,
1121 1798 1494 1854 ἀδυνατοῦσαν
1525 1799 1748 1869 ἀμέσως

1859 890 2020 945 aliter
2043 905 2304 962 expressa
2339 901 2522 958 erant,
2555 906 2622 947 ac
2654 891 2698 946 si
2727 891 2852 962 quis
2895 891 3119 945 domum
3163 890 3435 946 adillmre

1862 981 2129 1051 cupiens,
2188 991 2370 1040 mente
2413 983 2570 1053 prius
2637 982 2933 1053 imaginem
2995 980 3290 1051 ﬂguramve
3310 981 3436 1050 ejus

1854 1071 2094 1140 eﬂingat.

1923 1163 2011 1216 il.
2055 1161 2295 1219 Rursum
2331 1163 2600 1234 imagines
2627 1171 2760 1221 sunt
2782 1161 3022 1218 visibilia
3059 1161 3176 1227 illa,
3205 1175 3330 1232 qua!
3346 1175 3436 1218 rm

1850 1251 2159 1308 invisibiles
2188 1260 2353 1323 atque
2409 1264 2658 1323 expertes
2689 1254 2877 1324 figurae
2905 1253 3186 1323 corporeis
3240 1253 3435 1330 formis

1849 1343 2199 1413 exprimunt,
2235 1358 2346 1413 quo
2385 1343 2727 1400 subobscure
2778 1344 2974 1398 saltem
3040 1343 3432 1413 percipiantur.

1848 1433 1984 1489 Nam
2020 1435 2204 1490 divina
2243 1434 2532 1505 Scriptura
2597 1434 2769 1489 Deum
2814 1443 2872 1488 et
2926 1433 3150 1502 angelos
3193 1433 3432 1487 circum-

1848 1525 2018 1581 vestit
2066 1525 2290 1595 figuris;
2329 1526 2609 1596 hujusque
2640 1525 2720 1579 rei
2758 1538 2983 1579 causam
3029 1523 3187 1577 docet
3216 1522 3433 1578 divinus

1848 1617 1942 1671 ille
1971 1617 2057 1671 vir
2079 1618 2146 1671 “.
2191 1615 2486 1671 Enimvero
2537 1616 2686 1687 quod
2735 1615 2936 1670 merito
2980 1615 3256 1668 attributa:
3305 1621 3434 1669 sunt

1848 1709 2035 1780 ﬁgura:
2071 1709 2181 1764 illis
2211 1723 2335 1778 qua:
2366 1709 2544 1779 ligura
2574 1719 2787 1770 carent,
2824 1707 3085 1778 quodque
3135 1707 3433 1776 assignatas

1849 1799 2038 1856 forma:
2089 1801 2162 1856 iis
2215 1815 2339 1870 quae
2391 1801 2599 1854 nullam
2649 1800 2883 1854 formam
2944 1800 3258 1864 admittunt,
3317 1813 3429 1852 non

157 1885 255 1938 ἐπὶ
283 1885 383 1949 τὰς
405 1886 604 1957 νοητὰς
635 1887 1014 1943 ἀνατείνεσθαι
1047 1888 1316 1960 θεωρίας,
1347 1890 1445 1943 καὶ
1475 1891 1745 1961 δεομένην

1851 1891 2012 1948 modo
2061 1893 2206 1947 hanc
2237 1892 2519 1961 quispiam
2578 1891 2826 1947 attulerit
2863 1906 3111 1954 causam,
3151 1890 3300 1960 quod
3337 1884 3431 1944 ille

156 1976 384 2031 οἰκείων
415 1978 510 2032 καὶ
538 1979 806 2048 συμφυῶν
825 1979 1228 2048 ἀναγωγῶν.Εί
1254 1980 1437 2034 τοίνυν
1463 1980 1564 2050 τῆς
1587 1980 1747 2050 ἡμῶν

155 2066 411 2137 προνοῶν
437 2057 735 2136 ἀναλογίας
768 2071 798 2121 ό
833 2069 978 2141 θεῖος
995 2069 1166 2138 λόγος
1185 2109 1202 2135 ,
1234 2072 1503 2126 πάντοθεν
1529 2074 1592 2126 τὸ
1623 2073 1750 2128 ἀνα-

156 2158 385 2212 τατικδν
413 2160 546 2229 ἡμῖν
581 2160 964 2230 ποριζόμενος,
992 2162 1088 2215 καί
1110 2164 1224 2226 τοῖς
1265 2163 1460 2227 ἀπλοίς
1489 2163 1586 2216 καὶ⁸
1616 2164 1748 2216 ἀτυσ

157 2249 371 2313 πὼτοις
408 2250 615 2314 τύπους
662 2251 819 2315 τινὰς
853 2253 1168 2325 περιτίθησι
1188 2295 1202 2319 ,
1234 2254 1352 2317 πῶς
1384 2253 1460 2326 μὴ
1489 2252 1746 2318 είκονίζει

157 2340 229 2392 τὰ
264 2338 678 2420 μεμορφωμένα
730 2341 874 2394 κατά
903 2342 1005 2412 τὴν
1055 2342 1264 2395 οἰκείαν
1312 2340 1498 2410 φύσιν,
1523 2342 1618 2395 καὶ
1644 2358 1747 2394 πο-

159 2430 405 2502 θούμενα
441 2431 561 2502 μὲν,
603 2432 700 2503 διὰ,
743 2432 802 2485 δέ
847 2432 909 2486 τὺ
953 2432 1030 2502 μὴ
1086 2434 1374 2502 παρεῖναι,
1400 2433 1633 2502 ὁρᾶσθαι
1666 2433 1744 2503 μὴ

157 2525 474 2595 δυνάμεως
507 2525 606 2578 Διά
653 2524 764 2595 γὰρ
824 2524 927 2595 τῆς
974 2525 1287 2596 αίσθήσεως
1339 2526 1613 2594 φαντασία
1659 2544 1746 2590 τις

162 2613 481 2667 συνίσταται
517 2614 574 2665 ἐν
601 2615 668 2685 τῇ
725 2613 1038 2683 ἔμπροσθεν
1077 2613 1257 2683 κοιλίᾳ
1284 2613 1379 2667 τοῦ
1419 2615 1745 2683 ἐγκεφάλου,

162 2705 256 2760 καί
280 2704 427 2759 οὕτω
453 2703 529 2774 τῷ
559 2703 793 2776 κριτικῷ
843 2703 1296 2776 παραπέμπεται,
1330 2705 1424 2757 καὶ
1451 2707 1517 2775 τῇ
1556 2707 1747 2779 μνήμῃ

161 2793 643 2868 ἀνθησαυρίζεται.
679 2797 819 2866 Φησὶ
861 2795 993 2865 γοῦν
1047 2795 1144 2848 καὶ
1184 2797 1212 2848 ό
1247 2795 1568 2868 θεορρήμων
1607 2797 1748 2869 Γρη-

164 2889 371 2957 γόριος,
395 2889 478 2941 ὅτι
510 2886 682 2941 πολλά
717 2887 943 2956 κάμνων
975 2888 1003 2940 ό
1027 2885 1154 2948 νοῦς
1180 2886 1408 2957 ἐκϐῆναι
1438 2886 1510 2940 τὰ
1562 2904 1749 2957 σωμα-

160 2976 312 3040 τικὰ,
345 2977 520 3048 πάντη
545 2977 804 3030 ἀδυνατεῖ
821 2990 836 3004 ·
857 2977 996 3029 ἀλλὰ
1021 2975 1116 3029 καὶ
1143 2975 1212 3029 τὰ
1242 2976 1454 3047 ἀόρατα
1483 2977 1577 3031 τοῦ
1608 2977 1745 3032 Θεοῦ

161 3067 270 3122 ἀπὺ
314 3068 548 3131 κτίσεως
591 3067 799 3138 κόσμου
843 3069 958 3130 τοῖς
993 3069 1264 3137 ποιήμασι
1319 3068 1584 3135 νοούμενα
1615 3070 1748 3123 καθ-

162 3158 379 3226 ορᾶται.
437 3156 685 3228 Ὀρῶμεν
730 3155 841 3227 γὰρ
874 3157 1090 3220 εἰκόνας
1112 3158 1170 3208 ἐν
1208 3157 1321 3218 τοῖς
1342 3157 1605 3227 κτίσμασι
1644 3175 1746 3227 μη-

1847 1997 1969 2038 sese
1995 1981 2159 2036 nobis
2185 1981 2710 2044 accommodaverit,
2734 1980 2828 2049 qui
2847 1981 2968 2035 sine
2988 1979 3168 2034 medio
3191 1979 3427 2049 quodam

1849 2071 1916 2126 ad
1969 2085 2158 2126 rerum
2204 2069 2657 2128 iutellectualium
2692 2068 3196 2124 considerationem
3239 2083 3430 2137 perve-

1847 2161 1966 2216 nire
1997 2176 2106 2217 non
2147 2160 2420 2225 valemus,
2473 2158 2918 2232 indigemusqne,
2965 2167 3027 2214 ut
3061 2156 3160 2229 per
3201 2171 3432 2227 eaquae

1847 2255 2010 2312 nobis
2040 2253 2338 2310 familiaria
2381 2262 2729 2326 cognataque
2761 2263 2914 2318 sunt,
2947 2270 3168 2310 sursum
3212 2253 3432 2307 attolla-

1845 2360 1992 2401 mur.
2052 2344 2111 2400 Si
2164 2344 2334 2415 igitur
2370 2342 2715 2415 ’capacitatis
2765 2354 2972 2401 nostrae
3025 2345 3186 2415 312
3239 2344 3429 2399 habita

1845 2437 2078 2501 ratione,
2118 2435 2342 2490 divinus
2372 2449 2556 2490 sermo
2590 2434 2644 2490 id
2676 2450 2838 2491 omne
2883 2435 3094 2491 confert
3131 2434 3288 2490 nobis
3318 2448 3429 2504 quo

1845 2526 2014 2580 altius
2073 2524 2489 2589 subvehamur,
2549 2539 2613 2579 ac
2671 2526 2841 2587 rebus
2900 2524 3330 2593 simplicissimis
3374 2532 3430 2578 et

1848 2614 2028 2669 forma
2062 2615 2382 2669 carentibus
2434 2614 2641 2668 formas
2676 2616 2944 2684 quasdam
2980 2616 3272 2679 attribuit;
3330 2629 3430 2669 cur

1846 2717 2063 2768 eorum,
2102 2718 2228 2778 quae
2277 2713 2472 2773 suapte
2512 2711 2714 2766 natura
2763 2701 2960 2756 formis
3007 2704 3232 2772 praadita
3274 2709 3425 2766 sunt,

1847 2809 2200 2864 quorumque
2233 2801 2490 2848 tenemur
2530 2793 2827 2859 desiderio,
2881 2807 3068 2847 verum
3113 2793 3239 2861 quia
3291 2807 3428 2861 pra:-

1847 2888 2027 2943 sentia
2079 2901 2188 2941 non
2242 2896 2389 2953 sunt,
2445 2901 2509 2940 ea
2541 2887 2730 2942 videre
2785 2902 2892 2941 non
2942 2901 3258 2957 possumus,
3317 2901 3431 2940 non

1846 2979 2175 3049 emngantur
2229 2977 2548 3047 imagines?
2599 2976 2702 3032 Per
2737 2993 2964 3033 sensum
3015 2977 3160 3031 enim
3217 2975 3430 3044 species

1846 3071 2096 3140 quaedam
2134 3069 2190 3124 in
2223 3068 2486 3124 anteriori
2527 3067 2743 3124 cerebri
2792 3068 3099 3122 ventriculo
3137 3066 3426 3128 formatur,

1848 3171 2011 3230 atque
2041 3163 2106 3215 ad
2139 3161 2430 3230 judicandi
2466 3159 2783 3214 facultatem
2814 3158 3164 3220 transmissa,
3220 3157 3274 3208 in
3318 3168 3430 3208 me-

163 3245 394 3308 νυούσας
424 3226 555 3315 ἡμίν
605 3243 861 3314 ἀμυδρῶς
899 3245 996 3308 τὰς
1037 3243 1189 3307 Θείας
1224 3244 1523 3314 ἐμφάσεις·
1551 3245 1628 3307 ὼς
1649 3226 1745 3298 ὅτε

1851 3226 2037 3306 moria;
2091 3226 2307 3304 tandem
2361 3249 2627 3303 thesauro
2676 3248 3022 3302 reconditur.
3085 3246 3176 3297 Ait
3232 3244 3432 3312 quippe
3489 3279 3494 3288 ι

163 3337 397 3407 λέγομεν
422 3335 520 3407 τὴν
541 3337 705 3404 ἁγίαν
743 3335 950 3406 τριάδα
973 3379 986 3401 ,
1018 3335 1117 3404 τὴν
1153 3337 1488 3406 ύπεράρχιον
1506 3375 1523 3400 ,
1549 3337 1750 3405 εἰκονί-

166 3427 358 3492 ζεσθαι
391 3426 460 3479 δι’
487 3426 639 3496 ἡλίου
663 3467 679 3493 ,
705 3427 798 3478 καὶ
839 3426 1040 3493 φωτὸς,
1078 3425 1175 3478 καὶ
1219 3427 1439 3490 ἀκτῖνος
1459 3443 1470 3455 ·
1507 3425 1540 3496 ἢ
1569 3426 1750 3496 πηγῆς

163 3515 604 3587 ἀναὸλυςούσης,
628 3516 722 3569 καὶ
777 3514 1163 3584 πηγαζομένου
1194 3515 1457 3583 νάματος,
1501 3516 1597 3568 καὶ
1620 3532 1754 3584 προσ

164 3607 296 3679 χοῆς
339 3624 356 3640 ο
386 3607 420 3679 ἢ
453 3608 545 3660 νοῦ
566 3645 582 3670 ,
623 3606 720 3660 καὶ
776 3605 935 3673 λόγου
957 3647 972 3671 ,
1022 3606 1114 3658 καὶ
1149 3605 1465 3675 πνεύματος
1497 3606 1592 3660 τοῦ
1633 3606 1756 3661 καθ’

164 3700 314 3769 ἡμᾶς
337 3716 350 3729 ⁶
377 3699 410 3769 ἢ
444 3700 600 3770 ῥόδου
628 3698 818 3768 φυτοῦ,
847 3699 942 3750 καὶ
973 3697 1169 3761 ἄνθους
1190 3739 1204 3763 ,
1236 3699 1331 3752 καὶ⁵
1361 3696 1607 3760 εὐωδίας.

1847 3341 2144 3411 Gregorius
2176 3339 2490 3407 Theologus
2518 3339 2585 3400 ",
2621 3337 2768 3407 quod
2816 3352 2988 3399 mens,
3033 3334 3248 3388 tametsi
3286 3333 3430 3384 mul-

1848 3441 1963 3486 tum
1991 3431 2208 3486 laboret
2245 3440 2304 3484 ut
2334 3445 2423 3485 res
2458 3442 2759 3497 corporeas
2809 3425 3104 3486 transiliat,
3152 3423 3204 3475 id
3245 3431 3428 3474 tamen

1852 3523 2072 3591 assequi
2103 3537 2214 3576 non
2253 3521 2397 3574 valet
2434 3539 2445 3573 :
2489 3521 2622 3588 quin
2651 3517 2948 3572 invisibiiia
2983 3516 3075 3570 Dei
3111 3531 3139 3567 a
3179 3525 3432 3581 creatura

1855 3611 2046 3667 mundi
2079 3627 2174 3680 per
2197 3626 2260 3664 ea
2291 3626 2412 3679 qua:
2443 3609 2587 3663 facta
2610 3605 2740 3664 sunt
2771 3609 3043 3664 intellecta
3071 3603 3430 3672 conspiciun-

1860 3710 1952 3756 tur
1978 3704 2044 3754 ³⁵.
2088 3701 2351 3757 Videmus
2390 3701 2659 3770 siquidem
2697 3704 2749 3754 in
2782 3700 2986 3755 creatis
3032 3697 3195 3751 rebus
3246 3693 3436 3764 imagi-

166 3806 440 3863 nes,quze
480 3791 824 3847 subobscure
881 3790 1039 3846 nobis
1092 3791 1460 3846 revelationes
1517 3791 1732 3847 divinas
1769 3794 2040 3864 indicant,
2107 3805 2166 3850 ut
2228 3811 2354 3850 cum
2390 3792 2627 3850 dicimus
2697 3796 3017 3849 Trinitatem
3100 3804 3433 3860 supremam,

169 3900 264 3956 per
319 3886 514 3948 solem,
573 3885 748 3940 lucem
793 3893 848 3937 et.
894 3883 1144 3948 radium;
1188 3892 1283 3937 aut
1330 3897 1425 3951 per
1474 3891 1730 3948 mentem,
1771 3888 1995 3941 verbum
2047 3897 2099 3942 et
2140 3886 2419 3955 spiritum,
2473 3903 2594 3956 qua:
2629 3890 2680 3941 in
2729 3888 2886 3941 nobis
2959 3895 3120 3951 sunt;
3199 3890 3292 3935 aut
3336 3897 3432 3951 per

168 3992 305 4033 rosa:
337 3976 601 4045 plantam,
638 3973 825 4028 florem
850 3984 904 4028 et
935 3974 1158 4028 odorem
1188 3973 1508 4043 signiﬁcari.

239 4069 328 4139 ιβ’.
376 4067 567 4130 Πάλιν,
590 4065 752 4116 εἰκὼν
801 4065 1019 4131 λέγεται
1071 4065 1103 4133 ἡ
1158 4064 1267 4117 τῶν
1300 4066 1576 4135 ἐσομένων
1605 4067 1742 4118 αἰνι-

168 4154 470 4228 γματωδῶς
514 4152 934 4223 σκιαγραφοῦσα
985 4153 1055 4206 τὰ
1087 4153 1371 4222 μέλλοντα,
1407 4156 1481 4216 ὡς
1510 4157 1542 4226 ή
1577 4155 1744 4209 κιὸω-

168 4251 260 4311 τδς
283 4247 385 4316 τὴν
434 4243 594 4312 ἀγιαν
639 4243 915 4314 Παρθένον
959 4245 1054 4296 καὶ
1099 4244 1363 4298 Θεοτόκον
1383 4256 1431 4310 ο,
1460 4247 1554 4300 καὶ
1585 4250 1619 4317 ἡ
1651 4250 1747 4317 ῥά-

1912 4062 1999 4118 12.
2037 4061 2120 4116 Ad
2154 4060 2289 4124 haec,
2325 4062 2506 4132 imago
2532 4062 2734 4117 dicitur
2771 4063 3108 4124 futurorum,
3140 4078 3263 4131 qum
3302 4062 3434 4116 aeni-

1845 4155 2088 4226 gmatice
2118 4167 2184 4207 ea
2218 4168 2342 4222 qua!
2369 4153 2554 4208 futura
2598 4162 2749 4217 sunt,
2795 4154 3123 4218 adumbrat;
3187 4164 3245 4206 ut
3283 4167 3433 4218 arca,

1841 4247 1992 4313 virga
2048 4250 2103 4298 et
2143 4255 2304 4305 urna,
2335 4242 2550 4297 beatam
2586 4242 2868 4313 Virginem
2903 4258 2968 4296 ac
3013 4244 3296 4311 Dciparam
3331 4260 3346 4308 ;
3379 4253 3437 4298 ut

169 4342 314 4404 ὁδος,
344 4339 440 4391 καὶ
472 4338 505 4407 ἡ
554 4337 790 4406 στάμνος
821 4354 833 4367 ⁸
865 4335 960 4388 καὶ
1013 4335 1090 4399 ὡς
1118 4335 1284 4405 όόφις
1304 4376 1320 4401 ,
1348 4337 1443 4391 τὸν
1474 4339 1538 4391 τὸ
1563 4339 1748 4410 δῆγμα

1851 4350 2072 4404 serpens
2099 4333 2350 4404 (aeneus),
2387 4349 2511 4388 eum
2545 4338 2641 4404 qui
2679 4337 2958 4405 serpentis
3015 4338 3284 4388 malorum
3319 4349 3437 4388 om-

168 4435 258 4487 διά
291 4427 530 4502 σταυροῦ
562 4427 988 4499 καταργήσαντα
1031 4426 1126 4480 τοῦ
1175 4428 1484 4499 ἁρχικάκου
1527 4431 1704 4498 δφεως
1731 4473 1746 4488 .

1844 4430 2000 4483 nium
2032 4429 2273 4483 auctoris
2307 4443 2551 4483 morsum
2583 4428 2635 4481 in
2682 4443 2847 4484 cruce
2879 4431 3090 4482 sanavit
3117 4448 3128 4490 ;
3193 4439 3250 4481 ut
3280 4428 3438 4482 deni-

167 4525 206 4596 ῆ
229 4542 290 4579 τε
324 4521 590 4583 θάλασσα,
627 4519 718 4572 καὶ
751 4518 813 4571 τὸ
856 4517 1034 4588 ὕδωρ,
1065 4517 1160 4572 καὶ
1209 4519 1244 4588 ἡ
1293 4519 1510 4590 νεφέλη,
1548 4522 1608 4574 τὸ
1653 4522 1748 4574 τοῦ

1856 4536 1963 4589 que
1987 4534 2156 4582 mare,
2190 4533 2330 4588 aqua
2393 4526 2449 4573 et
2485 4519 2661 4573 nubes
2694 4519 2949 4588 baptismi
2990 4519 3245 4587 spiritum
3295 4519 3439 4574 desi-

173 4615 553 4687 βαπτίσματος
579 4609 832 4680 πνεῦμα..
1281 4659 1289 4668 ,

243 4711 335 4771 ιγ’.
373 4703 563 4766 Πάλιν,
583 4702 747 4756 είκὼν
789 4702 1005 4769 λέγεται
1050 4701 1160 4754 τῶν
1211 4701 1587 4772 γεγονότων,ῆ
1614 4702 1756 4755 κατά

171 4812 318 4859 τινος
337 4794 613 4863 θαύματος
635 4793 875 4863 μνήμην.
897 4791 932 4862 ἢ
958 4791 1152 4862 τιμῆς»
1182 4791 1216 4862 ἢ
1257 4792 1597 4862 αἰσχύνηςνῆ
1627 4794 1758 4862 ἀρε-

111 4900 113 4902 ·
173 4885 296 4956 τῆς,
323 4885 358 4957 ἢ
385 4884 602 4948 κακίας,
632 4883 770 4954 πρὸς
793 4885 893 4953 τὴν
921 4882 1145 4953 ὓστερον
1168 4882 1274 4935 τῶν
1299 4882 1591 4953 θεωμένων
1613 4883 1758 4952 ὠφέ-

177 4981 352 5045 λειαν,
384 4979 460 5042 ὼς
485 4976 554 5031 ἂν
592 4976 664 5030 τὰ
697 4975 795 5045 μὲν
829 4976 977 5030 κακά
1010 4975 1323 5044 φεύγωμεν,
1355 4976 1452 5038 τὰς
1485 4976 1540 5028 όέ
1567 4975 1770 5046 ἀρετὰς

178 5069 534 5140 ζηλὼσωμεν.
557 5066 735 5135 Διπλῆ
757 5067 814 5118 δὲ
835 5066 995 5136 αῦτη,
1016 5066 1105 5120 διά
1141 5083 1202 5118 τε
1225 5065 1388 5133 λόγου
1415 5067 1536 5127 ταῖς
1561 5064 1766 5133 βίϐλοις

180 5160 622 5230 ἐγγραφομένου,
645 5159 720 5220 ὡς
745 5161 774 5210 ό
798 5158 930 5220 Θεὸς
951 5159 1042 5211 τὸν
1076 5159 1238 5228 νόμον
1289 5159 1412 5220 ταῖς
1445 5155 1642 5222 πλαξὶν
1672 5155 1764 5207 ἐν-

181 5251 438 5321 εκόλαψε,
470 5251 712 5314 καὶτοὺς
756 5250 868 5304 τῶν
910 5250 1174 5319 θεοφιλῶν
1210 5250 1422 5321 ἀνδρῶν
1462 5249 1612 5320 βίους
1641 5250 1771 5302 ἀνα-

183 5343 465 5414 γράπτους
525 5341 791 5413 γενέσθαι·
835 5343 1143 5412 προσέταξε
1176 5381 1190 5406 ,
1234 5343 1329 5397 καὶ
1387 5341 1480 5395 διὰ
1529 5340 1767 5409 θεωρίας

1771 4610 1826 4664 ,ν
1859 4612 2099 4681 gnabant
2126 4610 2190 4661 ³⁷.

1935 4701 2021 4753 15.
2076 4698 2383 4762 Prmterea,
2435 4712 2618 4752 rerum
2680 4685 2962 4768 gestarum
3016 4699 3194 4768 imago
3236 4701 3442 4756 dicitur

1864 4787 1995 4842 illud
2054 4786 2201 4856 quod
2251 4786 2334 4840 vel
2383 4786 2438 4838 in
2493 4787 2575 4841 rei
2631 4787 2869 4858 alicujus
2920 4791 3227 4858 stupendae,
3273 4791 3353 4845 vel
3387 4791 3440 4844 in

1868 4881 2118 4944 honoris,
2140 4886 2235 4933 aut
2262 4879 2599 4946 ignominiae,
2631 4887 2726 4933 aut
2761 4880 2980 4935 virtutis
3011 4881 3443 4934 recordationem

1867 4971 2246 5035 constituitur,
2279 4971 2347 5025 ad
2383 4977 2760 5040 posterorum,
2793 4972 2890 5039 qui
2932 4971 2985 5024 id
3034 4972 3444 5044 conspexerint,

1868 5057 2196 5128 utilitatem;
2235 5077 2345 5131 quo
2393 5077 2591 5132 nempe
2645 5071 2762 5116 tum
2817 5063 2958 5122 mala
2994 5063 3290 5133 fugiamus,
3328 5072 3442 5118 tum

1867 5157 2098 5210 virtutes
2132 5157 2456 5210 aemulemur
2501 5165 2558 5207 et
2606 5169 3028 5225 prosequamur.
3069 5156 3247 5224 Atque
3295 5158 3445 5226 ejus-

1867 5249 2013 5302 modi
2047 5249 2229 5318 imago
2258 5249 2454 5318 duplex
2478 5255 2595 5310 est;
2628 5256 2743 5299 tum
2773 5261 2894 5315 qua:
2921 5263 3017 5314 per
3050 5263 3355 5301 sermonem
3391 5249 3444 5302 in

1866 5340 2022 5396 libris
2053 5350 2339 5408 exaratur;
2378 5339 2850 5411 quemadmodum
2884 5338 3028 5395 Deus
3067 5342 3240 5411 legem
3286 5340 3442 5396 tabu-

260 5522 308 5556 “
345 5522 505 5577 Dion.
531 5521 605 5576 De
630 5522 746 5575 cozl.
780 5520 912 5574 hier.
952 5536 1076 5590 cap.
1107 5520 1156 5574 Ι.
1235 5521 1280 5552 ³⁸
1305 5528 1447 5595 orat.
1491 5519 1528 5573 2
1560 5516 1637 5571 De
1666 5517 1749 5572 the

1851 5518 1948 5585 πᾶα.
2027 5519 2072 5550 δι
2096 5518 2258 5576 Rom.
2295 5535 2337 5588 ι,
2365 5519 2457 5576 eo.
2536 5521 2581 5553 ιτ
2615 5519 2633 5575 l
2659 5519 2793 5575 Cor.
2824 5535 2877 5584 ι,
2907 5519 2959 5584 l,
2984 5493 3045 5572 '2.

1503 5674 1741 5732 νΑῑιιΑῑ
1774 5673 2175 5733 LECTIONES.

275 5795 293 5816 °
321 5793 454 5855 llas.
485 5795 514 5862 ἠ
552 5795 710 5862 βάτος
741 5798 834 5865 τῆς
872 5793 1136 5866 παρθένου
1180 5794 1270 5849 καὶ
1296 5790 1571 5846 θεοτόκου.
