4182 6476
777 393 915 458 1243

1878 394 1939 452 S.
1975 391 2296 456 JOANNIS
2332 393 2761 453 DAMASCENI

3918 378 4044 443 124i

776 504 843 557 lis
876 499 1167 569 insculpsit
1194 496 1259 563 ⁸⁸,
1296 511 1360 552 ac
1388 495 1660 561 virorum,
1708 512 1850 565 quos
1882 499 2086 552 charos
2134 496 2348 562 hahuit,

2461 499 2737 567 αἰσθητῆς,
2772 497 2849 558 ὡς
2880 494 2979 561 τὴν
3010 492 3248 561 στάμνον
3292 493 3389 545 καὶ
3410 491 3510 562 τὴν
3534 489 3727 562 ῥάϐδον
3754 490 3818 542 ἐν
3841 493 3911 559 τῇ
3956 510 4041 542 κι-

776 594 943 647 vitam
998 590 1197 644 litteris
1247 588 1494 641 mandari
1553 588 1845 657 praecepit;
1905 598 2019 642 tum
2076 601 2198 656 qua:
2254 601 2351 656 per

776 683 1092 740 sensibilem
1133 682 1638 736 considerationem
1689 681 1964 751 praeterita
2000 688 2219 735 revocat
2242 695 2256 707 ·
2291 687 2351 733 ιιι

776 791 901 829 cum
938 775 993 828 in
1039 789 1281 845 perenne
1315 774 1705 828 monimentum
1757 787 1977 835 urnam,
2030 770 2351 841 virgamque

777 866 834 920 iu
892 879 1022 920 arca
1074 867 1268 937 reponi
1316 865 1505 934 jussit.
1563 864 1656 919 Sic
1706 879 1853 917 nunc
1902 864 2073 917 etiam
2127 862 2349 917 illorum

2458 589 2615 657 δωτῷ
2651 586 2875 654 τεθῆναι
2939 583 3275 655 προσέταξεν
3323 584 3403 644 εἰς
3462 582 3834 649 μνημόσυνον.
3884 580 4042 632 Οὕτω

2456 681 2551 732 καὶ
2580 677 2675 730 νῦν
2709 677 2810 739 τὰς
2834 676 3053 737 είκόνας
3092 672 3201 725 τῶν
3232 671 3556 740 γεγονότων,
3585 672 3804 734 καὶτὰς
3834 673 4041 741 ἀρετὰς

2456 768 2854 837 διαγράφομεν.
2905 766 2974 819 Ἥ
3022 765 3203 823 τοίνυν
3246 766 3430 818 πᾶσαν
3483 763 3667 815 εἰκόνα
3715 763 3919 851 ivga,
3947 764 4041 813 καὶ

2456 856 2962 928 άντινομοθέτειτῷ
3008 857 3210 919 ταύτας
3257 854 3933 925 προστάξαντμγενέσθαι.
3974 854 4037 905 Ἦ

776 958 871 1027 qui
914 967 1038 1013 ante
1071 960 1444 1027 exstiterunt"
1485 965 1599 1011 tum
1648 956 1939 1025 imagines,
1975 962 2091 1009 tum
2121 955 2357 1009 virtutes

2461 952 2693 1020 ἑκάστην
2725 949 2880 1018 δέχου
2906 987 2922 1011 ,
2956 948 3097 1002 κατὰ
3151 948 3245 999 τὸν
3277 947 3484 1016 ἑκάστῃ
3534 945 3820 1014 πρέποντα
3880 945 4037 1009 λόγον

777 1047 1168 1103 describimus.
1223 1050 1331 1102 Aut
1387 1049 1554 1116 igitur
1601 1062 1765 1101 omne
1821 1061 1993 1116 genus
2054 1046 2355 1116 imaginum

778 1141 930 1207 tolle,
965 1152 1130 1211 atque
1177 1142 1443 1197 adversus
1466 1156 1616 1205 eum,
1639 1139 1735 1209 qui
1776 1139 1900 1194 illas
1926 1138 2044 1192 fieri
2074 1110 2355 1206 praecepit,

2454 1043 2549 1093 καὶ
2600 1041 2826 1112 τρόπον.
2861 1041 3119 1101 Εἱπόντες
3150 1040 3331 1091 τοίνυν
3364 1038 3491 1099 τοὺς
3524 1037 3624 1106 τῆς
3659 1036 3881 1098 είκόνος
3916 1036 4036 1103 τρε.

2456 1147 2610 1195 πους,
2642 1132 2886 1199 εἴπωμεν
2911 1130 3006 1183 καὶ
3038 1131 3167 1200 περὶ
3194 1130 3638 1199 προσκυνήσεως.

780 1237 927 1304 leges
946 1245 1147 1299 statue,
1174 1246 1263 1290 aut
1291 1237 1538 1304 singulas
1566 1235 1727 1303 juxta
1757 1234 2026 1289 rationem
2044 1247 2108 1286 ac
2129 1230 2353 1285 modum
2392 1226 2693 1294 unicuique
2730 1226 3146 1327 con‘venieptem
3174 1227 3417 1293 suscipe.
3446 1223 3581 1277 Cum
3648 1222 3845 1292 itaque
3908 1222 4040 1275 ima-

781 1328 968 1397 ginum
1001 1329 1149 1381 varia
1180 1328 1602 1396 exposuerimus
1630 1340 1851 1395 genera,
1882 1326 2154 1392 reliquum
2181 1332 2267 1377 est
2291 1330 2351 1375 ut
2386 1319 2454 1374 de
2482 1316 2804 1371 adoratione
2832 1316 3004 1370 verba’
3029 1317 3319 1370 faciamus.

851 1419 939 1474 Η.
972 1419 1232 1473 Adoratio
1256 1430 1340 1473 est
1364 1419 1612 1488 obsequii
1640 1433 1702 1470 ac
1733 1418 2055 1472 reverentia:
2089 1417 2307 1485 signum
2338 1432 2351 1467 :

781 1516 946 1577 atque
988 1507 1149 1573 hujus
1176 1506 1357 1560 varios
1393 1505 1581 1560 modos
1626 1506 1901 1559 novimus.
1953 1503 2114 1557 Prior
2150 1519 2215 1557 ea
2247 1514 2350 1569 cst,

782 1612 945 1668 quam
978 1611 1076 1666 per
1106 1598 1317 1649 latriam
1349 1596 1457 1650 Deo
1487 1597 1589 1651 soli
1626 1606 1821 1665 suapte
1857 1605 2054 1649 natura
2076 1594 2355 1648 adoranda

782 1688 1128 1743 exhibemus.
1180 1683 1340 1741 lianc~
1379 1688 1631 1757 sequitur
1681 1690 1879 1750 altera,
1912 1703 2075 1757 quam
2129 1694 2355 1756 propter

2529 1408 2610 1461 ιδ’.
2658 1410 2725 1462 Ἡ
2760 1409 3131 1477 προσκύνησις
3194 1408 3561 1470 ὐποπτώσεως
3597 1407 3693 1460 καὶ
3718 1408 3898 1475 τιμῆς
3931 1406 4041 1456 ἐστι

2458 1500 2726 1569 σύμϐολον
2750 1517 2765 1530 ·
2801 1491 2896 1552 καὶ
2916 1502 3122 1568 ταύτης
3152 1499 3442 1567 διαφόρους
3482 1500 3734 1566 ἔγνωμεν
3764 1498 4009 1566 τρόπους
4028 1512 4039 1524 ⁵

2456 1592 2701 1663 πρώτην,
2748 1590 2847 1662 τὴν
2899 1591 3043 1642 κατά
3076 1591 3355 1659 λατρείαν,
3384 1592 3449 1658 ἣν
3497 1590 3862 1656 προσάγομεν
3900 1591 4042 1657 μόνῳ

2451 1684 2532 1754 τῷ
2583 1684 2743 1753 φύσει
2790 1681 3155 1751 προσκυνητῷ
3199 1680 3340 1749 Θεῷ.
3382 1680 3782 1748 Ἐπειτα,τὴν
3831 1680 3929 1731 διὰ
3956 1681 4042 1731 τὸν

784 1781 1077 1850 ipsummet
1112 1780 1282 1833 Deum
1316 1781 1409 1849 qui
1452 1788 1647 1834 natura
1690 1781 1842 1833 solus
1886 1778 2201 1833 adorandus
2239 1786 2351 1841 est,

2461 1776 2615 1844 φύσει
2660 1776 3038 1844 προσκυνητὸν
3068 1774 3203 1827 Θεὸν
3242 1774 3670 1843 προσαγομένην
3704 1775 3825 1833 τοῖς
3876 1773 4041 1824 αὐτοῦ

784 1872 1185 1940 οηιὶοἱείρείιιε
1218 1886 1283 1925 ac
1310 1871 1531 1926 famulis
1556 1882 1913 1941 praestamus;
1950 1879 2009 1924 ut
2042 1886 2165 1925 cum
2191 1869 2354 1925 Jesus

784 1961 931 2017 Nave
966 1962 1130 2027 filius,
1165 1970 1219 2017 et
1260 1962 1448 2018 Daniel
1490 1965 1743 2032 angelum
1799 1964 2171 2018 adoraverunt
2215 1982 2229 2017 :
2268 1964 2356 2019 vel

785 2055 921 2109 locis
948 2054 1039 2109 Dei
1071 2056 1363 2124 praesentia
1387 2056 1595 2119 sacris;
1627 2056 1791 2110 sicuti
1827 2055 1993 2109 David
2026 2057 2135 2110 ait:
2166 2074 2185 2106 ι
2210 2056 2358 2111 Ado-

784 2161 971 2199 remus
1002 2146 1056 2198 in
1102 2146 1246 2211 loco,
1279 2146 1369 2199 ubi
1424 2154 1699 2201 steterunt
1732 2146 1897 2216 pedes
1935 2147 2058 2215 ejus
2085 2147 2161 2212 ³⁹;
2195 2165 2213 2198 ι
2268 2145 2360 2201 vel

2432 1847 2515 1895 91.:

2457 1864 2630 1934 ἱρίλοις
2663 1867 2760 1919 καὶ
2793 1866 3149 1936 θεράπουσιν,
3183 1865 3259 1927 ὡς
3290 1865 3368 1934 τῷ
3394 1865 3613 1932 ἀγγέλῳ
3645 1864 3866 1931 Ἰησοῦς
3892 1866 3923 1915 6
3952 1864 4039 1917 τοῦ

2454 1960 2632 2028 Ναυῆ,
2651 1959 2745 2011 καὶ
2769 1958 2965 2027 Δανιὴλ
2994 1955 3413 2028 προσεκύνησαν
3434 1976 3449 1988 ·
3468 1959 3499 2026 ἢ
3520 1960 3631 2019 τοῖς
3659 1956 3803 2010 Θεοῦ
3831 1958 4038 2019 τόποις,

2454 2052 2529 2112 ὥς
2565 2069 2731 2121 φησιν
2763 2053 2792 2104 6
2818 2050 3015 2103 Δαϐίδ’
3052 2068 3069 2101 ι
3114 2050 3588 2119 Προσκυνήσωμεν
3625 2051 3704 2113 είς
3731 2050 3827 2101 τὸν
3850 2052 4037 2113 τόπον,

2453 2139 2514 2198 οὗ
2543 2144 2781 2214 ἔστησαν
2827 2145 2876 2195 οἱ
2911 2142 3072 2204 πόδες
3106 2142 3269 2195 αὐτοῦ
3291 2158 3304 2170 ·
3341 2145 3574 2205 καὶτοῖς
3610 2143 3783 2196 αὐτοῦ
3830 2145 4036 2213 ἀναθήο

2456 2256 2641 2307 μασιν,
2676 2237 2752 2299 ὼς
2778 2236 2926 2298 ἄπας
2953 2238 2981 2289 6
3016 2235 3232 2304 Ἰσραὴλ
3270 2237 3334 2304 τῇ
3364 2238 3535 2304 σκηνῇ
3567 2236 3931 2304 προσεκύνει,
3952 2237 4039 2287 καὶ

2451 2330 2531 2399 τῷ
2562 2330 2620 2381 ὲν
2674 2328 3030 2397 Ἰερουσαλὴμ
3058 2326 3173 2394 ναῷ
3223 2326 3407 2395 κύκλῳ
3459 2327 3691 2389 ἑστῶτες
3714 2368 3729 2389 ,
3765 2329 3865 2378 καὶ
3908 2330 4039 2394 πρὸς

2453 2422 2585 2475 αὐτὸ
2614 2418 2985 2487 ἁπανταχόθεν
3008 2417 3241 2487 ὁρῶντες
3275 2418 3368 2469 καὶ
3398 2418 3841 2486 προσκυνοῦντες
3872 2420 4037 2471 εἰσέτι

2455 2514 2549 2567 καὶ
2583 2512 2677 2566 νῦν
2707 2512 2875 2581 ἢτοίς
2914 2511 3005 2564 ὑπ’
3043 2510 3208 2563 αὖτοῦ
3248 2512 3713 2580 χειροτονηῦεῖσιν
3750 2512 4037 2580 ἄρχουσιν.

2453 2604 2529 2666 ὡς
2561 2600 2754 2655 Ἰακὼὸ
2796 2600 2875 2670 τῷ
2905 2618 2964 2654 τε
3000 2599 3172 2653 Ὶισαῦ
3198 2640 3211 2664 ,
3246 2600 3323 2663 ὡς
3349 2602 3770 2671 προγενεστέρῳ
3821 2604 4040 2673 ἀδελφῷ

2457 2694 2562 2747 ὑπὸ
2579 2692 2715 2745 Θεοῦ
2745 2692 3049 2763 γενομένῳ,
3087 2693 3182 2744 καὶ
3225 2692 3428 2759 Φαραὼ
3466 2692 3571 2744 ὑπὸ
3618 2693 3758 2745 θεοῦ
3790 2711 4037 2763 latente-

2455 2786 2672 2853 νηθέντι
2725 2786 2947 2854 ἄρχοντι
2972 2800 2985 2812 ·
3009 2758 3112 2836 In“.
3136 2783 3211 2852 τῷ
3245 2784 3467 2851 Ἰωσὴφ,
3499 2786 3547 2835 οἱ
3578 2783 3743 2836 αὐτοῦ
3787 2786 4035 2853 ἁδελςοί.

2456 2871 2587 2928 Οἶδα
2624 2875 2887 2928 καὶκατὰ
2932 2873 3098 2944 τιμὴν
3131 2873 3230 2944 τὴν
3273 2874 3408 2942 πρὸς
3438 2873 3700 2942 ἀλλήλους
3724 2876 4039 2943 προσκύνη·

786 2238 953 2292 rebns
986 2238 1089 2306 ipsi
1117 2240 1488 2303 consecratis;
1520 2246 1579 2292 ut
1600 2238 1783 2291 omnis
1803 2237 1968 2291 Israel
1994 2237 2355 2292 tabernaculo

786 2329 1128 2399 procidcbat,
1168 2346 1231 2385 ac
1268 2331 1321 2385 in
1365 2332 1599 2385 circ’uitu
1628 2329 2112 2401 llierosolymitani
2165 2332 2352 2400 templi

784 2428 1015 2485 stantes,
1043 2421 1399 2489 vultibusque
1421 2422 1487 2475 ad
1514 2423 1694 2492 ipsum
1714 2424 1892 2478 versis
1912 2422 1979 2477 ad
2016 2423 2161 2477 hunc
2182 2439 2355 2494 usque

784 2511 928 2566 diem
960 2512 1191 2565 adorant
1223 2529 1236 2565 :
1271 2512 1355 2565 vel
1392 2512 1735 2581 principibus
1773 2513 1842 2566 ab
1876 2514 1996 2582 ipso
2025 2515 2259 2579 creatis;
2295 2522 2355 2567 ut

784 2601 973 2669 Jacob,
1004 2613 1120 2658 tum
1148 2604 1291 2657 Esau
1318 2604 1539 2657 fratrem
1580 2620 1740 2658 suum
1764 2605 1834 2671 ι’,
1861 2604 1975 2659 Deo
2005 2606 2079 2658 ita
2114 2607 2351 2671 volente,

787 2692 1235 2761 primogenitum,
1274 2700 1388 2745 tum
1423 2691 1757 2748 Pharaonem
1793 2696 2153 2749 constitutum
2185 2710 2214 2748 a
2246 2696 2356 2751 Deo

788 2782 1094 2849 principem
1155 2781 1441 2845 adoravit;
1511 2782 1755 2851 itemque
1824 2783 1984 2853 313
2054 2783 2355 2855 Josephum

789 2874 1077 2941 ipsiusmet
1132 2873 1351 2927 fratres.
1411 2871 1548 2927 Novi
1606 2889 1829 2943 quoque
1888 2876 2117 2932 honoris
2180 2878 2353 2933 mutui

787 2963 963 3031 gratia
996 2962 1378 3017 adorationem
1423 2963 1767 3029 adhiberi“,
1817 2965 2039 3033 qualem
2080 2966 2355 3021 Abraham

790 3053 915 3106 liliis
939 3053 1161 3106 Emmor
1179 3053 1425 3107 exhibuit
1448 3053 1513 3106 δ’.
1537 3054 1645 3106 Aut
1667 3068 1797 3123 ergo
1815 3068 2031 3109 omnem
2047 3055 2204 3110 aufer
2223 3059 2356 3112 ado-

2458 2984 2567 3028 σιν,
2590 2967 2666 3027 ὡς
2712 2965 2963 3034 Ἀϐραάμ
3008 2967 3121 3025 τοῖς
3152 2965 3291 3025 υἱοῖς
3330 2964 3584 3033 Ἑμμὼρ.
3618 2966 3689 3017 Ἥ
3720 2966 3911 3017 τοίνυν
3938 2969 4039 3017 πᾶ-

2459 3071 2558 3107 σαν
2610 3057 2979 3127 προσκύνησιν
3012 3057 3202 3118 ἄνελε,
3239 3056 3273 3123 ἢ
3330 3056 3510 3119 πάσας
3544 3056 3727 3125 δέχου,
3772 3058 3920 3127 μετά
3948 3056 4039 3110 τοῦ

789 3145 1080 3207 rationem,
1121 3153 1216 3199 aut
1255 3159 1473 3200 onmem
1510 3145 1743 3199 admitte
1785 3160 1911 3201 cum
1952 3147 2135 3202 debita
2172 3156 2354 3204 tamen

2461 3148 2763 3214 ὀφείλοντος
2785 3147 2946 3215 λόγου
2980 3148 3078 3200 καὶ
3101 3148 3327 3217 τρόπου.

790 3235 1005 3290 ratione
1042 3251 1105 3289 ac
1146 3237 1330 3291 modo.

862 3327 949 3381 15.
982 3324 1053 3378 At
1082 3340 1211 3379 vero
1246 3326 1380 3379 mihi
1414 3325 1566 3381 dicas
1600 3326 1763 3379 velim
1790 3343 1802 3377 :
1831 3340 2015 3380 nonne
2052 3325 2193 3380 Deus
2219 3343 2361 3384 unus

792 3417 935 3470 Deus
970 3416 1093 3470 est?
1124 3415 1267 3469 Deus
1310 3417 1587 3483 equidem,
1631 3416 1871 3483 inquies,
1915 3427 1973 3469 ut
2015 3430 2164 3477 reor,
2217 3433 2360 3472 unus

788 3506 993 3574 estqui
1018 3507 1188 3572 legem
1216 3507 1419 3559 sanxit.
1446 3504 1631 3570 Quid?
1655 3506 1943 3559 Contraria
1978 3507 2199 3559 sanxit?
2224 3506 2359 3560 Nam

791 3606 943 3648 extra
975 3605 1286 3649 creatarum
1311 3611 1499 3648 rerum
1533 3611 1827 3663 numerum
1860 3612 1970 3650 nou
2002 3588 2132 3651 sunt
2154 3598 2361 3653 Cheru-

794 3689 903 3741 him
938 3687 1005 3741 ⁵³.
1063 3687 1243 3739 Eceur
1293 3701 1426 3754 ergo
1479 3687 1765 3741 hominum
1822 3702 1987 3742 manu
2049 3688 2365 3746 fabrefactis

794 3776 1092 3831 Cheruhim
1116 3777 1436 3831 obumbrari
1461 3778 1905 3847 propitiatorium
1932 3779 2129 3848 jubet?
2165 3784 2362 3837 Annon

792 3869 920 3935 quia
958 3868 1071 3931 Dei,
1110 3878 1293 3937 utpote
1328 3871 1421 3938 qni
1468 3870 1788 3925 nullatenus
1833 3874 2222 3929 circumscribi
2265 3891 2365 3930 nec

796 3962 1177 4027 repraesentari
1220 3967 1422 4028 p0test,
1470 3960 1653 4027 imago
1684 3960 1793 4014 ulla
1846 3962 1962 4016 ﬁeri
2005 3966 2215 4033 nequit,
2264 3981 2365 4021 nec

795 4051 1104 4119 cujuspiam
1131 4052 1289 4119 quasi
1319 4052 1457 4104 Deus
1489 4051 1579 4115 sit,
1609 4066 1674 4105 ne
1707 4053 1879 4105 latrite
1899 4054 2082 4109 cultus
2105 4066 2364 4125 tanquam

800 4144 908 4195 Deo
937 4150 1205 4195 creatura:
1235 4142 1593 4195 attribuatur.
1626 4141 1837 4198 Idcirco
1876 4144 2199 4211 Cherubim,
2238 4149 2365 4217 quia

796 4235 1210 4303 circumscripta
1269 4245 1418 4298 sunt,
1454 4234 1755 4304 divinaque
1811 4238 1950 4290 solio
1985 4239 2364 4294 ministrorum

798 4340 949 4379 more
987 4327 1275 4389 assistunt,
1315 4327 1586 4394 imagines
1614 4326 1812 4381 confici
1854 4330 2098 4394 mandat,
2128 4346 2250 4399 quae
2283 4322 2366 4385 fa-

798 4418 1072 4470 mulornm
1106 4425 1357 4485 gerentes
1388 4417 1637 4472 habitum
1676 4420 2119 4489 propitiatorium
2172 4425 2367 4477 obum-

2536 3332 2618 3377 ιε’.
2649 3325 2787 3392 Λέγε
2837 3340 2929 3393 μοι
2977 3322 3251 3391 ἐρωτῶντι
3286 3337 3302 3352 ·
3353 3316 3434 3384 εἷς
3466 3322 3595 3384 Θεὸς
3649 3325 3676 3374 6
3706 3322 3885 3387 Θεόςς
3918 3325 4037 3389 Ναὶ,

2463 3417 2681 3485 φήσεις,
2710 3415 2787 3477 ὼς
2820 3414 2944 3483 ἐμοὶ
2973 3414 3121 3466 δοκεῖ
3141 3408 3263 3482 ,θεῖς
3294 3414 3614 3482 νομοθέτης.
3646 3414 3711 3465 Τί
3738 3410 3833 3466 οὖν
3882 3433 4041 3483 νομο-

2463 3508 2609 3560 θετεῖ
2633 3506 2702 3558 τά
2731 3504 2949 3557 ἐναντία
2977 3520 2992 3569 ;
3045 3504 3122 3555 Οὐ
3152 3504 3261 3573 γάρ
3291 3504 3394 3567 ἔξω
3419 3504 3520 3571 τῆς
3562 3504 3799 3581 strigam;
3828 3507 3904 3557 τὰ
3943 3508 4041 3559 Χε-

2464 3599 2681 3669 ρουδίμ.
2704 3598 2769 3650 Τί
2794 3593 2886 3649 οὖν
2919 3597 3245 3665 προστάττει
3273 3595 3549 3664 Χερουϐὶμ
3580 3598 3800 3662 γλυπτά
3831 3599 4041 3668 άνθῴι-

2464 3709 2582 3745 πων
2624 3691 2785 3760 χερσὶ
2839 3689 3263 3757 τεκταινόμεναδ
3307 3686 3551 3749 σκιάζειν
3584 3688 3644 3739 τὸ
3681 3689 4041 3758 ἱλαστήριονς

2466 3785 2537 3837 Ἦ
2573 3783 2755 3853 δῆλον,
2788 3782 2864 3844 ὡς
2892 3781 3028 3834 Θεοῦ
3067 3780 3187 3850 μὲν,
3213 3780 3289 3843 ὡς
3320 3780 3739 3850 ἀπεριγράπτου
3767 3783 3867 3834 καὶ
3900 3784 4043 3834 ἀνει-

2465 3875 2668 3928 κάστου
2701 3874 2878 3926 ποιεῖν
2931 3872 3115 3925 εἰκόνα
3166 3872 3468 3941 ἀμήχανον,
3500 3872 3534 3941 ἦ
3583 3889 3729 3934 τινος
3760 3871 3837 3933 ὡς
3877 3872 4041 3935 Θεοῐ,

2465 3965 2554 4017 ἵνα
2582 3965 2657 4034 μὴ
2684 3964 2760 4027 ὡς
2795 3964 2928 4026 Θεὸς
2965 3964 3335 4033 λατρευομένη
3368 3965 3743 4033 προσκυνῆται
3773 3966 3807 4033 ἡ
3840 3966 4041 4026 κτίσις.

2466 4054 2587 4105 Τῶν
2616 4054 2673 4105 δὲ
2712 4051 3014 4123 Χερουϐὶμ,
3069 4053 3143 4114 ὡς
3185 4052 3612 4121 περιγραπτῶν,
3651 4053 3746 4103 καὶ
3791 4052 3874 4121 τῷ
3922 4053 4045 4121 Θεῖῳ

2468 4146 2644 4216 θρόνῳ
2684 4145 3066 4215 δουλοπρεπῶς
3104 4143 3489 4213 παρεστώτων,
3522 4143 3621 4212 τὴν
3654 4145 3844 4197 εἰκόνα
3888 4161 4045 4216 προσ-

2467 4240 2651 4292 τάττει
2683 4243 2858 4291 ποιεῖν
2882 4281 2896 4304 ,
2927 4232 3675 4308 ὣυλοπρεπιῦςσκιάζουσαν
3705 4237 3770 4288 τὸ
3818 4237 4046 4307 ἱλαστήο

2473 4348 2605 4401 ριον.
2632 4331 2879 4399 Ἐπρεπε
2920 4331 3028 4399 γὰρ
3065 4334 3132 4400 τῇ
3160 4330 3479 4382 είκόνιοτῶν
3506 4328 3775 4398 οὐρανίων
3803 4330 3863 4379 λε
3875 4346 3991 4381 ιτου
4003 4347 4047 4397 ρο

2469 4424 2600 4490 γῶν,
2631 4421 2729 4491 τὴν
2761 4422 2946 4473 εἰκόνα
2987 4422 3095 4473 τῶν
3130 4420 3291 4473 θείων
3328 4419 3643 4489 μυστηρίων
3693 4418 4043 4480 σκιάζεσθαι.

799 4510 976 4562 hrcut.
1010 4508 1149 4572 Quid
1180 4522 1385 4570 arcam,
1417 4508 1549 4575 quid
1584 4524 1802 4573 urnam,
1825 4511 2026 4581 quidve
2050 4516 2359 4583 propitiato-

2471 4515 2536 4568 Τί
2564 4515 2622 4568 δὲ
2655 4514 2758 4583 φὴς
2780 4514 2881 4582 τὴν
2906 4512 3157 4579 κιϐωτὸν,
3190 4514 3289 4582 τὴν
3318 4513 3574 4580 στάμνον,
3604 4511 3665 4562 τὸ
3702 4512 4045 4581 ξλαστῆριονλ,

802 4602 941 4651 rium
976 4599 1147 4653 fuisse
1192 4601 1307 4653 ais?
1351 4602 1546 4655 Annon
1592 4602 1875 4656 hominum
1908 4607 2163 4660 manibus
2196 4606 2369 4660 fabri-

800 4698 921 4741 cata
943 4688 1026 4739 “?
1056 4687 1313 4756 Nunquid
1348 4703 1458 4741 non
1507 4703 1675 4759 opera
1731 4706 1993 4745 manuum
2052 4693 2373 4749 hominum?

802 4779 992 4834 Nonne
1024 4796 1088 4835 ex
1137 4781 1251 4841 vili,
1288 4790 1347 4833 ut
1389 4782 1508 4851 ipse
1559 4782 1712 4847 loqui
1761 4798 1935 4847 amas,
1968 4788 2200 4839 materia
2235 4802 2369 4841 con-

805 4881 1015 4925 structa
1079 4872 1245 4927 sunt?
1304 4873 1447 4938 Quid
1498 4888 1627 4927 vero
1686 4882 1860 4928 totum
1925 4878 2373 4932 tabernaculum?

805 4977 989 5015 nonne
1014 4964 1233 5031 imago?
1259 4980 1441 5017 nonne
1465 4964 1659 5018 umbra
1692 4974 1856 5033 atque
1888 4969 2196 5036 exemplum
2226 4972 2374 5024 erat?

805 5050 1078 5114 Quocirca
1098 5051 1319 5105 divinus
1336 5052 1631 5119 Apostolus
1652 5054 1726 5105 ait
1754 5053 1822 5106 de
1852 5054 1989 5123 legis
2019 5058 2260 5125 antiqua:
2281 5074 2370 5113 sa-

807 5141 1124 5194 cerdotibus
1152 5142 1466 5196 edissercns
1504 5160 1517 5194 :
1558 5161 1577 5192 ι
1614 5142 1717 5207 Qui
1748 5146 2044 5213 exemplari
2078 5156 2133 5199 et
2166 5152 2373 5202 umbrae

807 5231 1122 5283 deserviunt
1156 5232 1500 5297 caelestium;
1544 5235 1689 5287 sicut
1723 5250 2050 5303 responsum
2070 5246 2155 5292 est
2178 5238 2370 5309 Moysi,

809 5324 936 5374 dum
960 5334 1443 5379 consununaturus
1457 5333 1575 5378 erat
1590 5326 2006 5380 tabernaculum
2029 5327 2185 5383 :Vide
2200 5331 2367 5399 enipi,

811 5414 1008 5481 inquit,
1037 5415 1222 5467 omnia
1250 5415 1412 5469 facito
1444 5418 1747 5469 secundqu
1785 5420 2064 5486 exemplar
2091 5420 2237 5487 quod
2275 5421 2373 5474 tibi

809 5516 1095 5559 ostensum
1129 5516 1213 5560 est
1248 5508 1302 5560 in
1334 5519 1516 5562 monte
1541 5508 1608 5563 “.
1649 5529 1669 5559 ›
1698 5509 2019 5577 Quanquam
2045 5526 2113 5563 ne
2144 5511 2227 5564 lex
2251 5514 2373 5581 qui-

890 5710 927 5736 ³¹¹
956 5710 1117 5763 Exod.
1154 5729 1337 5766 xxxiv.
1370 5713 1494 5774 '23.;
1528 5712 1689 5768 llehr.
1728 5730 1802 5774 Ix,
1832 5717 1881 5767 Δί.

816 5794 971 5845 \xm,
998 5780 1048 5831 7.
1126 5782 1165 5811 δ’
1194 5783 1362 5837 Exod.
1408 5800 1531 5847 λῖν,
1568 5786 1652 5837 13.
1732 5786 1773 5815 "‘
1800 5786 1942 5847 l’sal,
1978 5803 2127 5849 um,

1960 5717 2001 5745 3’
2028 5716 2167 5769 i‘sul.
2187 5731 2371 5771 ειμι.
2414 5716 2462 5767 7.

2206 5792 2266 5851 ὧς
2306 5788 2465 5840 Hebr.
2499 5804 2571 5845 ιι,
2610 5786 2665 5837 ll

2468 4608 2530 4659 οὺ
2558 4606 2941 4675 χειρότευκτας
2986 4605 3087 4656 οὐκ
3139 4604 3274 4671 ἔργα
3327 4601 3526 4670 χειρῶν
3557 4600 3910 4669 άνθρώπωνς
3950 4604 4049 4654 οὖι

2469 4694 2529 4758 ἐξ
2555 4695 2774 4763 ἀτίμου,
2799 4693 2874 4755 ὡς
2904 4694 2971 4744 σὺ
3009 4692 3135 4759 φὴς,
3163 4692 3296 4761 ὕλης
3341 4690 3865 4756 κατεσκευασμένας
3900 4691 3972 4742 Τί
4000 4691 4048 4741 δὲ

2467 4788 2500 4855 ἠ
2529 4786 2702 4854 σκηνὴ
2728 4785 2941 4847 ἆπασα;
2983 4785 3103 4852 οὐχὶ
3146 4782 3309 4835 εἰκὼν
3350 4780 3419 4853 ἦν
3446 4800 3462 4845 ;
3494 4784 3571 4835 Οὐ
3613 4782 3739 4834 σκιά
3768 4782 3870 4833 καὶ
3919 4782 4049 4833 ὑπὸ-

2467 4876 2694 4943 δειγμας
2718 4875 2857 4945 Φησὶ
2885 4873 3174 4943 τοιγαροῦν
3195 4876 3223 4927 6
3248 4873 3388 4934 θεῖος
3429 4872 3746 4932 ’Δπὸστολος
3773 4872 3914 4940 περὶ
3943 4872 4047 4923 τῶν

2469 4968 2610 5018 κατὰ
2664 4968 2755 5017 τὸν
2806 4966 2970 5035 νόμον
3012 4965 3201 5034 ἱερέων
3258 4964 3470 5027 διεξιὼν
3505 4980 3519 4992 ⁸
3570 4983 3589 5015 ι
3644 4962 3858 5025 υἷτινες
3918 4965 4047 5016 ~373-

3430 5036 3479 5069 \-

2468 5058 2719 5126 δείγματι
2767 5058 2859 5109 καὶ
2894 5059 3021 5126 σκιᾷ
3064 5056 3382 5125 λατρεύουσι
3414 5056 3520 5107 τ’ὦν
3550 5056 3929 5121 ἐπουρανίων·
3962 5074 4051 5106 κα-

2471 5149 2579 5210 θὼς
2616 5150 3051 5218 κεχρημάτισται
3086 5149 3326 5216 Μωῦσῆς
3350 5189 3363 5209 ,
3404 5147 3611 5216 μέλλων
3644 5147 3925 5198 ἐπιτελεῖν
3954 5149 4048 5215 τὴν

2473 5246 2694 5312 σκηνήν.
2720 5243 2865 5311 Ὀρα
2896 5241 3039 5311 γάρ,
3069 5241 3238 5309 ’φησὶ,
3278 5243 3530 5309 ποιήσεις
3563 5239 3704 5291 κατὰ
3742 5239 3835 5289 τὸν
3878 5239 4046 5291 τύποι

2476 5334 2567 5385 τὸν
2594 5332 2872 5401 δειχθέντα
2905 5349 2984 5384 σοι
3030 5336 3088 5385 ἐν
3120 5332 3198 5401 τῷ
3228 5333 3364 5399 δρει.
3392 5350 3411 5380 ι
3456 5329 3597 5381 Ἀλλ’
3629 5329 3749 5399 οἰεδὲ
3780 5328 3959 5379 εἰκὼν
3989 5324 4047 5392 ἦν

2476 5425 2705 5493 ὀνόμος,
2729 5424 2844 5476 ἀλλ’
2875 5424 3083 5485 εἰκόνος
3123 5423 3479 5491 προσκίασμα
3501 5436 3514 5448 ⁸
3560 5420 3692 5488 φησὶ
3724 5417 3863 5483 γοῦν
3894 5419 3925 5469 6
3958 5420 4046 5469 αὖε

2475 5513 2564 5575 τὸς
2600 5513 2919 5575 Ἀπόστολος
2939 5529 2952 5541 ·
2986 5532 3004 5562 ι
3037 5512 3201 5563 Σκιαν
3227 5511 3335 5579 γάρ
3360 5510 3497 5576 ἔχων
3521 5510 3549 5560 6
3579 5508 3739 5574 νόμος
3764 5505 3879 5557 τῶν
3925 5507 4045 5575 μεὶο

2546 5718 2587 5746 ⁸³
2640 5715 2771 5769 (ΞιιίιΔ
2837 5729 3033 5775 sum,
3068 5715 3100 5763 3
3231 5711 3419 5765 "Gen.
3475 5710 3717 5769 xut:.7.
3842 5711 4039 5764 δεῦε.

2770 5788 2816 5815 δ’
2843 5782 3005 5838 Hebr.
3036 5800 3152 5837 \ttt.
3186 5782 3233 5835 ἐι.
