4182 6476
193 408 328 473 1245

1319 421 1415 479 DE
1451 421 1909 495 IMAGINIBUS
1944 428 2229 493 ORATIO
2262 436 2310 494 l.

3304 440 3435 504 1246

187 513 390 565 λόντων
420 513 660 581 ἀγαθῶν,
690 515 791 569 οὐκ
823 518 993 589 αὐτὴν
1021 521 1117 591 τὴν
1144 522 1327 573 εἰκόνα
1365 525 1473 576 τῶν
1506 529 1753 595 πραγμά-

1870 530 1995 585 dem
2026 534 2209 605 imago
2235 546 2377 601 erat,
2400 539 2495 595 sed
2526 541 2779 611 imaginis
2798 547 2976 614 potius
2995 544 3355 607 adumbratio,
3378 557 3435 599 ut

186 621 318 656 των.
356 624 375 656 ι
410 606 473 658 Εί
503 602 594 660 οῦν
615 610 642 660 ὁ
676 610 841 678 νόμος
872 611 1088 674 εἰκόνας
1143 616 1500 684 ἀπαγορεύει,
1527 619 1688 680 αὐτὸς
1711 619 1765 671 δὲ

186 696 394 759 εἰκόνος
429 698 543 750 ἐστὶ
572 702 983 771 προχάραγμα,
1019 703 1071 754 τί
1112 705 1400 773 φήσομεν;
1433 709 1492 757 El
1527 711 1559 777 ἡ
1594 712 1765 781 σκηνὴ

187 785 340 845 σκιὰ,
371 787 464 839 καὶ
487 788 657 842 τύπου
690 792 884 853 τύπος,
920 791 1036 855 πῶς
1081 792 1156 863 μὴ
1190 795 1599 864 εἰκονογραφεῖν
1631 799 1658 849 ό
1689 798 1767 850 νό-

188 892 289 943 μος
311 877 722 947 διακελεύεται;
767 882 905 934 Ἀλλ’
930 883 1030 936 οὐκ
1073 883 1220 937 ἐστιν
1261 885 1405 938 οὕτω
1428 886 1599 939 ταῦτα
1620 928 1634 952 ,
1666 888 1766 942 οὐκ

183 965 304 1021 ἐστι
325 985 339 999 ·
374 972 565 1043 καιρὸς
599 973 658 1028 δὲ
693 974 894 1044 μᾶλλον
918 974 997 1045 τῷ
1021 976 1184 1029 παντὶ
1208 978 1514 1049 πράγματι.

260 1246 359 1302 ις’.
390 1238 566 1308 Πάλαι
619 1237 717 1307 μὲν
746 1238 775 1290 ό
810 1236 963 1301 Θεὸς,
994 1236 1021 1288 ὀ
1060 1236 1351 1307 ἀσώματος
1384 1257 1443 1291 τε
1472 1240 1563 1291 καὶ
1593 1240 1764 1310 ἀσχη-

185 1328 467 1398 μάτιστος,
487 1328 740 1398 οὐδαμῶς
764 1329 1078 1391 είκονίζετο.
1106 1330 1218 1383 Νῦν
1236 1331 1291 1385 δὲ
1318 1333 1481 1402 σαρκὶ
1504 1332 1762 1401 ὀφθέντος

180 1420 345 1484 Θεοῦ,
378 1421 471 1473 καὶ
517 1423 631 1484 τοῖς
655 1421 967 1492 ἀνθρώποις
1020 1426 1578 1494 πναναστραφέντος,
1620 1427 1763 1477 εἰκο-

176 1511 315 1575 νίζω
352 1512 487 1565 Θεοῦ
522 1512 582 1565 τὸ
615 1512 912 1582 ὁρώμενον.
955 1515 1027 1566 Οὕ
1058 1517 1341 1583 προσκυνῶ
1364 1520 1428 1585 τῇ
1454 1515 1572 1587 ὕλῃ,
1595 1535 1755 1586 προσ-

182 1602 335 1652 κυνῶ
362 1600 418 1654 δὲ
440 1603 533 1655 τὸν
558 1603 656 1671 τῆς
689 1603 817 1672 ὕλης
868 1603 1198 1675 δημιουργὸν
1219 1649 1232 1671 ,
1264 1606 1355 1659 τὸν
1399 1607 1529 1676 ὕλην
1560 1608 1628 1659 δι’
1660 1608 1761 1677 ἐμὲ

177 1694 497 1760 γενόμενον,
538 1694 634 1746 καὶ
673 1696 732 1747 ἐν
765 1693 869 1767 ὕλῃ
922 1697 1247 1764 κατοικῆσαι
1306 1696 1760 1768 καταδεξάμενον,

180 1784 279 1834 καὶ
308 1784 375 1835 δι’
409 1783 537 1852 ὕλης
585 1784 682 1853 τὴν
739 1787 1014 1856 σωτηρίαν
1068 1804 1167 1857 μου
1217 1789 1635 1856 ἐργασάμενον,
1668 1790 1761 1841 καὶ

1867 620 2013 674 idem
2054 623 2129 677 ait
2165 626 2467 694 Apostolus
2499 648 2510 682 :
2554 649 2571 681 ι
2599 629 2854 685 Umbram
2878 635 3082 689 habens
3110 636 3189 687 lex
3223 634 3435 688 futuro-

1867 727 1989 765 rum
2029 711 2329 779 bonorum,
2379 734 2493 772 non
2557 722 2730 789 ipsam
2775 722 3060 791 imaginem
3109 740 3287 777 rerum
3315 724 3377 775 ⁸⁸.
3407 741 3426 773 ι

1866 801 2048 864 Quare
2074 806 2117 857 si
2153 805 2237 859 lex
2271 822 2394 874 qua:
2427 808 2690 876 imagines
2726 811 2973 877 prohibet
3008 812 3142 875 ﬁeri,
3180 812 3429 881 imaginis

1866 893 2042 962 ﬁgura
2074 904 2197 962 est;
2236 899 2369 966 quid
2396 899 2509 967 jam
2534 900 2823 954 dicemus?
2846 900 2915 952 At
2942 900 2986 953 si
3021 903 3427 955 tabernaculum

1868 984 2062 1038 umbra
2112 995 2228 1053 est,
2264 998 2319 1043 et
2352 990 2526 1058 ﬁgura
2556 989 2760 1058 ﬁgurae,
2794 1006 2893 1044 cur
2921 991 3002 1044 lex
3034 991 3296 1060 imagines
3325 1008 3429 1043 non

1866 1073 2018 1144 pingi
2046 1076 2278 1143 jubeat?
2311 1078 2509 1135 Verum
2544 1081 2658 1134 haec
2691 1095 2800 1133 non
2852 1082 2925 1133 ita
2967 1101 3025 1139 se
3048 1086 3275 1150 habent;
3317 1101 3423 1139 nor.

1867 1164 2119 1233 profecto
2150 1187 2164 1220 ;
2208 1168 2302 1222 sed
2332 1186 2492 1224 suum
2525 1171 2820 1238 unicuique
2851 1171 2927 1223 rei
2972 1182 3181 1240 tempus
3219 1183 3298 1225 est
3320 1174 3385 1226 ".

1936 1256 2023 1310 16.
2051 1257 2397 1327 Quapropter
2430 1260 2595 1314 Deum
2616 1264 2766 1324 olim,
2796 1269 2852 1313 ut
2884 1264 3125 1329 corporis
3156 1277 3217 1313 ac
3247 1264 3423 1329 ﬁgura

1864 1360 2185 1415 expertem,
2244 1353 2421 1421 imago
2480 1352 2630 1404 nulla
2692 1351 2961 1404 referebat
2994 1350 3057 1400 "'.
3108 1348 3257 1403 Nunc
3301 1364 3421 1401 vero

1868 1445 2226 1506 posteaquam
2261 1440 2316 1493 in
2349 1453 2514 1494 carne
2542 1440 2693 1494 visus
2730 1448 2811 1490 est
2842 1437 3000 1497 Deus,
3026 1443 3077 1487 et
3110 1450 3226 1487 cum
3254 1435 3424 1486 homi—

1865 1524 2030 1584 nibus
2060 1540 2422 1585 conversatus
2461 1541 2543 1585 est
2566 1532 2651 1594 ‘°,.
2677 1542 2780 1595 qua
2808 1534 2955 1593 parte
2988 1522 3421 1592 conSpiciendum

1866 1633 1926 1672 se
1956 1620 2212 1688 przrbuit,
2257 1620 2349 1673 Dei
2382 1621 2672 1689 imaginem
2716 1612 2961 1666 elIormo.
2983 1610 3096 1664 Non
3126 1610 3421 1672 materiam,

1866 1709 1961 1760 sed
1996 1711 2237 1763 materia:
2265 1718 2549 1763 auctorem
2581 1710 2782 1773 adoro;
2816 1709 2906 1778 qui
2939 1717 3159 1776 propter
3192 1720 3276 1758 me
3310 1717 3424 1755 ma—

1867 1800 2006 1851 teria
2036 1800 2215 1854 factus
2245 1810 2353 1863 est,
2386 1808 2440 1855 et
2473 1801 2526 1853 in
2553 1800 2783 1855 materia
2819 1800 3064 1852 habitare
3096 1797 3285 1855 voluit,
3323 1810 3428 1863 quo

180 1873 361 1927 σέϐων
389 1876 449 1927 οὐ
490 1876 770 1947 παύσομαι
799 1879 897 1947 τὴν
930 1879 1082 1949 ὕλην,
1116 1880 1181 1931 δι’
1202 1876 1269 1949 ἧς
1309 1882 1340 1949 ἡ
1374 1880 1620 1950 σωτηρία
1658 1899 1753 1950 μου

1867 1905 1963 1958 per
1994 1891 2276 1944 materiam
2315 1891 2545 1945 salutem
2584 1906 2757 1944 meam
2803 1880 3155 1957 operaretur:
3188 1900 3286 1939 nec
3318 1898 3423 1935 ma-

176 1964 505 2032 εἴργασταιο
551 1967 693 2020 σέϐω
726 1969 785 2020 δὲ
817 1971 915 2039 οὐχ
949 1970 1025 2032 ὡς
1060 1969 1191 2021 Θεόν
1214 1986 1225 1997 °
1261 1970 1442 2037 ἄπαγε
1464 1990 1477 2000 ·
1507 1970 1624 2033 πῶς
1650 1970 1757 2040 γὰρ

174 2054 239 2106 τὸ
266 2054 325 2122 ἐξ
359 2056 457 2109 οὐκ
486 2057 658 2111 ὄντων
680 2058 780 2129 τὴν
814 2062 1033 2128 γένεσιν
1066 2064 1299 2131 ἐσχηκὸς
1323 2105 1336 2128 ,
1370 2063 1535 2127 Θεός;
1574 2064 1635 2115 El
1666 2066 1758 2117 καὶ

172 2144 239 2195 τὸ
275 2144 367 2197 τοῦ
406 2145 543 2200 Θεοῦ
604 2148 762 2218 σῶμα
808 2149 963 2214 Θεὸς,
1003 2151 1090 2204 διὰ
1143 2152 1242 2221 τὴν
1297 2151 1419 2203 καθ’
1462 2153 1757 2206 ὑπόστασιν

168 2238 373 2293 ἕνωσιν
419 2242 647 2310 γεγονὸς
702 2245 1101 2315 ἀμεταϐλήτως
1141 2248 1277 2317 ὅπερ
1316 2246 1376 2299 τὸ
1410 2248 1625 2318 χρίσαν,
1663 2248 1757 2302 καὶ

172 2333 369 2397 μεῖναν
398 2333 534 2403 ὅπερ
592 2329 660 2403 ἦν
708 2339 774 2405 τῇ
818 2338 1007 2405 φύσει,
1048 2338 1181 2407 σὰρξ
1223 2338 1547 2409 ἐψυχωμένη
1607 2341 1753 2409 ψυχῇ

168 2423 363 2495 λογικῇ
414 2442 471 2477 τε
530 2428 624 2478 καὶ
660 2430 857 2498 νοερᾷ,
887 2430 1138 2500 ἠργμένη
1160 2471 1174 2494 ,
1208 2433 1305 2483 οὐκ
1339 2433 1609 2494 ἅκτιστος.
1644 2432 1754 2501 Τὴν

165 2518 229 2569 δέ
260 2535 324 2585 γε
366 2518 559 2589 λοιπὴν
589 2519 720 2589 ὕλην
771 2521 935 2584 σέϐω,
971 2522 1065 2573 καὶ
1106 2523 1172 2574 δι’
1207 2523 1389 2585 αἰδοῦς
1419 2523 1556 2592 ἄγω,
1585 2524 1651 2576 δι’
1684 2519 1751 2594 ἧς

168 2610 202 2677 ἡ
230 2609 475 2678 σωτηρία
503 2628 604 2678 μου
632 2611 885 2677 γέγονεν,
918 2613 991 2674 ὡς
1027 2613 1174 2675 Θείας
1208 2615 1489 2682 ἐνεργείας
1523 2615 1615 2666 καὶ
1656 2617 1753 2684 χά-

169 2716 322 2770 ριτος
357 2700 629 2771 ἔμπλεων.
662 2704 730 2755 Ἦ
752 2703 850 2772 οὐχ
884 2704 983 2773 ὕλη
1014 2704 1073 2755 τὸ
1102 2703 1195 2756 τοῦ
1232 2706 1465 2775 σταυροῦ
1494 2706 1671 2773 ξύλον,
1695 2708 1754 2759 τὸ

165 2793 480 2865 τρισόλϐνον
521 2795 614 2847 καὶ
654 2797 1122 2865 τρισμακάριστον
1150 2814 1162 2861 ;
1193 2799 1260 2849 Ἦ
1286 2799 1384 2866 οὐχ
1413 2798 1512 2868 ὕλη
1546 2798 1606 2850 τὸ
1628 2798 1754 2867 ὅρος

165 2884 229 2936 τὸ
260 2885 456 2937 σεπτὸν
495 2885 589 2938 καὶ
614 2885 768 2953 ἇγιον
790 2905 804 2951 ;
829 2888 890 2941 Ὀ
921 2888 1014 2941 τοῦ
1055 2890 1293 2957 Κρανίου
1322 2890 1516 2955 τόπος;
1552 2891 1621 2943 Ἣ
1655 2892 1753 2960 οὐχ

164 2975 334 3046 ὕληὴ
383 2976 671 3045 φερέσϐιος
721 2978 896 3047 πέτρα
944 2980 1036 3031 καὶ
1088 2977 1395 3051 ζωηφόρος,
1436 2983 1463 3033 ὀ
1511 2984 1678 3050 τάφος
1726 2985 1753 3034 ὁ

165 3065 345 3134 ἅγιος,
374 3070 406 3137 ἡ
431 3069 584 3138 πηγὴ
620 3070 720 3138 τῆς
772 3069 929 3139 ἡμῶν
979 3071 1358 3137 ἀναστάσεως
1394 3074 1461 3123 Ἢ
1515 3073 1611 3141 οὐχ
1651 3073 1749 3144 ὕλη

164 3153 232 3209 τὸ
272 3156 461 3227 μέλαν,
491 3160 583 3212 καὶ
614 3161 646 3229 ἡ
694 3159 805 3212 τῶν
838 3160 1189 3229 Εὑαγγελίων
1238 3165 1483 3231 παναγία
1523 3164 1702 3235 βίϐλος
1731 3183 1745 3229 ;

1862 1982 2075 2043 teriam,
2118 1995 2214 2048 per
2250 1996 2411 2049 quam
2440 1980 2589 2034 salus
2620 1989 2774 2047 parta
2801 1980 2930 2030 mihi
2954 1986 3059 2039 est,
3089 1977 3267 2029 colere
3287 1973 3428 2026 desi-

1860 2086 1987 2124 nam
2018 2089 2030 2123 :
2063 2086 2173 2125 non
2217 2081 2396 2125 tamen
2432 2079 2491 2123 ut
2520 2072 2691 2138 ipsam
2717 2080 2976 2137 tanquam
3021 2068 3185 2119 Deum
3216 2064 3387 2118 colam
3419 2102 3431 2123 ,

1859 2162 2005 2231 quod
2044 2160 2187 2215 Deus
2234 2168 2468 2214 avertat.
2522 2158 2809 2223 Quomodo
2852 2159 3000 2211 enim
3054 2156 3200 2209 Deus
3247 2155 3337 2213 sit,
3382 2152 3433 2203 id

1858 2253 2005 2323 quod
2036 2270 2100 2307 ex
2139 2252 2312 2305 nihilo
2332 2261 2514 2303 ortum
2542 2250 3003 2317 est?Quanquam
3033 2245 3232 2313 alioqui
3259 2249 3433 2312 ipsum

1858 2345 1949 2399 Dei
1984 2359 2186 2411 corpus
2216 2342 2363 2397 Deus
2408 2350 2490 2395 est
2538 2341 2607 2393 ob
2662 2340 2924 2393 unionem
2990 2338 3290 2391 sccnmlum
3334 2336 3432 2402 hy-

1854 2436 2144 2506 postasim,
2185 2449 2312 2488 cum
2354 2434 2476 2487 sine
2512 2431 2883 2485 demutatione
2920 2430 3052 2481 illud
3090 2428 3291 2480 factum
3342 2426 3432 2488 sit,

1856 2544 2025 2597 aquo
2078 2530 2364 2581 inunctum
2426 2525 2553 2587 fuit,
2611 2523 2774 2590 idque
2835 2520 3239 2590 permanserit,
3293 2516 3436 2585 quod

1857 2626 2052 2685 suapte
2096 2625 2292 2669 natura
2350 2626 2504 2678 erat;
2561 2629 2755 2681 nempe
2804 2627 2931 2665 caro
2965 2612 3210 2663 animata
3260 2609 3441 2659 anima

1858 2718 2037 2763 mente
2098 2708 2423 2775 t'ationeqtte
2473 2705 2738 2775 prmtlita;
2776 2718 2898 2772 qua:
2948 2701 3171 2770 quidem
3225 2698 3440 2750 initium

1858 2801 2071 2864 habuit,
2094 2783 2180 2853 Iac
2222 2800 2549 2867 neutiquam
2583 2797 2825 2849 inercata
2851 2804 2954 2848 est.
2985 2791 3281 2845 liesidnam
3318 2803 3443 2841 vero

1856 2893 2162 2954 materiam,
2189 2907 2310 2962 quae
2354 2891 2419 2944 ad
2458 2890 2694 2944 salutem
2727 2901 2903 2941 meam
2940 2885 3195 2947 contulit,
3231 2886 3350 2934 culo
3382 2895 3444 2933 ae

1854 3001 2118 3049 veneror;
2152 2984 2356 3054 quippe
2402 2996 2568 3051 quam
2600 2980 2926 3034 ellicacitate
2957 2978 3205 3045 implevit
3234 2984 3288 3029 et
3320 2988 3444 3043 gra-

1854 3078 1950 3131 tia.
2005 3080 2202 3132 Annon
2250 3076 2480 3130 materia
2522 3084 2663 3137 erat,
2706 3074 2914 3143 lignum
2952 3075 3137 3124 crucis
3189 3071 3444 3122 furtuna-

1858 3166 2138 3219 tissimum
2161 3166 2293 3219 illud
2327 3164 2827 3232 beatissimumque
2850 3178 2879 3215 a
2906 3161 3121 3214 cunctis
3145 3159 3440 3227 pra‘dicam

166 3248 242 3305 Ἦ
272 3222 372 3321 οὐχ
403 3249 504 3319 ὕλη
532 3253 563 3321 ὴ
600 3222 886 3323 ζὸιηφόρος
928 3222 1197 3324 τράπεζα,
1228 3256 1260 3323 ἡ
1291 3222 1588 3326 τὸννᾶρτον

1859 3257 2028 3309 dum?
2056 3255 2251 3310 Nonne
2275 3257 2533 3319 materia,
2553 3269 2713 3309 mons
2742 3261 2969 3308 sanctus
2989 3267 3053 3305 ac
3074 3251 3445 3311 venerandus,

160 3339 265 3416 τῆς
292 3343 437 3412 ζωῆς
469 3346 819 3415 χορηγοῦσα;
864 3348 934 3399 "ll
976 3347 1208 3418 οὐχῦλη
1231 3390 1243 3411 ,
1279 3351 1306 3400 ὁ
1338 3350 1537 3420 χρυσός
1566 3368 1622 3402 τε
1658 3352 1748 3404 καὶ

160 3438 194 3487 ὁ
218 3433 485 3504 ἄργυρος,
513 3436 573 3499 ἐξ
623 3432 697 3490 ὧν
733 3440 957 3507 σταυροὶ
1002 3440 1096 3490 καὶ
1134 3440 1360 3502 πίνακες
1402 3440 1749 3492 κατασκευά-

162 3521 374 3588 ζονται,
400 3525 493 3578 καί
520 3526 795 3596 ποτήριας
837 3528 905 3580 Ἦ
938 3530 1037 3597 οὐχ
1064 3527 1161 3598 ὕλη
1206 3530 1312 3598 πρὸ
1344 3530 1547 3583 τούτων
1578 3530 1750 3583 ἀπάν-

158 3630 275 3667 των
318 3612 378 3667 τὸ
408 3613 503 3666 τοῦ
536 3616 739 3685 Κυρίου
770 3616 927 3686 ἡμῶν
962 3619 1119 3687 σῶμα
1156 3620 1245 3670 καὶ
1286 3613 1468 3689 arua;
1507 3622 1576 3673 ’Ἡ
1614 3622 1747 3673 πάν-

160 3722 276 3757 των
301 3704 509 3758 τούτων
537 3707 691 3760 ἄνελε
722 3708 784 3759 τὸ
808 3708 972 3771 σέϐας
1007 3711 1101 3761 καὶ
1147 3710 1244 3779 τὴν
1288 3710 1683 3780 προσκύνησιν,
1716 3712 1747 3783 ἢ

160 3796 489 3867 παραχώρει
540 3801 606 3869 τῇ
648 3799 1082 3871 ἐκκλησιαστικῇ
1147 3802 1444 3869 παραδόσει
1503 3805 1595 3855 καὶ
1652 3804 1750 3874 τὴν

159 3885 275 3938 τῶν
313 3888 537 3940 εἰκόνων
562 3888 953 3958 προσκύνησιν,
982 3890 1116 3942 Θεοῦ
1147 3891 1237 3941 καὶ
1269 3892 1438 3957 φίλων
1465 3892 1599 3943 Θεοῦ
1630 3892 1750 3943 ὀνό-

162 3994 299 4047 ματι
351 3978 755 4049 ἀγιαζομένων,
792 3981 885 4031 καὶ
924 3980 1012 4032 διά
1044 3979 1203 4031 τοῦτο
1237 3980 1383 4033 οείου
1432 3982 1748 4050 Πνεύματος

156 4070 638 4137 ἐπεσκιαζομένων
658 4070 859 4140 χάριτι.
894 4070 985 4141 Μὴ
1012 4069 1207 4132 κάκιζε
1233 4071 1329 4141 τὴν
1357 4071 1487 4143 ὕλην
1506 4089 1518 4101 ·
1546 4075 1606 4126 οὕ
1642 4074 1748 4146 γάρ

156 4163 379 4229 ἄτιμος.
412 4161 583 4214 Οὐδὲν
619 4162 731 4233 γὰρ
761 4162 980 4232 ἄτιμον,
1011 4166 1038 4218 ὃ
1072 4166 1222 4237 παρὰ
1270 4166 1406 4219 Θεοῦ
1434 4169 1745 4238 γεγένηται.

157 4254 288 4305 Τῶν
331 4254 655 4322 Μανιχαίων
703 4255 863 4307 τοῦτο
896 4256 957 4308 τὸ
1001 4258 1257 4329 φρόνημα
1293 4275 1305 4289 ·
1350 4259 1509 4329 μόνον
1544 4260 1601 4312 δὲ
1631 4262 1747 4313 ἄτι-

158 4362 290 4417 μον,
324 4343 351 4396 ὃ
384 4346 460 4415 μὴ
490 4345 589 4416 τὴν
619 4346 800 4399 αἰτίαν
841 4348 997 4418 ἔσχεν
1029 4351 1093 4403 ἐκ
1132 4350 1293 4417 Θεοῦ,
1331 4350 1448 4404 ἀλλ’
1480 4352 1749 4422 ἡμέτερόν

156 4440 314 4491 ἐστιν
353 4438 587 4509 εὕρεμα,
622 4443 687 4511 τῇ
734 4442 799 4493 ἐκ
838 4442 932 4496 τοῦ
975 4444 1118 4497 κατὰ
1171 4444 1333 4513 φύσιν
1369 4448 1447 4508 εἰς
1499 4446 1559 4498 τὸ
1598 4447 1749 4517 παρὰ

158 4526 327 4595 φύσιν
349 4526 682 4599 αὕτεξουσίῳ
707 4528 949 4582 ἐκκλίσει
986 4548 1046 4583 τε
1080 4532 1173 4584 καὶ
1215 4536 1356 4603 ῥοπῇ
1388 4532 1480 4585 τοῦ
1511 4532 1749 4603 Θελὴμα-

156 4635 274 4680 τος,
316 4620 594 4672 τουτέστιν
616 4622 649 4690 ὴ
672 4621 940 4691 ἁμαρτία.
972 4624 1034 4676 El
1081 4624 1168 4677 διὰ
1196 4625 1286 4677 τὸν
1329 4626 1491 4693 νόμον
1526 4626 1623 4689 τὰς
1668 4629 1747 4679 εί⁴

158 4709 327 4770 κόνας
358 4709 666 4778 ἀτιμάζεις,
703 4710 796 4761 καὶ
831 4712 1219 4783 ἁπαγορεύεις,
1247 4714 1322 4774 ὡς
1356 4712 1414 4777 ἐξ
1448 4712 1581 4782 ὕλης
1617 4733 1751 4768 κατ-

157 4800 592 4869 εσκευασμὲνας,
629 4801 731 4871 ὅρα
759 4803 812 4855 τί
852 4819 1021 4882 φησιν
1059 4804 1092 4874 ἡ
1127 4804 1315 4873 Γραφή
1341 4820 1354 4834 ⁸
1383 4806 1491 4857 Καὶ
1521 4805 1751 4875 ὲλάλησε

159 4894 369 4967 Κύριος
403 4893 539 4965 πρὸς
576 4894 838 4965 Μωῦσῆν,
881 4896 1086 4965 λέγων·
1140 4898 1275 4950 Ἰδοὺ
1313 4898 1664 4960 ἀνακέκληκα
1695 4900 1755 4964 ἐξ

154 4989 424 5059 ὀνόματος
442 4986 710 5057 Βεσελεὴλ
736 4988 829 5041 τὸν
860 4989 952 5043 τοῦ
989 4993 1108 5061 Ὠρ,
1134 4991 1198 5042 ἐκ
1232 4989 1401 5060 φυλῆς
1438 4990 1620 5045 Ἰούδα.
1641 4994 1753 5047 Καὶ

169 5080 481 5150 Ἐνέπλησα
497 5079 661 5132 αὐτὸν
688 5079 907 5149 πνεῦμα
928 5081 1090 5140 Οεῖον,
1114 5083 1325 5151 σοφίας,
1347 5083 1438 5134 καὶ
1458 5082 1751 5149 συνέσεως,

157 5170 258 5226 καὶ
286 5171 598 5242 ἐπιστήμης
628 5172 686 5223 ἐν
715 5173 880 5225 παντὶ
919 5171 1067 5243 ἔργῳ
1096 5172 1447 5235 διανοεῖσθαι,
1470 5173 1566 5225 καὶ
1596 5175 1753 5243 ἀρχι-

155 5265 461 5327 τεκτονεῖν,
497 5265 592 5316 καὶ
628 5263 961 5335 ἐργάζεσθαι
1008 5266 1071 5318 τὸ
1103 5267 1346 5337 χρυσίον,
1377 5266 1553 5318 καὶτὸ
1587 5266 1754 5336 ἀργύ-

162 5372 303 5426 ριον,
336 5354 433 5406 καὶ
477 5355 569 5408 τὸν
603 5357 803 5427 χαλκὸν
825 5398 841 5422 ,
876 5357 971 5410 καὶ
1032 5359 1133 5427 τὴν
1184 5357 1468 5421 ὑάκινθον,
1502 5358 1597 5409 καὶ
1650 5358 1752 5427 τὴν

160 5445 475 5517 πορφύραν,
512 5449 609 5501 καλ⁵
636 5450 696 5502 τὸ
731 5449 987 5503 κόκκινον
1036 5450 1095 5502 τὸ
1134 5450 1350 5519 νηστὸν,
1378 5449 1471 5501 καὶ
1494 5448 1595 5518 τὴν
1626 5448 1752 5517 βύσ-

159 5558 258 5595 σον
281 5540 382 5613 τὴν
406 5541 923 5615 κεκλωσμένην,καὶ
947 5544 1017 5597 τὰ
1037 5542 1357 5614 λιθουργικὰ
1382 5544 1461 5604 εἰς
1486 5542 1554 5593 τὰ
1583 5541 1743 5610 ἔργα,

161 5634 362 5690 καὶτὰ
408 5636 701 5689 τεκτονικά
746 5639 826 5701 είς
881 5636 950 5690 τὰ
999 5636 1128 5701 ξύλα
1156 5676 1169 5700 ,
1214 5634 1547 5706 ἐργάζεσθαι
1603 5637 1745 5690 κατὰ

1858 3349 1947 3402 ille
1966 3344 2734 3415 Calvarizelocus?Nunquid
2764 3345 2995 3397 materia
3030 3359 3135 3397 non
3171 3350 3255 3395 cst
3305 3343 3445 3395 alma

1856 3438 2149 3507 vitalisque
2182 3438 2271 3491 illa
2310 3446 2502 3506 petra;
2534 3445 2813 3498 sanctum,
2850 3437 3097 3502 inquam,
3134 3432 3297 3503 314
3334 3450 3448 3486 mo-

1858 3538 2203 3591 numentum,
2266 3537 2469 3581 nostra:
2526 3525 2649 3580 fons
2717 3525 3189 3579 resurrectionis?
3244 3524 3444 3576 Annon

1858 3622 2111 3687 materia,
2141 3630 2255 3673 tum
2291 3628 2688 3680 atramentum,
2714 3627 2826 3670 tum
2862 3617 3255 3672 sanctissimus
3280 3614 3448 3667 Evan-

1856 3712 2127 3779 geliorum
2161 3710 2343 3763 liber?
2372 3709 2575 3761 Annon
2612 3722 2833 3777 quoque
2874 3706 3097 3759 materia
3124 3715 3228 3765 est,
3261 3718 3447 3757 mensa

1857 3800 2094 3865 vivilica,
2158 3816 2278 3869 qua:
2350 3813 2547 3869 panem
2601 3798 2729 3851 vita:
2790 3798 2952 3851 nobis
3021 3794 3451 3851 subministrat?

1855 3891 2069 3946 Nonne'
2106 3893 2359 3955 materia,
2416 3906 2610 3943 aurum
2662 3897 2717 3943 et
2776 3899 3097 3959 argentum,
3152 3901 3205 3944 et
3248 3888 3448 3957 quibus

1857 3998 2071 4050 cruces,
2130 3994 2184 4037 et
2239 3983 2374 4037 disci
2408 4023 2422 4046 ,
2478 3981 2798 4051 calicesque
2851 3983 3265 4035 coniiciuntur?
3305 3981 3446 4044 Quin

1855 4074 2044 4136 etiam,
2077 4074 2225 4143 quod
2251 4073 2512 4126 omnibus
2543 4073 2675 4133 istis,
2713 4074 3013 4136 antecellit,
3049 4072 3297 4140 nunquid
3334 4085 3447 4121 ma-

1856 4162 1991 4217 teria
2016 4176 2127 4216 non
2163 4170 2316 4227 sunt,
2349 4176 2557 4230 corpus
2589 4176 2652 4214 ac
2686 4164 2916 4232 sanguis
2939 4162 3187 4215 Christi?
3242 4161 3443 4213 llorum

1854 4254 2100 4307 omnium
2157 4253 2367 4308 cultum
2418 4252 2915 4323 adorationemque
2966 4266 2996 4306 e
3053 4253 3231 4306 medio
3266 4252 3441 4305 tolle:

1857 4355 1950 4399 aut.
1983 4345 2381 4400 ecclesiasticis
2418 4344 2693 4400 institutis
2741 4346 3154 4414 obtemperans,
3202 4347 3341 4411 sine,
3390 4356 3446 4397 ut

1858 4437 1951 4492 Dei
1981 4446 2039 4491 οι·
2081 4450 2301 4502 eorum,
2347 4436 2442 4506 qui
2481 4437 2787 4491 amicorum
2825 4435 2914 4489 Dei
2963 4437 3317 4491 sanctissimo
3349 4450 3444 4487 no-

1859 4527 2005 4581 mine
2034 4525 2390 4590 deeorantur,
2419 4534 2584 4595 atque
2615 4526 2751 4579 adeo
2780 4526 2949 4578 divini
2989 4525 3230 4593 Spiritus
3273 4524 3444 4593 gratia

1854 4626 1985 4675 sunt
2025 4618 2360 4681 obumbrati,
2385 4618 2654 4688 imagines
2687 4618 3008 4672 adorentur.
3033 4618 3177 4671 Nihil
3207 4620 3443 4671 materne
3500 4616 3503 4619 ’

1852 4711 2156 4775 detrahas;
2192 4726 2369 4780 neque
2410 4711 2557 4764 enim
2588 4719 2909 4779 contemptu
2948 4712 3111 4781 digna
3149 4720 3254 4765 est.
3305 4711 3445 4763 Nihil

1854 4803 2149 4873 siquidem,
2167 4804 2314 4873 quod
2341 4802 2547 4857 factum
2570 4820 2600 4857 a
2628 4804 2737 4858 Deo
2762 4805 2856 4869 sit,
2876 4804 3223 4873 aspernabile
3255 4803 3441 4856 fuerit.

1854 4897 1970 4949 Hoc
2002 4894 2433 4949 Manichaeorum
2457 4896 2777 4963 Opinionem
2811 4895 2978 4965 sapit.
3013 4894 3144 4947 Illud
3179 4896 3448 4949 duntaxat

1855 4988 2399 5057 contemptibileest,
2429 4987 2577 5057 quod
2613 4986 2781 5041 Deum
2813 5002 2921 5041 non
2954 4984 3117 5040 habet
3139 4994 3445 5052 auctorem,

1854 5080 1949 5133 sed
2003 5080 2181 5135 libero
2222 5080 2519 5135 voluntatis
2569 5088 2719 5134 motu
2765 5093 2839 5132 ae
2864 5079 3235 5148 propensionc
3284 5080 3351 5134 ab
3382 5094 3447 5133 eo

1848 5175 1995 5244 quod
2055 5181 2265 5228 natura:
2315 5182 2754 5230 consentaneum
2806 5182 2909 5237 est,
2957 5172 3011 5224 in
3063 5172 3115 5226 id
3162 5172 3305 5242 quod
3364 5181 3449 5227 est

1852 5273 2051 5334 praeter
2088 5274 2368 5329 naturam,
2421 5280 2449 5317 a
2500 5265 2659 5319 nobis
2702 5263 3215 5331 est‘exeogitatum.
3280 5262 3441 5332 Atqui

1859 5357 1913 5411 id
1950 5356 2101 5409 aliud
2135 5370 2244 5409 non
2281 5365 2367 5410 est
2393 5366 2592 5425 prmter
2613 5362 2898 5424 peccatum
2919 5355 2942 5407 ?
2967 5353 3121 5419 Quod
3148 5355 3191 5407 si
3225 5366 3443 5424 promer

1859 5452 1998 5520 legis
2038 5459 2373 5521 praceptum
2405 5450 2704 5520 ignominia
2733 5448 2908 5503 aflicis
2955 5449 3244 5518 imagines,
3278 5458 3443 5518 atque

1854 5556 1921 5595 eo
1950 5542 2096 5609 quod
2129 5541 2359 5595 materia
2388 5547 2666 5606 constent,
2711 5539 2835 5594 illas
2862 5538 2978 5591 ﬁeri
3016 5538 3295 5608 prohibes,
3319 5541 3441 5595 vide

1856 5632 1986 5703 quid
2023 5631 2313 5703 Scriptura
2359 5632 2553 5689 dicat:
2609 5652 2629 5686 ι
2674 5633 2740 5688 Et
2779 5632 2996 5688 locutus
3042 5640 3128 5686 est
3174 5629 3439 5687 Dominus

236 5794 477 5874 "ilebr.
510 5834 562 5886 κ,
601 5818 648 5873 Ι.
730 5820 771 5851 ⁸⁷
808 5820 980 5877 Eeeli.
1022 5838 1084 5885 ιι.
1126 5824 1173 5880 Ι.
1251 5824 1294 5855 ⁸⁹
1332 5822 1518 5879 lTim.
1554 5820 1609 5887 ὗ,
1642 5823 1726 5877 ib‘.

1881 5821 2099 5883 Baruclt
2136 5840 2219 5879 ιιι.
2247 5824 2338 5880 38.
