4182 6476
757 419 890 485 1247

754 534 948 587 dicens
988 551 1001 585 :

756 624 901 677 tribu
937 620 1098 685 Juda,
1134 632 1189 676 et
1216 623 1430 691 implevi
1471 638 1596 677 eum
1629 621 1843 693 Spiritu
1872 622 1989 689 Dei,
2031 624 2328 692 sapientia,

753 720 807 766 et
837 713 1222 780 intelligentia,
1265 713 1317 765 in
1372 714 1523 767 omni
1572 729 1737 783 opere
1779 715 1844 767 ad
1885 714 2330 784 excogitandum,

754 812 807 857 ct
842 803 1337 869 fabrefacicndutn,
1362 816 1416 858 et
1435 806 1769 874 operandum
1802 821 2023 870 aurum,
2049 816 2103 862 et
2130 822 2332 877 argen-

756 908 893 961 tum,
924 906 978 950 et
1015 912 1111 960 aes,
1139 905 1196 950 et
1226 896 1607 965 hyacintlium,
1632 904 1685 951 et
1717 913 2042 968 purpuram,
2069 908 2124 952 ct
2152 900 2334 953 cocci-

756 1002 892 1041 num
926 996 1136 1051 netum,
1168 987 1505 1058 byssumque
1536 997 1826 1050 retortum,
1860 999 1914 1044 et
1950 989 2215 1059 lapidaria
2265 988 2331 1042 ad

756 1093 943 1146 opera,
979 1090 1032 1133 et
1063 1077 1277 1131 fabrilia
1335 1078 1389 1131 in
1438 1079 1628 1149 lignis,
1668 1081 1733 1132 ad
1791 1080 2122 1135 elaboranda
2165 1095 2332 1149 opera

757 1172 965 1225 omnia.
1000 1172 1113 1240 Ego
1147 1171 1271 1225 dedi
1313 1188 1461 1233 cum,
1490 1183 1544 1227 et
1582 1172 1737 1227 Eliab
1766 1174 1935 1227 filium
1970 1174 2334 1227 Achisamach

758 1258 829 1311 de
854 1260 999 1311 tribu
1038 1260 1191 1314 Dan:
1237 1269 1291 1314 et
1323 1264 1473 1315 omni
1511 1263 1833 1333 intelligenti
1871 1263 2038 1318 corde
2083 1264 2206 1318 dedi
2250 1266 2335 1317 in—

760 1349 1140 1419 telligentiam,
1164 1361 1216 1403 et
1248 1350 1449 1405 facient
1470 1352 1654 1405 omnia
1686 1369 1805 1424 qua:
1829 1356 2063 1423 praecepi
2092 1355 2187 1407 tibi
2211 1354 2275 1407 ⁸ο.
2311 1374 2329 1406 ι

760 1438 829 1491 Et
860 1458 1079 1495 rursum
1117 1462 1129 1495 :
1188 1462 1205 1493 ι
1247 1442 1488 1497 Locutus
1517 1453 1603 1498 est
1648 1446 1869 1516 Moyses
1916 1447 1982 1499 ad
2018 1447 2332 1500 universam

760 1530 1243 1597 Congregalionem
1276 1530 1515 1584 filiorum
1559 1529 1726 1587 Israel
1774 1550 1786 1583 :
1838 1533 2037 1585 Audite
2079 1533 2181 1587 hoc
2216 1550 2336 1585 ver-

765 1620 913 1682 bum,
965 1622 1108 1689 quod
1156 1624 1413 1692 praecepit
1456 1623 1720 1677 Dominus
1762 1624 1953 1677 dicens
1998 1643 2010 1676 :
2058 1624 2265 1679 Sumite
2307 1640 2335 1678 a

765 1711 925 1764 vobis
956 1712 1095 1780 ipsis
1124 1712 1426 1781 separatam
1465 1714 1801 1770 oblationem
1861 1714 2111 1772 Domino.
2144 1716 2337 1773 Omnis

764 1801 860 1868 qui
912 1803 1077 1856 corde
1121 1805 1446 1873 susceperit,
1498 1805 1690 1859 afferat
1744 1807 2019 1875 primitias
2074 1807 2336 1874 Domino;

1886 420 1947 480 S.
1971 418 2290 482 JOANNIS
2327 416 2725 479 DAMASCEN
2732 417 2759 477 Ι

1055 530 1251 584 Vocavi
1301 546 1365 586 et
1395 531 1614 585 nomine
1641 528 1881 586 Beseleel
1912 532 2083 586 lilium
2115 531 2230 585 llor
2263 531 2332 585 de

2446 530 2616 583 πάντα
2664 530 2733 583 τὰ
2790 527 2965 598 ἔργα·
3017 526 3111 579 καὶ
3146 526 3259 595 ἐγὼ
3306 524 3515 578 δέδωκα
3572 524 3761 585 αὑτὸν,
3792 519 3895 572 καὶ
3950 516 4038 566 τὶν

3901 405 4037 469 liii

2446 618 2632 673 Ἐλιὰὸ
2665 618 2757 672 τὸν
2786 618 2882 670 τοῦ
2926 618 3255 686 ’Δχισαμάχ,
3279 618 3343 669 ἐκ
3376 617 3551 685 φυλῆς
3580 615 3690 668 Δάν
3713 632 3726 642 ·
3748 612 3854 664 καὶ
3872 610 4037 661 παντὶ

2434 710 2641 779 συνετῷ
2673 710 2872 779 καρδία
2902 709 3014 778 ἐγὼ
3044 710 3253 763 δέδωκα
3289 710 3503 762 σύνεσιν
3526 747 3542 769 ,
3573 708 3672 760 καὶ
3724 704 4037 771 ποιήπωτι

2434 801 2612 854 πάντα
2637 802 2739 854 ὅσα
2768 817 2853 853 σοι
2878 802 3163 867 συνέταξα.
3197 820 3215 853 ι
3247 802 3358 855 Καὶ⁸
3386 802 3546 853 πάλιν
3575 819 3588 831 ·
3622 819 3641 849 ι
3866 795 4037 846 Μαῦ-

2435 891 2535 960 σῆς
2574 890 2712 960 πρὸς
2757 893 2938 943 πᾶσαν
2974 892 3297 961 συναγωγὴν
3347 892 3479 944 υἱῶν
3535 888 3792 960 Ἰσραήλ·
3842 884 4037 938 ’Δκο-ὶ-

2440 1000 2572 1036 σατε
2615 983 2779 1036 τοῦτο
2824 984 2887 1036 τὸ
2938 984 3090 1053 ῥῆμα
3116 1024 3129 1047 ,
3161 985 3189 1036 ὃ
3226 984 3483 1048 συνέταξε
3540 984 3749 1052 Κύριος
3806 981 3995 1045 λέγων
4022 994 4037 1009 ·

2436 1073 2643 1127 Λάϐετε
2677 1073 2808 1143 παρ’
2837 1074 2993 1141 ὑμῶν
3019 1074 3199 1127 αὐτῶν
3237 1076 3521 1145 ἀφαίρεμα
3551 1074 3625 1142 τῷ
3660 1073 3887 1142 Κυρίῳ.
3926 1072 4037 1131 Πᾶς

2436 1165 2465 1216 ὁ
2500 1166 2931 1234 καταδεχόμενος
2970 1170 3038 1235 τῇ
3070 1167 3505 1237 καρδίᾳ,οἴσουσι
3532 1166 3630 1227 τάς
3668 1164 3940 1233 ἀπαρχάς

2442 1257 2652 1324 Κυρίῳ,
2709 1259 2955 1325 χρυσίον,
2990 1257 3278 1327 ἀργύριον,
3310 1259 3510 1326 χαλκὸν
3534 1300 3548 1322 ,
3578 1258 3875 1318 ὑάκινθον,
3910 1272 4033 1324 πορ-

2438 1347 2634 1416 φύραν,
2664 1348 2920 1401 κόκκινον
2948 1348 3171 1401 διπλοῦν
3212 1348 3630 1416 διανεντβμένον
3656 1390 3670 1409 ,
3702 1347 3803 1398 καὶ
3838 1346 4041 1413 βύσσον

2438 1435 2953 1505 κεκλωσμένην,καὶ
2975 1438 3164 1505 τρίχας
3198 1436 3432 1503 αἰγείας,
3458 1436 3548 1487 καὶ
3572 1433 3831 1505 δέρματα
3865 1430 4040 1498 κριῶν

2437 1530 2926 1599 ὴρυθροδανωμένα
2950 1572 2964 1594 ,
3002 1533 3093 1582 καὶ
3120 1530 3365 1599 δέρματα
3404 1528 3707 1589 ὑακίνθινα,
3737 1526 3844 1578 καὶ
3909 1524 4037 1587 ξύλα

2439 1621 2697 1689 ἄσηπτα,
2741 1622 2833 1671 καὶ
2875 1620 3052 1673 ἔλαιον
3100 1619 3201 1688 τῆς
3231 1619 3463 1690 χρίσεως
3485 1660 3498 1681 ,
3533 1619 3627 1671 καὶ
3658 1618 3724 1669 τὸ
3774 1617 4038 1685 θυμίαμα

2439 1712 2538 1780 τῆς
2575 1712 2876 1775 συνθέσεως
2897 1756 2910 1777 ,
2945 1714 3037 1765 καὶ
3071 1711 3276 1788 λίθους,
3292 1712 3576 1781 σαρδξους,
3604 1712 3699 1763 καὶ
3732 1711 3929 1771 λίθους
3962 1711 4037 1770 εἷς

2440 1806 2540 1871 τὴν
2592 1805 2822 1873 γλυφὴν,
2860 1805 2964 1875 καὶ,
2990 1806 3068 1868 εἰς
3123 1804 3223 1875 τὴν
3257 1804 3529 1875 ἐπωμίδα,
3565 1803 3658 1856 καὶ
3691 1806 3775 1865 είς
3814 1802 3915 1852 τὸν
3956 1817 4041 1851 πο-

767 1908 985 1957 aurum,
1045 1905 1357 1963 argentum,
1410 1911 1507 1963 ms,
1572 1898 1961 1967 hyaciutlium,
2017 1914 2335 1968 purpuram,

2446 1892 2601 1962 δήρη.
2635 1894 2745 1945 Καὶ
2773 1895 2885 1956 πᾶς
2918 1894 3082 1962 σοφὸς
3133 1894 3333 1965 καρὶῐίεέι⁵
3363 1896 3420 1946 ὲν
3473 1895 3623 1963 ὑμῖν,
3657 1893 3845 1977 ἐλθὼν
3878 1894 4037 1961 ἔργα·

768 1985 1055 2037 coccinum
1098 1984 1301 2055 duplex
1349 1994 1579 2052 tortum,
1609 2000 1659 2042 et
1696 1989 1922 2059 byssum
1955 1998 2241 2054 retortum,
2288 1998 2342 2044 et

766 2078 907 2146 pilos
936 2092 1255 2147 caprarum,
1314 2081 1595 2149 pellcsque
1646 2081 1877 2134 arietum
1921 2082 2255 2147 rubricatas,
2288 2091 2343 2137 et

767 2168 940 2238 pelles
971 2170 1376 2238 liyacintliiuas,
1412 2180 1466 2224 et
1500 2173 1643 2241 ligna
1668 2172 2055 2242 imputribilia,
2076 2181 2131 2229 et
2161 2175 2341 2228 oleum

769 2259 1072 2321 unctionis,
1115 2267 1168 2313 et
1199 2260 1503 2329 thymiama
1536 2264 1976 2331 compositionis,
2023 2272 2078 2319 et
2131 2263 2341 2335 lapides

767 2349 1007 2414 sardios,
1035 2362 1087 2404 et
1109 2350 1320 2419 lapides
1341 2352 1393 2405 in
1417 2352 1758 2418 uelaturam,
1777 2356 1842 2409 ad
1870 2357 2341 2426 superhumerale,

767 2447 822 2492 et
851 2438 917 2491 ad
973 2442 1221 2494 tunicam
1259 2443 1509 2498 talarem.
1541 2445 1801 2514 Quisquis
1846 2456 2089 2502 vestrum
2120 2448 2343 2519 sapiens

766 2537 855 2581 est
882 2529 1072 2595 corde,
1119 2533 1325 2593 veniat,
1354 2541 1407 2586 et
1438 2534 1605 2587 faciat
1640 2550 1763 2603 quae
1804 2534 2071 2594 Dominus
2102 2539 2343 2609 impera-

767 2624 873 2686 vit;
915 2622 1333 2678 tabernaculum
1357 2626 1425 2690 ⁸¹,
1461 2644 1481 2677 ι
1514 2634 1624 2680 etc.
1664 2626 1740 2681 En
1774 2628 2023 2699 profecui
2060 2635 2342 2687 materiam

768 2712 1089 2780 pretiosam,
1130 2717 1348 2773 etiarnsi
1384 2718 1511 2773 vilis
1551 2718 1820 2773 habeatur
1863 2735 1894 2775 a
1924 2722 2099 2776 vobis.
2135 2724 2344 2793 Ecquid

766 2802 911 2856 enim
938 2819 1229 2873 caprarum
1269 2807 1401 2875 pilis
1437 2820 1502 2862 ac
1545 2807 1831 2863 coloribus
1869 2812 2345 2881 contemptibilius

771 2894 890 2949 sit?
934 2894 1127 2951 Nonne
1152 2899 1464 2964 coccinum,
1494 2908 1547 2953 et
1587 2914 1857 2970 purpura,
1904 2901 2347 2974 hyacinthusque

770 2986 988 3041 colores
1034 2989 1201 3042 sunt?
1246 2988 1385 3045 Ecce
1414 2990 1655 3055 demunt,
1708 3000 1820 3044 tum
1865 3006 2028 3061 opera
2081 3008 2343 3048 manuum

770 3076 1077 3143 hominum,
1114 3089 1225 3133 tum
1258 3080 1554 3135 Clierubim
1599 3080 1835 3149 effigies.
1884 3080 2135 3147 Quonam
2182 3094 2345 3153 pacto

768 3170 874 3224 sub
905 3170 1037 3241 legis
1072 3172 1297 3225 obtentu
1327 3186 1389 3226 ea
1424 3172 1538 3226 fieri
1571 3175 1887 3243 prohibeas.
1918 3190 2040 3241 qua)
2065 3181 2123 3227 ut
2153 3174 2347 3231 tierent

2443 1984 2622 2047 ζέσθω
2649 1988 2827 2040 πάντα
2877 1988 2977 2039 ὅσα
3031 1986 3288 2050 συνέταξε
3321 1986 3544 2056 Κύριος,
3584 1987 3685 2055 τὴν
3743 1986 3980 2053 σκηνὴν,
4016 2002 4033 2034 ι

2444 2078 2539 2129 καὶ
2566 2076 2635 2129 τὰ
2685 2079 2831 2149 ἑξῆς.
2872 2079 3001 2131 Ἰδοὺ
3040 2079 3105 2149 δὴ
3155 2081 3187 2149 ἠ
3219 2078 3317 2147 ὕλη
3373 2078 3557 2147 τιμία,
3592 2080 3697 2131 κᾶν
3733 2078 3866 2131 καθ’
3896 2080 4036 2145 ὑμὶς

2445 2171 2665 2241 ἄτιμος.
2694 2172 2759 2224 Τί
2789 2171 2897 2242 γὰρ
2925 2172 3127 2241 τριχῶν
3149 2170 3371 2237 αἰγείων
3400 2170 3807 2240 εὐτελέστερον,
3836 2171 3871 2239 ἦ
3906 2188 4037 2239 xpe-

2448 2263 2637 2332 μάτων
2663 2278 2677 2327 ;
2704 2258 2784 2313 Ἦ
2816 2263 2876 2313 οὺ
2910 2261 3108 2331 χρῶμα
3139 2260 3201 2312 τὸ
3249 2260 3522 2323 κόκκινον,
3554 2262 3649 2314 καὶ
3678 2264 3713 2332 ἡ
3750 2263 4037 2331 ωρςὺρα,

2443 2355 2539 2407 καὶ
2567 2355 2599 2424 ἠ
2627 2353 2913 2420 ὑάκινθος;
2955 2353 3087 2406 Ἰδοὺ
3108 2352 3172 2423 δὴ
3204 2354 3298 2407 καὶ
3320 2356 3386 2407 τὰ
3413 2354 3549 2425 ἔργα
3577 2355 3783 2424 χειρῶν
3818 2355 4034 2421 άνθμῴςο

2445 2463 2584 2509 πων,
2618 2447 2713 2497 καὶ
2740 2445 2990 2516 ὁμοίωμα
3019 2446 3315 2516 Χερουῦίμ.
3350 2446 3474 2509 Πῶς
3495 2442 3588 2501 οὖν
3627 2447 3718 2500 διὰ
3747 2448 3843 2498 τὸν
3875 2449 4035 2515 νόμον

2444 2537 2811 2608 ἀπαγορεύεις
2837 2578 2851 2599 ,
2876 2538 2911 2592 ἃ.
2957 2540 3131 2591 ποιεῖν
3160 2541 3188 2592 ὁ
3221 2539 3385 2609 νόμος
3435 2536 3805 2610 προσέταξενς
3846 2541 3911 2593 ΕΞ
3952 2541 4037 2593 δια

2446 2631 2536 2683 τὸν
2578 2630 2741 2699 νόμον
2794 2631 2893 2693 τάς
2944 2630 3161 2694 εἰκόνας
3213 2632 3598 2700 ἀπαγορεύεις,
3631 2632 3753 2702 ὥρα
3796 2651 3882 2685 σοι
3944 2636 4037 2686 καὶ

2447 2719 2797 2785 σαῦϐατὶζειν
2826 2760 2841 2783 ,
2874 2722 2967 2774 καὶ
3014 2722 3461 2792 περιτέμνεσθαι.
3511 2723 3650 2773 Ἀλλ’
3696 2724 3808 2775 ἴσθι
3866 2742 3886 2773 ι
3939 2726 4034 2787 ὡς,

2446 2813 2543 2865 ἐὰν
2576 2812 2667 2864 τὸν
2722 2812 2887 2882 νόμον
2925 2816 3181 2884 τηρεῖτε,
3216 2814 3449 2885 Χριστὸς
3497 2815 3649 2867 οὐδὲν
3702 2815 3858 2886 ὑμᾶς
3896 2816 4038 2883 6);:-

2446 2905 2623 2974 λήσει.
2678 2905 2889 2967 Οῖτινες
2937 2907 2996 2957 ὲν
3047 2905 3200 2975 νόμῳ
3262 2904 3574 2959 δικαιοῦσθε
3605 2947 3620 2970 ,
3655 2906 3754 2975 τῆς
3810 2907 4037 2976 χάριτος

2445 2996 2754 3061 ἑξεπέσετε.
2785 3015 2802 3046 ι
2834 2996 2945 3065 Οὐχ
2988 2995 3133 3067 ἓωρα
3158 2996 3294 3050 Θεὸν
3321 2998 3349 3048 ὁ
3380 2997 3547 3050 πάλαι
3589 2997 3840 3067 Ἰσραὴλ,
3874 2999 4036 3066 ἡμεῖς

2445 3088 2503 3140 δὲ
2553 3089 3066 3159 ἀνακεκαλυμμένῳ
3119 3088 3395 3160 προσώπῳ
3452 3086 3551 3159 τὴν
3600 3088 3763 3154 δόξαν
3823 3089 4035 3157 Κυρῖου

2448 3178 2945 3250 κατοπτριζόμεθα.

768 3265 853 3319 lex
878 3264 991 3332 ipsa
1022 3265 1315 3335 praecepit?
1346 3265 1403 3321 Si
1465 3278 1687 3336 propter
1718 3270 1888 3337 legem
1956 3268 2290 3338 imaginibus
2356 3270 2658 3335 interdicis,
2699 3272 2811 3341 jam
2856 3282 3043 3342 satage
3103 3282 3160 3327 ut
3213 3270 3511 3328 Sabbatum
3554 3272 4031 3340 circumcisioqu

768 3365 1079 3412 serventur.
1124 3360 1223 3413 Ast
1262 3358 1396 3413 illud
1459 3360 1601 3413 scito
1648 3378 1665 3410 ι
1705 3360 1850 3428 quod
1911 3360 1960 3415 si
1988 3359 2156 3430 legem
2222 3360 2546 3430 observetis,
2602 3363 2855 3420 Christus
2897 3366 3031 3419 nihil
3078 3366 3232 3420 vobis
3277 3365 3537 3435 proderit.
3589 3364 3693 3429 Qui
3778 3367 3835 3420 in
3916 3367 4031 3435 iege

763 3451 1161 3521 justiticamini,
1195 3466 1223 3505 a
1268 3453 1441 3522 gratia
1491 3453 1868 3511 excidistis“.
1911 3473 1930 3505 ι
1988 3454 2157 3509 Deum
2200 3456 2332 3509 olim
2373 3458 2541 3513 Israel
2592 3473 2702 3514 non
2734 3459 2950 3515 videbat
2986 3477 2999 3513 :
3038 3475 3138 3515 nos
3166 3467 3344 3513 autem
3394 3459 3631 3515 revelata
3702 3458 3852 3515 facie
3926 3462 4037 3529 glo-

775 3551 911 3602 riam
954 3548 1045 3603 Dei
1082 3549 1434 3617 speculamur
1464 3550 1530 3600 ".

840 3644 930 3699 17.
968 3643 1099 3712 Ejus
1119 3659 1280 3713 porro
1307 3644 1541 3699 formam
1564 3645 1815 3701 sensibili
1843 3660 2161 3715 expressam
2185 3646 2342 3717 315

2526 3645 2610 3710 ιζ’.
2651 3644 2763 3698 Καὶ
2794 3643 3068 3713 αἰσθητῶς
3094 3644 3191 3715 μὲν
3228 3643 3318 3696 τὸν
3349 3642 3511 3696 αὐτοῦ
3538 3645 3882 3715 χαρακτῆρα
3911 3662 4039 3715 προ-

768 3734 932 3787 modo
954 3733 1099 3786 onmi
1131 3734 1185 3786 in
1219 3734 1339 3787 loco
1372 3736 1691 3801 statuimus,
1724 3750 1786 3789 ac
1815 3750 1913 3805 per
1939 3750 2059 3789 eam
2079 3750 2345 3791 sensuum

773 3825 1009 3894 primum
1042 3824 1453 3880 sanctiﬁcamus
1484 3825 1653 3894 (inter
1700 3841 1899 3883 sensus
1941 3826 2087 3880 enim
2140 3826 2347 3895 primas

774 3924 923 3971 tenet
946 3916 1141 3984 visus),
1164 3916 1626 3986 quemadmodum
1660 3929 1715 3972 et
1744 3933 1840 3987 per
1879 3932 2167 3989 sermones
2195 3918 2348 3973 audi-

776 4018 912 4059 tum.
960 4006 1139 4077 Imago
1169 4008 1440 4076 siquidem
1476 4010 1876 4064 monimentum
1909 4010 2186 4080 quoddam
2220 4018 2344 4065 est:

774 4113 839 4152 ac
868 4098 1133 4168 quidquid
1190 4098 1330 4153 liber
1366 4110 1454 4155 est
1509 4102 1579 4155 iis
1612 4102 1705 4171 qui
1739 4102 1953 4158 litteras
2006 4102 2345 4166 didicerunt,

774 4192 879 4246 hoc
903 4194 1082 4262 imago
1109 4203 1190 4247 est
1210 4194 1502 4250 illitteratis
1526 4204 1579 4249 et
1612 4197 1871 4252 rudibus:
1892 4206 1946 4252 et
1967 4196 2114 4266 quod
2140 4196 2346 4250 audilui

777 4292 993 4354 prmstat
1023 4286 1224 4349 oratio,
1262 4286 1364 4340 hoc
1396 4288 1540 4341 visui
1574 4288 1788 4341 confert
1823 4289 2003 4357 imago
2034 4304 2167 4358 :per
2194 4304 2347 4343 men-

776 4384 884 4427 tem
922 4390 1047 4430 vero
1091 4377 1195 4444 ipsi
1240 4378 1649 4446 eonjungimur.
1700 4378 1913 4433 Idcirco
1955 4380 2125 4449 jussit
2179 4379 2347 4443 Deus.

777 4473 834 4516 ut
862 4480 923 4517 ex
964 4465 1129 4534 lignis
1179 4482 1299 4534 qua:
1330 4482 1436 4520 non
1484 4476 1832 4536 putrescunt,
1886 4483 2015 4523 arca
2045 4468 2218 4532 fieret,
2264 4468 2341 4521 in-

779 4564 979 4623 tusque
1004 4565 1058 4609 et
1088 4567 1243 4609 extra
1268 4572 1403 4611 auro
1432 4558 1747 4623 vestirctur,
1779 4567 1945 4629 atque
1974 4561 2027 4613 in
2060 4575 2124 4615 ea
2155 4559 2351 4613 tabulae

778 4656 1135 4715 ponerentur,
1180 4649 1329 4718 virga
1366 4664 1586 4719 quoque
1620 4660 1675 4706 et
1700 4666 1859 4715 urna,
1890 4652 1946 4705 in
1985 4666 2115 4720 qua,
2153 4651 2220 4705 ad
2263 4666 2350 4705 re-

778 4752 898 4790 rum
931 4748 1207 4808 gestarum
1235 4742 1582 4805 memoriam,
1618 4741 2039 4811 futurarumque
2058 4742 2352 4797 adumbra-

778 4829 1001 4894 tiouem,
1023 4845 1222 4884 manna
1253 4832 1671 4887 recondebatur.
1706 4833 1830 4889 llaec
1866 4850 2028 4905 porro
2062 4833 2347 4903 imagines,

778 4933 1169 4991 praeconesque
1199 4935 1430 4979 sonoros
1464 4923 1636 4979 fuisse
1666 4926 1789 4994 quis
1814 4924 2025 4979 inﬁcias
2056 4924 2219 4979 ierit?
2248 4923 2351 4977 Ne-

777 5027 884 5081 que
903 5027 1080 5068 veroa
1111 5015 1371 5071 lateribus
1412 5018 1772 5082 tabernaculi,
1801 5018 1895 5073 sed
1947 5019 2000 5071 in
2040 5018 2210 5073 totius
2242 5031 2340 5086 po-

780 5102 893 5171 puli
939 5113 1235 5174 conspectu
1280 5108 1747 5177 preponebantur,
1788 5125 1898 5179 quo
1940 5110 2130 5165 eadem
2178 5109 2361 5177 suspi-

779 5194 1008 5259 cientes,
1042 5193 1154 5251 Deo
1181 5197 1273 5265 qui
1304 5212 1399 5266 per
1438 5200 1557 5269 ipsa
1589 5204 1941 5270 cperabatur,
1980 5201 2355 5255 adorationem

779 5299 846 5339 ac
900 5286 1075 5340 latriae
1124 5288 1337 5343 cultum
1388 5290 1671 5346 offerrent.
1724 5290 1880 5357 Quod
1933 5300 2115 5347 autem
2170 5292 2344 5346 latriaa

781 5376 989 5430 cultum
1018 5376 1104 5433 his
1144 5380 1281 5449 ipsis
1310 5395 1419 5435 non
1449 5383 1790 5449 exhibereut,
1828 5385 2180 5453 perspicuum
2217 5390 2301 5438 est
2328 5402 2343 5448 ;

783 5466 877 5519 sed
911 5480 1011 5535 per
1036 5481 1123 5534 ea,
1166 5470 1539 5540 prodigiorum
1571 5488 1862 5539 memores,
1894 5474 2135 5543 ipsorum
2163 5482 2353 5527 aucto-

785 5570 897 5609 rem
937 5556 1103 5611 Deum
1152 5559 1473 5616 adorabaut.
1506 5562 1963 5620 Commonitionis
1992 5564 2192 5633 quippe
2222 5579 2343 5632 gra-

788 5647 861 5699 tia
891 5652 1183 5719 proposita:
1204 5661 1361 5707 erant
1393 5656 1675 5726 imagines.
1705 5674 1809 5711 non
1835 5668 2091 5726 tanquam
2122 5657 2219 5717 dii,
2252 5656 2343 5709 Sed

788 5746 848 5793 ut
873 5740 1182 5795 divinorum
1215 5758 1440 5813 operum
1474 5747 1865 5805 :ulmouitrices
1899 5758 2104 5804 essent.

856 5838 906 5871 ⁵ο
928 5840 1100 5896 Exod.
1140 5858 1289 5910 xm,
1342 5845 1452 5899 l—ti.
1534 5850 1575 5878 "
1606 5848 1776 5903 Exod.
1813 5864 1973 5911 xxxv,
2006 5846 2157 5900 ιῑοΗ.

2379 4983 2430 5042 Ι)

2242 5845 2282 5875 ³²
2316 5840 2489 5896 Gala}.
2526 5860 2577 5911 ν,
2612 5842 2727 5897 2-2.

2448 3737 2671 3807 τίθεμεν
2716 3737 2999 3805 ἁπανταχῇ
3027 3778 3041 3801 ,
3074 3737 3167 3788 καὶ
3217 3737 3315 3806 τὴν
3355 3734 3577 3807 πρώτην
3629 3737 3990 3806 chy-4335'):
4016 3756 4027 3769 ο

2451 3825 2643 3896 πρώτη
2686 3826 2797 3896 γὰρ
2840 3826 3165 3896 αἰσθήσεων,
3199 3827 3421 3895 ὃρασις’
3463 3826 3652 3896 ὥσπερ
3673 3829 3772 3879 καὶ
3804 3830 3926 3890 τοῖς
3966 3829 4039 3879 if}

2448 3935 2583 3985 γοις,
2620 3917 2718 3987 τὴν
2747 3918 2915 3986 ἀκοήν
2942 3932 2955 3946 ·
2990 3916 3289 3987 ὑπόμνημα
3318 3917 3425 3986 γάρ
3452 3918 3597 3970 ἐστιν
3632 3921 3664 3987 ἡ
3700 3920 3881 3969 εἰκών
3905 3936 3919 3945 -
3952 3921 4039 3970 καὶ

2449 4010 2587 4080 ὅπερ
2624 4012 2737 4072 τοῖς
2782 4008 3074 4079 γράμμασι
3124 4010 3499 4079 μεμνημένοις
3547 4011 3578 4078 ἡ
3617 4008 3841 4078 βίϐλος,
3878 4011 4040 4062 τοίτο

2450 4102 2544 4153 καὶ
2577 4102 2691 4163 τοῖς
2723 4101 3109 4170 ἀγραμμάτοις
3139 4103 3169 4170 ἡ
3214 4099 3377 4153 είκών
3401 4121 3413 4134 ·
3446 4102 3537 4154 καὶ
3561 4103 3698 4171 ὅπερ
3733 4105 3800 4169 τῇ
3838 4103 3986 4169 ἁκοῇ
4020 4106 4040 4153 ὁ

2450 4195 2626 4263 λόγος,
2662 4196 2817 4249 τοῦτο
2864 4197 2931 4265 τῇ
2982 4195 3235 4265 ὁράσειή
3290 4194 3455 4247 εἰκών
3486 4210 3498 4221 ·
3526 4196 3735 4264 νοητῶς
3785 4196 3843 4247 δὲ
3902 4198 4040 4261 αξιτῆ

2450 4285 2741 4356 ὲνούμεθα.
2781 4285 2882 4337 Διὰ
2914 4284 3071 4337 τοῦτο
3119 4285 3450 4356 προσέταξεν
3498 4286 3525 4337 ὁ
3579 4285 3709 4347 Θεὸς
3771 4284 4041 4351 γενέσθαι

2451 4376 2684 4429 κιϐωτὸν
2712 4378 2775 4429 ὲκ
2814 4375 2986 4440 ξύλων
3015 4377 3274 4446 άσήπτων
3296 4418 3312 4441 ,
3340 4376 3434 4428 καὶ
3468 4375 3912 4444 καταχρυσῶσαι
3946 4378 4041 4426 αι-

2450 4465 2554 4533 τὴν
2579 4464 2779 4520 ἔσωθεν
2816 4467 2912 4519 καὶ
2959 4465 3180 4531 ἔξωθεν,
3223 4466 3317 4519 καὶ
3364 4464 3596 4518 ἐνθεῖναι
3637 4466 3738 4523 τὰς
3792 4464 4041 4527 πλάκας,

2453 4560 2546 4611 καὶ
2574 4559 2673 4628 τὴν
2705 4558 2920 4627 ῥάϐδον,
2954 4558 3047 4611 καὶ
3077 4557 3175 4627 τὴν
3205 4557 3441 4627 στάμνον
3477 4556 3573 4625 τὴν
3606 4557 3838 4627 χρυσῆν,
3881 4558 4042 4624 ἔχου-

2456 4667 2553 4703 σαν
2584 4650 2644 4701 τὸ
2684 4650 2859 4719 μάννα
2918 4649 3053 4717 πρὸς
3086 4649 3389 4718 ὑπόμνησιν
3436 4646 3541 4699 τῶν
3579 4647 3919 4714 γεγονότων,
3948 4649 4043 4701 καὶ

2453 4740 2810 4811 προτύπωσιν
2844 4738 2951 4792 τῶν
2989 4737 3434 4808 μελλόντων.Κα“ι
3472 4739 3555 4800 τίς
3574 4737 3673 4789 οὐκ
3708 4737 3833 4807 ὲρεί
3860 4737 4041 4790 ταῦτα

2452 4832 2688 4895 εἰκόνας,
2717 4831 3068 4901 διαπρυσίους
3095 4846 3154 4882 τε
3186 4832 3467 4901 κήρυκας;
3501 4830 3610 4881 Καὶ
3635 4827 3815 4881 ταῦτα
3845 4830 3958 4881 οὐκ
3982 4833 4042 4881 ἐκ

2456 4923 2701 4991 πλαγίων
2727 4923 2903 4975 ἔκειτο
2946 4923 3042 4992 τῆς
3082 4921 3309 4992 σκηνῆς,
3332 4920 3464 4974 ἀλλὰ
3501 4920 3847 4975 κατενώπιον
3898 4940 4039 4974 παν-

2458 5020 2546 5081 τὸς
2586 5016 2679 5069 τοῦ
2715 5016 2845 5070 λαοῦ
2869 5056 2881 5079 ,
2911 5016 3044 5085 πρὸς
3074 5014 3111 5068 ἃ
3159 5016 3590 5077 ἀποϐλέποντες,
3625 5012 3704 5082 τῷ
3742 5012 3813 5065 δι’
3849 5014 4041 5065 αὐτῶν

2458 5110 2818 5179 ὲνεργήσαντι
2864 5107 2982 5177 Θεῷ
3017 5109 3356 5179 προσέφερον
3394 5108 3493 5177 τὴν
3526 5109 3912 5175 προσκύνησιν
3947 5104 4039 5156 καὶ

2456 5202 2554 5271 τὴν
2582 5200 2857 5271 λατρείαν.
2882 5201 3049 5270 Δῆλον
3078 5200 3152 5263 ὡς
3178 5201 3276 5271 οὐχ
3308 5200 3384 5263 ὠς
3427 5200 3608 5260 αὐτοῖς
3648 5187 4034 5280 λὶιτρειξοντες,

2456 5294 2593 5347 ἀλλὰ
2625 5294 2691 5346 δι’
2713 5292 2891 5359 αὑτῷν
2915 5294 2993 5355 είς
3029 5290 3331 5362 ὑπόμνησιν
3352 5290 3459 5342 τῶν
3486 5289 3780 5357 θαυμάτων
3821 5289 4036 5357 άγόμεο

2456 5403 2565 5449 νοι,
2596 5387 2690 5437 καὶ⁹
2733 5384 2811 5453 τῷ
2865 5382 3213 5456 τερατουργῷ
3259 5381 3377 5451 Θεῴ
3410 5384 3506 5451 τὴν
3539 5379 3919 5450 προσκύνησιν
3952 5385 4037 5435 vi-

2458 5494 2668 5542 μοντες.
2718 5476 2937 5537 Εὶκόνες
2976 5474 3085 5543 γὰρ
3133 5469 3273 5543 ἦσαν
3309 5473 3442 5542 πρὸς
3495 5472 3802 5540 ὑπόμνησιν
3839 5472 4033 5540 κείμε-

2462 5588 2560 5632 νοι,
2596 5571 2694 5638 οὐχ
2730 5568 2804 5631 ὡς
2833 5568 2964 5625 θεοὶ.
3002 5568 3115 5619 ἀλλ’
3143 5567 3215 5628 ὼς
3240 5566 3385 5627 θείας
3419 5565 3696 5635 ἐνεργείας
3722 5564 3943 5631 inﬁgi-ar
3958 5581 4033 5615 σιν

2460 5663 2591 5730 ἄγου
2604 5679 2709 5715 σαι.

2808 5839 2849 5871 ⁸³
2885 5838 2923 5893 ll
2956 5839 3081 5894 Cor.
3160 5853 3237 5902 ιιι,
3274 5836 3347 5889 ιδ.
