  <div class='ocr_page' id='page_1' title='image "/cluster/home/n/w/nwhite01/storage/ocr_20150623/94/nnc1.0046979999/632.png"; bbox 0 0 4182 6476; ppageno 0'>
   <div class='ocr_carea' id='block_1_1' title="bbox 210 449 355 517">
    <p class='ocr_par' dir='ltr' id='par_1_1' title="bbox 210 449 355 517">
     <span class='ocr_line' id='line_1_1' title="bbox 210 449 355 517; baseline -0.007 0"><span class='ocrx_word' id='word_1_1' title='bbox 210 449 355 517; x_wconf 70' lang='grc' dir='ltr'><strong>12ιεί</strong></span> 
     </span>
    </p>
   </div>
   <div class='ocr_carea' id='block_1_2' title="bbox 1338 450 2341 515">
    <p class='ocr_par' dir='ltr' id='par_1_2' title="bbox 1338 450 2341 515">
     <span class='ocr_line' id='line_1_2' title="bbox 1338 450 2341 515; baseline 0.002 -2"><span class='ocrx_word' id='word_1_2' title='bbox 1338 451 1439 513; x_wconf 82' lang='lat' dir='ltr'><strong>DE</strong></span> <span class='ocrx_word' id='word_1_3' title='bbox 1474 450 1938 515; x_wconf 79' lang='lat' dir='ltr'><strong>IMAGINIBUS</strong></span> <span class='ocrx_word' id='word_1_4' title='bbox 1966 452 2254 515; x_wconf 78' lang='lat' dir='ltr'><strong>ORATIO</strong></span> <span class='ocrx_word' id='word_1_5' title='bbox 2287 451 2341 515; x_wconf 89' lang='grc' dir='ltr'><strong>Ῐ.</strong></span> 
     </span>
    </p>
   </div>
   <div class='ocr_carea' id='block_1_3' title="bbox 3326 458 3466 527">
    <p class='ocr_par' dir='ltr' id='par_1_3' title="bbox 3326 458 3466 527">
     <span class='ocr_line' id='line_1_3' title="bbox 3326 458 3466 527; baseline 0.014 -2"><span class='ocrx_word' id='word_1_6' title='bbox 3326 458 3466 527; x_wconf 70' lang='grc'><strong>1250</strong></span> 
     </span>
    </p>
   </div>
   <div class='ocr_carea' id='block_1_4' title="bbox 289 555 1805 635">
    <p class='ocr_par' dir='ltr' id='par_1_4' title="bbox 289 555 1787 635">
     <span class='ocr_line' id='line_1_4' title="bbox 289 555 1787 635; baseline -0.001 -21"><span class='ocrx_word' id='word_1_7' title='bbox 289 568 382 631; x_wconf 86' lang='grc' dir='ltr'><strong>ιη’.</strong></span> <span class='ocrx_word' id='word_1_8' title='bbox 411 558 523 613; x_wconf 72' lang='grc' dir='ltr'><strong>Καὶ</strong></span> <span class='ocrx_word' id='word_1_9' title='bbox 548 557 759 613; x_wconf 86' lang='grc' dir='ltr'><strong>δώδεκα</strong></span> <span class='ocrx_word' id='word_1_10' title='bbox 794 556 978 635; x_wconf 78' lang='grc' dir='ltr'><strong>λίθους</strong></span> <span class='ocrx_word' id='word_1_11' title='bbox 1004 558 1335 633; x_wconf 76' lang='grc' dir='ltr'><strong>προσέταξεν</strong></span> <span class='ocrx_word' id='word_1_12' title='bbox 1360 562 1391 613; x_wconf 90' lang='lat'><strong>6</strong></span> <span class='ocrx_word' id='word_1_13' title='bbox 1417 561 1551 625; x_wconf 85' lang='grc' dir='ltr'><strong>Θεὸς</strong></span> <span class='ocrx_word' id='word_1_14' title='bbox 1577 555 1787 633; x_wconf 70' lang='grc' dir='ltr'><strong>ληφθῆ-</strong></span> 
     </span>
    </p>
   </div>
   <div class='ocr_carea' id='block_1_5' title="bbox 1905 555 3469 635">
    <p class='ocr_par' dir='ltr' id='par_1_5' title="bbox 1965 564 3469 635">
     <span class='ocr_line' id='line_1_5' title="bbox 1965 564 3469 635; baseline 0.008 -19"><span class='ocrx_word' id='word_1_15' title='bbox 1965 564 2053 617; x_wconf 76' lang='grc'><strong>18.</strong></span> <span class='ocrx_word' id='word_1_16' title='bbox 2095 564 2275 620; x_wconf 77' lang='lat' dir='ltr'><strong>Jussit</strong></span> <span class='ocrx_word' id='word_1_17' title='bbox 2309 579 2533 635; x_wconf 89' lang='lat' dir='ltr'><strong>quoque</strong></span> <span class='ocrx_word' id='word_1_18' title='bbox 2564 567 2726 631; x_wconf 86' lang='lat' dir='ltr'><strong>Deus,</strong></span> <span class='ocrx_word' id='word_1_19' title='bbox 2763 576 2820 621; x_wconf 92' lang='lat' dir='ltr'><strong>ut</strong></span> <span class='ocrx_word' id='word_1_20' title='bbox 2849 568 3137 625; x_wconf 82' lang='lat' dir='ltr'><strong>duodecim</strong></span> <span class='ocrx_word' id='word_1_21' title='bbox 3166 582 3198 624; x_wconf 76' lang='grc' dir='ltr'><strong>ο</strong></span> <span class='ocrx_word' id='word_1_22' title='bbox 3226 567 3469 629; x_wconf 80' lang='lat' dir='ltr'><strong>Jordane</strong></span> 
     </span>
    </p>
   </div>
   <div class='ocr_carea' id='block_1_6' title="bbox 212 632 1785 723">
    <p class='ocr_par' dir='ltr' id='par_1_6' title="bbox 212 632 1785 723">
     <span class='ocr_line' id='line_1_6' title="bbox 212 632 1785 723; baseline 0.001 -18"><span class='ocrx_word' id='word_1_23' title='bbox 212 667 306 705; x_wconf 89' lang='grc' dir='ltr'><strong>ναι</strong></span> <span class='ocrx_word' id='word_1_24' title='bbox 341 651 407 702; x_wconf 71' lang='grc' dir='ltr'><strong>ἐκ</strong></span> <span class='ocrx_word' id='word_1_25' title='bbox 443 648 540 702; x_wconf 88' lang='grc' dir='ltr'><strong>τοῦ</strong></span> <span class='ocrx_word' id='word_1_26' title='bbox 578 648 868 720; x_wconf 80' lang='grc' dir='ltr'><strong>Ἰορδάνου,</strong></span> <span class='ocrx_word' id='word_1_27' title='bbox 902 632 998 703; x_wconf 71' lang='grc' dir='ltr'><strong>καὶ</strong></span> <span class='ocrx_word' id='word_1_28' title='bbox 1032 650 1132 721; x_wconf 78' lang='grc' dir='ltr'><strong>τὴν</strong></span> <span class='ocrx_word' id='word_1_29' title='bbox 1179 650 1361 706; x_wconf 93' lang='grc' dir='ltr'><strong>αἰτίαν</strong></span> <span class='ocrx_word' id='word_1_30' title='bbox 1407 632 1785 723; x_wconf 42' lang='grc' dir='ltr'><strong>προστίθησι)</strong></span> 
     </span>
    </p>
   </div>
   <div class='ocr_carea' id='block_1_7' title="bbox 211 738 1791 810">
    <p class='ocr_par' dir='ltr' id='par_1_7' title="bbox 211 738 1791 810">
     <span class='ocr_line' id='line_1_7' title="bbox 211 738 1791 810; baseline 0.003 -19"><span class='ocrx_word' id='word_1_31' title='bbox 211 742 353 809; x_wconf 72' lang='grc' dir='ltr'><strong>φησι</strong></span> <span class='ocrx_word' id='word_1_32' title='bbox 378 738 490 809; x_wconf 89' lang='grc' dir='ltr'><strong>γὰρ</strong></span> <span class='ocrx_word' id='word_1_33' title='bbox 516 755 529 768; x_wconf 85' lang='grc'><em>’</em></span> <span class='ocrx_word' id='word_1_34' title='bbox 571 756 592 791; x_wconf 77' lang='grc' dir='ltr'><strong>ι</strong></span> <span class='ocrx_word' id='word_1_35' title='bbox 635 740 815 793; x_wconf 84' lang='grc' dir='ltr'><strong>Ὅταν·</strong></span> <span class='ocrx_word' id='word_1_36' title='bbox 836 741 1021 810; x_wconf 75' lang='grc' dir='ltr'><strong>ἐρωτᾷ</strong></span> <span class='ocrx_word' id='word_1_37' title='bbox 1053 756 1114 794; x_wconf 89' lang='grc' dir='ltr'><strong>σε</strong></span> <span class='ocrx_word' id='word_1_38' title='bbox 1140 741 1170 793; x_wconf 98' lang='lat'><strong>6</strong></span> <span class='ocrx_word' id='word_1_39' title='bbox 1200 741 1316 803; x_wconf 87' lang='grc' dir='ltr'><strong>υἰός</strong></span> <span class='ocrx_word' id='word_1_40' title='bbox 1340 756 1460 805; x_wconf 88' lang='grc' dir='ltr'><strong>σου,</strong></span> <span class='ocrx_word' id='word_1_41' title='bbox 1486 742 1541 795; x_wconf 80' lang='grc' dir='ltr'><strong>τί</strong></span> <span class='ocrx_word' id='word_1_42' title='bbox 1565 744 1705 794; x_wconf 88' lang='grc' dir='ltr'><strong>εἰσιν</strong></span> <span class='ocrx_word' id='word_1_43' title='bbox 1739 741 1791 795; x_wconf 79' lang='grc' dir='ltr'><strong>οι</strong></span> 
     </span>
    </p>
   </div>
   <div class='ocr_carea' id='block_1_8' title="bbox 212 826 1789 907">
    <p class='ocr_par' dir='ltr' id='par_1_8' title="bbox 212 826 1789 907">
     <span class='ocr_line' id='line_1_8' title="bbox 212 826 1789 907; baseline 0.002 -22"><span class='ocrx_word' id='word_1_44' title='bbox 212 831 353 886; x_wconf 81' lang='grc' dir='ltr'><strong>λίθοι</strong></span> <span class='ocrx_word' id='word_1_45' title='bbox 377 826 545 896; x_wconf 76' lang='grc' dir='ltr'><strong>οὗτοι,</strong></span> <span class='ocrx_word' id='word_1_46' title='bbox 573 832 767 902; x_wconf 80' lang='grc' dir='ltr'><strong>διηγοῦ</strong></span> <span class='ocrx_word' id='word_1_47' title='bbox 797 832 916 897; x_wconf 86' lang='grc' dir='ltr'><strong>πῶς</strong></span> <span class='ocrx_word' id='word_1_48' title='bbox 941 833 1156 898; x_wconf 71' lang='grc' dir='ltr'><strong>ἐξέλιπε</strong></span> <span class='ocrx_word' id='word_1_49' title='bbox 1180 835 1240 889; x_wconf 86' lang='grc' dir='ltr'><strong>τὸ</strong></span> <span class='ocrx_word' id='word_1_50' title='bbox 1266 834 1413 907; x_wconf 76' lang='grc' dir='ltr'><strong>ὕδωρ</strong></span> <span class='ocrx_word' id='word_1_51' title='bbox 1444 834 1537 888; x_wconf 81' lang='grc' dir='ltr'><strong>τοῦ</strong></span> <span class='ocrx_word' id='word_1_52' title='bbox 1583 833 1789 904; x_wconf 82' lang='grc' dir='ltr'><strong>ἰορδὰ-</strong></span> 
     </span>
    </p>
   </div>
   <div class='ocr_carea' id='block_1_9' title="bbox 212 923 1793 997">
    <p class='ocr_par' dir='ltr' id='par_1_9' title="bbox 212 923 1793 997">
     <span class='ocr_line' id='line_1_9' title="bbox 212 923 1793 997; baseline -0.001 -18"><span class='ocrx_word' id='word_1_53' title='bbox 212 941 311 979; x_wconf 90' lang='grc' dir='ltr'><strong>νου</strong></span> <span class='ocrx_word' id='word_1_54' title='bbox 335 925 458 997; x_wconf 71' lang='grc' dir='ltr'><strong>θείᾳ</strong></span> <span class='ocrx_word' id='word_1_55' title='bbox 498 924 798 996; x_wconf 78' lang='grc' dir='ltr'><strong>προστάξει</strong></span> <span class='ocrx_word' id='word_1_56' title='bbox 823 965 839 990; x_wconf 92' lang='grc'><strong>,</strong></span> <span class='ocrx_word' id='word_1_57' title='bbox 872 924 969 979; x_wconf 78' lang='grc' dir='ltr'><strong>καὶ</strong></span> <span class='ocrx_word' id='word_1_58' title='bbox 1016 924 1171 994; x_wconf 75' lang='grc' dir='ltr'><strong>διέϐη</strong></span> <span class='ocrx_word' id='word_1_59' title='bbox 1204 926 1239 995; x_wconf 79' lang='grc' dir='ltr'><strong>ἡ</strong></span> <span class='ocrx_word' id='word_1_60' title='bbox 1269 923 1507 987; x_wconf 74' lang='grc' dir='ltr'><strong>κιϐωτὸς</strong></span> <span class='ocrx_word' id='word_1_61' title='bbox 1541 923 1639 977; x_wconf 92' lang='grc' dir='ltr'><strong>τοῦ</strong></span> <span class='ocrx_word' id='word_1_62' title='bbox 1677 926 1793 978; x_wconf 76' lang='grc' dir='ltr'><strong>Κυ-</strong></span> 
     </span>
    </p>
   </div>
   <div class='ocr_carea' id='block_1_10' title="bbox 215 1012 1791 1090">
    <p class='ocr_par' dir='ltr' id='par_1_10' title="bbox 215 1012 1791 1090">
     <span class='ocr_line' id='line_1_10' title="bbox 215 1012 1791 1090; baseline -0.004 -18"><span class='ocrx_word' id='word_1_63' title='bbox 215 1016 366 1090; x_wconf 70' lang='grc' dir='ltr'><strong>ρίου,</strong></span> <span class='ocrx_word' id='word_1_64' title='bbox 395 1018 491 1072; x_wconf 73' lang='grc' dir='ltr'><strong>καὶ</strong></span> <span class='ocrx_word' id='word_1_65' title='bbox 526 1018 639 1080; x_wconf 75' lang='grc' dir='ltr'><strong>πᾶς</strong></span> <span class='ocrx_word' id='word_1_66' title='bbox 678 1018 708 1071; x_wconf 88' lang='lat'><strong>6</strong></span> <span class='ocrx_word' id='word_1_67' title='bbox 744 1015 894 1080; x_wconf 83' lang='grc' dir='ltr'><strong>λαός.</strong></span> <span class='ocrx_word' id='word_1_68' title='bbox 925 1032 945 1067; x_wconf 72' lang='grc' dir='ltr'><strong>ι</strong></span> <span class='ocrx_word' id='word_1_69' title='bbox 980 1015 1107 1079; x_wconf 83' lang='grc' dir='ltr'><strong>Πῶς</strong></span> <span class='ocrx_word' id='word_1_70' title='bbox 1128 1012 1224 1070; x_wconf 81' lang='grc' dir='ltr'><strong>οὖν</strong></span> <span class='ocrx_word' id='word_1_71' title='bbox 1253 1017 1419 1087; x_wconf 76' lang='grc' dir='ltr'><strong>ἡμεῖς</strong></span> <span class='ocrx_word' id='word_1_72' title='bbox 1446 1015 1550 1069; x_wconf 83' lang='grc' dir='ltr'><strong>οὐκ</strong></span> <span class='ocrx_word' id='word_1_73' title='bbox 1579 1014 1791 1068; x_wconf 86' lang='grc' dir='ltr'><strong>εἰκονο-</strong></span> 
     </span>
    </p>
   </div>
   <div class='ocr_carea' id='block_1_11' title="bbox 213 1091 1791 1183">
    <p class='ocr_par' dir='ltr' id='par_1_11' title="bbox 213 1091 1791 1183">
     <span class='ocr_line' id='line_1_11' title="bbox 213 1091 1791 1183; baseline -0.003 -20"><span class='ocrx_word' id='word_1_74' title='bbox 213 1110 579 1183; x_wconf 79' lang='grc' dir='ltr'><strong>γραφήσομεν</strong></span> <span class='ocrx_word' id='word_1_75' title='bbox 605 1108 679 1161; x_wconf 85' lang='grc' dir='ltr'><strong>τὰ</strong></span> <span class='ocrx_word' id='word_1_76' title='bbox 704 1108 951 1179; x_wconf 82' lang='grc' dir='ltr'><strong>σωτήρια</strong></span> <span class='ocrx_word' id='word_1_77' title='bbox 978 1105 1129 1177; x_wconf 79' lang='grc' dir='ltr'><strong>πάθη</strong></span> <span class='ocrx_word' id='word_1_78' title='bbox 1150 1107 1244 1160; x_wconf 80' lang='grc' dir='ltr'><strong>καὶ</strong></span> <span class='ocrx_word' id='word_1_79' title='bbox 1274 1091 1532 1178; x_wconf 81' lang='grc' dir='ltr'><strong>θαύματα</strong></span> <span class='ocrx_word' id='word_1_80' title='bbox 1547 1103 1791 1175; x_wconf 81' lang='grc' dir='ltr'><strong>Χριστοῦ</strong></span> 
     </span>
    </p>
   </div>
   <div class='ocr_carea' id='block_1_12' title="bbox 209 1193 1795 1270">
    <p class='ocr_par' dir='ltr' id='par_1_12' title="bbox 209 1193 1795 1270">
     <span class='ocr_line' id='line_1_12' title="bbox 209 1193 1795 1270; baseline -0.004 -14"><span class='ocrx_word' id='word_1_81' title='bbox 209 1197 316 1256; x_wconf 77' lang='grc' dir='ltr'><strong>τοῦ</strong></span> <span class='ocrx_word' id='word_1_82' title='bbox 342 1200 503 1265; x_wconf 84' lang='grc' dir='ltr'><strong>Θεοῦ,</strong></span> <span class='ocrx_word' id='word_1_83' title='bbox 530 1200 641 1265; x_wconf 75' lang='grc' dir='ltr'><strong>ἶνα,</strong></span> <span class='ocrx_word' id='word_1_84' title='bbox 676 1199 810 1253; x_wconf 72' lang='grc' dir='ltr'><strong>ὅταν</strong></span> <span class='ocrx_word' id='word_1_85' title='bbox 834 1200 1019 1270; x_wconf 69' lang='grc' dir='ltr'><strong>δρωτᾷ</strong></span> <span class='ocrx_word' id='word_1_86' title='bbox 1049 1214 1118 1269; x_wconf 80' lang='grc' dir='ltr'><strong>με</strong></span> <span class='ocrx_word' id='word_1_87' title='bbox 1153 1200 1184 1252; x_wconf 88' lang='lat'><strong>6</strong></span> <span class='ocrx_word' id='word_1_88' title='bbox 1204 1198 1338 1262; x_wconf 77' lang='grc' dir='ltr'><strong>,υἰός</strong></span> <span class='ocrx_word' id='word_1_89' title='bbox 1375 1215 1504 1269; x_wconf 85' lang='grc' dir='ltr'><strong>μου,</strong></span> <span class='ocrx_word' id='word_1_90' title='bbox 1542 1196 1596 1251; x_wconf 87' lang='grc' dir='ltr'><strong>τί</strong></span> <span class='ocrx_word' id='word_1_91' title='bbox 1630 1193 1795 1250; x_wconf 82' lang='grc' dir='ltr'><strong>τοῦτό</strong></span> 
     </span>
    </p>
   </div>
   <div class='ocr_carea' id='block_1_13' title="bbox 213 1286 1798 1362">
    <p class='ocr_par' dir='ltr' id='par_1_13' title="bbox 213 1286 1798 1362">
     <span class='ocr_line' id='line_1_13' title="bbox 213 1286 1798 1362; baseline -0.004 -15"><span class='ocrx_word' id='word_1_92' title='bbox 213 1293 393 1357; x_wconf 66' lang='grc' dir='ltr'><strong>ἔστιν,</strong></span> <span class='ocrx_word' id='word_1_93' title='bbox 424 1290 541 1361; x_wconf 72' lang='grc' dir='ltr'><strong>ιρῶ</strong></span> <span class='ocrx_word' id='word_1_94' title='bbox 563 1292 649 1344; x_wconf 83' lang='grc' dir='ltr'><strong>ὅτι</strong></span> <span class='ocrx_word' id='word_1_95' title='bbox 688 1291 719 1345; x_wconf 92' lang='lat'><strong>6</strong></span> <span class='ocrx_word' id='word_1_96' title='bbox 746 1288 881 1354; x_wconf 80' lang='grc' dir='ltr'><strong>Θεὸς</strong></span> <span class='ocrx_word' id='word_1_97' title='bbox 918 1290 1093 1359; x_wconf 78' lang='grc' dir='ltr'><strong>Λόγος</strong></span> <span class='ocrx_word' id='word_1_98' title='bbox 1123 1289 1413 1362; x_wconf 73' lang='grc' dir='ltr'><strong>ἄνθρωπος</strong></span> <span class='ocrx_word' id='word_1_99' title='bbox 1445 1288 1662 1359; x_wconf 67' lang='grc' dir='ltr'><strong>γέγονε,</strong></span> <span class='ocrx_word' id='word_1_100' title='bbox 1695 1286 1798 1341; x_wconf 78' lang='grc' dir='ltr'><strong>καὶ</strong></span> 
     </span>
    </p>
   </div>
   <div class='ocr_carea' id='block_1_14' title="bbox 210 1377 1799 1454">
    <p class='ocr_par' dir='ltr' id='par_1_14' title="bbox 210 1377 1799 1454">
     <span class='ocr_line' id='line_1_14' title="bbox 210 1377 1799 1454; baseline -0.005 -15"><span class='ocrx_word' id='word_1_101' title='bbox 210 1384 288 1439; x_wconf 75' lang='grc' dir='ltr'><strong>δι’</strong></span> <span class='ocrx_word' id='word_1_102' title='bbox 331 1380 534 1448; x_wconf 83' lang='grc' dir='ltr'><strong>αὐτοῦ,</strong></span> <span class='ocrx_word' id='word_1_103' title='bbox 567 1381 692 1452; x_wconf 79' lang='grc' dir='ltr'><strong>οὐχὶ</strong></span> <span class='ocrx_word' id='word_1_104' title='bbox 748 1380 967 1454; x_wconf 70' lang='grc' dir='ltr'><strong>Ἰσραὴλ</strong></span> <span class='ocrx_word' id='word_1_105' title='bbox 1000 1381 1161 1452; x_wconf 85' lang='grc' dir='ltr'><strong>μόνος</strong></span> <span class='ocrx_word' id='word_1_106' title='bbox 1188 1381 1283 1435; x_wconf 82' lang='grc' dir='ltr'><strong>τὸν</strong></span> <span class='ocrx_word' id='word_1_107' title='bbox 1324 1380 1601 1452; x_wconf 78' lang='grc' dir='ltr'><strong>Ἰορδάνην</strong></span> <span class='ocrx_word' id='word_1_108' title='bbox 1643 1377 1799 1449; x_wconf 81' lang='grc' dir='ltr'><strong>διῆλ-</strong></span> 
     </span>
    </p>
   </div>
   <div class='ocr_carea' id='block_1_15' title="bbox 213 1467 1796 1545">
    <p class='ocr_par' dir='ltr' id='par_1_15' title="bbox 213 1467 1796 1545">
     <span class='ocr_line' id='line_1_15' title="bbox 213 1467 1796 1545; baseline -0.004 -16"><span class='ocrx_word' id='word_1_109' title='bbox 213 1468 337 1543; x_wconf 84' lang='grc' dir='ltr'><strong>θεν,</strong></span> <span class='ocrx_word' id='word_1_110' title='bbox 366 1473 483 1528; x_wconf 78' lang='grc' dir='ltr'><strong>ἁλλ’</strong></span> <span class='ocrx_word' id='word_1_111' title='bbox 504 1473 540 1545; x_wconf 77' lang='grc' dir='ltr'><strong>ἠ</strong></span> <span class='ocrx_word' id='word_1_112' title='bbox 558 1472 721 1542; x_wconf 78' lang='grc' dir='ltr'><strong>φύσις</strong></span> <span class='ocrx_word' id='word_1_113' title='bbox 748 1471 940 1527; x_wconf 75' lang='grc' dir='ltr'><strong>ἁπασα</strong></span> <span class='ocrx_word' id='word_1_114' title='bbox 966 1471 1108 1545; x_wconf 81' lang='grc' dir='ltr'><strong>πρὸς</strong></span> <span class='ocrx_word' id='word_1_115' title='bbox 1132 1470 1235 1545; x_wconf 79' lang='grc' dir='ltr'><strong>τὴν</strong></span> <span class='ocrx_word' id='word_1_116' title='bbox 1261 1471 1498 1545; x_wconf 77' lang='grc' dir='ltr'><strong>ἀρχαίαν</strong></span> <span class='ocrx_word' id='word_1_117' title='bbox 1520 1467 1796 1541; x_wconf 61' lang='lat' dir='ltr'><strong>mmo.</strong></span> 
     </span>
    </p>
   </div>
   <div class='ocr_carea' id='block_1_16' title="bbox 123 1555 1798 1639">
    <p class='ocr_par' dir='ltr' id='par_1_16' title="bbox 123 1555 1798 1639">
     <span class='ocr_line' id='line_1_16' title="bbox 123 1555 1798 1639; baseline -0.004 -19"><span class='ocrx_word' id='word_1_118' title='bbox 123 1573 132 1579; x_wconf 87' lang='lat'>&#39;</span> <span class='ocrx_word' id='word_1_119' title='bbox 216 1565 630 1639; x_wconf 80' lang='grc' dir='ltr'><strong>μακαριότητα.</strong></span> <span class='ocrx_word' id='word_1_120' title='bbox 664 1562 745 1618; x_wconf 85' lang='grc' dir='ltr'><strong>Δι’</strong></span> <span class='ocrx_word' id='word_1_121' title='bbox 766 1555 829 1618; x_wconf 74' lang='grc' dir='ltr'><strong>οὗ</strong></span> <span class='ocrx_word' id='word_1_122' title='bbox 859 1563 896 1636; x_wconf 70' lang='grc' dir='ltr'><strong>ἡ</strong></span> <span class='ocrx_word' id='word_1_123' title='bbox 925 1562 1090 1634; x_wconf 79' lang='grc' dir='ltr'><strong>φύσις</strong></span> <span class='ocrx_word' id='word_1_124' title='bbox 1120 1564 1186 1619; x_wconf 72' lang='grc' dir='ltr'><strong>ὸκ</strong></span> <span class='ocrx_word' id='word_1_125' title='bbox 1209 1563 1321 1618; x_wconf 83' lang='grc' dir='ltr'><strong>τῶν</strong></span> <span class='ocrx_word' id='word_1_126' title='bbox 1354 1560 1655 1618; x_wconf 70' lang='grc' dir='ltr'><strong>κατωτάτω</strong></span> <span class='ocrx_word' id='word_1_127' title='bbox 1694 1562 1798 1632; x_wconf 74' lang='grc' dir='ltr'><strong>τῆς</strong></span> 
     </span>
    </p>
   </div>
   <div class='ocr_carea' id='block_1_17' title="bbox 177 1650 1799 1731">
    <p class='ocr_par' dir='ltr' id='par_1_17' title="bbox 177 1650 1799 1731">
     <span class='ocr_line' id='line_1_17' title="bbox 177 1650 1799 1731; baseline -0.012 -5"><span class='ocrx_word' id='word_1_128' title='bbox 177 1665 185 1672; x_wconf 82' lang='grc'><em>’</em></span> <span class='ocrx_word' id='word_1_129' title='bbox 216 1659 329 1731; x_wconf 79' lang='grc' dir='ltr'><strong>τῆς</strong></span> <span class='ocrx_word' id='word_1_130' title='bbox 353 1655 592 1729; x_wconf 77' lang='grc' dir='ltr'><strong>ἀνῆλθεν</strong></span> <span class='ocrx_word' id='word_1_131' title='bbox 636 1654 900 1728; x_wconf 78' lang='grc' dir='ltr'><strong>ὑπεράνω</strong></span> <span class='ocrx_word' id='word_1_132' title='bbox 943 1653 1129 1727; x_wconf 76' lang='grc' dir='ltr'><strong>πάσης</strong></span> <span class='ocrx_word' id='word_1_133' title='bbox 1163 1654 1373 1729; x_wconf 73' lang='grc' dir='ltr'><strong>ἀρχῆς,</strong></span> <span class='ocrx_word' id='word_1_134' title='bbox 1413 1654 1510 1710; x_wconf 79' lang='grc' dir='ltr'><strong>καὶ</strong></span> <span class='ocrx_word' id='word_1_135' title='bbox 1554 1653 1617 1710; x_wconf 70' lang='grc' dir='ltr'><strong>ιν</strong></span> <span class='ocrx_word' id='word_1_136' title='bbox 1646 1650 1799 1724; x_wconf 76' lang='grc' dir='ltr'><strong>αὐτῷ</strong></span> 
     </span>
    </p>
   </div>
   <div class='ocr_carea' id='block_1_18' title="bbox 213 1744 1115 1824">
    <p class='ocr_par' dir='ltr' id='par_1_18' title="bbox 213 1744 1115 1824">
     <span class='ocr_line' id='line_1_18' title="bbox 213 1744 1115 1824; baseline -0.002 -19"><span class='ocrx_word' id='word_1_137' title='bbox 213 1751 303 1823; x_wconf 80' lang='grc' dir='ltr'><strong>τῷ</strong></span> <span class='ocrx_word' id='word_1_138' title='bbox 329 1749 589 1824; x_wconf 88' lang='grc' dir='ltr'><strong>πατρικῷ</strong></span> <span class='ocrx_word' id='word_1_139' title='bbox 624 1747 892 1805; x_wconf 79' lang='grc' dir='ltr'><strong>κεκάθικε</strong></span> <span class='ocrx_word' id='word_1_140' title='bbox 916 1744 1115 1819; x_wconf 77' lang='grc' dir='ltr'><strong>θρόνῳ.</strong></span> 
     </span>
    </p>
   </div>
   <div class='ocr_carea' id='block_1_19' title="bbox 1891 653 3465 727">
    <p class='ocr_par' dir='ltr' id='par_1_19' title="bbox 1891 653 3465 727">
     <span class='ocr_line' id='line_1_19' title="bbox 1891 653 3465 727; baseline 0.005 -19"><span class='ocrx_word' id='word_1_141' title='bbox 1891 653 2104 723; x_wconf 90' lang='lat' dir='ltr'><strong>lapides</strong></span> <span class='ocrx_word' id='word_1_142' title='bbox 2131 665 2509 719; x_wconf 88' lang='lat' dir='ltr'><strong>sumerentur,</strong></span> <span class='ocrx_word' id='word_1_143' title='bbox 2558 657 2939 727; x_wconf 84' lang='lat' dir='ltr'><strong>rationemque</strong></span> <span class='ocrx_word' id='word_1_144' title='bbox 2990 660 3178 715; x_wconf 89' lang='lat' dir='ltr'><strong>subdit</strong></span> <span class='ocrx_word' id='word_1_145' title='bbox 3225 660 3465 718; x_wconf 87' lang='lat' dir='ltr'><strong>dicens:</strong></span> 
     </span>
    </p>
   </div>
   <div class='ocr_carea' id='block_1_20' title="bbox 1896 738 3470 817">
    <p class='ocr_par' dir='ltr' id='par_1_20' title="bbox 1896 738 3470 817">
     <span class='ocr_line' id='line_1_20' title="bbox 1896 738 3470 817; baseline 0.008 -25"><span class='ocrx_word' id='word_1_146' title='bbox 1896 756 1917 791; x_wconf 83' lang='grc' dir='ltr'><strong>ι</strong></span> <span class='ocrx_word' id='word_1_147' title='bbox 1946 738 2182 804; x_wconf 80' lang='lat' dir='ltr'><strong>Quando</strong></span> <span class='ocrx_word' id='word_1_148' title='bbox 2230 742 2655 814; x_wconf 84' lang='lat' dir='ltr'><strong>interrogaverit</strong></span> <span class='ocrx_word' id='word_1_149' title='bbox 2696 752 2750 799; x_wconf 91' lang='lat' dir='ltr'><strong>te</strong></span> <span class='ocrx_word' id='word_1_150' title='bbox 2804 745 2949 815; x_wconf 81' lang='lat' dir='ltr'><strong>Illius</strong></span> <span class='ocrx_word' id='word_1_151' title='bbox 2982 758 3132 810; x_wconf 89' lang='lat' dir='ltr'><strong>tuus.</strong></span> <span class='ocrx_word' id='word_1_152' title='bbox 3186 751 3316 817; x_wconf 86' lang='lat' dir='ltr'><strong>quid</strong></span> <span class='ocrx_word' id='word_1_153' title='bbox 3364 752 3470 805; x_wconf 89' lang='lat' dir='ltr'><strong>sibi</strong></span> 
     </span>
    </p>
   </div>
   <div class='ocr_carea' id='block_1_21' title="bbox 1890 828 3468 903">
    <p class='ocr_par' dir='ltr' id='par_1_21' title="bbox 1890 828 3468 903">
     <span class='ocr_line' id='line_1_21' title="bbox 1890 828 3468 903; baseline 0.009 -22"><span class='ocrx_word' id='word_1_154' title='bbox 1890 828 2084 882; x_wconf 78' lang='lat' dir='ltr'><strong>volunt</strong></span> <span class='ocrx_word' id='word_1_155' title='bbox 2110 828 2202 885; x_wconf 89' lang='lat' dir='ltr'><strong>isti</strong></span> <span class='ocrx_word' id='word_1_156' title='bbox 2249 830 2486 899; x_wconf 79' lang='lat' dir='ltr'><strong>lapides,</strong></span> <span class='ocrx_word' id='word_1_157' title='bbox 2538 848 2725 898; x_wconf 88' lang='lat' dir='ltr'><strong>narra,</strong></span> <span class='ocrx_word' id='word_1_158' title='bbox 2777 837 3051 903; x_wconf 84' lang='lat' dir='ltr'><strong>quomodo</strong></span> <span class='ocrx_word' id='word_1_159' title='bbox 3097 838 3284 894; x_wconf 85' lang='lat' dir='ltr'><strong>divino</strong></span> <span class='ocrx_word' id='word_1_160' title='bbox 3333 851 3468 895; x_wconf 90' lang='lat' dir='ltr'><strong>nutu</strong></span> 
     </span>
    </p>
   </div>
   <div class='ocr_carea' id='block_1_22' title="bbox 1892 919 3469 995">
    <p class='ocr_par' dir='ltr' id='par_1_22' title="bbox 1892 919 3469 995">
     <span class='ocr_line' id='line_1_22' title="bbox 1892 919 3469 995; baseline 0.008 -22"><span class='ocrx_word' id='word_1_161' title='bbox 1892 919 2160 975; x_wconf 74' lang='lat' dir='ltr'><strong>defecerit</strong></span> <span class='ocrx_word' id='word_1_162' title='bbox 2187 934 2330 991; x_wconf 86' lang='lat' dir='ltr'><strong>aqua</strong></span> <span class='ocrx_word' id='word_1_163' title='bbox 2344 920 2631 987; x_wconf 80' lang='lat' dir='ltr'><strong>Jordanis.</strong></span> <span class='ocrx_word' id='word_1_164' title='bbox 2667 932 2723 979; x_wconf 92' lang='lat' dir='ltr'><strong>et</strong></span> <span class='ocrx_word' id='word_1_165' title='bbox 2749 925 3038 980; x_wconf 89' lang='lat' dir='ltr'><strong>transierit</strong></span> <span class='ocrx_word' id='word_1_166' title='bbox 3070 941 3197 981; x_wconf 87' lang='lat' dir='ltr'><strong>arca</strong></span> <span class='ocrx_word' id='word_1_167' title='bbox 3229 929 3469 995; x_wconf 83' lang='lat' dir='ltr'><strong>Domini,</strong></span> 
     </span>
    </p>
   </div>
   <div class='ocr_carea' id='block_1_23' title="bbox 1891 1011 3469 1088">
    <p class='ocr_par' dir='ltr' id='par_1_23' title="bbox 1891 1011 3469 1088">
     <span class='ocr_line' id='line_1_23' title="bbox 1891 1011 3469 1088; baseline 0.006 -22"><span class='ocrx_word' id='word_1_168' title='bbox 1891 1011 2185 1081; x_wconf 85' lang='lat' dir='ltr'><strong>omnisque</strong></span> <span class='ocrx_word' id='word_1_169' title='bbox 2209 1013 2447 1086; x_wconf 87' lang='lat' dir='ltr'><strong>populus</strong></span> <span class='ocrx_word' id='word_1_170' title='bbox 2465 1014 2534 1070; x_wconf 78' lang='lat'><strong>&quot;.</strong></span> <span class='ocrx_word' id='word_1_171' title='bbox 2570 1034 2589 1068; x_wconf 74' lang='grc' dir='ltr'><strong>ι</strong></span> <span class='ocrx_word' id='word_1_172' title='bbox 2626 1014 2737 1071; x_wconf 93' lang='lat' dir='ltr'><strong>Cur</strong></span> <span class='ocrx_word' id='word_1_173' title='bbox 2765 1018 2934 1088; x_wconf 88' lang='lat' dir='ltr'><strong>igitur</strong></span> <span class='ocrx_word' id='word_1_174' title='bbox 2957 1018 3231 1074; x_wconf 70' lang='lat' dir='ltr'><strong>salutares</strong></span> <span class='ocrx_word' id='word_1_175' title='bbox 3264 1021 3469 1078; x_wconf 87' lang='lat' dir='ltr'><strong>Christi</strong></span> 
     </span>
    </p>
   </div>
   <div class='ocr_carea' id='block_1_24' title="bbox 1895 1101 3475 1180">
    <p class='ocr_par' dir='ltr' id='par_1_24' title="bbox 1895 1101 3475 1180">
     <span class='ocr_line' id='line_1_24' title="bbox 1895 1101 3475 1180; baseline 0.004 -22"><span class='ocrx_word' id='word_1_176' title='bbox 1895 1101 1993 1158; x_wconf 86' lang='lat' dir='ltr'><strong>Dei</strong></span> <span class='ocrx_word' id='word_1_177' title='bbox 2021 1104 2306 1161; x_wconf 74' lang='lat' dir='ltr'><strong>cruciatus</strong></span> <span class='ocrx_word' id='word_1_178' title='bbox 2333 1116 2388 1161; x_wconf 90' lang='lat' dir='ltr'><strong>et</strong></span> <span class='ocrx_word' id='word_1_179' title='bbox 2420 1108 3038 1180; x_wconf 87' lang='lat' dir='ltr'><strong>miraculaimaginibus</strong></span> <span class='ocrx_word' id='word_1_180' title='bbox 3069 1125 3176 1164; x_wconf 92' lang='lat' dir='ltr'><strong>non</strong></span> <span class='ocrx_word' id='word_1_181' title='bbox 3197 1106 3475 1180; x_wconf 74' lang='lat' dir='ltr'><strong>exprima-</strong></span> 
     </span>
    </p>
   </div>
   <div class='ocr_carea' id='block_1_25' title="bbox 1894 1192 3477 1270">
    <p class='ocr_par' dir='ltr' id='par_1_25' title="bbox 1894 1192 3477 1270">
     <span class='ocr_line' id='line_1_25' title="bbox 1894 1192 3477 1270; baseline 0.006 -24"><span class='ocrx_word' id='word_1_182' title='bbox 1894 1193 2058 1249; x_wconf 80' lang='lat' dir='ltr'><strong>mus?</strong></span> <span class='ocrx_word' id='word_1_183' title='bbox 2079 1205 2140 1249; x_wconf 92' lang='lat' dir='ltr'><strong>ut</strong></span> <span class='ocrx_word' id='word_1_184' title='bbox 2160 1209 2287 1250; x_wconf 87' lang='lat' dir='ltr'><strong>cum</strong></span> <span class='ocrx_word' id='word_1_185' title='bbox 2334 1192 2402 1251; x_wconf 81' lang='lat' dir='ltr'><strong>ex</strong></span> <span class='ocrx_word' id='word_1_186' title='bbox 2429 1213 2514 1252; x_wconf 92' lang='lat' dir='ltr'><strong>me</strong></span> <span class='ocrx_word' id='word_1_187' title='bbox 2546 1200 2830 1269; x_wconf 66' lang='lat' dir='ltr'><strong>quaesierit</strong></span> <span class='ocrx_word' id='word_1_188' title='bbox 2874 1200 3020 1257; x_wconf 83' lang='lat' dir='ltr'><strong>[ilius</strong></span> <span class='ocrx_word' id='word_1_189' title='bbox 3053 1216 3233 1265; x_wconf 89' lang='lat' dir='ltr'><strong>meus,</strong></span> <span class='ocrx_word' id='word_1_190' title='bbox 3253 1217 3477 1270; x_wconf 87' lang='lat' dir='ltr'><strong>respon-</strong></span> 
     </span>
    </p>
   </div>
   <div class='ocr_carea' id='block_1_26' title="bbox 1894 1277 3478 1357">
    <p class='ocr_par' dir='ltr' id='par_1_26' title="bbox 1894 1277 3478 1357">
     <span class='ocr_line' id='line_1_26' title="bbox 1894 1277 3478 1357; baseline 0.005 -23"><span class='ocrx_word' id='word_1_191' title='bbox 1894 1277 2077 1346; x_wconf 81' lang='lat' dir='ltr'><strong>deam,</strong></span> <span class='ocrx_word' id='word_1_192' title='bbox 2100 1278 2271 1336; x_wconf 88' lang='lat' dir='ltr'><strong>Deum</strong></span> <span class='ocrx_word' id='word_1_193' title='bbox 2305 1282 2542 1339; x_wconf 82' lang='lat' dir='ltr'><strong>Verbum</strong></span> <span class='ocrx_word' id='word_1_194' title='bbox 2574 1286 2779 1341; x_wconf 75' lang='lat' dir='ltr'><strong>factum</strong></span> <span class='ocrx_word' id='word_1_195' title='bbox 2818 1301 2942 1342; x_wconf 90' lang='lat' dir='ltr'><strong>esse</strong></span> <span class='ocrx_word' id='word_1_196' title='bbox 2970 1287 3275 1353; x_wconf 86' lang='lat' dir='ltr'><strong>hominem,</strong></span> <span class='ocrx_word' id='word_1_197' title='bbox 3313 1298 3478 1357; x_wconf 86' lang='lat' dir='ltr'><strong>atque</strong></span> 
     </span>
    </p>
   </div>
   <div class='ocr_carea' id='block_1_27' title="bbox 1895 1369 3476 1440">
    <p class='ocr_par' dir='ltr' id='par_1_27' title="bbox 1895 1369 3476 1440">
     <span class='ocr_line' id='line_1_27' title="bbox 1895 1369 3476 1440; baseline 0.005 -17"><span class='ocrx_word' id='word_1_198' title='bbox 1895 1369 2192 1440; x_wconf 82' lang='lat' dir='ltr'><strong>peripsum</strong></span> <span class='ocrx_word' id='word_1_199' title='bbox 2215 1386 2329 1426; x_wconf 84' lang='lat' dir='ltr'><strong>non</strong></span> <span class='ocrx_word' id='word_1_200' title='bbox 2350 1372 2613 1428; x_wconf 85' lang='lat' dir='ltr'><strong>lsraelem</strong></span> <span class='ocrx_word' id='word_1_201' title='bbox 2642 1374 2805 1430; x_wconf 88' lang='lat' dir='ltr'><strong>modo</strong></span> <span class='ocrx_word' id='word_1_202' title='bbox 2834 1372 3133 1431; x_wconf 69' lang='lat' dir='ltr'><strong>Iordanem</strong></span> <span class='ocrx_word' id='word_1_203' title='bbox 3168 1377 3476 1439; x_wconf 88' lang='lat' dir='ltr'><strong>transiisse,</strong></span> 
     </span>
    </p>
   </div>
   <div class='ocr_carea' id='block_1_28' title="bbox 1896 1459 3480 1535">
    <p class='ocr_par' dir='ltr' id='par_1_28' title="bbox 1896 1459 3480 1535">
     <span class='ocr_line' id='line_1_28' title="bbox 1896 1459 3480 1535; baseline 0.001 -19"><span class='ocrx_word' id='word_1_204' title='bbox 1896 1459 1995 1519; x_wconf 86' lang='lat' dir='ltr'><strong>sed</strong></span> <span class='ocrx_word' id='word_1_205' title='bbox 2022 1469 2075 1516; x_wconf 89' lang='lat' dir='ltr'><strong>et</strong></span> <span class='ocrx_word' id='word_1_206' title='bbox 2116 1475 2339 1523; x_wconf 84' lang='lat' dir='ltr'><strong>omnem</strong></span> <span class='ocrx_word' id='word_1_207' title='bbox 2392 1477 2627 1533; x_wconf 86' lang='lat' dir='ltr'><strong>prorsus</strong></span> <span class='ocrx_word' id='word_1_208' title='bbox 2660 1472 2914 1519; x_wconf 89' lang='lat' dir='ltr'><strong>naturam</strong></span> <span class='ocrx_word' id='word_1_209' title='bbox 2942 1465 3008 1518; x_wconf 91' lang='lat' dir='ltr'><strong>ad</strong></span> <span class='ocrx_word' id='word_1_210' title='bbox 3053 1466 3345 1535; x_wconf 83' lang='lat' dir='ltr'><strong>pristinam</strong></span> <span class='ocrx_word' id='word_1_211' title='bbox 3394 1482 3480 1520; x_wconf 78' lang='lat' dir='ltr'><strong>rc.-</strong></span> 
     </span>
    </p>
   </div>
   <div class='ocr_carea' id='block_1_29' title="bbox 1898 1548 3479 1631">
    <p class='ocr_par' dir='ltr' id='par_1_29' title="bbox 1898 1548 3479 1631">
     <span class='ocr_line' id='line_1_29' title="bbox 1898 1548 3479 1631; baseline 0.003 -26"><span class='ocrx_word' id='word_1_212' title='bbox 1898 1548 2071 1607; x_wconf 85' lang='lat' dir='ltr'><strong>diisse</strong></span> <span class='ocrx_word' id='word_1_213' title='bbox 2098 1550 2450 1621; x_wconf 78' lang='lat' dir='ltr'><strong>felicitatem;</strong></span> <span class='ocrx_word' id='word_1_214' title='bbox 2483 1569 2580 1624; x_wconf 91' lang='lat' dir='ltr'><strong>per</strong></span> <span class='ocrx_word' id='word_1_215' title='bbox 2605 1569 2767 1624; x_wconf 87' lang='lat' dir='ltr'><strong>quem</strong></span> <span class='ocrx_word' id='word_1_216' title='bbox 2800 1564 2993 1608; x_wconf 88' lang='lat' dir='ltr'><strong>natura</strong></span> <span class='ocrx_word' id='word_1_217' title='bbox 3037 1564 3229 1609; x_wconf 90' lang='lat' dir='ltr'><strong>nostra</strong></span> <span class='ocrx_word' id='word_1_218' title='bbox 3258 1558 3327 1610; x_wconf 90' lang='lat' dir='ltr'><strong>ab</strong></span> <span class='ocrx_word' id='word_1_219' title='bbox 3356 1558 3479 1631; x_wconf 67' lang='lat' dir='ltr'><strong>inii;</strong></span> 
     </span>
    </p>
   </div>
   <div class='ocr_carea' id='block_1_30' title="bbox 1898 1640 3479 1714">
    <p class='ocr_par' dir='ltr' id='par_1_30' title="bbox 1898 1640 3479 1714">
     <span class='ocr_line' id='line_1_30' title="bbox 1898 1640 3479 1714; baseline 0 -17"><span class='ocrx_word' id='word_1_220' title='bbox 1898 1640 2008 1698; x_wconf 86' lang='lat' dir='ltr'><strong>mis</strong></span> <span class='ocrx_word' id='word_1_221' title='bbox 2071 1651 2232 1697; x_wconf 61' lang='lat' dir='ltr'><strong>terra:</strong></span> <span class='ocrx_word' id='word_1_222' title='bbox 2287 1642 2561 1713; x_wconf 85' lang='lat' dir='ltr'><strong>partibus,</strong></span> <span class='ocrx_word' id='word_1_223' title='bbox 2607 1658 2779 1714; x_wconf 88' lang='lat' dir='ltr'><strong>super</strong></span> <span class='ocrx_word' id='word_1_224' title='bbox 2835 1659 3053 1698; x_wconf 88' lang='lat' dir='ltr'><strong>onmem</strong></span> <span class='ocrx_word' id='word_1_225' title='bbox 3105 1645 3479 1714; x_wconf 85' lang='lat' dir='ltr'><strong>principatum</strong></span> 
     </span>
    </p>
   </div>
   <div class='ocr_carea' id='block_1_31' title="bbox 1897 1738 3478 1808">
    <p class='ocr_par' dir='ltr' id='par_1_31' title="bbox 1897 1738 3478 1808">
     <span class='ocr_line' id='line_1_31' title="bbox 1897 1738 3478 1808; baseline -0.002 -16"><span class='ocrx_word' id='word_1_226' title='bbox 1897 1744 2088 1792; x_wconf 82' lang='lat' dir='ltr'><strong>evecta</strong></span> <span class='ocrx_word' id='word_1_227' title='bbox 2146 1745 2265 1802; x_wconf 87' lang='lat' dir='ltr'><strong>est,</strong></span> <span class='ocrx_word' id='word_1_228' title='bbox 2322 1746 2379 1793; x_wconf 91' lang='lat' dir='ltr'><strong>et</strong></span> <span class='ocrx_word' id='word_1_229' title='bbox 2431 1738 2486 1792; x_wconf 92' lang='lat' dir='ltr'><strong>in</strong></span> <span class='ocrx_word' id='word_1_230' title='bbox 2551 1738 2787 1808; x_wconf 84' lang='lat' dir='ltr'><strong>ipsomct</strong></span> <span class='ocrx_word' id='word_1_231' title='bbox 2845 1746 3081 1807; x_wconf 88' lang='lat' dir='ltr'><strong>paterno</strong></span> <span class='ocrx_word' id='word_1_232' title='bbox 3134 1740 3275 1792; x_wconf 87' lang='lat' dir='ltr'><strong>solio</strong></span> <span class='ocrx_word' id='word_1_233' title='bbox 3342 1754 3478 1793; x_wconf 84' lang='lat' dir='ltr'><strong>con-</strong></span> 
     </span>
    </p>
   </div>
   <div class='ocr_carea' id='block_1_32' title="bbox 1900 1830 2065 1885">
    <p class='ocr_par' dir='ltr' id='par_1_32' title="bbox 1900 1830 2065 1885">
     <span class='ocr_line' id='line_1_32' title="bbox 1900 1830 2065 1885; baseline -0.012 0"><span class='ocrx_word' id='word_1_234' title='bbox 1900 1830 2065 1885; x_wconf 86' lang='lat' dir='ltr'><strong>sedit.</strong></span> 
     </span>
    </p>
   </div>
   <div class='ocr_carea' id='block_1_33' title="bbox 296 1917 1805 2004">
    <p class='ocr_par' dir='ltr' id='par_1_33' title="bbox 296 1926 1793 2004">
     <span class='ocr_line' id='line_1_33' title="bbox 296 1926 1793 2004; baseline -0.005 -16"><span class='ocrx_word' id='word_1_235' title='bbox 296 1934 385 1990; x_wconf 74' lang='lat' dir='ltr'><strong>tO&#39;.</strong></span> <span class='ocrx_word' id='word_1_236' title='bbox 428 1932 593 1988; x_wconf 73' lang='grc' dir='ltr'><strong>’Λλλὰ</strong></span> <span class='ocrx_word' id='word_1_237' title='bbox 621 1931 795 2004; x_wconf 78' lang='grc' dir='ltr'><strong>φησί’</strong></span> <span class='ocrx_word' id='word_1_238' title='bbox 832 1930 984 1985; x_wconf 87' lang='grc' dir='ltr'><strong>Ποίει</strong></span> <span class='ocrx_word' id='word_1_239' title='bbox 1004 1928 1241 2001; x_wconf 83' lang='grc' dir='ltr'><strong>Χριστοῦ</strong></span> <span class='ocrx_word' id='word_1_240' title='bbox 1273 1928 1480 1992; x_wconf 90' lang='grc' dir='ltr'><strong>εἰκόνα,</strong></span> <span class='ocrx_word' id='word_1_241' title='bbox 1504 1927 1600 1980; x_wconf 79' lang='grc' dir='ltr'><strong>καὶ</strong></span> <span class='ocrx_word' id='word_1_242' title='bbox 1622 1926 1793 2000; x_wconf 80' lang='grc' dir='ltr'><strong>ἁρκέ-</strong></span> 
     </span>
    </p>
   </div>
   <div class='ocr_carea' id='block_1_34' title="bbox 1905 1917 3480 2004">
    <p class='ocr_par' dir='ltr' id='par_1_34' title="bbox 1972 1919 3480 1990">
     <span class='ocr_line' id='line_1_34' title="bbox 1972 1919 3480 1990; baseline -0.002 -14"><span class='ocrx_word' id='word_1_243' title='bbox 1972 1921 2060 1976; x_wconf 75' lang='lat' dir='ltr'><strong>l9.</strong></span> <span class='ocrx_word' id='word_1_244' title='bbox 2116 1920 2235 1988; x_wconf 79' lang='lat' dir='ltr'><strong>Ast,</strong></span> <span class='ocrx_word' id='word_1_245' title='bbox 2293 1921 2584 1990; x_wconf 89' lang='lat' dir='ltr'><strong>inquiunt,</strong></span> <span class='ocrx_word' id='word_1_246' title='bbox 2626 1921 2765 1977; x_wconf 87' lang='lat' dir='ltr'><strong>satis</strong></span> <span class='ocrx_word' id='word_1_247' title='bbox 2802 1922 2902 1975; x_wconf 87' lang='lat' dir='ltr'><strong>tibi</strong></span> <span class='ocrx_word' id='word_1_248' title='bbox 2950 1919 3112 1975; x_wconf 79' lang='lat' dir='ltr'><strong>fuerit</strong></span> <span class='ocrx_word' id='word_1_249' title='bbox 3146 1921 3351 1975; x_wconf 80' lang='lat' dir='ltr'><strong>Christi</strong></span> <span class='ocrx_word' id='word_1_250' title='bbox 3393 1922 3480 1973; x_wconf 74' lang='lat' dir='ltr'><strong>vel</strong></span> 
     </span>
    </p>
   </div>
   <div class='ocr_carea' id='block_1_35' title="bbox 218 2018 1801 2099">
    <p class='ocr_par' dir='ltr' id='par_1_35' title="bbox 218 2018 1801 2099">
     <span class='ocr_line' id='line_1_35' title="bbox 218 2018 1801 2099; baseline -0.008 -16"><span class='ocrx_word' id='word_1_251' title='bbox 218 2026 404 2099; x_wconf 83' lang='grc' dir='ltr'><strong>σθητι,</strong></span> <span class='ocrx_word' id='word_1_252' title='bbox 431 2026 466 2098; x_wconf 79' lang='grc' dir='ltr'>ἢ</span> <span class='ocrx_word' id='word_1_253' title='bbox 496 2025 600 2096; x_wconf 79' lang='grc' dir='ltr'><strong>τῆς</strong></span> <span class='ocrx_word' id='word_1_254' title='bbox 634 2022 832 2079; x_wconf 77' lang='grc' dir='ltr'><strong>τούτου</strong></span> <span class='ocrx_word' id='word_1_255' title='bbox 856 2022 1084 2094; x_wconf 72' lang='grc' dir='ltr'><strong>Μητρὸς</strong></span> <span class='ocrx_word' id='word_1_256' title='bbox 1123 2021 1225 2092; x_wconf 81' lang='grc' dir='ltr'><strong>τῆς</strong></span> <span class='ocrx_word' id='word_1_257' title='bbox 1262 2019 1550 2074; x_wconf 84' lang='grc' dir='ltr'><strong>Θεοτόκου.</strong></span> <span class='ocrx_word' id='word_1_258' title='bbox 1590 2019 1655 2070; x_wconf 82' lang='grc' dir='ltr'>Ὢ</span> <span class='ocrx_word' id='word_1_259' title='bbox 1698 2018 1801 2089; x_wconf 81' lang='grc' dir='ltr'><strong>τῆς</strong></span> 
     </span>
    </p>
   </div>
   <div class='ocr_carea' id='block_1_36' title="bbox 214 2107 1803 2189">
    <p class='ocr_par' dir='ltr' id='par_1_36' title="bbox 214 2107 1803 2189">
     <span class='ocr_line' id='line_1_36' title="bbox 214 2107 1803 2189; baseline -0.009 -12"><span class='ocrx_word' id='word_1_260' title='bbox 214 2118 492 2184; x_wconf 69' lang='grc' dir='ltr'><strong>ἀτοπίαςί</strong></span> <span class='ocrx_word' id='word_1_261' title='bbox 525 2117 721 2189; x_wconf 63' lang='grc' dir='ltr'><strong>ἐχθρὸν</strong></span> <span class='ocrx_word' id='word_1_262' title='bbox 741 2117 972 2174; x_wconf 78' lang='grc' dir='ltr'><strong>σεαυτὸν</strong></span> <span class='ocrx_word' id='word_1_263' title='bbox 993 2107 1291 2187; x_wconf 72' lang='grc' dir='ltr'><strong>διαρρήδην</strong></span> <span class='ocrx_word' id='word_1_264' title='bbox 1325 2111 1437 2166; x_wconf 84' lang='grc' dir='ltr'><strong>τῶν</strong></span> <span class='ocrx_word' id='word_1_265' title='bbox 1465 2111 1636 2180; x_wconf 83' lang='grc' dir='ltr'><strong>ἁγίων</strong></span> <span class='ocrx_word' id='word_1_266' title='bbox 1667 2110 1803 2164; x_wconf 85' lang='grc' dir='ltr'><strong>καθ-</strong></span> 
     </span>
    </p>
   </div>
   <div class='ocr_carea' id='block_1_37' title="bbox 214 2202 1801 2282">
    <p class='ocr_par' dir='ltr' id='par_1_37' title="bbox 214 2202 1801 2282">
     <span class='ocr_line' id='line_1_37' title="bbox 214 2202 1801 2282; baseline -0.008 -17"><span class='ocrx_word' id='word_1_267' title='bbox 214 2209 609 2282; x_wconf 65' lang='grc' dir='ltr'><strong>ωμολόγησας.</strong></span> <span class='ocrx_word' id='word_1_268' title='bbox 669 2204 735 2261; x_wconf 78' lang='grc' dir='ltr'><strong>Εἰ</strong></span> <span class='ocrx_word' id='word_1_269' title='bbox 777 2206 889 2277; x_wconf 78' lang='grc' dir='ltr'><strong>γὰρ</strong></span> <span class='ocrx_word' id='word_1_270' title='bbox 943 2204 1183 2277; x_wconf 79' lang='grc' dir='ltr'><strong>Χριστοῦ</strong></span> <span class='ocrx_word' id='word_1_271' title='bbox 1229 2203 1329 2273; x_wconf 80' lang='grc' dir='ltr'><strong>μὲν</strong></span> <span class='ocrx_word' id='word_1_272' title='bbox 1369 2202 1554 2257; x_wconf 90' lang='grc' dir='ltr'><strong>εἰκόνα</strong></span> <span class='ocrx_word' id='word_1_273' title='bbox 1601 2202 1801 2267; x_wconf 80' lang='grc' dir='ltr'><strong>ποιεῖς,</strong></span> 
     </span>
    </p>
   </div>
   <div class='ocr_carea' id='block_1_38' title="bbox 215 2288 1803 2370">
    <p class='ocr_par' dir='ltr' id='par_1_38' title="bbox 215 2288 1803 2370">
     <span class='ocr_line' id='line_1_38' title="bbox 215 2288 1803 2370; baseline -0.008 -13"><span class='ocrx_word' id='word_1_274' title='bbox 215 2300 336 2357; x_wconf 77' lang='grc' dir='ltr'><strong>τῶν</strong></span> <span class='ocrx_word' id='word_1_275' title='bbox 362 2300 421 2355; x_wconf 71' lang='grc' dir='ltr'><strong>δὲ</strong></span> <span class='ocrx_word' id='word_1_276' title='bbox 451 2298 627 2370; x_wconf 87' lang='grc' dir='ltr'><strong>ἁγίων</strong></span> <span class='ocrx_word' id='word_1_277' title='bbox 669 2288 962 2370; x_wconf 76' lang='grc' dir='ltr'><strong>οὐδαμῶς,</strong></span> <span class='ocrx_word' id='word_1_278' title='bbox 1015 2296 1175 2369; x_wconf 82' lang='grc' dir='ltr'><strong>δῆλον</strong></span> <span class='ocrx_word' id='word_1_279' title='bbox 1209 2294 1285 2361; x_wconf 80' lang='grc' dir='ltr'><strong>ὥς</strong></span> <span class='ocrx_word' id='word_1_280' title='bbox 1322 2294 1445 2366; x_wconf 73' lang='grc' dir='ltr'><strong>οὐχὶ</strong></span> <span class='ocrx_word' id='word_1_281' title='bbox 1473 2292 1573 2366; x_wconf 80' lang='grc' dir='ltr'><strong>τὴν</strong></span> <span class='ocrx_word' id='word_1_282' title='bbox 1616 2294 1803 2347; x_wconf 85' lang='grc' dir='ltr'><strong>εἰκόνα</strong></span> 
     </span>
    </p>
   </div>
   <div class='ocr_carea' id='block_1_39' title="bbox 217 2387 1799 2467">
    <p class='ocr_par' dir='ltr' id='par_1_39' title="bbox 217 2387 1799 2467">
     <span class='ocr_line' id='line_1_39' title="bbox 217 2387 1799 2467; baseline -0.007 -16"><span class='ocrx_word' id='word_1_283' title='bbox 217 2394 613 2467; x_wconf 78' lang='grc' dir='ltr'><strong>ἀπαγορεύεις,</strong></span> <span class='ocrx_word' id='word_1_284' title='bbox 647 2392 786 2448; x_wconf 78' lang='grc' dir='ltr'><strong>ἀλλὰ</strong></span> <span class='ocrx_word' id='word_1_285' title='bbox 827 2393 929 2464; x_wconf 77' lang='grc' dir='ltr'><strong>τὴν</strong></span> <span class='ocrx_word' id='word_1_286' title='bbox 957 2392 1066 2445; x_wconf 85' lang='grc' dir='ltr'><strong>τῶν</strong></span> <span class='ocrx_word' id='word_1_287' title='bbox 1095 2388 1268 2461; x_wconf 87' lang='grc' dir='ltr'><strong>ἁγίων</strong></span> <span class='ocrx_word' id='word_1_288' title='bbox 1304 2390 1496 2461; x_wconf 82' lang='grc' dir='ltr'><strong>τιμήν.</strong></span> <span class='ocrx_word' id='word_1_289' title='bbox 1520 2387 1627 2443; x_wconf 86' lang='grc' dir='ltr'><strong>Τοῦ</strong></span> <span class='ocrx_word' id='word_1_290' title='bbox 1662 2389 1799 2459; x_wconf 84' lang='grc' dir='ltr'><strong>Χρι-</strong></span> 
     </span>
    </p>
   </div>
   <div class='ocr_carea' id='block_1_40' title="bbox 221 2479 1802 2559">
    <p class='ocr_par' dir='ltr' id='par_1_40' title="bbox 221 2479 1802 2559">
     <span class='ocr_line' id='line_1_40' title="bbox 221 2479 1802 2559; baseline -0.007 -15"><span class='ocrx_word' id='word_1_291' title='bbox 221 2488 362 2544; x_wconf 81' lang='grc' dir='ltr'><strong>στοῦ</strong></span> <span class='ocrx_word' id='word_1_292' title='bbox 394 2488 523 2559; x_wconf 84' lang='grc' dir='ltr'><strong>γὰρ,</strong></span> <span class='ocrx_word' id='word_1_293' title='bbox 564 2486 642 2551; x_wconf 81' lang='grc' dir='ltr'><strong>ὡς</strong></span> <span class='ocrx_word' id='word_1_294' title='bbox 680 2485 1095 2556; x_wconf 70' lang='grc' dir='ltr'><strong>δεδοξασμένον,</strong></span> <span class='ocrx_word' id='word_1_295' title='bbox 1131 2486 1305 2547; x_wconf 82' lang='grc' dir='ltr'><strong>ποιεῖς</strong></span> <span class='ocrx_word' id='word_1_296' title='bbox 1331 2483 1568 2545; x_wconf 85' lang='grc' dir='ltr'><strong>εἰκόνας,</strong></span> <span class='ocrx_word' id='word_1_297' title='bbox 1596 2480 1707 2535; x_wconf 82' lang='grc' dir='ltr'><strong>τῶν</strong></span> <span class='ocrx_word' id='word_1_298' title='bbox 1732 2479 1802 2559; x_wconf 69' lang='grc' dir='ltr'><strong>δὲ</strong></span> 
     </span>
    </p>
   </div>
   <div class='ocr_carea' id='block_1_41' title="bbox 222 2558 1799 2655">
    <p class='ocr_par' dir='ltr' id='par_1_41' title="bbox 222 2558 1799 2655">
     <span class='ocr_line' id='line_1_41' title="bbox 222 2558 1799 2655; baseline -0.008 -17"><span class='ocrx_word' id='word_1_299' title='bbox 222 2583 437 2655; x_wconf 82' lang='grc' dir='ltr'><strong>ἁγίων,</strong></span> <span class='ocrx_word' id='word_1_300' title='bbox 466 2581 543 2645; x_wconf 81' lang='grc' dir='ltr'><strong>ὡς</strong></span> <span class='ocrx_word' id='word_1_301' title='bbox 588 2578 920 2643; x_wconf 82' lang='grc' dir='ltr'><strong>ἁδοξὰστων,</strong></span> <span class='ocrx_word' id='word_1_302' title='bbox 971 2577 1258 2640; x_wconf 82' lang='grc' dir='ltr'><strong>ἁποποιεῖς</strong></span> <span class='ocrx_word' id='word_1_303' title='bbox 1302 2574 1363 2628; x_wconf 87' lang='grc' dir='ltr'><strong>τὸ</strong></span> <span class='ocrx_word' id='word_1_304' title='bbox 1408 2558 1799 2643; x_wconf 78' lang='grc' dir='ltr'><strong>ἁπεικόνισμα,</strong></span> 
     </span>
    </p>
   </div>
   <div class='ocr_carea' id='block_1_42' title="bbox 224 2665 1801 2747">
    <p class='ocr_par' dir='ltr' id='par_1_42' title="bbox 224 2665 1801 2747">
     <span class='ocr_line' id='line_1_42' title="bbox 224 2665 1801 2747; baseline -0.009 -15"><span class='ocrx_word' id='word_1_305' title='bbox 224 2677 329 2732; x_wconf 77' lang='grc' dir='ltr'><strong>καὶ</strong></span> <span class='ocrx_word' id='word_1_306' title='bbox 356 2673 529 2747; x_wconf 82' lang='grc' dir='ltr'><strong>ψευδῆ</strong></span> <span class='ocrx_word' id='word_1_307' title='bbox 570 2673 671 2743; x_wconf 80' lang='grc' dir='ltr'><strong>τὴν</strong></span> <span class='ocrx_word' id='word_1_308' title='bbox 711 2669 973 2742; x_wconf 76' lang='grc' dir='ltr'><strong>ἀλήθειαν</strong></span> <span class='ocrx_word' id='word_1_309' title='bbox 1010 2668 1325 2730; x_wconf 78' lang='grc' dir='ltr'><strong>ἀποκαλεῖς.</strong></span> <span class='ocrx_word' id='word_1_310' title='bbox 1364 2685 1383 2717; x_wconf 82' lang='grc' dir='ltr'><strong>ι</strong></span> <span class='ocrx_word' id='word_1_311' title='bbox 1421 2666 1507 2721; x_wconf 87' lang='grc' dir='ltr'>Ζῶ</span> <span class='ocrx_word' id='word_1_312' title='bbox 1530 2668 1638 2735; x_wconf 80' lang='grc' dir='ltr'><strong>γὰρ</strong></span> <span class='ocrx_word' id='word_1_313' title='bbox 1668 2665 1801 2733; x_wconf 76' lang='grc' dir='ltr'><strong>ἐγὼ,</strong></span> 
     </span>
    </p>
   </div>
   <div class='ocr_carea' id='block_1_43' title="bbox 224 2754 1798 2839">
    <p class='ocr_par' dir='ltr' id='par_1_43' title="bbox 224 2754 1798 2839">
     <span class='ocr_line' id='line_1_43' title="bbox 224 2754 1798 2839; baseline -0.011 -16"><span class='ocrx_word' id='word_1_314' title='bbox 224 2768 382 2839; x_wconf 68' lang='grc' dir='ltr'><strong>λόγει</strong></span> <span class='ocrx_word' id='word_1_315' title='bbox 410 2766 652 2836; x_wconf 75' lang='grc' dir='ltr'><strong>Κύριος,</strong></span> <span class='ocrx_word' id='word_1_316' title='bbox 681 2754 865 2833; x_wconf 68' lang='grc' dir='ltr'><strong>ἀλλ’ἢ</strong></span> <span class='ocrx_word' id='word_1_317' title='bbox 898 2759 1025 2823; x_wconf 77' lang='grc' dir='ltr'><strong>τοὺς</strong></span> <span class='ocrx_word' id='word_1_318' title='bbox 1062 2757 1384 2823; x_wconf 77' lang='grc' dir='ltr'><strong>δοξάζοντὰς</strong></span> <span class='ocrx_word' id='word_1_319' title='bbox 1419 2773 1486 2826; x_wconf 87' lang='grc' dir='ltr'><strong>με</strong></span> <span class='ocrx_word' id='word_1_320' title='bbox 1512 2756 1751 2839; x_wconf 77' lang='grc' dir='ltr'><strong>δοξάσω.</strong></span> <span class='ocrx_word' id='word_1_321' title='bbox 1779 2773 1798 2805; x_wconf 69' lang='grc' dir='ltr'><strong>ι</strong></span> 
     </span>
    </p>
   </div>
   <div class='ocr_carea' id='block_1_44' title="bbox 224 2834 1803 2918">
    <p class='ocr_par' dir='ltr' id='par_1_44' title="bbox 224 2834 1803 2918">
     <span class='ocr_line' id='line_1_44' title="bbox 224 2834 1803 2918; baseline -0.011 -5"><span class='ocrx_word' id='word_1_322' title='bbox 224 2834 352 2914; x_wconf 68' lang='grc' dir='ltr'><strong>καῖ</strong></span> <span class='ocrx_word' id='word_1_323' title='bbox 372 2857 404 2910; x_wconf 93' lang='lat'><strong>6</strong></span> <span class='ocrx_word' id='word_1_324' title='bbox 442 2834 590 2918; x_wconf 75' lang='grc' dir='ltr'><strong>θείος</strong></span> <span class='ocrx_word' id='word_1_325' title='bbox 631 2849 990 2913; x_wconf 77' lang='grc' dir='ltr'><strong>’Δπόστολοςο</strong></span> <span class='ocrx_word' id='word_1_326' title='bbox 1037 2866 1056 2900; x_wconf 86' lang='grc' dir='ltr'><strong>ι</strong></span> <span class='ocrx_word' id='word_1_327' title='bbox 1107 2847 1273 2900; x_wconf 82' lang='grc' dir='ltr'><strong>Ὥστε</strong></span> <span class='ocrx_word' id='word_1_328' title='bbox 1310 2834 1573 2898; x_wconf 79' lang='grc' dir='ltr'><strong>οὐκέτι⁴εῑ</strong></span> <span class='ocrx_word' id='word_1_329' title='bbox 1593 2842 1803 2907; x_wconf 87' lang='grc' dir='ltr'><strong>δοῦλος,</strong></span> 
     </span>
    </p>
   </div>
   <div class='ocr_carea' id='block_1_45' title="bbox 224 2932 1806 3012">
    <p class='ocr_par' dir='ltr' id='par_1_45' title="bbox 224 2932 1806 3012">
     <span class='ocr_line' id='line_1_45' title="bbox 224 2932 1806 3012; baseline -0.015 -5"><span class='ocrx_word' id='word_1_330' title='bbox 224 2949 369 3008; x_wconf 74' lang='grc' dir='ltr'><strong>ἀλλὰ</strong></span> <span class='ocrx_word' id='word_1_331' title='bbox 406 2949 542 3012; x_wconf 85' lang='grc' dir='ltr'><strong>υίός.</strong></span> <span class='ocrx_word' id='word_1_332' title='bbox 600 2946 666 3001; x_wconf 83' lang='grc' dir='ltr'><strong>Εἰ</strong></span> <span class='ocrx_word' id='word_1_333' title='bbox 701 2944 760 2999; x_wconf 80' lang='grc' dir='ltr'><strong>δὲ</strong></span> <span class='ocrx_word' id='word_1_334' title='bbox 808 2942 968 3007; x_wconf 86' lang='grc' dir='ltr'><strong>υίὸς,</strong></span> <span class='ocrx_word' id='word_1_335' title='bbox 1008 2941 1104 2994; x_wconf 77' lang='grc' dir='ltr'><strong>καὶ</strong></span> <span class='ocrx_word' id='word_1_336' title='bbox 1150 2936 1486 3010; x_wconf 83' lang='grc' dir='ltr'><strong>κληρονόμος</strong></span> <span class='ocrx_word' id='word_1_337' title='bbox 1536 2933 1670 2988; x_wconf 87' lang='grc' dir='ltr'><strong>Θεοῦ</strong></span> <span class='ocrx_word' id='word_1_338' title='bbox 1716 2932 1806 2985; x_wconf 81' lang='grc' dir='ltr'><strong>διὰ</strong></span> 
     </span>
    </p>
   </div>
   <div class='ocr_carea' id='block_1_46' title="bbox 226 3023 1806 3114">
    <p class='ocr_par' dir='ltr' id='par_1_46' title="bbox 226 3023 1806 3114">
     <span class='ocr_line' id='line_1_46' title="bbox 226 3023 1806 3114; baseline -0.016 -15"><span class='ocrx_word' id='word_1_339' title='bbox 226 3040 495 3114; x_wconf 79' lang='grc' dir='ltr'><strong>Χριστοῦ.</strong></span> <span class='ocrx_word' id='word_1_340' title='bbox 542 3057 563 3091; x_wconf 67' lang='grc' dir='ltr'><strong>ι</strong></span> <span class='ocrx_word' id='word_1_341' title='bbox 602 3036 748 3092; x_wconf 75' lang='grc' dir='ltr'><strong>Καίο</strong></span> <span class='ocrx_word' id='word_1_342' title='bbox 797 3054 817 3088; x_wconf 77' lang='grc' dir='ltr'><strong>ι</strong></span> <span class='ocrx_word' id='word_1_343' title='bbox 866 3033 1042 3102; x_wconf 80' lang='grc' dir='ltr'><strong>Εῐπερ</strong></span> <span class='ocrx_word' id='word_1_344' title='bbox 1071 3029 1526 3099; x_wconf 63' lang='grc' dir='ltr'><strong>συμπάσχομεν,</strong></span> <span class='ocrx_word' id='word_1_345' title='bbox 1573 3026 1660 3078; x_wconf 71' lang='grc' dir='ltr'><strong>ἵνα</strong></span> <span class='ocrx_word' id='word_1_346' title='bbox 1709 3023 1806 3076; x_wconf 72' lang='grc' dir='ltr'><strong>καὶ</strong></span> 
     </span>
    </p>
   </div>
   <div class='ocr_carea' id='block_1_47' title="bbox 229 3114 1806 3200">
    <p class='ocr_par' dir='ltr' id='par_1_47' title="bbox 229 3114 1806 3200">
     <span class='ocr_line' id='line_1_47' title="bbox 229 3114 1806 3200; baseline -0.018 -7"><span class='ocrx_word' id='word_1_347' title='bbox 229 3129 709 3200; x_wconf 78' lang='grc' dir='ltr'><strong>συνδοξασθῶμεν.</strong></span> <span class='ocrx_word' id='word_1_348' title='bbox 751 3144 770 3178; x_wconf 75' lang='grc' dir='ltr'><strong>ι</strong></span> <span class='ocrx_word' id='word_1_349' title='bbox 803 3124 881 3181; x_wconf 83' lang='grc' dir='ltr'><strong>Οὐ</strong></span> <span class='ocrx_word' id='word_1_350' title='bbox 934 3124 1076 3178; x_wconf 63' lang='grc' dir='ltr'><strong>κατὰ</strong></span> <span class='ocrx_word' id='word_1_351' title='bbox 1127 3122 1235 3196; x_wconf 80' lang='grc' dir='ltr'><strong>τῷν</strong></span> <span class='ocrx_word' id='word_1_352' title='bbox 1281 3119 1507 3173; x_wconf 85' lang='grc' dir='ltr'><strong>εἰκόνων</strong></span> <span class='ocrx_word' id='word_1_353' title='bbox 1553 3118 1673 3189; x_wconf 75' lang='grc' dir='ltr'><strong>ἥρω</strong></span> <span class='ocrx_word' id='word_1_354' title='bbox 1716 3114 1806 3167; x_wconf 83' lang='grc' dir='ltr'><strong>τὸν</strong></span> 
     </span>
    </p>
   </div>
   <div class='ocr_carea' id='block_1_48' title="bbox 229 3208 1877 3317">
    <p class='ocr_par' dir='ltr' id='par_1_48' title="bbox 229 3208 1877 3317">
     <span class='ocr_line' id='line_1_48' title="bbox 229 3208 1877 3317; baseline -0.013 -38"><span class='ocrx_word' id='word_1_355' title='bbox 229 3225 496 3295; x_wconf 66' lang='grc' dir='ltr'><strong>πόλεμον,</strong></span> <span class='ocrx_word' id='word_1_356' title='bbox 520 3220 669 3278; x_wconf 80' lang='grc' dir='ltr'><strong>ἁλλὰ</strong></span> <span class='ocrx_word' id='word_1_357' title='bbox 692 3217 839 3273; x_wconf 89' lang='grc' dir='ltr'><strong>κατὰ</strong></span> <span class='ocrx_word' id='word_1_358' title='bbox 860 3216 970 3270; x_wconf 84' lang='grc' dir='ltr'><strong>τῶν</strong></span> <span class='ocrx_word' id='word_1_359' title='bbox 1012 3213 1204 3285; x_wconf 90' lang='grc' dir='ltr'><strong>ἁγίων.</strong></span> <span class='ocrx_word' id='word_1_360' title='bbox 1236 3212 1373 3281; x_wconf 77' lang='grc' dir='ltr'><strong>Φησὶ</strong></span> <span class='ocrx_word' id='word_1_361' title='bbox 1401 3210 1511 3279; x_wconf 82' lang='grc' dir='ltr'><strong>γὰρ</strong></span> <span class='ocrx_word' id='word_1_362' title='bbox 1552 3208 1807 3317; x_wconf 66' lang='grc' dir='ltr'><strong>Ἰωάννης</strong></span> <span class='ocrx_word' id='word_1_363' title='bbox 1834 3260 1877 3317; x_wconf 76' lang='lat' dir='ltr'><strong>C</strong></span> 
     </span>
    </p>
   </div>
   <div class='ocr_carea' id='block_1_49' title="bbox 230 3296 1806 3383">
    <p class='ocr_par' dir='ltr' id='par_1_49' title="bbox 230 3296 1806 3383">
     <span class='ocr_line' id='line_1_49' title="bbox 230 3296 1806 3383; baseline -0.018 -9"><span class='ocrx_word' id='word_1_364' title='bbox 230 3318 263 3375; x_wconf 76' lang='grc' dir='ltr'><strong>ὁ</strong></span> <span class='ocrx_word' id='word_1_365' title='bbox 295 3310 557 3383; x_wconf 80' lang='grc' dir='ltr'><strong>Θεολόγος</strong></span> <span class='ocrx_word' id='word_1_366' title='bbox 586 3310 684 3368; x_wconf 78' lang='grc' dir='ltr'><strong>καὶ</strong></span> <span class='ocrx_word' id='word_1_367' title='bbox 722 3307 1068 3378; x_wconf 78' lang='grc' dir='ltr'><strong>ὲπιστήθιος,</strong></span> <span class='ocrx_word' id='word_1_368' title='bbox 1112 3322 1131 3355; x_wconf 82' lang='grc' dir='ltr'><strong>ι</strong></span> <span class='ocrx_word' id='word_1_369' title='bbox 1160 3304 1241 3355; x_wconf 80' lang='grc' dir='ltr'><strong>ὅτι</strong></span> <span class='ocrx_word' id='word_1_370' title='bbox 1277 3303 1450 3371; x_wconf 73' lang='grc' dir='ltr'><strong>ὅμοιοι</strong></span> <span class='ocrx_word' id='word_1_371' title='bbox 1492 3297 1640 3367; x_wconf 80' lang='grc' dir='ltr'><strong>αὐτῷ</strong></span> <span class='ocrx_word' id='word_1_372' title='bbox 1682 3296 1806 3348; x_wconf 75' lang='grc' dir='ltr'><strong>ἐσό-</strong></span> 
     </span>
    </p>
   </div>
   <div class='ocr_carea' id='block_1_50' title="bbox 236 3390 1803 3482">
    <p class='ocr_par' dir='ltr' id='par_1_50' title="bbox 236 3390 1803 3482">
     <span class='ocr_line' id='line_1_50' title="bbox 236 3390 1803 3482; baseline -0.015 -18"><span class='ocrx_word' id='word_1_373' title='bbox 236 3410 403 3482; x_wconf 74' lang='grc' dir='ltr'><strong>μεθα.</strong></span> <span class='ocrx_word' id='word_1_374' title='bbox 434 3427 454 3461; x_wconf 75' lang='grc' dir='ltr'><strong>ι</strong></span> <span class='ocrx_word' id='word_1_375' title='bbox 491 3408 705 3476; x_wconf 80' lang='grc' dir='ltr'><strong>Ὠσπερ</strong></span> <span class='ocrx_word' id='word_1_376' title='bbox 734 3406 763 3456; x_wconf 90' lang='lat'><strong>6</strong></span> <span class='ocrx_word' id='word_1_377' title='bbox 785 3402 865 3473; x_wconf 82' lang='grc' dir='ltr'><strong>τῷ</strong></span> <span class='ocrx_word' id='word_1_378' title='bbox 895 3400 1029 3471; x_wconf 76' lang='grc' dir='ltr'><strong>πυρὶ</strong></span> <span class='ocrx_word' id='word_1_379' title='bbox 1058 3398 1369 3468; x_wconf 83' lang='grc' dir='ltr'><strong>ὲνούμενος,</strong></span> <span class='ocrx_word' id='word_1_380' title='bbox 1412 3394 1472 3446; x_wconf 75' lang='grc' dir='ltr'><strong>οὐ</strong></span> <span class='ocrx_word' id='word_1_381' title='bbox 1518 3396 1582 3461; x_wconf 83' lang='grc' dir='ltr'><strong>τῇ</strong></span> <span class='ocrx_word' id='word_1_382' title='bbox 1620 3390 1803 3459; x_wconf 61' lang='grc' dir='ltr'><strong>φύσει,</strong></span> 
     </span>
    </p>
   </div>
   <div class='ocr_carea' id='block_1_51' title="bbox 232 3482 1809 3571">
    <p class='ocr_par' dir='ltr' id='par_1_51' title="bbox 232 3482 1809 3571">
     <span class='ocr_line' id='line_1_51' title="bbox 232 3482 1809 3571; baseline -0.016 -14"><span class='ocrx_word' id='word_1_383' title='bbox 232 3499 376 3558; x_wconf 69' lang='grc' dir='ltr'><strong>ἀλλὰ</strong></span> <span class='ocrx_word' id='word_1_384' title='bbox 427 3501 494 3571; x_wconf 78' lang='grc' dir='ltr'><strong>τῇ</strong></span> <span class='ocrx_word' id='word_1_385' title='bbox 542 3496 760 3559; x_wconf 76' lang='grc' dir='ltr'><strong>ἐνώσει,</strong></span> <span class='ocrx_word' id='word_1_386' title='bbox 819 3492 918 3546; x_wconf 77' lang='grc' dir='ltr'><strong>καὶ</strong></span> <span class='ocrx_word' id='word_1_387' title='bbox 960 3490 1241 3561; x_wconf 79' lang='grc' dir='ltr'><strong>πυρώσει,</strong></span> <span class='ocrx_word' id='word_1_388' title='bbox 1289 3487 1381 3540; x_wconf 75' lang='grc' dir='ltr'><strong>καὶ</strong></span> <span class='ocrx_word' id='word_1_389' title='bbox 1431 3483 1645 3555; x_wconf 80' lang='grc' dir='ltr'><strong>μεθέξει</strong></span> <span class='ocrx_word' id='word_1_390' title='bbox 1696 3482 1809 3553; x_wconf 85' lang='grc' dir='ltr'><strong>πῦρ</strong></span> 
     </span>
    </p>
   </div>
   <div class='ocr_carea' id='block_1_52' title="bbox 134 3573 1809 3664">
    <p class='ocr_par' dir='ltr' id='par_1_52' title="bbox 134 3573 1809 3664">
     <span class='ocr_line' id='line_1_52' title="bbox 134 3573 1809 3664; baseline -0.017 -13"><span class='ocrx_word' id='word_1_391' title='bbox 134 3604 143 3610; x_wconf 83' lang='grc'><em>”</em></span> <span class='ocrx_word' id='word_1_392' title='bbox 235 3595 470 3664; x_wconf 87' lang='grc' dir='ltr'><strong>γίνεται,</strong></span> <span class='ocrx_word' id='word_1_393' title='bbox 506 3588 650 3643; x_wconf 79' lang='grc' dir='ltr'><strong>οὕτω</strong></span> <span class='ocrx_word' id='word_1_394' title='bbox 680 3587 777 3640; x_wconf 77' lang='grc' dir='ltr'><strong>καὶ</strong></span> <span class='ocrx_word' id='word_1_395' title='bbox 804 3585 904 3655; x_wconf 78' lang='grc' dir='ltr'><strong>τὴν</strong></span> <span class='ocrx_word' id='word_1_396' title='bbox 931 3583 1111 3654; x_wconf 82' lang='grc' dir='ltr'><strong>σάρκα</strong></span> <span class='ocrx_word' id='word_1_397' title='bbox 1139 3579 1282 3650; x_wconf 73' lang='grc' dir='ltr'><strong>φημὶ</strong></span> <span class='ocrx_word' id='word_1_398' title='bbox 1310 3576 1401 3630; x_wconf 88' lang='grc' dir='ltr'><strong>τοῦ</strong></span> <span class='ocrx_word' id='word_1_399' title='bbox 1436 3573 1809 3644; x_wconf 79' lang='grc' dir='ltr'><strong>σαρκωθέντος</strong></span> 
     </span>
    </p>
   </div>
   <div class='ocr_carea' id='block_1_53' title="bbox 235 3666 1812 3745">
    <p class='ocr_par' dir='ltr' id='par_1_53' title="bbox 235 3666 1812 3745">
     <span class='ocr_line' id='line_1_53' title="bbox 235 3666 1812 3745; baseline -0.018 -2"><span class='ocrx_word' id='word_1_400' title='bbox 235 3685 373 3743; x_wconf 83' lang='grc' dir='ltr'><strong>Υἰοῦ</strong></span> <span class='ocrx_word' id='word_1_401' title='bbox 418 3683 515 3739; x_wconf 83' lang='grc' dir='ltr'><strong>τοῦ</strong></span> <span class='ocrx_word' id='word_1_402' title='bbox 562 3682 720 3736; x_wconf 82' lang='grc' dir='ltr'><strong>Θεοῦ.</strong></span> <span class='ocrx_word' id='word_1_403' title='bbox 776 3676 991 3745; x_wconf 84' lang='grc' dir='ltr'><strong>Ἐκείνη</strong></span> <span class='ocrx_word' id='word_1_404' title='bbox 1037 3674 1182 3743; x_wconf 78' lang='grc' dir='ltr'><strong>γὰρ,</strong></span> <span class='ocrx_word' id='word_1_405' title='bbox 1228 3672 1295 3741; x_wconf 78' lang='grc' dir='ltr'><strong>τῇ</strong></span> <span class='ocrx_word' id='word_1_406' title='bbox 1350 3668 1474 3722; x_wconf 81' lang='grc' dir='ltr'><strong>καθ’</strong></span> <span class='ocrx_word' id='word_1_407' title='bbox 1514 3666 1812 3719; x_wconf 82' lang='grc' dir='ltr'><strong>ὑπόστασιν</strong></span> 
     </span>
    </p>
   </div>
   <div class='ocr_carea' id='block_1_54' title="bbox 242 3757 1815 3852">
    <p class='ocr_par' dir='ltr' id='par_1_54' title="bbox 242 3757 1815 3852">
     <span class='ocr_line' id='line_1_54' title="bbox 242 3757 1815 3852; baseline -0.017 -19"><span class='ocrx_word' id='word_1_408' title='bbox 242 3777 463 3852; x_wconf 76' lang='grc' dir='ltr'><strong>μεθέξει</strong></span> <span class='ocrx_word' id='word_1_409' title='bbox 499 3777 599 3846; x_wconf 79' lang='grc' dir='ltr'><strong>τῆς</strong></span> <span class='ocrx_word' id='word_1_410' title='bbox 631 3774 782 3835; x_wconf 83' lang='grc' dir='ltr'><strong>θείας</strong></span> <span class='ocrx_word' id='word_1_411' title='bbox 813 3770 1052 3839; x_wconf 79' lang='grc' dir='ltr'><strong>φύσεως,</strong></span> <span class='ocrx_word' id='word_1_412' title='bbox 1082 3763 1372 3835; x_wconf 81' lang='grc' dir='ltr'><strong>ἀτρέπτως</strong></span> <span class='ocrx_word' id='word_1_413' title='bbox 1404 3760 1535 3819; x_wconf 84' lang='grc' dir='ltr'><strong>Θεὸς</strong></span> <span class='ocrx_word' id='word_1_414' title='bbox 1564 3757 1815 3829; x_wconf 76' lang='grc' dir='ltr'><strong>ἐχρημά-</strong></span> 
     </span>
    </p>
   </div>
   <div class='ocr_carea' id='block_1_55' title="bbox 235 3849 1811 3936">
    <p class='ocr_par' dir='ltr' id='par_1_55' title="bbox 235 3849 1811 3936">
     <span class='ocr_line' id='line_1_55' title="bbox 235 3849 1811 3936; baseline -0.017 -9"><span class='ocrx_word' id='word_1_415' title='bbox 235 3849 391 3927; x_wconf 65' lang='grc' dir='ltr'><strong>τισεν</strong></span> <span class='ocrx_word' id='word_1_416' title='bbox 418 3885 433 3897; x_wconf 84' lang='grc'>⁶</span> <span class='ocrx_word' id='word_1_417' title='bbox 478 3870 580 3923; x_wconf 84' lang='grc' dir='ltr'><strong>οὐκ</strong></span> <span class='ocrx_word' id='word_1_418' title='bbox 624 3864 877 3936; x_wconf 71' lang='grc' dir='ltr'><strong>ἐνεργείᾳ</strong></span> <span class='ocrx_word' id='word_1_419' title='bbox 921 3856 1212 3929; x_wconf 82' lang='grc' dir='ltr'><strong>χρισθεῖσα</strong></span> <span class='ocrx_word' id='word_1_420' title='bbox 1256 3854 1393 3908; x_wconf 87' lang='grc' dir='ltr'><strong>Θεοῦ</strong></span> <span class='ocrx_word' id='word_1_421' title='bbox 1419 3894 1433 3920; x_wconf 89' lang='grc'><strong>,</strong></span> <span class='ocrx_word' id='word_1_422' title='bbox 1468 3852 1658 3923; x_wconf 83' lang='grc' dir='ltr'><strong>ὥσπερ</strong></span> <span class='ocrx_word' id='word_1_423' title='bbox 1700 3849 1811 3902; x_wconf 85' lang='grc' dir='ltr'><strong>τῶν</strong></span> 
     </span>
    </p>
   </div>
   <div class='ocr_carea' id='block_1_56' title="bbox 238 3944 1810 4037">
    <p class='ocr_par' dir='ltr' id='par_1_56' title="bbox 238 3944 1810 4037">
     <span class='ocr_line' id='line_1_56' title="bbox 238 3944 1810 4037; baseline -0.017 -17"><span class='ocrx_word' id='word_1_424' title='bbox 238 3961 541 4037; x_wconf 80' lang='grc' dir='ltr'><strong>προφητῶν</strong></span> <span class='ocrx_word' id='word_1_425' title='bbox 576 3960 830 4020; x_wconf 70' lang='grc' dir='ltr'><strong>ἕκαστος,</strong></span> <span class='ocrx_word' id='word_1_426' title='bbox 868 3950 1143 4023; x_wconf 79' lang='grc' dir='ltr'><strong>παρουσίᾳ</strong></span> <span class='ocrx_word' id='word_1_427' title='bbox 1167 3948 1227 4001; x_wconf 84' lang='grc' dir='ltr'><strong>δὲ</strong></span> <span class='ocrx_word' id='word_1_428' title='bbox 1259 3948 1385 4000; x_wconf 82' lang='grc' dir='ltr'><strong>ὅλον</strong></span> <span class='ocrx_word' id='word_1_429' title='bbox 1414 3944 1509 3998; x_wconf 85' lang='grc' dir='ltr'><strong>τοῦ</strong></span> <span class='ocrx_word' id='word_1_430' title='bbox 1541 3944 1810 4015; x_wconf 77' lang='grc' dir='ltr'><strong>χρίοντος.</strong></span> 
     </span>
    </p>
   </div>
   <div class='ocr_carea' id='block_1_57' title="bbox 240 4035 1813 4115">
    <p class='ocr_par' dir='ltr' id='par_1_57' title="bbox 240 4035 1813 4115">
     <span class='ocr_line' id='line_1_57' title="bbox 240 4035 1813 4115; baseline -0.018 -3"><span class='ocrx_word' id='word_1_431' title='bbox 240 4035 370 4113; x_wconf 76' lang='grc' dir='ltr'><strong>Ὀτι</strong></span> <span class='ocrx_word' id='word_1_432' title='bbox 396 4055 452 4108; x_wconf 74' lang='grc' dir='ltr'><strong>δὲ</strong></span> <span class='ocrx_word' id='word_1_433' title='bbox 484 4051 619 4115; x_wconf 87' lang='grc' dir='ltr'><strong>Θεὸς</strong></span> <span class='ocrx_word' id='word_1_434' title='bbox 635 4048 687 4113; x_wconf 74' lang='grc' dir='ltr'><strong>ἀ,</strong></span> <span class='ocrx_word' id='word_1_435' title='bbox 740 4048 835 4101; x_wconf 79' lang='grc' dir='ltr'><strong>καὶ</strong></span> <span class='ocrx_word' id='word_1_436' title='bbox 882 4045 995 4098; x_wconf 79' lang='grc' dir='ltr'><strong>θεοὶ</strong></span> <span class='ocrx_word' id='word_1_437' title='bbox 1024 4043 1073 4095; x_wconf 88' lang='grc' dir='ltr'><strong>οἰ</strong></span> <span class='ocrx_word' id='word_1_438' title='bbox 1124 4041 1293 4107; x_wconf 81' lang='grc' dir='ltr'><strong>ἁγιοι,</strong></span> <span class='ocrx_word' id='word_1_439' title='bbox 1333 4057 1350 4089; x_wconf 81' lang='grc' dir='ltr'><strong>ι</strong></span> <span class='ocrx_word' id='word_1_440' title='bbox 1386 4039 1414 4088; x_wconf 89' lang='lat'><strong>6</strong></span> <span class='ocrx_word' id='word_1_441' title='bbox 1444 4036 1595 4098; x_wconf 85' lang='grc' dir='ltr'><strong>Θεὸς,</strong></span> <span class='ocrx_word' id='word_1_442' title='bbox 1626 4035 1813 4105; x_wconf 62' lang='grc' dir='ltr'><strong>φησιν,</strong></span> 
     </span>
    </p>
   </div>
   <div class='ocr_carea' id='block_1_58' title="bbox 238 4126 1816 4220">
    <p class='ocr_par' dir='ltr' id='par_1_58' title="bbox 238 4126 1816 4220">
     <span class='ocr_line' id='line_1_58' title="bbox 238 4126 1816 4220; baseline -0.018 -14"><span class='ocrx_word' id='word_1_443' title='bbox 238 4150 375 4220; x_wconf 74' lang='grc' dir='ltr'><strong>ἔστη</strong></span> <span class='ocrx_word' id='word_1_444' title='bbox 405 4150 462 4200; x_wconf 80' lang='grc' dir='ltr'><strong>ἐν</strong></span> <span class='ocrx_word' id='word_1_445' title='bbox 495 4142 785 4211; x_wconf 74' lang='grc' dir='ltr'><strong>συναγωγῇ</strong></span> <span class='ocrx_word' id='word_1_446' title='bbox 817 4138 976 4191; x_wconf 77' lang='grc' dir='ltr'><strong>θεῶν.</strong></span> <span class='ocrx_word' id='word_1_447' title='bbox 1015 4155 1032 4185; x_wconf 72' lang='grc' dir='ltr'><strong>ι</strong></span> <span class='ocrx_word' id='word_1_448' title='bbox 1065 4134 1174 4185; x_wconf 73' lang='grc' dir='ltr'><strong>Καὶ</strong></span> <span class='ocrx_word' id='word_1_449' title='bbox 1212 4133 1292 4185; x_wconf 83' lang='grc' dir='ltr'><strong>ὅτι</strong></span> <span class='ocrx_word' id='word_1_450' title='bbox 1334 4130 1551 4182; x_wconf 82' lang='grc' dir='ltr'><strong>ἵσταται</strong></span> <span class='ocrx_word' id='word_1_451' title='bbox 1578 4126 1708 4190; x_wconf 85' lang='grc' dir='ltr'><strong>Θεὸς</strong></span> <span class='ocrx_word' id='word_1_452' title='bbox 1757 4129 1816 4179; x_wconf 82' lang='grc' dir='ltr'><strong>ὲν</strong></span> 
     </span>
    </p>
   </div>
   <div class='ocr_carea' id='block_1_59' title="bbox 242 4218 1815 4315">
    <p class='ocr_par' dir='ltr' id='par_1_59' title="bbox 242 4218 1815 4315">
     <span class='ocr_line' id='line_1_59' title="bbox 242 4218 1815 4315; baseline -0.018 -18"><span class='ocrx_word' id='word_1_453' title='bbox 242 4218 398 4315; x_wconf 63' lang='lat' dir='ltr'><strong>piam</strong></span> <span class='ocrx_word' id='word_1_454' title='bbox 432 4239 592 4304; x_wconf 78' lang='grc' dir='ltr'><strong>θεῶν,</strong></span> <span class='ocrx_word' id='word_1_455' title='bbox 615 4235 713 4298; x_wconf 75' lang='grc' dir='ltr'><strong>τὰς</strong></span> <span class='ocrx_word' id='word_1_456' title='bbox 735 4232 891 4299; x_wconf 78' lang='grc' dir='ltr'><strong>ἀξίας</strong></span> <span class='ocrx_word' id='word_1_457' title='bbox 916 4226 1162 4299; x_wconf 84' lang='grc' dir='ltr'><strong>διαιρῶν,</strong></span> <span class='ocrx_word' id='word_1_458' title='bbox 1191 4223 1265 4288; x_wconf 81' lang='grc' dir='ltr'><strong>ὡς</strong></span> <span class='ocrx_word' id='word_1_459' title='bbox 1293 4220 1611 4293; x_wconf 77' lang='grc' dir='ltr'><strong>ἑρμηνεύων</strong></span> <span class='ocrx_word' id='word_1_460' title='bbox 1651 4218 1815 4289; x_wconf 69' lang='grc' dir='ltr'><strong>φησὶν</strong></span> 
     </span>
    </p>
   </div>
   <div class='ocr_carea' id='block_1_60' title="bbox 236 4313 1818 4402">
    <p class='ocr_par' dir='ltr' id='par_1_60' title="bbox 236 4313 1818 4402">
     <span class='ocr_line' id='line_1_60' title="bbox 236 4313 1818 4402; baseline -0.017 -13"><span class='ocrx_word' id='word_1_461' title='bbox 236 4313 273 4391; x_wconf 76' lang='lat'><strong>6</strong></span> <span class='ocrx_word' id='word_1_462' title='bbox 302 4335 442 4397; x_wconf 76' lang='grc' dir='ltr'><strong>θεῖος</strong></span> <span class='ocrx_word' id='word_1_463' title='bbox 469 4330 789 4402; x_wconf 78' lang='grc' dir='ltr'><strong>Γρηγόριος.</strong></span> <span class='ocrx_word' id='word_1_464' title='bbox 821 4326 885 4377; x_wconf 84' lang='grc' dir='ltr'><strong>Οἱ</strong></span> <span class='ocrx_word' id='word_1_465' title='bbox 910 4322 1019 4391; x_wconf 76' lang='grc' dir='ltr'><strong>γὰρ</strong></span> <span class='ocrx_word' id='word_1_466' title='bbox 1064 4320 1210 4387; x_wconf 85' lang='grc' dir='ltr'><strong>ἆγιοι</strong></span> <span class='ocrx_word' id='word_1_467' title='bbox 1243 4316 1339 4370; x_wconf 74' lang='grc' dir='ltr'><strong>καὶ</strong></span> <span class='ocrx_word' id='word_1_468' title='bbox 1382 4315 1582 4379; x_wconf 78' lang='grc' dir='ltr'><strong>ζῶντες</strong></span> <span class='ocrx_word' id='word_1_469' title='bbox 1614 4313 1818 4381; x_wconf 83' lang='grc' dir='ltr'><strong>πεπλη-</strong></span> 
     </span>
    </p>
   </div>
   <div class='ocr_carea' id='block_1_61' title="bbox 242 4406 1809 4502">
    <p class='ocr_par' dir='ltr' id='par_1_61' title="bbox 242 4406 1809 4502">
     <span class='ocr_line' id='line_1_61' title="bbox 242 4406 1809 4502; baseline -0.016 -21"><span class='ocrx_word' id='word_1_470' title='bbox 242 4426 484 4502; x_wconf 78' lang='grc' dir='ltr'><strong>ρωμένοι</strong></span> <span class='ocrx_word' id='word_1_471' title='bbox 510 4420 652 4493; x_wconf 75' lang='grc' dir='ltr'><strong>ἦσαν</strong></span> <span class='ocrx_word' id='word_1_472' title='bbox 686 4418 828 4474; x_wconf 85' lang='grc' dir='ltr'><strong>Πνεύ</strong></span> <span class='ocrx_word' id='word_1_473' title='bbox 839 4432 1007 4488; x_wconf 86' lang='grc' dir='ltr'><strong>ματος</strong></span> <span class='ocrx_word' id='word_1_474' title='bbox 1031 4413 1212 4481; x_wconf 82' lang='grc' dir='ltr'><strong>ἁγίου,</strong></span> <span class='ocrx_word' id='word_1_475' title='bbox 1240 4410 1336 4464; x_wconf 78' lang='grc' dir='ltr'><strong>καὶ</strong></span> <span class='ocrx_word' id='word_1_476' title='bbox 1366 4406 1809 4475; x_wconf 76' lang='grc' dir='ltr'><strong>τελευτησάντων</strong></span> 
     </span>
    </p>
   </div>
   <div class='ocr_carea' id='block_1_62' title="bbox 239 4496 1813 4583">
    <p class='ocr_par' dir='ltr' id='par_1_62' title="bbox 239 4496 1813 4583">
     <span class='ocr_line' id='line_1_62' title="bbox 239 4496 1813 4583; baseline -0.022 -9"><span class='ocrx_word' id='word_1_477' title='bbox 239 4516 445 4579; x_wconf 77' lang='grc' dir='ltr'><strong>αὐτῶν,</strong></span> <span class='ocrx_word' id='word_1_478' title='bbox 478 4515 512 4583; x_wconf 80' lang='grc' dir='ltr'><strong>ἡ</strong></span> <span class='ocrx_word' id='word_1_479' title='bbox 541 4513 700 4583; x_wconf 78' lang='grc' dir='ltr'><strong>χᾷρις</strong></span> <span class='ocrx_word' id='word_1_480' title='bbox 738 4507 832 4561; x_wconf 87' lang='grc' dir='ltr'><strong>τοῦ</strong></span> <span class='ocrx_word' id='word_1_481' title='bbox 862 4505 1019 4573; x_wconf 82' lang='grc' dir='ltr'><strong>ἁγίου</strong></span> <span class='ocrx_word' id='word_1_482' title='bbox 1056 4501 1369 4569; x_wconf 83' lang='grc' dir='ltr'><strong>[Ινεύματος</strong></span> <span class='ocrx_word' id='word_1_483' title='bbox 1400 4496 1813 4571; x_wconf 72' lang='grc' dir='ltr'><strong>ἀνεκφοιτῄτως</strong></span> 
     </span>
    </p>
   </div>
   <div class='ocr_carea' id='block_1_63' title="bbox 1905 2011 3477 2093">
    <p class='ocr_par' dir='ltr' id='par_1_63' title="bbox 1905 2011 3477 2093">
     <span class='ocr_line' id='line_1_63' title="bbox 1905 2011 3477 2093; baseline -0.004 -25"><span class='ocrx_word' id='word_1_484' title='bbox 1905 2012 2097 2093; x_wconf 83' lang='lat' dir='ltr'><strong>matris</strong></span> <span class='ocrx_word' id='word_1_485' title='bbox 2142 2012 2267 2081; x_wconf 85' lang='lat' dir='ltr'><strong>ejus</strong></span> <span class='ocrx_word' id='word_1_486' title='bbox 2305 2013 2553 2083; x_wconf 63' lang='lat' dir='ltr'><strong>Deiparae</strong></span> <span class='ocrx_word' id='word_1_487' title='bbox 2600 2013 2895 2084; x_wconf 80' lang='lat' dir='ltr'><strong>imaginem</strong></span> <span class='ocrx_word' id='word_1_488' title='bbox 2942 2011 3236 2067; x_wconf 77' lang='lat' dir='ltr'><strong>coniicere.</strong></span> <span class='ocrx_word' id='word_1_489' title='bbox 3283 2011 3327 2066; x_wconf 87' lang='grc' dir='ltr'>Ο</span> <span class='ocrx_word' id='word_1_490' title='bbox 3360 2028 3477 2065; x_wconf 85' lang='lat' dir='ltr'><strong>rem</strong></span> 
     </span>
    </p>
   </div>
   <div class='ocr_carea' id='block_1_64' title="bbox 1904 2102 3480 2174">
    <p class='ocr_par' dir='ltr' id='par_1_64' title="bbox 1904 2102 3480 2174">
     <span class='ocr_line' id='line_1_64' title="bbox 1904 2102 3480 2174; baseline -0.003 -16"><span class='ocrx_word' id='word_1_491' title='bbox 1904 2102 2238 2158; x_wconf 83' lang='lat' dir='ltr'><strong>absurdam!</strong></span> <span class='ocrx_word' id='word_1_492' title='bbox 2297 2105 2375 2159; x_wconf 85' lang='lat' dir='ltr'><strong>Te</strong></span> <span class='ocrx_word' id='word_1_493' title='bbox 2428 2104 2545 2173; x_wconf 88' lang='lat' dir='ltr'><strong>ipse</strong></span> <span class='ocrx_word' id='word_1_494' title='bbox 2614 2119 2748 2174; x_wconf 88' lang='lat' dir='ltr'><strong>ergo</strong></span> <span class='ocrx_word' id='word_1_495' title='bbox 2815 2111 3134 2157; x_wconf 85' lang='lat' dir='ltr'><strong>sanctorum</strong></span> <span class='ocrx_word' id='word_1_496' title='bbox 3192 2102 3480 2156; x_wconf 89' lang='lat' dir='ltr'><strong>inimicum</strong></span> 
     </span>
    </p>
   </div>
   <div class='ocr_carea' id='block_1_65' title="bbox 1904 2192 3480 2263">
    <p class='ocr_par' dir='ltr' id='par_1_65' title="bbox 1904 2192 3480 2263">
     <span class='ocr_line' id='line_1_65' title="bbox 1904 2192 3480 2263; baseline -0.001 -16"><span class='ocrx_word' id='word_1_497' title='bbox 1904 2194 2201 2263; x_wconf 77' lang='lat' dir='ltr'><strong>proﬁteris.</strong></span> <span class='ocrx_word' id='word_1_498' title='bbox 2226 2193 2361 2247; x_wconf 82' lang='lat' dir='ltr'><strong>Nam</strong></span> <span class='ocrx_word' id='word_1_499' title='bbox 2394 2195 2438 2248; x_wconf 92' lang='lat' dir='ltr'><strong>si</strong></span> <span class='ocrx_word' id='word_1_500' title='bbox 2463 2192 2668 2263; x_wconf 80' lang='lat' dir='ltr'><strong>Christi</strong></span> <span class='ocrx_word' id='word_1_501' title='bbox 2694 2194 2914 2263; x_wconf 90' lang='lat' dir='ltr'><strong>quidem</strong></span> <span class='ocrx_word' id='word_1_502' title='bbox 2953 2193 3249 2261; x_wconf 76' lang='lat' dir='ltr'><strong>imaginem</strong></span> <span class='ocrx_word' id='word_1_503' title='bbox 3276 2192 3480 2261; x_wconf 86' lang='lat' dir='ltr'><strong>pingis,</strong></span> 
     </span>
    </p>
   </div>
   <div class='ocr_carea' id='block_1_66' title="bbox 1905 2283 3485 2355">
    <p class='ocr_par' dir='ltr' id='par_1_66' title="bbox 1905 2283 3485 2355">
     <span class='ocr_line' id='line_1_66' title="bbox 1905 2283 3485 2355; baseline -0.001 -16"><span class='ocrx_word' id='word_1_504' title='bbox 1905 2299 2253 2355; x_wconf 85' lang='lat' dir='ltr'><strong>nequaquam</strong></span> <span class='ocrx_word' id='word_1_505' title='bbox 2286 2300 2418 2341; x_wconf 86' lang='lat' dir='ltr'><strong>vero</strong></span> <span class='ocrx_word' id='word_1_506' title='bbox 2455 2294 2799 2352; x_wconf 88' lang='lat' dir='ltr'><strong>sanctorum,</strong></span> <span class='ocrx_word' id='word_1_507' title='bbox 2844 2286 3005 2354; x_wconf 89' lang='lat' dir='ltr'><strong>plane</strong></span> <span class='ocrx_word' id='word_1_508' title='bbox 3050 2299 3159 2337; x_wconf 90' lang='lat' dir='ltr'><strong>non</strong></span> <span class='ocrx_word' id='word_1_509' title='bbox 3219 2283 3485 2351; x_wconf 76' lang='lat' dir='ltr'><strong>imagines</strong></span> 
     </span>
    </p>
   </div>
   <div class='ocr_carea' id='block_1_67' title="bbox 1907 2372 3487 2448">
    <p class='ocr_par' dir='ltr' id='par_1_67' title="bbox 1907 2372 3487 2448">
     <span class='ocr_line' id='line_1_67' title="bbox 1907 2372 3487 2448; baseline -0.004 -17"><span class='ocrx_word' id='word_1_510' title='bbox 1907 2392 2137 2448; x_wconf 89' lang='lat' dir='ltr'><strong>prorsus</strong></span> <span class='ocrx_word' id='word_1_511' title='bbox 2158 2372 2442 2447; x_wconf 89' lang='lat' dir='ltr'><strong>prohibes,</strong></span> <span class='ocrx_word' id='word_1_512' title='bbox 2473 2376 2567 2431; x_wconf 91' lang='lat' dir='ltr'><strong>sed</strong></span> <span class='ocrx_word' id='word_1_513' title='bbox 2601 2376 2811 2431; x_wconf 89' lang='lat' dir='ltr'><strong>sanctis</strong></span> <span class='ocrx_word' id='word_1_514' title='bbox 2842 2375 3025 2444; x_wconf 87' lang='lat' dir='ltr'><strong>potius</strong></span> <span class='ocrx_word' id='word_1_515' title='bbox 3054 2390 3216 2428; x_wconf 89' lang='lat' dir='ltr'><strong>suum</strong></span> <span class='ocrx_word' id='word_1_516' title='bbox 3248 2373 3487 2443; x_wconf 81' lang='lat' dir='ltr'><strong>denegas</strong></span> 
     </span>
    </p>
   </div>
   <div class='ocr_carea' id='block_1_68' title="bbox 1908 2467 3484 2539">
    <p class='ocr_par' dir='ltr' id='par_1_68' title="bbox 1908 2467 3484 2539">
     <span class='ocr_line' id='line_1_68' title="bbox 1908 2467 3484 2539; baseline -0.004 -14"><span class='ocrx_word' id='word_1_517' title='bbox 1908 2471 2195 2526; x_wconf 89' lang='lat' dir='ltr'><strong>honorem.</strong></span> <span class='ocrx_word' id='word_1_518' title='bbox 2233 2470 2442 2527; x_wconf 86' lang='lat' dir='ltr'><strong>Christi</strong></span> <span class='ocrx_word' id='word_1_519' title='bbox 2483 2469 2797 2539; x_wconf 86' lang='lat' dir='ltr'><strong>siquidem,</strong></span> <span class='ocrx_word' id='word_1_520' title='bbox 2848 2468 2975 2537; x_wconf 91' lang='lat' dir='ltr'><strong>quia</strong></span> <span class='ocrx_word' id='word_1_521' title='bbox 3027 2467 3199 2537; x_wconf 79' lang='lat' dir='ltr'><strong>gloria</strong></span> <span class='ocrx_word' id='word_1_522' title='bbox 3252 2474 3484 2519; x_wconf 89' lang='lat' dir='ltr'><strong>ornatus</strong></span> 
     </span>
    </p>
   </div>
   <div class='ocr_carea' id='block_1_69' title="bbox 1904 2556 3482 2634">
    <p class='ocr_par' dir='ltr' id='par_1_69' title="bbox 1904 2556 3482 2634">
     <span class='ocr_line' id='line_1_69' title="bbox 1904 2556 3482 2634; baseline -0.008 -15"><span class='ocrx_word' id='word_1_523' title='bbox 1904 2574 2005 2628; x_wconf 86' lang='lat' dir='ltr'><strong>est,</strong></span> <span class='ocrx_word' id='word_1_524' title='bbox 2042 2566 2315 2634; x_wconf 79' lang='lat' dir='ltr'><strong>imagines</strong></span> <span class='ocrx_word' id='word_1_525' title='bbox 2342 2562 2459 2615; x_wconf 82' lang='lat' dir='ltr'><strong>ﬁeri</strong></span> <span class='ocrx_word' id='word_1_526' title='bbox 2488 2560 2785 2624; x_wconf 87' lang='lat' dir='ltr'><strong>concedis;</strong></span> <span class='ocrx_word' id='word_1_527' title='bbox 2827 2568 3148 2613; x_wconf 87' lang='lat' dir='ltr'><strong>sanctorum</strong></span> <span class='ocrx_word' id='word_1_528' title='bbox 3178 2570 3308 2610; x_wconf 78' lang='lat' dir='ltr'><strong>vero</strong></span> <span class='ocrx_word' id='word_1_529' title='bbox 3326 2556 3482 2623; x_wconf 86' lang='lat' dir='ltr'><strong>quasi</strong></span> 
     </span>
    </p>
   </div>
   <div class='ocr_carea' id='block_1_70' title="bbox 1903 2649 3486 2723">
    <p class='ocr_par' dir='ltr' id='par_1_70' title="bbox 1903 2649 3486 2723">
     <span class='ocr_line' id='line_1_70' title="bbox 1903 2649 3486 2723; baseline -0.008 -13"><span class='ocrx_word' id='word_1_530' title='bbox 1903 2655 2066 2711; x_wconf 89' lang='lat' dir='ltr'><strong>alieni</strong></span> <span class='ocrx_word' id='word_1_531' title='bbox 2098 2655 2259 2709; x_wconf 87' lang='lat' dir='ltr'><strong>sinta</strong></span> <span class='ocrx_word' id='word_1_532' title='bbox 2284 2653 2476 2723; x_wconf 89' lang='lat' dir='ltr'><strong>gloria,</strong></span> <span class='ocrx_word' id='word_1_533' title='bbox 2516 2651 2751 2721; x_wconf 80' lang='lat' dir='ltr'><strong>efﬁgiem</strong></span> <span class='ocrx_word' id='word_1_534' title='bbox 2782 2651 3019 2719; x_wconf 89' lang='lat' dir='ltr'><strong>respuis,</strong></span> <span class='ocrx_word' id='word_1_535' title='bbox 3060 2649 3486 2713; x_wconf 77' lang='lat' dir='ltr'><strong>mendacemque</strong></span> 
     </span>
    </p>
   </div>
   <div class='ocr_carea' id='block_1_71' title="bbox 1906 2736 3485 2808">
    <p class='ocr_par' dir='ltr' id='par_1_71' title="bbox 1906 2736 3485 2808">
     <span class='ocr_line' id='line_1_71' title="bbox 1906 2736 3485 2808; baseline -0.006 -9"><span class='ocrx_word' id='word_1_536' title='bbox 1906 2746 2206 2803; x_wconf 83' lang='lat' dir='ltr'><strong>Veritatem</strong></span> <span class='ocrx_word' id='word_1_537' title='bbox 2241 2745 2511 2808; x_wconf 84' lang='lat' dir='ltr'><strong>declaras,</strong></span> <span class='ocrx_word' id='word_1_538' title='bbox 2552 2744 2644 2797; x_wconf 87' lang='lat' dir='ltr'><strong>ubi</strong></span> <span class='ocrx_word' id='word_1_539' title='bbox 2672 2742 2750 2794; x_wconf 93' lang='lat' dir='ltr'><strong>ait</strong></span> <span class='ocrx_word' id='word_1_540' title='bbox 2782 2759 2796 2793; x_wconf 86' lang='lat'><strong>:</strong></span> <span class='ocrx_word' id='word_1_541' title='bbox 2836 2760 2853 2791; x_wconf 80' lang='grc' dir='ltr'><strong>ι</strong></span> <span class='ocrx_word' id='word_1_542' title='bbox 2890 2738 3027 2792; x_wconf 82' lang='lat' dir='ltr'><strong>Vivo</strong></span> <span class='ocrx_word' id='word_1_543' title='bbox 3051 2752 3173 2805; x_wconf 92' lang='lat' dir='ltr'><strong>ego,</strong></span> <span class='ocrx_word' id='word_1_544' title='bbox 3211 2737 3345 2790; x_wconf 89' lang='lat' dir='ltr'><strong>dicit</strong></span> <span class='ocrx_word' id='word_1_545' title='bbox 3386 2736 3485 2789; x_wconf 86' lang='lat' dir='ltr'><strong>Du-</strong></span> 
     </span>
    </p>
   </div>
   <div class='ocr_carea' id='block_1_72' title="bbox 1908 2825 3487 2904">
    <p class='ocr_par' dir='ltr' id='par_1_72' title="bbox 1908 2825 3487 2904">
     <span class='ocr_line' id='line_1_72' title="bbox 1908 2825 3487 2904; baseline -0.008 -13"><span class='ocrx_word' id='word_1_546' title='bbox 1908 2835 2124 2898; x_wconf 88' lang='lat' dir='ltr'><strong>minus,</strong></span> <span class='ocrx_word' id='word_1_547' title='bbox 2157 2834 2262 2891; x_wconf 90' lang='lat' dir='ltr'><strong>nisi</strong></span> <span class='ocrx_word' id='word_1_548' title='bbox 2292 2834 2667 2904; x_wconf 89' lang='lat' dir='ltr'><strong>glorilieantes</strong></span> <span class='ocrx_word' id='word_1_549' title='bbox 2711 2843 2796 2884; x_wconf 86' lang='lat' dir='ltr'><strong>me</strong></span> <span class='ocrx_word' id='word_1_550' title='bbox 2823 2828 3113 2900; x_wconf 79' lang='lat' dir='ltr'><strong>gloriliccm</strong></span> <span class='ocrx_word' id='word_1_551' title='bbox 3139 2827 3205 2880; x_wconf 84' lang='lat'><strong>&quot;.</strong></span> <span class='ocrx_word' id='word_1_552' title='bbox 3243 2844 3261 2877; x_wconf 74' lang='grc' dir='ltr'><strong>ι</strong></span> <span class='ocrx_word' id='word_1_553' title='bbox 3313 2825 3376 2879; x_wconf 83' lang='grc' dir='ltr'><strong>Ει</strong></span> <span class='ocrx_word' id='word_1_554' title='bbox 3402 2825 3487 2879; x_wconf 84' lang='lat' dir='ltr'><strong>di-</strong></span> 
     </span>
    </p>
   </div>
   <div class='ocr_carea' id='block_1_73' title="bbox 1906 2918 3486 2995">
    <p class='ocr_par' dir='ltr' id='par_1_73' title="bbox 1906 2918 3486 2995">
     <span class='ocr_line' id='line_1_73' title="bbox 1906 2918 3486 2995; baseline -0.008 -13"><span class='ocrx_word' id='word_1_555' title='bbox 1906 2928 2069 2982; x_wconf 82' lang='lat' dir='ltr'><strong>vinus</strong></span> <span class='ocrx_word' id='word_1_556' title='bbox 2102 2927 2397 2995; x_wconf 80' lang='lat' dir='ltr'><strong>Apostolus</strong></span> <span class='ocrx_word' id='word_1_557' title='bbox 2442 2941 2455 2978; x_wconf 92' lang='lat'><strong>:</strong></span> <span class='ocrx_word' id='word_1_558' title='bbox 2491 2943 2509 2974; x_wconf 81' lang='grc' dir='ltr'><strong>ι</strong></span> <span class='ocrx_word' id='word_1_559' title='bbox 2548 2924 2735 2993; x_wconf 87' lang='lat' dir='ltr'><strong>Itaque</strong></span> <span class='ocrx_word' id='word_1_560' title='bbox 2761 2922 2873 2992; x_wconf 84' lang='lat' dir='ltr'><strong>jam</strong></span> <span class='ocrx_word' id='word_1_561' title='bbox 2913 2935 3019 2974; x_wconf 88' lang='lat' dir='ltr'><strong>non</strong></span> <span class='ocrx_word' id='word_1_562' title='bbox 3047 2934 3106 2973; x_wconf 88' lang='lat' dir='ltr'><strong>es</strong></span> <span class='ocrx_word' id='word_1_563' title='bbox 3145 2932 3357 2980; x_wconf 82' lang='lat' dir='ltr'><strong>servus,</strong></span> <span class='ocrx_word' id='word_1_564' title='bbox 3392 2918 3486 2971; x_wconf 88' lang='lat' dir='ltr'><strong>sed</strong></span> 
     </span>
    </p>
   </div>
   <div class='ocr_carea' id='block_1_74' title="bbox 1908 3009 3481 3081">
    <p class='ocr_par' dir='ltr' id='par_1_74' title="bbox 1908 3009 3481 3081">
     <span class='ocr_line' id='line_1_74' title="bbox 1908 3009 3481 3081; baseline -0.008 -8"><span class='ocrx_word' id='word_1_565' title='bbox 1908 3019 2074 3075; x_wconf 81' lang='lat' dir='ltr'><strong>ﬁlius.</strong></span> <span class='ocrx_word' id='word_1_566' title='bbox 2094 3018 2151 3072; x_wconf 90' lang='lat' dir='ltr'><strong>Si</strong></span> <span class='ocrx_word' id='word_1_567' title='bbox 2187 3025 2369 3073; x_wconf 86' lang='lat' dir='ltr'><strong>autem</strong></span> <span class='ocrx_word' id='word_1_568' title='bbox 2395 3016 2629 3081; x_wconf 81' lang='lat' dir='ltr'><strong>ﬁlius,ct</strong></span> <span class='ocrx_word' id='word_1_569' title='bbox 2646 3016 2821 3069; x_wconf 64' lang='lat' dir='ltr'><strong>haeres</strong></span> <span class='ocrx_word' id='word_1_570' title='bbox 2844 3011 2936 3067; x_wconf 88' lang='lat' dir='ltr'><strong>Dei</strong></span> <span class='ocrx_word' id='word_1_571' title='bbox 2961 3026 3055 3080; x_wconf 87' lang='lat' dir='ltr'><strong>per</strong></span> <span class='ocrx_word' id='word_1_572' title='bbox 3070 3009 3348 3064; x_wconf 89' lang='lat' dir='ltr'><strong>Christum</strong></span> <span class='ocrx_word' id='word_1_573' title='bbox 3372 3009 3440 3061; x_wconf 85' lang='lat'><strong>&quot;.</strong></span> <span class='ocrx_word' id='word_1_574' title='bbox 3464 3027 3481 3058; x_wconf 74' lang='grc' dir='ltr'><strong>ι</strong></span> 
     </span>
    </p>
   </div>
   <div class='ocr_carea' id='block_1_75' title="bbox 1911 3102 3478 3179">
    <p class='ocr_par' dir='ltr' id='par_1_75' title="bbox 1911 3102 3478 3179">
     <span class='ocr_line' id='line_1_75' title="bbox 1911 3102 3478 3179; baseline -0.009 -15"><span class='ocrx_word' id='word_1_575' title='bbox 1911 3110 1975 3164; x_wconf 83' lang='lat' dir='ltr'><strong>Et</strong></span> <span class='ocrx_word' id='word_1_576' title='bbox 2008 3131 2020 3165; x_wconf 91' lang='lat'>:</span> <span class='ocrx_word' id='word_1_577' title='bbox 2060 3129 2079 3162; x_wconf 81' lang='grc' dir='ltr'><strong>ι</strong></span> <span class='ocrx_word' id='word_1_578' title='bbox 2118 3110 2177 3164; x_wconf 89' lang='lat' dir='ltr'><strong>Si</strong></span> <span class='ocrx_word' id='word_1_579' title='bbox 2207 3109 2601 3179; x_wconf 87' lang='lat' dir='ltr'><strong>compatimur,</strong></span> <span class='ocrx_word' id='word_1_580' title='bbox 2648 3116 2707 3161; x_wconf 92' lang='lat' dir='ltr'><strong>ut</strong></span> <span class='ocrx_word' id='word_1_581' title='bbox 2756 3113 2809 3160; x_wconf 94' lang='lat' dir='ltr'><strong>ct</strong></span> <span class='ocrx_word' id='word_1_582' title='bbox 2860 3102 3423 3173; x_wconf 78' lang='lat' dir='ltr'><strong>conglorilicemur“.</strong></span> <span class='ocrx_word' id='word_1_583' title='bbox 3462 3119 3478 3149; x_wconf 80' lang='grc' dir='ltr'><strong>ι</strong></span> 
     </span>
    </p>
   </div>
   <div class='ocr_carea' id='block_1_76' title="bbox 1909 3193 3487 3270">
    <p class='ocr_par' dir='ltr' id='par_1_76' title="bbox 1909 3193 3487 3270">
     <span class='ocr_line' id='line_1_76' title="bbox 1909 3193 3487 3270; baseline -0.007 -15"><span class='ocrx_word' id='word_1_584' title='bbox 1909 3201 2026 3256; x_wconf 87' lang='lat' dir='ltr'><strong>Non</strong></span> <span class='ocrx_word' id='word_1_585' title='bbox 2047 3201 2312 3256; x_wconf 87' lang='lat' dir='ltr'><strong>adversus</strong></span> <span class='ocrx_word' id='word_1_586' title='bbox 2334 3202 2624 3270; x_wconf 83' lang='lat' dir='ltr'><strong>imagines,</strong></span> <span class='ocrx_word' id='word_1_587' title='bbox 2644 3198 2741 3252; x_wconf 89' lang='lat' dir='ltr'><strong>sed</strong></span> <span class='ocrx_word' id='word_1_588' title='bbox 2761 3197 3025 3251; x_wconf 71' lang='lat' dir='ltr'><strong>adi-crstis</strong></span> <span class='ocrx_word' id='word_1_589' title='bbox 3042 3204 3262 3249; x_wconf 84' lang='lat' dir='ltr'><strong>sanctos</strong></span> <span class='ocrx_word' id='word_1_590' title='bbox 3286 3193 3487 3247; x_wconf 88' lang='lat' dir='ltr'><strong>bellum</strong></span> 
     </span>
    </p>
   </div>
   <div class='ocr_carea' id='block_1_77' title="bbox 1911 3285 3487 3356">
    <p class='ocr_par' dir='ltr' id='par_1_77' title="bbox 1911 3285 3487 3356">
     <span class='ocr_line' id='line_1_77' title="bbox 1911 3285 3487 3356; baseline -0.008 -9"><span class='ocrx_word' id='word_1_591' title='bbox 1911 3286 2118 3347; x_wconf 86' lang='lat' dir='ltr'><strong>moves.</strong></span> <span class='ocrx_word' id='word_1_592' title='bbox 2146 3293 2237 3345; x_wconf 81' lang='lat' dir='ltr'><strong>Ait</strong></span> <span class='ocrx_word' id='word_1_593' title='bbox 2256 3293 2401 3346; x_wconf 85' lang='lat' dir='ltr'><strong>enim</strong></span> <span class='ocrx_word' id='word_1_594' title='bbox 2427 3290 2667 3344; x_wconf 81' lang='lat' dir='ltr'><strong>Joannes</strong></span> <span class='ocrx_word' id='word_1_595' title='bbox 2684 3289 3022 3356; x_wconf 83' lang='lat' dir='ltr'><strong>Theologus,</strong></span> <span class='ocrx_word' id='word_1_596' title='bbox 3043 3285 3134 3354; x_wconf 90' lang='lat' dir='ltr'><strong>qui</strong></span> <span class='ocrx_word' id='word_1_597' title='bbox 3176 3298 3341 3352; x_wconf 86' lang='lat' dir='ltr'><strong>supra</strong></span> <span class='ocrx_word' id='word_1_598' title='bbox 3364 3297 3487 3351; x_wconf 81' lang='lat' dir='ltr'><strong>pec-</strong></span> 
     </span>
    </p>
   </div>
   <div class='ocr_carea' id='block_1_78' title="bbox 1912 3373 3481 3450">
    <p class='ocr_par' dir='ltr' id='par_1_78' title="bbox 1912 3373 3481 3450">
     <span class='ocr_line' id='line_1_78' title="bbox 1912 3373 3481 3450; baseline -0.01 -12"><span class='ocrx_word' id='word_1_599' title='bbox 1912 3393 2002 3438; x_wconf 83' lang='lat' dir='ltr'><strong>tus</strong></span> <span class='ocrx_word' id='word_1_600' title='bbox 2026 3383 2239 3437; x_wconf 87' lang='lat' dir='ltr'><strong>Domini</strong></span> <span class='ocrx_word' id='word_1_601' title='bbox 2264 3384 2552 3445; x_wconf 82' lang='lat' dir='ltr'><strong>recubuit,</strong></span> <span class='ocrx_word' id='word_1_602' title='bbox 2584 3400 2613 3443; x_wconf 75' lang='grc' dir='ltr'><strong>ι⁸</strong></span> <span class='ocrx_word' id='word_1_603' title='bbox 2638 3382 2781 3450; x_wconf 84' lang='lat' dir='ltr'><strong>quod</strong></span> <span class='ocrx_word' id='word_1_604' title='bbox 2817 3380 3028 3432; x_wconf 80' lang='lat' dir='ltr'><strong>similes</strong></span> <span class='ocrx_word' id='word_1_605' title='bbox 3045 3378 3092 3431; x_wconf 86' lang='lat' dir='ltr'><strong>ei</strong></span> <span class='ocrx_word' id='word_1_606' title='bbox 3124 3377 3333 3431; x_wconf 82' lang='lat' dir='ltr'><strong>erimus</strong></span> <span class='ocrx_word' id='word_1_607' title='bbox 3355 3373 3421 3425; x_wconf 81' lang='lat'><strong>“.</strong></span> <span class='ocrx_word' id='word_1_608' title='bbox 3463 3396 3481 3423; x_wconf 75' lang='grc' dir='ltr'><strong>ι</strong></span> 
     </span>
    </p>
   </div>
   <div class='ocr_carea' id='block_1_79' title="bbox 1912 3464 3485 3544">
    <p class='ocr_par' dir='ltr' id='par_1_79' title="bbox 1912 3464 3485 3544">
     <span class='ocr_line' id='line_1_79' title="bbox 1912 3464 3485 3544; baseline -0.01 -14"><span class='ocrx_word' id='word_1_609' title='bbox 1912 3473 2069 3530; x_wconf 90' lang='lat' dir='ltr'><strong>Sicut</strong></span> <span class='ocrx_word' id='word_1_610' title='bbox 2094 3476 2240 3530; x_wconf 84' lang='lat' dir='ltr'><strong>enim</strong></span> <span class='ocrx_word' id='word_1_611' title='bbox 2273 3475 2325 3529; x_wconf 89' lang='lat' dir='ltr'><strong>id</strong></span> <span class='ocrx_word' id='word_1_612' title='bbox 2356 3473 2503 3544; x_wconf 83' lang='lat' dir='ltr'><strong>quod</strong></span> <span class='ocrx_word' id='word_1_613' title='bbox 2547 3473 2658 3542; x_wconf 86' lang='lat' dir='ltr'><strong>igni</strong></span> <span class='ocrx_word' id='word_1_614' title='bbox 2686 3472 2960 3541; x_wconf 81' lang='lat' dir='ltr'><strong>jungitur,</strong></span> <span class='ocrx_word' id='word_1_615' title='bbox 2994 3484 3102 3522; x_wconf 91' lang='lat' dir='ltr'><strong>non</strong></span> <span class='ocrx_word' id='word_1_616' title='bbox 3140 3474 3360 3528; x_wconf 84' lang='lat' dir='ltr'><strong>natura,</strong></span> <span class='ocrx_word' id='word_1_617' title='bbox 3390 3464 3485 3517; x_wconf 77' lang='lat' dir='ltr'><strong>sed</strong></span> 
     </span>
    </p>
   </div>
   <div class='ocr_carea' id='block_1_80' title="bbox 1911 3556 3487 3636">
    <p class='ocr_par' dir='ltr' id='par_1_80' title="bbox 1911 3556 3487 3636">
     <span class='ocr_line' id='line_1_80' title="bbox 1911 3556 3487 3636; baseline -0.01 -12"><span class='ocrx_word' id='word_1_618' title='bbox 1911 3569 2324 3636; x_wconf 86' lang='lat' dir='ltr'><strong>conjunctione,</strong></span> <span class='ocrx_word' id='word_1_619' title='bbox 2349 3576 2406 3621; x_wconf 89' lang='lat' dir='ltr'><strong>et</strong></span> <span class='ocrx_word' id='word_1_620' title='bbox 2434 3568 2746 3628; x_wconf 82' lang='lat' dir='ltr'><strong>exustione,</strong></span> <span class='ocrx_word' id='word_1_621' title='bbox 2791 3572 2846 3618; x_wconf 92' lang='lat' dir='ltr'><strong>et</strong></span> <span class='ocrx_word' id='word_1_622' title='bbox 2890 3560 3393 3615; x_wconf 84' lang='lat' dir='ltr'><strong>communicatione</strong></span> <span class='ocrx_word' id='word_1_623' title='bbox 3429 3556 3487 3609; x_wconf 83' lang='lat' dir='ltr'><strong>ﬁt</strong></span> 
     </span>
    </p>
   </div>
   <div class='ocr_carea' id='block_1_81' title="bbox 1914 3649 3486 3735">
    <p class='ocr_par' dir='ltr' id='par_1_81' title="bbox 1914 3649 3486 3735">
     <span class='ocr_line' id='line_1_81' title="bbox 1914 3649 3486 3735; baseline -0.011 -16"><span class='ocrx_word' id='word_1_624' title='bbox 1914 3665 2080 3735; x_wconf 87' lang='lat' dir='ltr'><strong>ignis,</strong></span> <span class='ocrx_word' id='word_1_625' title='bbox 2107 3665 2249 3717; x_wconf 90' lang='lat' dir='ltr'><strong>idem</strong></span> <span class='ocrx_word' id='word_1_626' title='bbox 2297 3677 2518 3731; x_wconf 78' lang='lat' dir='ltr'><strong>quoque</strong></span> <span class='ocrx_word' id='word_1_627' title='bbox 2555 3661 2678 3714; x_wconf 89' lang='lat' dir='ltr'><strong>dico</strong></span> <span class='ocrx_word' id='word_1_628' title='bbox 2711 3658 2779 3713; x_wconf 88' lang='lat' dir='ltr'><strong>de</strong></span> <span class='ocrx_word' id='word_1_629' title='bbox 2803 3672 2969 3711; x_wconf 84' lang='lat' dir='ltr'><strong>carne</strong></span> <span class='ocrx_word' id='word_1_630' title='bbox 3031 3652 3303 3707; x_wconf 86' lang='lat' dir='ltr'><strong>iucarnati</strong></span> <span class='ocrx_word' id='word_1_631' title='bbox 3361 3649 3486 3702; x_wconf 86' lang='lat' dir='ltr'><strong>Filii</strong></span> 
     </span>
    </p>
   </div>
   <div class='ocr_carea' id='block_1_82' title="bbox 1916 3744 3486 3823">
    <p class='ocr_par' dir='ltr' id='par_1_82' title="bbox 1916 3744 3486 3823">
     <span class='ocr_line' id='line_1_82' title="bbox 1916 3744 3486 3823; baseline -0.01 -14"><span class='ocrx_word' id='word_1_632' title='bbox 1916 3756 2033 3811; x_wconf 84' lang='lat' dir='ltr'><strong>Dei.</strong></span> <span class='ocrx_word' id='word_1_633' title='bbox 2062 3754 2155 3807; x_wconf 81' lang='lat' dir='ltr'><strong>illa</strong></span> <span class='ocrx_word' id='word_1_634' title='bbox 2191 3753 2463 3823; x_wconf 85' lang='lat' dir='ltr'><strong>siquidem</strong></span> <span class='ocrx_word' id='word_1_635' title='bbox 2499 3766 2594 3821; x_wconf 84' lang='lat' dir='ltr'><strong>per</strong></span> <span class='ocrx_word' id='word_1_636' title='bbox 2617 3751 3016 3821; x_wconf 77' lang='lat' dir='ltr'><strong>bypo‘staticam</strong></span> <span class='ocrx_word' id='word_1_637' title='bbox 3042 3744 3486 3799; x_wconf 88' lang='lat' dir='ltr'><strong>communionem</strong></span> 
     </span>
    </p>
   </div>
   <div class='ocr_carea' id='block_1_83' title="bbox 1916 3836 3489 3903">
    <p class='ocr_par' dir='ltr' id='par_1_83' title="bbox 1916 3836 3489 3903">
     <span class='ocr_line' id='line_1_83' title="bbox 1916 3836 3489 3903; baseline -0.011 0"><span class='ocrx_word' id='word_1_638' title='bbox 1916 3848 2115 3903; x_wconf 61' lang='lat' dir='ltr'><strong>divinae</strong></span> <span class='ocrx_word' id='word_1_639' title='bbox 2141 3854 2347 3902; x_wconf 69' lang='lat' dir='ltr'><strong>natura:</strong></span> <span class='ocrx_word' id='word_1_640' title='bbox 2375 3846 2513 3898; x_wconf 90' lang='lat' dir='ltr'><strong>citra</strong></span> <span class='ocrx_word' id='word_1_641' title='bbox 2541 3842 2961 3898; x_wconf 82' lang='lat' dir='ltr'><strong>conversionem</strong></span> <span class='ocrx_word' id='word_1_642' title='bbox 2996 3836 3168 3893; x_wconf 85' lang='lat' dir='ltr'><strong>evasit</strong></span> <span class='ocrx_word' id='word_1_643' title='bbox 3197 3836 3361 3897; x_wconf 86' lang='lat' dir='ltr'><strong>Deus,</strong></span> <span class='ocrx_word' id='word_1_644' title='bbox 3385 3849 3489 3886; x_wconf 91' lang='lat' dir='ltr'><strong>non</strong></span> 
     </span>
    </p>
   </div>
   <div class='ocr_carea' id='block_1_84' title="bbox 1916 3925 3490 4009">
    <p class='ocr_par' dir='ltr' id='par_1_84' title="bbox 1916 3925 3490 4009">
     <span class='ocr_line' id='line_1_84' title="bbox 1916 3925 3490 4009; baseline -0.01 -17"><span class='ocrx_word' id='word_1_645' title='bbox 1916 3938 2060 4009; x_wconf 92' lang='lat' dir='ltr'><strong>quod</strong></span> <span class='ocrx_word' id='word_1_646' title='bbox 2106 3938 2287 3992; x_wconf 84' lang='lat' dir='ltr'><strong>divina</strong></span> <span class='ocrx_word' id='word_1_647' title='bbox 2332 3937 2569 4005; x_wconf 83' lang='lat' dir='ltr'><strong>quadam</strong></span> <span class='ocrx_word' id='word_1_648' title='bbox 2629 3934 2969 3990; x_wconf 74' lang='lat' dir='ltr'><strong>el‘ﬁcacicate</strong></span> <span class='ocrx_word' id='word_1_649' title='bbox 3018 3930 3247 3983; x_wconf 84' lang='lat' dir='ltr'><strong>inuncta</strong></span> <span class='ocrx_word' id='word_1_650' title='bbox 3304 3925 3490 3987; x_wconf 83' lang='lat' dir='ltr'><strong>fuerit,</strong></span> 
     </span>
    </p>
   </div>
   <div class='ocr_carea' id='block_1_85' title="bbox 1920 4018 3494 4097">
    <p class='ocr_par' dir='ltr' id='par_1_85' title="bbox 1920 4018 3494 4097">
     <span class='ocr_line' id='line_1_85' title="bbox 1920 4018 3494 4097; baseline -0.013 -12"><span class='ocrx_word' id='word_1_651' title='bbox 1920 4032 2065 4085; x_wconf 80' lang='lat' dir='ltr'><strong>velut</strong></span> <span class='ocrx_word' id='word_1_652' title='bbox 2093 4030 2474 4097; x_wconf 89' lang='lat' dir='ltr'><strong>unusquisque</strong></span> <span class='ocrx_word' id='word_1_653' title='bbox 2497 4024 2918 4095; x_wconf 86' lang='lat' dir='ltr'><strong>prephetarum,</strong></span> <span class='ocrx_word' id='word_1_654' title='bbox 2939 4020 3072 4091; x_wconf 88' lang='lat' dir='ltr'><strong>quin</strong></span> <span class='ocrx_word' id='word_1_655' title='bbox 3098 4018 3279 4087; x_wconf 87' lang='lat' dir='ltr'><strong>potius</strong></span> <span class='ocrx_word' id='word_1_656' title='bbox 3299 4030 3494 4085; x_wconf 89' lang='lat' dir='ltr'><strong>perun-</strong></span> 
     </span>
    </p>
   </div>
   <div class='ocr_carea' id='block_1_86' title="bbox 1916 4108 3488 4194">
    <p class='ocr_par' dir='ltr' id='par_1_86' title="bbox 1916 4108 3488 4194">
     <span class='ocr_line' id='line_1_86' title="bbox 1916 4108 3488 4194; baseline -0.011 -16"><span class='ocrx_word' id='word_1_657' title='bbox 1916 4122 2096 4194; x_wconf 84' lang='lat' dir='ltr'><strong>gentis</strong></span> <span class='ocrx_word' id='word_1_658' title='bbox 2152 4120 2323 4173; x_wconf 88' lang='lat' dir='ltr'><strong>totius</strong></span> <span class='ocrx_word' id='word_1_659' title='bbox 2374 4117 2692 4187; x_wconf 73' lang='lat' dir='ltr'><strong>praesentia.</strong></span> <span class='ocrx_word' id='word_1_660' title='bbox 2749 4113 2903 4180; x_wconf 80' lang='lat' dir='ltr'><strong>Quod</strong></span> <span class='ocrx_word' id='word_1_661' title='bbox 2960 4125 3124 4181; x_wconf 87' lang='lat' dir='ltr'><strong>porro</strong></span> <span class='ocrx_word' id='word_1_662' title='bbox 3172 4108 3354 4163; x_wconf 73' lang='lat' dir='ltr'><strong>sani-ti</strong></span> <span class='ocrx_word' id='word_1_663' title='bbox 3411 4108 3488 4161; x_wconf 91' lang='lat' dir='ltr'><strong>dii</strong></span> 
     </span>
    </p>
   </div>
   <div class='ocr_carea' id='block_1_87' title="bbox 1916 4201 3493 4286">
    <p class='ocr_par' dir='ltr' id='par_1_87' title="bbox 1916 4201 3493 4286">
     <span class='ocr_line' id='line_1_87' title="bbox 1916 4201 3493 4286; baseline -0.011 -16"><span class='ocrx_word' id='word_1_664' title='bbox 1916 4230 2135 4286; x_wconf 90' lang='lat' dir='ltr'><strong>quoque</strong></span> <span class='ocrx_word' id='word_1_665' title='bbox 2170 4214 2303 4275; x_wconf 88' lang='lat' dir='ltr'><strong>sint,</strong></span> <span class='ocrx_word' id='word_1_666' title='bbox 2344 4211 2506 4283; x_wconf 81' lang='lat'><strong>316</strong></span> <span class='ocrx_word' id='word_1_667' title='bbox 2555 4210 2718 4265; x_wconf 89' lang='lat' dir='ltr'><strong>docet</strong></span> <span class='ocrx_word' id='word_1_668' title='bbox 2772 4206 3077 4275; x_wconf 83' lang='lat' dir='ltr'><strong>Scriptura.</strong></span> <span class='ocrx_word' id='word_1_669' title='bbox 3142 4222 3159 4255; x_wconf 88' lang='grc'><em>‹</em></span> <span class='ocrx_word' id='word_1_670' title='bbox 3198 4202 3364 4263; x_wconf 86' lang='lat' dir='ltr'><strong>Dcus,</strong></span> <span class='ocrx_word' id='word_1_671' title='bbox 3410 4201 3493 4253; x_wconf 88' lang='lat' dir='ltr'><strong>in-</strong></span> 
     </span>
    </p>
   </div>
   <div class='ocr_carea' id='block_1_88' title="bbox 1916 4296 3494 4378">
    <p class='ocr_par' dir='ltr' id='par_1_88' title="bbox 1916 4296 3494 4378">
     <span class='ocr_line' id='line_1_88' title="bbox 1916 4296 3494 4378; baseline -0.01 -16"><span class='ocrx_word' id='word_1_672' title='bbox 1916 4309 2058 4378; x_wconf 87' lang='lat' dir='ltr'><strong>quit,</strong></span> <span class='ocrx_word' id='word_1_673' title='bbox 2090 4307 2238 4362; x_wconf 88' lang='lat' dir='ltr'><strong>stetit</strong></span> <span class='ocrx_word' id='word_1_674' title='bbox 2264 4306 2319 4359; x_wconf 85' lang='lat' dir='ltr'><strong>iu</strong></span> <span class='ocrx_word' id='word_1_675' title='bbox 2353 4317 2625 4374; x_wconf 82' lang='lat' dir='ltr'><strong>synagoga</strong></span> <span class='ocrx_word' id='word_1_676' title='bbox 2659 4301 2888 4356; x_wconf 90' lang='lat' dir='ltr'><strong>deorum</strong></span> <span class='ocrx_word' id='word_1_677' title='bbox 2922 4300 3022 4350; x_wconf 67' lang='grc' dir='ltr'><strong>δ’.)</strong></span> <span class='ocrx_word' id='word_1_678' title='bbox 3061 4297 3206 4350; x_wconf 91' lang='lat' dir='ltr'><strong>Deus</strong></span> <span class='ocrx_word' id='word_1_679' title='bbox 3227 4297 3281 4348; x_wconf 90' lang='lat' dir='ltr'><strong>in</strong></span> <span class='ocrx_word' id='word_1_680' title='bbox 3312 4296 3494 4347; x_wconf 87' lang='lat' dir='ltr'><strong>medio</strong></span> 
     </span>
    </p>
   </div>
   <div class='ocr_carea' id='block_1_89' title="bbox 1917 4388 3493 4462">
    <p class='ocr_par' dir='ltr' id='par_1_89' title="bbox 1917 4388 3493 4462">
     <span class='ocr_line' id='line_1_89' title="bbox 1917 4388 3493 4462; baseline -0.011 -9"><span class='ocrx_word' id='word_1_681' title='bbox 1917 4398 2144 4453; x_wconf 89' lang='lat' dir='ltr'><strong>deorum</strong></span> <span class='ocrx_word' id='word_1_682' title='bbox 2190 4404 2302 4450; x_wconf 87' lang='lat' dir='ltr'><strong>stat</strong></span> <span class='ocrx_word' id='word_1_683' title='bbox 2352 4394 2653 4462; x_wconf 89' lang='lat' dir='ltr'><strong>unicuique</strong></span> <span class='ocrx_word' id='word_1_684' title='bbox 2708 4406 2808 4461; x_wconf 89' lang='lat' dir='ltr'><strong>pro</strong></span> <span class='ocrx_word' id='word_1_685' title='bbox 2861 4390 3076 4444; x_wconf 76' lang='lat' dir='ltr'><strong>meritis</strong></span> <span class='ocrx_word' id='word_1_686' title='bbox 3127 4388 3493 4444; x_wconf 83' lang='lat' dir='ltr'><strong>distribuens.</strong></span> 
     </span>
    </p>
   </div>
   <div class='ocr_carea' id='block_1_90' title="bbox 1918 4477 3496 4559">
    <p class='ocr_par' dir='ltr' id='par_1_90' title="bbox 1918 4477 3496 4559">
     <span class='ocr_line' id='line_1_90' title="bbox 1918 4477 3496 4559; baseline -0.009 -16"><span class='ocrx_word' id='word_1_687' title='bbox 1918 4486 2380 4559; x_wconf 83' lang='lat' dir='ltr'><strong>quemadmodum</strong></span> <span class='ocrx_word' id='word_1_688' title='bbox 2444 4485 2625 4540; x_wconf 88' lang='lat' dir='ltr'><strong>locum</strong></span> <span class='ocrx_word' id='word_1_689' title='bbox 2689 4484 2835 4536; x_wconf 87' lang='lat' dir='ltr'><strong>hunc</strong></span> <span class='ocrx_word' id='word_1_690' title='bbox 2900 4481 3123 4534; x_wconf 86' lang='lat' dir='ltr'><strong>divinus</strong></span> <span class='ocrx_word' id='word_1_691' title='bbox 3195 4477 3496 4546; x_wconf 79' lang='lat' dir='ltr'><strong>Gregorius</strong></span> 
     </span>
    </p>
   </div>
   <div class='ocr_carea' id='block_1_91' title="bbox 240 4569 1805 4668">
    <p class='ocr_par' dir='ltr' id='par_1_91' title="bbox 240 4586 1805 4668">
     <span class='ocr_line' id='line_1_91' title="bbox 240 4586 1805 4668; baseline -0.019 -4"><span class='ocrx_word' id='word_1_692' title='bbox 240 4609 422 4663; x_wconf 72' lang='grc' dir='ltr'><strong>ἔνεστι</strong></span> <span class='ocrx_word' id='word_1_693' title='bbox 454 4606 547 4659; x_wconf 75' lang='grc' dir='ltr'><strong>καὶ</strong></span> <span class='ocrx_word' id='word_1_694' title='bbox 577 4604 698 4664; x_wconf 87' lang='grc' dir='ltr'><strong>ταῖς</strong></span> <span class='ocrx_word' id='word_1_695' title='bbox 725 4596 966 4668; x_wconf 73' lang='grc' dir='ltr'><strong>ψυχαῖς,</strong></span> <span class='ocrx_word' id='word_1_696' title='bbox 1008 4593 1103 4646; x_wconf 74' lang='grc' dir='ltr'><strong>καὶ</strong></span> <span class='ocrx_word' id='word_1_697' title='bbox 1148 4593 1260 4653; x_wconf 86' lang='grc' dir='ltr'><strong>τοῖς</strong></span> <span class='ocrx_word' id='word_1_698' title='bbox 1312 4586 1563 4655; x_wconf 79' lang='grc' dir='ltr'><strong>σώμασιν</strong></span> <span class='ocrx_word' id='word_1_699' title='bbox 1600 4586 1658 4635; x_wconf 83' lang='grc' dir='ltr'><strong>ὲν</strong></span> <span class='ocrx_word' id='word_1_700' title='bbox 1701 4586 1805 4645; x_wconf 77' lang='grc' dir='ltr'><strong>τοῖς</strong></span> 
     </span>
    </p>
   </div>
   <div class='ocr_carea' id='block_1_92' title="bbox 1905 4569 3493 4668">
    <p class='ocr_par' dir='ltr' id='par_1_92' title="bbox 1921 4569 3493 4653">
     <span class='ocr_line' id='line_1_92' title="bbox 1921 4569 3493 4653; baseline -0.01 -16"><span class='ocrx_word' id='word_1_701' title='bbox 1921 4583 2177 4653; x_wconf 84' lang='lat' dir='ltr'><strong>exposuit</strong></span> <span class='ocrx_word' id='word_1_702' title='bbox 2220 4582 2287 4635; x_wconf 85' lang='lat'><strong>&quot;.</strong></span> <span class='ocrx_word' id='word_1_703' title='bbox 2348 4578 2535 4633; x_wconf 86' lang='lat' dir='ltr'><strong>Sancti</strong></span> <span class='ocrx_word' id='word_1_704' title='bbox 2599 4576 2771 4638; x_wconf 87' lang='lat' dir='ltr'><strong>enim,</strong></span> <span class='ocrx_word' id='word_1_705' title='bbox 2820 4574 2949 4629; x_wconf 90' lang='lat' dir='ltr'><strong>dum</strong></span> <span class='ocrx_word' id='word_1_706' title='bbox 3003 4573 3251 4626; x_wconf 68' lang='lat' dir='ltr'><strong>viverent</strong></span> <span class='ocrx_word' id='word_1_707' title='bbox 3305 4569 3493 4637; x_wconf 68' lang='lat' dir='ltr'><strong>repleti</strong></span> 
     </span>
    </p>
   </div>
   <div class='ocr_carea' id='block_1_93' title="bbox 242 4676 1817 4773">
    <p class='ocr_par' dir='ltr' id='par_1_93' title="bbox 242 4676 1817 4773">
     <span class='ocr_line' id='line_1_93' title="bbox 242 4676 1817 4773; baseline -0.018 -17"><span class='ocrx_word' id='word_1_708' title='bbox 242 4703 462 4773; x_wconf 77' lang='grc' dir='ltr'><strong>-τὰφοις,</strong></span> <span class='ocrx_word' id='word_1_709' title='bbox 493 4696 589 4750; x_wconf 77' lang='grc' dir='ltr'><strong>καὶ</strong></span> <span class='ocrx_word' id='word_1_710' title='bbox 615 4695 729 4755; x_wconf 87' lang='grc' dir='ltr'><strong>τοῖς</strong></span> <span class='ocrx_word' id='word_1_711' title='bbox 762 4686 1132 4761; x_wconf 79' lang='grc' dir='ltr'><strong>χαρακτῆρσι,</strong></span> <span class='ocrx_word' id='word_1_712' title='bbox 1172 4682 1265 4736; x_wconf 73' lang='grc' dir='ltr'><strong>καὶ</strong></span> <span class='ocrx_word' id='word_1_713' title='bbox 1301 4682 1419 4742; x_wconf 86' lang='grc' dir='ltr'><strong>ταῖς</strong></span> <span class='ocrx_word' id='word_1_714' title='bbox 1450 4678 1634 4746; x_wconf 82' lang='grc' dir='ltr'><strong>ἁγίαις</strong></span> <span class='ocrx_word' id='word_1_715' title='bbox 1671 4676 1817 4729; x_wconf 86' lang='grc' dir='ltr'><strong>εἰκό-</strong></span> 
     </span>
    </p>
   </div>
   <div class='ocr_carea' id='block_1_94' title="bbox 245 4769 1819 4853">
    <p class='ocr_par' dir='ltr' id='par_1_94' title="bbox 245 4769 1819 4853">
     <span class='ocr_line' id='line_1_94' title="bbox 245 4769 1819 4853; baseline -0.021 -3"><span class='ocrx_word' id='word_1_716' title='bbox 245 4769 343 4851; x_wconf 76' lang='grc' dir='ltr'><strong>σιν</strong></span> <span class='ocrx_word' id='word_1_717' title='bbox 373 4790 578 4853; x_wconf 78' lang='grc' dir='ltr'><strong>αὐτῶν,</strong></span> <span class='ocrx_word' id='word_1_718' title='bbox 625 4786 687 4839; x_wconf 81' lang='grc' dir='ltr'><strong>οὐ</strong></span> <span class='ocrx_word' id='word_1_719' title='bbox 733 4782 852 4837; x_wconf 84' lang='grc' dir='ltr'><strong>κατ’</strong></span> <span class='ocrx_word' id='word_1_720' title='bbox 889 4778 1096 4841; x_wconf 77' lang='grc' dir='ltr'><strong>οὐσίαν,</strong></span> <span class='ocrx_word' id='word_1_721' title='bbox 1134 4774 1270 4829; x_wconf 86' lang='grc' dir='ltr'><strong>ἀλλὰ</strong></span> <span class='ocrx_word' id='word_1_722' title='bbox 1308 4772 1491 4843; x_wconf 86' lang='grc' dir='ltr'><strong>χάριτι</strong></span> <span class='ocrx_word' id='word_1_723' title='bbox 1536 4769 1631 4823; x_wconf 79' lang='grc' dir='ltr'><strong>καὶ</strong></span> <span class='ocrx_word' id='word_1_724' title='bbox 1662 4769 1819 4837; x_wconf 79' lang='grc' dir='ltr'><strong>ἐνερ-</strong></span> 
     </span>
    </p>
   </div>
   <div class='ocr_carea' id='block_1_95' title="bbox 243 4885 394 4957">
    <p class='ocr_par' dir='ltr' id='par_1_95' title="bbox 243 4885 394 4957">
     <span class='ocr_line' id='line_1_95' title="bbox 243 4885 394 4957; baseline 0.026 -20"><span class='ocrx_word' id='word_1_725' title='bbox 243 4885 394 4957; x_wconf 76' lang='grc' dir='ltr'><strong>γείᾳ.</strong></span> 
     </span>
    </p>
   </div>
   <div class='ocr_carea' id='block_1_96' title="bbox 1924 4664 3490 4742">
    <p class='ocr_par' dir='ltr' id='par_1_96' title="bbox 1924 4664 3490 4742">
     <span class='ocr_line' id='line_1_96' title="bbox 1924 4664 3490 4742; baseline -0.009 -14"><span class='ocrx_word' id='word_1_726' title='bbox 1924 4682 2085 4729; x_wconf 85' lang='lat' dir='ltr'><strong>erant</strong></span> <span class='ocrx_word' id='word_1_727' title='bbox 2141 4672 2348 4742; x_wconf 87' lang='lat' dir='ltr'><strong>Spiritu</strong></span> <span class='ocrx_word' id='word_1_728' title='bbox 2388 4678 2605 4733; x_wconf 86' lang='lat' dir='ltr'><strong>sancto,</strong></span> <span class='ocrx_word' id='word_1_729' title='bbox 2654 4676 2709 4723; x_wconf 89' lang='lat' dir='ltr'><strong>et</strong></span> <span class='ocrx_word' id='word_1_730' title='bbox 2766 4677 3055 4736; x_wconf 88' lang='lat' dir='ltr'><strong>postquam</strong></span> <span class='ocrx_word' id='word_1_731' title='bbox 3113 4664 3490 4723; x_wconf 80' lang='lat' dir='ltr'><strong>decesserunt,</strong></span> 
     </span>
    </p>
   </div>
   <div class='ocr_carea' id='block_1_97' title="bbox 1928 4752 3495 4835">
    <p class='ocr_par' dir='ltr' id='par_1_97' title="bbox 1928 4752 3495 4835">
     <span class='ocr_line' id='line_1_97' title="bbox 1928 4752 3495 4835; baseline -0.01 -16"><span class='ocrx_word' id='word_1_732' title='bbox 1928 4765 2172 4835; x_wconf 85' lang='lat' dir='ltr'><strong>Spiritus</strong></span> <span class='ocrx_word' id='word_1_733' title='bbox 2207 4764 2385 4816; x_wconf 77' lang='lat' dir='ltr'><strong>sancti</strong></span> <span class='ocrx_word' id='word_1_734' title='bbox 2426 4764 2599 4831; x_wconf 80' lang='lat' dir='ltr'><strong>gratia</strong></span> <span class='ocrx_word' id='word_1_735' title='bbox 2646 4759 2867 4811; x_wconf 90' lang='lat' dir='ltr'><strong>illorum</strong></span> <span class='ocrx_word' id='word_1_736' title='bbox 2906 4768 3118 4823; x_wconf 88' lang='lat' dir='ltr'><strong>semper</strong></span> <span class='ocrx_word' id='word_1_737' title='bbox 3157 4762 3270 4805; x_wconf 89' lang='lat' dir='ltr'><strong>tum</strong></span> <span class='ocrx_word' id='word_1_738' title='bbox 3295 4752 3495 4804; x_wconf 84' lang='lat' dir='ltr'><strong>animis</strong></span> 
     </span>
    </p>
   </div>
   <div class='ocr_carea' id='block_1_98' title="bbox 1926 4845 3495 4924">
    <p class='ocr_par' dir='ltr' id='par_1_98' title="bbox 1926 4845 3495 4924">
     <span class='ocr_line' id='line_1_98' title="bbox 1926 4845 3495 4924; baseline -0.013 -11"><span class='ocrx_word' id='word_1_739' title='bbox 1926 4859 2105 4922; x_wconf 84' lang='lat' dir='ltr'><strong>adest,</strong></span> <span class='ocrx_word' id='word_1_740' title='bbox 2141 4869 2255 4912; x_wconf 91' lang='lat' dir='ltr'><strong>tum</strong></span> <span class='ocrx_word' id='word_1_741' title='bbox 2298 4855 2628 4924; x_wconf 86' lang='lat' dir='ltr'><strong>corporibus</strong></span> <span class='ocrx_word' id='word_1_742' title='bbox 2673 4853 2727 4904; x_wconf 91' lang='lat' dir='ltr'><strong>in</strong></span> <span class='ocrx_word' id='word_1_743' title='bbox 2762 4848 3055 4918; x_wconf 86' lang='lat' dir='ltr'><strong>sepulcris,</strong></span> <span class='ocrx_word' id='word_1_744' title='bbox 3090 4846 3221 4915; x_wconf 89' lang='lat' dir='ltr'><strong>quin</strong></span> <span class='ocrx_word' id='word_1_745' title='bbox 3254 4852 3302 4898; x_wconf 85' lang='lat' dir='ltr'><strong>et</strong></span> <span class='ocrx_word' id='word_1_746' title='bbox 3351 4845 3495 4913; x_wconf 78' lang='lat' dir='ltr'><strong>ipso-</strong></span> 
     </span>
    </p>
   </div>
   <div class='ocr_carea' id='block_1_99' title="bbox 243 4941 3495 5046">
    <p class='ocr_par' dir='ltr' id='par_1_99' title="bbox 243 4941 3495 5046">
     <span class='ocr_line' id='line_1_99' title="bbox 243 4941 3495 5046; baseline -0.015 -8"><span class='ocrx_word' id='word_1_747' title='bbox 243 4941 371 5037; x_wconf 67' lang='lat' dir='ltr'><strong>rum</strong></span> <span class='ocrx_word' id='word_1_748' title='bbox 418 4974 608 5046; x_wconf 77' lang='lat' dir='ltr'><strong>ﬁguris</strong></span> <span class='ocrx_word' id='word_1_749' title='bbox 646 4984 709 5025; x_wconf 88' lang='lat' dir='ltr'><strong>ac</strong></span> <span class='ocrx_word' id='word_1_750' title='bbox 768 4966 978 5023; x_wconf 88' lang='lat' dir='ltr'><strong>sanctis</strong></span> <span class='ocrx_word' id='word_1_751' title='bbox 1027 4960 1392 5033; x_wconf 87' lang='lat' dir='ltr'><strong>imaginibus,</strong></span> <span class='ocrx_word' id='word_1_752' title='bbox 1452 4970 1556 5012; x_wconf 90' lang='lat' dir='ltr'><strong>non</strong></span> <span class='ocrx_word' id='word_1_753' title='bbox 1606 4952 1826 5025; x_wconf 86' lang='lat' dir='ltr'><strong>quidem</strong></span> <span class='ocrx_word' id='word_1_754' title='bbox 1887 4954 2189 5011; x_wconf 89' lang='lat' dir='ltr'><strong>secundum</strong></span> <span class='ocrx_word' id='word_1_755' title='bbox 2232 4950 2595 5009; x_wconf 89' lang='lat' dir='ltr'><strong>substantiam</strong></span> <span class='ocrx_word' id='word_1_756' title='bbox 2647 4961 2825 5013; x_wconf 88' lang='lat' dir='ltr'><strong>suam,</strong></span> <span class='ocrx_word' id='word_1_757' title='bbox 2885 4943 2979 5000; x_wconf 89' lang='lat' dir='ltr'><strong>sed</strong></span> <span class='ocrx_word' id='word_1_758' title='bbox 3040 4956 3137 5012; x_wconf 88' lang='lat' dir='ltr'><strong>per</strong></span> <span class='ocrx_word' id='word_1_759' title='bbox 3182 4941 3409 5010; x_wconf 81' lang='lat' dir='ltr'><strong>gratiam</strong></span> <span class='ocrx_word' id='word_1_760' title='bbox 3441 4946 3495 4991; x_wconf 90' lang='lat' dir='ltr'><strong>et</strong></span> 
     </span>
    </p>
   </div>
   <div class='ocr_carea' id='block_1_100' title="bbox 238 5060 616 5135">
    <p class='ocr_par' dir='ltr' id='par_1_100' title="bbox 238 5060 616 5135">
     <span class='ocr_line' id='line_1_100' title="bbox 238 5060 616 5135; baseline -0.037 0"><span class='ocrx_word' id='word_1_761' title='bbox 238 5060 616 5135; x_wconf 76' lang='lat' dir='ltr'><strong>efﬁcientiam.</strong></span> 
     </span>
    </p>
   </div>
   <div class='ocr_carea' id='block_1_101' title="bbox 314 5142 1819 5229">
    <p class='ocr_par' dir='ltr' id='par_1_101' title="bbox 314 5142 1819 5229">
     <span class='ocr_line' id='line_1_101' title="bbox 314 5142 1819 5229; baseline -0.02 -6"><span class='ocrx_word' id='word_1_762' title='bbox 314 5166 495 5223; x_wconf 85' lang='grc' dir='ltr'><strong>κ¹.⁶ον</strong></span> <span class='ocrx_word' id='word_1_763' title='bbox 521 5161 580 5216; x_wconf 80' lang='grc' dir='ltr'><strong>δὲ</strong></span> <span class='ocrx_word' id='word_1_764' title='bbox 600 5156 680 5229; x_wconf 80' lang='grc' dir='ltr'><strong>τῷ</strong></span> <span class='ocrx_word' id='word_1_765' title='bbox 706 5153 870 5209; x_wconf 76' lang='grc' dir='ltr'><strong>Δαόὶδ</strong></span> <span class='ocrx_word' id='word_1_766' title='bbox 897 5149 1258 5221; x_wconf 78' lang='grc' dir='ltr'><strong>ἐπηγγείλατο</strong></span> <span class='ocrx_word' id='word_1_767' title='bbox 1279 5147 1306 5200; x_wconf 90' lang='grc' dir='ltr'><strong>ό</strong></span> <span class='ocrx_word' id='word_1_768' title='bbox 1321 5144 1449 5206; x_wconf 86' lang='grc' dir='ltr'><strong>Θεὸς</strong></span> <span class='ocrx_word' id='word_1_769' title='bbox 1470 5142 1819 5212; x_wconf 86' lang='grc' dir='ltr'><strong>οἰκοδομῆσαι</strong></span> 
     </span>
    </p>
   </div>
   <div class='ocr_carea' id='block_1_102' title="bbox 239 5232 1817 5329">
    <p class='ocr_par' dir='ltr' id='par_1_102' title="bbox 239 5232 1817 5329">
     <span class='ocr_line' id='line_1_102' title="bbox 239 5232 1817 5329; baseline -0.02 -13"><span class='ocrx_word' id='word_1_770' title='bbox 239 5259 395 5329; x_wconf 83' lang='grc' dir='ltr'><strong>αῦτῷ</strong></span> <span class='ocrx_word' id='word_1_771' title='bbox 423 5254 549 5310; x_wconf 89' lang='grc' dir='ltr'><strong>ναὸν</strong></span> <span class='ocrx_word' id='word_1_772' title='bbox 571 5250 660 5305; x_wconf 76' lang='grc' dir='ltr'><strong>διὰ</strong></span> <span class='ocrx_word' id='word_1_773' title='bbox 678 5245 773 5300; x_wconf 87' lang='grc' dir='ltr'><strong>τοῦ</strong></span> <span class='ocrx_word' id='word_1_774' title='bbox 802 5245 933 5298; x_wconf 89' lang='grc' dir='ltr'><strong>ἰδίου</strong></span> <span class='ocrx_word' id='word_1_775' title='bbox 948 5239 1087 5306; x_wconf 87' lang='grc' dir='ltr'><strong>υίοῦ,</strong></span> <span class='ocrx_word' id='word_1_776' title='bbox 1105 5240 1198 5292; x_wconf 77' lang='grc' dir='ltr'><strong>καὶ</strong></span> <span class='ocrx_word' id='word_1_777' title='bbox 1228 5235 1629 5291; x_wconf 81' lang='grc' dir='ltr'><strong>κατασκευάσαι</strong></span> <span class='ocrx_word' id='word_1_778' title='bbox 1651 5232 1817 5285; x_wconf 84' lang='grc' dir='ltr'><strong>τόπον</strong></span> 
     </span>
    </p>
   </div>
   <div class='ocr_carea' id='block_1_103' title="bbox 240 5325 1815 5411">
    <p class='ocr_par' dir='ltr' id='par_1_103' title="bbox 240 5325 1815 5411">
     <span class='ocr_line' id='line_1_103' title="bbox 240 5325 1815 5411; baseline -0.022 -3"><span class='ocrx_word' id='word_1_779' title='bbox 240 5325 627 5411; x_wconf 76' lang='grc' dir='ltr'><strong>ἀναπαύσεως,</strong></span> <span class='ocrx_word' id='word_1_780' title='bbox 662 5338 851 5393; x_wconf 84' lang='grc' dir='ltr'><strong>τοῦτον</strong></span> <span class='ocrx_word' id='word_1_781' title='bbox 910 5333 1162 5402; x_wconf 84' lang='grc' dir='ltr'><strong>Σολομὼν</strong></span> <span class='ocrx_word' id='word_1_782' title='bbox 1213 5326 1529 5399; x_wconf 81' lang='grc' dir='ltr'><strong>οἰκοδομῶν,</strong></span> <span class='ocrx_word' id='word_1_783' title='bbox 1593 5325 1815 5394; x_wconf 77' lang='grc' dir='ltr'><strong>εποίησε</strong></span> 
     </span>
    </p>
   </div>
   <div class='ocr_carea' id='block_1_104' title="bbox 1999 5083 3493 5199">
    <p class='ocr_par' dir='ltr' id='par_1_104' title="bbox 1999 5083 3493 5199">
     <span class='ocr_line' id='line_1_104' title="bbox 1999 5083 3493 5199; baseline -0.015 -8"><span class='ocrx_word' id='word_1_784' title='bbox 1999 5132 2244 5192; x_wconf 65' lang='lat' dir='ltr'><strong>20.&#39;Jam</strong></span> <span class='ocrx_word' id='word_1_785' title='bbox 2292 5140 2419 5185; x_wconf 72' lang='lat' dir='ltr'><strong>Vero</strong></span> <span class='ocrx_word' id='word_1_786' title='bbox 2470 5127 2734 5199; x_wconf 87' lang='lat' dir='ltr'><strong>templum</strong></span> <span class='ocrx_word' id='word_1_787' title='bbox 2788 5124 2933 5195; x_wconf 86' lang='lat' dir='ltr'><strong>quod</strong></span> <span class='ocrx_word' id='word_1_788' title='bbox 2975 5122 3117 5176; x_wconf 91' lang='lat' dir='ltr'><strong>Deus</strong></span> <span class='ocrx_word' id='word_1_789' title='bbox 3157 5083 3346 5174; x_wconf 74' lang='lat' dir='ltr'><strong>Davidi</strong></span> <span class='ocrx_word' id='word_1_790' title='bbox 3400 5133 3493 5185; x_wconf 73' lang='lat' dir='ltr'><strong>pct‘</strong></span> 
     </span>
    </p>
   </div>
   <div class='ocr_carea' id='block_1_105' title="bbox 1926 5212 3491 5296">
    <p class='ocr_par' dir='ltr' id='par_1_105' title="bbox 1926 5212 3491 5296">
     <span class='ocr_line' id='line_1_105' title="bbox 1926 5212 3491 5296; baseline -0.016 -12"><span class='ocrx_word' id='word_1_791' title='bbox 1926 5230 2096 5285; x_wconf 84' lang='lat' dir='ltr'><strong>[ilium</strong></span> <span class='ocrx_word' id='word_1_792' title='bbox 2151 5228 2271 5296; x_wconf 83' lang='lat' dir='ltr'><strong>ejus</strong></span> <span class='ocrx_word' id='word_1_793' title='bbox 2314 5221 2695 5278; x_wconf 64' lang='lat' dir='ltr'><strong>ardiﬁcandum</strong></span> <span class='ocrx_word' id='word_1_794' title='bbox 2725 5217 2829 5272; x_wconf 88' lang='lat' dir='ltr'><strong>sibi</strong></span> <span class='ocrx_word' id='word_1_795' title='bbox 2861 5214 3038 5269; x_wconf 80' lang='lat' dir='ltr'><strong>fuerat</strong></span> <span class='ocrx_word' id='word_1_796' title='bbox 3067 5212 3369 5282; x_wconf 86' lang='lat' dir='ltr'><strong>pollicitus,</strong></span> <span class='ocrx_word' id='word_1_797' title='bbox 3408 5222 3491 5276; x_wconf 88' lang='lat' dir='ltr'><strong>pa-</strong></span> 
     </span>
    </p>
   </div>
   <div class='ocr_carea' id='block_1_106' title="bbox 1922 5303 3489 5388">
    <p class='ocr_par' dir='ltr' id='par_1_106' title="bbox 1922 5303 3489 5388">
     <span class='ocr_line' id='line_1_106' title="bbox 1922 5303 3489 5388; baseline -0.014 -13"><span class='ocrx_word' id='word_1_798' title='bbox 1922 5320 2272 5388; x_wconf 86' lang='lat' dir='ltr'><strong>randumque</strong></span> <span class='ocrx_word' id='word_1_799' title='bbox 2328 5314 2433 5371; x_wconf 88' lang='lat' dir='ltr'><strong>sibi</strong></span> <span class='ocrx_word' id='word_1_800' title='bbox 2484 5314 2538 5367; x_wconf 90' lang='lat' dir='ltr'><strong>in</strong></span> <span class='ocrx_word' id='word_1_801' title='bbox 2592 5313 2769 5367; x_wconf 85' lang='lat' dir='ltr'><strong>locum</strong></span> <span class='ocrx_word' id='word_1_802' title='bbox 2822 5304 3055 5377; x_wconf 90' lang='lat' dir='ltr'><strong>quietis,</strong></span> <span class='ocrx_word' id='word_1_803' title='bbox 3097 5303 3150 5357; x_wconf 88' lang='lat' dir='ltr'><strong>id</strong></span> <span class='ocrx_word' id='word_1_804' title='bbox 3199 5313 3489 5357; x_wconf 73' lang='lat' dir='ltr'><strong>exstruens</strong></span> 
     </span>
    </p>
   </div>
   <div class='ocr_carea' id='block_1_107' title="bbox 314 5480 1805 5587">
    <p class='ocr_par' dir='ltr' id='par_1_107' title="bbox 314 5503 1805 5587">
     <span class='ocr_line' id='line_1_107' title="bbox 314 5503 1805 5587; baseline -0.016 -6"><span class='ocrx_word' id='word_1_805' title='bbox 314 5527 363 5562; x_wconf 75' lang='lat'><strong>&quot;</strong></span> <span class='ocrx_word' id='word_1_806' title='bbox 389 5525 559 5582; x_wconf 67' lang='lat' dir='ltr'><strong>Iosue</strong></span> <span class='ocrx_word' id='word_1_807' title='bbox 601 5541 675 5587; x_wconf 80' lang='lat' dir='ltr'><strong>tv,</strong></span> <span class='ocrx_word' id='word_1_808' title='bbox 710 5522 764 5585; x_wconf 90' lang='lat'><strong>8,</strong></span> <span class='ocrx_word' id='word_1_809' title='bbox 796 5518 887 5574; x_wconf 73' lang='lat'><strong>2|.</strong></span> <span class='ocrx_word' id='word_1_810' title='bbox 974 5518 1021 5549; x_wconf 85' lang='lat'><strong>&quot;</strong></span> <span class='ocrx_word' id='word_1_811' title='bbox 1049 5515 1089 5568; x_wconf 91' lang='lat' dir='ltr'><strong>ll</strong></span> <span class='ocrx_word' id='word_1_812' title='bbox 1131 5514 1265 5587; x_wconf 79' lang='lat' dir='ltr'><strong>Reg.</strong></span> <span class='ocrx_word' id='word_1_813' title='bbox 1298 5531 1356 5579; x_wconf 84' lang='grc' dir='ltr'><strong>ιι,</strong></span> <span class='ocrx_word' id='word_1_814' title='bbox 1382 5508 1472 5565; x_wconf 86' lang='lat'><strong>&#39;50.</strong></span> <span class='ocrx_word' id='word_1_815' title='bbox 1550 5508 1594 5539; x_wconf 69' lang='grc'><strong>⁵⁵</strong></span> <span class='ocrx_word' id='word_1_816' title='bbox 1628 5503 1805 5561; x_wconf 87' lang='lat' dir='ltr'><strong>Calat.</strong></span> 
     </span>
    </p>
   </div>
   <div class='ocr_carea' id='block_1_108' title="bbox 1905 5480 3482 5587">
    <p class='ocr_par' dir='ltr' id='par_1_108' title="bbox 1911 5480 3482 5568">
     <span class='ocr_line' id='line_1_108' title="bbox 1911 5480 3482 5568; baseline -0.013 -15"><span class='ocrx_word' id='word_1_817' title='bbox 1911 5500 2027 5568; x_wconf 82' lang='lat'><strong>,7..</strong></span> <span class='ocrx_word' id='word_1_818' title='bbox 2080 5498 2125 5529; x_wconf 82' lang='grc'><strong>⁸⁷</strong></span> <span class='ocrx_word' id='word_1_819' title='bbox 2151 5495 2309 5553; x_wconf 84' lang='lat' dir='ltr'><strong>Rom.</strong></span> <span class='ocrx_word' id='word_1_820' title='bbox 2350 5510 2471 5559; x_wconf 79' lang='lat' dir='ltr'><strong>vni,</strong></span> <span class='ocrx_word' id='word_1_821' title='bbox 2516 5492 2604 5547; x_wconf 82' lang='grc'><strong>17.</strong></span> <span class='ocrx_word' id='word_1_822' title='bbox 2680 5486 2778 5540; x_wconf 77' lang='grc'><strong>⁸⁸1</strong></span> <span class='ocrx_word' id='word_1_823' title='bbox 2817 5485 2977 5543; x_wconf 76' lang='lat' dir='ltr'><strong>Joan.</strong></span> <span class='ocrx_word' id='word_1_824' title='bbox 3010 5501 3092 5549; x_wconf 87' lang='grc' dir='ltr'><strong>ιιι.</strong></span> <span class='ocrx_word' id='word_1_825' title='bbox 3132 5484 3186 5542; x_wconf 75' lang='grc'><strong>2.</strong></span> <span class='ocrx_word' id='word_1_826' title='bbox 3261 5484 3305 5516; x_wconf 79' lang='grc'><strong>⁸⁸</strong></span> <span class='ocrx_word' id='word_1_827' title='bbox 3341 5480 3482 5538; x_wconf 79' lang='lat' dir='ltr'><strong>Psal.</strong></span> 
     </span>
    </p>
   </div>
   <div class='ocr_carea' id='block_1_109' title="bbox 241 5584 1260 5665">
    <p class='ocr_par' dir='ltr' id='par_1_109' title="bbox 241 5584 1260 5665">
     <span class='ocr_line' id='line_1_109' title="bbox 241 5584 1260 5665; baseline -0.022 -7"><span class='ocrx_word' id='word_1_828' title='bbox 241 5614 434 5665; x_wconf 75' lang='lat' dir='ltr'><strong>unt,</strong></span> <span class='ocrx_word' id='word_1_829' title='bbox 464 5598 517 5651; x_wconf 79' lang='grc'><strong>1.</strong></span> <span class='ocrx_word' id='word_1_830' title='bbox 591 5594 639 5627; x_wconf 76' lang='grc'><strong>⁸⁸</strong></span> <span class='ocrx_word' id='word_1_831' title='bbox 662 5584 831 5663; x_wconf 64' lang='grc' dir='ltr'><strong>(ἶνες.</strong></span> <span class='ocrx_word' id='word_1_832' title='bbox 856 5587 1143 5643; x_wconf 84' lang='lat' dir='ltr'><strong>Naz.orat.</strong></span> <span class='ocrx_word' id='word_1_833' title='bbox 1172 5584 1260 5639; x_wconf 71' lang='grc'><strong>40.</strong></span> 
     </span>
    </p>
   </div>
   <div class='ocr_carea' id='block_1_110' title="bbox 1546 5716 2229 5783">
    <p class='ocr_par' dir='ltr' id='par_1_110' title="bbox 1546 5716 2229 5783">
     <span class='ocr_line' id='line_1_110' title="bbox 1546 5716 2229 5783; baseline -0.012 0"><span class='ocrx_word' id='word_1_834' title='bbox 1546 5723 1785 5783; x_wconf 65' lang='grc' dir='ltr'><strong>ἾΑιίΙᾹΞ</strong></span> <span class='ocrx_word' id='word_1_835' title='bbox 1824 5716 2229 5779; x_wconf 79' lang='lat' dir='ltr'><strong>LECTIONES.</strong></span> 
     </span>
    </p>
   </div>
   <div class='ocr_carea' id='block_1_111' title="bbox 323 5830 2996 5947">
    <p class='ocr_par' dir='ltr' id='par_1_111' title="bbox 323 5830 2996 5947">
     <span class='ocr_line' id='line_1_111' title="bbox 323 5830 2996 5947; baseline -0.018 -16"><span class='ocrx_word' id='word_1_836' title='bbox 323 5873 352 5914; x_wconf 75' lang='grc' dir='ltr'><strong>ιι</strong></span> <span class='ocrx_word' id='word_1_837' title='bbox 374 5869 661 5947; x_wconf 80' lang='lat' dir='ltr'><strong>Superﬂua</strong></span> <span class='ocrx_word' id='word_1_838' title='bbox 686 5875 772 5925; x_wconf 88' lang='lat' dir='ltr'><strong>est</strong></span> <span class='ocrx_word' id='word_1_839' title='bbox 803 5879 905 5922; x_wconf 79' lang='lat' dir='ltr'><strong>vox</strong></span> <span class='ocrx_word' id='word_1_840' title='bbox 935 5860 1091 5926; x_wconf 78' lang='grc' dir='ltr'><strong>Θεὸς,</strong></span> <span class='ocrx_word' id='word_1_841' title='bbox 1128 5870 1238 5931; x_wconf 87' lang='lat' dir='ltr'><strong>qua</strong></span> <span class='ocrx_word' id='word_1_842' title='bbox 1260 5853 1437 5912; x_wconf 83' lang='lat' dir='ltr'><strong>ablata</strong></span> <span class='ocrx_word' id='word_1_843' title='bbox 1466 5863 1663 5908; x_wconf 88' lang='lat' dir='ltr'><strong>sensus</strong></span> <span class='ocrx_word' id='word_1_844' title='bbox 1694 5846 1890 5904; x_wconf 81' lang='lat' dir='ltr'><strong>obvius</strong></span> <span class='ocrx_word' id='word_1_845' title='bbox 1910 5851 2012 5908; x_wconf 88' lang='lat' dir='ltr'><strong>est,</strong></span> <span class='ocrx_word' id='word_1_846' title='bbox 2039 5854 2200 5912; x_wconf 89' lang='lat' dir='ltr'><strong>quem</strong></span> <span class='ocrx_word' id='word_1_847' title='bbox 2260 5842 2406 5892; x_wconf 86' lang='lat' dir='ltr'><strong>recte</strong></span> <span class='ocrx_word' id='word_1_848' title='bbox 2427 5830 2602 5890; x_wconf 85' lang='lat' dir='ltr'><strong>Zinus</strong></span> <span class='ocrx_word' id='word_1_849' title='bbox 2642 5838 2868 5891; x_wconf 87' lang='lat' dir='ltr'><strong>secutus</strong></span> <span class='ocrx_word' id='word_1_850' title='bbox 2894 5836 2996 5886; x_wconf 89' lang='lat' dir='ltr'><strong>est.</strong></span> 
     </span>
    </p>
   </div>
  </div>
