4182 6476
727 393 859 462 1251

1891 389 1952 448 S.
1978 385 2300 449 JOANNIS
2329 384 2764 446 DAMASGENI

3877 375 4012 440 1252

722 508 986 561 Salomon
1027 502 1329 561 Cherubim
1377 514 1602 572 quoque
1653 498 1975 567 fabricavit,
2026 507 2090 554 ut
2142 497 2311 553 refert

2418 497 2716 568 Χερουσιμ,
2755 496 2830 559 ὥς
2854 468 3023 566 φησιν
3056 496 3089 567 ἡ
3117 495 3297 567 βίϐλος
3335 496 3445 549 τῶν
3494 495 3826 549 Βασιλειιῖιν.
3902 496 4009 547 ttat

723 598 1039 668 Regnorum
1071 596 1210 649 liber
1230 594 1274 626 "
1310 613 1324 648 :
1360 584 1660 649 Cherubitn
1692 592 1862 648 etiam
1890 590 2115 647 vestivit
2145 605 2330 659 auro,

721 705 1026 759 omnesque
1082 690 1321 758 parietes
1356 688 1411 742 in
1453 687 1730 753 circuitu;
1763 685 1970 756 quibus
2001 692 2055 739 et
2079 684 2307 739 caelatos

724 780 1017 851 insculpsit
1050 779 1372 845 Cherubim,
1395 787 1449 833 et
1476 778 1688 850 palmas
1727 778 1877 832 intus
1905 784 1959 830 et
2007 775 2146 831 foris
2174 777 2307 845 (non

724 874 863 930 dixit
898 889 927 927 a
960 874 1249 933 lateribus,
1292 872 1489 936 sed,in
1515 870 1789 937 circuitu),
1824 869 1993 924 boves
2027 879 2308 938 praeterea,

723 968 1020 1036 leonesque
1057 975 1109 1020 et
1152 965 1554 1033 malogranata.
1584 964 1783 1015 Annon
1820 962 1991 1031 igitur
2012 961 2188 1014 multo
2217 961 2313 1013 ho-

724 1060 1114 1115 norificentius
1144 1058 1309 1112 fuerit
1334 1065 1657 1112 sanctorum
1680 1055 1869 1126 ﬁguris
1898 1067 2091 1107 omnes
2117 1053 2314 1107 domus

728 1153 821 1207 Dei
842 1151 1078 1219 parletes
1100 1164 1322 1215 ornare,
1347 1163 1513 1219 quam
1537 1147 1899 1202 animantium
1925 1154 1981 1200 et
2012 1144 2315 1199 arborum?

730 1241 961 1298 Ubinam
982 1251 1067 1296 est
1086 1243 1167 1296 lex
1192 1244 1265 1294 ita
1299 1240 1665 1310 praecipiens:
1708 1256 1728 1290 ι
1761 1236 1841 1294 No
1874 1238 2073 1292 feceris
2093 1251 2313 1291 onmem

727 1332 1143 1388 similitudinem
1170 1331 1256 1383 "?
1281 1350 1299 1382 ι
1338 1331 1597 1385 Attamen
1647 1328 1939 1393 Salomon,
1973 1329 2067 1399 qui
2098 1329 2317 1398 sapienv

726 1427 815 1480 tite
833 1423 1108 1480 etlluvium
1142 1424 1377 1494 accepit,
1396 1424 1527 1478 dum
1551 1421 1678 1480 etnll
1704 1423 1969 1479 conderet
2000 1423 2314 1493 imaginem,

725 1517 1050 1589 Cherubin],
1103 1524 1158 1570 et
1209 1517 1452 1581 leonum,
1506 1515 1782 1585 boumque
1836 1514 2107 1589 imagines
2164 1513 2314 1577 fecit,

728 1610 949 1679 tametsi
986 1610 1089 1663 hoc
1115 1609 1229 1661 ileri
1266 1610 1348 1663 lex
1376 1608 1711 1679 prohiberet.
1743 1608 1899 1674 Quod
1933 1610 1979 1662 si
2015 1624 2124 1662 non
2156 1607 2319 1661 modo

728 1676 960 1765 Christi,
993 1714 1184 1752 verum
1218 1676 1392 1753 etiam
1445 1706 1770 1753 sanctorum
1802 1699 2085 1768 pingimus
2127 1699 2319 1767 imagi-

727 1806 849 1856 nes,
883 1806 1065 1844 annon
1088 1790 1189 1845 hoc
1225 1807 1322 1861 per
1351 1806 1571 1845 omnem
1602 1791 1828 1848 modum
1860 1791 2173 1860 religiosius
2200 1802 2314 1857 est;

725 1883 929 1951 quippe
950 1896 1074 1935 cum
1111 1880 1214 1933 illa:
1236 1880 1479 1951 Spiritus
1500 1880 1679 1935 sancti
1703 1880 1866 1936 donis
1901 1880 2157 1935 aﬂluant?
2184 1879 2316 1933 Nam

727 1971 875 2025 sicut
902 1981 1029 2025 tunc
1061 1972 1297 2040 p0pulus
1318 1982 1371 2026 et
1405 1972 1673 2042 templum
1733 1972 2009 2043 sanguine
2041 1981 2092 2027 et
2131 1972 2320 2026 cinere

730 2063 913 2116 vitula:
945 2063 1372 2127 mundahantur,
1411 2065 1485 2117 ita
1516 2074 1571 2118 et
1599 2078 1748 2118 nunc
1786 2064 2059 2135 sanguine
2084 2065 2317 2129 Christi,

730 2155 821 2225 qui
856 2154 1234 2209 testimonium
1268 2153 1509 2209 reddidit
1561 2157 1664 2211 sub
1692 2154 1891 2211 Pontio
1920 2156 2121 2225 Pilato,
2153 2174 2322 2229 seque

732 2255 1035 2316 martyrum
1094 2246 1370 2317 primitias
1401 2246 1598 2301 obtulit
1648 2266 1662 2301 :
1714 2248 1962 2319 itemque
2000 2258 2318 2307 sanctorum

733 2338 1027 2408 sanguine,
1075 2354 1242 2409 supra
1285 2352 1426 2408 quos
1483 2338 1751 2393 tediiicata
1789 2351 1875 2395 est
1936 2340 2202 2398 Ecclesia.
2241 2346 2321 2398 Ac

732 2440 865 2484 tunc
917 2430 1140 2500 quidem
1179 2445 1363 2485 rerum
1418 2430 1634 2486 ratione
1676 2432 1986 2487 carentium
2026 2432 2237 2491 stormis
2268 2443 2323 2491 et

734 2522 921 2593 ﬁguris
951 2521 1044 2576 Dei
1083 2521 1345 2591 templum
1376 2521 1710 2588 ornabatur;
1746 2537 1894 2577 nunc
1924 2539 2055 2579 vero
2088 2534 2318 2582 sancto-

734 2630 855 2669 rum
891 2614 1247 2686 imaginibus,
1284 2615 1378 2685 qui
1420 2617 1637 2687 seipsos
1673 2616 1915 2671 animata
1958 2632 2023 2673 ac
2075 2620 2322 2675 rationa-

735 2710 869 2764 hilia
902 2708 997 2764 Dei
1026 2710 1231 2778 templa
1259 2710 1687 2779 constituerunt.
1747 2729 1750 2732 '

804 2799 895 2853 2t.
931 2798 1201 2865 Quocirca
1233 2798 1516 2854 Christum
1540 2814 1722 2870 regem
1753 2806 1808 2853 et
1832 2797 2123 2854 Dominum
2146 2801 2325 2858 oculis

736 2892 810 2947 ita
827 2891 1181 2963 subjicimus,
1201 2899 1259 2945 ut
1281 2907 1381 2945 nec
1406 2907 1508 2946 suo
1534 2871 1834 2960 spoliemus
1854 2892 2030 2961 ipsum
2052 2895 2329 2949 exercitu;

736 2984 870 3041 Nam
894 2986 1170 3041 exercitus
1195 2984 1411 3039 Domini
1443 2994 1573 3040 sunt
1594 2987 1795 3040 sancti.
1819 2984 2133 3040 Exercitum
2163 3004 2324 3043 suum

735 3077 981 3133 dimittat
1023 3078 1177 3144 prius
1238 3077 1541 3147 imperator
1596 3086 1877 3141 terrenus,
1927 3093 2090 3147 quam
2134 3095 2321 3150 regem

2410 590 2668 659 περιέσχε
2699 592 2766 643 τὰ
2785 590 3067 659 Χερουϐὶμ
3098 590 3333 659 χρυσίῳ,
3357 590 3453 641 καὶ
3478 589 3693 652 πάντας
3721 589 3868 651 τοὺς
3902 587 4009 639 τοί-

2410 698 2538 751 χους
2572 681 2755 751 κύκλῳ
2775 696 2787 708 ·
2816 681 2908 733 καὶ
2936 680 3239 743 κολαπτοὺς
3273 678 3534 750 ὲνέγλυψε
3556 680 3879 750 Χερουϐὶμ,
3918 678 4011 731 καὶ

2412 774 2664 843 φοίνικας
2700 772 2780 843 τῷ
2809 772 3065 845 ἐσωτέρω
3096 773 3191 826 καὶ
3205 771 3456 842 ὲξωτέρῳ
3481 786 3494 800 ·
3537 771 3633 825 καὶ
3684 773 3791 823 οὐκ
3853 765 4010 823 εἶπεν

2412 867 2476 919 ὲκ
2512 865 2777 933 πλαγίων,
2826 865 2961 919 ἀλλὰ
2986 866 3223 931 κύκλφο
3276 863 3375 916 καὶ
3424 862 3573 933 βόας,
3604 861 3703 916 καὶ
3750 862 4008 922 λέοντας.

2413 958 2508 1012 καὶ
2538 959 2809 1029 ῥοΐσκους.
2841 956 2917 1010 ού
2950 956 3127 1027 πολλῷ
3152 952 3247 1011 οὖν
3272 954 3598 1028 τιμιώτερον
3629 956 3854 1015 πάντας
3884 955 4007 1014 τοῦς

2413 1052 2629 1121 τοίχους
2659 1050 2812 1103 οίκου
2850 1049 3059 1119 Κυρίου
3092 1048 3369 1121 κοσμῆσαι.
3392 1049 3564 1118 ἀγίων
3606 1048 3857 1119 μορφαῖς
3918 1048 4009 1100 καὶ

2415 1143 2813 1213 είκονίσμασιν,
2867 1144 3010 1213 ἥπερ
3054 1141 3265 1211 ἀλόγων
3290 1144 3387 1195 καὶ
3414 1143 3679 1212 δένδρωνς
3726 1140 3839 1193 ποῦ
3869 1142 3902 1192 6
3937 1140 4007 1193 δί-

2416 1235 2697 1305 αγορεύων
2750 1235 2915 1306 νόμος
2948 1251 2963 1267 ⁸
3008 1253 3027 1285 1
3062 1236 3144 1288 Οὐ
3200 1236 3477 1302 ποιήσεις
3502 1233 3625 1289 πᾶν
3648 1234 3958 1303 ὀμοίωμας
3986 1252 4003 1281 ι

2419 1329 2582 1382 Ἀλλὰ
2609 1328 2801 1397 σοφίας
2831 1328 2989 1399 χύσιν
3012 1327 3306 1399 δεξάμενος
3332 1329 3607 1399 Σολομὼν,
3633 1327 3881 1398 οὐρανὸν
3932 1328 4006 1377 εί·

2418 1423 2671 1489 κονίζων,
2695 1421 2918 1493 ἐποίησε
2941 1422 3246 1493 Χερουϐὶμ,
3282 1421 3377 1474 καὶ
3427 1420 3681 1485 λεόντων,
3729 1419 3831 1473 καὶ
3868 1418 4007 1488 βαῖνε

2419 1515 2782 1585 ὁμοιώματα·
2818 1514 2977 1568 τοῦτο
3026 1513 3084 1566 δὲ
3130 1512 3465 1583 ἀπαγορεύει
3510 1516 3539 1566 6
3595 1513 3787 1578 νόμος.
3846 1511 3914 1563 Et
3953 1509 4005 1562 δὲ

2421 1609 2581 1677 ἡμεῖς
2640 1607 2874 1675 Χριστὸν
2917 1606 3294 1670 είκονίζοντες,
3338 1606 3431 1658 καὶ
3476 1605 3749 1675 ποιοῦμεν
3800 1603 3879 1656 τὰ
3900 1601 4005 1653 τῶν

2421 1700 2593 1767 ἁγίων
2616 1699 2996 1768 είκονίσματα,
3024 1699 3123 1751 οὐκ
3150 1698 3259 1769 ἄρα
3284 1697 3443 1751 τοῦτο
3500 1696 3723 1760 πάντως
3776 1696 4002 1748 εὐσεϐέ-

2424 1810 2635 1864 στερον,
2684 1794 2766 1845 ὅτι
2815 1793 2908 1844 καὶ
2964 1791 3278 1861 Πνεύματος
3341 1791 3499 1860 ἁγίου
3557 1792 3665 1843 είσὶ
3703 1792 4002 1860 πεπληρωο

2423 1884 2598 1956 μένα;
2627 1885 2838 1953 Ὥσπερ
2867 1884 2976 1955 γάρ
3006 1884 3127 1936 τότε
3161 1884 3353 1953 αἵματι
3390 1883 3645 1953 ἠγνίζετο
3666 1886 3696 1936 6
3745 1882 3881 1943 10.6;
3928 1899 3999 1945 τε,

2419 1981 2512 2032 καὶ¹
2558 1981 2586 2032 6
2638 1981 2785 2043 ναὸς,
2836 1980 2929 2031 καὶ
2981 1979 3161 2049 σποδῷ
3217 1978 3539 2047 δαμάλεως,
3593 1977 3741 2029 οὕτω
3781 1976 3883 2029 καὶ
3914 1975 4002 2027 νῦν

2419 2072 2657 2143 Χριστοῦ
2683 2073 2898 2142 αἵματι,
2937 2073 3383 2143 μαρτυρήσαντος
3415 2072 3510 2124 ὲπὶ
3553 2069 3783 2122 Ποντίου
3849 2067 4002 2119 [10.6-

2419 2183 2535 2229 του,
2567 2166 2663 2220 καὶ
2699 2166 2891 2220 ἑαυτὸν
2913 2166 3169 2237 ἀπαρχὴν
3214 2165 3321 2217 τῶν
3363 2164 3657 2236 μαρτύρων
3700 2161 3999 2227 δείξαντος,

2421 2258 2501 2313 ἔτι
2527 2258 2583 2312 δὲ
2603 2260 2699 2322 καὶ
2729 2258 2807 2329 τῷ
2834 2258 2943 2312 τῶν
2980 2259 3148 2327 ἁγίων
3171 2257 3386 2328 αἵματι,
3416 2257 3501 2325 ἐφ’
3527 2251 3603 2309 ὧν
3626 2257 3660 2325 ἡ
3699 2253 4000 2321 Ἐκκλησία

2420 2352 2803 2423 οἰκοδομεῖται.
2846 2353 2957 2405 Καὶ
2978 2352 3100 2405 τότε
3130 2352 3250 2422 μὲν,
3308 2355 3545 2423 μορφαῖς
3589 2368 3648 2402 τε
3688 2350 3787 2401 καὶ
3841 2348 4000 2398 ἐκτυ-

2422 2445 2679 2516 πώμασιν
2700 2446 2910 2514 ἀλόγων
2930 2446 3227 2517 ἐμψύχους,
3261 2445 3355 2497 καὶ
3385 2444 3638 2513 λογικοὺς
3675 2443 3844 2505 ναοὺς
3882 2440 3999 2493 ἑαυ-

2422 2540 2549 2602 τοὺς
2582 2539 2664 2603 είς
2684 2542 3102 2611 κατοικητήριον
3131 2537 3267 2591 Θεοῦ
3308 2535 3825 2591 κατεσκευακότων.

2495 2809 2603 2862 κα’.
2646 2808 2990 2877 Ἱστοροῦμεν
3011 2802 3104 2860 οὖν
3135 2805 3369 2877 Χριστὸν
3395 2804 3488 2857 τὸν
3516 2802 3745 2874 βασιλέα
3771 2800 3872 2854 καὶ
3895 2800 3998 2853 KG-

2427 2918 2562 2972 ptov,
2590 2901 2651 2953 ού
2675 2899 3007 2969 γυμνοῦντες
3034 2898 3197 2951 αὐτὸν
3230 2895 3323 2951 τοῦ
3352 2894 3788 2967 στρατεύματος.
3827 2894 3995 2963 Στρα-

2424 2994 2515 3057 τὺς
2564 2993 2674 3064 γὰρ
2710 2991 2805 3046 τοῦ
2851 2992 3055 3059 Κυρίου
3103 2991 3150 3042 oi
3197 2988 3364 3057 ἅγιοι.
3407 2989 3759 3059 Γυμνωσάτω
3809 2984 3997 3039 ἑαυτὸν

2424 3085 2518 3137 τοῦ
2555 3076 2758 3137 οίκείου
2785 3082 3188 3151 στρατεύματος
3230 3083 3258 3134 6
3287 3081 3526 3147 ἐπίγειος
3580 3079 3863 3147 βασιλεὺς,
3910 3079 3995 3128 καὶ

737 3186 897 3227 suum
919 3186 981 3224 ac
1013 3168 1304 3223 Dominum
1342 3170 1584 3238 spoliare
1625 3169 1846 3223 audeat.
1883 3168 2194 3238 Purpuram
2224 3173 2317 3227 dc-

2429 3178 2551 3230 τότε
2584 3178 2673 3230 τὸν
2697 3174 2891 3231 ἑαυτοῦ
2934 3173 3158 3245 βασιλέα
3186 3173 3280 3227 καὶ
3300 3172 3518 3244 Κύριον.
3555 3172 3882 3226 Ἀποθέσθω
3906 3170 3996 3239 τὴν

740 3270 926 3333 ponat,
950 3269 1063 3314 tum
1081 3275 1271 3314 eorum
1291 3260 1385 3328 qui
1415 3275 1537 3313 cum
1566 3268 1800 3329 tyranno
1821 3270 2046 3315 strenue
2069 3262 2329 3318 conﬂixe-

744 3364 890 3427 runt,
920 3350 1317 3419 aﬂ’ectihusque
1353 3350 1470 3403 suis
1508 3350 1880 3420 imperarunt,
1914 3354 2328 3407 venerationem

742 3442 972 3495 adimat.
1004 3441 1059 3494 Si
1099 3443 1244 3495 enim
1283 3441 1527 3495 haeredes
1561 3440 1675 3505 Dei,
1718 3443 2039 3498 cohzeredes
2080 3444 2329 3513 proiecto

741 3533 946 3587 Christi
972 3533 1036 3595 ⁸³,
1075 3547 1288 3585 necnon
1332 3532 1424 3586 Dei
1479 3534 1672 3602 glorizn
1734 3550 1798 3587 ac
1844 3536 1998 3603 regni
2039 3546 2327 3591 consortes

744 3633 873 3679 sunt
908 3624 1097 3687 futuri,
1125 3635 1314 3694 utpote
1338 3625 1427 3693 qui
1459 3627 1820 3694 passionibus
1847 3628 2053 3681 Christi
2082 3643 2330 3681 cominu-

744 3719 1093 3771 nicaverunt.
1129 3716 1270 3781 Quid
1328 3726 1477 3772 vetat
1534 3720 1835 3787 quominus
1882 3721 2043 3773 amici
2093 3720 2325 3789 Christi,

744 3812 917 3881 ipsius
943 3812 997 3863 in
1027 3820 1171 3864 terra
1196 3812 1384 3880 gloria:
1410 3815 1711 3883 participes
1743 3815 1915 3869 ﬁant?
1950 3834 1967 3865 ι
2003 3815 2117 3869 Non
2148 3816 2326 3870 dicam

719 3919 840 3957 .vos
878 3918 1090 3967 servos,
1162 3906 1339 3975 inquit
1396 3906 1540 3961 Deus
1587 3910 1653 3971 “,
1701 3908 1797 3963 sed
1862 3910 2091 3964 amicos.
2125 3940 2194 3948 —
2224 3909 2329 3963 Vos

748 3997 905 4051 amici
940 3999 1044 4053 mei
1073 4000 1209 4055 estis
1232 3999 1296 4052 ⁸⁸.
1333 4020 1350 4050 ι
1378 4002 1545 4056 Hisne
1574 4003 1793 4055 tandem
1823 4018 1980 4056 suum
2007 4004 2328 4072 negabimus

752 4092 1033 4155 honorem,
1056 4109 1219 4162 quem
1244 4096 1521 4147 concessit
1543 4094 1679 4162 ipsis
1708 4093 1984 4149 Ecclesia?
2005 4094 2048 4149 Ο
2066 4096 2327 4149 audacem

753 4186 1005 4235 inanuml
1049 4185 1088 4235 Ο
1143 4187 1498 4239 temerariam
1562 4194 1830 4249 mentem,
1882 4203 2005 4257 qua:
2059 4204 2185 4243 cum
2220 4186 2330 4243 Deo

750 4274 1050 4337 contendit,
1070 4275 1493 4346 ejusquejussis
1513 4258 1874 4333 adversatur!
1903 4279 1982 4332 'l‘u
2012 4282 2105 4350 qtti
2139 4282 2329 4353 imagi-

751 4380 873 4417 nem
899 4366 1128 4419 adorare
1153 4368 1358 4433 renuis,
1384 4385 1450 4423 ne
1470 4368 1563 4422 Dei
1590 4371 1810 4440 quidem
1834 4370 2031 4424 Filium
2065 4373 2327 4436 colueris,

749 4458 842 4526 qui
877 4459 1066 4511 vivens
1121 4459 1302 4528 imago
1350 4469 1433 4515 est
1470 4460 1560 4516 Dei
1593 4464 1893 4518 invisibilis
1921 4464 1987 4527 ",
2025 4464 2327 4517 invariahi-

754 4549 928 4617 lisque
960 4550 1244 4603 character
1271 4552 1335 4603 ⁸⁷.
1371 4549 1666 4621 Imaginem
1701 4552 1905 4609 Christi
1940 4554 2132 4622 adoro,
2168 4562 2329 4624 prout

755 4641 895 4695 Deus
922 4652 1001 4695 est
1035 4644 1356 4698 incarnatus
1402 4662 1414 4695 :
1458 4645 1705 4717 Dcipara:
1755 4649 1887 4703 item
1940 4651 2187 4704 omnium
2226 4648 2333 4704 Do-

755 4732 936 4795 utinm,
968 4744 1023 4787 ut
1054 4751 1173 4804 quae
1201 4737 1471 4790 incantati
1502 4737 1595 4793 Dei
1640 4739 1811 4794 Mater
1842 4750 1928 4795 est
1960 4760 1971 4794 :
2007 4751 2331 4797 sanctorum

757 4839 975 4892 quoque
1023 4828 1115 4894 qui
1160 4828 1319 4881 amici
1372 4826 1464 4882 Dei
1513 4838 1671 4893 sunt,
1714 4832 1917 4900 quique
1947 4833 2011 4885 ad
2046 4833 2334 4903 sanguinis

756 4913 1080 4970 effusionem
1114 4935 1285 4988 usque
1316 4927 1544 4988 peccato
1599 4923 1955 4987 restiterunt,
2003 4934 2054 4976 et
2107 4924 2332 4994 sangui-

759 5020 879 5057 nem
926 5022 1022 5074 pro
1064 5007 1283 5064 Christo
1336 5009 1649 5075 fundentes,
1701 5014 1878 5082 ipsum
1930 5016 2127 5068 imitati
2171 5024 2325 5077 sunt,

756 5095 850 5162 qui
878 5097 1158 5163 proprium
1181 5102 1502 5170 sanguinem
1539 5101 1782 5171 ipsorum
1811 5120 1978 5159 causa
2015 5107 2165 5174 prior
2195 5107 2331 5161 cllu-

756 5188 946 5254 dcrat;
982 5189 1141 5258 317
1172 5206 1356 5247 eorum
1400 5196 1620 5250 demum
1656 5198 1747 5265 qui
1776 5196 1983 5251 Christi
2019 5208 2332 5268 prementes

759 5282 1011 5350 vestigia,
1063 5284 1127 5334 ad
1173 5298 1233 5336 ea
1283 5287 1449 5341 vitam
1488 5304 1644 5344 suam
1700 5290 2082 5345 instituerunt.
2116 5291 2327 5346 [lorum

759 5375 1023 5445 prmo-lare
1056 5383 1207 5443 gesta
1251 5380 1639 5451 cruciatusque
1672 5383 1902 5452 picturis
1932 5400 2227 5453 expressa,
2261 5386 2333 5441 ob

758 5468 949 5520 oculos
993 5482 1147 5522 meos
1178 5484 1345 5538 pono,
1380 5487 1473 5541 per
1508 5491 1630 5542 qua:
1662 5487 1892 5531 sanctus
1927 5480 2119 5542 evado,
2154 5489 2323 5549 atque

748 5560 1009 5614 imitandi
1058 5561 1242 5616 studio
1292 5564 1605 5623 inardesco.
1649 5567 1784 5622 Nam
1830 5570 1922 5639 qui
1959 5570 2187 5640 imagini
2231 5570 2331 5623 ha-

850 5743 893 5773 “
920 5742 958 5795 ll
1004 5744 1134 5811 Reg.
1176 5760 1249 5807 νι,
1299 5744 1391 5809 25,
1426 5743 1516 5800 29.

1072 5760 1249 5819 ιςενι,
1299 5748 1516 5819 25,?9.
1623 5749 1665 5780 θ’
1708 5748 1865 5807 Deut.
1921 5767 1994 5817 tv,
2050 5752 2138 5808 16.

761 5812 893 5869 loss.
930 5829 969 5879 t,
1013 5816 1106 5879 lii;
1141 5816 1304 5871 lichr.
1342 5831 1379 5883 t,
1411 5816 1461 5869 5.

2218 5754 2262 5786 ⁵³
2293 5752 2451 5812 Rom.
2506 5770 2624 5821 vni,
2658 5754 2741 5808 l7.

2432 3269 2747 3340 ἁλουργίδα,
2776 3269 2869 3321 καὶ
2892 3266 3013 3319 τότε
3034 3265 3141 3319 τῶν
3172 3266 3312 3319 κατά
3333 3265 3426 3317 τοῦ
3452 3265 3720 3334 τυράννου
3747 3265 3995 3333 ἀριστευ-

2434 3362 2639 3413 σόιντων
2666 3399 2682 3424 ,
2719 3360 2813 3411 καὶ
2852 3359 3282 3427 βασιλευσάντων
3322 3357 3429 3409 τῶν
3475 3357 3665 3409 παθών
3720 3358 3784 3407 τὸ
3840 3352 3993 3414 σέϐας

2438 3449 2811 3518 περιαιρείτω.
2842 3449 2902 3501 Εί
2946 3450 3053 3517 γὰρ
3079 3447 3402 3518 κληρονόμοι
3434 3446 3591 3508 Θεοῦ,
3628 3447 3723 3498 καὶ
3758 3444 3993 3512 συγκλη-

2434 3542 2650 3613 ρονύμοι
2688 3542 2941 3611 Χριστοῦ,
2985 3542 3197 3609 καὶτῆς
3227 3540 3375 3601 Θείας
3404 3537 3562 3607 διῦξης
3588 3542 3683 3591 καί
3720 3537 3994 3606 βασιλείας

2432 3638 2678 3689 κοινωνοὶ
2711 3635 2953 3696 ἔσονται,
3001 3633 3109 3685 τῶν
3142 3632 3483 3701 παθημάτων
3512 3631 3753 3703 Χριστοῦ
3808 3648 3993 3683 κοινω-

2431 3731 2689 3798 νήσαντες
2710 3744 2721 3756 ’
2759 3726 2876 3788 πῶς
2906 3725 3028 3794 ούχλ.
3060 3724 3152 3777 καὶ
3181 3724 3279 3793 τῆς
3323 3724 3417 3775 ἐπὶ
3449 3724 3552 3791 γῆς
3585 3723 3749 3791 δόξης
3784 3721 3992 3791 συμμέ-

2431 3837 2579 3889 τοχοι
2610 3819 3039 3888 χρηματίσωσιν
3082 3820 3132 3868 οἱ
3177 3816 3318 3883 φίλοι
3348 3815 3626 3886 Χριστοῦς
3667 3833 3684 3865 ι
3734 3816 3815 3865 Οὐ
3863 3814 3993 3877 λέγω

2432 3914 2573 3982 ὑμᾶς
2605 3912 2845 3977 δούλους,
2874 3913 3037 3982 φησιν
3065 3914 3092 3963 ὁ
3112 3910 3243 3973 Θεός
3272 3928 3285 3940 ·
3316 3910 3474 3979 ὑμεῖς
3500 3910 3644 3973 φίλοι
3672 3926 3781 3975 μου
3807 3908 3944 3959 ἐστέ.
3974 3926 3988 3954 ι

2432 4005 2544 4074 Τῆς
2592 4000 2686 4057 οὖν
2728 4005 3019 4073 δεδομένης
3077 4004 3260 4064 αὐτοῖς
3302 4003 3452 4071 παρὰ
3501 4001 3598 4069 τῆς
3664 3998 3993 4069 Ἐκκλησίας

2430 4099 2619 4169 τιμῆς,
2660 4090 3055 4166 ἀπαμφιοῦμεν
3091 4096 3326 4159 αὐτούς,
3363 4097 3427 4147 Ὤ
3468 4094 3723 4164 θρασείας
3779 4094 3990 4163 χειρόςί

2431 4191 2476 4245 ὣ
2513 4191 2795 4259 τολμηρᾶς
2820 4189 3041 4258 γνώμης
3063 4229 3077 4250 ,
3125 4186 3512 4257 ἀντεριςούσης
3542 4187 3660 4256 Θεῷ
3686 4227 3699 4250 ,
3753 4187 3853 4239 καὶ
3892 4188 3994 4245 τοῖς

2431 4279 2597 4333 αὑτοῦ
2634 4278 3102 4349 ἀντιπραττούσης
3135 4277 3597 4345 προστάγμασινί
3636 4276 3709 4327 Οὐ
3754 4292 3991 4345 προσκυ-

2432 4374 2541 4435 νεῖς
2588 4359 2753 4424 είκόνι
2775 4413 2788 4437 ,
2839 4371 2971 4440 μηδὲ
3013 4369 3091 4439 τῷ
3126 4369 3238 4437 Υἱῴ
3266 4368 3361 4421 τοῦ
3402 4369 3536 4420 Θεοῦ
3569 4369 3875 4436 προσκύνει
3899 4408 3913 4429 ,
3942 4368 3992 4425 ὅς

2436 4465 2584 4517 ἐστιν
2620 4462 2781 4516 εἰκὼν
2817 4462 2907 4514 τοῦ
2940 4461 3171 4532 ἀοράτου
3203 4459 3336 4512 Θεοῦ
3373 4459 3540 4523 ζῶσα,
3584 4460 3679 4511 καὶ
3707 4458 3994 4529 χαρακτὴρ

2435 4556 2875 4627 ἀπαράλλακτος.
2922 4550 3222 4623 Προσκυνῶ
3272 4551 3507 4622 Χριστοῦ
3545 4553 3747 4614 είκόνι,
3788 4552 3866 4611 ὡς
3917 4567 3995 4601 σε·

2434 4648 2793 4720 σαρκωμένου
2808 4646 2958 4698 ’Θεοῦ
2982 4662 2993 4674 ’
3033 4646 3130 4713 τῆς
3159 4646 3455 4713 Δεσποίνης
3486 4644 3593 4695 τῶν
3615 4642 3877 4696 ἁπάντων
3908 4642 3996 4708 τῆς

2434 4739 2699 4792 Θεοτόκου
2729 4778 2742 4800 ,
2800 4731 2886 4789 οἶα
2940 4730 3161 4805 Μητρὸς
3207 4734 3300 4786 τοῦ
3342 4734 3473 4786 Υἱοῦ
3521 4733 3613 4785 τοῦ
3660 4733 3806 4785 Θεοῦ
3834 4750 3847 4761 ·
3897 4732 3994 4782 τῶν

2437 4833 2644 4899 ἁγίων,
2694 4831 2768 4892 ὡς
2802 4831 2968 4898 φίλων
2997 4827 3131 4880 θεοῦ
3156 4867 3170 4891 ,
3214 4826 3322 4878 τῶν
3375 4826 3536 4896 μέχρι
3588 4826 3829 4894 αἵματος
3861 4824 3998 4876 ἀντι-

2436 4923 2825 4977 καταστάντων
2891 4921 3027 4990 προς
3095 4919 3191 4989 τὴν
3239 4917 3555 4988 ἁμαρτίαν,
3609 4916 3702 4968 καὶ
3775 4914 3996 4985 Χριστὸν

2440 5015 2837 5089 μιμησαμένων
2868 5015 2932 5082 τῇ
2967 5012 3105 5082 ὑπὲρ
3153 5009 3316 5063 αὐτοῦ
3347 5010 3567 5080 ἐκχύσει
3618 5008 3711 5061 τοῦ
3750 5010 3993 5077 αἵματος.

2437 5108 2532 5162 τοῦ
2586 5109 2646 5160 τὸ
2703 5109 2903 5159 οἰκεῖον
2962 5098 3101 5174 αἷμα
3152 5104 3292 5171 ὑπὲρ
3342 5102 3522 5155 αὐτῶν
3569 5100 3991 5171 προεκχέαντος·

2442 5201 2533 5256 καὶ
2562 5201 2670 5255 τῶν
2703 5199 2821 5251 κατ’
2869 5198 3017 5267 ἴχνος
3048 5196 3211 5249 αὑτοῦ
3244 5194 3721 5263 πολιτευσαμένων
3748 5234 3767 5255 ,
3801 5192 3994 5245 τούτων

2438 5295 2537 5357 τὰς
2564 5293 2844 5362 ἀριστείας
2878 5291 2969 5344 καὶ
2999 5289 3066 5345 τὰ
3097 5290 3241 5359 πάθη
3272 5289 3654 5359 ἀναγράπτους
3677 5286 3992 5354 καθίστημι,

2440 5386 2515 5448 ὡς
2556 5384 2622 5435 δι’
2667 5382 2846 5436 αὐτῶν
2886 5381 3246 5450 ἁγιαζόμενος
3271 5420 3285 5444 ,
3326 5380 3419 5432 καὶ
3469 5380 3604 5448 πρὸς
3634 5377 3805 5445 ζῆλον
3838 5378 3993 5444 μιμή-

2444 5493 2580 5538 σεως
2630 5474 3005 5541 ἀλειφόμενος.
3052 5473 3113 5523 Ἣ
3146 5474 3254 5542 γὰρ
3295 5472 3393 5541 τῆς
3434 5472 3639 5529 εἰκόνος
3685 5470 3829 5538 τιμὴ
3874 5467 3991 5536 πρὸς

2443 5570 2504 5622 τὸ
2534 5566 2891 5636 πρωτότυπον
2921 5564 3216 5631 διαϐαίνει,
3260 5564 3424 5634 φησὶν
3463 5566 3491 5615 ὁ
3521 5563 3657 5624 θεῖος
3704 5562 3988 5620 Βασίλειπ.

3827 5739 3871 5771 τε
3898 5735 3987 5787 (ξος

2822 5754 2865 5783 σι
2893 5751 3050 5817 ιοειη,
3091 5764 3182 5813 κν,
3229 5746 3311 5799 t5.
3404 5744 3450 5775 πε
3484 5742 3615 5798 ibid.
3660 5744 3749 5796 ιδ.
