4182 6476
210 456 356 526 ῘΞΞΒ

1310 454 1410 514 DE
1450 448 1911 513 IMAGINIBUS
1941 445 2226 510 ORATIO
2266 449 2315 508 Ι.

3314 452 3448 513 1254

211 570 279 623 Εἰ
310 567 471 628 ναοὺς
493 564 726 635 ἐγείρεις
746 562 921 633 ἁγίοις
949 563 1108 628 Θεοῦ,
1144 565 1238 616 καὶ
1266 564 1334 616 τὰ
1364 562 1572 616 τούτων
1604 561 1779 630 ἔγειρε

1889 560 2050 613 betur
2090 560 2290 624 honor,
2342 557 2409 611 ad
2449 572 2575 612 eum
2608 555 2863 624 refertur,
2915 558 3076 628 cujus
3114 567 3200 616 est
3246 560 3447 631 imago.

203 661 480 730 τρόπαια.
529 658 644 712 Οὐκ
690 658 943 727 ἠγείρετο
988 657 1158 710 πάλαι
1189 656 1316 717 ναὸς
1355 654 1443 707 ἐπ’
1472 651 1781 722 ἀνθρώπων

203 742 471 816 ὀνόματι,
496 749 593 815 οὐχ
626 746 913 817 ἐορτάζετο
938 744 1045 799 τῶν
1074 744 1296 799 δικαίων
1322 747 1352 797 ὁ
1382 743 1632 806 θάνατος,
1663 743 1780 796 ἀλλ’

202 837 511 891 ἐπενθείτο.
557 838 615 890 '0
643 837 947 907 ἁπτόμενος
985 835 1214 905 νεκροῦ,
1262 834 1571 903 ἀκάθαρτος
1600 833 1778 901 ἐλογί-

202 928 360 994 ζετο,
391 931 487 983 καὶ
514 927 793 991 Μωῦσέως
836 926 1025 980 αὐτοῦ.
1084 928 1196 981 Νῦν
1235 926 1293 980 δὲ
1320 928 1428 979 τῶν
1460 926 1632 994 ἁγίων
1661 926 1779 995 ἐορ-

200 1021 435 1086 τάζεται
480 1022 552 1075 τὰ
594 1021 938 1092 μνημόσυνα.
1008 1018 1313 1089 Ἐπενθήθη
1363 1020 1392 1071 6
1442 1018 1637 1089 νεκρὸς
1680 1016 1777 1070 τοῦ

220 1112 452 1176 Ἰακὼό,
503 1112 619 1166 ἁλλ’
666 1114 694 1164 6
738 1110 1014 1179 Στεφάνου
1046 1109 1478 1180 πανηγυρίζεται
1526 1109 1772 1169 θάνατος.

212 1204 289 1257 Ἦ
316 1204 498 1257 τοίνυν
528 1203 623 1256 καὶ
652 1204 749 1266 τὰς
792 1201 1173 1272 πανηγυρικὰς
1218 1201 1437 1271 μνήμας
1465 1199 1576 1254 τῶν
1604 1198 1778 1266 ἁγίων

176 1295 398 1362 κάνελε,
449 1296 603 1366 παρὰ
641 1295 734 1348 τὸν
783 1294 1017 1349 παλαιὸν
1057 1296 1223 1364 νόμον
1252 1296 1557 1363 ἀγομένας,
1598 1290 1631 1360 ἢ
1680 1288 1779 1341 καὶ

201 1385 311 1448 τὰς
337 1386 588 1448 εἰκόνας,
616 1385 767 1456 παρὰ
796 1385 888 1439 τὸν
916 1384 1081 1455 νόμον
1102 1424 1120 1451 ,
1149 1385 1222 1446 ὡς
1252 1385 1390 1454 φὴς,
1421 1381 1617 1444 οὓσας,
1648 1394 1778 1445 συγ-

202 1477 483 1549 χώρησον.
547 1478 687 1531 ’Δλλ“
742 1480 1021 1549 ἀμήχανον
1082 1479 1157 1549 μὴ
1217 1476 1500 1547 ἑορτάζειν
1555 1477 1624 1527 τὰ
1670 1472 1778 1525 τῶν

205 1570 382 1635 ἁγίων
408 1570 748 1640 μνημόσυνα,
786 1569 843 1622 Ὃ
866 1570 970 1639 γάρ
996 1568 1107 1621 τῶν
1137 1568 1308 1635 ἁγίων
1336 1565 1653 1620 ἀποστόλων
1682 1562 1779 1615 καὶ

204 1656 485 1728 θεοφόρων
535 1658 796 1729 Πατέρων
825 1658 985 1728 χορὸς
1008 1697 1024 1720 ,
1070 1656 1244 1709 ταῦτα
1272 1655 1597 1726 προστάττει
1629 1651 1777 1719 γίνε-

204 1748 357 1801 σθαι.
415 1748 533 1817 Ἀφ’
588 1742 649 1802 οῦ
701 1748 810 1819 γὰρ
864 1751 892 1802 6
930 1748 1060 1811 Θεὸς
1114 1747 1288 1815 Λόγος
1345 1744 1481 1816 σὰρξ
1537 1744 1774 1811 ἐγένετο.

205 1839 501 1907 ὁμοιωθεὶς
544 1840 681 1910 ἡμῖν
720 1839 861 1892 κατὰ
913 1840 1091 1893 πάντα
1130 1838 1300 1908 χωρὶς
1346 1833 1778 1906 ἁμαρτίας,’κα“ι

1887 652 2067 721 inquit
2102 652 2343 706 Basilius
2373 650 2439 703 ⁸⁸.
2483 650 2541 706 Si
2588 652 2789 721 templa
2818 654 3027 707 sanctis
3062 652 3327 717 exstruis,
3358 668 3453 707 co-
3498 638 3509 650 ’

1886 754 2009 793 rum
2053 755 2273 810 quoque
2309 750 2515 810 tropaea
2563 742 2734 811 erige.
2784 742 2999 797 Nullum
3030 744 3163 797 olim
3208 743 3456 812 cujusvis

1884 831 2170 887 hominum
2198 835 2421 889 nomine
2449 835 2712 903 templum
2739 836 3067 905 erigebatur,
3096 851 3271 905 neque
3300 851 3452 891 mors

1880 925 2157 994 justorum
2188 927 2294 982 ulla
2330 926 2626 982 festivitate
2640 927 3039 982 celebrabatur:
3065 930 3196 997 quin
3230 930 3451 997 plange—

1882 1020 2048 1074 batur
2078 1020 2287 1088 potius.
2338 1018 2442 1085 Qui
2491 1026 2772 1073 mortuum
2812 1020 3105 1089 tetigisset,
3139 1021 3187 1073 is
3212 1021 3449 1073 immun-

1882 1116 1988 1171 dus
2029 1116 2356 1178 habebatur,
2405 1125 2458 1170 et
2510 1108 2566 1171 si‘
2591 1117 2673 1170 vel
2706 1116 2883 1185 ipsum
2925 1115 3164 1185 Moysem
3195 1116 3262 1169 ‘9.
3300 1113 3453 1169 Nunc

1884 1215 2067 1260 autem
2101 1217 2427 1261 sanctorum
2468 1209 2764 1263 memorias
2810 1207 3024 1262 festivis
3067 1209 3453 1277 prosequimur

1884 1296 2205 1351 honoribus.
2236 1297 2406 1351 Jacob
2453 1308 2731 1353 mortuum
2784 1300 3117 1368 planxerunt
3149 1296 3191 1329 ⁷ο
3220 1312 3234 1349 :
3262 1297 3454 1353 obitus

1882 1401 2014 1441 vero
2047 1386 2308 1457 Stephani
2346 1389 2577 1442 solemni
2603 1388 2747 1458 apud
2774 1405 2874 1444 nos
2905 1404 3185 1445 concursu
3215 1389 3451 1445 celebris

1884 1487 1990 1534 cst.
2047 1479 2159 1532 Aut
2209 1480 2380 1548 igitur
2434 1480 2711 1536 solemnes
2778 1492 3093 1536 sanctorum
3152 1481 3450 1537 memorias

1884 1579 2082 1640 praeter
2128 1570 2327 1625 veteris
2379 1571 2514 1641 legis
2569 1572 2958 1642 praescriptum
3003 1582 3253 1641 receptas
3304 1572 3451 1638 tolle,

1883 1670 1976 1717 aut
2010 1663 2229 1717 illorum
2273 1662 2563 1741 imagines,
2601 1678 2741 1733 quas
2778 1675 2971 1718 contra
3024 1664 3162 1733 legis
3208 1673 3453 1718 tenorem

1881 1755 2168 1810 confectas
2212 1755 2438 1817 asseris,
2494 1754 2682 1809 haberi
2748 1753 3028 1824 permitte.
3086 1754 3286 1809 Verum
3338 1754 3455 1808 ﬁeri

1884 1857 2228 1913 nequaquam
2278 1852 2478 1913 potest,
2525 1853 2584 1899 ut
2636 1855 2957 1899 sanctorum
3004 1846 3283 1900 memoriae
3310 1846 3454 1919 celeo

206 1929 533 1999 ἁσυγχύτως
579 1930 786 2001 ὲκράθη
831 1931 966 2001 πρὸς
1008 1929 1071 1983 τὸ
1101 1930 1406 1999 ἡμέτερον,
1455 1928 1551 1979 καὶ
1581 1928 1779 1995 ἀμετα-

1883 1935 2083 1990 britate
2111 1950 2211 1991 sua
2233 1947 2457 1990 careant
2489 1952 2503 1987 ε
2541 1936 2747 2006 quippe
2784 1952 2924 2006 quas
2965 1945 3196 1991 sanctus
3234 1918 3452 2007 aposto-

208 2017 423 2088 ϐλήτως
452 2018 551 2089 τὴν
582 2020 759 2089 σάρκα
786 2020 1011 2084 ὲθέωσε,
1044 2019 1134 2072 διὰ
1160 2017 1262 2087 τῆς
1292 2021 1352 2070 ἐν
1388 2017 1650 2086 ἀλλήλαις
1679 2016 1779 2085 τῆς

206 2108 378 2161 αὐτοῦ
409 2108 700 2178 θεότητος,
744 2109 842 2162 καὶ
885 2110 984 2181 τῆς
1033 2110 1201 2163 αὐτοῦ
1234 2107 1438 2179 σαρκὸς
1468 2104 1779 2174 ἁσυγχύτου

206 2201 661 2270 παραχωρήσεως
682 2210 728 2263 ο,
774 2184 945 2264 ὅντως
992 2200 1330 2272 ήγιάσμεθα.
1383 2198 1492 2251 Καὶ
1539 2199 1632 2265 ἀφ’
1664 2190 1725 2249 οῦ
1754 2198 1783 2249 6

209 2291 340 2355 Υίδς
372 2292 466 2344 τοῦ
495 2290 661 2358 Θεοῦ,
693 2291 789 2344 καὶ
814 2290 947 2360 θεὸς
968 2332 983 2357 ,
1015 2291 1045 2343 ὁ
1075 2290 1295 2363 ἀπαθὴς
1332 2289 1408 2345 ὣν
1436 2293 1504 2361 τῇ
1537 2289 1779 2359 θεότητι,

203 2384 290 2455 τῷ
317 2384 710 2455 προσλήμματι
749 2383 1021 2450 πέπονθε,
1062 2385 1158 2437 καὶ
1186 2384 1248 2437 τὸ
1278 2385 1552 2455 ἡμέτερον
1580 2382 1779 2436 ἁπέτι-

203 2494 306 2529 σεν
326 2476 564 2548 ὄφλημα,
593 2476 790 2547 λύτρον
818 2477 1014 2545 ἐκχέας
1043 2477 1183 2547 ὑπὲρ
1208 2477 1366 2547 ἡμῶν
1393 2475 1693 2546 ἀξιόχρεών
1720 2490 1779 2527 τε

202 2570 307 2625 καὶ
345 2570 709 2637 ἁξιάγαστονο
750 2568 1131 2637 δυσωπητικὺν
1179 2568 1288 2640 γὰρ
1320 2552 1493 2640 Πατρὶ
1522 2609 1537 2634 ,
1570 2569 1666 2622 καὶ
1697 2569 1780 2622 αί-

203 2656 431 2728 δέσιμον
460 2653 598 2728 αἷμα
626 2656 790 2711 Υίοῦ·
839 2659 1008 2721 όντως
1055 2658 1482 2729 ήλευθερώμεθα
1509 2675 1523 2688 ο
1556 2658 1653 2712 καὶ
1683 2657 1778 2726 ἀφ’

202 2753 271 2808 οὐ
306 2748 580 2803 κατελθὼν
631 2751 710 2813 είς
756 2750 921 2820 ᾅδην,
968 2751 1091 2812 ταῖς
1119 2751 1211 2802 ἀπ’
1242 2750 1438 2812 αἰῶνος
1470 2748 1781 2817 πεπεδημέ-

207 2859 332 2906 vat;
356 2841 554 2912 ψυχαῖς
579 2881 594 2906 ,
637 2843 712 2911 ὡς
741 2841 1110 2915 αἰχμαλώτοις
1139 2842 1409 2913 ἐκήρυξεν
1438 2842 1635 2912 ἄφεσιν
1661 2882 1674 2905 ,
1706 2843 1781 2905 ὡς

207 2934 431 3003 τυφλοῖς
453 2933 765 3003 ἀνάϐλεψιν,
797 2935 893 2987 καὶ
920 2935 1090 3005 δήσας
1117 2934 1210 2988 τὸν
1237 2935 1481 3006 ἰσχυρὸν,
1512 2936 1589 3005 τῷ
1616 2936 1782 3004 ὑπερ-

209 3024 390 3093 έχοντι
412 3022 510 3093 τῆς
530 3023 812 3095 δυνάμεως
839 3025 1060 3095 ἀνέστη,
1093 3025 1152 3078 τὺ
1180 3024 1240 3089 ἐξ
1268 3027 1300 3096 ή
1309 3026 1424 3095 μῶν
1445 3024 1594 3095 αὐτῷ
1618 3036 1784 3094 προσ-

208 3113 418 3184 ληφθὲν
448 3116 787 3186 άφθαρτίσας
836 3115 1061 3185 σαρκίον
1080 3154 1095 3179 ,
1141 3116 1308 3178 ὅντως
1338 3114 1781 3185 ήφθὰρτίσμεθα.

221 3206 346 3277 ’Δφ’
375 3201 436 3261 οῦ
465 3225 523 3260 τε
554 3207 621 3261 δι’
665 3195 855 3271 ὓδατος
894 3208 990 3261 καὶ
1029 3208 1342 3277 πνεύματος
1381 3204 1779 3276 γεγεννήμεθα,

206 3298 380 3363 ὅντως
399 3300 775 3370 νίοθετήμεθα,
802 3301 891 3353 καὶ
911 3299 1234 3374 κληρονόμοι
1255 3296 1395 3351 Θεοῦ
1412 3296 1778 3368 γεγενήμεθα.

222 3386 506 3442 Ἐντεῦθεν
526 3388 650 3451 τοὺς
674 3389 917 3451 πιστοὺς.
950 3388 1134 3455 ἁγίους
1158 3389 1187 3440 6
1208 3385 1415 3450 Παῦλος
1446 3386 1618 3441 καλεῖ.
1662 3386 1779 3437 Ἐν-

212 3471 407 3534 τεῦθεν
428 3480 519 3533 τὸν
539 3480 646 3533 τῶν
677 3478 845 3548 ἁγίων
861 3478 921 3531 οὗ
950 3477 1272 3549 πενθοῦμεν,
1302 3478 1417 3533 ἁλλ’
1446 3476 1780 3548 ἑορτάζομεν

212 3561 461 3630 θάνατᾶν.
506 3570 785 3625 Ἐντεῦθεν
827 3573 924 3642 οὐχ
962 3572 1066 3625 ὑπὸ
1106 3570 1292 3641 νόμον,
1335 3570 1450 3624 ἀλλ’
1487 3570 1591 3622 ὑπὸ
1620 3570 1781 3640 χάριν

212 3664 403 3735 ῑσμὲν,
426 3664 803 3727 δικαιωθέντες
821 3664 911 3717 διὰ
932 3665 1032 3735 τῆς
1056 3664 1312 3729 πίστεως,
1343 3663 1436 3717 καὶ
1461 3662 1593 3715 Θεὸν
1623 3662 1781 3734 μόνον

212 3753 415 3817 εἰδότες
456 3753 549 3806 τὸν
587 3752 841 3824 ἀληθινόν
869 3767 885 3781 ⁸
932 3752 1126 3825 δικαίῳ
1173 3751 1230 3806 δὲ
1273 3753 1437 3822 νόμος
1480 3751 1541 3804 οὐ
1581 3753 1778 3805 κεῖται.

212 3847 332 3919 Οὐχ
353 3849 456 3902 ὑπὸ
482 3847 552 3901 τὰ
580 3850 818 3919 στοιχεῖα
845 3845 937 3901 τοῦ
965 3846 1132 3917 νόμου
1167 3845 1353 3915 ἐσμὲν,
1399 3843 1783 3914 δεδουλωμένοι

213 3941 519 4013 ὡςνήπιοι,
566 3940 683 3993 ἁλλ’
732 3941 811 4003 είς
860 3938 1028 4010 ἄνδρα
1059 3936 1515 4007 καταρτισθέντες
1555 3937 1780 3998 τέλειον,

221 4034 448 4104 στερεὰν
492 4032 699 4103 τροφὴν
728 4031 1058 4102 τρεφόμεθα,
1099 4030 1160 4081 οὐ
1189 4030 1288 4098 τὴν
1332 4029 1467 4099 πρὸς
1503 4027 1781 4080 εἰδωλολαο

216 4121 424 4193 τρείαν.
457 4121 635 4184 Καλὸς
678 4122 707 4174 6
748 4121 949 4191 νόμος,
991 4120 1067 4181 ὼς
1108 4118 1300 4188 λύχνος
1339 4118 1546 4187 φαίνων
1581 4120 1639 4168 ἐν
1688 4107 1783 4169 αὖ·

216 4212 414 4283 χμηρῷ
440 4214 590 4282 τόπῳ
611 4252 625 4275 ,
670 4210 785 4263 ἁλλ’
819 4210 923 4274 ἕως
949 4205 1009 4264 οῦ
1037 4210 1069 4275 ἡ
1110 4209 1296 4279 ἡμέρα
1331 4208 1597 4279 διαυγάζῃ
1621 4223 1635 4235 ·
1680 4208 1780 4279 ἤδη

214 4309 274 4360 δὲ
304 4307 538 4360 ἀνέτειλε
570 4303 856 4374 φωσφόρος
896 4304 953 4357 ὲν
1002 4306 1121 4365 ταῖς
1171 4302 1417 4375 καρδίαις
1447 4305 1477 4371 ἡ
1490 4302 1635 4371 μῶν,
1687 4302 1783 4353 καὶ

216 4398 359 4471 ὕδωρ
386 4395 495 4462 ζῶν
534 4399 633 4467 τῆς
662 4398 987 4465 θεογνωσίας
1011 4437 1025 4461 ,
1074 4396 1349 4457 θαλάσσας
1383 4394 1550 4447 ἐθνῶν
1578 4393 1778 4447 ἐπεκά-

214 4489 368 4559 λυψε,
406 4487 500 4541 καὶ
541 4488 738 4551 πάντες
770 4488 860 4540 τὸν
902 4486 1105 4557 Κύριον
1143 4487 1393 4555 ἔγνωμεν
1418 4502 1429 4515 ·
1469 4505 1487 4537 ι
1532 4484 1781 4558 Παρῆλθε

1879 2026 2059 2080 lorum
2088 2026 2531 2097 divinorumque
2607 2024 2835 2080 Patrum
2878 2027 3082 2083 chorus
3124 2029 3211 2096 agi
3257 2029 3452 2097 praeci-

1882 2119 2013 2186 piat.
2043 2116 2177 2172 Nam
2214 2133 2279 2171 ex
2322 2133 2433 2187 quo
2482 2119 2629 2174 Deus
2664 2119 2903 2173 Verbum
2958 2118 3136 2174 factus
3182 2128 3267 2174 est
3298 2134 3452 2184 caro,

1882 2208 2223 2263 assimilatus
2267 2208 2427 2263 nobis
2482 2222 2582 2278 per
2613 2209 2819 2274 omnia,
2850 2218 3081 2278 excepto
3124 2218 3370 2279 peccato,
3400 2219 3454 2264 ct

1882 2302 2018 2356 citra
2067 2299 2455 2355 confusionem
2491 2308 2705 2356 natura:
2742 2310 2943 2356 nostrae
2991 2303 3315 2357 connnistus
3346 2313 3451 2364 est,
3487 2298 3495 2305 ’

1883 2402 2104 2464 preptcr
2170 2399 2416 2447 mutuam
2496 2392 2813 2463 utriusque,
2870 2391 3181 2445 divinitatis
3244 2389 3453 2446 scilicet

1882 2483 2371 2552 humanitatisque.
2434 2482 3043 2547 circumiacessionem,
3109 2493 3449 2552 assumptam

1879 2591 2101 2633 carnem
2148 2576 2268 2630 sine
2308 2576 2670 2641 conversione
2714 2575 2882 2629 Deum
2933 2575 3135 2643 eﬂ‘ecit,
3173 2576 3283 2645 jam
3336 2586 3451 2630 tum

1881 2668 2061 2737 reipsa
2115 2667 2170 2720 in
2200 2676 2426 2741 sanctos
2454 2668 2753 2722 evasimus.
2805 2666 2882 2740 _Ex
2916 2684 3025 2737 quo
3062 2669 3189 2722 item
3230 2669 3318 2722 Dei
3356 2667 3452 2720 Fi-

1882 2759 1992 2826 lius
2021 2764 2073 2811 et
2107 2756 2271 2824 Deus,
2328 2771 2455 2811 cum
2499 2758 2633 2811 nulli
2676 2757 2986 2837 secundum
3027 2759 3292 2813 Deitatein
3327 2774 3453 2829 per-

1884 2846 2123 2917 pcssioni
2157 2845 2429 2899 obnoxius
2481 2852 2665 2916 esset,
2704 2853 2990 2914 assumpta
3036 2860 3202 2899 carne
3251 2860 3451 2914 passus

1883 2943 1991 2999 est,
2031 2942 2395 3002 nostrumque
2430 2932 2593 2989 solvit
2625 2932 2893 2997 debitum,
2928 2933 3262 3003 condignum
3292 2934 3453 3002 plane

1884 3041 1949 3080 ac
1981 3039 2106 3079 vere
2159 3023 2473 3077 mirandum
2522 3022 2921 3092 redemptionis
2974 3023 3321 3091 prol‘undens
3351 3038 3451 3092 pro

1885 3116 2044 3170 nobis
2077 3117 2313 3185 pretium
2345 3114 2605 3186 (sanguis
2636 3114 2838 3182 quippe
2871 3112 2995 3168 Filii
3036 3114 3305 3183 placando
3346 3114 3452 3167 ινδ-

1885 3206 1957 3261 tri
1989 3206 2091 3260 fuit
2121 3206 2373 3271 idoneus,
2417 3220 2481 3261 ac
2512 3206 2826 3260 reverentia
2856 3204 3099 3275 dignus),
3133 3220 3259 3258 vera
3288 3206 3453 3259 liber-

1886 3305 1997 3353 tate
2051 3298 2240 3353 donati
2286 3314 2502 3355 sumus.
2567 3297 2643 3352 Ex
2682 3312 2792 3367 quo
2842 3311 3066 3351 rursum
3127 3298 3192 3350 ad
3248 3297 3453 3353 inferos

1883 3390 2245 3455 descendens,
2281 3390 2481 3446 vinctis
2531 3392 2741 3460 pridem
2802 3388 3116 3455 animabus,
3150 3406 3247 3443 ceu
3282 3390 3453 3459 capti-

1883 3483 1967 3535 vis
1994 3481 2331 3542 libertatem,
2369 3488 2534 3550 atque
2582 3480 2764 3537 visum
2814 3480 2975 3533 caecis
3005 3482 3355 3534 annuntiavit
3382 3482 3450 3544 τ’,

1882 3572 2428 3643 “praestantissima
2476 3573 2684 3626 virtute
2732 3587 2829 3627 sua
2899 3572 3093 3626 fortem
3146 3572 3378 3641 alligans
3406 3574 3452 3603 ⁷⁸

1882 3665 2209 3729 τυειιττθιὶῐ,
2263 3678 2597 3735 carnemque
2630 3672 2879 3718 nostram
2929 3678 3093 3743 quam
3135 3678 3452 3732 assumpse-

1884 3764 1992 3820 rat,
2024 3755 2441 3824 incorruptione
2490 3754 2722 3819 dotavit,
2763 3754 2873 3817 iam
2909 3770 3008 3808 nos
3043 3770 3265 3824 quoque
3303 3756 3451 3810 inco-

1886 3847 2185 3902 lumitatem
2225 3862 2253 3900 a
2300 3849 2657 3918 corruptione
2709 3844 2916 3916 indepti
2978 3861 3194 3903 sumus.
3241 3845 3316 3901 Ex
3344 3863 3455 3917 quo

1886 3940 2123 4008 denique
2154 3954 2251 4009 per
2308 3955 2503 4009 aquam
2547 3949 2601 3995 et
2652 3941 2908 4010 spiritum
2961 3956 3154 3995 sumus
3188 3940 3452 4009 generati,

1887 4033 2131 4101 adoptivi
2188 4032 2285 4085 ﬁlii
2341 4032 2696 4101 lia’redesque
2755 4030 2849 4085 Dei
2885 4048 3012 4086 vere
3066 4031 3191 4085 facti
3238 4048 3452 4087 smnus.

1886 4123 2155 4189 Quocirca
2189 4120 2373 4176 ﬁdeles
2424 4136 2452 4174 a
2493 4120 2665 4174 Paulo
2705 4121 2966 4176 dicuntur
2999 4125 3175 4175 sancti
3202 4124 3267 4175 ⁷³.
3302 4123 3454 4177 Unde

1884 4231 1993 4271 non
2030 4216 2206 4279 luctu,
2247 4213 2381 4282 quin
2438 4214 2623 4281 potius
2654 4213 2855 4282 gaudio
2894 4225 3212 4267 sanctorum
3245 4216 3451 4268 exitum

1883 4307 2293 4376 prosequimur.
2351 4304 2489 4358 llinc
2550 4305 2755 4359 factum
2805 4314 2909 4367 est,
2939 4314 2997 4356 ut
3060 4321 3165 4358 non
3219 4308 3455 4375 amplius

1885 4397 1986 4451 sub
2016 4396 2152 4464 lege,
2190 4395 2281 4449 sed
2320 4395 2423 4449 sub
2469 4396 2646 4465 gratia
2692 4397 2869 4449 simus
2903 4397 2973 4460 ⁷⁸,
3013 4395 3300 4464 justificati
3361 4413 3458 4466 per

1886 4487 2044 4541 fidem
2110 4486 2179 4550 ⁷⁵,
2235 4487 2524 4555 solumque
2561 4486 2729 4542 Deum
2780 4502 2970 4543 verum
3033 4499 3453 4555 cognoscentes.

215 4582 286 4633 τὰ
313 4580 541 4644 παλαιὰ,
572 4580 681 4634 ίδοὺ
703 4580 892 4649 γέγονε
923 4582 991 4633 τὰ
1010 4580 1191 4633 πάντα
1217 4579 1397 4633 καινά.
1430 4597 1448 4629 ι
1476 4580 1616 4651 Φησὶ
1648 4580 1779 4648 γοῦν

1886 4578 2059 4633 Porro
2106 4578 2186 4632 lcx
2246 4578 2400 4645 justo
2441 4593 2545 4643 non
2593 4586 2678 4631 est
2713 4579 2890 4646 posita
2921 4580 2986 4631 ⁷⁸.
3022 4579 3135 4633 Sub
3170 4581 3457 4633 Olt'lllCllllS

214 4674 243 4726 6
274 4672 417 4735 θεῖος
453 4672 747 4733 ἀπόστολος
778 4671 984 4734 Παῦλος
1031 4671 1165 4741 πρὸς
1201 4671 1406 4740 Πέτρον
1426 4712 1440 4736 ,
1487 4671 1585 4739 τὴν
1616 4687 1783 4739 κορυ-

218 4764 379 4833 φαίαν
409 4765 686 4835 ἀκρότητα
712 4763 820 4816 τῶν
864 4763 1179 4816 ἀποστόλων
1205 4777 1219 4791 ⁸
1260 4781 1278 4813 ι
1326 4763 1387 4815 Et
1428 4764 1493 4815 σὺ
1534 4762 1782 4823 Ἰουδαῖος

216 4855 313 4923 ὃν,
339 4856 569 4918 ἐθνικῶς
605 4858 723 4925 ζῇς,
764 4856 859 4909 καὶ
888 4855 987 4908 οὐκ
1032 4852 1363 4916 Ἰουδαϊκῶς,
1393 4853 1511 4914 πῶς
1538 4852 1609 4905 τὰ
1648 4853 1776 4923 ἔθνη

218 4947 546 5015 ἀναγκάζεις
598 4947 947 5011 Ἰουδαῗζειν;
987 4964 1006 4998 υ
1041 4946 1151 4999 Καὶ
1186 4945 1323 5014 πρὸς
1356 4944 1600 5007 Γαλάτας
1643 4946 1781 5015 γρά-

220 5056 350 5113 φειτ
407 5060 425 5092 ι
472 5038 834 5110 Μαρτύρομαι
897 5039 1062 5093 παντὶ
1120 5036 1393 5109 ἀνθρώπῳ
1458 5052 1781 5107 περιτεμνο-

222 5133 403 5204 μένῳ,
456 5133 537 5185 ὅτι
594 5129 876 5199 ὀφειλέτης
930 5129 1079 5183 ἐστὶν
1122 5129 1243 5183 ὅλον
1290 5127 1380 5181 τὸν
1423 5127 1586 5198 νόμον
1643 5128 1784 5199 πλη-

223 5238 415 5294 ρωσαι,
452 5243 471 5275 ι

1887 4671 2047 4738 legis,
2080 4669 2246 4735 veluti
2297 4667 2554 4732 infantes,
2610 4685 2721 4722 non
2776 4685 2967 4729 sumus
3027 4670 3329 4726 servientes
3384 4673 3454 4730 ⁷⁷.

1888 4764 1983 4815 sed
2036 4762 2087 4813 in
2124 4760 2427 4829 perfectum
2465 4761 2741 4813 hominem
2786 4761 3048 4829 coaptati,
3099 4760 3280 4814 solido
3332 4762 3456 4814 cibo

1886 4854 2187 4917 nutrimur,
2220 4868 2327 4905 non
2373 4868 2453 4915 eo,
2484 4868 2594 4920 quo
2624 4854 2677 4906 in
2728 4853 3093 4908 idololatriam
3139 4853 3451 4909 illiciamur.

1886 4944 2032 4998 Bona
2072 4952 2156 4998 est
2203 4946 2286 4998 lex
2317 4945 2384 5009 ⁷⁸,
2414 4946 2594 4999 instar
2649 4945 2890 4999 lucerna:
2951 4948 3185 5003 lucentis
3239 4949 3293 5001 in
3324 4949 3458 5001 cali-

1886 5036 2079 5104 ginoso
2117 5036 2259 5099 loco,
2321 5036 2497 5091 donec
2554 5037 2671 5091 dies
2729 5038 3005 5091 eluccscat
3048 5040 3111 5090 7’.
3152 5040 3315 5107 Atqui
3347 5041 3457 5107 jam

1888 5128 2081 5181 lucifer
2114 5137 2270 5183 ortus
2300 5136 2383 5181 est
2441 5130 2493 5181 in
2527 5112 2791 5183 cordibus
2853 5131 3064 5185 nostris
3122 5150 3136 5184 :
3188 5132 3302 5201 jam
3336 5133 3456 5186 vita

1888 5220 2222 5289 cognitionis
2278 5220 2371 5274 Dei
2408 5237 2548 5290 aqua
2596 5223 2837 5291 gentium
2872 5224 3090 5291 operuit
3124 5239 3296 5288 mare,
3328 5239 3457 5277 nos~

220 5331 326 5390 que
386 5330 575 5371 omnes
626 5313 912 5369 Dominum
964 5312 1267 5368 novimus.’
1308 5330 1328 5364 ι
1363 5310 1558 5367 Vetera
1615 5312 1957 5367 transierunt
1990 5332 2002 5367 :
2033 5328 2162 5368 cccc
2195 5314 2339 5367 facta
2399 5322 2528 5369 sunt
2605 5317 2789 5369 omnia
2857 5330 2998 5370 nova
3022 5317 3090 5369 ⁸ο.
3136 5335 3154 5367 ι
3228 5315 3457 5371 Divinus

290 5456 336 5491 "
361 5455 476 5511 Lib.
514 5454 588 5508 De
605 5454 747 5522 Spir.
764 5463 943 5525 sancto
967 5454 1035 5506 ad
1061 5453 1248 5525 Amph.
1275 5468 1391 5525 cap.
1421 5452 1505 5525 i8.
1581 5454 1625 5525 f’
1648 5452 1808 5506 Num.
1843 5468 1954 5517 xix,
1984 5454 2068 5506 Η.

223 5528 266 5559 ”
299 5525 493 5581 Matth.
519 5542 614 5591 xu,
653 5525 743 5591 29,
819 5524 911 5578 ⁷³1
944 5524 1070 5578 Cor.
1114 5542 1154 5591 ι,
1181 5524 1237 5590 2,
1274 5523 1511 5578 ct’alihi.
1586 5524 1631 5554 ⁷⁸
1662 5525 1777 5576 lion

224 5596 274 5651 8.
354 5597 401 5628 τ’
439 5598 595 5650 liom.
632 5612 727 5657 νιι,
755 5594 841 5648 12.
933 5594 980 5626 ⁷⁸
1015 5596 1150 5650 ihid.
1190 5595 1231 5649 ll
1262 5593 1407 5650 Pctr.
1449 5609 1492 5657 l,
1524 5593 1610 5647 i9.
1689 5594 1733 5624 ⁸ο
1773 5592 1779 5644 l

1891 5540 1931 5586 ι,
1970 5524 2055 5576 14.
2133 5524 2175 5553 ’⁷⁵
2206 5523 2367 5577 lium.
2394 5540 2446 5588 ν,
2481 5525 2530 5579 ί.
2583 5525 2653 5597 ,⁷⁸
2684 5524 2697 5577 Ι
2723 5523 2862 5576 Tim.
2896 5541 2933 5586 I,
2959 5525 3008 5578 θ.

1886 5610 1968 5647 or.
2001 5611 2052 5657 v,
2083 5594 2168 5647 l7.

224 5596 274 5651 8.
354 5597 401 5628 τ’
439 5598 595 5650 liom.
632 5594 841 5660 “[1,12.
933 5594 980 5626 ⁷⁸
1015 5596 1150 5650 ibid.
1190 5595 1231 5649 ll
1262 5593 1407 5650 Petr.
1449 5609 1492 5658 l,
1524 5593 1610 5647 i9.

2146 5455 2190 5485 ⁷⁰
2214 5452 2349 5507 Gen.
2391 5471 2477 5510 xv.
2517 5454 2600 5506 li.
2678 5454 2718 5483 '”
2759 5451 2857 5507 lsa.
2885 5456 3083 5515 151,2;
3118 5455 3247 5506 Luc.
3272 5468 3341 5515 IV,
3372 5454 3453 5506 l9.

2146 5525 2175 5553 π’
2206 5523 2367 5577 item.
2394 5540 2446 5577 ν.
2481 5525 2530 5577 ί.
2608 5525 2653 5555 ⁷⁸
2684 5524 2697 5577 Ι
2723 5523 2862 5576 Tim.
2896 5541 2933 5577 ι.
2959 5525 3008 5577 θ.
3089 5525 3128 5555 ⁷⁷
3171 5524 3346 5577 Galat.
3380 5540 3453 5577 tv.

3218 5540 3346 5577 ιιιςιι.
3380 5540 3455 5586 ιν,

1471 5705 1703 5763 VARIAS
1743 5705 2143 5763 LECTIONES.

296 5817 320 5847 ε
360 5804 523 5861 Recte
545 5801 736 5859 Billius
758 5806 1011 5862 emendat
1038 5804 1486 5875 περιχωρήσεως,
1528 5817 1693 5872 quam
1730 5802 2281 5860 circumincessionem
2319 5803 2556 5875 theologi
2588 5810 2862 5862 nostrates
2895 5801 3187 5873 appellant.
