4172 6490
768 409 905 488 855

1902 409 1962 468 s.
2002 403 2322 469 JOANNIS
2363 399 2799 464 DAMASCENI
2872 482 2875 485 γ

3895 394 4027 469 ιεδ

756 530 1041 602 apostolus
1091 527 1292 582 l‘aulus
1372 536 1591 579 summo
1661 520 2035 590 apostolorum
2095 517 2289 571 vertici
2329 515 2494 570 Petro
2548 516 2773 570 aiebat:
2806 529 2826 563 ι
2867 511 2927 566 Si
3001 518 3083 578 tu,
3140 511 3365 566 Jmlams
3429 526 3551 564 cum
3595 513 3696 575 sis,
3746 513 4031 598 gentiliter

758 578 1039 602 —.r----~----
1092 578 1111 582 —
1386 578 1389 579 ν
1696 578 1711 590 .
3751 578 3777 581 _

758 625 918 688 Vivis,
958 637 1021 675 ac
1060 637 1168 675 non
1205 618 1459 680 Judaice,
1502 614 1784 685 quomodo
1828 621 2016 684 gentes
2053 611 2209 679 cogis
2244 608 2541 663 Judaizarc
2570 609 2663 659 a"?
2702 627 2721 658 ι
2806 607 3056 675 Itemque
3099 606 3312 661 Galatia
3392 604 3509 659 lucc
3557 606 3753 659 scribit
3789 624 3803 658 :
3840 578 3897 657 ι’
3929 605 4032 661 Te-

757 718 965 772 stiticor
1014 716 1163 770 omni
1215 711 1636 768 circumcidcnti
1675 725 1759 783 se,
1808 707 2070 778 quoniam
2127 704 2345 758 debitor
2382 712 2468 757 est
2501 703 2772 757 universa:
2803 701 2939 771 legis
2970 700 3259 770 implenda:
3288 700 3356 752 ⁸¹.
3390 717 3409 749 ι

836 810 1001 881 318
1025 808 1115 861 22.
1151 805 1524 871 Quamobrem
1555 802 1686 857 olim
1714 800 1935 869 quidem
1981 797 2148 877 Deum
2186 794 2344 863 igno-

2452 794 2555 865 κβ’.
2583 794 2758 847 ΙΙάλαι
2790 791 2890 862 μὲν
2929 787 3026 843 οὖν
3062 790 3138 861 μὴ
3169 790 3371 853 ειδότες
3397 788 3563 854 Θεὸν,
3596 788 3893 842 ἐδούλευον
3923 792 4030 853 τοῖς

758 915 964 967 rantes,
1001 900 1068 955 iis
1097 899 1191 967 qui
1228 907 1422 950 natura
1457 910 1566 948 non
1603 900 1734 947 sunt
1766 890 1867 951 dii,
1912 874 2334 943 serviebant”:

759 1008 906 1049 nunc
956 999 1137 1044 autetn
1192 1002 1317 1041 cum
1367 982 1795 1054 cognoverimus
1845 976 2040 1041 Deum,
2082 977 2192 1029 imo
2242 988 2339 1028 co-

759 1085 896 1152 gniti
944 1084 1121 1141 simus
1153 1094 1183 1133 a
1231 1078 1362 1140 lleo,
1392 1072 1674 1144 quomodo
1723 1082 2113 1124 convertamur
2152 1065 2221 1119 ad
2253 1065 2340 1119 in-

762 1177 916 1229 firma
944 1180 997 1227 et
1026 1184 1198 1240 egena
1220 1168 1488 1221 elementa
1524 1162 1607 1214 ⁸⁸2
1630 1160 1937 1214 Humanam
1975 1156 2069 1211 Dei
2105 1156 2337 1209 formam

760 1265 976 1335 aspexi,
1009 1271 1063 1315 et
1112 1260 1260 1315 salva
1286 1258 1432 1312 facta
1464 1263 1549 1311 est
1594 1255 1774 1309 anima
1828 1266 1971 1307 mea.
2019 1250 2114 1306 Dei
2147 1248 2346 1318 imagi-

762 1370 883 1410 nem
915 1350 1251 1415 iutucor,uti
1282 1348 1425 1402 vidit
1453 1361 1575 1401 eam
1598 1344 1771 1399 Jacob
1796 1343 1864 1406 ⁸⁸,
1892 1354 2209 1411 quanquam
2235 1338 2345 1391 alio

757 1453 814 1500 et
850 1445 962 1498 alio
994 1443 1180 1499 modo.
1219 1438 1354 1493 Nam
1418 1438 1510 1493 ille
1562 1435 1767 1490 mentis
1814 1433 1994 1487 oculis
2047 1445 2077 1484 a
2114 1430 2343 1484 materia

760 1534 959 1590 alienis
1015 1539 1297 1603 expertem
1362 1528 1609 1583 materia:
1644 1526 1782 1579 vidit
1848 1524 2170 1593 imaginem,
2222 1534 2346 1588 qua:

761 1627 946 1682 futura
978 1630 1381 1696 praemoncrct:
1410 1635 1513 1691 ego
1567 1620 1621 1673 id
1661 1619 1906 1681 intueor,
1952 1614 2097 1684 quod
2139 1611 2341 1683 perfrio

759 1730 851 1774 cat
882 1718 1200 1773 memoriam
1238 1715 1415 1777 illius,
1451 1711 1546 1781 qui
1578 1710 1736 1765 visus
1766 1708 1939 1780 estin
1977 1720 2169 1759 carne.
2201 1704 2346 1772 Apo-

716 1814 719 1818 ‘
760 1810 1035 1865 stulorum
1078 1807 1297 1867 umbra,
1338 1803 1562 1858 sudaria
1605 1814 1847 1871 quoque.
1901 1811 1966 1851 ac
1996 1794 2342 1851 semicinctia

761 1902 987 1956 morbos
1031 1899 1331 1967 pellebant,
1387 1895 1665 1949 dtemones
1720 1890 1990 1959 fugabant
2034 1888 2112 1940 "z
2173 1899 2342 1940 eccur

760 1992 967 2047 umbra:
993 1999 1046 2043 et
1085 1988 1307 2058 imagini
1365 1993 1686 2040 sanctorum
1736 1994 1878 2035 suus
1918 1978 2129 2048 pariter
2164 1976 2344 2030 honos

2446 884 2522 955 μὴ
2562 883 2723 952 φύσει
2753 878 2876 936 οὖσι
2907 880 3059 944 θεοῖς
3084 896 3101 913 ⁸
3133 879 3231 932 νῦν
3270 879 3329 932 δὲ
3374 879 3595 946 γνόντες
3622 877 3779 941 Θεὸν,
3836 877 4031 947 μᾶλλον

2440 975 2500 1028 δὲ
2541 973 2882 1043 γνωσθέντες
2916 972 3023 1025 ὑπὸ
3048 971 3187 1024 Θεοῦ
3213 1010 3229 1035 ,
3280 970 3396 1033 πῶς
3435 967 3849 1039 ἐπιστρέψομεν
3878 970 4033 1024 πάλιν

2442 1066 2537 1118 ἐπὶ
2564 1066 2635 1118 τά
2664 1062 2865 1133 ἀσθενῆ
2896 1064 2991 1116 καὶ
3025 1062 3225 1132 πτωχά
3256 1064 3532 1131 στοιχεῖα;
3564 1058 3717 1114 Εἶδον
3742 1058 4031 1123 εἰδοςθεοῦ

2442 1158 2506 1210 τδ
2532 1156 2896 1227 ἀνθρώπινον,
2945 1154 3043 1207 καὶ
3096 1152 3277 1223 ἐσώθη
3319 1169 3422 1222 μου
3459 1155 3493 1221 ἡ
3519 1151 3691 1222 ψυχή.
3723 1149 3937 1219 Θεωρῶ
3964 1154 4033 1203 εἰ-

2444 1248 2580 1302 κόνα
2594 1246 2755 1312 Θεοῦ,
2783 1246 2860 1310 ὡς
2882 1244 3024 1300 εἶδεν
3060 1244 3274 1310 Ἰακὼϐ,
3297 1248 3345 1298 εί
3374 1245 3469 1299 καὶ
3498 1243 3699 1308 ἄλλως,
3723 1244 3827 1297 καὶ
3842 1243 4030 1306 ἄλλως.

2456 1340 2695 1401 Ἐκεῖνος
2728 1340 2828 1409 μὲν
2856 1333 2973 1408 γάρ
3004 1337 3190 1401 ἀῦλον,
3217 1336 3279 1390 τὺ
3301 1338 3563 1409 ἐσόμενον
3588 1336 4032 1407 προμηνύουσαν,

2443 1431 2631 1493 ἀῦλοις
2663 1429 2793 1494 ναδς
2820 1430 3152 1500 ὀφθαλμοῖς,
3187 1428 3299 1500 ἐγὼ
3323 1429 3379 1482 δὲ
3404 1427 3501 1483 τοῦ
3526 1429 3695 1498 σαρκὶ
3722 1426 4031 1498 όραθέντο;,

2446 1521 2671 1590 μνήμης
2715 1518 3079 1590 ὲμπύρευμα.
3126 1519 3192 1573 Ἥ
3242 1518 3353 1572 τῶν
3394 1518 3714 1571 ἀποστόλων
3758 1516 3934 1582 σκιὰ,
3977 1518 4035 1569 τὰ

2446 1608 2708 1679 σουδάριά
2735 1625 2794 1660 τε
2823 1608 2917 1660 καὶ
2972 1606 3305 1678 σιμικίνθια,
3338 1607 3527 1669 νόσους
3560 1606 3855 1676 ἀπήλαυνε
3881 1646 3897 1667 ,
3933 1606 4032 1659 δαί-

2447 1716 2617 1770 μονας
2661 1700 3005 1767 ἐφυγάδευε·
3053 1699 3319 1762 καὶ·πῶς
3356 1701 3390 1769 ἠ
3436 1697 3563 1753 σκιά
3597 1697 3695 1751 καὶ
3731 1696 3907 1750 εἰκὼν
3939 1698 4034 1750 τῶν

2442 1790 2615 1857 ἁγίων
2647 1791 2707 1843 οὐ
2736 1789 3131 1859 δοξασθήσεται
3168 1805 3184 1854 ;
3230 1791 3263 1860 ἢ
3291 1792 3473 1860 πάσης
3504 1788 3639 1859 ὕλης
3664 1787 4035 1860 προσκύνησιν

2444 1882 2620 1941 ἄνελε,
2654 1881 2687 1951 ἢ
2722 1882 2798 1949 μὴ
2824 1881 3143 1949 καινοτόμει
3164 1919 3178 1943 ,
3230 1880 3367 1951 μηδὲ
3400 1879 3627 1951 μέταιρε
3660 1880 3791 1950 ὅρια
3824 1880 4035 1942 αίώνια,

2451 1972 2487 2026 ἃ
2513 1972 2699 2024 ἔθεντο
2727 1973 2777 2024 οἱ
2805 1971 3045 2042 πατέρες
3074 1989 3193 2025 σου.

761 2099 869 2139 non
911 2083 1058 2137 erit?
1090 2081 1195 2135 Aut
1239 2078 1375 2133 illud
1409 2093 1572 2132 omne
1599 2075 1766 2145 quod
1808 2075 2039 2130 materia
2089 2080 2331 2134 constat,
2376 2070 2598 2123 adorari
2629 2068 2886 2140 prohibe,
2915 2075 3013 2123 aut
3044 2069 3187 2125 nihil
3229 2069 3500 2128 obtrudas
3528 2070 3680 2136 novi,
3754 2084 3873 2125 neu
3935 2075 4029 2124 ter-

760 2175 939 2230 minos
970 2172 1223 2240 antiquos
1248 2166 1578 2231 transferas,
1618 2181 1758 2237 quos
1786 2174 2094 2235 posuerunt
2137 2173 2319 2234 patres
2363 2163 2437 2214 tui
2469 2160 2539 2215 δ’.

829 2265 922 2319 23.
974 2265 1099 2318 Non
1159 2262 1339 2316 solum
1388 2261 1535 2314 enim
1593 2259 1853 2314 Ecclesia:
1920 2258 2070 2327 leges
2128 2258 2350 2326 scriptis

2527 2258 2637 2322 κγ’.
2668 2253 2743 2307 Οὐ
2784 2253 2948 2323 μόνον
2964 2251 3276 2326 ’γράμμασι
3302 2255 3403 2327 τὴν
3431 2254 3911 2327 ὲκκλησιαστικὴν
3932 2254 4034 2307 θεσ-

760 2366 1087 2419 sanxerunt,
1143 2370 1335 2409 verum
1393 2354 1555 2407 etiam
1593 2352 1734 2406 citra
1793 2350 2139 2418 Scripturam
2190 2356 2343 2403 certa

2452 2344 2708 2414 μοθεσίαν
2738 2346 3088 2415 παρέδωκαν,
3137 2346 3278 2400 ἀλλά
3303 2347 3398 2400 καὶ
3422 2346 3696 2417 ἀγράφοις
3718 2348 3837 2400 τισὶ
3870 2364 4034 2417 παρα-

758 2450 1007 2521 quzedam
1064 2446 1435 2500 tradiderunt.
1488 2441 1647 2497 Unde
1698 2442 1961 2505 Basilius,
2009 2455 2135 2511 cap.
2180 2440 2249 2493 27
2276 2455 2342 2493 ex

2452 2436 2650 2517 Maeci.
2672 2437 2812 2503 Φησὶ
2836 2436 2970 2505 γοῦν
3002 2440 3031 2491 ό
3057 2436 3203 2500 θεῖος
3229 2438 3513 2501 Βασίλειος
3542 2438 3601 2491 ἐν
3625 2437 3870 2507 εἰκοστῷ
3892 2438 4033 2492 ἑϐδό-

760 2542 989 2613 triginta
1032 2539 1140 2594 illis
1179 2537 1458 2606 capitibus
1501 2548 1627 2604 qua:
1678 2534 1745 2588 ad
1786 2532 2231 2603 Amphilochium
2278 2530 2347 2585 de

2452 2544 2536 2598 μῳ
2562 2528 2671 2580 τῶν
2697 2528 2836 2597 πρὸς
2873 2528 3224 2599 Ἀμφιλόχιον
3258 2529 3386 2601 περὶ
3414 2528 3508 2583 τοῦ
3532 2529 3693 2598 ἀγίου
3725 2530 4033 2600 πνεύματος

762 2634 973 2705 Spiritu
1004 2639 1199 2687 sancto
1217 2628 1472 2698 scripsit,
1510 2626 1793 2695 expressis
1827 2626 2012 2680 verbis
2037 2626 2115 2679 ait
2152 2643 2167 2680 :
2207 2642 2227 2675 ι
2267 2622 2345 2677 Et

2452 2619 2749 2688 τριάκοντα
2780 2620 3120 2688 κεφαλαίων,
3160 2619 3253 2673 ἐπὶ
3284 2619 3482 2685 λέξεως
3510 2620 3681 2685 οὕτως
3705 2636 3722 2648 °
3764 2640 3784 2672 ι
3831 2622 3956 2674 Τῶν
3982 2624 4033 2673 ἐν

764 2722 881 2780 illis
906 2722 1261 2792 dogmatibus
1292 2729 1347 2776 et
1373 2718 1887 2789 praedicationibus,
1921 2730 2045 2785 qua
2078 2716 2133 2769 in
2161 2713 2349 2769 Eccle-

2452 2712 2513 2782 τῇ
2561 2710 2867 2781 Ἐκκλησία]⁵
2916 2708 3359 2782 πεφυλαγμένων
3408 2712 3701 2783 δογμάτων
3738 2713 3837 2765 καὶ
3868 2730 4031 2783 κηρυο

762 2817 849 2875 sia
881 2823 1308 2875 conservantur,
1359 2812 1464 2865 alia
1508 2824 1577 2864 ex
1624 2810 1835 2877 scripta
1892 2808 2143 2863 doctrina
2198 2812 2350 2861 tene-

2452 2801 2704 2871 γμάτων,
2734 2800 2806 2854 τὰ
2842 2801 2940 2873 μὲν
2970 2804 3036 2856 ὲκ
3067 2803 3170 2873 τῆς
3212 2804 3498 2873 ἐγγράφου
3539 2803 3895 2869 διδασκαλίας
3918 2806 4032 2874 εχε-

762 2922 909 2970 mus,
945 2906 1048 2957 alia
1078 2919 1142 2959 ex
1178 2901 1485 2971 apostolica
1509 2898 1810 2955 traditione
1833 2908 2053 2953 secreto
2085 2910 2349 2951 concessa

2455 2911 2558 2963 μεν
2588 2910 2601 2923 ·
2634 2893 2704 2946 τὰ
2729 2894 2789 2947 δὲ
2824 2896 2891 2948 ὲκ
2918 2895 3020 2965 τῆς
3049 2894 3161 2948 τῶν
3186 2896 3505 2953 ἀποστόλων
3532 2898 3895 2967 παραδόσεως
3922 2899 4032 2951 δια-

720 3012 721 3015 ‘
763 2994 1118 3065 accepimus:
1149 3006 1273 3062 qua:
1305 2990 1529 3060 quidem
1578 2997 1817 3057 utraque
1860 2989 1970 3041 vim
2021 3002 2207 3057 parem
2247 2986 2349 3040 ha-

2452 2984 2674 3037 δοθέντα
2718 2987 2891 3054 ἡμῖν,
2933 2987 2991 3040 ὲν
3040 2987 3326 3058 μυστηρίῳ
3369 2988 3801 3060 παραδεξάμεθα
3828 3007 3843 3019 ·
3898 2990 4032 3061 άπερ

762 3087 895 3142 bent
937 3085 1001 3139 ad
1059 3082 1339 3153 pietatem.
1392 3079 1506 3135 Nec
1555 3079 1857 3148 quisquam
1891 3080 1961 3132 iis
1994 3078 2350 3132 contradixe-

2452 3074 2740 3143 ἀμφότερα
2761 3074 2862 3144 τὴν
2892 3076 3065 3145 αὐτὴν
3095 3067 3250 3147 ίσχῖιν
3279 3078 3393 3147 ἔχει
3430 3078 3567 3150 πρὸς
3594 3088 3695 3151 την
3726 3080 4028 3134 εὐσέϐειαν.

762 3178 857 3239 rit.
899 3178 991 3246 qui
1038 3176 1127 3229 vel
1162 3173 1456 3227 minimum
1508 3170 1765 3225 Ecclesiae
1821 3171 1970 3239 leges
2016 3169 2345 3239 inquisierit.

2452 3162 2560 3214 Kal.
2591 3162 2804 3225 τούτοις
2858 3163 3037 3226 οὐδεὶς
3066 3165 3327 3237 ἀντερεῖ,
3370 3166 3570 3219 οὐκοῦν
3594 3168 3616 3207 ί
3654 3168 3807 3233 ὄπις
3837 3187 3904 3238 γε
3936 3172 4033 3223 κᾶν

762 3267 899 3325 Nam
930 3269 974 3324 si
1012 3266 1441 3322 consuetudines
1469 3263 1619 3327 illas,
1648 3277 1772 3332 qua:
1798 3263 2020 3329 scripta:
2049 3277 2157 3315 non
2188 3266 2343 3325 sunt,

2452 3253 2649 3323 μικρὸν
2675 3253 2808 3323 γοῦν
2831 3255 3049 3322 θεσμῶν
3081 3256 3414 3326 Ἐκκλησίας
3435 3262 3773 3329 πεπείραται
3802 3279 3815 3290 ·
3851 3264 3903 3315 εἰ
3933 3263 4033 3332 γὰρ

766 3370 1024 3430 tanquam
1076 3356 1257 3427 magni
1303 3371 1411 3410 non
1469 3354 1585 3409 sint
1637 3354 1924 3417 momenti,
1976 3352 2207 3421 rejicere
2252 3365 2348 3421 ag-

2452 3348 2906 3419 ἐπιχειρήσαιμεν
2947 3346 3016 3400 τὰ
3045 3348 3277 3418 ἄγραφα
3306 3351 3413 3404 τῶν
3441 3350 3601 3417 ὲθῶν,
3646 3353 3723 3414 ὡς
3752 3355 3832 3423 μὴ
3869 3355 4032 3424 μεγά-

765 3453 940 3525 gressi
995 3449 1286 3513 fuerimus,
1343 3447 1726 3516 imprudenter
1770 3444 2040 3514 profecto,
2104 3444 2191 3507 iis,
2226 3458 2349 3514 quae

2452 3438 2548 3509 λην
2576 3439 2767 3508 ἔχοντα
2801 3439 2902 3512 τὴν
2949 3440 3181 3511 δύναμιν
3222 3443 3631 3513 παραιτεῖσθαι,
3672 3444 3944 3513 λάθοιμεν
3976 3448 4033 3499 ἂν

766 3547 819 3599 in
867 3540 1164 3608 Evangelia
1218 3538 1434 3609 potiora
1474 3544 1625 3597 sunt,
1669 3535 1930 3590 damnum
1964 3534 2285 3589 infcrcmus.
2326 3552 2343 3585 ι

2452 3533 2533 3594 είς
2574 3532 2713 3586 αὐτὰ
2768 3530 2836 3584 τὰ
2895 3530 3086 3601 καίρια
3136 3532 3464 3601 ζημιοῦντες
3512 3536 3570 3588 τὸ
3622 3536 4028 3604 Εὐαγγέλιον.›

769 3634 893 3688 llrec
941 3648 1173 3700 magnus
1216 3629 1477 3684 Basilius.
1517 3628 1620 3681 Sed
1662 3630 1811 3683 cnim
1866 3625 2141 3679 undenam
2194 3626 2349 3678 novi-

766 3739 893 3780 mus
951 3720 1220 3775 Cal-variae
1268 3721 1493 3784 locum,
1530 3717 1671 3772 Vita:
1745 3715 2100 3786 sepulcrum?
2153 3714 2351 3768 Annon

769 3818 895 3887 quia
922 3829 950 3868 a
992 3813 1313 3883 parentibus
1350 3811 1445 3864 ﬁlii
1498 3809 1648 3862 nulla
1700 3807 1935 3862 docente
1967 3806 2265 3885 Scriptura
2300 3804 2351 3858 id

769 3906 1131 3977 receperunt?
1164 3906 1300 3957 Nam
1332 3903 1654 3959 crucifixum
1692 3899 1915 3970 quidem
1954 3881 2268 3961 Dominum,
2297 3905 2352 3951 et

769 4001 827 4055 in
860 4007 1245 4059 monumento,
1307 3992 1453 4063 quod
1506 3990 1710 4060 Joseph
1759 3989 2041 4044 exciderat
2094 3988 2147 4041 in
2198 3996 2353 4056 petra

771 4094 1069 4164 sepultum,
1091 4088 1378 4157 Scriptura
1412 4085 1662 4156 perbibet.
1688 4083 1756 4138 ⁸⁸.
1791 4081 1948 4145 Quod
1982 4095 2113 4134 vero
2143 4094 2207 4133 ea
2236 4080 2353 4148 ipsa

771 4186 903 4246 sint,
954 4182 1153 4252 quibus
1206 4194 1353 4233 nunc
1384 4174 1748 4246 procidimus,
1796 4189 1860 4228 ex
1901 4170 2201 4225 traditione
2238 4184 2351 4223 non

773 4275 977 4345 scripta
1009 4274 1286 4336 novimus,
1313 4270 1583 4337 pluraque
1612 4266 1698 4320 liis
1742 4265 1966 4319 similia.
2001 4262 2158 4317 Unde
2183 4262 2354 4316 liabe-

776 4378 919 4426 mus,
963 4372 1022 4416 ut
1047 4362 1355 4430 baptismus
1384 4366 1539 4410 terna
1596 4356 1981 4411 mersitatione
2011 4353 2145 4406 ﬁat?
2199 4351 2355 4406 Unde

775 4455 924 4527 quod
962 4454 1028 4507 ad
1061 4453 1331 4505 orientem
1388 4448 1644 4502 conversi
1691 4445 2025 4523 precemur?
2076 4441 2233 4497 Unde
2269 4457 2357 4496 sa-

774 4554 1183 4603 cramentorum
1215 4541 1537 4598 institutio?
1561 4538 1772 4593 Idcirco
1818 4537 2040 4592 divinus
2069 4535 2355 4605 apostolus

774 4640 977 4695 Paulus
998 4638 1073 4691 ait
1105 4658 1118 4691 :
1157 4653 1175 4686 ι
1208 4636 1418 4704 itaque,
1454 4634 1671 4696 fratres,
1697 4640 1857 4695 state,
1889 4639 1947 4685 et
1971 4639 2153 4684 tenete
2184 4629 2360 4681 tradi-

775 4731 975 4791 tiones,
1008 4741 1149 4795 quas
1193 4725 1492 4789 didicistis,
1540 4722 1661 4777 sive
1715 4736 1813 4789 per
1868 4732 2203 4782 sermonem,
2246 4719 2360 4771 sive

775 4834 875 4894 per
913 4817 1201 4887 epistolam
1240 4823 1487 4870 nostram
1520 4814 1585 4868 ⁸⁹.
1625 4832 1641 4864 ι
1690 4811 1931 4866 Proinde
1967 4824 2093 4864 cum
2124 4815 2205 4863 tot
2238 4816 2360 4861 tan-

2455 3621 2642 3674 Ταῦτα
2680 3621 2776 3673 τοῦ
2826 3624 3064 3691 μεγάλου
3107 3624 3389 3677 Βασιλείου
3440 3625 3510 3678 τά
3551 3628 3775 3696 ῥήματα
3800 3644 3815 3657 ·
3874 3628 4034 3682 πόθεν

2456 3713 2566 3783 γὰρ
2599 3714 2758 3782 ῖσμεν
2786 3714 2877 3765 τὸν
2907 3714 3150 3783 Κρανίου
3185 3716 3349 3769 τόπον
3380 3717 3471 3768 τὸν
3505 3717 3661 3785 ἀγιον
3682 3758 3698 3783 ,
3734 3719 3798 3771 τὸ
3846 3723 4031 3790 μνῆμα

2454 3805 2558 3873 τῆς
2582 3805 2763 3874 ζωῆς
2808 3805 2881 3858 Οὐ
2911 3807 3101 3870 παῖδες
3135 3806 3286 3878 παρά
3309 3809 3514 3878 πατρὸς
3542 3810 3815 3879 ἀγράφως
3850 3830 4038 3883 παρει-

2455 3893 2689 3963 ληῑρότες
2714 3912 2728 3960 ;
2763 3895 2837 3947 Τὸ
2865 3896 2966 3966 μὲν
2996 3898 3107 3966 γὰρ
3134 3899 3192 3949 ὲν
3222 3898 3371 3968 τόπῳ
3394 3899 3624 3969 κρανίου
3655 3902 4038 3971 ἐσταυρῶσθαι

2455 3988 2545 4039 τὸν
2570 3988 2776 4057 Κύριον
2798 4027 2813 4051 ,
2847 3990 3192 4059 γέγραπται,
3227 3991 3321 4043 καὶ
3352 3991 3618 4061 τετάφθαι
3660 3994 3719 4045 ὲν
3760 3995 4037 4064 μνημείῳ,

2453 4074 2482 4126 ὃ
2511 4075 2849 4147 ἐλατόμησεν
2900 4078 3099 4149 Ἰωσὴφ
3151 4080 3209 4134 ὲν
3253 4082 3321 4151 τῇ
3369 4082 3576 4153 πέτρᾳ’
3626 4082 3709 4135 ὃτι
3761 4082 3819 4136 δὲ
3871 4085 4041 4138 ταῦτα

2454 4166 2570 4218 ἐστι
2593 4166 2660 4220 τά
2682 4167 2774 4220 νῦν
2810 4170 3283 4239 προσκυνούμενα,
3324 4173 3385 4236 ἐξ
3404 4174 3656 4244 ἀγράφου
3678 4177 4043 4247 παραδόσεως

2458 4256 2638 4325 ἴσμεν,
2671 4260 2765 4312 καὶ
2795 4260 3024 4313 πλεῖστα
3048 4260 3263 4326 τούτοις
3294 4264 3593 4334 παρόμοια.
3628 4266 3804 4320 Πόθεν
3826 4268 3895 4321 τὸ
3928 4272 4040 4340 τρὶς

2460 4348 2779 4418 βαπτίζεινς
2812 4352 2986 4404 Πόθεν
3013 4352 3075 4405 τὸ
3098 4355 3215 4405 κατ’
3244 4353 3509 4417 ἀνατολὰς
3531 4355 3792 4425 εῠχεσθαι
3820 4375 3835 4424 ;
3873 4360 4043 4412 Πόθεν

2457 4444 2489 4509 ἡ
2523 4441 2631 4493 τῶν
2666 4444 2979 4513 μυστηρίων
3010 4445 3342 4515 napitham;
3380 4445 3470 4497 Διὸ
3500 4448 3648 4499 καὶὸ
3685 4447 3835 4509 θεῖος
3882 4450 4043 4502 ’Δπόο

2461 4534 2644 4594 στολος
2676 4533 2887 4596 Παῦλος
2915 4536 3112 4604 φησίν⁵
3152 4554 3171 4587 ι
3216 4539 3357 4608 ’Δρα
3381 4532 3495 4602 οὖν,
3532 4537 3776 4606 ἀδελφοὶ,
3812 4541 4045 4611 στήκετε

2461 4624 2555 4675 καὶ
2589 4626 2841 4693 κρατεῖτε
2867 4626 2964 4687 τὰς
2990 4628 3315 4697 παραδόσεις
3340 4631 3407 4692 ἀς
3438 4630 3780 4702 ἐδιδάχθητε,
3812 4634 3926 4686 είτε
3962 4634 4048 4687 διὰ

2461 4715 2643 4782 λόγου,
2675 4715 2784 4767 εἴτε
2815 4717 2883 4768 δι’
2916 4717 3210 4793 ἐπιστολῆς
3239 4721 3416 4791 ἡμῶν.
3450 4740 3468 4771 ι
3498 4722 3718 4775 Πολλῶν
3745 4726 4050 4794 τοιγαροῦν

2461 4805 2557 4858 καὶ
2584 4806 2857 4859 τοσούτων
2886 4808 3152 4879 ἀγράφως
3177 4814 3241 4882 τῇ
3266 4811 3535 4881 ἐκκλησίᾳ
3558 4814 4045 4885 παραδεδομένων,

776 4919 943 4979 taque
982 4909 1094 4963 sint
1121 4906 1283 4961 nobis
1315 4907 1434 4961 sine
1460 4904 1686 4973 scriptis
1723 4902 1948 4965 tradita,
1982 4916 2102 4972 quae
2128 4900 2193 4954 ad
2218 4899 2350 4953 hanc

2464 4899 2558 4951 καὶ
2596 4900 2759 4969 μέχρι
2791 4897 2886 4951 τοῦ
2916 4900 3011 4953 νῦν
3039 4902 3495 4973 πεφυλαγμένων,
3528 4906 3581 4958 τί
3611 4908 3743 4977 περὶ
3770 4908 3873 4971 τὰς
3899 4911 4049 4962 είκός

782 5013 959 5068 usque
993 4998 1139 5051 diem
1195 4996 1489 5049 observata
1523 5002 1709 5059 ‘sunt,
1748 4992 1881 5061 quid
1929 5000 2013 5046 est
2075 5004 2176 5044 cur
2228 5003 2357 5058 erga

770 5094 1047 5165 imagines
1079 5087 1386 5157 vitilitiges?

848 5183 942 5237 24.
983 5180 1132 5248 Quos
1170 5177 1419 5248 profecto
1463 5173 1727 5245 producis
1766 5174 1943 5236 locos,
1989 5172 2027 5227 ii
2065 5186 2173 5226 non
2216 5171 2355 5225 ima-

782 5278 968 5349 ginum
1019 5280 1331 5327 nostrarum
1368 5269 1578 5323 cultum
1628 5281 1755 5321 esse
1793 5266 2224 5320 abominandum
2257 5264 2353 5318 do-

780 5376 934 5432 cent;
987 5364 1083 5421 sed
1135 5364 1353 5416 illarum
1391 5361 1597 5429 potius,
1632 5373 1772 5427 quas
1802 5357 1911 5411 sibi
1965 5357 2198 5425 gentiles
2233 5363 2353 5410 sta-

2466 5008 2564 5054 νας
2596 4991 3013 5061 σμικρολογείς;
3080 5050 3086 5055 _

2537 5172 2634 5225 κδ’.
2668 5173 2767 5234 “Ac
2799 5171 2983 5241 μέντοι
3017 5176 3243 5246 χρήσεις
3292 5177 3600 5248 παράγεις,
3649 5178 3711 5229 οὐ
3756 5177 3871 5231 τῶν
3916 5178 4052 5249 παρ’

2466 5264 2599 5335 ἡμῖν
2640 5263 2864 5316 εἰκόνων
2918 5263 3304 5333 βδελύσσονται
3343 5270 3443 5339 τὴν
3477 5269 3875 5338 προσκύνησιν,
3912 5270 4053 5323 ἀλλά

2461 5356 2571 5409 τῶν
2599 5355 2805 5419 ταύτας
2847 5355 3245 5412 θεοποιούντων
3286 5359 3573 5431 Ἑλλήνων.
3616 5360 3690 5414 Οὐ
3737 5361 3821 5413 δεῖ
3863 5362 4053 5416 τοίνυν

850 5503 893 5533 ⁸⁸
920 5500 1097 5567 Galat,
1138 5499 1312 5565 11,“.
1390 5495 1437 5528 ⁸⁸
1477 5496 1610 5550 ibid.
1634 5512 1692 5567 ν,
1720 5495 1773 5549 ‘5.
1800 5494 2091 5567 _r”GaAlat.
2124 5511 2197 5561 iv,
2228 5495 2279 5549 8.
2324 5496 2404 5567 if“
2432 5494 2563 5551 ibid.
2605 5495 2659 5550 9.
2733 5495 2781 5529 ⁸⁸
2802 5494 2941 5555 Gen.
2976 5513 3128 5567 xxxi,
3168 5497 3258 5567 30,
3330 5500 3375 5533 "
3402 5500 3523 5557 Act.
3557 5515 3648 5567 xv,
3671 5500 3724 5557 6.
3800 5499 3845 5532 "
3884 5499 4051 5558 Prov.

760 5590 927 5641 'xm,
957 5574 1042 5629 28.
1084 5564 1400 5625 ’⁸⁸Μιιιι1ι.
1441 5566 1706 5631 xxvu,60.
1798 5564 1842 5595 θ’
1885 5567 1925 5620 ll
1956 5565 2155 5621 Thess.
2215 5581 2277 5629 Il,
2316 5565 2401 5619 14.

2104 5675 2339 5732 νΑῐίΙίΕ
2382 5676 2787 5738 LECTIONES.

862 5801 881 5839 ί
912 5799 1147 5859 Delenda
1179 5814 1283 5856 vox
1319 5796 1514 5854 οὐκοῦν
1541 5810 1663 5868 qua:
1694 5795 1845 5855 abest
1869 5797 1924 5853 in
1956 5812 2084 5854 mss.
2118 5804 2169 5853 et
2196 5797 2341 5868 apud
2364 5796 2522 5855 Basil.
