4172 6490
216 514 339 577 1961

1328 515 1420 572 ns
1460 508 1915 571 IMAGINIBUS
1952 492 2236 571 ORATIO
2279 513 2324 568 ι.

3322 509 3456 574 i262

210 622 534 694 Θυνομένην,
577 624 667 692 ὑφ’
697 618 773 679 ὧν
806 622 1140 696 ἱεραρχικῶς
1171 622 1245 691 (9.)
1302 623 1391 673 ἐπὶ
1450 622 1538 689 ..ὴν
1573 618 1779 686 ὲνοειδῆ

1889 617 2235 674 sensibilium
2275 620 2542 673 varietate
2565 621 2847 691 signorum
2887 619 3241 690 multiplicari
3271 623 3455 677 cerni-

210 716 407 769 Θέωσιν
437 718 493 769 ὲν
522 717 839 787 συμμετρίᾳ
864 720 929 786 τῇ
956 714 1079 768 καθ’
1113 716 1261 785 ἡμᾶς
1286 712 1623 781 ἀναγόμεθα,
1646 709 1780 760 Θεόν

207 824 268 859 τε
304 808 396 860 καὶ
425 808 578 861 θείαν
604 808 826 877 ἀρετὴν,
854 810 910 860 αί
939 808 1038 877 μὲν
1063 806 1138 869 ὡς
1172 808 1292 868 νόες
1332 804 1511 857 νοοῦσι
1547 803 1689 853 κατὰ
1722 802 1781 851 τὸ

209 897 395 960 αὑτοῖς
420 896 663 967 Θεμιτὸν,
690 900 851 968 ἡμεῖς
877 897 933 950 δὲ
982 896 1270 965 αἰσθηταῖς
1308 894 1510 947 εἰκόσιν
1557 894 1649 943 ἐπὶ
1683 890 1781 952 τὰς

210 986 383 1053 Θείας,
409 988 483 1050 ὡς
513 988 759 1052 δυνατὸν,
800 983 1119 1057 ἀναγόμεθα
1156 986 1408 1056 θεωρίας.
1440 1005 1456 1035 ι

210 1086 327 1130 tum
363 1075 472 1129 illis
495 1075 579 1131 fas
612 1083 719 1141 est,
768 1076 1122 1145 intelligunt:
1156 1089 1258 1129 nos
1288 1083 1468 1128 autem
1505 1070 1857 1126 scnsibilibus

208 1168 596 1237 templationes
623 1181 1031 1236 promovemur.
1063 1187 1080 1217 ι

279 1260 559 1328 Σχόλιον.
592 1258 655 1311 El.
680 1258 861 1330 τοίνυν
891 1258 1174 1325 ἀναλόγως
1205 1259 1338 1326 ἡμῖν
1374 1256 1558 1316 αὑτοῖς
1595 1250 1781 1321 αἰσθη-

205 1353 329 1414 ταῖς
372 1350 577 1404 εἰκόσιν
629 1350 721 1403 ἐπὶ
764 1350 865 1419 τὴν
916 1349 1067 1403 θείαν
1116 1350 1210 1401 καὶ
1261 1348 1422 1401 ἅῦλον
1465 1345 1780 1415 ἀναγόμεθα

208 1441 488 1510 θεωρίαν,
536 1439 631 1492 καὶ
674 1438 1081 1509 φιλανθρώπως
1128 1439 1160 1507 ἡ
1224 1436 1343 1489 θεία
1400 1437 1626 1505 πρόνοια
1672 1438 1785 1497 τοῖς

207 1528 641 1599 ἁσχηματίστοις
674 1528 768 1580 καὶ
801 1526 1112 1588 ἀτυπώτοις
1152 1525 1358 1587 τύπους
1396 1524 1490 1577 καὶ
1526 1523 1782 1593 σχήματα

208 1621 311 1689 τῆς
340 1620 497 1690 ήμῶν
527 1618 714 1671 ἕνεκεν
743 1617 1118 1688 χειραγωγίας
1153 1615 1493 1685 περιτίθησι,
1524 1612 1576 1666 τί
1613 1614 1783 1681 ἀπρε-

210 1712 315 1775 πὲς
350 1712 440 1764 τὸν
469 1712 707 1781 σχήματι
752 1709 847 1762 καὶ
881 1710 1062 1779 μορφῇ
1091 1706 1445 1776 ὑποκύψαντα
1476 1699 1784 1773 φιλανθρώ-

210 1820 333 1867 πως
364 1802 432 1855 δι’
460 1804 630 1904 ἡμᾶς,
664 1801 952 1865 είκονίζειν
982 1798 1263 1867 ἀναλόγως
1297 1798 1429 1868 ἡμῖν
1458 1794 1638 1856 αὐτοῖς
1664 1809 1677 1858 ;

282 2066 456 2131 Λόγος
496 2062 703 2118 ἄνωθεν
741 2034 822 2125 είς
852 2063 999 2131 ἡμᾶς
1032 2059 1472 2134 παραδεδομένος
1517 2057 1783 2119 κάτεισιν,

208 2156 486 2227 Αῦγαρον,
518 2155 608 2208 τὸν
641 2154 899 2224 Ἐδέσσης
927 2153 1139 2208 ἄνακτά
1172 2169 1335 2222 φημι,
1367 2153 1434 2222 τῇ
1460 2149 1557 2204 τοῦ
1582 2148 1787 2219 Κυρίου

210 2249 353 2319 πρὸς
393 2247 536 2300 θεῖον
587 2245 1030 2317 ὲκπυρσευθέντα
1089 2243 1270 2314 ἔρωτα
1312 2243 1473 2315 ἀκοῇ,
1519 2238 1792 2293 ἀπεσταλ-

215 2342 376 2398 κέναι
406 2338 690 2409 πρέσὸεις,
740 2336 839 2405 τὴν
878 2335 1047 2389 αὑτοῦ
1093 2334 1381 2404 ἐπίσκεψιν
1414 2320 1787 2398 ἐξαιτοῦντας.

216 2435 282 2486 Εἰ
324 2432 381 2485 δὲ
427 2429 690 2501 ἀρνηθείη
734 2428 893 2482 τοῦτο
932 2429 1173 2499 δράσειν,
1225 2427 1286 2482 τὸ
1330 2425 1524 2479 τούτου
1575 2424 1787 2478 κελεύει

212 2526 468 2597 ὁμοίωμα
494 2523 769 2593 ζωγράφῳ
798 2519 1144 2591 ἐκμάξασθαι
1166 2537 1177 2549 ·
1216 2519 1243 2572 ὃ
1268 2518 1465 2587 γνόντα
1492 2518 1582 2571 τὸν
1611 2517 1790 2571 πάντα

215 2619 417 2683 εἰδότα,
450 2616 545 2671 καὶ
574 2615 751 2678 πάντα
798 2614 1117 2684 δυνάμενον,
1166 2612 1229 2665 τὸ
1274 2612 1440 2682 ῥάκος
1487 2609 1789 2679 εἰληφέναι,

214 2711 314 2763 καὶ
354 2709 433 2781 τῷ
483 2709 759 2780 προσώπῳ
809 2706 1342 2779 προσενεγκάμενον,
1378 2705 1436 2757 έν
1474 2702 1649 2774 τούτῳ
1698 2703 1797 2771 τὴν

214 2806 416 2858 εἰκεῖον
445 2800 919 2873 ὲναπομόρξασθαι
950 2800 1296 2872 χαρακτῆρα,
1319 2798 1346 2851 ὃ
1378 2797 1474 2851 καὶ
1502 2797 1678 2867 μέχρι.
1697 2796 1790 2850 τοῦ

218 2895 316 2947 νῦν
356 2895 609 2959 σώζεται.

224 2989 337 3043 Τοῦ
367 2988 711 3052 Βασίλειον,
733 2988 801 3039 ἐκ
831 2986 937 3040 τοῦ
959 2988 1044 3053 είς
1071 2985 1177 3038 τόν
1200 2982 1493 3053 μακάριον
1508 2983 1793 3053 Βαρλαὰμ

288 3058 399 3111 τὸν
426 3051 925 3126 μάρτιιοαλόγοου,
959 3052 1030 3110 οὗ
1065 3056 1104 3122 ἠ
1131 3051 1285 3123 ἀρχή
1312 3069 1322 3082 ·
1352 3054 1646 3121 Πρότερον
1678 3051 1793 3121 μὲν

289 3126 407 3181 τῶν
433 3124 617 3195 ἁγίων
642 3130 695 3180 οι
722 3124 985 3181 θάνατοι.

184 3218 195 3223 ”
300 3236 317 3266 ι
356 3215 650 3285 Ἀνάστητέ
704 3231 792 3284 μοι
822 3212 938 3277 νῦν,
965 3207 1010 3265 ὧ
1056 3212 1301 3281 λαμπροὶ
1338 3211 1446 3264 τῶν
1487 3211 1794 3281 ἀθλητικῶν

1884 725 2028 774 mus,
2070 709 2273 778 quibus
2305 718 2465 779 prout
2497 722 2714 765 sacrum
2762 711 3143 779 magisterium
3182 710 3362 776 decet,
3390 710 3475 769 ad.

1884 800 2218 853 uniformem
2249 814 2526 855 concessae
2568 815 2666 867 pro
2706 810 2896 854 nostro
2930 802 3153 857 modulo
3192 802 3457 857 divinita-

1882 891 1953 943 tis
2001 890 2235 959 gratiam
2293 905 2503 945 necnon
2546 890 2612 944 ad
2673 892 2839 947 Deum
2893 892 3248 963 divinamque
3284 895 3458 949 virtu—

1882 988 1990 1032 tem
2016 982 2322 1035 evehimur.
2354 982 2474 1036 Istae
2503 981 2749 1050 quidem,
2785 990 2972 1051 utpote
3012 992 3245 1047 mentes,
3276 999 3453 1054 quan-

1924 1070 2260 1139 imaginibus
2306 1070 2371 1124 ad
2416 1071 2650 1137 divinas,
2720 1086 2827 1142 qua
2878 1073 2991 1128 ﬁeri
3060 1082 3258 1144 potest,
3330 1092 3462 1132 con-

1959 1243 2253 1299 Comment.
2283 1242 2467 1329 Quod
2502 1245 2546 1298 si
2578 1246 2765 1315 igitur,
2814 1252 2873 1305 ut
2907 1256 3095 1301 nostra
3127 1234 3231 1303 fer‘t
3262 1247 3461 1306 intelli-

1890 1339 2090 1408 gentia,
2128 1354 2224 1406 per
2268 1337 2557 1392 sensibiles
2607 1339 2870 1408 imagines
2917 1340 2985 1394 ad
3018 1340 3263 1395 divinam
3296 1349 3461 1413 atqui:

1890 1427 2130 1479 materiae
2171 1433 2446 1479 exsortem
2504 1426 3029 1494 contemplationem
3083 1428 3461 1497 sublevantur,

1891 1516 2190 1585 divinaque
2232 1516 2601 1585 providentia,
2644 1530 2733 1570 res
2766 1514 2941 1569 forma
2974 1526 3025 1571 et
3054 1517 3229 1587 tigura
3268 1535 3462 1574 caren-

1891 1616 1992 1672 tes,
2026 1605 2219 1662 formis
2249 1618 2303 1661 et
2347 1607 2560 1675 figuris,
2619 1606 2825 1676 quibus
2878 1606 3050 1662 veluti
3094 1624 3257 1663 manu
3294 1610 3462 1665 duca-

1891 1712 2034 1761 mur,
2105 1697 2541 1750 circumvestivit
2594 1695 2797 1766 :‘quitl
2872 1699 3204 1754 incommodi
3271 1704 3460 1765 fuerit,

1890 1786 2019 1855 quin
2051 1802 2198 1853 eum,
2231 1787 2324 1856 qui
2348 1801 2445 1855 pro
2487 1802 2586 1842 sua
2619 1802 2745 1857 erga
2783 1803 2882 1843 nos
2924 1788 3266 1846 humanitate
3288 1833 3303 1858 ,
3337 1808 3462 1849 sese

1894 1876 2081 1948 ﬁgura:
2132 1876 2432 1947 formaeque
2478 1879 2736 1948 subjecit,
2787 1889 3156 1937 consentanea
3190 1884 3350 1941 nobis
3376 1901 3464 1940 ra-

1817 1956 1858 2011 Β
1889 1968 2034 2025 tiohe
2060 1968 2392 2040 imaginibus
2418 1970 2829 2040 exprimamus?
2894 2007 2901 2015 ς

1956 2062 2279 2132 Antiquitus
2317 2060 2519 2115 tradita
2547 2063 2797 2117 narratio
2828 2063 2895 2117 ad
2934 2078 3033 2119 nos
3058 2080 3232 2135 usque
3264 2082 3460 2136 perve-

1889 2154 2007 2216 nit;
2046 2151 2320 2222 Abgarum
2353 2151 2566 2207 scilicet
2595 2151 2819 2208 Edessa:
2860 2169 3065 2225 regem,
3112 2157 3312 2214 auditis
3337 2174 3463 2228 qua:

1904 2244 1972 2298 de
2005 2242 2236 2297 Domino
2286 2241 2621 2305 ferebantur.
2663 2244 2850 2302 divino
2881 2260 3209 2302 succensum
3242 2249 3460 2322 ardore,

1890 2336 2099 2406 legatos
2138 2335 2377 2400 misisse,
2421 2336 2517 2406 qui
2564 2350 2689 2390 eum
2737 2336 2802 2390 ad
2844 2350 2901 2391 se
2939 2337 3289 2397 invisendum
3324 2342 3464 2396 invi-

1889 2435 2101 2492 tarent;
2158 2430 2243 2483 sln
2298 2441 2429 2482 vero
2485 2428 2777 2492 abnueret,
2837 2430 3060 2485 mandat
3118 2441 3180 2486 ut
3233 2432 3461 2502 pictoris

1889 2534 2053 2589 opera
2087 2518 2379 2590 imaginem
2404 2517 2522 2586 ejus
2570 2520 2917 2590 exprimant:
2952 2521 3095 2591 quod
3132 2538 3262 2578 cum
3293 2527 3461 2582 sciret

1892 2611 1984 2665 ille
2013 2610 2101 2664 cui
2138 2609 2277 2665 nihil
2327 2610 2625 2666 obscurum
2660 2622 2768 2677 est,
2801 2612 3008 2684 quique
3040 2617 3228 2671 omnia
3258 2627 3460 2689 potest,

1892 2709 2117 2771 accepto
2163 2715 2365 2772 panno,
2417 2716 2639 2772 sumque
2690 2694 2849 2781 faciei
2901 2704 3145 2769 admoto,
3180 2698 3465 2779 propriam

1891 2791 2118 2863 elllgiem
2169 2792 2504 2863 appinxisse,
2557 2807 2680 2864 qua:
2712 2794 2778 2849 ad
2820 2794 2938 2851 haec
2988 2813 3164 2868 usque
3212 2807 3460 2873 tempora

1893 2894 2142 2940 servatur
2177 2885 2489 2941 incolumis.
3254 2904 3257 2907 ·

1894 2975 1950 3029 S.
1986 2975 2203 3057 Basilii,
2242 2992 2317 3057 ea:
2362 2992 2600 3057 sermone
2620 2977 2780 3057 iras.
2834 2978 3090 3057 Har/qam
3136 2998 3425 3057 martyrem
3448 3032 3463 3056 ,

1962 3047 2114 3114 cujus
2176 3048 2386 3100 initium
2443 3056 2521 3102 est
2554 3062 2573 3099 :
2614 3046 2857 3103 Primum
2905 3054 3117 3121 quidem
3153 3046 3462 3113 sanc'toruni

1966 3131 2124 3168 mort.
2563 3128 2569 3139 '

1971 3225 1988 3258 ι
2019 3204 2239 3278 Surgite
2267 3222 2438 3271 nunc,
2471 3208 2856 3265 athleticorum
2886 3219 3170 3283 gestorum
3199 3224 3466 3285 praestan-

219 3306 666 3376 κατορθωμάτων
689 3305 993 3374 ζωγράφοι,
1019 3304 1119 3373 τὴν
1149 3302 1243 3357 τοῦ
1297 3301 1601 3372 στρατηγοῦ
1643 3302 1789 3355 κολο-

1898 3297 2094 3353 tissimi
2141 3297 2298 3367 321
2346 3299 2607 3367 pictores,
2661 3300 3002 3371 imperfecte
3038 3302 3196 3361 ducis
3241 3307 3463 3378 imagini

220 3400 491 3454 6w95icav
514 3397 699 3452 εἰκόνα
722 3399 840 3457 ταῖς
864 3396 1158 3465 ὑμετέραις
1184 3394 1523 3465 μεγαλὺνατε
1551 3395 1788 3464 τέχναις.

234 3488 636 3560 Ἀμαυρότερον
676 3486 806 3556 παρ’
848 3485 984 3554 ἐμοῦ
1015 3486 1107 3538 τὸν
1142 3484 1467 3553 στεφανίτην
1493 3485 1789 3554 γραφέντα,

219 3587 337 3644 τοῖς
364 3584 463 3652 τῆς
500 3579 768 3649 ὑμετέρας
814 3577 1005 3646 σοφίας
1053 3576 1435 3646 περιλάμψατε
1486 3576 1789 3646 χρώμασιν.

236 3673 480 3727 ’Δπέλθω
513 3674 577 3741 τῇ
626 3670 735 3721 τῶν
761 3667 1178 3739 ἀριστευμόιτων
1219 3666 1314 3719 τοῦ
1362 3668 1633 3737 μάρτυρος
1662 3669 1793 3736 παρ’

222 3765 378 3837 ὑμῶν
407 3760 755 3831 νενικημένος
796 3760 1021 3830 γραφῇ·
1058 3757 1236 3827 χαίρω
1272 3756 1374 3825 τὴν
1410 3757 1666 3825 τοιαύτην
1690 3755 1791 3826 τῆς

220 3854 497 3925 ὑμετέρας
525 3849 706 3920 ἰσχύος
737 3850 976 3919 σήμερον
1006 3844 1321 3917 ἡττώμενος
1345 3846 1534 3916 νίκηνλυ
1573 3844 1668 3899 ῐδω
1695 3848 1793 3916 τῆς

219 3950 407 4019 χειρὸς
424 3945 558 4013 πρὸς
582 3942 642 3993 τὸ
674 3942 785 4009 πῦρ
822 3939 1213 4009 ἀκριϐέστερον
1245 3939 1373 4006 παρ’
1412 3937 1563 4005 ὑμῶν
1591 3954 1793 4007 γραφο-

223 4039 394 4109 μένην
418 4035 515 4104 τὴν
544 4032 720 4102 πάλην
743 4047 757 4062 ο
786 4030 880 4082 ἴδω
906 4028 1259 4098 φαιδρότερον
1289 4028 1380 4080 ἐπὶ
1399 4027 1498 4096 τῆς
1523 4028 1791 4098 ὑμετέρας

216 4129 312 4181 τὸν
346 4124 649 4192 παλαιστὴν
677 4120 1063 4191 ⁴γεγραμμένον
1106 4118 1333 4179 εἰκόνος.
1386 4116 1791 4170 Κλαυσάτωσαν

216 4219 474 4286 δαίμονες
522 4215 617 4267 καὶ
656 4212 773 4275 νῦν,
802 4213 923 4272 ταῖς
957 4209 1050 4262 τοῦ
1095 4208 1369 4279 μάρτυρος
1405 4210 1462 4260 ὲν
1502 4208 1630 4277 ὑμῖν
1667 4208 1789 4276 ἀρι-

222 4312 432 4368 στείαις
455 4305 847 4375 πληττόμενοιιο
886 4299 1191 4370 φλεγομένη
1218 4299 1378 4352 πάλιν
1408 4299 1587 4360 αὑτοῖς
1614 4299 1646 4367 ἠ
1672 4301 1791 4368 χεὶρ

218 4402 322 4453 καὶ
349 4396 558 4451 νικῶσα
585 4391 902 4447 δεικνύσθω.
935 4386 1326 4460 Ἐγγραφέσθω
1356 4384 1433 4455 τῷ
1469 4386 1655 4472 πίνακι
1694 4386 1790 4437 καὶ

214 4491 329 4544 τῶν
359 4485 748 4554 παλαισμάτων
781 4480 1122 4549 ἀγωνοθέτης
1151 4476 1406 4547 Χριστὸς,
1433 4468 1478 4543 ᾧ
1498 4476 1531 4544 ή
1567 4468 1690 4540 δόξα
1713 4476 1791 4536 εἰς

216 4584 347 4642 τοὺς
381 4577 582 4637 αἰῶνας
614 4576 722 4628 τῶν
751 4573 983 4625 αίώνων.
1019 4570 1212 4638 Ἀμήν.

1892 3388 2025 3442 artis
2053 3397 2242 3443 vestra:
2269 3398 2585 3445 ornamenta
2625 3384 2891 3461 conferte,
2917 3403 2972 3449 et
3006 3394 3296 3453 obscurius
3322 3413 3352 3451 a
3382 3414 3466 3453 me

1891 3478 2236 3549 designatum
2275 3478 2542 3536 victorem
2579 3482 2908 3549 laureatum,
2942 3484 3233 3542 industria
3265 3498 3462 3545 vestra:

1886 3569 2173 3624 coloribus
2204 3570 2499 3624 illustrate.
2536 3569 2823 3627 Discedam
2866 3575 3047 3630 victus
3084 3590 3114 3629 a
3142 3577 3299 3634 vobis
3322 3594 3463 3651 prae-

1891 3657 2169 3710 clarorum
2214 3659 2473 3728 martyris
2512 3657 2821 3715 facinorum
2878 3660 3133 3731 pictura:
3174 3668 3271 3721 tali
3302 3668 3465 3726 hodie

1891 3758 2045 3817 parta
2095 3749 2252 3803 vobis
2281 3763 2379 3818 per
2410 3758 2652 3805 vestram
2696 3752 3077 3810 dexteritatem
3107 3758 3339 3816 victoria
3371 3776 3462 3818 su-

1892 3845 2117 3908 peratus
2145 3841 2411 3909 gaudeam
2470 3858 2484 3896 :
2537 3856 2763 3898 manum
2801 3844 3015 3902 videam
3060 3862 3184 3904 cum
3209 3842 3335 3920 igne
3362 3868 3463 3923 pu-

1885 3926 2501 4001 gnantem‘accuratius
2542 3948 2571 3987 a
2612 3935 2767 3991 vobis
2796 3936 3163 3996 delineatam:
3196 3942 3252 3997 in
3278 3952 3459 4001 vestra

1891 4023 2089 4077 tabella
2130 4025 2369 4094 pugilem
2416 4025 2709 4096 inspiciam
2758 4028 3064 4101 elegantius
3096 4032 3457 4115 descriptum.
3496 4018 3502 4028 ἱ

1890 4113 2122 4169 Luctum
2179 4124 2345 4185 agant
2406 4117 2704 4185 daemones,
2754 4135 3152 4189 expressorum
3207 4139 3239 4180 a
3300 4130 3459 4185 vobis

1892 4206 2149 4277 martyris
2196 4214 2420 4263 strenue
2457 4208 2728 4264 factarum
2776 4209 3069 4270 formidine
3122 4220 3455 4275 conterriti:

1892 4297 2091 4351 ardens
2131 4298 2437 4367 victrixque
2486 4315 2683 4355 manus
2723 4302 2844 4362 illis.
2878 4303 3080 4361 iterum
3114 4308 3457 4367 ostendatur.

1894 4387 2152 4451 Quinimo
2201 4389 2389 4444 eadem
2452 4390 2505 4444 in
2580 4391 2765 4446 tabula
2832 4397 3197 4453 certaminum
3256 4415 3460 4471 praeses

1890 4476 2145 4533 Christus
2175 4480 2529 4550 appingatur,
2569 4482 2659 4537 cui
2690 4482 2868 4553 gloria
2901 4486 2957 4540 in
2985 4486 3190 4543 saecula
3225 4494 3459 4547 saeculo.

1891 4584 2036 4624 rum.
2072 4570 2264 4624 Amen.
2294 4590 2311 4620 ι

225 4669 338 4722 Τοῦ
368 4664 574 4726 αὑτοῦ,
604 4663 673 4715 ἐκ
710 4650 826 4742 τῶις
869 4660 1017 4737 πρός
1048 4657 1446 4742 ’Ἃθμφιλτιξχιον
1478 4655 1789 4742 τριάκοζτιξ

1896 4658 2178 4729 Ejusdem,
2216 4675 2281 4713 ea:
2306 4662 2831 4742 frigintancapitibus
2870 4667 2934 4721 de
2984 4665 3192 4742 Spiritu
3238 4683 3457 4742 sancto,

290 4724 653 4803 κεφαλαίων,
689 4729 822 4797 περὶ
877 4724 984 4781 τοῦ
1027 4724 1199 4794 άτίοὺ
1252 4728 1621 4794 Πνεύματος,
1666 4724 1787 4777 ἀπὸ

288 4804 618 4874 κεφαλαίου
645 4807 739 4867 ιη’.

296 4914 316 4948 ι
344 4895 468 4947 Ὀτι
495 4889 744 4961 βασιλεὺς
773 4886 989 4955 λέγεται
1020 4887 1114 4937 καὶ
1142 4885 1175 4953 ἡ
1196 4882 1287 4935 τοῦ
1324 4881 1586 4953 βασιλέως
1603 4880 1786 4947 εἰκὼν,

213 4985 315 5040 καὶ
355 4984 416 5037 οὑ
455 4981 547 5034 δύο
581 4978 839 5049 βασιλεῖς.
875 4974 1015 5028 Οὑτε
1063 4974 1171 5042 γὰρ
1199 4973 1260 5026 τὸ
1288 4971 1489 5044 κράτος
1527 4972 1789 5042 σχίζεται,

212 5080 345 5133 οὔτε
377 5080 411 5147 ἡ
433 5076 558 5140 δόξα
584 5070 979 5144 διαμερίζεται.
1019 5067 1107 5128 Ὠς
1136 5064 1296 5136 γὰρὴ
1332 5064 1611 5140 κρατοῦσα
1632 5064 1790 5136 ἡμῶν

210 5170 362 5241 ἀρχὴ
395 5170 488 5221 καὶ
522 5165 737 5231 ἐξουσία
774 5163 892 5234 μία,
926 5158 1068 5213 οῦτω
1097 5160 1190 5210 κα)⁸
1220 5158 1253 5227 ἡ
1292 5158 1420 5226 παρ’
1449 5154 1608 5226 ἡμῶν
1643 5156 1788 5221 δοξο-

212 5261 398 5330 λογία,
434 5259 532 5329 μία
560 5258 653 5311 καὶ
683 5256 745 5311 οὑ
784 5252 998 5331 πολλαὶ,
1033 5250 1165 5304 διότι
1196 5249 1229 5318 ἡ
1273 5249 1373 5317 τῆς
1412 5247 1620 5311 εἰκόνος
1652 5246 1788 5317 τιμὴ

212 5354 316 5407 ἐπὶ
350 5351 412 5404 τὸ
440 5349 793 5420 πρωτότυπον
820 5344 1107 5399 διαϐαίνει.
1145 5341 1210 5394 Ὀ
1245 5337 1339 5393 οῦν
1380 5340 1529 5391 ἐστιν
1560 5338 1794 5393 ἐνταῦθα

215 5442 536 5514 μιμητικῶς
581 5442 615 5510 ἡ
656 5439 839 5504 εἰκὼν,
886 5435 1043 5489 τοῦτο
1094 5435 1210 5486 ἐκεῖ
1263 5431 1507 5503 φυσικῶς
1552 5434 1580 5484 ό
1625 5431 1788 5494 Υίός·

212 5534 531 5604 καὶῶσπερ
574 5533 667 5584 ἐπὶ
694 5530 801 5584 τῶν
850 5525 1145 5598 τεχνητῶν,
1184 5525 1328 5580 κατὰ
1372 5525 1470 5594 τὴν
1505 5524 1779 5595 μορφὴνή

2248 4730 2317 4783 ad
2348 4731 2768 4801 Amphilochium
2794 4736 2813 4806 (
2836 4750 2958 4806 cap.
2984 4730 3050 4793 18
3069 4740 3109 4807 ).

1972 4903 1991 4936 ι
2022 4883 2179 4950 Quod
2211 4885 2328 4954 ipsa
2355 4900 2575 4955 quoque
2610 4888 2753 4957 regis
2786 4888 2965 4960 imago
3000 4906 3095 4947 rex
3132 4894 3457 4963 appelletur,

1892 4988 2240 5044 nequaquam
2276 4983 2571 5044 propterea
2595 4975 2708 5031 duo
2734 4988 2862 5034 sunt
2892 4994 3070 5051 reges.
3099 4980 3285 5052 Neque
3314 4986 3459 5040 enim

1895 5064 2172 5119 scinditur
2209 5064 2535 5146 imperium,
2580 5083 2761 5136 neque
2798 5068 2975 5139 gloria
3005 5069 3289 5128 dividitur.
3321 5072 3457 5129 Nam

1890 5154 2358 5227 quemadmodum
2399 5156 2695 5226 imperium
2737 5158 2909 5223 illud,
2967 5159 3131 5217 illave
3175 5172 3459 5232 potestas,

1889 5262 2009 5318 quae
2038 5246 2199 5301 nobis
2231 5246 2570 5311 dominatur,
2608 5264 2717 5302 una
2760 5256 2882 5318 est,
2928 5253 3011 5307 sic
3037 5254 3204 5308 etiam
3242 5254 3457 5325 gloria.

1889 5354 1997 5409 qua
2032 5340 2208 5408 ipsam
2241 5338 2586 5394 celebramus
2628 5356 2736 5395 una
2780 5350 2864 5397 est
2892 5381 2906 5407 ,
2943 5358 3056 5397 non
3108 5345 3318 5413 plures.
3370 5344 3459 5400 Si—

1891 5430 2111 5499 quidem
2151 5430 2331 5484 honor
2359 5431 2455 5500 qui
2487 5432 2715 5502 imagini
2764 5434 3013 5501 habetur,
3060 5436 3128 5491 ad
3176 5438 3460 5508 exemplar

1888 5523 2262 5579 transfertur:
2292 5524 2477 5595 itaque
2501 5525 2648 5593 quod
2676 5524 2790 5579 illic
2814 5533 2899 5582 est
2921 5526 3231 5584 imitatione
3252 5527 3457 5600 imago,

1728 5652 1865 5709 NOT
1873 5652 1959 5708 1E.

292 5760 370 5831 (2)
414 5760 598 5832 Graece
641 5757 909 5829 ίεραρχία,
944 5754 1089 5832 quod
1138 5752 1500 5832 magisterium
1547 5750 1781 5832 sacrum,

207 5827 313 5887 hic
354 5827 652 5893 vertimus,
698 5827 813 5881 ‘nOn
868 5827 1280 5894 pontiﬁcatum;
1338 5827 1473 5894 quia
1518 5836 1622 5873 vox
1678 5827 1779 5873 ista

208 5902 364 5974 apud
424 5891 646 5969 angelos
708 5891 888 5952 locum
945 5910 1053 5949 non
1093 5894 1276 5949 habet.
1322 5891 1478 5960 Apud
1508 5905 1607 5947 nos
1651 5904 1781 5945 vero

1893 5748 2276 5820 {Epdpxn¢_ille
2304 5756 2396 5820 est
2428 5748 2523 5818 qui
2555 5763 2663 5802 non
2687 5748 2892 5820 solum
2925 5750 3108 5803 divina
3157 5749 3338 5820 docet,
3362 5749 3459 5811 sed

1887 5817 2062 5887 et‘qui
2109 5817 2461 5874 administrat
2495 5832 2579 5883 ea,
2605 5818 2808 5889 quibus
2858 5820 3177 5883 erudimur;
3215 5818 3459 5889 adeoque

1888 5902 2137 5944 summus
2166 5889 2444 5954 sacerdos,
2480 5887 2845 5960 porrtifquue
2874 5889 3209 5954 nominatur,
