4172 6490
802 411 808 420 ’
834 412 963 474 1263

1974 422 2031 476 5.
2073 419 2386 482 ΙΟΛΝΧΙΞ
2424 426 2845 489 DAMASCENl

3886 435 4015 498 1264

827 530 923 580 her
959 533 1080 581 Hlit‘
1118 539 1309 582 natura
1345 528 1517 579 Filius
1552 536 1634 581 est
1663 548 1672 579 :
1706 541 1769 579 nc
1806 526 1950 580 sicut
1992 530 2045 580 in
2086 533 2366 585 artclactis
2397 539 2421 592 Α

2465 537 2741 602 ὁμοίωσις,
2789 536 2930 587 οὕτω
2981 540 3071 588 καὶ
3125 540 3216 589 ἐπὶ
3261 540 3357 607 τῆς
3388 541 3531 603 Θείας
3583 544 3675 595 καὶ
3722 546 4013 600 tis-nugae

825 622 879 670 in
915 621 1025 686 ipsa
1065 618 1235 670 turma
1283 618 1534 669 consistit
1575 615 1880 669 similitudo
1906 656 1920 677 ,
1968 614 2061 671 sic
2087 620 2142 669 iu
2186 619 2365 671 divina

825 706 1290 772 iumiupositaquc
1334 715 1558 765 natura,
1602 708 1656 758 iu
1706 705 1933 759 Deitatis
1986 708 2368 760 communione

820 796 1130 861 conjuuclio
1159 798 1260 850 sita
1294 812 1395 849 εει.
1428 815 1445 845 ι
1694 800 1703 806 ’

887 885 1175 938 Comment.
1219 884 1369 949 Quod
1408 886 1453 937 si
1496 884 1642 953 regis
1682 885 1859 951 imago
1900 898 1993 937 rex
2035 890 2153 947 est,
2191 884 2367 951 imago

822 988 1037 1043 quoque
1068 973 1270 1026 Christi
1294 1011 1306 1032 .
1336 973 1587 1025 Christus
1617 972 1724 1024 erit
1745 1013 1759 1035 ,
1790 979 1953 1040 atque
1986 972 2161 1038 imago
2191 971 2366 1025 sancti

824 1074 1045 1119 sanctus
1077 1062 1198 1113 erit.
1232 1060 1336 1113 Nec
1367 1060 1639 1114 scinditur
1682 1057 1968 1128 imperium
1990 1099 2005 1123 ,
2050 1071 2148 1113 nec
2194 1059 2366 1127 gloria

824 1154 1125 1215 dividitur;
1164 1149 1259 1203 sed
1295 1151 1389 1218 qui
1426 1150 1655 1202 habetur
1688 1150 1912 1217 imagini
1952 1149 2149 1210 honor,
2182 1148 2235 1199 iu
2268 1147 2367 1200 lto-

821 1256 1011 1294 norem
1047 1241 1190 1292 illius
1221 1236 1397 1301 (redit,
1426 1252 1585 1306 quem
1625 1236 1794 1291 refert
1828 1238 2024 1305 imago.
2050 1234 2367 1288 Formidant

820 1340 1036 1383 sanctos
1066 1331 1166 1397 ipsi
1196 1330 1500 1390 daemones,
1527 1343 1824 1395 eorumque
1853 1327 2069 1393 fugiunt
2096 1326 2363 1378 umbram.

822 1421 977 1485 Atqui
1013 1418 1193 1485 imago
1229 1416 1420 1468 umbra
1459 1425 1575 1477 est,
1608 1428 1837 1482 eamque
1866 1413 2075 1466 idcirco
2103 1413 2361 1475 coniicio,

816 1522 920 1575 qua
949 1507 1219 1558 daemones
1244 1506 1536 1573 pellantur.
1568 1502 1719 1567 Quod
1750 1504 1796 1555 si
1825 1502 2009 1565 dicas,
2039 1502 2155 1555 sola
2182 1510 2364 1557 mente

818 1610 915 1649 uos
947 1593 1057 1647 Deo
1084 1594 1341 1659 conjungi
1372 1598 1663 1659 oportere;
1694 1604 1781 1643 res
1819 1590 1986 1657 igitur
2015 1604 2206 1642 omnes
2239 1603 2361 1641 cor-

817 1699 1006 1751 poreas
1037 1684 1195 1742 tolle,
1231 1680 1557 1740 luminaria,
1594 1694 1762 1734 suave
1799 1678 2049 1747 fragrans
2088 1676 2362 1732 sufﬁmen-

817 1785 963 1835 tum,
1004 1772 1349 1841 precationes
1396 1770 1651 1833 vocales,
1688 1770 1919 1837 ipsamet
1973 1776 2356 1833 sacramenta,

811 1879 931 1931 quae
964 1878 1027 1915 ex
1067 1862 1295 1915 materia
1337 1860 1719 1929 perﬁciuntur,
1752 1873 1941 1927 panem
1968 1896 1979 1918 ,
2013 1859 2228 1920 vinum,
2260 1873 2360 1911 un-
2388 1847 2428 1899 Π

811 1956 1011 2007 ctionis
1040 1954 1220 2006 oleum
1244 1992 1259 2017 ,
1290 1940 1470 2004 crucis
1504 1950 1741 2018 signum.
1788 1948 1911 2001 llzec
1939 1949 2143 2017 quippe
2176 1948 2357 1999 omnia

811 2046 1036 2099 materia
1064 2051 1320 2097 constant
1339 2080 1355 2105 ,
1382 2039 1840 2109 quemadmodum
1868 2054 2001 2091 crux
2032 2046 2086 2092 et
2110 2040 2357 2105 spongia,

810 2154 929 2205 qua:
956 2137 1198 2197 Christo,
1227 2134 1354 2187 dum
1379 2131 1534 2186 cruci
1565 2129 1754 2183 aﬂixus
1780 2136 1917 2189 erat.
1953 2138 2198 2199 porrecta
2228 2127 2351 2189 fuit,

809 2228 1019 2283 arundo
1049 2239 1268 2294 quoque
1287 2262 1301 2287 ,
1332 2230 1387 2279 et
1416 2224 1603 2276 lancea
1625 2260 1640 2283 ,
1667 2234 1787 2289 quae
1814 2220 1957 2272 latus
1978 2258 1992 2279 ,
2020 2234 2085 2272 ex
2115 2233 2223 2286 quo
2252 2219 2359 2271 vita

811 2320 1053 2389 profecta
1090 2326 1209 2381 est,
1242 2314 1557 2385 perforavit.
1596 2313 1705 2365 Aut
1744 2310 1936 2364 horum
1975 2310 2219 2365 omnium
2261 2326 2357 2363 ve-

810 2414 1147 2467 nerationem
1189 2407 1367 2470 aufer,
1406 2404 1548 2473 quod
1599 2402 1717 2456 ﬁeri
1759 2416 2105 2471 nequaquam
2151 2401 2356 2468 possit,

808 2513 902 2557 nul
939 2500 1228 2568 ncqnidem
1259 2496 1555 2565 imaginum
1589 2497 1849 2547 honorem
1898 2505 2118 2561 respue.
2167 2490 2357 2543 Divina

807 2593 981 2664 gratia
1016 2593 1084 2644 iis
1114 2603 1233 2660 qua:
1267 2586 1494 2638 materia
1526 2589 1818 2645 constant,
1851 2580 2191 2642 conceditur,
2226 2580 2358 2648 quia

806 2697 995 2735 eorum
1022 2686 1215 2748 gerunt
1243 2676 1466 2730 nomina
1486 2713 1499 2736 ,
1524 2688 1663 2742 quos
1688 2670 1955 2725 referunt.
1984 2670 2139 2724 Velut
2164 2684 2357 2738 nempe

808 2785 1044 2840 purpura
1070 2777 1121 2823 et
1150 2768 1380 2823 sericum
1403 2803 1417 2826 ,
1444 2764 1698 2832 quodque
1724 2777 1791 2815 οι
1822 2762 1889 2814 iis
1919 2768 2243 2829 prrctextum
2274 2771 2354 2814 est

806 2862 1180 2915 indumentum
1204 2897 1219 2921 ,
1250 2871 1314 2910 ex
1350 2870 1407 2909 se
1441 2854 1546 2906 vile
1577 2851 1832 2921 quiddam
1865 2858 1918 2904 et
1956 2852 2193 2918 ignobile
2226 2857 2347 2904 est:

804 2970 870 3007 ex
903 2969 1013 3021 quo
1042 2958 1224 3004 tamen
1268 2947 1320 3000 id
1363 2942 1604 3021 induerit
1644 2943 1962 3010 imperator,
2004 2941 2249 3008 ejusdem
2295 2939 2353 2992 lit

806 3043 1078 3112 particeps
1108 3036 1377 3100 honoris,
1410 3048 1522 3103 quo
1568 3038 1791 3101 praastat
1832 3030 1945 3084 ille.
1984 3028 2061 3081 lta
2099 3044 2189 3084 res
2228 3044 2349 3099 qua:

805 3132 1033 3186 materia
1078 3133 1372 3186 constant,
1419 3140 1483 3177 ex
1534 3136 1595 3178 se
1641 3120 1860 3189 quidem
1905 3118 2193 3219 adorandae
2237 3135 2344 3172 non
2374 3162 2414 3219 C

803 3231 929 3276 sunt
955 3238 969 3273 :
996 3228 1051 3272 at
1078 3218 1122 3272 si
1152 3216 1329 3286 gratia
1362 3213 1551 3282 plenus
1574 3213 1647 3264 sit
1678 3211 1725 3268 is
1746 3225 1909 3279 quem
1935 3209 2041 3261 illa!
2066 3207 2308 3262 referunt
2326 3248 2341 3271 ,

804 3328 903 3381 pro
926 3310 1045 3364 tldei
1081 3308 1291 3362 ratione
1323 3306 1453 3373 ipsa
1480 3315 1695 3371 quoque
1725 3301 1954 3368 gratiam
1986 3296 2342 3367 profundunt.

800 3399 1047 3470 Apostoli
1071 3397 1359 3451 Dominum
1387 3393 1671 3461 corporeis
1705 3391 1881 3443 oculis
1908 3392 2304 3457 conspexerunt
2327 3406 2342 3454 ;

799 3491 1079 3561 apostolos
1111 3487 1202 3539 alii
1230 3492 1359 3539 sunt
1397 3480 1693 3550 conspicati
1721 3496 1736 3543 ;
1790 3488 2054 3547 martyres
2095 3479 2345 3532 viderunt

798 3583 928 3636 alii:
962 3594 1091 3649 ergo
1121 3589 1343 3647 quoque
1374 3573 1496 3627 illos
1532 3586 1655 3624 cum
1700 3570 1881 3623 animo
1904 3607 1918 3632 ,
1963 3578 2076 3622 tum
2118 3584 2345 3638 corpore

796 3670 1114 3738 conspicere
1141 3666 1331 3719 vellem
1353 3701 1370 3727 ,
1396 3661 1541 3716 unde
1566 3660 1864 3714 remedium
1887 3673 2209 3728 consequar,
2236 3675 2343 3729 quo

798 3762 1001 3815 malum
1034 3772 1196 3811 omne
1228 3754 1587 3824 pr0pellatur.
1642 3749 1719 3804 Ex
1752 3750 1955 3818 duplici
1989 3751 2189 3818 quippe
2245 3760 2341 3806 na-

797 3862 920 3903 tura
950 3862 1069 3902 sum
1101 3846 1385 3900 conditus:
1414 3842 1602 3911 sicque
1637 3842 1689 3896 id
1716 3843 1861 3910 quod
1890 3842 2008 3897 visu
2037 3843 2195 3912 322
2220 3859 2338 3897 cer-

796 3942 947 3995 nitur
972 3938 1269 4006 aspiciens,
1296 3934 1429 3988 illud
1456 3947 1710 3999 veneror,
1738 3948 1845 3988 non
1871 3946 2126 4003 tanquam
2152 3934 2337 3998 Deum,

796 4031 887 4085 sed
908 4038 1165 4096 tanquam
1187 4025 1515 4080 veneranda
1536 4026 1616 4078 rei
1633 4026 1943 4079 venerabile
1963 4026 2338 4081 simulacrum.

795 4121 901 4175 Sed
932 4129 989 4173 tu
1016 4117 1234 4188 quidem
1266 4117 1499 4171 fortasse
1530 4116 1816 4169 sublimior
1846 4130 1939 4179 es,
1973 4124 2137 4184 atque
2165 4130 2195 4167 a
2225 4130 2340 4168 ma-

794 4212 929 4265 teria
962 4208 1257 4272 remotior;
1308 4220 1371 4258 ac
1424 4220 1590 4273 supra
1640 4219 1843 4274 corpus
1894 4204 2191 4268 incedens,
2240 4218 2338 4259 ceu

792 4300 939 4354 nullo
968 4298 1151 4350 carnis
1200 4294 1443 4364 pondere
1495 4294 1703 4363 gravis,
1760 4294 1813 4346 id
1864 4310 2025 4348 omne
2072 4294 2337 4363 despicis,

790 4388 936 4459 quod
967 4388 1022 4441 in
1057 4393 1333 4454 aspectum
1361 4384 1526 4439 cadit.
1562 4384 1672 4453 Ego
1703 4398 1832 4438 vero
1862 4384 2023 4438 homo
2048 4400 2172 4439 cum
2200 4388 2299 4440 sim
2319 4422 2333 4445 ,

2468 624 2700 687 φύσεως,
2734 626 2791 675 ἐν
2819 628 2883 691 τῇ
2918 628 3167 695 κοινωνία
3202 628 3447 697 θεότητος
3478 631 3623 682 ἐστιν
3644 633 3679 700 ἡ
3704 632 3922 697 ἓνωσις.
3960 656 3979 683 ι

2534 897 2579 946 Σ
2581 895 2807 961 χόλιον.
2832 896 2947 965 Eii;
2980 899 3143 950 είκὼν
3170 899 3264 951 τοῦ
3295 901 3556 969 βασιλέως
3584 904 3701 956 ἐστὶ
3738 904 4011 971 βασιλεὺς,

2466 982 2611 1049 καὶὴ
2642 982 2805 1033 είκὼν
2834 982 2929 1034 τοῦ
2965 986 3224 1051 Χριστοῦ,
3262 989 3515 1057 Χριστὸς,
3543 992 3636 1044 καὶ
3663 995 3698 1063 ή
3734 992 3902 1045 εἰκὼν
3928 994 4014 1045 τοῦ

2464 1068 2619 1134 ἀγίου
2660 1069 2833 1136 ἆγιος.
2885 1073 2994 1124 Καὶ
3026 1073 3149 1126 οὗτε
3189 1076 3250 1127 τδ
3295 1080 3495 1146 κράτος
3526 1082 3792 1148 σχίζεται,
3823 1082 3949 1134 οὔτε
3984 1087 4013 1149 ἡ

2463 1156 2586 1219 δόξα
2613 1157 3003 1227 διαμερίζεται,
3040 1164 3155 1214 ἀλλ’
3182 1166 3214 1232 ἡ
3241 1166 3367 1229 δόξα
3406 1169 3505 1235 τῆς
3553 1171 3787 1231 εἰκόνος.
3824 1172 3919 1222 τοῦ
3942 1174 4012 1222 εί⁸

2465 1245 2811 1315 κονιζομένου
2858 1250 3082 1315 γίνεται.
3107 1254 3384 1307 Δεδοίκασι
3416 1259 3541 1319 τοὺς
3584 1257 3774 1324 ἁγίους
3810 1263 3862 1312 oi
3905 1260 4011 1312 ἰαέο

2467 1350 2644 1400 μονες,
2679 1339 2772 1387 καὶ
2807 1339 2903 1405 τὴν
2937 1342 3092 1391 σκιὰν
3135 1342 3310 1394 αὐτῶν
3357 1346 3765 1413 δραπετεύουσι,
3810 1350 3939 1400 exii
3963 1351 4009 1401 δὲ

2464 1425 2557 1475 καὶ
2580 1426 2609 1493 ἡ
2632 1425 2813 1487 εἰκὼν,
2843 1429 2935 1480 καὶ
2950 1430 3155 1498 ταύτην
3170 1434 3323 1495 ποιῶ,
3336 1438 3409 1496 ὡς
3426 1438 3691 1504 δαιμόνων
3706 1440 4006 1507 ἐλάτειραν.

2461 1515 2526 1566 El
2551 1514 2605 1565 δὲ
2641 1516 2835 1584 χρῆναι
2861 1516 3037 1584 λέγοις
3068 1522 3264 1589 νοερῶς
3289 1524 3447 1590 μόνον
3470 1524 3588 1593 Θεῷ
3623 1529 4006 1590 συνάπτεσθαι,

2437 1604 2613 1680 ⁵ἄνελε
2636 1606 2810 1657 πάντα
2826 1606 2895 1658 τὰ
2920 1610 3225 1677 σωματικὰ,
3248 1612 3315 1663 τά
3344 1612 3515 1679 φῶτα,
3532 1616 3593 1667 τὸ
3608 1617 4009 1685 eamagema-

2463 1710 2535 1761 μα
2552 1710 2564 1722 ·
2596 1694 2765 1763 αὐτὴν
2789 1695 2885 1765 τὴν
2904 1696 2993 1749 διὰ
3011 1697 3109 1766 τῆς
3132 1700 3310 1769 φωνῆς
3342 1708 3667 1773 προσευχήν
3693 1707 3837 1759 αὺτά
3872 1712 3936 1758 τὰ
3958 1710 4009 1771 ἐξ

2463 1784 2588 1853 ὕλης
2609 1784 2903 1854 τελούμενα
2938 1786 3058 1840 θεῖα
3086 1794 3375 1859 μυστήρια,
3405 1794 3495 1844 τὸν
3522 1794 3703 1862 ἄρτον,
3736 1798 3832 1847 τὸν
3854 1794 4005 1859 οἶνον,

2460 1876 2520 1924 τὸ
2546 1877 2643 1943 τῆς
2678 1878 2908 1945 κρίσεως
2943 1878 3141 1943 ἔλαιον,
3176 1881 3269 1933 τοῦ
3313 1886 3542 1953 σταυροῦ
3571 1886 3634 1937 τὸ
3683 1888 4001 1953 ὲκτὺπωμα.

2461 1964 2642 2016 Ταῦτα
2691 1966 2798 2034 γάρ
2850 1968 3026 2020 πάντα
3073 1970 3205 2037 ὕλη⁹
3252 1973 3281 2024 ὁ
3326 1975 3577 2042 σταυρὸς,
3622 1978 3649 2028 ὀ
3704 1979 3803 2044 τῆς
3860 1995 4005 2030 σταυ-

2461 2054 2678 2122 ρώσεως
2709 2057 2967 2123 σπόγγος,
2999 2059 3090 2111 καὶ
3110 2060 3371 2129 κάλαμος,
3400 2067 3493 2115 καὶ
3527 2066 3559 2132 ὴ
3592 2065 3693 2134 τὴν
3732 2069 4004 2138 (una:pr

2460 2145 2699 2213 πλευρὰν
2722 2146 2922 2208 νυξασα
2951 2148 3139 2217 λόγχη.
3167 2149 3236 2201 Ἦ
3254 2150 3456 2204 τούτων
3482 2154 3740 2207 ἀπάντων
3767 2157 3922 2208 ἄνελε
3948 2160 4001 2209 τὸ

2459 2232 2638 2294 σέϐας,
2678 2234 2814 2303 ὅπερ
2849 2234 3129 2298 ἀδύνατον,
3173 2238 3207 2307 ἢ
3250 2238 3324 2307 μὴ
3376 2240 3671 2294 ἀπαναίνου
3720 2244 3857 2312 μηδὲ
3911 2245 4000 2313 τὴν

2443 2323 2562 2383 ,τῶν
2587 2323 2807 2375 εἰκόνων
2836 2327 3023 2394 τιμήν.
3068 2327 3240 2397 Χάρις
3288 2329 3487 2383 δίδοται
3538 2332 3656 2384 θεία
3690 2337 3809 2396 ταῖς
3860 2337 3999 2394 ὕλαις

2455 2410 2543 2463 διά
2584 2413 2684 2481 τῆς
2726 2412 2835 2465 τῶν
2880 2415 3291 2484 είκονιζομένων
3353 2423 3739 2489 προσηγορίας.
3796 2424 4001 2495 Ὠσπερ

2456 2501 2599 2554 λιτὸν
2636 2504 2669 2571 ἡ
2696 2503 2933 2571 κογχύλη
2970 2503 3091 2556 καθ’
3127 2504 3339 2575 ἑαυτὴν,
3372 2510 3465 2560 καὶ⁵
3499 2511 3533 2576 ή
3563 2510 3795 2577 μέταξα,
3821 2516 3918 2565 καλ⁵
3948 2516 4001 2566 τὸ

2454 2593 2514 2657 ἐξ
2532 2595 2733 2661 ἀμφοῖν
2758 2596 3125 2665 ὲξυφασμένον
3147 2599 3360 2666 ἱμάτιον
3381 2617 3393 2629 ·
3412 2601 3476 2653 ἂν
3497 2602 3553 2654 δὲ
3575 2602 3828 2670 βασιλεὺς
3850 2606 4000 2658 τοῦτο

2454 2683 2765 2753 περίθηται,
2791 2686 2855 2736 ὲκ
2877 2687 2973 2754 τῆς
3001 2687 3308 2757 προσούσης
3332 2689 3411 2759 τῷ
3436 2692 3795 2762 ἠμφιεσμένῳ
3818 2696 3994 2763 τιμῆς,

2453 2772 2529 2839 τῷ
2570 2772 2917 2840 ἀμφιασματι
2966 2775 3304 2842 μεταδίδοται
3333 2795 3347 2808 ·
3386 2780 3556 2842 οὕτως
3604 2784 3697 2835 καὶ
3753 2788 3806 2836 αἱ
3858 2786 3994 2847 ὕλαι,

2451 2862 2610 2914 αὑταὶ
2638 2863 2736 2929 μὲν
2766 2863 2889 2916 καθ’
2914 2865 3114 2928 ἑαυτὰς
3156 2866 3667 2945 ἀπροσκύνητοιηᾶν
3696 2876 3753 2927 δὲ
3782 2878 3995 2945 χάριτος

2450 2950 2535 3017 εἴη
2566 2951 2779 3020 πλήρης
2798 2954 2827 3002 ὀ
2847 2953 3258 3023 είκονιζόμενος,
3287 2960 3500 3028 μέτοχοι
3522 2963 3739 3029 χάριτος
3762 2968 3993 3030 γίνονται

2449 3038 2569 3089 κατ’
2594 3039 2883 3105 ἀναλογίαν
2912 3041 3008 3109 τῆς
3036 3042 3289 3106 πίστεως.
3320 3041 3472 3099 Εἶδον
3508 3052 3554 3101 σί
3590 3052 3882 3107 ἀπόστολοι
3908 3058 3994 3107 τὸν

2450 3128 2655 3197 Κύριον
2685 3118 3019 3197 σωματικοῖς
3043 3131 3359 3202 ὀφθαλμοῖς,
3392 3138 3485 3188 καὶ
3514 3140 3638 3201 τοὺς
3667 3142 3991 3208 ἀποστόλους

2447 3218 2643 3285 ἕτεροι,
2666 3218 2759 3270 καὶ
2791 3221 2917 3292 τοὺς
2954 3220 3234 3291 μάρτυρας
3262 3223 3456 3293 ἕτεροι.
3486 3228 3642 3280 Ποοῶ
3678 3232 3835 3295 κάγὼ
3872 3236 3987 3287 τούν

2444 3324 2571 3368 τους
2595 3309 2727 3378 ὀρᾷν
2752 3308 2896 3379 ψυχῇ
2919 3327 2978 3362 τε
3012 3312 3104 3363 καὶ
3130 3311 3362 3381 σώματι,
3387 3317 3479 3368 καὶ
3506 3319 3648 3385 ἔχειν
3672 3322 3990 3383 ἀλεξίκακον

2445 3395 2755 3463 φάρμακον,
2789 3398 2912 3449 ἐπεὶ
2957 3398 3175 3461 διπλοῦς
3204 3401 3456 3469 ἔκτισμαι
3476 3421 3491 3435 ’
3519 3408 3611 3458 καὶ
3649 3409 3792 3476 ὀρῶν
3821 3428 3985 3479 προσ-

2445 3480 2590 3532 κυνῶ
2613 3479 2675 3531 τὸ
2708 3479 3002 3551 ὁρώμενον,
3046 3484 3143 3550 οὐχ
3174 3484 3248 3546 ὡς
3287 3484 3438 3547 Θεὸν,
3479 3488 3593 3540 ἀλλ’
3622 3491 3695 3552 ὡς
3738 3494 3937 3561 τιμέων
3964 3506 3975 3541 ι

2444 3570 2726 3641 είκόνισμα
2751 3574 2947 3640 τίμιον.
2976 3573 3046 3625 Σὺ
3080 3572 3199 3641 μὲν,
3231 3574 3303 3635 ὡς
3330 3576 3511 3644 τυχὸν,
3552 3578 3753 3647 ὑψηλός
3781 3599 3865 3645 τε,
3904 3587 3988 3636 καὶ

2444 3660 2624 3726 ἀῦλος,
2655 3664 2750 3714 καὶ
2772 3663 2910 3733 ὑπὲρ
2937 3662 2996 3715 τὸ
3020 3663 3178 3733 σῶμα
3206 3674 3511 3736 γενόμενος,
3544 3671 3634 3723 καὶ
3668 3666 3781 3725 οἷον
3822 3677 3986 3747 acap-

2444 3769 2557 3816 κος,
2586 3754 2917 3816 καταπτύεις
2958 3756 3066 3807 πᾶν
3096 3756 3157 3808 τὺ
3194 3756 3496 3827 ὁρώμενον
3540 3761 3654 3814 ἀλλ’
3690 3764 3822 3830 ἐγὼ,
3872 3769 3988 3819 ἐπεὶ

2440 3840 2724 3909 ἄνθρωπός
2769 3844 2904 3911 είμι,
2952 3842 3069 3895 καὶ·
3096 3844 3251 3913 σῶμα
3305 3848 3653 3917 περίκειμαι,
3694 3852 3848 3904 ποθῶ
3898 3856 3990 3908 καὶ

2442 3935 2771 4002 σωματικῶς
2793 3935 3023 4002 ὁμιλεῖν,
3053 3936 3146 3988 καὶ
3172 3938 3303 4005 ὀρᾷν
3329 3940 3397 3990 τά
3418 3941 3576 4006 ἀγια·
3613 3947 3986 4013 συγκατᾶῧηϐι

2439 4025 2517 4092 τῷ
2553 4023 2794 4091 ταπεινῷ
2822 4041 2923 4091 μου
2952 4027 3256 4094 φρονήματι
3282 4028 3310 4080 ὁ
3330 4028 3548 4098 ὐςνηλὸς,
3582 4032 3670 4084 ἵνα
3698 4049 3793 4086 σου
3820 4038 3985 4103 τηρῇ·

2442 4128 2540 4183 σῃς
2568 4112 2626 4164 τὺ
2666 4112 2885 4180 ὑψηλόν.
2921 4114 3270 4183 Ἀποδέχεται
3295 4117 3494 4186 Κύριος
3529 4122 3619 4173 τὸν
3665 4124 3803 4189 πρὸς
3828 4126 3987 4177 αὐτόν

2441 4225 2543 4275 μου
2567 4209 2751 4270 πόθον,
2784 4210 2876 4261 καὶ
2919 4212 3043 4274 τοὺς
3075 4212 3307 4277 οἰκείους
3356 4213 3546 4267 αὑτοῦ.
3585 4213 3778 4283 Χαίρει
3802 4214 3910 4283 γάρ
3957 4216 3984 4266 5

2435 4297 2722 4365 δεσπότης,
2761 4299 3239 4368 ὲγκωμιαζομένου
3292 4302 3476 4355 δούλου
3533 4304 3908 4372 εὐγνώμονος,
3958 4304 3986 4355 6

2442 4386 2611 4455 μέγας
2656 4386 2758 4455 ἔφη
2800 4386 3075 4451 Βασίλειος
3135 4392 3493 4459 ιγκωμιάζων
3541 4392 3666 4454 τοὺς
3714 4392 3981 4461 τεσσαρὼ

788 4490 843 4534 et
869 4492 1097 4546 corpore
1123 4476 1376 4537 vestitus,
1402 4488 1526 4527 cum
1563 4474 1628 4527 iis
1654 4488 1773 4542 qua:
1810 4481 1996 4528 saneta
2030 4484 2189 4534 sunt.
2216 4487 2331 4527 ουν-
2370 4476 2413 4531 D

2442 4489 2608 4525 κοντα
2659 4474 2962 4542 μάρτυρας.
3018 4476 3206 4546 ’Δθρει
3264 4478 3319 4531 δὲ
3362 4474 3450 4532 οἶα
3482 4480 3575 4532 καὶ
3624 4479 3842 4547 Γόρδιον
3896 4480 3982 4531 τὸν

788 4583 919 4637 pore
943 4564 1153 4619 versari
1184 4563 1367 4633 cupio,
1404 4576 1577 4631 eaque
1611 4563 1783 4616 oculis
1816 4563 2089 4616 contueri.
2129 4560 2209 4615 Tu
2242 4561 2332 4630 qui

2445 4561 2683 4629 ἀοίδιμον
2705 4564 2977 4633 γεραίρων
3003 4564 3030 4603 ll
3059 4564 3242 4633 φησίν.

789 4655 1081 4726 praecelsus
1107 4668 1166 4707 es
1186 4692 1201 4718 ,
1236 4652 1460 4705 humilis
1490 4664 1687 4703 sensus
1722 4650 1826 4703 mei
1858 4650 2120 4703 rationem
2158 4647 2294 4702 habe
2316 4687 2331 4709 ,
2374 4654 2432 4698 ut
2462 4654 2609 4698 tuam
2640 4647 2754 4714 ipse
2780 4650 2965 4702 serves
2989 4649 3390 4703 celsitudinem.
3449 4649 3621 4704 Meum
3689 4651 3981 4706 adversum

798 4760 859 4803 se
920 4744 1239 4811 amicosque
1308 4754 1441 4795 suos
1487 4738 1729 4799 studium
1804 4737 2186 4806 complectitur
2258 4735 2542 4788 Dominus.
2594 4734 2805 4789 Gaudet
2854 4737 2999 4790 enim
3041 4740 3329 4804 dominus,
3372 4753 3493 4792 cum
3540 4741 3981 4797 addictissimum

790 4835 893 4891 sibi
945 4832 1207 4889 famulum
1244 4820 1499 4884 laudibus
1533 4826 1669 4882 allici
1707 4829 1906 4883 viderit
1946 4846 1960 4880 :
1998 4825 2455 4899 quemadmodum
2506 4839 2732 4894 magnus
2758 4823 2991 4881 Basilius
3020 4827 3125 4891 ait,
3159 4829 3215 4882 in
3278 4843 3342 4883 ea
3380 4830 3659 4895 oratione,
3725 4845 3834 4899 qua
3905 4848 3973 4887 at.

790 4933 1056 4993 martyres
1080 4920 1357 4991 praedicat.
1380 4920 1449 4972 At
1470 4919 1652 4974 videas
1674 4921 1831 4974 velim
1866 4918 1996 4988 quid
2032 4919 2300 4972 illustrem
2339 4914 2599 4969 Gordium
2632 4918 2915 4973 celebrans
2946 4920 3161 4975 dixerit.

890 5013 949 5073 S.
984 5012 1207 5079 Basilii,
1236 5026 1299 5065 ea:
1329 5011 1645 5131 “ngenio;
1676 5020 1918 5064 sanctum
1950 5020 2233 5077 martyrem

1467 5094 1528 5131 or
1567 5095 1692 5131 iuni.

1467 5094 1692 5132 orarum.

862 5192 881 5225 ι
911 5169 1191 5224 La°tantur
1217 5168 1401 5238 populi
1433 5167 1622 5222 laetitia
1652 5167 1925 5237 spirituali
1948 5206 1965 5230 ,
1999 5182 2064 5221 ex
2098 5166 2215 5222 sola
2249 5179 2336 5220 re-

786 5274 907 5314 rum
933 5274 1049 5327 qua:
1078 5273 1109 5310 a
1141 5257 1270 5311 viris
1286 5257 1454 5326 justls
1484 5266 1648 5327 gestae
1683 5263 1814 5311 sunt
1840 5255 2249 5317 recordatione,
2279 5260 2335 5307 et

783 5347 1086 5411 audiendo,
1124 5347 1190 5400 ad
1226 5344 1555 5400 imitandum
1601 5355 1987 5416 provocamur.
2036 5343 2169 5399 Nam
2212 5344 2333 5396 illo-

785 5452 901 5494 rum
936 5439 1027 5509 qui
1066 5438 1232 5507 probe
1275 5444 1571 5506 sancteque
1610 5438 1895 5501 vixerunt,
1937 5436 2167 5491 historia
2220 5434 2328 5487 illis

2438 5005 2553 5061 Τοῦ
2592 5006 2762 5077 ἁγίου
2812 5010 3167 5080 Βασιλείου,
3210 5010 3277 5063 ἐκ
3312 5012 3419 5065 τοῦ
3444 5014 3530 5079 είς
3579 5013 3833 5080 Γόρδιον
3877 5015 3984 5066 τὸν

2458 5141 2461 5144 ν
2946 5079 3216 5145 μάρτυρα
3232 5086 3235 5089 λ
3250 5082 3452 5147 λόγου.

2508 5183 2527 5216 ι
2565 5163 2955 5233 Εὖφραίνονται
2980 5167 3098 5219 λαοὶ
3123 5168 3455 5239 εὐφροσύνην
3476 5170 3849 5238 πνευματικὴν
3886 5171 3981 5221 ἐπὶ

2436 5253 2573 5322 μόνῃ
2595 5256 2661 5322 τῇ
2679 5253 2983 5324 ὑπομνήσει
3002 5256 3110 5308 τῶν
3133 5259 3244 5320 τοῖς
3264 5256 3487 5319 δικαίοις
3509 5258 3980 5325 κατωρθωμένων,

2429 5343 2509 5403 είς
2541 5342 2701 5411 ζῆλον
2731 5344 2823 5396 καὶ⁵
2849 5344 3075 5414 μίμησιν
3108 5345 3217 5398 τῶν
3253 5345 3489 5412 ἀγαθῶν,
3522 5346 3614 5413 ἀφ’
3649 5340 3721 5396 ὦν
3751 5346 3981 5399 ἀκούου-

2436 5449 2540 5498 σιν,
2596 5434 2925 5503 ἐναγόμενοι.
2950 5436 3020 5487 'H
3052 5435 3161 5504 γὰρ
3209 5434 3316 5489 τῶν
3345 5435 3736 5489 εὐπολιτεὺτων
3763 5434 3974 5504 ἀνδρῶν

1960 5606 2185 5663 VARUS
2234 5606 2624 5663 LECTIONES.

856 5706 870 5753 ι
910 5703 1056 5755 Orat.
1088 5699 1144 5763 ἓ,
1175 5698 1373 5767 τιμίου.
1457 5697 1479 5737 ί
1514 5696 1731 5763 Ibidem,
1767 5698 1845 5767 τῷ
1896 5696 2056 5765 λόγῳ,
