4172 6490
187 505 320 565 12θὸ

1292 505 1389 563 DE
1431 501 1888 563 lMAGlNlBUS
1911 499 2193 560 ORATIO
2234 500 2276 556 Ι.

3305 489 3440 548 12m

186 611 418 681 ἱστορία,
460 605 573 663 οἷόν
601 627 652 662 τι
686 609 801 678 φῶς
838 614 952 673 τοῖς
1002 611 1330 680 σωζομένοις
1365 612 1504 682 πρὸς
1535 611 1634 682 τὴν
1663 612 1758 664 τοῦ

1864 611 1956 678 qui
1992 616 2280 676 compotes
2314 603 2512 658 salutis
2549 591 2682 655 nam
2706 643 2719 662 ,
2761 602 2908 654 velut
2942 601 3127 651 lumen
3164 595 3440 664 quoddam

184 705 302 774 βίου
351 703 468 757 ὁδὸν
521 705 759 772 ἐμποιεῖ.
790 721 809 754 ι
869 703 979 755 Καὶ
1024 701 1217 755 πάλιν·
1260 722 1277 753 ι
1309 702 1472 756 Ὥστε
1511 704 1638 756 ὅταν
1674 702 1752 755 δι-

176 795 446 866 ηγώμεθα
469 796 596 858 τοὺς
619 795 768 865 βίους
808 793 918 846 τῶν
943 793 1358 863 διαπρεψάντων
1383 797 1440 846 ὲν
1473 793 1749 864 εὐσεϐείᾳ,

176 886 476 956 δοξάζομεν
520 886 737 955 πρῶτον
783 885 878 938 τὸν
920 886 1202 954 Δεσπότην
1231 885 1319 939 διὰ
1361 884 1470 938 τῶν
1511 885 1712 938 δούλων
1736 901 1749 914 ·

177 974 602 1044 ἐγκωμιάζομεν
631 974 690 1027 δὲ
725 975 851 1036 τοὺς
889 974 1130 1036 δικαίους
1169 973 1257 1026 διὰ
1301 974 1401 1042 τῆς
1444 972 1754 1044 μαρτυρίας

176 1060 256 1120 ὧν
287 1067 446 1136 ῖσμεν
473 1083 486 1096 ·
516 1066 884 1139 εὑῳραίνομεν
905 1065 964 1120 δὲ
985 1067 1110 1129 τοὺς
1138 1065 1322 1132 λαοὺς,
1349 1066 1438 1121 διὰ
1466 1066 1564 1134 τῆς
1583 1065 1754 1135 ἀκοῆς

178 1158 290 1211 τῶν
321 1158 526 1213 καλῶν.
562 1176 583 1210 ι

253 1340 534 1408 Σχόλιον.
574 1341 738 1411 Ὅρα,
768 1340 844 1403 ὡς
873 1339 1011 1392 Θεοῦ
1042 1340 1140 1411 μὲν
1161 1340 1338 1407 δόξαν,
1365 1340 1472 1393 τῶν
1499 1340 1555 1394 δὲ
1586 1341 1755 1408 ἁγίων

175 1431 478 1501 ἐγκώμιον,
504 1431 615 1484 τῶν
656 1432 713 1485 δὲ
743 1431 888 1485 λαῶν
934 1431 1275 1502 εὐφροσύνην
1319 1433 1413 1486 καὶ
1457 1434 1753 1504 σωτηρίαν,

175 1525 211 1592 ἡ
277 1525 463 1593 μνήμη
516 1523 626 1576 τῶν
681 1523 852 1590 ἁγίων
913 1524 1220 1593 συνίστησι.
1276 1525 1343 1576 Τί
1396 1521 1488 1579 οὖν
1550 1526 1757 1596 ταύτην

174 1616 470 1683 ἀφαιρεῖς
502 1615 621 1668 Ὅτι
672 1615 729 1668 δὲ
757 1614 846 1666 διὰ
878 1615 1038 1682 λόγου
1091 1617 1186 1669 καὶ
1212 1617 1440 1670 εἰκόνων
1485 1620 1518 1689 ὴ
1561 1620 1757 1690 μνήμη

173 1704 416 1769 γίνεται,
458 1705 626 1772 φησὶν
653 1705 682 1756 ὁ
715 1704 879 1768 αὐτὸς
910 1705 1050 1769 θεῖος
1080 1706 1384 1771 Βασίλειὸς.

179 1880 300 1933 Τοῦ
332 1882 518 1934 αὐτοῦ
557 1882 751 1950 ἁγίου,
783 1887 868 1948 εἰς
898 1885 1004 1936 τὸν
1030 1886 1286 1952 Γόρδιον
1329 1886 1434 1941 τὸν
1461 1887 1752 1959 μάρτυρα.

260 1993 278 2023 ι
301 1974 512 2043 Ὥσπερ
545 1975 653 2046 γὰρ
683 1975 762 2044 τῷ
807 1977 941 2046 πυρὶ
970 1978 1292 2048 αὐτομάτως
1331 1980 1525 2032 ἕπεται
1555 1982 1615 2034 τὸ
1644 1999 1756 2050 (pro-

174 2065 372 2128 τίζειν,
398 2067 492 2118 καὶ
516 2067 594 2136 τῷ
633 2067 791 2137 μύρῳ
812 2067 872 2120 τὸ
905 2069 1146 2131 εὐωδείν,
1178 2069 1321 2124 οὕτω
1351 2073 1442 2126 καὶ
1473 2076 1591 2137 ταῖς
1623 2077 1758 2143 ἀγα-

175 2154 303 2217 θαῖς
337 2155 620 2226 πράξεσιν,
658 2162 971 2228 ἀναγκαίως
1021 2161 1308 2215 ἀκολουθεῖ
1356 2165 1418 2216 τὸ
1459 2165 1753 2235 ὠφέλιμον.

177 2247 379 2300 Καίτοι
431 2249 550 2300 οὐδὲ
578 2249 736 2303 τοῦτο
768 2252 994 2322 μικρὸν,
1029 2254 1271 2324 ἀκριϐῶς
1299 2258 1482 2324 τυχεῖν
1503 2257 1602 2326 τῆς
1633 2256 1759 2329 ἀλη-

176 2337 337 2399 θείας
367 2338 474 2391 τῶν
503 2340 646 2393 τότε.
687 2341 933 2410 Ἀμυδρὰ
985 2346 1091 2412 γάρ
1139 2362 1224 2408 τις
1258 2348 1446 2418 μνήμη
1485 2349 1566 2411 εἰς
1611 2351 1758 2420 ἡμᾶς

175 2429 418 2501 διεδόθη,
445 2432 545 2494 τὰς
588 2433 679 2485 ἐπὶ
711 2433 819 2487 τῶν
852 2435 1078 2503 ἀγώνων
1122 2437 1492 2508 ἀνδραγαθίας
1530 2441 1626 2493 τοῦ
1668 2444 1758 2495 ἀν-

175 2519 308 2588 δρὸς
339 2521 699 2586 Eusebio-na,
732 2526 825 2578 καί
877 2544 993 2590 πως
1019 2529 1168 2581 δοκεῖ
1211 2529 1278 2583 τά
1315 2531 1438 2584 καθ’
1466 2533 1613 2601 ἡμᾶς
1646 2537 1760 2597 τοῖς

175 2615 293 2666 τῶν
323 2616 631 2686 ζωγράφων
665 2621 1069 2689 προσεοικέναι.
1097 2623 1206 2675 Καὶ
1225 2624 1335 2695 γάρ
1359 2627 1578 2690 ἐκεῖνοι,
1613 2628 1762 2680 ἐπει-

175 2708 279 2758 ὀὲν
313 2708 369 2774 ἐξ
401 2709 620 2763 εἰκόνων
660 2714 1048 2783 μεταγράφωσι
1091 2715 1192 2778 τὰς
1223 2717 1457 2785 εἰκόνας,
1491 2719 1760 2786 πλεῖστον,

177 2799 262 2859 ὡς
287 2801 450 2863 εἰκὸς,
486 2803 592 2856 τῶν
623 2805 948 2876 ἀρχετύπων
969 2808 1461 2879 ἀπολιμπάνονται·
1483 2813 1593 2866 καὶ
1617 2815 1762 2883 ἡμᾶς

179 2892 357 2959 αὐτῆς
388 2895 487 2962 τῆς
513 2893 638 2957 θέας
665 2897 774 2948 τῶν
796 2898 1140 2968 πραγμάτων
1165 2901 1615 2972 ἀπολειφθέντας,
1644 2905 1761 2962 κίν-

180 2983 340 3045 δυνος
367 2985 425 3036 οὐ
465 2988 660 3056 μικρὸς
685 2990 786 3060 τὴν
817 2990 1072 3062 ἀλήθειαν
1104 2992 1428 3050 ἐλαττῶσαι.
1456 3015 1475 3048 ι

521 3165 652 3218 Ἐπί
693 3167 853 3219 τέλει
888 3168 996 3222 τοῦ
1023 3170 1210 3223 αὑτοῦ
1237 3173 1444 3239 λόγου.

268 3273 285 3303 ι
325 3252 413 3317 Ὠς
448 3254 671 3336 γαρΙτὸν
697 3258 847 3326 ἥλιον
881 3261 967 3313 ἀεὶ
995 3261 1250 3330 ὁρῶντες,
1275 3264 1360 3315 ἀεὶ
1389 3263 1761 3336 θαυμάζομεν,
1791 3302 1832 3360 c

187 3344 336 3396 οὕτω
371 3347 464 3396 καὶ
496 3346 585 3398 τοῦ
617 3349 808 3419 ἀνδρὸς
830 3351 1040 3404 ἐκείνου
1069 3352 1154 3404 ἀεὶ
1189 3353 1387 3422 νεαρὰν
1416 3355 1514 3423 τήν
1542 3355 1762 3426 μνήμην

185 3450 406 3502 εχςμεν.
439 3454 457 3486 ι

266 3527 542 3593 Σχόλιον.
581 3529 770 3598 Δῆλον,
807 3529 881 3594 ὡς
909 3531 996 3584 ἀεὶ
1027 3532 1389 3603 καθορῶντες,
1408 3533 1498 3588 διά
1517 3551 1577 3587 τε
1602 3532 1762 3604 λόγου

186 3619 284 3668 καὶ
319 3621 738 3689 εἰκονισμάτων.

183 3708 301 3760 Καὶ
329 3710 395 3761 ἐν
430 3709 506 3773 τῷ
534 3713 692 3792 ..ίόγῳ
725 3712 794 3765 δὲ
821 3713 900 3798 ei?)
931 3717 1014 3780 εἰς
1046 3716 1188 3780 τοὺς
1228 3719 1589 3798 ὐξερτίμους
1627 3734 1764 3774 τεσ-

401 3785 746 3847 σαράκοντα
766 3785 1091 3851 μάρτυρας,
1125 3785 1309 3839 ταῦτά
1338 3785 1547 3855 φησιν.

269 3890 287 3922 ι
315 3873 624 3942 Μαρτύρων
654 3874 710 3926 δὲ
753 3875 992 3944 μνήμης,
1025 3876 1110 3939 τίς
1138 3876 1203 3929 ἂν
1223 3877 1433 3944 γένοιτο
1479 3878 1640 3948 κόρος
1687 3877 1765 3949 τῷ

183 3962 588 4033 φιλομάρτυρι;
625 3966 769 4017 Διότι
803 3966 836 4033 ἡ
885 3967 1020 4036 πρὸς
1052 3970 1176 4031 τοὺς
1225 3969 1465 4037 ἀγαθοὺς
1501 3970 1609 4025 τῶν
1644 3974 1766 4041 ὁμο-

179 4053 396 4106 δηύλων
424 4055 580 4126 τιμὴ,
618 4058 896 4121 ἀπόδειξιν
947 4058 1060 4127 ἔχει
1107 4061 1206 4129 τῆς
1249 4062 1385 4130 πρὸς
1446 4063 1539 4115 τὸν
1586 4063 1764 4116 κοινὸν

182 4147 468 4215 Δεσπότην
517 4149 750 4211 εὐνοίας.
794 4169 811 4200 ι
849 4150 960 4202 Καὶ
1004 4153 1191 4204 πάλινο
1228 4154 1590 4225 «Μακάρισον
1635 4172 1767 4226 γνη-

188 4240 327 4300 σίως
358 4241 447 4290 τὸν
503 4243 956 4311 μαρτυρήσαντα,
993 4241 1080 4295 ἵνα
1118 4242 1246 4313 γένῃ
1280 4245 1489 4314 μάρτυς
1519 4249 1585 4316 τῇ
1633 4263 1768 4317 προ-

185 4333 427 4402 αιρέσει,
467 4333 560 4384 καὶ
619 4333 786 4402 ὲκόῇς
821 4335 990 4402 χωρὶς
1047 4333 1311 4404 διωγμοῦ,
1352 4338 1522 4406 χωρὶς
1569 4338 1763 4407 πυρὸς,

184 4423 361 4492 χωρὶς
391 4424 691 4492 μαστίγων,
722 4422 832 4476 τῶν
873 4424 1052 4478 αὐτῶν
1081 4427 1310 4490 ἐκείνοις
1341 4426 1578 4482 ἐπαίνων
1604 4429 1767 4498 ἠξιω-

187 4517 371 4586 μένος.
415 4535 434 4569 ι

263 4694 542 4762 Σχόλιον.
587 4697 708 4759 Πῶς
740 4694 832 4750 οῦν
871 4697 938 4766 μὲ
985 4697 1272 4769 ἀπείργεις
1304 4697 1406 4768 τῆς
1454 4697 1564 4752 τῶν
1599 4696 1769 4766 ἁγίων

182 4784 382 4853 τιμῆς,
414 4786 509 4839 καὶ
560 4786 775 4854 φθονεῖς
829 4804 920 4856 μοι
947 4787 1048 4856 τῆς
1096 4787 1404 4858 σωτηρίας;
1432 4788 1553 4841 Ὀτι
1571 4787 1626 4841 δὲ
1646 4804 1769 4840 cov-

182 4876 530 4948 ἐζευγμένην
562 4874 666 4931 οἶδε
714 4878 792 4949 τῷ
839 4878 982 4948 λόγῳ
1029 4879 1130 4949 τὴν
1178 4879 1266 4933 διὰ
1317 4880 1426 4933 τῶν
1462 4881 1769 4952 χρωμάτων

187 4970 434 5040 μορφὴν,
458 4970 627 5023 ἄκουε
655 4968 822 5024 αὑτοῦ
853 4967 972 5038 μετ’
997 4967 1153 5037 ὀλίγα
1183 4967 1508 5038 φάσκοντος.

807 5157 1151 5216 Βασιλείου.

270 5266 288 5298 ι
320 5245 490 5315 Δεῦρο
535 5245 601 5316 δὴ
645 5241 760 5314 οὖν,
785 5246 867 5308 εἰς
902 5247 1066 5315 μέσον
1107 5244 1304 5309 αὐτοὺς
1344 5245 1641 5314 ἀγαγόντες
1682 5244 1769 5298 διὰ

181 5339 294 5406 τῆς
342 5339 700 5408 ὑπομνήσεως
725 5379 740 5404 ,
779 5337 966 5406 κοινὴν
1002 5339 1103 5408 τὴν
1144 5339 1238 5391 ἀπ’
1267 5338 1447 5390 αὐτῶν
1496 5337 1770 5406 ὠφέλειαν

181 5433 308 5491 τοῖς
355 5429 590 5500 παροῦσι
633 5428 1128 5499 καταστησώμεθα,
1159 5427 1536 5499 προδείξαντες
1580 5431 1768 5495 πᾶσιν,

184 5520 384 5590 ὡσπερ
413 5521 468 5572 ἐν
499 5523 709 5591 γραφῇ,
741 5521 841 5584 τας
868 5519 978 5573 τῶν
1001 5518 1210 5591 ἀνδρῶν
1239 5518 1540 5589 ἀριστείας.
1577 5537 1595 5569 ι

270 5699 548 5763 Σχόλιοιο.
566 5699 749 5769 Ὁρᾷς,
771 5698 846 5762 ὡς
863 5697 921 5752 ἓν
944 5699 1151 5761 εἰκόνος
1171 5697 1262 5752 καὶ
1293 5697 1450 5766 λόγου
1479 5698 1539 5751 τὸ
1571 5697 1730 5768 ἔργον
1754 5716 1767 5764 ;

191 5810 210 5840 σ
239 5789 332 5851 '13;
385 5791 441 5841 ἐν
487 5794 671 5861 γραφῇ
701 5791 830 5861 γὰρ,
858 5793 1012 5862 φησί,
1045 5793 1416 5862 προδείξωμεν
1444 5791 1520 5862 τῷ
1549 5792 1712 5862 λόγῳ.
1745 5811 1765 5844 ι

187 5884 236 5936 Π
249 5881 368 5935 iis-1
400 5882 632 5953 ἐχόμενα
655 5882 748 5937 τοῦ
790 5883 949 5954 λόγου
977 5900 990 5915 ο
1024 5903 1042 5937 ι
1066 5883 1218 5938 Ἐπεὶ
1264 5884 1355 5939 καὶ
1388 5883 1636 5954 πολέμων
1677 5885 1769 5940 ἀν-

1855 701 2283 764 subministrat,
2314 713 2426 767 quo
2455 695 2522 749 ad
2555 696 2726 747 vitam
2762 698 3012 762 pergant.
3037 709 3054 741 ι
3085 688 3148 742 Ει
3173 702 3392 742 rursum
3422 703 3438 741 :

1864 795 2280 865 «Quapropter,
2313 789 2537 860 quando
2597 788 2765 841 vitam
2809 799 3035 848 eorum,
3089 783 3184 851 qui
3234 780 3444 851 pietate

1856 888 2101 957 insignes
2135 885 2368 946 fuerim,
2399 893 2727 936 enarramus
2756 895 2770 941 ;
2807 877 3043 947 primum
3076 873 3298 943 quidem
3332 872 3441 924 Do-

1856 979 2066 1032 minum
2103 976 2155 1028 in
2189 978 2368 1028 servis
2403 974 2787 1026 honoramus:
2829 967 3028 1022 deinde
3059 967 3239 1034 jnstos
3272 979 3442 1018 oma-

1859 1054 1981 1125 mus
2004 1110 2018 1134 ,
2051 1083 2113 1122 ea
2148 1049 2498 1121 testificando
2521 1104 2534 1127 ,
2575 1077 2700 1132 quae
2743 1060 2903 1115 nobis
2950 1064 3233 1126 comperta
3267 1062 3437 1110 sunt:

1855 1159 2077 1213 demum
2108 1158 2446 1212 lmtilicamus
2477 1153 2729 1223 populos,
2771 1152 2900 1206 dum
2948 1164 3036 1204 res
3067 1147 3304 1218 Optimas
3339 1160 3438 1198 au-

1857 1250 2036 1305 diunt.
2085 1267 2102 1299 ι

1930 1343 2230 1396 Comment.
2273 1339 2404 1393 Vide
2439 1335 2719 1407 quomodo
2751 1342 3070 1409 sanctorum
3104 1343 3443 1384 commemo-

1861 1434 2038 1497 ratio,
2086 1441 2202 1487 tum
2245 1430 2357 1485 Deo
2400 1429 2666 1502 gloriam,
2715 1436 2828 1482 tum
2872 1425 3006 1496 ipsis
3040 1423 3289 1484 laudem,
3324 1429 3440 1473 tum

1858 1527 2100 1596 denique
2149 1524 2396 1578 laetitiam
2449 1523 2703 1593 populis,
2759 1520 3107 1586 salutemque
3160 1514 3440 1568 conciliet.

1863 1619 1976 1673 Cur
2007 1619 2177 1687 igitur
2207 1631 2330 1670 eam
2374 1615 2571 1668 tollere
2612 1613 2879 1667 conaris?
2923 1609 3080 1674 Quod
3127 1616 3308 1662 autem
3347 1620 3444 1673 per

1859 1725 2170 1764 sermonem
2226 1723 2290 1760 ac
2341 1722 2436 1775 per
2491 1704 2761 1774 imagines
2801 1709 3130 1778 sanctorum
3179 1694 3444 1750 memoria

1862 1809 2079 1869 agatur,
2115 1799 2339 1851 divinus
2375 1795 2518 1849 idem
2556 1795 2794 1848 Basilius
2827 1792 3079 1845 afﬁrmat.

2146 1888 2433 1956 Ejusdem,
2474 1887 2523 1938 in
2561 1885 2814 1938 Gordium
2850 1893 3160 1955 martyrem.

1935 2003 1950 2034 ι
1982 1981 2455 2048 Quclmuimodum
2509 1979 2652 2031 enim
2716 1979 2893 2044 ignem
2935 1981 3136 2044 sponte
3189 1968 3444 2039 sequitur

1861 2075 2047 2128 iumen
2071 2114 2084 2137 ,
2117 2085 2170 2128 et
2201 2080 2544 2142 ungumitmn
2580 2070 2770 2123 suavis
2802 2068 2963 2129 odor,
2999 2067 3070 2118 ita
3105 2072 3256 2117 recte
3302 2063 3444 2114 facta

1862 2167 2185 2220 necessario
2226 2165 2588 2233 consequitur
2631 2161 2868 2216 utilitas.
2914 2158 3240 2227 Quanquam
3279 2171 3346 2209 ne
3387 2153 3443 2206 id

1861 2256 2083 2328 quidem
2118 2274 2314 2326 parum
2351 2265 2468 2319 est,
2501 2269 2691 2309 eorum
2729 2269 2850 2322 quae
2899 2264 3030 2304 tunc
3081 2257 3232 2320 gesta
3284 2257 3445 2308 sunt,

1861 2351 2146 2405 veritatem
2179 2351 2474 2419 diligenter
2503 2349 2745 2416 assequi.
2778 2344 3028 2400 Obscura
3064 2342 3272 2412 quippe
3299 2338 3446 2390 venit

1861 2441 1928 2496 ad
1981 2456 2081 2495 nos
2131 2441 2433 2504 memoria,
2479 2455 2586 2508 qua
2635 2438 2902 2508 praiclara
2947 2436 3002 2488 in
3036 2432 3444 2488 certaminibus

1861 2535 1964 2588 viri
1998 2533 2246 2587 facinora
2292 2540 2512 2589 servata
2551 2540 2717 2586 sunt:
2748 2530 3006 2598 idemque
3035 2524 3445 2596 quodammodo

1864 2627 2069 2694 nobis,
2116 2625 2262 2696 quod
2315 2625 2660 2696 pictoribus,
2717 2622 2971 2677 accidere
3019 2619 3260 2674 videtur.
3308 2617 3444 2672 Cum

1863 2720 2010 2775 enim
2041 2735 2107 2774 ex
2141 2718 2477 2789 imaginibus
2510 2715 2782 2786 imagines
2815 2713 3118 2783 depingunt
3167 2710 3279 2777 illi,
3323 2724 3445 2779 per-

1865 2827 2012 2881 saepe
2060 2811 2176 2865 fieri
2214 2825 2310 2880 par
2334 2819 2450 2876 est,
2487 2816 2547 2862 ut
2594 2823 2624 2862 a
2658 2806 3004 2878 primigeniis
3037 2803 3446 2875 exemplaribus

1865 2905 2148 2960 aberrent.
2182 2902 2357 2958 Nobis
2386 2919 2606 2973 quoque
2627 2942 2640 2966 ,
2670 2902 2766 2972 qui
2798 2885 2962 2955 rebu’s
2993 2898 3164 2968 gestis
3201 2913 3307 2952 non
3353 2899 3448 2950 ad-

1867 2996 2103 3060 fuimus,
2139 2995 2429 3049 minimum
2456 3010 2567 3049 non
2601 2993 2794 3050 subest
2823 2993 3134 3063 periculum
3156 3033 3171 3059 ,
3205 3009 3275 3048 ne
3306 2992 3447 3046 veri-

1868 3087 1972 3142 tati
1997 3088 2257 3142 damnum
2287 3086 2614 3142 infcramus.
2651 3105 2670 3137 ι

2211 3179 2318 3233 Sub
2350 3179 2586 3241 eiusdem
2621 3178 2879 3232 sermonis
2913 3177 3095 3246 ﬁnem.

1945 3291 1964 3324 ι
1989 3269 2142 3325 Sicut
2171 3270 2316 3324 enim
2336 3309 2349 3332 ,
2375 3270 2478 3323 etsi
2507 3269 2678 3324 solem
2707 3284 2924 3337 semper
2951 3267 3256 3336 aspicimus
3275 3305 3290 3329 ,
3321 3281 3448 3320 eum

1867 3370 2051 3416 tamen
2082 3376 2300 3429 semper
2325 3359 2683 3422 admiramur,
2709 3358 2789 3414 sic
2811 3358 2914 3413 viri
2941 3359 3088 3414 illius
3114 3358 3280 3413 nobis
3307 3374 3449 3413 scm-

1865 3468 1964 3524 per
1994 3467 2188 3507 recens
2217 3459 2301 3504 est
2334 3449 2623 3503 memoria.
2664 3468 2682 3500 ι

1936 3542 2228 3598 Comment.
2266 3540 2377 3596 Nec
2402 3529 2664 3607 dubium,
2693 3541 2827 3610 quin
2855 3555 3073 3611 semper
3099 3539 3254 3592 illum
3277 3578 3291 3599 ,
3318 3554 3448 3591 cum

1865 3651 1962 3705 per
1985 3649 2294 3690 sermonem
2318 3675 2330 3698 ,
2356 3642 2471 3686 tum
2495 3649 2591 3702 per
2613 3633 2911 3703 imaginum
2937 3631 3139 3701 eliigies
3164 3631 3446 3683 intuendo.

1867 3715 1941 3782 Ιιί
1974 3728 2211 3782 oratione
2238 3742 2356 3779 vero
2393 3727 2455 3778 de
2490 3726 3054 3792 prwstantissimorum
3091 3722 3450 3793 quadraginta

2295 3805 2597 3865 martyrum
2627 3795 2899 3848 laudibus.

1944 3903 1964 3938 ι
1992 3886 2289 3956 Martyrum
2325 3900 2495 3954 porro
2529 3882 2808 3937 recolendi
2845 3883 3202 3947 memoriam,
3238 3881 3445 3950 inquit,

1867 3991 2117 4046 quamam
2150 3976 2378 4031 satietas
2409 3972 2675 4027 acciderit
2699 3973 2776 4026 illi
2801 3974 2895 4042 qui
2919 3982 3190 4043 martyres
3225 3972 3450 4040 diligit?

1871 4067 2061 4122 Honos
2090 4065 2296 4135 quippe
2324 4077 2487 4133 quem
2519 4062 2804 4118 conservis
2830 4062 3055 4132 optimis
3088 4069 3412 4130 prmstamus
3431 4098 3447 4123 ,

1871 4161 2260 4224 argumentum
2312 4162 2396 4208 cst
2453 4151 2886 4214 benevolentiae,
2940 4167 3049 4220 qua
3094 4166 3446 4205 communem

1868 4247 2028 4318 323
2063 4246 2352 4299 Dominum
2385 4252 2821 4314 prosequuntur.
2853 4263 2872 4294 ι
2899 4242 2966 4296 Ει
2989 4259 3230 4298 sursum:
3262 4259 3279 4292 ι
3309 4243 3445 4295 Bea-

1871 4348 1955 4393 tos
1984 4339 2107 4392 illos
2134 4337 2349 4391 sincere
2376 4335 2611 4405 prazdica
2633 4373 2648 4399 ,
2677 4333 2775 4404 qui
2801 4333 3126 4403 martyrium
3149 4333 3409 4386 obierunt
3429 4370 3443 4394 ,

1869 4441 1928 4486 ut
1959 4439 2015 4483 tu
2047 4445 2267 4500 quoque
2298 4429 2579 4483 voluntate
2604 4436 2810 4497 martyr
2833 4428 3054 4490 evadas,
3079 4433 3448 4495 persequente

1869 4521 2054 4584 nullo,
2093 4523 2301 4589 absque
2335 4520 2490 4588 igne,
2526 4519 2736 4586 absque
2766 4517 3122 4582 verberibus,
3157 4515 3350 4570 iisdem
3382 4529 3447 4568 ac

1798 4634 1842 4689 ι)
1871 4612 1948 4665 illi
1977 4618 2203 4664 ornatus
2229 4607 2516 4662 encomiis.
2549 4626 2568 4658 ι

1941 4700 2238 4756 Comment.
2279 4697 2391 4754 Cur
2429 4710 2560 4767 ergo
2595 4694 2664 4750 ab
2712 4695 3052 4750 bonorandis
3104 4695 3310 4751 sanctis
3358 4711 3448 4751 me

1869 4791 2164 4847 deterres?
2191 4789 2306 4845 Cur
2341 4788 2476 4843 mihi
2509 4788 2743 4844 salutem
2781 4787 3040 4842 invides?
3071 4787 3228 4852 Quod
3261 4794 3445 4842 autem

1867 4897 2188 4952 expressam
2220 4880 2500 4935 coloribus
2528 4877 2762 4933 formam
2783 4917 2797 4942 ,
2827 4877 3040 4932 afﬁnem
3071 4878 3148 4932 illi
3175 4893 3300 4934 esse
3324 4893 3447 4947 qua:

1869 4987 2127 5027 sermone
2179 4970 2442 5041 pingitur,
2497 4978 2760 5037 censeat,
2795 4969 3081 5024 nonnullis
3131 4967 3436 5038 interjectis

1871 5063 2235 5119 afﬁrmantem
2273 5061 2489 5117 audias.

2550 5151 2762 5205 Basilii.

1946 5261 1966 5295 ι
1996 5243 2240 5314 Agedum
2279 5244 2431 5313 ipsos
2481 5243 2538 5296 in
2577 5241 2815 5296 medium
2864 5256 2960 5309 per
3005 5240 3445 5310 qualemcunque

1870 5336 2459 5391 commemorationem
2491 5341 2739 5387 nostram
2772 5331 3118 5388 adducentes
3140 5371 3156 5396 ,
3185 5341 3445 5386 strenua-

1871 5442 1977 5497 quc
2004 5425 2248 5480 virorum
2278 5426 2420 5480 facta
2441 5466 2456 5491 ,
2487 5425 2637 5478 velut
2669 5424 2723 5477 in
2755 5423 2955 5476 tabella
2983 5430 3310 5476 cunctorum
3344 5439 3442 5476 ex-

1871 5518 2124 5575 hibentes
2163 5518 2371 5580 oculis,
2424 5531 2775 5570 communem
2823 5514 3132 5570 astantibus
3181 5529 3444 5582 procure-

1870 5626 1993 5666 mus
2023 5610 2336 5664 utilitatem.
2377 5626 2396 5659 ι

1945 5702 2239 5758 Comment.
2273 5699 2434 5756 Vides
2458 5743 2472 5766 ,
2501 5698 2647 5770 quod
2676 5698 2818 5752 idem
2851 5697 3141 5751 conferant
3175 5705 3287 5748 tum
3325 5713 3443 5749 ser-

1873 5811 1999 5859 mo,
2034 5803 2146 5848 tum
2182 5794 2408 5862 imago?
2437 5793 2527 5846 Ait
2557 5791 2706 5846 enim
2737 5810 2748 5844 :
2778 5810 2796 5842 ι
2828 5789 3112 5858 Tanquam
3150 5790 3203 5844 in
3240 5789 3440 5844 tabella

1876 5886 2229 5944 sermonibus
2280 5885 2665 5941 cxbibcamus.
2707 5903 2723 5936 ι
2755 5883 2896 5950 Quin
2949 5891 3005 5937 ct
3058 5901 3179 5936 mox
3237 5882 3440 5938 subdit.
