4172 6490
797 373 927 444 1267

1938 390 1998 448 s.
2031 340 2353 449 JOANNts
2391 388 2820 456 DAMASCENI
2863 475 2868 480 l

3870 407 4013 472 158

795 509 815 542 ι
839 494 971 558 Quae
996 493 1138 546 enim
1166 494 1217 546 in
1250 493 1390 546 bello
1413 491 1627 547 fortiter
1651 501 1800 561 gesta
1827 503 1988 562 sunt,
2012 511 2075 550 ea
2101 512 2348 568 smpenu-

2448 498 2860 572 δραγαθήματα.
2885 503 2978 556 καὶ
3003 503 3325 576 λογογράφοι
3352 510 3628 577 πολλάκις,
3655 515 3749 569 καὶ
3787 516 4012 589 ζωγρά-

795 599 980 647 mero,
1013 592 1126 636 tum
1156 592 1404 638 oratores
1445 584 1756 654 explicant,
1795 594 1910 640 tum
1953 587 2232 657 pictores:
2266 589 2344 643 illi

793 675 1006 743 quidem
1046 673 1223 728 verbis
1259 675 1628 739 exornantes‘,
1662 677 1715 730 hi
1753 692 1882 733 vero
1913 678 2128 735 labellis
2161 679 2347 748 impri-

792 770 996 817 mentes
1022 781 1035 815 :
1066 777 1175 832 quo
1202 763 1419 836 quidem
1451 775 1609 836 pacto
1641 766 1840 831 mullos
1873 769 2090 838 utrique
2116 769 2182 823 ad
2205 784 2343 842 pra:-

791 853 934 906 elara
970 852 1212 909 facinora
1235 856 1615 912 incenderunt.
1655 859 1787 912 Nam
1810 875 1932 929 qua:
1964 861 2188 916 auribus
2221 877 2346 931 pro-

789 942 940 1011 ponit
970 945 1148 998 oratio
1172 984 1187 1009 ,
1218 944 1405 999 eadem
1439 945 1606 1001 silens
1645 945 1813 1015 figura
1849 962 1946 1016 per
1983 948 2343 1005 imitationem

687 1036 691 1040 ’
791 1035 1052 1088 ostendit.
1088 1054 1106 1085 ι

862 1123 1150 1181 Comment.
1195 1126 1409 1192 Quibus
1444 1129 1674 1183 obsecro
1705 1131 1889 1186 verbis
1920 1131 2125 1188 clarius
2163 1142 2346 1204 posset

792 1219 1176 1285 demonstrari,
1205 1220 1346 1290 apud
1382 1222 1691 1276 illitteratus
1714 1223 1976 1278 librorum
2008 1225 2345 1296 locoimagi-

793 1322 890 1362 nes
915 1323 1072 1372 esse,
1099 1317 1153 1363 et
1189 1319 1506 1364 sanctorum
1537 1311 1724 1380 gloriae
1749 1313 1972 1368 minime
2003 1325 2182 1370 mutos
2210 1330 2346 1386 prae-

791 1413 958 1453 cones
982 1415 997 1465 ;
1025 1400 1232 1469 quippe
1264 1415 1388 1470 quae
1411 1415 1546 1456 voce
1577 1403 1811 1472 quadam
1849 1393 2012 1458 tacita
2041 1419 2135 1459 eus
2163 1406 2258 1475 qui
2289 1421 2347 1460 se

793 1491 1076 1545 intuentur
1100 1490 1334 1558 docent,
1362 1494 1822 1563 sanctitatemque
1847 1494 1988 1550 risui
2014 1496 2343 1550 conciliant!

792 1581 1024 1648 Quando
1059 1584 1195 1638 mihi
1245 1597 1353 1639 non
1403 1591 1704 1655 suppetunt
1755 1585 1920 1648 libri,
1976 1601 2078 1642 nec
2123 1587 2346 1643 lectioni

795 1687 1014 1740 possum
1065 1687 1289 1740 vacare,
1322 1676 1714 1743 cogitationum
1749 1678 1970 1743 aculeis
2019 1677 2245 1748 perinde
2283 1693 2347 1732 ac

794 1763 966 1825 spinis
997 1772 1358 1832 compunctus
1379 1804 1394 1829 ,
1423 1765 1491 1819 ad
1521 1765 1821 1822 Ecclesiam
1847 1764 1862 1832 ζ
1891 1767 2199 1823 animarum
2233 1784 2345 1823 me-

791 1853 899 1905 dici
933 1851 1207 1907 officinam
1251 1868 1596 1910 communem
1642 1871 1846 1927 pergo:
1895 1867 2178 1929 aspectum
2227 1873 2344 1913 mo-

795 1951 916 1998 vent
955 1945 1185 2013 picturae
1218 1935 1382 2001 flores
1405 1986 1420 2010 ,
1458 1953 1641 2018 atque
1666 1947 1734 2002 ad
1775 1949 1950 2004 instar
1987 1951 2130 2020 prati
2167 1952 2344 2006 risum

790 2035 1067 2089 oblectant
1099 2051 1274 2112 meum
1297 2076 1311 2098 ,
1342 2046 1396 2091 et
1422 2037 1527 2094 Dei
1558 2039 1786 2110 gloriam
1826 2040 2027 2095 sensim
2071 2041 2348 2098 instillant

792 2127 994 2181 animo.
1027 2126 1404 2183 Constantiam
1443 2131 1697 2202 martyris
1736 2133 2062 2198 considero,
2096 2141 2150 2188 et
2185 2148 2346 2191 coro-

793 2233 984 2272 narum
1017 2221 1279 2290 praemia;
1317 2221 1576 2292 humique
1607 2223 1900 2292 procidens
1927 2240 2025 2295 per
2054 2235 2344 2297 martyrem

793 2308 962 2364 Deum
1001 2311 1174 2366 adoro
1195 2351 1210 2377 ,
1243 2322 1296 2367 et
1330 2314 1527 2370 salutis
1561 2329 1785 2386 compos
1823 2315 2049 2371 emcior.
2088 2311 2345 2386 Nunquid

793 2415 900 2454 non
927 2400 1169 2456 divinum
1196 2402 1345 2458 illum
1369 2403 1579 2459 Patrem
1602 2406 1804 2462 auditis
1824 2392 1877 2460 in
1900 2407 2166 2471 oratione,
2182 2422 2346 2478 quam

793 2492 846 2544 in
881 2490 1220 2547 Psalmorum
1251 2493 1466 2550 initium
1496 2495 1722 2565 scripsit
1748 2496 1816 2562 ",
1841 2497 2111 2551 dicentem
2140 2517 2154 2552 :
2183 2514 2202 2548 ι
2227 2492 2351 2567 ερίἐ

793 2583 960 2637 ritum
987 2593 1237 2640 sanctum
1258 2628 1272 2653 ,
1301 2586 1558 2659 quoniam
1588 2588 1936 2661 intractabile
1962 2589 2349 2662 torpidumque

793 2683 877 2730 est
907 2675 1190 2730 hominum
1221 2693 1416 2748 genus,
1455 2677 1801 2734 Psalmorum
1828 2680 2121 2734 concentui
2148 2681 2350 2735 carmi-

795 2781 924 2820 num
961 2767 1320 2823 admiscuisse
1357 2769 1788 2824 concinnitatem
1807 2769 1836 2823 ?
1858 2789 1877 2822 ι
1903 2768 2041 2836 Quid
2076 2770 2202 2824 ais?
2255 2787 2352 2825 ne-

792 2870 1067 2928 quaquam
1103 2873 1205 2930 ego
1242 2859 1507 2928 pinxero,
1537 2874 1640 2914 nec
1675 2860 1858 2915 verbis
1880 2899 1896 2926 ,
1933 2875 2037 2915 nec
2069 2861 2348 2916 coloribus

794 2957 1110 3006 sanctorum
1138 2952 1440 3023 martyria?
1471 2951 1588 3006 Non
1626 2952 1716 3006 illa
1772 2967 1896 3023 qua:
1935 2952 2113 3023 angeli
2143 2960 2199 3008 et
2227 2953 2351 3006 uni-

795 3058 950 3098 versa
1006 3050 1260 3097 creatura
1320 3043 1708 3106 admirantum
1762 3056 1906 3112 quae,
1959 3049 2021 3096 ut
2073 3041 2215 3096 idem
2251 3041 2352 3096 Ec-

2446 609 2538 661 φοι
2564 593 3024 663 ῶασημαῐνουσιν,
3057 598 3105 649 oi
3139 596 3240 666 μὲν
3266 598 3342 668 τῷ
3381 599 3522 671 λόγῳ
3566 608 3924 675 κοσμοῦντες,
3960 613 4012 664 οι

2445 680 2500 731 δὲ
2528 683 2640 743 τοῖς
2662 681 2875 746 πίναξιν
2899 685 3351 754 ἐγχαράσσοντες,
3384 690 3476 742 καὶ
3504 692 3731 758 πολλοὺς
3777 699 4011 770 ἐπήγει-

2447 787 2547 838 ραν
2578 772 2657 832 εἰς
2694 773 2944 841 ἀνδρείαν
2981 776 3331 847 ἑκάτεροι.“Δ
3355 780 3466 852 γὰρ
3491 784 3521 834 δ
3553 783 3708 852 λόγος
3733 789 3838 856 τῆς
3869 793 4014 843 ιστο-

2443 857 2565 949 ρίας
2606 859 2693 912 διὰ.
2739 861 2836 931 τῆς
2861 863 3029 933 ἀκοῆς
3055 867 3373 938 παρίστησι,
3404 872 3577 927 ταῦτα
3602 877 3852 949 γραφικὴ
3883 896 4016 934 σιω-

2445 948 2604 1003 πῶσα
2631 951 2719 1005 διὰ
2752 954 3036 1024 μιμήσεως
3066 956 3324 1012 δείκνυσι.
3359 978 3379 1011 ι

2518 1132 2564 1181 Σ
2565 1131 2793 1197 κόλων.
2816 1131 2881 1184 Τί
2900 1133 3102 1187 τούτων
3117 1136 3544 1210 τηλαυγέστερον
3558 1144 3694 1214 πρὸς
3709 1146 4014 1213 ἀπύδειξιν,

2445 1220 2524 1271 δτι
2554 1219 2725 1288 βίϐλοι
2753 1224 2866 1285 τοῖς
2896 1223 3284 1304 ἀγραμμάτοις
3307 1231 3363 1282 αἱ
3391 1232 3614 1296 εἰκόνες,
3638 1236 3736 1287 καὶ
3770 1231 3878 1306 τῆς
3905 1239 4015 1290 τῶν

2444 1310 2614 1376 ἁγίων
2656 1309 2822 1379 τιμῆς
2868 1313 3119 1383 ἀσίγητοι
3149 1317 3412 1388 κήρυκες,
3440 1322 3499 1374 ὲν
3521 1322 3676 1394 ἀήχῳ
3700 1330 3860 1397 φωνῇ
3887 1331 4014 1390 tab;

2445 1402 2685 1471 ὁρῶντας
2732 1403 3096 1481 διδάσκουσαι,
3127 1410 3221 1461 καὶ
3255 1409 3355 1481 τὴν
3398 1413 3588 1482 ὅρασιν
3635 1417 4010 1484 ἀγιάζουσαι;

2446 1493 2559 1546 Οὐκ
2593 1493 2810 1565 εὐπορῶ
2837 1495 3056 1566 βίϐλων,
3083 1500 3144 1551 οὐ
3197 1501 3392 1572 σχολὴν
3437 1505 3555 1570 ἀγω
3599 1505 3737 1576 πρὸς
3768 1509 4015 1575 ἀνάγνω-

2449 1601 2555 1647 σιν,
2583 1585 2786 1656 εἴσειμι
2833 1589 2912 1649 είς
2954 1585 3016 1640 τὸ
3052 1590 3229 1644 κοινὸν
3253 1591 3361 1645 τῶν
3386 1592 3571 1663 ψυχῶν
3618 1597 3881 1667 ἰατρεῖον,
3919 1600 4014 1669 τὴν

2459 1675 2804 1746 Ἐκκλησίαν,
2835 1676 3022 1748 ὥσπερ
3050 1677 3316 1744 ἀκάνθαις
3343 1685 3453 1746 τοῖς
3473 1684 3754 1755 λογισμοῖς
3785 1704 4014 1756 συμπνι-

2448 1767 2677 1837 γόμενος
2698 1784 2714 1800 ο
2741 1769 2887 1821 ἕλκει
2916 1787 2986 1838 με
3015 1769 3151 1841 πρὸς
3180 1771 3309 1824 θέαν
3348 1775 3448 1844 τῆς
3491 1777 3710 1846 γραφῆς
3739 1779 3804 1830 τὸ
3835 1779 4011 1843 ἄνθος,

2450 1859 2542 1913 καὶ
2570 1859 2646 1924 ὡς
2674 1858 2874 1930 λειμὼν
2894 1860 3087 1931 τέρπει
3114 1862 3211 1933 τὴν
3233 1863 3444 1932 ὅρασιν,
3469 1866 3562 1919 καὶ
3591 1867 3903 1938 λεληθότως
3930 1873 4015 1922 ὲν-

2448 1950 2641 2020 αφίησι
2668 1951 2735 2020 τῇ
2763 1951 2906 2022 ψυχῇ
2936 1949 3092 2016 δόξαν
3119 1953 3274 2006 Θεοῦ.
3294 1954 3568 2027 Τεθέαμαι
3595 1957 3695 2029 τὴν
3717 1961 4016 2030 καρτερίαν

2445 2041 2538 2095 τοῦ
2587 2043 2885 2114 μάρτυρος,
2907 2043 3017 2095 τῶν
3045 2046 3321 2122 στεφάνων
3368 2045 3468 2117 τὴν
3511 2050 3898 2114 ἀνταπόδοσιν,
3931 2053 4017 2106 καὶ

2447 2131 2522 2196 ὼς
2557 2132 2689 2203 πυρὶ
2736 2134 2874 2204 πρὸς
2917 2132 3077 2205 ζῆλον
3121 2123 3421 2206 ἐξάπτομαι
3464 2140 3531 2208 τῇ
3580 2140 3892 2211 προθυμίᾳ,
3928 2145 4016 2196 καὶ

2450 2225 2662 2279 πίπτων
2709 2225 2998 2297 προσκυνῶ
3040 2225 3115 2296 τῷ
3163 2225 3285 2297 Θεῷ
3333 2227 3420 2282 διὰ
3462 2228 3556 2282 τοῦ
3593 2227 3899 2302 μάρτυρος,
3929 2234 4016 2286 καί

2448 2313 2708 2387 λαμϐάνω
2730 2315 2826 2387 τὴν
2851 2316 3142 2389 σωτηρίαν.
3165 2318 3279 2371 Ούκ
3304 2319 3548 2390 ἀκήκοας
3575 2320 3669 2373 τοῦ
3702 2321 3878 2374 αὑτοῦ
3907 2321 4017 2374 Geo.

2450 2409 2616 2479 φόρου
2666 2408 2894 2480 Πατρὸς,
2925 2408 3171 2478 λέγοντος
3207 2410 3268 2462 ἑν
3308 2409 3383 2481 τῷ
3427 2412 3508 2474 είς
3548 2412 3648 2483 τὴν
3698 2414 3886 2484 ἀρχὴν
3914 2414 4016 2466 τῶν

2449 2497 2694 2570 Ψαλμῶν
2734 2498 2896 2569 λόγῳ,
2921 2499 3002 2551 ὅτι
3045 2517 3063 2550 ι
3092 2499 3382 2553 Γινώσκων
3405 2502 3468 2554 τὸ
3496 2502 3718 2573 Πνεῦμα
3748 2505 3808 2556 τὸ
3841 2504 4012 2570 ἅγιον,

2447 2591 2526 2644 ὅτι
2577 2590 2891 2657 δυσάγωγον
2936 2588 3073 2661 πρὸς
3120 2590 3342 2662 ἀρετὴν,
3375 2593 3469 2646 καὶ
3507 2593 3749 2664 ῥᾴθυμον
3777 2595 3839 2647 τὸ
3865 2595 4015 2662 γένος

2449 2680 2555 2732 τῶν
2582 2677 2905 2750 ἀνθρώπων,
2937 2678 2998 2731 τὸ
3020 2677 3177 2750 μέλος
3200 2680 3320 2742 ταῖς
3336 2681 3687 2752 Ψαλμῳδίαις
3721 2683 4015 2754 ἐγκατέμι-

2453 2769 2542 2833 Ea;
2577 2786 2596 2820 ι
2635 2769 2688 2822 τί
2727 2771 2868 2840 φής;
2900 2768 2976 2822 Οὐ
3008 2768 3204 2840 γράψω
3229 2769 3324 2823 καὶ
3354 2769 3497 2841 λόγῳ
3529 2773 3622 2825 καὶ
3661 2770 3922 2843 χρώμασι
3958 2772 4015 2825 τὸ

2450 2861 2556 2913 τῶν
2604 2859 2895 2932 μαρτύρων
2937 2859 3262 2932 μαρτύριονς
3296 2860 3390 2914 καὶ
3422 2860 3718 2931 ὀφθαλμοῖς
3749 2862 4015 2934 περιπτύο

2453 2955 2611 3023 ξομαι
2646 2954 2708 3007 τὸ
2750 2952 3061 3021 θαυμαστὸν
3089 2951 3187 3007 καὶ
3221 2953 3474 3021 ἀγγέλοις
3499 2953 3594 3006 καὶ
3622 2952 3773 3024 πάσῃ
3801 2956 3871 3024 τῇ
3900 2955 4013 3006 κτί·

2453 3062 2554 3109 σει,
2583 3042 2840 3114 ὀδυνηρὸν
2868 3043 2925 3096 δὲ
2961 3041 3040 3113 τῷ
3069 3042 3304 3112 διαϐόλῳ
3345 3044 3440 3096 καὶ
3481 3044 3714 3114 φοϐερὸν
3740 3046 4013 3116 δαίμοσιν,

793 3134 975 3188 clesiae
1009 3143 1218 3190 astrum
1264 3135 1512 3204 loquittlr
1550 3128 1620 3198 η,
1665 3133 1884 3188 diabolo
1936 3133 2347 3219 acerba‘sunt,

2453 3135 2526 3198 ὡς
2558 3134 2721 3197 αὐτὸς
2751 3136 2778 3188 ὁ
2808 3131 3032 3203 φωστὴρ
3063 3133 3160 3202 τῆς
3204 3132 3530 3202 Ἑκκλησίας
3555 3135 3798 3204 ἔφησενς
3832 3135 3936 3190 Οἷα
3959 3138 4012 3192 δέ

794 3226 1023 3295 ejusque
1067 3226 1738 3282 daemonibusterrorem
1815 3225 2120 3286 incutiunt,
2177 3224 2348 3279 labris

795 3317 1079 3386 oculisque
1107 3316 1490 3386 complectar?
1528 3315 1692 3386 Atqui
1729 3315 1931 3369 similia
1963 3318 2162 3370 horum
2193 3330 2351 3386 pror-

798 3423 890 3462 sus
925 3415 1084 3481 sunt,
1114 3421 1238 3477 quae
1271 3407 1373 3463 sub
1407 3407 1573 3461 finem
1604 3405 1874 3464 orationis
1898 3406 1957 3460 in
1991 3407 2350 3477 quadraginta

798 3509 1064 3570 martpes
1096 3509 1334 3570 perorat.
1364 3515 1384 3550 ι
1413 3496 1458 3553 Ο
1490 3499 1720 3552 chorum
1753 3505 2003 3552 sanctum
2029 3498 2042 3550 l
2073 3513 2107 3552 ο
2136 3511 2351 3553 sacram

789 3578 1075 3646 cohortem
1103 3593 1116 3644 !
1154 3606 1185 3645 ο
1213 3605 1446 3646 cuneum
1478 3589 1960 3660 inexpugnabilem
1989 3590 2004 3643 ι
2040 3603 2071 3643 o
2104 3604 2355 3643 commu-

799 3697 897 3737 nes
930 3681 1148 3751 generis
1183 3679 1465 3735 hominum
1513 3679 1812 3743 custodes,
1856 3677 2049 3747 optimi
2095 3692 2353 3732 curarum

799 3774 980 3837 socii,
1021 3786 1244 3840 precum
1283 3769 1606 3840 adjutores,
1647 3776 1896 3824 oratores
1935 3769 2354 3838 fecundissimi,

799 3862 951 3918 orbis
989 3870 1178 3925 astra,
1217 3859 1588 3916 Ecclesiarum
1625 3857 1821 3926 ﬂores,
1852 3857 2058 3926 flores,
2101 3862 2356 3931 inquam,

801 3954 1077 4009 mentibus
1115 3968 1268 4024 aque
1298 3967 1359 4007 ac
1392 3951 1651 4008 sensibus
1687 3951 2037 4022 perjucundi.
2073 3951 2181 4007 Vos
2212 3960 2357 4007 terra

803 4059 914 4100 non
945 4043 1190 4102 condidit
1210 4084 1225 4107 ,
1254 4042 1350 4099 sed
1384 4043 1581 4099 ctelum
1609 4045 1842 4114 excepit.
1874 4041 2176 4100 Patuerunt
2207 4044 2362 4100 vobis

804 4136 1044 4206 paradisi
1077 4137 1297 4208 janute:
1344 4135 1722 4207 spectaculum
1770 4133 1995 4206 dignum
2043 4136 2360 4206 angelorum

802 4230 1103 4298 exercitui,
1135 4228 1508 4301 patriarcbis,
1543 4227 1865 4300 prophetis,
1907 4237 1964 4285 et
2007 4230 2178 4300 iustis
2230 4227 2362 4305 facti

803 4323 956 4377 estis.
996 4338 1018 4373 a

876 4410 1166 4466 Comment.
1209 4409 1330 4476 Qua
1369 4411 1584 4465 ratione
1621 4410 1822 4465 intueri
1861 4423 1968 4464 non
2007 4408 2314 4466 desiderem
2343 4453 2356 4473 ,

2450 3242 2582 3295 φησι
2633 3223 2767 3296 πρὸς
2810 3223 2888 3300 τῷ
2931 3222 3073 3276 τέλει
3121 3221 3215 3276 τοῦ
3261 3223 3442 3291 λόγου,
3480 3225 3843 3294 ιγκωμιάζων
3894 3230 4011 3292 τοὺς

2449 3318 3195 3393 τεσσαράκονταμάρτυραςς
3219 3335 3239 3368 ι
3264 3311 3333 3371 Ὅ
3350 3316 3508 3386 χορὸς
3522 3315 3707 3384 ἀγιοςῐ
3743 3308 3790 3372 ὦ
3824 3320 4014 3389 σύστη-

2454 3425 2530 3480 μα
2558 3408 2734 3478 ἱερόνι
2768 3399 2814 3462 ὦ
2847 3407 3218 3479 συνασπισμὸς
3243 3408 3525 3479 ἀρραγήςι
3568 3402 3612 3460 ὦ
3641 3411 3816 3462 κοινοὶ
3852 3410 4015 3478 φύλα·

2452 3516 2545 3562 κες
2564 3497 2657 3551 τοῦ
2682 3499 2873 3566 γένους
2892 3499 2998 3554 τῶν
3020 3498 3339 3569 ἀνθρώπων,
3372 3499 3564 3567 ἀγαθοὶ
3583 3501 3831 3555 κοινωνοὶ⁵
3857 3519 4015 3571 φρον-

2453 3590 2644 3656 τίδων,
2675 3591 2908 3662 δεήσεων
2949 3591 3218 3661 συνεργοὶ,
3276 3589 3577 3662 πρεσϐύται
3615 3592 4012 3659 δυνατώτατοι,

2455 3683 2681 3753 ἀστέρες
2729 3683 2826 3754 τῆς
2870 3682 3228 3753 οἰκουμένης,
3289 3681 3423 3751 ἄνθη
3482 3680 3591 3734 τῶν
3640 3683 4014 3753 Ἐκκλησιῶν⁸

2454 3775 2565 3846 ἐγὼ
2587 3774 2644 3830 δέ
2681 3793 2850 3848 φημι,
2881 3763 3048 3844 νοητά
3071 3790 3129 3826 τε
3155 3773 3247 3826 καὶ
3272 3771 3525 3842 αἰσθητά.
3558 3772 3736 3842 Ὑμεῖς
3760 3776 3860 3843 οὐχ
3889 3777 3922 3844 ἡ
3957 3778 4017 3844 γη

2458 3869 2832 3940 κατέκρυψεν,
2893 3866 3008 3922 ἀλλ’
3055 3863 3279 3937 οὐρανὸς
3336 3862 3662 3928 ὑπεδέξατοο
3731 3867 4018 3935 ἠνοίγησαν

2459 3961 2585 4030 ύμῖν
2641 3955 2968 4032 παραδείσου
3016 3958 3203 4024 πύλαι,
3247 3957 3398 4025 ἀξιον
3446 3957 3624 4028 θέαμα
3675 3962 3745 4027 τῇ
3796 3959 4019 4028 στρατιᾷ

2458 4051 2567 4104 τῶν
2612 4050 2877 4120 ἀγγέλων,
2922 4050 3073 4116 ἀξιον
3120 4049 3514 4126 πατριάρχαις,
3560 4049 3896 4119 προφήταις,
3946 4048 4018 4100 δι-

2464 4144 2660 4208 καίοις.
2693 4161 2713 4195 ι

2532 4404 2806 4472 Σχόλιον.
2833 4397 2956 4464 Πῶς
2982 4399 3045 4454 οὐ
3078 4396 3153 4470 μὴ
3174 4395 3394 4470 ποθήσω
3413 4393 3559 4461 ἰδεῖν,
3577 4394 3607 4448 δ
3624 4395 3754 4451 ἰδεῖν
3772 4397 4018 4452 ποθοῦσιν

805 4499 954 4570 quod
985 4513 1212 4555 cernere
1256 4500 1487 4566 cupiunt
1527 4500 1749 4570 angeli?
1782 4500 1880 4557 His
1915 4503 2080 4571 porro
2117 4515 2355 4556 consona

2465 4495 2683 4564 ἄγγελοι
2701 4510 2716 4561 ;
2741 4490 2957 4561 Συνῳδά
2977 4490 3033 4543 δὲ
3051 4489 3260 4552 τούτοις
3281 4488 3376 4542 καὶ
3401 4488 3430 4541 δ
3457 4487 3649 4541 τούτου
3675 4477 3908 4557 ἀδελφὸς
3930 4489 4017 4542 καὶ

809 4592 977 4647 frater
1024 4591 1199 4662 ipsius
1248 4590 1511 4660 loquitur.
1561 4590 1750 4646 eadem
1804 4606 1867 4646 ac
1916 4592 2034 4661 ipse
2082 4593 2353 4648 sentiens.

807 4684 1178 4755 Nyssenorum
1212 4682 1441 4737 antistes
1468 4681 1789 4750 Gregorius.

807 4774 972 4847 διε
1007 4773 1066 4828 S.
1099 4773 1336 4844 Gregorii
1365 4771 1699 4843 Nysseni.in
1728 4773 2083 4842 supplemento
2115 4773 2190 4914 85)
2211 4813 2226 4838 ,
2255 4776 2361 4830 sire

999 4845 1054 4897 in
1091 4845 1221 4897 libro
1261 4842 1334 4897 De
1361 4852 1630 4903 structura
1659 4843 2054 4914 hominis-(cap.
2085 4843 2118 4897 4
2149 4868 2163 4898 ~.

999 4845 1054 4897 in
1091 4842 1221 4897 libro
1261 4842 1334 4897 De
1361 4842 1630 4903 structura
1659 4843 2054 4914 hominis-(cap.
2085 4842 2163 4914 ὓς

886 5019 904 5051 ι
928 4997 1395 5067 Quemadmodum
1424 4998 1479 5053 i-n
1507 4997 1787 5052 hominum
1812 5013 1967 5054 more
1986 5001 2223 5069 positum
2255 5014 2358 5069 est,

811 5091 989 5158 utqui
1024 5088 1412 5156 imperatorum
1444 5085 1715 5140 fabricant
1745 5084 2045 5156 imagines,
2079 5087 2265 5143 formae
2306 5091 2359 5145 in

812 5177 1006 5249 primis
1053 5175 1279 5248 effigiem
1307 5175 1652 5246 “exprimant,
1702 5189 2151 5247 purpureumque
2199 5179 2358 5234 indu-

2463 4581 2799 4655 ὁμογνώμων
2829 4576 3152 4651 Γρηγδριος,
3184 4579 3215 4632 ὁ
3258 4577 3355 4647 τῆς
3397 4576 3696 4630 Νυσσαέων
3726 4577 4018 4641 ἑπίσκοπός

2467 4692 2648 4747 φησιν.

2471 4768 2580 4823 Τοῦ
2605 4764 2784 4834 ’ἁγίου
2815 4762 3142 4834 Γρηγορίου
3165 4763 3500 4834 ἐπισκόπου
3522 4761 3796 4834 Νύσσης.
3825 4762 3893 4814 ἐκ
3923 4761 4019 4834 τοῦ

2490 4895 2492 4897 ς
2535 4832 3124 4902 ἀναπληρωματικοῦ,
3165 4832 3436 4887 τουτέστι
3478 4832 3610 4900 περὶ
3644 4832 4020 4898 κατασκευῆς

2536 4903 2846 4973 ἀνθρώπου
2875 4902 3021 4970 (κεφ.
3052 4902 3160 4968 δ’.).

2545 5000 2790 5066 «Ὠσπερ
2816 4995 2953 5049 κατά
2973 4995 3072 5065 τὴν
3115 4992 3456 5063 ἀνθρωπίνην
3497 4989 3791 5059 συνήθειαν
3835 4991 3884 5042 οἱ
3929 4990 4020 5051 τὰς

2465 5091 2678 5153 εἰκόνας
2704 5089 2811 5144 τῶν
2841 5087 3184 5160 κρατούντων
3210 5081 3720 5146 κατασκευάζοντες,
3736 5081 3834 5134 τόν
3858 5099 3916 5134 τε
3938 5099 4020 5149 χα-

2460 5179 2714 5252 ρακτῆρα
2738 5176 2837 5248 τῆς
2867 5175 3083 5246 μορφῆς
3109 5174 3531 5249 ἀναμάσσονται,
3553 5171 3648 5224 καὶ
3668 5173 3734 5240 τῇ
3764 5170 4015 5241 περιϐολῇ

879 5292 1117 5348 "Basil.
1185 5288 1419 5344 Hom.iu
1471 5288 1590 5343 init.
1622 5285 1768 5343 Psal.
1798 5289 1850 5342 ι.
1926 5288 1970 5321 ον
2007 5289 2175 5347 Basil.
2212 5293 2262 5346 in
2297 5293 2355 5348 s.
2395 5271 2675 5348 Gordium.

2307 5454 2531 5514 NOTE.

885 5548 1082 5621 (3),,Sic
1109 5566 1296 5606 vocem
1343 5553 1584 5607 Graecam
1645 5551 1710 5604 ἐκ
1752 5547 1845 5621 τοῦ
1905 5548 2366 5621 ἀποπλ-ηρωματι-

885 5567 963 5621 to)
993 5567 1082 5606 me
1109 5567 1296 5606 vocem
1343 5567 1584 5607 Graecam
1645 5567 1710 5604 εκ
1752 5567 1845 5602 του
1905 5567 2363 5670 αποπΑηρωματι-

817 5621 933 5686 κοῦ,
980 5620 1169 5699 Latine
1213 5621 1399 5683 reddo,
1449 5619 2047 5699 praegupte__’l‘i|maqo.
2075 5617 2092 5671 I
2124 5619 2247 5686 ujus
2278 5621 2363 5670 in-

815 5693 1264 5773 terprelatiouern
1287 5687 1669 5773 _pr:etermjsit
1717 5689 1903 5743 Zinus.
1937 5687 2115 5773 “Opus
2145 5702 2362 5773 nempe

819 5756 951 5814 illud
988 5761 1235 5834 Gregorii
1287 5756 1535 5832 Nysseni,
1571 5758 1693 5827 jure
1741 5756 2093 5828 appendicem
2137 5756 2355 5825 supple-

2433 5545 2787 5605 'mentumve
2848 5547 3054 5601 diceris
3109 5546 3175 5600 ad
3239 5545 3424 5600 Basilii
3504 5545 3694 5600 fratris
3738 5544 3908 5596 libros
3965 5543 4010 5595 in

2474 5621 2866 5678 Hexaemeron,
2907 5616 2961 5669 in
3001 5615 3204 5684 quibus
3249 5616 3383 5669 nihil
3426 5617 3492 5669 de
3539 5615 3781 5684 hominis
3802 5612 4012 5684 opitirio

2469 5688 2906 5760 seripsqratillc.
2962 5681 3178 5760 Yi'desis
3205 5701 3328 5755 qua:
3355 5686 3668 5740 notavimus
3699 5683 3766 5737 ad
3794 5681 3914 5753 cap.
3948 5681 4010 5733 29

2469 5759 2559 5813 lib.
2584 5755 2629 5813 ἰι
2660 5757 2732 5837 De
2761 5756 2852 5820 liti.
2878 5755 3085 5808 art/rod.
