4172 6490
786 400 939 465 ’ῒῖῚὸ

2064 410 2385 497 manus
2425 410 2849 470 DAMASCENI

3886 400 4029 465 .2276

726 536 727 539 η
804 517 974 568 Deum
1026 516 1267 584 ipsorum
1322 519 1611 572 Dominum
1653 519 1959 574 adorasses.
1998 523 2134 576 Cum
2174 524 2344 591 itaque

2458 524 2815 592 προσάγουσι,
2848 522 2942 575 καὶ
2968 522 3026 575 οὐ
3067 521 3143 592 τῷ
3171 522 3332 588 ξύλῳ.
3352 522 3502 575 Ἐπεὶ
3532 523 3579 572 εί
3612 522 3710 589 τὴν
3743 518 3914 587 φύσιν
3947 518 4029 567 τοῦ

800 605 1144 659 Christianos
1186 608 1383 659 videris
1406 623 1621 661 crucem
1654 609 1967 674 adorantes,
2001 612 2050 665 id
2083 629 2181 681 pro
2207 624 2356 668 certo

799 703 1007 755 teneas,
1044 694 1419 748 adorationem
1452 695 1612 749 istam
1665 696 1884 752 Christo
1926 699 1994 752 ab
2048 702 2127 755 eis
2175 702 2357 756 oll'erri

800 782 1080 843 cruciﬁxi),
1112 798 1217 836 non
1253 785 1423 853 ligno.
1453 784 1587 839 Nam
1636 772 1691 840 si
1718 788 1849 857 ligni
1886 791 2165 844 materiam
2208 792 2355 846 cole—

798 880 934 933 rent,
971 870 1120 926 lucos
1145 886 1374 939 prorsus
1402 884 1457 928 et
1479 877 1705 932 arbores
1726 879 1957 931 adorare
1986 864 2265 945 deberent,
2300 890 2357 934 ut

796 966 852 1011 tu
886 959 999 1026 ipse
1042 964 1342 1028 quondam,
1385 964 1576 1027 Israel,
1608 982 1668 1019 ea
1697 967 2001 1029 adorabas;
2040 970 2166 1022 dum
2196 972 2357 1025 arbo-

795 1062 906 1099 rem
951 1058 1004 1101 ct
1053 1050 1285 1116 lapidum
1337 1052 1486 1105 hisee
1542 1054 1721 1106 verbis
1768 1056 2132 1123 compellares
2166 1074 2179 1109 :
2212 1055 2355 1112 Deus

794 1153 939 1188 meus
975 1154 1029 1188 es
1058 1148 1134 1200 tu,
1168 1148 1217 1191 et
1248 1148 1302 1191 tu
1332 1155 1410 1191 me
1443 1141 1669 1208 genuisti
1703 1143 1765 1194 ".
1794 1141 1903 1198 Nos
1932 1160 2065 1198 vero
2098 1162 2200 1201 nec
2226 1162 2355 1200 cru-

792 1239 931 1283 cem.
958 1240 1057 1279 nec
1081 1237 1391 1280 sanctorum
1419 1228 1682 1297 imagines
1709 1231 1982 1299 ejusmodi
2008 1234 2189 1289 verbis
2221 1236 2357 1290 allo-

792 1316 1032 1381 quimur.
1066 1314 1179 1369 Non
1210 1319 1355 1370 enim
1383 1319 1461 1372 dii
1497 1322 1674 1374 nostri
1706 1330 1868 1385 sunt,
1905 1324 2001 1378 sed
2034 1332 2222 1393 aperta
2254 1341 2348 1396 po-

790 1405 898 1457 tius
960 1405 1257 1473 volumina,
1310 1423 1433 1475 quin
1480 1411 1535 1465 in
1586 1413 1841 1468 ecclesiis
1896 1415 2238 1483 explicantur
2299 1424 2355 1471 et

789 1497 1107 1557 adorantur,
1136 1507 1195 1551 ut
1245 1515 1436 1554 earum
1468 1510 1692 1571 aspectu
1735 1518 2003 1558 memores
2033 1504 2126 1559 Dei
2155 1506 2350 1571 simus,

790 1584 1078 1654 ipsumque
1112 1605 1453 1645 veneremur.
1487 1592 1589 1657 Qui
1624 1594 1770 1647 enim
1803 1602 2097 1665 martyrem
2142 1596 2353 1651 honore

786 1680 1154 1745 persequitur,
1182 1679 1442 1734 honorem
1474 1698 1690 1749 quoque
1710 1683 1818 1737 Deo
1840 1683 2079 1749 exhibet,
2098 1685 2185 1739 cui
2211 1700 2354 1739 mar-

789 1770 872 1832 tyr
922 1766 1289 1822 testimonium
1338 1770 1596 1823 reddidit.
1638 1770 1742 1836 Qui
1778 1767 1981 1826 Christi
2032 1771 2347 1841 apostolum

2461 612 2618 677 ξύλου
2645 613 2851 675 ἔσεϐον,
2886 613 3099 674 πάντως
3128 611 3194 664 ἂν
3220 613 3311 663 καὶ
3336 611 3400 663 τὰ
3436 612 3595 678 ἄλση,
3624 613 3718 663 καὶ
3750 608 3822 660 τὰ
3844 606 4031 673 δένδρα

2458 704 2782 771 προσκυνεῖν
2808 697 2972 769 εἶχον,
3002 700 3190 770 ὥσπερ
3216 701 3280 753 σὺ
3310 703 3338 753 ὁ
3365 699 3578 770 Ἰσραὴλ
3613 698 4060 766 προσεκύνησας-

2457 790 2665 851 τούτοις
2705 790 2854 854 ποτὲ,
2884 790 3057 857 λέγων
3096 792 3174 861 τῷ
3205 791 3401 860 δένδρῳ
3425 790 3518 842 καὶ
3550 788 3628 857 τῷ
3652 789 3813 855 λίθῳ,
3840 790 3931 840 ὅτι
3957 788 4029 839 Σύ

2450 896 2569 947 μου
2600 875 2657 933 εἴ
2685 880 2847 945 Θεὸς,
2882 881 2978 932 καὶ
3020 880 3100 933 σύ
3126 898 3201 949 με
3234 880 3797 948 ἐγέννησας.¹11μεϊς
3828 878 3911 939 δὲ,
3941 878 4029 945 οὐχ

2454 969 2631 1033 οὕτως
2693 970 2922 1040 λέγομεν
2950 969 3026 1039 τῷ
3060 971 3295 1040 σταυρῷ,
3331 970 3449 1023 οὐδὲ
3490 974 3611 1032 ταῖς
3655 970 3901 1040 μορφαῖς
3930 968 4029 1018 τῶν

2455 1060 2645 1127 ἁγίων.
2668 1061 2743 1113 οῦ
2765 1060 2874 1131 γὰρ
2896 1060 3008 1113 θεοὶ
3028 1061 3186 1131 ήμῶν
3209 1062 3365 1126 εἰσιν,
3388 1061 3523 1113 ἀλλὰ
3558 1061 3733 1129 βίϐλοι
3758 1058 4026 1127 ἀνεῳγμέ-

2455 1165 2541 1201 ναι
2576 1149 2711 1219 πρὸς
2741 1150 3045 1219 ἀνάμνησιν
3075 1149 3210 1203 Θεοῦ
3242 1151 3336 1204 καὶ
3369 1150 3539 1219 τιμὴν
3571 1150 3767 1214 αὑτοῦ,
3807 1151 3869 1201 ἐν
3918 1152 4025 1201 tetih.

2454 1235 2774 1305 ἐκκλησίαις
2797 1240 3089 1306 προφανῶς
3134 1240 3381 1307 κείμεναι
3409 1240 3499 1291 καὶ
3525 1239 4021 1307 προσκυνούμεναι.

2467 1321 2525 1375 '0
2572 1323 2682 1392 γὰρ
2713 1323 2886 1387 τιμῶν
2912 1323 3003 1377 τὸν
3037 1324 3309 1395 μάρτυρα,
3337 1325 3470 1378 Θεδν
3500 1326 3657 1394 τιμᾷ,
3686 1317 3733 1391 ᾧ
3758 1326 3792 1375 ὁ
3826 1325 4021 1391 μάρτυς

2453 1412 2839 1483 ἐμαρτύρησεν
2858 1426 2873 1440 ’
2912 1415 2941 1465 ὀ
2977 1415 3296 1483 προσκυνῶν
3332 1416 3421 1469 τὸν
3449 1415 3747 1468 ἀπόστολον
3775 1414 3879 1466 τοῦ
3904 1416 4021 1476 Χρι-

2456 1503 2604 1568 στοῦ,
2637 1505 2729 1557 τὸν
2791 1506 3188 1559 ἀποστείλαντα
3251 1507 3414 1560 αὐτὸν
3478 1508 3802 1576 προσκυνεῖ.
3842 1505 3949 1558 Καὶ
3993 1508 4029 1559 ὁ.

2452 1593 2813 1662 προσπίπτων
2864 1598 2929 1664 τῇ
2983 1596 3169 1665 Μητρὶ
3209 1595 3303 1648 τοῦ
3336 1595 3594 1666 Χριστοῦ,
3624 1595 3907 1666 πρόδηλον
3946 1595 4015 1646 ὅτι

2451 1682 2529 1752 τῷ
2562 1683 2675 1753 Υίῷ
2720 1684 2891 1754 αὐτῆς
2926 1685 3045 1755 τὴν
3094 1686 3259 1756 τιμὴν
3304 1687 3621 1756 προσφέρει.
3686 1687 3884 1747 Οὐδεὶς
3924 1684 4016 1753 γὰρ

2451 1775 2603 1839 Θεὸς,
2635 1778 2684 1829 ει
2713 1777 2791 1847 μὴ
2819 1772 2920 1842 εἷς,
2943 1780 2971 1831 6
2994 1780 3052 1831 ὲν
3075 1779 3267 1848 Τριάδι
3295 1777 3694 1848 γνωριζόμενός
3717 1794 3781 1829 τε
3932 1776 4013 1827 λα-

784 1853 995 1916 adorat,
1042 1855 1324 1912 Christum
1371 1860 1625 1925 insimul,
1661 1876 1693 1915 a
1727 1876 1839 1931 quo
1880 1861 1970 1916 ille
1999 1862 2202 1917 missus
2243 1870 2344 1928 est,

2450 1868 2798 1937 τρευόμενος.
2830 1886 2848 1919 ι

783 1945 1017 1999 adorat:
1078 1955 1131 2002 et
1168 1951 1263 2019 qui
1302 1965 1484 2005 coram
1536 1952 1740 2008 Christi
1798 1963 1970 2009 matre
2024 1954 2440 2010 venerabundus
2480 1958 2733 2027 procidit,
2787 1960 2987 2015 nemini
3033 1959 3257 2014 dubium
3304 1967 3410 2022 est.
3446 1959 3576 2029 quin
3606 1966 3661 2013 et
3707 1955 4013 2031 id‘honoris

783 2031 975 2087 ol‘ierat
1007 2033 1166 2090 Filio.
1203 2037 1397 2096 Nullus
1430 2042 1630 2111 quippe
1650 2042 1791 2097 Deus
1817 2051 1902 2098 est
1958 2051 2153 2113 praeter
2229 2058 2419 2110 unum,
2459 2048 2553 2115 qui
2592 2047 2647 2100 in
2677 2046 2946 2103 Trinitate
2973 2050 3323 2120 cognoscitur
3348 2056 3404 2103 et
3433 2050 3648 2104 colitur.
3688 2067 3709 2100 ι

854 2141 1146 2203 Comment.
1168 2148 1365 2203 Annon
1400 2151 1540 2206 beati
1574 2152 1860 2223 Epiphanii
1888 2154 2158 2210 dictorum
2186 2154 2348 2225 32⁵1

784 2234 959 2290 ﬁdelis
997 2238 1270 2307 interpres
1308 2240 1795 2309 fueritLeontius,
1832 2247 1926 2315 qui
1980 2261 2078 2300 sua
2127 2260 2349 2315 quoque

783 2327 1032 2382 doctrina
1085 2330 1325 2402 Cyprum
1354 2334 1592 2389 insulam
1624 2338 1944 2391 exornavit?
1972 2338 2055 2391 An
2090 2339 2215 2393 illos
2248 2352 2370 2408 po--~

784 2418 896 2472 tius
919 2422 1371 2488 auscultabimus,
1394 2427 1487 2495 qui
1514 2426 1695 2482 cordis
1717 2428 1800 2483 sul
1832 2444 1990 2483 sensa
2010 2428 2351 2498 loquuntur?

785 2509 892 2565 Sed
932 2513 1121 2569 audias
1162 2516 1344 2577 velim.
1380 2518 1511 2587 quid
1550 2520 1711 2573 etiam
1750 2520 2082 2575 Severianus
2106 2518 2345 2574 Gabalo-

783 2617 905 2654 rum
938 2604 1230 2671 episcopus
1258 2606 1530 2664 docuerit.

783 2689 1051 2745 Seueriani
1103 2694 1446 2762 Gabalorum,
1483 2713 1545 2751 ea:
1579 2714 1815 2779 sermone
1861 2700 1917 2753 in
1965 2700 2347 2755 dedicationem

1462 2783 1653 2821 crusta.

855 2868 877 2904 ι
916 2850 1167 2918 Quonam
1203 2865 1362 2925 pacto
1418 2857 1597 2928 imago
1654 2859 1924 2914 maledicti
1980 2859 2345 2931 progenitori-

778 2941 883 2997 bus
934 2946 1139 3001 nostris
1181 2948 1344 3002 vitam
1392 2952 1743 3005 conciliavit?
1777 2972 1796 3006 ι
1854 2952 1920 3006 Et
1952 2955 2134 3021 paucis
2174 2955 2344 3007 inter-

772 3037 931 3104 jectis
962 3054 982 3091 :
1011 3038 1296 3103 Quomodo
1328 3041 1495 3111 igitur
1521 3043 1701 3112 imago
1726 3042 1998 3098 maledicti
2035 3044 2236 3113 populo
2265 3044 2345 3096 la-

780 3128 996 3183 boranti
1037 3129 1200 3185 saluti
1233 3131 1365 3185 fuit?
1393 3131 1584 3187 Nonne
1603 3134 1953 3189 verisimilius
1979 3135 2248 3190 dixisset:
2285 3134 2343 3189 Si

776 3216 903 3285 quis
928 3226 1170 3273 vestrum
1205 3235 1429 3277 morsus
1464 3220 1648 3287 fuerit,
1687 3225 1888 3277 coitum
1934 3224 2218 3293 suspiciat,
2248 3231 2343 3278 aut

778 3311 1190 3364 tabernaculum
1230 3310 1347 3375 Dei,
1384 3320 1439 3367 et
1479 3313 1712 3367 salutem
1759 3314 2112 3383 adipiscetur.
2139 3313 2337 3369 Verum

2523 2158 2797 2225 Σχόλιον.
2818 2154 2987 2223 Οὗτος
3021 2161 3205 2224 πιστὸς
3221 2160 3489 2232 ἐξηγητὴς
3504 2159 3610 2212 τῶν
3625 2143 3722 2211 τοῦ
3746 2157 4009 2228 μακαρίον

2464 2248 2776 2318 Ἐπιφανίου
2805 2251 2999 2318 λόγων,
3018 2254 3047 2304 ὁ
3074 2254 3183 2314 τοῖς
3209 2250 3399 2305 ἑαυτοῦ
3426 2252 3605 2317 λόγοις
3625 2249 3728 2319 τὴν
3756 2248 4010 2317 Κυπρίων

2450 2345 2875 2413 κατακοσμήσας
2912 2343 3097 2412 νῆσον,
3132 2344 3164 2415 ἢ
3212 2345 3261 2396 οί
3310 2343 3417 2397 ἀπὸ
3451 2341 3678 2412 καρδίας
3705 2338 4007 2402 λαλοῦπεςῖ

2431 2430 2652 2483 λ⁹Δκουε
2688 2431 2745 2483 δὲ
2790 2432 2881 2484 καὶ
2905 2432 3236 2502 Σευηριανοῦ
3266 2432 3372 2484 τῶν
3408 2430 3663 2485 Γαϐἀλων
3691 2428 4006 2488 ἐπισχέτω.

2447 2511 2537 2570 οἷά
2562 2534 2745 2586 φησιν.

2448 2695 2809 2762 Σευηριανοῦ
2834 2695 3169 2751 ἐπισκόπου
3194 2697 3499 2761 ιάϐάλων,
3521 2696 3637 2751 ἀπὸ
3664 2696 3881 2763 λόγου,
3912 2694 4008 2748 τοῦ

2517 2808 2532 2837 η
2724 2766 2811 2830 εἰς
2837 2769 2906 2819 τὰ
2930 2768 3199 2833 ὲγκαίνια
3229 2768 3334 2820 τοῦ
3362 2766 3631 2833 Σωτῆρος
3666 2773 3732 2820 ⁸³.

2523 2872 2541 2904 ι
2581 2854 2705 2917 Πῶς
2731 2855 2764 2924 ἠ
2795 2855 2959 2908 εἰκὼν
3002 2856 3097 2909 τοῦ
3146 2859 3571 2928 ὲπικαταράτου,
3626 2855 3776 2926 ζωὴν
3820 2857 4007 2925 ἤνεγκε

2443 2945 2556 3006 τοῖς
2578 2945 2869 3016 ἡμετέροις
2905 2946 3219 3018 προγόνοιςς
3258 2966 3276 3000 ι
3313 2946 3422 3001 Kal
3439 2947 3566 3016 μετ’
3594 2946 3804 3014 ὀλίγα*
3841 2962 3861 2995 s
3894 2945 4007 3007 Πῶς

2444 3030 2536 3088 οὖν
2566 3038 2599 3105 ὴ
2628 3036 2791 3089 εἰκὼν
2826 3036 2920 3090 τοῦ
2961 3039 3368 3107 ὲπικαταράτου
3400 3039 3593 3108 ἤνεγκε
3636 3036 3753 3105 λαῷ
3785 3036 3848 3088 ὲν
3878 3052 4005 3104 συμο

2444 3128 2585 3195 φορᾷ
2619 3128 2999 3198 χειμαζομένῳ
3036 3129 3351 3199 σωτηρίαν;
3388 3123 3532 3198 Ἀρα
3576 3130 3676 3180 οὐκ
3712 3122 3783 3196 ἦν
3804 3125 4008 3189 ἀξιοπι-

2444 3217 2696 3288 στότερον
2742 3218 2951 3270 εἰπεῖν·
2991 3218 3117 3273 Ἐάν
3163 3237 3249 3281 τις
3285 3219 3436 3291 ὑμῶν
3486 3218 3677 3289 δηχθῇ,
3719 3217 3909 3287 βλέψει
3935 3218 4005 3281 είς

2442 3310 2533 3363 τὸν
2560 3309 2807 3377 οὐρανὸν,
2839 3310 2949 3364 ἄνω
2984 3310 3119 3379 πρὸς
3160 3312 3253 3365 τὸν
3275 3312 3427 3373 Θεὸν,
3469 3312 3559 3364 καὶ
3594 3310 3933 3380 σωθήσεται,
3978 3308 4006 3378 ἢ

778 3397 865 3451 his
896 3398 984 3451 ille
1015 3400 1381 3468 posthabitis,
1430 3403 1613 3456 erucis
1660 3411 1883 3456 tantum“
1918 3405 2111 3457 statuit
2154 3404 2344 3472 imagi-

2450 3402 2528 3463 είς
2557 3401 2657 3470 τὴν
2687 3404 2894 3470 σκηνὴν
2929 3401 3023 3453 τοῦ
3077 3401 3216 3454 Θεοῦ
3242 3419 3271 3467 ;,
3310 3403 3467 3455 Ἀλλὰ
3522 3403 3691 3455 ταῦτα
3748 3402 4003 3472 παριδὼν,

776 3503 922 3543 nem.
958 3490 1071 3543 Cur
1098 3502 1264 3559 porro
1294 3491 1408 3546 haec
1432 3493 1600 3563 egerit
1629 3492 1861 3563 Moyses,
1896 3497 1989 3564 qui
2026 3496 2186 3563 paulo
2216 3506 2343 3549 ante

775 3582 989 3635 dixerat
1018 3604 1029 3635 :
1065 3581 1187 3636 Non
1217 3584 1389 3649 facias
1422 3585 1514 3636 tibi
1554 3581 1815 3652 sculptile,
1853 3602 2013 3654 neque
2042 3585 2337 3653 conﬂatile,

775 3688 937 3742 neque
961 3673 1365 3727 similitudinem
1394 3690 1579 3727 eorum
1605 3691 1802 3738 rerum,
1831 3692 1946 3745 qua:
1972 3686 2093 3729 sunt
2126 3678 2180 3729 in
2213 3677 2340 3731 cwlo

773 3780 1003 3826 sursum,
1038 3775 1133 3817 aut
1162 3765 1217 3818 in
1250 3775 1393 3820 terra
1416 3766 1686 3832 deorsum,
1716 3776 1806 3821 aut
1847 3768 1900 3819 in
1936 3770 2108 3837 aquis,
2152 3768 2341 3823 larisve

772 3856 1129 3910 subterraneis
1166 3858 1252 3909 "1'
1290 3858 1399 3913 Sed
1446 3859 1574 3928 quid
1623 3859 1688 3912 ad
1739 3860 2013 3930 ingratum
2072 3862 2336 3935 populum

772 3946 889 4001 haec
908 3946 1142 4015 loquor?
1170 3946 1442 4010 Edissere,
1471 3946 1680 4017 quaeso,
1714 3946 2026 4004 fidelissime
2054 3948 2147 4003 Dei
2178 3951 2340 4004 mini-

680 4098 685 4103 _
772 4045 921 4102 ster;
950 4038 1094 4105 quod
1121 4036 1245 4092 aliis
1266 4044 1436 4099 vetas,
1464 4052 1564 4092 cur
1596 4039 1711 4108 ipse
1758 4039 1967 4094 facias?
1992 4039 2147 4106 Quod
2180 4055 2338 4095 ever-

771 4128 868 4191 tis,
918 4126 1051 4180 illud
1101 4128 1338 4183 statuis?
1382 4129 1473 4197 qui
1520 4129 1791 4198 praecipis,
1839 4128 1964 4183 Non
2021 4130 2183 4197 facies
2242 4131 2338 4185 tibi

769 4218 1048 4286 sculptile;
1104 4220 1196 4289 qui
1253 4219 1581 4275 conﬂatilem
1647 4222 1877 4275 vitulum
1933 4223 2333 4287 comminuisti,

772 4319 1080 4377 serpentem
1110 4323 1175 4363 ex
1213 4323 1320 4364 ere
1350 4319 1406 4364 tu
1431 4311 1548 4381 ipse
1572 4310 1840 4365 conﬁcis?
1870 4309 2013 4378 Quin
2045 4310 2195 4365 illum
2225 4327 2333 4365 non

772 4401 936 4462 clam,
968 4400 1064 4455 sed
1093 4400 1270 4471 palam
1300 4402 1556 4457 omnibus
1590 4402 2046 4471 conspiciendum
2081 4403 2337 4472 praebes?

770 4488 838 4543 At
876 4489 985 4551 illa,
1015 4491 1211 4559 inquit,
1246 4490 1520 4554 mandavi,
1565 4504 1675 4561 quo
1716 4492 1997 4545 materiam
2035 4492 2333 4562 impietatis

771 4581 1151 4636 exscinderem
1173 4621 1189 4645 ,
1221 4590 1274 4636 et
1318 4582 1389 4637 ab
1430 4583 1579 4636 omni
1606 4580 1913 4637 defectione
1940 4591 1996 4637 et
2023 4582 2331 4637 idololatria

770 4673 1029 4740 populum
1078 4687 1388 4727 avocarent.
1425 4671 1583 4726 Nunc
1610 4682 1790 4728 autem
1823 4674 1895 4728 ad
1922 4674 2154 4729 aliorum
2189 4674 2332 4727 utili~

2452 3493 2611 3562 μόνον
2657 3491 2753 3544 τοῦ
2809 3490 3044 3563 σταυροῦ
3104 3494 3200 3563 τὴν
3250 3494 3431 3547 είκόνα
3481 3492 3700 3561 ἔπηξεν.
3735 3488 4004 3546 Aldrich

2447 3580 2622 3635 ταῦτα
2649 3582 2823 3634 ἐποίει
2848 3582 3114 3653 Μωῦιτῆς,
3138 3585 3167 3636 ὁ
3192 3582 3361 3638 εἰπὼν
3387 3582 3464 3654 τῷ
3494 3584 3607 3653 λαῷ
3630 3626 3645 3649 ,
3700 3586 3787 3637 Οὐ
3838 3599 4004 3651 ποίη·

2446 3686 2579 3735 σοις
2598 3669 2787 3743 ἑαυτῷ
2824 3673 3114 3741 γλυπτὸν,
3139 3673 3281 3729 οὐδὲ
3321 3676 3642 3744 χωνευτὸν,
3698 3673 3849 3727 οὐδὲ
3894 3674 4006 3727 πᾶν

2446 3764 2725 3831 ὁμοίωμα,
2766 3762 2895 3816 ὅσα.
2919 3764 2989 3817 ἐν
3020 3762 3100 3829 τῷ
3122 3765 3351 3834 οὐρανῷ
3382 3766 3523 3831 ἅνω,
3558 3765 3657 3818 καὶ
3693 3764 3816 3818 ὅσα
3840 3765 3914 3818 ἐν
3942 3762 4006 3830 τῇ

2446 3851 2522 3922 γῇ
2548 3852 2724 3917 κάτω,
2770 3852 2867 3907 καί
2913 3853 3029 3908 ὅσα
3074 3853 3143 3907 ἐν
3167 3855 3291 3922 τοῖς
3321 3854 3557 3919 ὕδασιν,
3588 3853 3879 3908 ὑποκάτω
3907 3852 4005 3919 τῆς

2444 3942 2597 4011 γῆς;
2632 3942 2792 3996 Ἀλλὰ
2825 3944 2877 3997 τί
2915 3945 3088 3999 ταῦτα
3144 3946 3279 4016 πρὸς
3324 3945 3613 4015 ἀγνώμονα
3659 3945 4001 4015 φθέγγομιιῖ

2444 4032 2599 4097 Εἰπὲ,
2640 4027 2701 4095 ὧ,
2737 4034 3023 4088 πιστότατε
3062 4035 3197 4087 Θεοῦ
3249 4026 3502 4105 Θεράπον,
3546 4036 3574 4087 ὃ
3617 4033 4003 4105 ἀπαγορεύεις,

2444 4126 2653 4188 natale;
2707 4122 2736 4176 ὃ
2766 4124 3124 4196 ἀνατρέπεις,
3172 4125 3635 4191 κατασκευάζεις;
3692 4126 3753 4177 ὐ
3792 4125 4002 4192 λέγων,

2444 4216 2527 4269 Οὐ
2548 4215 2821 4281 ποιήσεις
2837 4217 3123 4281 τλυπτὸν,
3152 4217 3243 4269 τὸν
3263 4217 3592 4287 χωνευθέντα
3614 4216 3743 4286 βοῦν
3771 4216 4004 4269 κατιλὰ-

2444 4322 2564 4369 σας,
2591 4308 2654 4361 σὺ
2678 4306 2800 4375 ὅφιν
2824 4306 3176 4379 χαλκουργεῐς
3200 4324 3214 4372 ;
3251 4307 3361 4360 Καὶ
3385 4305 3542 4360 τοῦτο
3571 4308 3632 4360 οὐ
3652 4307 3851 4379 λάθρα,
3872 4306 4003 4361 ἀλλά

2440 4398 2737 4468 ἀναφανδὸν
2764 4399 3029 4465 καὶηπᾶσι
3075 4400 3350 4467 γνωστόν,
3388 4398 3529 4451 Ἀλλ’
3566 4400 3774 4462 ἐκεῖνα,
3812 4398 4000 4468 φησιν,

2388 4526 2389 4529 η
2440 4490 2828 4561 ἐνομοθέτησα,
2884 4490 2972 4543 ῖνα
3015 4490 3234 4560 ἐκκόψω
3284 4490 3381 4552 τὰς
3420 4489 3551 4552 ὕλας
3588 4488 3687 4559 τῆς
3718 4489 3998 4551 ἀσεϐείας,

2441 4582 2536 4636 καὶ
2570 4582 2660 4634 τὸν
2682 4582 2809 4635 λαὸν
2854 4582 3137 4650 ὰπαγάγω
3161 4583 3340 4653 πάσης
3379 4583 3476 4652 τῆς
3525 4580 3864 4642 ἁποστασίας
3910 4580 4002 4633 καὶ

2440 4668 2882 4743 εἰδωλολατρείας
2906 4689 2919 4701 ·
2953 4674 3069 4726 νυνὶ
3094 4673 3169 4736 δὲ,
3202 4672 3420 4744 χωνεύω
3440 4673 3530 4725 τὸν
3556 4673 3679 4741 ὅφιν
3710 4672 4002 4739 χρησίμως

769 4770 933 4815 tatem
958 4771 1265 4832 serpentem
1293 4762 1493 4829 conﬂo,
1532 4764 1599 4817 ad
1625 4764 2064 4834 prmsignandam’
2086 4765 2333 4820 videlicet

2447 4752 2896 4834 είςπροτύπωσιν
2918 4763 3017 4832 τῆς
3048 4762 3325 4832 ἀληθείας.
3372 4762 3479 4815 Καὶ
3509 4760 3765 4830 καθάπερ
3791 4760 4000 4829 σκηνὴν

767 4855 1072 4907 veritatem.
1112 4854 1176 4907 Et
1213 4854 1671 4923 quemadmodum
1725 4857 2135 4909 tabernaculum
2183 4871 2336 4910 com-

770 4946 908 5014 pegi,
946 4952 999 4999 et
1046 4959 1111 4998 ea
1146 4960 1266 5013 qua:
1313 4944 1367 4998 in
1416 4944 1535 5013 ipso
1578 4953 1741 5010 sunt;
1774 4946 2065 5001 Cherubim
2116 4962 2333 5017 quoque

772 5034 1123 5089 invisibilium
1174 5050 1357 5089 rerum
1417 5034 1826 5089 similitudinem
1871 5036 2158 5092 referentia
2190 5080 2205 5102 ,
2274 5049 2331 5094 ut

770 5134 955 5181 sancta
996 5126 1402 5193 adumbrarent,
1438 5126 1693 5197 cxpandi,
1731 5130 1782 5182 in
1816 5129 2030 5201 signum
2073 5129 2330 5201 ﬁguram-

840 5304 886 5337 ”
913 5304 1111 5361 Jerem.
1145 5322 1204 5371 ll,
1233 5307 1325 5360 27.
1403 5308 1446 5339 “
1480 5305 1654 5362 Exod.
1703 5324 1795 5371 xx,
1849 5309 1897 5362 4.

2433 4852 2628 4922 ἔπηξα,
2656 4853 2751 4907 καὶ
2780 4853 2848 4906 τὰ
2879 4854 2937 4906 ἐν
2970 4853 3108 4924 αὐτῇ
3140 4853 3332 4916 πάντα,
3354 4852 3445 4905 καὶ
3474 4850 3996 4933 Χερουϐὶμ,ὁμοίω-

2434 4963 2509 5016 μα
2540 4947 2650 4999 τῶν
2683 4946 2931 5017 ἀοράτων
2953 4986 2968 5010 ,
3005 4946 3299 4999 διεπέτασα
3343 4947 3423 5009 εἰς
3446 4943 3515 4997 τὰ
3543 4946 3693 5011 ἅγια,
3723 4942 3804 5004 ὡς
3827 4942 3997 4993 τύπον

2438 5036 2532 5090 καὶ
2564 5038 2722 5090 σκιὰν
2760 5038 2868 5089 τῶν
2903 5037 3222 5107 μελλόντων,
3254 5037 3394 5090 οὕτω
3435 5036 3530 5092 καὶ
3562 5035 3685 5103 ὄφιν
3712 5034 3995 5103 ὲστήλωσα

2439 5134 2517 5193 εἰς
2567 5131 2843 5201 σωτηρίαν
2895 5128 2971 5200 τῷ
3013 5129 3147 5200 λαῷ,
3192 5131 3277 5183 ενα
3323 5128 3409 5182 διὰ
3439 5129 3539 5198 τῆς
3565 5128 3757 5198 πείρας
3789 5127 3992 5179 τούτων

2060 5487 2293 5543 νΑίὶιᾸῧ
2334 5484 2731 5543 LECTIONES.

851 5661 885 5681 ’“
910 5670 989 5730 εἰς
1024 5667 1091 5721 τὰ
1120 5668 1368 5733 ἑγκαίνια
1400 5668 1494 5721 τοῦ
1526 5667 1795 5737 Σωτῆρος,
1823 5669 1966 5736 quod
1991 5669 2084 5722 alii
2123 5671 2173 5723 in
2214 5669 2592 5722 dedicationem
2632 5667 2876 5720 Ecrlt’situ
2904 5669 3216 5731 Saluatoris,
3244 5665 3578 5732 interpretati
3612 5674 3740 5720 sunt
3787 5667 3849 5720 At
3890 5679 3983 5736 pro

775 5740 1036 5807 τωτῆρος,
1071 5738 1257 5795 Dillius
1306 5755 1370 5796 cx
1404 5746 1539 5795 orat.
1568 5740 1601 5792 9.
1626 5747 1678 5794 et
1720 5738 1752 5791 5
1792 5738 2043 5809 σταυροῦ,
2085 5741 2272 5794 crucis.
2308 5739 2482 5793 Malim
2506 5740 2921 5792 anniversarium
2957 5740 3151 5808 potius,
3182 5750 3338 5807 quam
3365 5737 3788 5790 dedicationem.
