4172 6490
176 544 309 607 1285

1266 546 1358 603 DE
1400 546 1857 605 IMAGlNIBUS
1895 546 2175 604 ORATIO
2214 549 2290 605 ll.

3284 555 3416 616 12‘0

242 653 304 722 β’.
340 651 500 715 Ἕθος
532 651 700 715 ἐστὶν,
733 646 777 705 ῶ
806 653 1101 724 ἀγαπητοὶ,
1132 654 1209 725 τῷ
1241 652 1487 724 φθονερῷ
1518 653 1612 705 καὶ
1646 656 1733 723 ἀρ-

1919 652 1974 704 2.
2015 639 2185 705 Invidi
2218 652 2501 719 serpentis
2544 654 2898 723 omniumque
2933 654 3199 709 malorum
3231 670 3415 711 ουοιυμ

168 744 384 814 χεκὰκῳ
408 744 549 811 ὄφει,
575 742 653 813 τῷ
680 743 911 813 διαϐόλῳ
955 746 1118 816 φημὶ,
1174 745 1527 815 πολυτρόπως
1579 745 1738 796 πολε-

169 836 291 901 μεῖν
319 832 397 903 τῷ
422 834 542 886 κατ’
584 833 768 887 εἰκόνα
804 832 942 886 Θεοῦ
986 832 1489 906 πλαστόυργηθέντι
1529 832 1740 903 ἀνθρὼ-

162 940 273 991 πῳ,
307 924 401 975 καὶ
437 922 525 976 διὰ
561 923 669 976 τῶν
698 923 956 975 ἐναντίων
985 923 1073 976 τὸν
1110 923 1276 976 αὑτοῦ
1301 922 1739 995 κατεργάζεσθαι

163 1013 414 1065 θάνατον.
448 1011 626 1074 Εὐθὺς
672 1014 772 1082 μὲν
802 1012 910 1081 γὰρ
944 1013 1001 1066 ὲν
1032 1014 1174 1083 ἀρχῇ
1206 1012 1396 1065 ἐλπίδα
1429 1014 1524 1067 καὶ
1554 1013 1740 1066 ἐπιθυ-

162 1100 294 1170 μίαν
316 1099 564 1163 θεώσεως
589 1099 739 1170 αὑτῷ
772 1100 1077 1169 ὲνέσπειρε,
1106 1102 1200 1154 καὶ
1232 1102 1301 1153 δι’
1324 1102 1514 1171 αὐτῆς,
1544 1103 1625 1164 είς
1651 1102 1741 1155 τὸν

157 1194 270 1244 τῶν
318 1191 530 1259 ἀλόγων
583 1193 861 1261 κατήγαγε
892 1192 1118 1244 θάνατον
1149 1207 1161 1219 ο
1196 1192 1257 1243 οὑ
1310 1192 1439 1262 μὴν,
1476 1191 1611 1244 ἀλλὰ
1646 1191 1740 1244 καὶ

158 1285 414 1353 αἰσχραῖς
464 1283 557 1335 καὶ
590 1283 807 1349 ἀλόγοις
859 1282 1073 1352 ἡδοναῖς
1109 1282 1374 1344 πολλάκις
1417 1282 1578 1335 αὑτὸν
1623 1283 1738 1335 ὲδεο

156 1372 344 1426 λέασε.
369 1372 542 1425 Πόσον
572 1373 628 1425 δὲ
657 1374 717 1426 τὸ
753 1374 917 1443 μέσον
957 1372 1227 1436 θεώσεως,
1270 1373 1366 1426 καὶ
1392 1372 1587 1440 ἀλόγου
1620 1373 1739 1423 ἐπι-

157 1466 385 1533 θυμίαςῐ
424 1465 535 1518 Καὶ
571 1466 701 1517 ποτὲ
738 1465 874 1534 μὲν,
916 1467 995 1526 είς
1032 1463 1297 1533 ἀθεότητα
1326 1464 1525 1534 ἤγαγε,
1559 1463 1740 1525 καθώς

156 1573 327 1624 φησιν
370 1558 398 1608 ό
439 1557 728 1625 θεοπάτωρ
776 1554 964 1608 Δαϐίδ·
998 1572 1016 1604 σ
1052 1550 1217 1606 Εἶπεν
1248 1553 1435 1622 ἄφρων
1466 1554 1522 1606 ἐν
1547 1552 1740 1623 καρδίᾳ

157 1643 352 1697 αὑτοῦ·
394 1646 508 1696 Οὑκ
553 1644 668 1695 ἔστι
694 1644 847 1706 Θεός.
886 1662 902 1690 ι
938 1643 1076 1694 Ilo-rs
1106 1643 1161 1695 δὲ
1188 1644 1267 1704 εἰς
1295 1642 1612 1695 πολυθεΐαν’
1647 1642 1741 1694 καὶ

157 1736 295 1787 ποτὲ
342 1735 461 1803 μὲν,
502 1734 633 1804 μηδὲ
663 1734 754 1785 τὸν
790 1732 950 1802 φύσει
987 1733 1118 1785 Θεὸν
1146 1735 1470 1802 προσκυνεῖν
1521 1732 1735 1783 ἔπεισε·

156 1827 296 1879 ποτὲ
326 1827 403 1891 δὲ,
432 1827 678 1896 δαίμοσιν
699 1841 711 1855 ⁸
747 1826 827 1878 ἔτι
878 1825 969 1889 δὲ,
1003 1826 1218 1895 οὐρανῷ
1260 1843 1320 1877 τε
1351 1825 1445 1879 καὶ
1476 1828 1572 1895 γῇ,
1602 1823 1740 1894 ἡλίῳ

154 1935 222 1972 τε
258 1918 354 1971 καὶ
387 1917 609 1988 σελήνῃ,
660 1918 755 1970 καὶ
806 1916 1061 1987 ἀστρασι,
1095 1916 1187 1969 καὶ
1220 1918 1285 1986 τῇ
1337 1914 1498 1985 λοιπῇ
1540 1914 1737 1981 κτίσει,

1847 745 1922 798 ris
1947 743 2033 797 hic
2067 758 2186 797 tuos
2227 752 2338 805 est,
2373 742 2744 805 dilectissimi,
2789 754 2849 797 ιιι
2879 745 2946 799 ad
2980 746 3271 816 imaginem
3323 749 3416 802 Dei

1847 834 2138 887 formatum
2175 834 2452 888 hominem
2496 834 2677 888 modis
2712 835 2886 890 variis
2928 838 3232 908 impugnet,
3266 855 3417 894 mor—

1842 934 2060 994 temque
2119 927 2222 996 ipsi
2264 926 2563 980 contrariis
2622 926 2838 981 artibus
2899 926 3119 982 inferat.
3180 931 3239 984 In
3296 933 3418 1001 ipso

1842 1016 2116 1084 siquidem
2165 1033 2349 1070 rerum
2398 1018 2628 1072 exordio
2679 1032 2834 1087 spem
2866 1018 2943 1071 illi
2974 1027 3028 1073 ct
3054 1022 3419 1090 cupiditatem

1842 1107 2163 1161 alfectandac
2216 1109 2522 1164 divinitatis
2562 1110 2879 1181 inspiravit,
2930 1128 3027 1181 per
3078 1128 3241 1182 quam
3289 1131 3416 1169 eum

1841 1199 1999 1268 331
2039 1199 2092 1251 in
2128 1198 2413 1252 brutorum
2447 1202 2811 1257 animantium
2838 1214 3072 1259 mortem
3107 1206 3415 1274 pertraxit:

1842 1290 2023 1357 ipsum
2071 1305 2290 1359 quoque
2338 1292 2570 1359 impuris
2618 1293 2990 1364 belluinisque
3041 1299 3417 1367 voluptatibus

1841 1378 2135 1447 deceptum
2167 1380 2372 1447 saepius
2407 1380 2602 1433 illexit.
2627 1379 2802 1436 Porro
2837 1398 3001 1452 quam
3034 1385 3291 1440 immanis
3324 1385 3417 1439 illa

1842 1470 2104 1524 distantia
2147 1472 2489 1527 divinitatem
2540 1473 2688 1527 inter
2727 1483 2779 1527 ct
2816 1475 3036 1528 brutam
3085 1475 3409 1530 libidinem!

1841 1561 2154 1629 Aliquando
2178 1563 2400 1632 quidem
2438 1564 2486 1618 ci
2517 1565 2820 1633 persuasit,
2867 1574 2926 1620 ut
2958 1566 3129 1620 Deum
3173 1567 3416 1636 abnega-

1843 1661 1944 1707 ret.
1980 1652 2068 1706 Ait
2096 1655 2239 1707 enim
2279 1652 2371 1707 Dei
2406 1669 2605 1721 parens
2640 1653 2810 1708 David
2847 1673 2859 1709 :
2900 1674 2917 1704 ι
2960 1654 3109 1708 Dixit
3142 1655 3414 1725 insipiens

1842 1742 1899 1795 in
1943 1741 2111 1797 corde
2143 1757 2245 1796 suo
2274 1759 2286 1793 :
2318 1742 2436 1796 Non
2470 1750 2557 1798 est
2596 1741 2739 1797 Deus
2772 1744 2839 1797 ’⁵.
2892 1763 2911 1795 ι
2941 1744 3079 1797 Tum
3106 1745 3272 1798 etiam
3309 1745 3414 1798 ho-

1841 1832 2069 1900 minem,
2102 1843 2160 1886 ut
2208 1835 2395 1903 plures
2425 1834 2558 1888 deos
2591 1834 2824 1900 coleret,
2860 1834 3089 1888 adduxit
3117 1852 3131 1888 :
3162 1835 3414 1904 quando-

1842 1938 1950 1994 que
1984 1932 2188 1989 autetn,
2232 1932 2289 1978 ut
2330 1939 2395 1980 ne
2420 1925 2499 1979 illi
2530 1926 2748 1995 quidem
2774 1926 2870 1996 qui
2900 1935 3100 1980 natura
3139 1925 3280 1983 Deus
3302 1937 3409 1990 est,

158 2009 326 2081 μέχρι
362 2008 454 2062 καὶ
480 2006 765 2061 κνωδάλων
806 2007 899 2059 καὶ
923 2006 1169 2077 ἑρπετῶν
1218 2007 1545 2076 προσκυνεῖν
1590 2023 1733 2077 παρ-

1838 1992 2173 2084 procideret,
2223 2014 2503 2083 persuasit
2534 1992 2561 2068 ι-
2585 1992 2860 2070 interdum
2909 2024 2970 2070 ut
3003 2015 3289 2072 daemones
3326 2019 3411 2085 ip-

154 2098 477 2152 εσκεύασεν.
523 2098 756 2168 Ὁμοίως
795 2097 903 2166 γάρ
953 2099 1068 2150 ἐστι
1102 2096 1357 2167 χαλεπὸν,
1416 2097 1509 2149 καὶ
1540 2094 1601 2148 τὸ
1629 2097 1733 2158 τοῖς

1837 2118 1927 2157 sos
1958 2103 2240 2162 adoraret,
2272 2120 2335 2157 ac
2365 2112 2632 2171 prmterea
2666 2105 2865 2161 crelum
2898 2113 2951 2160 et
2985 2117 3211 2172 terram,
3240 2108 3409 2161 solem

152 2191 362 2260 τιμίοις
391 2191 489 2261 τὴν
520 2188 877 2259 ὀφειλομένην
905 2188 980 2259 μὴ
1012 2190 1311 2258 προσάγειν
1340 2190 1524 2259 τιμὴν,
1556 2188 1651 2241 καὶ
1679 2189 1733 2241 τὸ

1837 2200 1889 2246 et
1938 2192 2142 2255 lunam,
2179 2191 2502 2261 stellasque,
2536 2208 2753 2248 onmem
2787 2195 3025 2265 denique
3073 2205 3407 2260 creaturam,

152 2286 273 2346 τοῖς
325 2283 544 2352 ἀτίμοις
590 2283 689 2353 τὴν
740 2281 815 2351 μὴ
857 2282 1245 2353 προσήκουσαν
1295 2280 1739 2351 ὑπερϐάλλουσαν

153 2374 497 2445 προσάπτειν
534 2374 711 2439 δόξαν.
756 2373 945 2434 Πάλιν,
970 2372 1123 2434 τινὰς
1158 2372 1259 2441 μὲν
1301 2370 1636 2441 συνάναρχον
1660 2368 1736 2439 τῷ

152 2464 277 2533 Θεῷ
309 2464 407 2535 τὴν
436 2463 635 2516 κακίαν
670 2460 851 2530 λέγειν
877 2460 1101 2524 ἐδίδαξε.
1129 2460 1294 2522 Τινὰς
1331 2458 1406 2523 δὲ,
1442 2458 1614 2511 αἴτιον
1635 2456 1734 2525 τῆς

152 2556 360 2617 κακίας
392 2553 482 2606 τὸν
516 2552 675 2623 φύσει
700 2551 903 2621 ἀγαθὸν
925 2551 1060 2605 Θεὸν
1084 2550 1366 2620 ὁμολογεῖν
1396 2546 1729 2617 ἐξηπάτησεο

152 2646 250 2699 καὶ
278 2643 372 2707 οὓς
404 2645 520 2714 μὲν,
569 2644 700 2714 μίαν
753 2642 938 2712 φύσιν,
986 2642 1082 2695 καὶ
1137 2641 1266 2710 μίαν
1312 2640 1609 2692 ὑπόστασιν
1636 2637 1733 2705 τῆς

154 2734 413 2804 θεότητος
462 2735 710 2803 ἀφρόνως
742 2732 921 2799 λέγειν
952 2732 1256 2799 ἐπλάνησεν
1276 2745 1289 2760 ·
1335 2727 1428 2790 οὓς
1477 2728 1556 2790 δὲ,
1584 2726 1735 2797 τρεῖς

154 2825 352 2894 φύσεις
372 2826 467 2877 καὶ
499 2827 647 2894 τρεῖς
675 2822 1002 2884 ὑποστάσεις
1027 2820 1286 2889 ἀθέσμως
1310 2820 1491 2871 σέϐειν
1520 2814 1735 2869 ὲνόθευε

155 2936 257 2971 σε·
286 2918 514 2970 καὶτισὶ
559 2916 695 2987 μὲν,
740 2915 866 2985 μίαν
913 2913 1210 2966 ὑπόστασιν
1256 2912 1350 2964 καὶ
1397 2910 1527 2978 μίαν
1575 2908 1736 2978 φύσιν

153 3010 250 3062 τοῦ
281 3009 486 3078 Κυρίου
511 3008 668 3078 ἡμῶν
711 3004 885 3075 Ἰησοῦ
907 3003 1165 3074 Χριστοῦ,
1190 3002 1283 3055 τοῦ
1313 3001 1429 3064 ἐνὸς
1457 3002 1556 3069 τῆς
1577 2999 1736 3067 ἁγίας

154 3100 411 3164 Τριάδος,
444 3098 556 3151 τισὶ
581 3098 638 3150 δὲ
664 3095 757 3149 δύο
787 3096 998 3164 φύσεις,
1035 3095 1129 3147 καὶ
1157 3092 1250 3145 δύο
1285 3091 1610 3154 ὑποστάσεις
1636 3088 1730 3142 τοῦ

155 3190 324 3243 αὑτοῦ
356 3190 594 3256 δοξάζειν
620 3187 868 3241 ὑπέθετο.

1834 2280 2130 2350 nequidetn
2168 2281 2542 2338 an’tnantibus
2572 2282 2709 2352 ipsis
2741 2292 2794 2336 et
2824 2284 3114 2353 reptilibus
3138 2286 3406 2354 exceptis.

1830 2369 2021 2440 Neque
2056 2371 2203 2425 enim
2237 2370 2526 2427 dissimilis
2558 2382 2642 2428 est
2669 2373 2863 2445 ﬂagitii
2887 2374 3160 2430 honorem
3195 2376 3261 2430 iis
3299 2390 3404 2429 non

1837 2461 2120 2525 exhibere,
2172 2477 2293 2532 quae
2338 2463 2458 2532 ejus
2490 2463 2656 2534 digna
2687 2474 2835 2529 sunt,
2871 2480 2934 2518 ac
2982 2466 3190 2522 nullius
3244 2467 3403 2535 pretii

1839 2552 2025 2616 rebus,
2078 2552 2303 2606 minime
2348 2564 2742 2621 congruentem
2797 2542 3263 2625 immodicamque
3291 2556 3407 2626 glo~

1839 2642 1977 2696 riam
2014 2641 2283 2696 tribuere.
2310 2641 2449 2696 Aliis
2483 2642 2675 2708 Deum,
2715 2644 2810 2714 qui
2850 2653 3046 2715 suapte
3076 2656 3272 2700 natura
3307 2648 3407 2701 bo-

1839 2749 1947 2788 nus
1986 2739 2090 2797 est,
2126 2748 2251 2788 esse
2286 2739 2565 2789 auctorem
2614 2737 2765 2790 mali.
2818 2736 3125 2793 Nonnullos
3159 2739 3214 2792 in
3260 2738 3411 2792 hunc

1840 2838 2081 2879 errorem
2114 2824 2365 2889 adduxit,
2427 2834 2484 2879 ut
2521 2841 2818 2895 personam
2856 2844 3019 2883 unam
3068 2830 3123 2882 in
3180 2829 3404 2889 deitate,

1842 2913 2072 2982 perinde
2104 2921 2266 2983 atque
2308 2923 2564 2968 naturam
2595 2930 2761 2969 unam
2799 2917 2992 2972 insane
3021 2919 3401 2988 predicarent.

1838 3001 2117 3067 Quosdam
2146 3002 2221 3056 ita
2252 3003 2493 3074 decepit,
2530 3012 2590 3058 ut
2624 3020 2731 3060 non
2774 3014 2889 3062 tres
2917 3013 3182 3077 personas
3220 3010 3403 3073 modo,

1838 3108 2029 3147 verum
2065 3094 2233 3148 etiam
2271 3102 2385 3149 tres
2419 3102 2650 3152 naturas
2679 3096 2889 3153 nefarie
2933 3099 3204 3154 colerent.
3264 3098 3408 3169 Sug-

1839 3185 2011 3256 gessit
2036 3185 2162 3240 aliis
2199 3192 2261 3242 ut
2287 3200 2454 3239 unam
2502 3185 2632 3242 Jesu
2676 3187 2887 3242 Christi
2940 3188 3156 3243 Domini
3202 3194 3404 3255 nostri,

155 3286 254 3355 qui
296 3301 441 3340 unus
470 3290 554 3339 est
587 3298 653 3338 ex
684 3288 878 3338 sancta
919 3280 1211 3344 Trinitate,
1240 3281 1390 3335 velut
1422 3294 1718 3349 personam
1759 3295 1952 3348 unam,
1975 3281 2057 3335 sic
2080 3295 2243 3335 unam
2276 3289 2535 3334 naturam
2605 3296 2730 3336 esse
2777 3282 3166 3338 existimarent
3193 3297 3212 3347 ,'
3280 3283 3406 3337 aliis

156 3380 395 3448 denique
425 3379 500 3430 ιιιί
532 3376 809 3445 duplicem
852 3375 909 3430 in
941 3390 1006 3430 eo
1032 3382 1312 3437 naturam,
1348 3373 1421 3427 ita
1456 3373 1727 3443 duplicem
1769 3389 1989 3442 quoque
2019 3387 2310 3442 personam
2334 3387 2458 3427 esse
2485 3372 2911 3427 arbitrarentur.

230 3477 301 3540 γ’.
340 3472 403 3524 Ἥ
430 3470 486 3523 δὲ
524 3466 770 3541 ἀλήθεια,
826 3468 999 3539 μέσην
1042 3468 1158 3522 ὁδὸν
1190 3466 1493 3537 βαδίζουσα,
1547 3467 1725 3519 πάντα
1752 3474 1793 3529 C

154 3561 335 3615 ταῦτα
361 3562 684 3629 ἀπαρνεῖται
712 3558 781 3613 τὰ
806 3558 1001 3621 ἄτοπα,
1033 3559 1127 3611 καὶ⁵
1170 3559 1431 3619 διδάσκει,
1480 3556 1577 3609 ’ἐνα
1601 3557 1732 3609 Θεὸν

155 3652 464 3720 ὁμολογεῖν,
498 3650 626 3719 μίαν
657 3649 819 3717 φύσιν
866 3653 924 3701 ἐν
952 3650 1129 3718 τρισὶν
1164 3647 1518 3711 ὑποστάσεσι,
1556 3648 1733 3718 Πατρὶ

156 3746 257 3796 καὶ
304 3742 416 3811 Υίῷ
455 3743 551 3793 καὶ
597 3740 737 3810 ἁγίῳ
788 3740 1066 3809 Πνεύματι
1097 3756 1109 3768 ·
1142 3739 1239 3809 τὴν
1270 3739 1326 3790 δὲ
1363 3739 1581 3801 κακίαν,
1631 3740 1732 3791 οὑκ

155 3835 369 3896 οὐσίαν,
415 3833 553 3887 ἀλλά
598 3831 944 3902 συμϐεϐηκός
977 3848 1160 3899 φησιν,
1214 3829 1422 3883 ἔννοιάν
1457 3848 1598 3893 τινα,
1640 3830 1732 3883 καὶ

155 3926 472 3994 λόγον,ηκαὶ
509 3923 709 3993 πρᾶξιν
741 3922 893 3991 παρά
924 3921 1016 3974 τὸν
1066 3920 1228 3989 νόμον
1255 3919 1349 3971 τοῦ
1378 3919 1533 3982 Θεοῦ,
1566 3921 1622 3970 ὲν
1654 3917 1732 3987 τῷ

156 4016 481 4079 ἐννοεῖσθαι,
530 4015 623 4067 καὶ
671 4011 948 4081 λέγεσθαι,
990 4011 1081 4063 καὶ
1112 4010 1444 4081 πράττεσθαι
1492 4010 1591 4079 τὴν
1626 4009 1730 4061 ῦπ-

155 4107 318 4177 αρξιν
348 4106 703 4176 Excusatum).
727 4103 844 4173 ἅμα
867 4102 945 4173 τῷ
971 4100 1281 4155 παύσασθαι
1307 4099 1729 4169 ἀφανιζομένην.

160 4199 288 4253 Ἔτι
309 4199 365 4251 δὲ
383 4198 477 4251 καὶ
494 4197 585 4250 τὸν
614 4197 708 4249 ἕνα
732 4198 849 4272 ,τῆς
889 4194 1049 4263 ἁγίας
1098 4195 1142 4246 Τ
1147 4193 1327 4270 ριάδος
1352 4194 1444 4247 τὸν
1474 4192 1729 4264 Χριστὸν,

153 4290 256 4345 δύο
282 4288 471 4357 φύσεις
497 4286 779 4360 κηρύττει,
805 4286 899 4339 καὶ
923 4284 1048 4356 μίαν
1069 4286 1386 4338 ὑπόστασιν.

228 4466 294 4521 δ’.
334 4465 475 4519 Ἀλλ’
499 4466 527 4517 ὁ
556 4464 656 4533 τῆς
687 4463 945 4531 ἀληθείας
972 4462 1183 4533 ὲχθρὸς,
1207 4464 1301 4514 καὶ
1323 4462 1424 4532 τῆς
1455 4460 1730 4531 σωτηρίας

151 4558 270 4613 τῶν
293 4556 595 4627 ἀνθρώπων
616 4553 873 4623 πολέμιος
892 4553 1120 4622 δαίμων,
1140 4554 1231 4605 καλ¹
1253 4553 1506 4622 φθαρτῶν
1526 4552 1621 4605 ἀνθ
1632 4551 1731 4621 ρώ-

152 4667 303 4712 πων,
335 4648 429 4701 καὶ
450 4643 735 4709 πετεινῶν,
759 4644 854 4696 καὶ
883 4642 1188 4705 κνωδάλων,
1239 4643 1329 4694 καὶ
1372 4641 1614 4711 ἑρπετῶν
1654 4643 1730 4693 εί-

150 4740 327 4800 κόνας
367 4739 563 4802 ποιεῖν,
610 4737 705 4788 καὶ
742 4734 964 4797 ταύταις
992 4734 1065 4795 ὡς
1099 4732 1241 4795 θεοῖς
1283 4736 1623 4801 προσκυνεῖν,
1666 4734 1727 4785 οὑ

152 4830 325 4899 μόνον
357 4826 426 4879 τά
447 4825 595 4897 ἔθνη,
624 4824 759 4877 ἀλλα
792 4824 886 4876 καὶ
914 4824 1039 4885 τοὺς
1070 4824 1217 4885 υἱοὺς
1260 4823 1476 4892 Ἰσραὴλ
1528 4823 1727 4876 πολλά-

150 4938 247 4983 κις
279 4920 581 4989 πλανήσας,
614 4916 710 4969 νῦν
779 4914 1163 4986 είρηνεύουσαν
1211 4915 1308 4985 τὴν
1341 4913 1434 4967 τοῦ
1488 4914 1726 4984 Χριστοῦ

163 5009 500 5079 Ἐκκλησίαν
517 5006 847 5077 συνταράξαι
874 5006 1183 5069 σπουδάζει,
1231 5006 1319 5058 διὰ
1361 5005 1582 5075 χειλέων
1612 5005 1728 5058 ἀδί-

150 5118 297 5165 κων,
326 5102 419 5152 καὶ
452 5097 700 5169 γλώσσης
744 5096 942 5160 δολίας,
988 5096 1165 5164 λόγοις
1200 5097 1364 5159 θείοις
1392 5097 1488 5167 τὴν
1530 5096 1727 5171 κακίαν

152 5187 518 5260 παραρτύων,
543 5188 638 5240 καὶ
666 5187 872 5255 ταύτης
914 5186 975 5238 τὸ
1005 5186 1250 5255 ἄσχημον
1306 5186 1402 5237 καὶ
1456 5187 1726 5239 σκοτεινὸν

150 5278 308 5345 εἶδος
358 5280 745 5333 ὲπικαλύπτειν
801 5279 1163 5349 πειρώμενος,
1219 5278 1313 5330 καὶ
1352 5278 1449 5341 τὰς
1507 5278 1733 5347 καρδίας

150 5371 275 5424 τῶν
304 5370 646 5440 ἀστηρίκτων
673 5369 918 5423 σαλεύειν
944 5370 1009 5422 ὲκ
1051 5370 1147 5438 τῆς
1215 5368 1445 5440 ἀληθοῦς
1493 5370 1587 5423 καὶ
1633 5389 1734 5423 πα-

151 5460 565 5533 τροπαραδότου
600 5461 907 5529 συνηθείας.
960 5461 1287 5529 Ἀνέστησαν
1328 5462 1435 5529 γάρ
1458 5478 1602 5523 τινες
1647 5461 1729 5511 λέ-

154 5567 373 5618 γοντες,
402 5551 477 5612 ὡς
507 5551 569 5602 οὑ
599 5550 676 5601 δεῖ
697 5549 978 5613 είκονίζειν
1011 5550 1104 5601 καὶ
1151 5548 1462 5619 προτιθέναι
1487 5552 1566 5612 εἰς
1597 5548 1728 5600 θεωη

159 5640 316 5711 ρίαον,
352 5640 445 5692 και
476 5639 654 5704 δόξαν,
687 5640 779 5691 καὶ
805 5639 1007 5709 θαῦμα,
1033 5622 1125 5693 και
1150 5639 1331 5709 ζῆλον,
1367 5640 1433 5692 τὰ
1461 5640 1553 5691 τοῦ
1593 5641 1728 5708 Χριυ

156 5728 299 5783 στοῦ
327 5732 565 5801 σωτήρια
586 5730 861 5800 θαύματα,
886 5730 976 5783 καὶ
997 5728 1093 5792 τὰς
1125 5730 1232 5782 τῶν
1264 5730 1428 5795 ἁγίων
1456 5731 1723 5798 ἀνδραγακ

348 5905 493 5961 Psal.
536 5922 621 5969 xv,
654 5907 702 5960 1.
782 5906 826 5937 ¹⁶
857 5905 1010 5960 Rom.
1037 5921 1072 5975 1,
1108 5906 1214 5972 2ἶ;
1253 5907 1422 5962 Ειωςίι
1476 5923 1587 5957 vui.
1636 5911 1695 5959 1‘)

1898 3469 1950 3521 5.
1993 3468 2061 3518 At
2099 3466 2302 3520 veritas
2344 3466 2520 3519 media
2553 3466 2637 3518 vla
2674 3465 2955 3531 incedens,
3000 3466 3187 3520 omnia
3222 3465 3407 3522 istltmc

1836 3556 2073 3610 absurda
2108 3562 2164 3610 et
2192 3554 2328 3609 falsa
2361 3556 2649 3624 reprobat;
2691 3556 2961 3625 docetque
2998 3572 3117 3620 nos,
3148 3564 3207 3609 ut
3236 3555 3403 3612 Deum

1836 3663 2001 3701 unum
2045 3647 2432 3711 confiteatnur,
2458 3653 2709 3698 naturam
2734 3661 2897 3699 unam
2942 3647 2996 3699 in
3034 3646 3210 3702 tribus
3237 3647 3405 3717 hypo~

1834 3738 2097 3801 stasibus,
2133 3736 2293 3789 Patre
2324 3746 2375 3789 et
2415 3734 2555 3789 Filio
2595 3744 2647 3789 et
2672 3733 2877 3804 Spiritu
2915 3748 3111 3789 sancto
3148 3756 3161 3790 :
3200 3739 3403 3793 malum

1832 3840 1964 3880 vero
2022 3826 2389 3880 substantiam
2444 3840 2554 3878 non
2618 3839 2765 3887 esse,
2807 3824 2903 3879 sed
2964 3826 3244 3891 accidens,
3290 3828 3407 3881 sive

1834 3916 2128 3984 quamdam
2175 3914 2587 3984 cogitationem,
2648 3925 2959 3969 sermonem
2987 3923 3042 3969 et
3067 3917 3340 3971 actionem
3374 3931 3403 3969 a

1837 4005 1930 4061 Dei
1952 4007 2068 4075 lege
2109 4005 2484 4069 recedentem;
2519 4004 2681 4074 cujus
2715 4006 3036 4059 exsistentia
3076 4008 3132 4061 ln
3164 4007 3266 4062 hoc
3301 4023 3401 4076 po-

1834 4098 1937 4152 sita
1999 4097 2092 4160 sit,
2147 4094 2295 4164 quod
2347 4096 2643 4164 cogitetur,
2698 4096 2919 4149 dicatur
2961 4104 3016 4151 et
3063 4106 3277 4168 agatur,
3344 4108 3403 4152 ut

1833 4187 2000 4244 simul
2030 4188 2133 4241 hac
2165 4194 2439 4249 cessatur,
2466 4201 2588 4241 esse
2612 4200 2841 4254 prorsus
2880 4188 3117 4243 desinat.
3149 4189 3230 4242 Ad
3264 4190 3400 4252 haec,

1842 4278 2155 4342 Christum,
2198 4293 2363 4331 unum
2398 4277 2465 4331 de
2492 4285 2685 4330 sancta
2717 4276 3012 4342 Trinitate,
3052 4279 3269 4333 duabus
3307 4295 3402 4334 na-

1836 4368 1973 4423 turis
2006 4381 2283 4431 constare,
2314 4381 2595 4434 unamque
2631 4380 2924 4436 personam
2964 4382 3089 4422 esse
3118 4369 3399 4437 praedicat.

1902 4457 1955 4511 4.
1988 4458 2256 4513 Caeterum
2310 4456 2584 4520 diabolus,
2639 4455 2883 4510 veritatis
2917 4456 3194 4522 inimicus,
3224 4459 3403 4512 homi-

1833 4564 2073 4619 numque
2112 4548 2309 4603 salutis
2338 4548 2539 4613 hostis,
2571 4561 2698 4601 cum
2735 4561 2843 4600 non
2869 4554 3059 4617 gentes
3090 4548 3273 4613 modo,
3305 4549 3403 4603 sed

1832 4649 1886 4695 et
1961 4641 2226 4709 ipsosmet
2258 4637 2401 4692 filios
2436 4639 2603 4693 Israel
2644 4654 2788 4708 sazpe
2827 4639 3160 4707 decepisset,
3192 4646 3252 4691 ut
3275 4655 3401 4694 cor-

1834 4729 2174 4797 ruptibilium
2220 4727 2507 4781 hominum
2540 4766 2554 4791 ,
2615 4727 2923 4793 volucrum,
2981 4727 3287 4781 belluarum
3341 4737 3395 4782 et

1834 4820 2167 4889 serpentium
2189 4817 2491 4873 conderent
2515 4818 2805 4888 imagines,
2826 4833 2964 4888 quas
2988 4826 3243 4887 tanquam
3265 4817 3397 4872 deos

1835 4911 2128 4965 adorarent
2167 4910 2258 4976 '6;
2305 4925 2447 4962 nunc
2494 4907 2794 4963 Ecclesiam
2842 4908 3042 4963 Christi
3104 4910 3396 4977 tranquilla

1835 5016 1967 5069 pace
2026 5000 2298 5054 fruentem
2328 5000 2413 5053 his
2447 5000 2660 5054 artibus
2724 5000 3049 5067 perturbare
3081 4999 3298 5065 nititur,
3339 5010 3398 5054 ut

1835 5091 1995 5144 labiis
2023 5091 2229 5159 iniquis
2262 5096 2315 5142 et
2340 5090 2526 5152 lingua
2559 5088 2751 5143 dolosa
2783 5089 3027 5168 eloquiis
3052 5088 3254 5144 divinis
3286 5105 3399 5143 ma-

1830 5180 2004 5233 litiam
2049 5194 2362 5249 aspergeus,
2399 5177 2629 5261 deformi
2670 5191 2833 5248 atque
2864 5178 3208 5234 tenebricosa
3237 5179 3400 5250 hujus

1831 5279 2083 5333 obvelata
2130 5277 2292 5343 facie,
2347 5276 2692 5331 infirmorum
2750 5278 2966 5330 animos
2997 5289 3179 5331 avera
3234 5290 3399 5344 quam

1830 5370 2024 5426 Patres
2086 5370 2465 5431 instituerunt,
2506 5366 2907 5423 consuetudine
2951 5366 3213 5420 abduCat.
3246 5361 3400 5417 Non-

1832 5462 1965 5515 nulli
2022 5460 2289 5529 siquidem
2324 5467 2708 5522 surrexerunt,
2748 5458 2842 5528 qui
2875 5465 3126 5513 asserant
3157 5471 3241 5522 ea,
3277 5472 3400 5525 quze

1832 5567 1934 5620 pro
1964 5560 2150 5604 nostra
2200 5552 2377 5605 salute
2416 5565 2444 5602 a
2474 5549 2699 5605 Christo
2755 5549 3099 5614 mirabiliter,
3130 5556 3185 5602 et
3214 5562 3243 5600 a
3270 5560 3398 5601 san-

1831 5640 1934 5693 ctis
1957 5638 2172 5693 fortiter
2207 5640 2472 5694 adversus
2513 5640 2793 5695 diabolum
2830 5634 2983 5708 gesta
3015 5647 3163 5702 sunt,
3193 5633 3398 5704 imagi-

1838 5730 1993 5782 nibus
2021 5729 2280 5796 pingenda
2315 5747 2418 5784 non
2450 5747 2590 5785 esse.
2613 5746 2732 5791 qua:
2760 5730 3206 5799 contemplemur,
3241 5739 3398 5779 \ettt‘c
