4172 6490
277 458 412 523 1289

1371 462 1464 518 ne
1511 454 1962 515 ιιιΑυιχιιιυδ
2003 454 2281 515 ORATIU
2312 412 2420 516 n6

3388 458 3519 521 12%

278 592 297 625 ι
334 571 612 644 Ἐρευνᾶτε
642 572 738 636 τὰς
762 572 1019 643 Γραφάςς
1055 592 1071 622 ι
1113 572 1270 642 Καλὴ
1294 571 1401 641 γὰρ
1425 572 1459 641 ἡ
1483 569 1589 622 τῶν
1618 566 1841 638 Γραφῶν

1952 573 2141 633 pturas
2172 568 2239 621 ³³.
2270 586 2287 617 ι
2336 566 2652 619 Laudalnlis
2704 567 2904 636 quippe
2962 575 3045 621 est
3108 566 3519 636 Seripturarnm

271 661 485 730 ἔρευνα.
535 660 673 713 Ἀλλ’
703 661 939 713 ἐνταῦθα
979 661 1245 730 νουνεχῶς
1302 660 1619 732 προσέχετε.
1697 656 1845 709 Ἀδύ-

271 767 451 814 νατον,
486 743 531 803 ὧ
554 749 852 818 ἀγαπητοὶ,
879 746 1011 801 Θεὸν
1041 747 1368 817 ψεύσασθαι.
1404 743 1496 809 Εἷς
1529 745 1640 814 γάρ
1676 743 1696 765 ⁸
1733 745 1845 795 ἐστι

270 840 420 902 θεὸς,
452 835 531 904 εἷς
560 841 859 911 νομοθέτης
886 840 1131 903 Παλαιᾶς
1163 840 1258 892 καὶ
1296 837 1507 907 Καινῆς
1549 835 1845 906 Διαθήκης,

268 934 486 986 ὀπάλαι
517 934 755 1005 λαλήσας
810 933 1135 1005 πολυμερῶς
1180 932 1273 986 καὶ
1326 931 1681 1002 πολυτρόπως
1734 930 1847 991 τοῖς

270 1024 543 1094 πατράσιν
588 1027 645 1079 ἑν
671 1029 784 1089 τοῖς
820 1028 1151 1096 προφήταις,
1181 1025 1277 1077 καὶ
1311 1023 1397 1076 ἐπ’
1445 1023 1691 1093 ἐσχάτων
1737 1020 1846 1072 τῶν

269 1117 476 1186 χρόνων
512 1119 568 1169 ἑν
600 1117 678 1188 τῷ
717 1119 997 1188 μονογενεῖ
1018 1117 1182 1171 αὑτοῦ
1222 1116 1356 1186 Υἰῷ.
1398 1116 1703 1186 Προσέχετε
1754 1114 1846 1167 τὸν

271 1206 394 1261 νοῦν
438 1207 575 1277 μετά
622 1209 941 1278 ἀκριϐείας·
986 1210 1085 1262 οὐκ
1137 1209 1267 1279 ἐμὸς
1309 1211 1337 1261 6
1383 1207 1541 1277 λόγος
1591 1206 1707 1259 ἑστί
1739 1221 1752 1236 ’
1787 1206 1847 1259 τὸ

270 1296 496 1368 Πνεῦμα
528 1298 591 1352 τὸ
628 1300 785 1366 ἆγιον
814 1298 903 1352 διὰ
933 1300 1149 1352 Παύλου
1199 1298 1293 1352 τοῦ
1343 1298 1499 1366 ἁγίου
1542 1297 1842 1350 ἀποστόλου

270 1392 608 1462 ἀπεφήνατο,
652 1410 670 1443 ι
701 1392 1031 1462 Πολυμερῶς
1058 1392 1152 1445 καὶ
1196 1391 1550 1461 πολυτρόπως
1606 1390 1773 1443 πάλαι
1816 1392 1844 1442 ὁ

268 1481 399 1544 Θεὸς
431 1482 675 1553 λαλήσας
712 1485 822 1546 τοῖς
856 1483 1129 1553 πατράσιν
1166 1484 1226 1536 ὲν
1271 1485 1386 1545 τοῖς
1429 1482 1735 1553 προφήταις
1757 1521 1770 1535 .
1820 1500 1838 1533 ι

269 1574 413 1645 Ὅρα
460 1576 542 1628 ὅτι
596 1575 917 1646 πολυμερῶς
971 1576 1066 1627 καὶ
1119 1576 1471 1645 πολυτρόπως
1518 1574 1780 1645 ἐλάλησεν
1817 1575 1847 1626 6

268 1665 421 1729 Θεός.
447 1667 662 1737 Ὠσπερ
695 1666 803 1736 γὰρ
847 1668 1169 1735 ἐπιστήμων
1205 1667 1385 1737 ίατρδς
1418 1668 1477 1719 ού
1511 1666 1571 1719 τὸ
1602 1666 1733 1719 αὐτὸ
1763 1662 1840 1718 εἶ-

266 1757 356 1820 δος
382 1760 515 1810 πᾶσι
543 1758 782 1820 δίδωσιν,
810 1758 930 1810 ούδὲ
980 1758 1232 1821 πάντοτε,
1275 1757 1391 1811 ἀλλ’
1433 1757 1649 1827 ἑκάστῳ
1701 1760 1843 1811 κατά

265 1848 367 1920 τὴν
392 1849 505 1914 ’ἑξιν
541 1850 771 1919 παρέχει
800 1850 860 1902 τὸ
894 1850 1204 1919 φάρμακον,
1235 1848 1549 1919 διακρίνων,
1581 1848 1674 1902 καὶ
1736 1850 1844 1920 χὼ-

270 1957 392 2010 ραν,
438 1941 533 1993 καὶ
571 1941 748 2003 νόσον,
777 1941 872 1994 καὶ
916 1939 1130 2009 καιρὸν,
1192 1942 1289 1993 καὶ
1318 1940 1565 2011 ήλικίαν·
1628 1941 1723 1994 καὶ
1766 1941 1843 2011 τῷ

271 2031 371 2101 μὲν
399 2031 601 2102 νηπίῳ,
634 2031 844 2103 ἓτερον,
885 2031 965 2101 τῷ
998 2031 1055 2084 δὲ
1081 2030 1270 2103 τελείῳ
1310 2031 1453 2084 κατὰ
1478 2032 1577 2102 τὴν
1604 2032 1842 2104 ἡλικίαν,

267 2124 486 2194 ἓτερον·
520 2124 648 2177 ἄλλο
672 2124 748 2194 τῷ
798 2123 1034 2191 ἀσθενεῖ,
1086 2124 1182 2178 καὶ
1232 2123 1359 2179 ἀλλο
1400 2124 1476 2195 τῷ
1524 2125 1842 2192 ὑγιαίνοντι,

268 2217 363 2270 καὶ
382 2218 598 2287 ἑκάστῳ
624 2218 732 2270 τῶν
762 2216 1156 2282 ἀσθενούντων,
1183 2218 1243 2270 ού
1268 2216 1328 2269 τδ
1351 2216 1507 2281 αὐτὸ,
1539 2215 1675 2269 ἀλλά
1709 2216 1844 2287 πρὸς

266 2309 366 2379 τὴν
397 2308 508 2373 ἕξιν
532 2308 625 2362 καὶ
656 2308 755 2380 τὴν
790 2309 943 2364 νόσον
968 2324 981 2338 ⁸
1026 2309 1120 2362 καὶ
1149 2308 1279 2363 ἄλλο
1300 2307 1378 2378 τῷ
1413 2306 1582 2378 θέρει,
1612 2308 1708 2361 καὶ
1727 2327 1843 2380 χει-

271 2400 411 2471 μῶνι
439 2401 642 2471 ἕτερον,
677 2398 980 2471 μετοπώρῳ
1002 2416 1061 2453 τε
1091 2399 1188 2455 καὶ
1225 2399 1368 2471 ἔαρι,
1403 2400 1498 2453 καὶ
1532 2400 1590 2454 ἑν
1627 2400 1842 2472 ἑκάστῳ

266 2492 419 2563 τόπῳ
452 2493 593 2545 κατά
622 2493 719 2560 τὴν
744 2491 839 2545 τοῦ
869 2492 1032 2545 τόπου
1067 2492 1484 2563 ἐπιτηδειότητα
1510 2510 1523 2523 ο
1560 2491 1705 2546 οὕτω
1749 2494 1841 2547 καὶ

266 2587 295 2638 6
327 2583 548 2654 ἀριστος
578 2582 687 2637 τῶν
718 2583 904 2662 ψυχῶν
936 2584 1138 2653 ἰατρὸς,
1163 2586 1275 2647 τοῖς
1323 2584 1405 2637 ἑτι
1456 2573 1692 2656 νηπίοις,
1746 2585 1842 2638 καὶ

267 2674 612 2746 ἀρρωστοῦσι
639 2673 738 2744 τὴν
767 2674 903 2744 πρὸς
942 2673 1387 2745 εἰδωλολατρείαν
1417 2674 1592 2738 νόσον,
1636 2675 1732 2728 καὶ
1774 2675 1841 2728 τὰ

267 2767 460 2820 εἴδωλα
492 2766 645 2828 θεοὺς
677 2767 1025 2836 ἡγουμένοις,
1062 2767 1156 2819 καὶ
1184 2766 1258 2829 ὼς
1284 2765 1426 2831 θεοῖς
1457 2768 1638 2832 αὐτοῖς
1672 2785 1841 2839 προσ-

268 2855 544 2919 κυνοῦσιν,
589 2858 683 2908 καὶ
707 2854 988 2909 ἀθετοῦσιν
1029 2856 1129 2926 τὴν
1156 2856 1251 2910 τοῦ
1280 2857 1413 2910 Θεοῦ
1447 2859 1837 2931 προσκύνησιν,

268 2944 364 3002 καὶ
390 2945 488 3017 τὴν
519 2946 682 2999 αὑτοῦ
707 2947 865 3010 δόξαν
891 2950 957 3017 τῇ
985 2946 1161 3000 κτίσει
1197 2949 1588 3018 προσάγουσιν,
1629 2952 1842 3020 ἀπηγό-

270 3054 433 3110 ρευσε
458 3037 616 3091 τοῦτο
644 3042 841 3094 ποιεῖν.
874 3039 1010 3092 Θεοῦ
1039 3041 1136 3111 μὲν
1158 3041 1264 3111 γὰρ
1282 3040 1375 3093 τοῦ
1395 3042 1715 3112 ἀσωμάτου,
1746 3044 1841 3097 καὶ

267 3129 528 3198 ἀοράτου,
562 3131 653 3183 καὶ
674 3131 863 3196 ἀΰλου,
916 3131 1010 3184 καὶ
1051 3132 1189 3201 μήτε
1241 3132 1447 3202 σχῆμα,
1501 3134 1639 3204 μήτε
1687 3152 1843 3206 περι-

1950 658 2336 725 perscrutatio.
2376 656 2481 712 Sed
2512 657 2602 711 hic
2623 656 2917 728 diligenter
2953 657 3194 711 animum
3230 658 3516 713 attendite.

1951 749 2290 819 [inpossibile
2319 760 2420 816 est,
2443 749 2812 815 dilectissimi,
2840 748 3060 802 mentiri
3083 747 3251 804 Deum
3279 750 3342 803 3“.
3369 749 3523 806 Unus

1947 856 2116 909 porro
2182 840 2327 896 Deus
2362 850 2465 918 est,
2499 857 2642 897 unus
2673 839 2890 896 Veteris
2927 848 2980 894 et
3010 840 3147 895 Novi
3179 838 3522 897 Testamenti

1949 930 2248 1001 legislator,
2282 920 2375 1001 qui
2411 932 2763 988 multifariam
2815 933 3119 1003 multisque
3177 934 3355 991 modis
3391 936 3521 989 olim

1948 1020 2168 1076 locutus
2204 1028 2287 1076 est
2316 1021 2568 1091 patribus
2608 1023 2662 1076 in
2694 1025 3002 1094 prephetis,
3036 1031 3091 1079 et
3122 1024 3175 1078 in
3202 1026 3522 1081 novissimis

1948 1111 2286 1181 temporibus
2316 1113 2369 1165 in
2396 1110 2532 1167 Filio
2558 1127 2659 1167 suo
2685 1114 2989 1184 unigenito.
3011 1113 3268 1170 Vestrum
3300 1131 3520 1171 sensum

1948 1203 2223 1260 adhibete.
2266 1203 2383 1259 Non
2440 1220 2561 1261 mea
2598 1206 2761 1260 verba
2820 1214 2968 1271 sunt,
3002 1208 3096 1263 sed
3123 1223 3246 1278 quae
3286 1207 3525 1278 Spiritus

1948 1303 2173 1350 sanctus
2200 1311 2298 1366 per
2322 1305 2574 1352 sanctum
2597 1296 2918 1367 Apostolum
2951 1298 3147 1354 eﬂ‘atus
3177 1309 3261 1355 est
3292 1314 3305 1351 :
3340 1319 3357 1353 ι
3384 1298 3525 1353 Mul-

1948 1385 2186 1440 tifariam
2233 1388 2529 1459 multisque
2566 1390 2748 1446 modis
2790 1389 2921 1444 olim
2988 1390 3221 1459 loquens
3252 1391 3395 1446 Deus
3423 1406 3525 1460 pa-

1949 1480 2126 1535 tribus
2173 1480 2227 1533 in
2264 1481 2630 1550 prophetis”.
2669 1501 2688 1534 ι
2728 1481 3030 1536 Considera
3079 1481 3250 1537 Deum
3283 1484 3527 1540 multifa-

1948 1569 2083 1623 riam
2148 1570 2447 1639 multisque
2498 1572 2680 1626 modis
2741 1573 2985 1626 locutum
3018 1588 3162 1628 esse.
3190 1571 3349 1628 Sicut
3375 1574 3524 1629 enim

1947 1658 2159 1728 peritus
2202 1659 2449 1714 medicus
2484 1674 2591 1714 non
2644 1660 2924 1726 omnibus,
2962 1676 3064 1716 nec
3124 1677 3340 1731 semper
3378 1663 3524 1717 idem

1949 1750 2177 1805 remedii
2242 1751 2520 1805 ministrat
2580 1768 2779 1822 genus,
2830 1754 2926 1808 scd
2960 1760 3074 1807 tum
3107 1755 3375 1823 regionis,
3408 1764 3522 1810 tum

1948 1842 2148 1909 morbi,
2184 1850 2298 1897 tum
2348 1844 2635 1915 temporis,
2704 1852 2821 1898 tum
2865 1846 3044 1900 artatis
3086 1846 3275 1900 habita
3312 1847 3527 1901 ratione

1947 1932 2281 1989 medicinam
2342 1935 2550 2004 praebet
2585 1952 2600 1989 :
2632 1945 2797 2005 atque
2860 1938 2965 1990 alia
3001 1939 3219 2006 quidem
3245 1938 3406 2009 333
3433 1954 3525 1993 ra~

1947 2027 2094 2081 tione
2123 2025 2389 2081 infantem
2420 2033 2598 2090 curat,
2625 2027 2729 2081 alia
2762 2027 2943 2083 virum
2984 2037 3145 2084 aetate
3172 2039 3518 2101 provectum,

1948 2125 2300 2185 aegrotantem
2324 2117 2453 2184 alia,
2490 2118 2595 2172 alia
2623 2118 2860 2189 denique
2926 2135 3141 2185 sanum,
3181 2136 3281 2176 nec
3302 2125 3526 2192 mgrotis

1945 2207 2206 2263 omnibus
2255 2208 2446 2263 eodem
2496 2208 2744 2265 medetur
2768 2210 2965 2277 modo,
3003 2211 3097 2267 sed
3133 2219 3311 2268 status
3333 2228 3397 2269 ac
3429 2227 3526 2268 va-

1945 2300 2213 2357 letudinis
2268 2296 2557 2357 rationem"
2594 2302 2716 2368 init,
2760 2311 2819 2357 ut
2876 2303 3023 2359 aliud
3076 2304 3298 2375 quidem
3333 2312 3526 2361 restare

1943 2392 2410 2449 medicamentum
2445 2394 2657 2462 afferat,
2692 2395 2837 2450 aliud
2882 2394 3082 2462 hieme,
3115 2398 3348 2452 alterum
3373 2414 3521 2462 vero.

1946 2492 2213 2539 autumno
2243 2485 2503 2551 alterum,
2559 2486 2709 2540 aliud
2744 2487 2963 2543 demum
2988 2503 3087 2559 pro
3118 2489 3259 2545 locis
3291 2489 3523 2559 singulis

1945 2574 2249 2631 secundum
2313 2576 2600 2648 regionum
2636 2576 2956 2634 discrimina
2994 2594 3006 2630 :
3040 2580 3401 2635 consimiliter
3422 2597 3521 2650 0p—

1943 2668 2112 2723 timus
2142 2668 2451 2723 animorum
2484 2669 2750 2737 medicus,
2785 2669 3089 2726 infantibus
3113 2673 3294 2728 adhuc
3322 2684 3375 2729 et
3404 2674 3522 2729 ido-

1944 2760 2177 2816 lolatria:
2208 2761 2399 2816 morbo
2427 2762 2828 2827 laborantibus,
2883 2765 2998 2833 qui,
3055 2779 3179 2818 cum
3224 2767 3516 2821 simulacra

1942 2852 2074 2908 deos
2109 2868 2231 2909 esse
2281 2854 2700 2918 arbitrarentur,
2741 2867 2793 2908 et
2846 2864 3104 2925 tanquam
3164 2858 3295 2913 deos
3326 2858 3520 2914 adora»
3603 2918 3608 2924 ,

1943 2952 2086 3010 rent,
2118 2945 2357 2999 debitam
2418 2944 2526 3000 Deo
2578 2948 2967 3014 reverentiam,
3027 2950 3201 3019 gloria
3243 2950 3417 3021 ipsius
3446 2960 3509 3007 ad

1901 3030 1907 3035 ’
1944 3046 2247 3095 creaturam
2275 3040 2563 3105 translata,
2589 3040 2957 3111 denegabant,
2986 3041 3315 3113 imaginibus
3348 3045 3475 3100 inter
3508 3080 3511 3081 ν

1944 3132 2103 3185 dixit.
2162 3129 2456 3186 Enimvero
2502 3132 2593 3188 Dei
2650 3133 2747 3202 qui
2783 3143 2867 3189 est
2911 3134 3292 3204 incorporeus,
3326 3136 3517 3191 invisi»

266 3220 507 3288 γραφὴν,
541 3222 679 3289 μήτε
728 3220 1032 3290 κατάληψιν
1067 3222 1302 3291 ἔχοντος,
1350 3224 1611 3279 ἀδύνατον
1668 3231 1839 3281 ποιεῖν

1950 3220 2096 3284 bilis,
2156 3236 2184 3273 a
2236 3220 2461 3275 materia
2558 3222 3001 3287 remotissimus,
3062 3223 3249 3294 figurae
3301 3240 3517 3297 expers,

266 3311 475 3365 είκόνα.
498 3311 620 3374 Πῶς
642 3313 751 3382 γάρ
768 3312 830 3365 τὸ
849 3312 925 3384 μὴ
945 3313 1141 3383 όραθὲν
1166 3314 1597 3385 είκονισθήσεται
1620 3333 1633 3382 ;
1662 3336 1679 3368 ι
1708 3318 1841 3371 Θεὸν

266 3401 325 3454 δὲ
354 3400 528 3463 οὐδεὶς
555 3400 766 3472 ἑώρακε
809 3401 1030 3454 πώποτε
1055 3419 1068 3433 ·
1112 3404 1141 3455 6
1170 3405 1464 3474 μονογενὴς
1498 3406 1646 3473 Υἱὸς,
1694 3409 1722 3459 6
1765 3405 1841 3460 ὣν

266 3495 349 3554 είς
375 3493 468 3546 τὸν
495 3495 692 3547 κόλπον
726 3494 820 3547 τοῦ
857 3496 1092 3565 Πατρὸς,
1117 3495 1278 3559 αὐτὸς
1300 3495 1623 3566 ἐξηγήσατο.
1658 3516 1675 3548 ι
1709 3498 1838 3565 Καὶ,

274 3602 295 3637 ι
323 3584 509 3646 Οὐδεὶς
561 3585 749 3653 ὄψεται
796 3585 857 3638 τὸ
912 3586 1203 3657 πρόσωπόν
1238 3604 1360 3657 μου,
1406 3588 1500 3643 καὶ
1532 3587 1776 3659 ζήσεται,
1817 3609 1834 3641 ι

263 3679 372 3750 ἔφη
404 3680 433 3733 6
451 3680 602 3743 Θεός.

341 3851 407 3924 η’.
446 3856 565 3906 ’Ὁτι
601 3853 658 3906 δὲ
698 3856 824 3921 τοίςί
867 3854 1103 3918 εἰδώλοις
1155 3856 1227 3917 ῶς
1259 3856 1400 3919 θεοῖς
1449 3859 1836 3929 προσεκύνουν,

262 3946 434 3999 ἄκουε
494 3947 543 3997 τί
574 3964 737 4016 φησιν
792 3949 824 4015 ἡ
882 3947 1073 4016 Γραφὴ
1138 3948 1194 3999 ἐν
1217 3951 1282 4018 τῇ
1330 3949 1525 4020 Ἑξόδῳ
1568 3952 1674 4003 τῶν
1711 3954 1840 4005 υἱῶν

278 4038 517 4109 Ἰσραὴλ,
547 4040 635 4091 ὅτε
664 4039 862 4108 ἀνῆλθε
898 4040 1138 4107 Μωῦσῆς
1178 4042 1258 4104 είς
1304 4042 1366 4094 τὸ
1398 4042 1522 4112 ὅρος
1559 4045 1712 4110 Σινᾶ,
1749 4047 1841 4099 καί

264 4132 513 4201 ἑχρόνισε
542 4131 921 4202 προσεδρεύων
969 4132 1048 4201 τῷ
1093 4131 1231 4202 Θεῷ,
1293 4134 1475 4187 λαϐεῖν
1533 4136 1623 4189 τὸν
1655 4138 1839 4207 νόμον,

263 4216 358 4276 ὅτε
392 4222 662 4290 ἐπανέστη
701 4224 730 4274 6
756 4220 1027 4292 ἀγνώμων
1062 4222 1189 4285 λαὸς
1236 4224 1444 4295 Ἀαρὼν
1475 4225 1553 4297 τῷ
1580 4227 1674 4281 τοῦ
1705 4230 1840 4282 Θεοῦ

264 4313 582 4383 θεράποντι,
617 4313 899 4380 λέγοντες·
937 4331 955 4363 ι
994 4314 1225 4383 Ποίησον
1252 4316 1383 4385 ἡμῖν
1421 4317 1593 4383 θεοὺς,
1628 4320 1677 4372 οἲ
1708 4337 1839 4390 προ-

267 4405 633 4476 πορεύσονται
656 4406 837 4475 ήμῶν.
883 4406 941 4457 Ὀ
980 4404 1088 4479 γὰρ
1126 4406 1410 4476 ἄνθρωπος
1439 4404 1590 4473 οὗτος
1620 4413 1648 4463 6
1672 4414 1839 4466 Μωῦ-

268 4502 393 4568 σῆς,
422 4499 521 4550 οὐκ
539 4498 758 4568 οἴδαμεν
796 4498 847 4549 τί
868 4497 1092 4565 γέγονεν
1137 4497 1304 4569 αὐτῷ.
1346 4518 1363 4550 ι
1400 4496 1535 4555 Εἶτα
1564 4502 1651 4555 ὅτε
1684 4521 1842 4571 περι-

1946 3310 2483 3379 incircumscriptus,
2542 3317 2595 3363 ct
2660 3310 3268 3383 incomprehensibilis,
3343 3317 3520 3385 imago

1943 3402 2092 3456 nulla
2149 3400 2264 3455 fieri
2315 3401 2510 3469 possit.
2560 3398 2695 3455 Nam
2737 3403 3014 3472 quomodo
3078 3403 3211 3459 illud
3265 3406 3408 3475 quod
3464 3408 3519 3461 in

1942 3499 2226 3563 aspectum
2260 3508 2369 3548 non
2403 3494 2574 3557 cadit,
2605 3495 2785 3563 imago
2814 3496 3223 3564 reprazscntarit
3248 3497 3270 3549 ’ἰ
3298 3515 3315 3548 ‹
3346 3497 3515 3551 Deum

1941 3594 2123 3641 autem
2145 3600 2304 3640 nemo
2343 3585 2479 3640 vidit
2521 3600 2760 3654 unquam
2797 3604 2811 3640 :
2846 3587 3164 3656 unigenitus
3198 3586 3393 3655 Filius,
3425 3590 3517 3659 qui

1939 3686 2024 3734 est
2072 3679 2123 3732 in
2161 3680 2281 3732 sinu
2316 3677 2519 3742 Patris,
2560 3678 2678 3747 ipse
2736 3679 3099 3733 enarravit".
3134 3697 3152 3730 ι
3180 3680 3266 3746 Et,
3303 3699 3321 3732 ι
3350 3680 3520 3737 Nemo

1942 3772 2150 3826 videbit
2204 3771 2400 3825 faciem
2451 3785 2648 3835 meam,
2679 3778 2733 3824 et
2767 3769 2967 3826 vivet"
3002 3811 3016 3835 ,
3053 3789 3070 3822 ι
3107 3770 3182 3824 ait
3210 3771 3375 3828 Deus.

2010 3863 2071 3917 8.
2096 3861 2263 3916 Porro
2286 3861 2428 3930 quod
2455 3861 2744 3915 simulacra
2769 3868 3031 3929 tanquam
3066 3862 3198 3919 deos
3229 3864 3519 3933 coluerint,

1941 3951 2065 4004 audi
2115 3950 2249 4019 quid
2304 3957 2491 4003 narret
2543 3947 2825 4018 Scriptura
2875 3951 2929 4004 in
2979 3949 3168 4007 Exodo
3213 3954 3303 4021 (id
3337 3964 3422 4010 est
3459 3956 3516 4010 in

1940 4040 2114 4111 exitu)
2175 4036 2409 4095 filiorum
2458 4040 2646 4107 Israel,
2682 4042 2902 4111 quando
2935 4041 3147 4113 Moyses
3185 4045 3240 4098 in
3276 4053 3515 4101 montem

1945 4132 2096 4187 Sinai
2132 4133 2403 4197 ascendit,
2442 4133 2628 4201 ibique
2674 4133 2871 4189 sedens
2898 4148 3023 4188 cum
3055 4132 3165 4189 Deo
3210 4150 3512 4192 commora-

1942 4234 2030 4279 tus
2069 4232 2171 4290 est,
2205 4232 2259 4277 ut
2305 4224 2474 4294 legem
2512 4226 2785 4295 acciperet
2816 4245 2827 4279 :
2872 4227 3110 4298 quando,
3147 4227 3401 4299 inquam.
3429 4231 3515 4286 in-
3546 4220 3549 4227 ’

1943 4322 2131 4383 gratus
2178 4314 2417 4383 populus
2454 4312 2718 4369 adversus
2762 4315 2941 4368 Aaron
2990 4316 3301 4385 insurgens,
3331 4319 3510 4375 dixit:

1947 4404 2094 4459 «Fac
2142 4405 2299 4460 nobis
2350 4404 2480 4460 deos
2544 4404 2637 4474 qui
2674 4420 2775 4461 nos
2808 4407 3136 4475 praecedant.
3172 4407 3340 4480 Moysi
3371 4413 3511 4465 enim

1945 4480 2073 4550 huic
2098 4496 2216 4549 viro
2240 4495 2557 4564 ignoramus
2581 4494 2710 4563 quid
2730 4496 2993 4549 acciderit
3025 4497 3089 4549 ³⁸.
3123 4516 3142 4549 ι
3170 4499 3370 4555 Deinde
3391 4517 3510 4557 eum

263 4590 410 4643 εἷλον
440 4590 533 4642 τὸν
563 4591 767 4658 κόσμον
793 4588 902 4642 τῶν
933 4590 1210 4658 γυναικῶν
1237 4591 1439 4657 αὐτῶν,
1480 4594 1573 4647 καὶ
1608 4595 1839 4664 ἐχώνευ-

1947 4587 2129 4643 ablato
2168 4585 2464 4639 mulierum
2494 4600 2718 4639 suarum
2751 4595 2972 4650 ornatu,
3006 4588 3283 4644 conﬂatile
3315 4592 3505 4647 confe-

266 4698 391 4744 σαν,
420 4681 516 4733 καὶ⁵
541 4680 765 4749 ἔφαγον,
800 4682 893 4733 καὶ
948 4681 1121 4745 ἑπιον,
1152 4682 1250 4734 καὶ
1313 4682 1695 4755 ἐμεθύσθησαν
1737 4688 1840 4740 ύπὸ

263 4789 327 4826 τε
354 4771 449 4827 τοῦ
483 4774 628 4826 οἴνου
660 4772 877 4841 καὶτῆς
918 4772 1145 4842 πλάνης,
1192 4774 1288 4827 καὶ
1324 4773 1558 4845 ἤρξαντο
1597 4777 1835 4843 παίζειν,

265 4864 327 4916 ὲν
348 4864 626 4933 ἀφροσύνῃ
647 4862 894 4930 λέγοντες
919 4879 931 4892 ·
975 4856 1163 4916 «υῦτοι
1185 4866 1233 4915 οἱ
1270 4865 1381 4918 θεοί
1415 4883 1530 4931 σου,
1564 4868 1829 4939 Ἰσραήλ.»

278 4952 461 5022 Ὁρᾷς,
493 4953 574 5005 ὃτι
603 4951 757 5014 θεοὺς
783 4948 927 5021 εἶχον
966 4953 1032 5005 τὰ
1093 4952 1306 5019 εἴδωλα,
1358 4953 1513 5008 ἅτινα
1566 4956 1835 5028 δαιμόνων

260 5041 405 5116 ἦσαν
445 5042 878 5114 κατοικητήρια;
922 5045 1015 5098 καὶ
1068 5046 1149 5098 ὅτι
1198 5050 1262 5116 τῇ
1311 5048 1486 5101 κτίσει
1553 5051 1844 5119 ἑλάτρευον

264 5134 419 5205 παρά
446 5134 536 5187 τὸν
565 5133 874 5197 Κτίσαντα;
917 5134 1115 5199 Καθὼς
1145 5153 1276 5205 φησι
1318 5139 1410 5191 καὶ
1446 5141 1474 5191 ὁ
1503 5139 1644 5205 θεῖος
1683 5143 1846 5195 Ἀπό-

266 5222 485 5287 (δ’τολος⁸
520 5241 538 5274 ι
572 5224 780 5287 Οῖτινες
806 5222 1043 5293 ἤλλαξαν
1091 5226 1189 5294 τὴν
1222 5226 1380 5293 δόξαν
1419 5229 1513 5281 τοῦ
1563 5231 1840 5303 ἀφθάρτου

262 5313 423 5377 Θεοῦ,
441 5314 499 5365 ἑν
526 5313 832 5383 ὁμοιώματι
852 5312 1093 5382 φθαρτοῦ
1116 5315 1423 5387 ἀνθρώπου,
1438 5320 1532 5372 καὶ
1554 5322 1839 5384 πετεινῶν,

261 5407 361 5461 καὶ
414 5407 779 5477 τετραπόδων,
826 5407 923 5460 καὶ
955 5407 1224 5481 ἑρπετῶν,
1253 5412 1346 5463 καὶ
1397 5412 1730 5484 ἐλάτρευσαν
1768 5420 1831 5489 τῇ

332 5584 381 5615 ³³
410 5582 785 5657 Joan.__v,59.
825 5652 838 5657 _
864 5584 908 5615 ³⁸
936 5583 1103 5641 Πιεῖπ.
1145 5601 1222 5651 vr,
1254 5587 1339 5643 18.
1417 5589 1462 5619 ³⁸
1493 5588 1656 5645 llebr.
1691 5608 1732 5657 ι,
1766 5592 1814 5646 l.

264 5654 289 5708 1
335 5670 490 5724 seqq.
568 5652 612 5684 "
648 5654 781 5707 ibid.
812 5652 869 5707 4.

1894 5591 2115 5646 “Joan.
2150 5608 2185 5657 ι,
2230 5592 2313 5647 l8.
2392 5593 2432 5620 “
2473 5589 2642 5644 Exod.
2674 5603 2868 5653 xxrm,
2902 5587 2987 5643 20.

1948 4678 2174 4741 cissent,
2226 4674 2586 4731 comederunt
2646 4683 2701 4730 et
2764 4676 3044 4745 biberunt,
3110 4688 3273 4749 atque
3328 4696 3515 4735 errore

1946 4788 2047 4830 suo
2071 4786 2323 4843 peraeque
2352 4786 2415 4826 ac
2449 4773 2574 4825 vino
2596 4771 2733 4826 ebrii
2788 4783 3073 4842 emperunt
3099 4775 3375 4838 ludcrc,et
3404 4792 3515 4846 prae
3564 4788 3570 4795 ‘

1945 4865 2181 4919 amentia
2212 4864 2394 4919 dicere
2427 4881 2441 4918 :
2479 4880 2497 4912 ι
2531 4862 2593 4916 1ιί
2629 4873 2757 4917 sunt
2790 4864 2864 4918 dii
2890 4864 2991 4927 tui,
3026 4864 3279 4921 Israel".
3304 4885 3323 4918 ι
3348 4848 3513 4922 Plane

1945 4958 2098 5012 vides
2155 4956 2301 5025 quod
2363 4955 2679 5020 simulacra,
2717 4970 2840 5024 qure
2893 4956 3169 5010 domicilia
3202 4956 3507 5013 daemonum

1943 5057 2119 5111 erant,
2154 5062 2252 5117 pro
2284 5046 2391 5101 diis
2411 5046 2725 5112 habuerint,
2753 5048 3009 5117 quodque
3030 5056 3301 5103 creatura:
3330 5051 3511 5119 potius

1942 5156 2105 5211 quam
2137 5138 2381 5193 Creatori
2415 5141 2732 5202 servierint,
2753 5139 2910 5208 juxta
2930 5150 3094 5209 atque
3123 5140 3341 5195 divinus
3364 5141 3509 5210 Apo-

1944 5231 2119 5286 stolus
2151 5229 2227 5282 ait
2267 5245 2280 5281 :
2324 5230 2468 5296 «Qui
2505 5237 2865 5284 mutaverunt
2929 5232 3158 5301 gloriam
3217 5232 3506 5301 incorrup-

1944 5322 2113 5377 ti'bilis
2146 5318 2239 5374 Dei
2276 5322 2329 5374 in
2367 5319 2784 5375 similitudinem
2837 5321 3212 5390 corruptibilis
3241 5321 3504 5384 hominis,
3565 5375 3572 5381 ,

1945 5426 1997 5470 ct
2030 5414 2340 5479 volucrum,
2375 5425 2428 5469 et
2460 5412 2901 5484 quadrupedum,
2947 5422 2999 5467 et
3034 5416 3397 5485 serpentium,
3451 5421 3504 5466 ct

3075 5590 3116 5621 ³⁸
3141 5588 3305 5645 ίσζκοιι.
3329 5604 3504 5669 usit,

1531 5745 1764 5802 VARI/li.
1803 5747 2205 5806 LEC'l‘lONES.

334 5858 357 5881 ο
382 5838 544 5896 Forte
574 5840 862 5911 legendum
898 5840 974 5895 δέ.

600 5936 872 5998 Parnm.
919 5934 1033 5995 Gn.
1081 5932 1287 5993 XCIV.

3169 5858 3291 5968 ἰι
