4172 6490
781 390 920 448 lilii)
1956 394 2010 438 δ.
2042 382 2356 440 JOANNIS

2462 381 2831 441 AMASUENI
3914 384 4038 447 1.330

761 517 827 556 τις
879 479 1062 557 (ξιτεδ.ιί
1149 502 1316 560 actio,
1384 500 1433 549 ιιι
1519 498 1750 549 nihilum
1845 498 2055 550 abiens.
2126 494 2353 563 Insuper

2462 497 2551 549 καὶ
2586 494 2801 547 ἀσεϐῶν
2833 494 3158 566 ἀνθρώπων,
3182 497 3275 548 καὶ
3303 497 3584 562 πετεινὼν.
3605 497 3700 547 καὶ
3729 497 4038 562 κνωδάλων,

769 594 1051 648 Christum
1078 591 1143 645 de
1172 590 1447 643 'l'riuitatc
1482 606 1649 642 unum
1680 604 1824 650 esse,
1870 589 2119 658 duasque
2174 588 2228 641 in
2285 602 2353 641 eo

768 696 997 739 naturas
1046 691 1099 736 ct
1142 695 1305 734 unam
1361 694 1652 749 personam
1705 678 2019 750 pra:dicat.]
2065 678 2173 733 Sed
2223 692 2348 732 cum

763 775 1011 828 veritatis
1062 772 1438 833 adversarius,
1489 770 1886 837 hominumque
1931 768 2131 823 salutis
2167 767 2353 820 inimi—

762 883 887 930 cus,
920 882 1026 918 non
1071 872 1262 935 gentes
1299 865 1482 927 modo,
1512 861 1607 917 sed
1633 870 1685 915 et
1718 862 1983 930 ipsosmet
2018 860 2160 914 lilios
2187 858 2353 913 Israel

763 970 1144 1027 saepenumero
1176 956 1492 1017 delusisset,
1529 960 1587 1006 ut
1628 952 1941 1007 daemonum
1968 959 2023 1005 et
2052 951 2344 1021 impiorum

762 1050 1073 1112 hominum,
1115 1048 1400 1101 volucrum
1438 1058 1660 1114 quoque
1701 1056 1765 1095 ac
1804 1043 2137 1109 belluaram,
2172 1042 2346 1112 repti-

761 1140 1012 1209 liumque
1042 1139 1376 1192 fabricarcnt
1413 1134 1709 1205 imagines,
1748 1150 1886 1204 quas
1918 1142 2181 1203 tanquam
2216 1135 2349 1189 deos

764 1232 1083 1292 adorarent,
1112 1243 1258 1282 nunc
1289 1226 1594 1281 Ecclesiam
1631 1225 1840 1280 Christi
1876 1224 2173 1293 tranquilla
2214 1239 2351 1294 pace

766 1323 1038 1377 fruentem
1072 1320 1399 1390 perturbare
1436 1319 1637 1373 nititur
1674 1335 1686 1371 :
1724 1317 1797 1370 ita
1852 1324 2037 1370 tamen
2076 1322 2136 1369 ut
2182 1315 2353 1369 labiis

2456 587 2550 639 καὶ
2586 585 2834 655 ἑρπετῶν
2875 588 3088 648 εικὸνας
3128 588 3323 652 ποιεῖν,
3367 588 3460 639 καὶ
3498 586 3726 649 ταύταις
3770 586 3850 649 ὡς
3899 588 4037 650 θεοῖς

2456 677 2806 747 προσκυνεῖν,
2840 676 2900 728 οῦ
2940 676 3100 746 μόνον
3136 674 3204 728 τὰ
3243 675 3393 745 ἔθνη,
3426 675 3562 728 ἀλλά
3600 676 3696 728 καὶ
3729 677 3861 738 τοὺς
3899 676 4041 737 υἱοὺς

2468 766 2689 837 Ἰσραὴλ
2721 766 2986 829 πολλάκις
3028 766 3329 837 πλανήσας,
3378 764 3470 817 νῦν
3527 766 3756 836 εἰρήνην
3814 764 4041 833 ἐχουστιτι

2457 858 2558 926 τὴν
2585 857 2678 909 τοῦ
2710 858 2950 927 Χριστοῦ
2988 858 3317 928 Ἐκκλησίαν
3348 858 3689 927 συνταράξαι
3712 854 4040 917 σπουδάζει·

2456 948 2545 1001 διὰ
2600 948 2826 1019 χειλέων
2883 949 3087 1003 ἀδίκων
3155 952 3251 1002 καὶ⁵
3296 949 3543 1017 γλώττης
3588 948 3816 1010 δολίας,
3865 947 4042 1012 λόγοιε

2456 1037 2621 1099 θείοις
2655 1040 2755 1110 τὴν
2787 1040 2987 1093 κακίαν
3014 1040 3377 1111 παραρτύων,
3405 1040 3497 1093 καὶ
3533 1039 3736 1108 ταύτης
3773 1039 3838 1091 τὸ
3872 1039 4041 1105 ἄσχη-

2459 1149 2558 1201 μον
2595 1134 2689 1185 καὶ
2734 1134 3008 1187 σκοτεινὸν
3042 1130 3185 1199 εἶδος
3234 1134 3629 1188 ἐπικαλύπτειν
3672 1136 4039 1206 πειρώμενος,

2457 1224 2554 1276 καὶ
2612 1225 2711 1287 τὰς
2762 1226 2994 1297 καρδίας
3025 1226 3135 1280 τῶν
3165 1228 3513 1298 ἀστηρίκτων
3558 1227 3816 1280 σαλεύειν
3851 1228 3919 1279 ἐκ
3951 1225 4043 1294 τῆς

2457 1316 2694 1386 ἀληθοῦς
2724 1319 2818 1371 καὶ
2851 1319 3338 1391 πατροπαραδότου
3370 1320 3681 1391 συνηθείας.

693 1484 696 1487 Α
764 1415 971 1483 iniquis
1004 1421 1057 1466 ct
1084 1413 1268 1482 lingua
1316 1408 1849 1465 dolosa'malitiam
1883 1407 2089 1463 divinis
2154 1406 2379 1461 condiat
2452 1409 2731 1477 eloquiis,
2806 1410 3070 1482 illiusque
3148 1410 3450 1467 deformem
3518 1414 4043 1481 tenebricdsamque

765 1500 960 1561 faciem
1010 1505 1137 1559 fuco
1182 1505 1396 1559 illinere
1443 1512 1686 1566 tentans,
1738 1502 2086 1555 intirmorum
2132 1500 2351 1554 animos
2389 1514 2419 1553 a
2452 1510 2603 1556 recta
2630 1508 2799 1572 atque
2829 1495 3155 1558 a'Patribus
3195 1511 3422 1572 accepta
3486 1503 3903 1559 consuetudine
3968 1500 4043 1553 di-

765 1606 999 1652 moveat.

834 1691 887 1743 εὶ.
926 1688 1186 1743 Nonnulli
1235 1690 1437 1757 quippe
1470 1694 1870 1750 surrexerunt,
1900 1692 2240 1749 asserentes,
2289 1698 2353 1739 ea

768 1801 911 1854 quas
937 1799 1039 1853 pro
1067 1793 1255 1839 nostra
1288 1782 1463 1837 salute
1492 1796 1519 1832 a
1553 1780 1777 1859 Christo
1814 1779 2169 1841 mirabiliter,
2208 1792 2356 1848 qure-

763 1892 871 1945 que
906 1892 935 1930 a
965 1876 1171 1930 sanctis
1220 1873 1436 1926 fortiter
1473 1880 1667 1924 contra
1700 1870 1977 1925 diabolum
2015 1875 2168 1939 gesta
2204 1875 2353 1931 sunt,

762 1968 1079 2022 exhibenda
1131 1966 1184 2018 in
1222 1964 1558 2033 imaginibus
1608 1979 1716 2017 non
1751 1976 1895 2026 esse,
1931 1960 1985 2015 in
2025 1959 2225 2031 quibus
2265 1958 2357 2012 illa

776 2059 1244 2128 contemplemur,
1296 2070 1645 2120 veneremur,
1692 2054 2031 2107 admiremur
2086 2060 2141 2107 ct
2179 2050 2359 2105 imite-

771 2167 921 2205 mur.
966 2150 1102 2217 Quis
1135 2158 1317 2203 autrm
1372 2148 1710 2218 cogitatione
1748 2146 1933 2200 divina
1982 2155 2035 2200 et
2083 2142 2357 2214 spirituali

769 2246 1137 2314 intelligentia
1179 2244 1445 2307 imbutus,
1495 2241 1546 2294 id
1598 2247 1927 2308 suggerente
1985 2237 2208 2292 diabolo
2244 2251 2355 2289 non

770 2347 1040 2408 agnoscat
1066 2335 1387 2390 inventum?
1421 2332 1607 2403 Neque
1638 2332 1785 2387 enim
1831 2330 1925 2385 ille
1952 2326 2166 2385 cladem
2200 2327 2357 2397 igno-

764 2428 1105 2496 miniamque
1133 2441 1289 2480 suam
1312 2427 1364 2479 in
1383 2426 1629 2479 omnium
1660 2428 1954 2491 conspectu
1977 2420 2190 2475 traduci
2208 2418 2356 2489 pati-

768 2528 878 2581 tur,
915 2531 1018 2569 nec
1050 2514 1140 2569 Dei
1175 2522 1603 2579 sanctorumque
1634 2514 1756 2582 ejus
1787 2511 2019 2581 gloriam
2053 2509 2347 2564 celebrari.

768 2611 830 2661 lu
864 2607 1015 2675 gravi
1050 2606 1272 2678 quidem
1312 2620 1664 2661 versaremur
1692 2606 1909 2669 errore,
1935 2604 1981 2659 si
2030 2603 2116 2659 vel
2155 2602 2357 2657 invisi-

767 2702 899 2756 bilis
932 2700 1026 2753 Dei
1063 2700 1374 2754 faceremus
1424 2698 1721 2767 imaginem
1754 2713 1767 2761 ;
1802 2696 2067 2766 quoniam
2118 2694 2170 2749 id
2207 2693 2354 2764 quod

768 2794 1153 2861 incorporeum
1192 2797 1298 2854 est,
1326 2805 1425 2843 nec
1455 2790 1690 2853 visibile,
1730 2803 1831 2842 nec
1847 2786 2353 2855 circumscriptum,

770 2897 873 2936 nec
906 2882 1219 2951 ﬁguratum,
1262 2878 1439 2949 emngi
1473 2894 1703 2947 prorsus
1755 2879 1971 2947 nequit.
2017 2877 2128 2931 Nec
2180 2878 2358 2932 minor

773 2970 916 3027 foret
950 2972 1219 3041 impietas,
1249 2971 1296 3024 si
1318 2970 1620 3025 delineatas
1651 2984 1679 3021 a
1710 2970 1871 3023 nobis
1903 2969 2187 3022 hominum
2223 2969 2360 3021 ima-

774 3067 929 3135 gines
956 3063 1358 3117 arbitraremur
1386 3077 1513 3116 esse
1547 3060 1703 3123 deos,
1732 3062 1927 3131 eisque
1955 3067 2221 3130 tanquam
2251 3061 2359 3115 diis

2543 1681 2609 1752 β’.
2661 1682 2995 1753 Ἀνέστησαν
3047 1681 3157 1753 γάρ
3207 1699 3355 1745 τινες
3406 1682 3699 1750 λέγοντες,
3742 1682 3824 1742 ὡς
3870 1684 3932 1735 οῦ
3977 1682 4048 1734 δςῖ

2470 1772 2759 1836 εἰκονίζειν
2817 1774 2913 1827 καὶ
2964 1774 3283 1844 προτιθέναι
3328 1775 3408 1836 εἰς
3462 1774 3700 1844 θεωρίαν
3748 1774 3849 1825 καὶ
3891 1774 4046 1837 δόξαν

2463 1867 2561 1919 καὶ
2594 1866 2781 1935 θαῦμα
2809 1868 2903 1920 καὶ⁵
2938 1866 3103 1937 ζῆλον
3130 1867 3201 1920 τὰ
3231 1866 3326 1919 τοῦ
3360 1868 3601 1939 Χριστοῦ
3634 1869 3888 1938 σωτήρια
3919 1869 4049 1920 θανο

2463 1957 2611 2027 ματά
2640 1973 2700 2010 τε
2738 1957 2832 2010 καὶ
2857 1958 3006 2027 πάθη
3027 1996 3042 2021 ,
3075 1958 3171 2011 καῖ⁵
3196 1957 3294 2021 τὰς
3319 1957 3428 2010 τῶν
3469 1959 3642 2027 ἁγίων
3673 1959 4047 2030 ἀνδραγαθίας

2468 2047 2613 2102 κατά
2643 2048 2739 2101 τοῦ
2778 2048 3055 2104 διαϐόλου.
3088 2050 3199 2103 Καὶ
3228 2050 3312 2113 τίς
3359 2050 3501 2119 ἔχων
3538 2052 3743 2119 γνῶσιν
3771 2052 3931 2105 θείαν
3961 2058 4049 2105 καὶ

2462 2138 2680 2192 σύνεσιν
2720 2140 3140 2211 πνευματικὴν,
3195 2140 3296 2193 οὐκ
3342 2140 3742 2207 ἐπιγινώσκει,
3791 2142 3877 2193 ὅτι
3924 2143 4048 2193 ύπο-

2464 2233 2596 2305 6ολὴ
2618 2234 2714 2287 τοῦ
2754 2234 3009 2288 διαϐόλου
3058 2235 3251 2300 ἐστίν;
3292 2235 3353 2288 οὑ
3407 2235 3550 2288 θέλει
3599 2236 3710 2305 γὰρ
3746 2234 3854 2304 τὴν
3882 2230 4047 2304 ἧτταν

2460 2326 2556 2379 καὶ
2599 2326 2699 2397 τὴν
2745 2326 3011 2398 αἰσχύνην
3061 2326 3229 2381 αὑτοῦ
3262 2327 3726 2397 δημοσιεύεσθαι,
3783 2328 3911 2380 οὐδὲ
3957 2330 4049 2396 τὴν

2456 2415 2551 2470 τοῦ
2579 2416 2713 2470 Θεοῦ
2740 2418 2833 2470 καὶ
2869 2417 2978 2471 τῶν
3018 2417 3191 2487 ἁγίων
3261 2419 3428 2471 αὐτοῦ
3476 2418 3643 2483 δόξαν
3689 2420 4048 2487 ἀνάγραπτον

2459 2507 2730 2574 γίνεσθαι.
2764 2508 2826 2561 Εἰ
2864 2508 2967 2578 μὲν
2998 2509 3107 2579 γὰρ
3135 2506 3231 2562 τοῦ
3276 2508 3412 2562 Θεοῦ
3451 2508 3547 2573 τοῦ
3587 2509 3831 2581 ἀοράτου
3867 2512 4047 2562 εἱκὸνα

2460 2600 2789 2669 ἐποιοῦμεν,
2837 2601 3007 2664 ὅντως
3053 2600 3478 2671 ὴμαρτάνομεν·
3523 2600 3791 2655 ἀδύνατον
3843 2602 3957 2670 γὰρ
3997 2603 4051 2653 τὸ

2460 2691 2756 2762 ἀσώματον
2792 2692 2887 2746 καὶ
2910 2693 3320 2763 ἀσχημάτιστον
3347 2694 3440 2746 καὶ
3469 2694 3702 2764 ἀόρατον
3742 2694 3844 2745 καὶ
3870 2693 4049 2761 ἀπερὲν

2458 2798 2729 2857 γραπτον,
2766 2785 3156 2855 είκονισθῆναι.
3201 2786 3310 2839 Καὶ
3341 2785 3509 2837 πάλιν
3533 2827 3548 2851 ,
3579 2786 3627 2837 εί
3661 2784 3696 2838 a
3726 2784 3919 2837 ἐποιοζ
3934 2802 4049 2854 μεν,

2460 2879 2618 2943 θεοὺς
2646 2877 2929 2950 ἡγούμεθα
2958 2920 2971 2943 ,
3010 2879 3105 2931 καὶ
3141 2878 3216 2943 ὡς
3258 2878 3400 2942 θεοῖς
3427 2878 3797 2948 ἐλατρεύομεν
3826 2920 3840 2943 ,
3882 2880 4051 2939 ὅντως

2460 2971 2769 3041 ἡσεϐοῦμεν
2794 2987 2806 3001 ·
2860 2969 2974 3023 ἀλλ’
3009 2969 3162 3023 οὐδὲν
3201 2968 3410 3023 τούτων
3445 2969 3734 3039 ποιοῦμεν.
3773 2969 3916 3022 Θεοῦ
3948 2970 4050 3038 γάρ

2464 3062 2855 3133 σαρκωθέντος
2889 3062 2985 3115 καὶ
3026 3060 3288 3127 ὀφθέντος
3326 3062 3419 3114 ἐπὶ
3450 3062 3551 3132 τῆς
3581 3062 3688 3131 γῆς
3733 3063 3933 3131 σαρκὶ,
3964 3064 4051 3114 καὶ

774 3152 995 3207 divinos
1028 3153 1267 3207 honores
1300 3153 1686 3221 penderemus.
1713 3152 1781 3203 At
1808 3152 1945 3205 nihil
1981 3153 2088 3206 tale
2109 3151 2354 3206 admitti-

2467 3152 2780 3222 ἀνθρώποις
2807 3152 3347 3223 συναναστραφέντος
3378 3153 3443 3205 δι’
3468 3153 3677 3222 ἄφατον
3706 3153 4047 3223 ἀγαθότητα,

773 3260 899 3301 mus
936 3261 950 3297 :
985 3258 1199 3309 verum,
1233 3242 1454 3313 quando
1488 3243 1633 3297 Deus
1672 3256 1769 3311 pro
1796 3242 2163 3296 inenarrabili
2196 3243 2358 3297 boui-

771 3342 882 3389 tate
914 3349 1014 3389 sua
1046 3335 1221 3388 factus
1258 3341 1343 3387 est
1378 3348 1531 3399 caro,
1582 3341 1637 3387 et
1686 3348 1853 3389 carne
1900 3335 1955 3388 in
2004 3337 2171 3391 terris
2203 3337 2361 3391 visus

773 3432 878 3491 est,
911 3434 963 3480 et
991 3441 1115 3479 cum
1148 3424 1465 3479 hominibus
1501 3434 1863 3480 conversatus
1896 3427 2049 3490 est’,
2082 3434 2364 3480 naturam-

774 3532 886 3589 que
935 3525 1214 3580 nostram,
1266 3531 1481 3570 necnon
1528 3516 1982 3586 spissitudinem,
2017 3526 2071 3572 et
2106 3521 2361 3587 tiguram,

777 3615 833 3660 ct
866 3608 1103 3661 colorem
1145 3608 1331 3661 carnis
1370 3608 1687 3678 assumpsit,
1730 3624 2078 3678 nequaquam
2128 3610 2357 3664 aberra-

778 3712 923 3763 mus,
953 3699 1074 3765 cjus
1126 3698 1421 3767 imaginem
1474 3699 1856 3767 exprimendo.
1904 3698 2164 3752 Formam
2213 3702 2358 3753 enim

779 3790 927 3842 illius
975 3790 1159 3843 videre
1204 3798 1586 3858 peroptamus.
1624 3787 1781 3850 Nam,
1826 3797 1885 3843 ut
1914 3790 1991 3843 ait
2020 3790 2356 3858 Apostolus:

793 3894 809 3927 ‹
843 3876 1104 3934 Videmus
1150 3893 1295 3933 nunc
1342 3880 1395 3933 in
1447 3879 1670 3949 speculo
1704 3888 1757 3933 et
1806 3879 1859 3932 in
1896 3879 2186 3949 amigmate
2226 3880 2289 3932 ¹⁰.
2335 3899 2353 3931 ι

776 3966 949 4022 l‘orro
1007 3969 1188 4037 imago
1245 3976 1329 4021 est
1383 3969 1665 4037 speculum
1704 3976 1756 4020 et
1811 3969 2065 4036 aenigma,
2111 3969 2359 4036 corporis

2460 3246 2553 3297 καὶ
2583 3244 2767 3311 φύσιν,
2793 3244 2887 3295 καὶ
2914 3244 3108 3313 πάχος,
3141 3245 3237 3297 καὶ
3266 3246 3473 3315 σχῆμα,
3516 3246 3612 3297 καὶ
3664 3244 3870 3315 χρῶμα
3924 3262 4049 3313 σαρ-

2460 3332 2554 3393 κὸς
2586 3330 2975 3399 ἀναλαϐόντος,
3010 3336 3109 3403 τὴν
3156 3334 3344 3386 είκόνα
3398 3332 3677 3395 ποιοῦντες
3723 3334 3789 3385 οῦ
3820 3333 4051 3401 σφαλλο-

2466 3422 2625 3493 μεθα.
2659 3422 2946 3492 Ποθοῦμεν
2985 3423 3095 3495 γὰρ
3144 3422 3311 3477 αὐτοῦ
3360 3424 3490 3477 ίδεῖν
3525 3425 3617 3477 τὸν
3672 3426 4013 3494 χαρακτῆρα
4037 3443 4048 3455 ·

2441 3510 2538 3577 \b;
2569 3514 2677 3585 γάρ
2713 3531 2879 3585 φησιν
2924 3516 2952 3568 ὁ
3000 3516 3141 3579 θεῖος
3188 3516 3547 3580 ’Δπόστολος,
3594 3536 3611 3569 ι
3664 3517 3754 3569 Ἐν
3804 3519 4051 3585 ἐσόπτρῳ

2464 3604 2559 3658 καὶ
2592 3605 2650 3657 ἐν
2682 3605 2966 3675 αἰνίγματι
2996 3606 3093 3659 νῦν
3124 3606 3416 3677 βλέπομεν.
3456 3626 3474 3660 ι
3511 3609 3619 3661 Καὶ
3651 3607 3824 3660 εἰκὼν
3856 3610 3915 3661 δὲ
3979 3611 4051 3659 ἐς·

2473 3698 2681 3767 οπτρόν
2714 3698 2832 3749 ἐστι
2869 3699 2964 3750 καὶ
2992 3698 3246 3768 αἴνιγμα,
3282 3699 3527 3769 ἁρμόζον
3556 3702 3622 3769 τῇ
3676 3700 3771 3751 τοῦ
3803 3700 4050 3769 σώματος

2463 3790 2622 3859 ἡμῶν
2659 3789 2935 3860 παχύτητι
2960 3806 2975 3822 ⁸
3024 3792 3196 3845 πολλά
3220 3792 3327 3861 γὰρ
3358 3794 3583 3862 κάμνων
3613 3795 3641 3845 ό
3672 3794 3828 3857 νοῦς,
3873 3799 3936 3849 ού
3970 3798 4053 3849 δί-

2464 3896 2627 3934 ναται
2658 3881 2888 3951 ἐκϐῆναι
2935 3881 3003 3934 τὰ
3032 3882 3322 3952 σωματικὰ
3342 3922 3356 3946 ,
3396 3884 3564 3952 φησὶν
3603 3885 3631 3937 ὁ
3661 3882 3814 3947 θεῖος
3842 3884 4049 3955 Γρηγοο

2465 3989 2603 4042 ριος.

779 4061 956 4115 nostri
999 4060 1353 4114 crassitudiui
1407 4060 1765 4114 conveniens.
1802 4058 2171 4125 Quantumvis
2221 4061 2365 4114 enim
2411 4081 2564 4119 mens
2600 4075 2789 4121 nostra
2818 4067 3084 4129 enitatur,
3115 4066 3279 4138 346
3303 4079 3364 4122 ea
3393 4080 3516 4135 qua:
3580 4080 3855 4135 corporea
3933 4080 4051 4123 sunt

780 4148 1055 4203 transilire
1102 4148 1423 4217 neutiquam
1455 4156 1657 4216 potest,
1696 4156 1757 4201 ut
1785 4146 2004 4201 divinus
2034 4147 2110 4199 ait
2142 4146 2442 4216 Gregorius
2484 4154 2548 4205 “.

849 4239 901 4291 5.
936 4240 1119 4306 Apage
1172 4247 1257 4303 te,
1300 4252 1332 4291 o
1370 4238 1551 4291 invide
1604 4237 1843 4291 diabole.
1905 4235 2075 4292 Nobis
2141 4237 2360 4291 invides

779 4330 925 4397 quod
957 4328 1173 4381 Domini
1205 4330 1382 4382 nostri
1408 4336 1771 4382 contueamur
1798 4326 2051 4396 cﬂigiem,
2075 4342 2171 4396 per
2193 4341 2357 4396 quam

781 4420 1159 4473 sanctimonia:
1204 4430 1491 4488 compotes
1531 4418 1851 4473 efficiamur.
1908 4417 2126 4472 lnvi’des
2171 4418 2356 4480 nobis,

780 4512 929 4581 quod
967 4512 1263 4566 salutarem
1297 4511 1471 4581 ipsius
1507 4511 1818 4581 passionem
1846 4520 2231 4575 contueamur,
2266 4510 2361 4563 dc-

782 4618 1039 4658 scensum
1065 4603 1130 4655 ad
1160 4617 1259 4655 nos
1291 4597 1867 4667 niirenuirnniracula
1896 4602 2355 4669 c‘ontemplemur,

781 4696 1012 4763 ejusque
1051 4692 1357 4747 divinitatis
1404 4694 1704 4761 potentiam
1751 4708 2140 4762 agnoscamus,
2165 4702 2219 4747 ct
2246 4695 2361 4746 col-

785 4786 1091 4841 laudemus.
1151 4784 1369 4839 Sanctis
1418 4783 1630 4838 invides
1676 4785 1936 4837 collatum
1985 4787 2119 4853 ipsis
2169 4800 2198 4838 a
2258 4784 2366 4838 Deo

784 4878 1071 4940 honorem,
1119 4876 1456 4945 descriptam
1490 4890 1681 4931 eorum
1728 4875 1960 4946 gloriam
1994 4891 2023 4929 a
2054 4877 2211 4931 nobis
2242 4892 2365 4945 per-

786 4972 926 5039 spici
978 4985 1085 5023 non
1145 4969 1315 5033 sinis,
1353 4984 1419 5021 ne
1457 4969 1718 5022 virtutem
1771 4969 2016 5037 ipsorum
2075 4984 2138 5021 ac
2204 4970 2361 5021 tidem

784 5062 1129 5115 aemulemur.
1166 5058 1334 5114 Ferre
1371 5075 1478 5113 non
1530 5069 1707 5129 potes,
1757 5070 2005 5113 nostram
2061 5075 2186 5129 erga
2241 5059 2363 5113 illos

787 5155 970 5210 tidem,
1024 5159 1138 5203 tum
1172 5152 1412 5217 corpori,
1456 5161 1567 5203 tum
1604 5152 1788 5204 animo
1835 5150 2120 5219 prodesse.
2164 5149 2231 5202 At
2263 5152 2362 5202 tibi

787 5255 896 5294 non
927 5242 1315 5310 obsequemur,
1342 5256 1373 5293 0
1396 5242 1607 5295 dazmon
1631 5242 1811 5295 invide
1829 5248 1881 5294 et
1910 5242 2355 5295 osorhominum.

799 5335 1009 5398 Audite,
1080 5336 1292 5406 populi,
1343 5335 1543 5400 trib-us,
1601 5336 1819 5405 linguae,
1892 5336 2015 5396 viri,
2078 5335 2359 5398 mulieres,

790 5428 972 5497 pueri,
1006 5428 1408 5491 adolescentes,
1442 5427 1695 5489 infantes,
1723 5442 1855 5496 gens
1886 5438 2075 5479 sancta
2103 5426 2365 5479 Christia-

791 5536 983 5574 norum
1021 5536 1033 5573 :
1070 5519 1125 5573 Si
1176 5521 1299 5587 quis
1346 5521 1498 5574 vobis
1539 5520 2017 5589 evangelizaverit,
2071 5528 2267 5588 praatcr
2310 5517 2361 5571 id

790 5611 933 5677 quod
957 5611 1203 5666 Ecclesia
1234 5621 1424 5665 sancta
1453 5612 1749 5677 catholica,
1782 5628 1809 5665 a
1842 5613 2046 5668 sanctis
2073 5611 2356 5681 apostolis,

862 5789 1047 5846 'Psal.
1081 5808 1224 5861 cxtx,
1260 5793 1311 5846 ‘2.
1392 5794 1409 5825 θ
1445 5793 1656 5851 Barurli
1691 5809 1774 5852 tu,
1799 5794 1885 5849 58.

1993 5796 2034 5827 ὀ
2066 5793 2083 5848 l
2114 5793 2239 5850 Cor.
2265 5810 2384 5865 xui,
2421 5794 2508 5848 12.

2534 4249 2604 4311 γ’.
2658 4243 2722 4295 Ὢ
2753 4243 2861 4296 ἀπὸ
2912 4244 3030 4307 σοῦ,
3066 4243 3294 4313 φθονερέ
3349 4243 3603 4296 διάϐολε·
3658 4245 3881 4312 φθονεῖς
3929 4252 4051 4318 ήμΞι

2470 4334 2605 4385 ἰδεῖν
2628 4334 2688 4385 τὸ
2716 4334 2811 4387 τοῦ
2854 4335 3128 4387 Δεσπότου
3166 4334 3322 4403 ἡμῶν
3350 4334 3623 4404 ὁμοίωμα,
3658 4338 3757 4389 καὶ
3790 4338 3859 4390 δι’
3888 4341 4049 4392 αὑτοῦ

2465 4425 2790 4495 ἁγιασθῆναι
2816 4440 2828 4455 ·
2865 4425 2960 4477 καὶ⁵
2996 4426 3125 4484 ἰδεῖν
3155 4424 3322 4478 αὐτοῦ
3348 4426 3419 4477 τὰ
3451 4429 3701 4496 σωτήρια
3738 4429 3895 4497 πάθη
3915 4472 3932 4495 ,
3966 4434 4050 4484 καὶ

2463 4516 2767 4587 θαυμάζειν
2818 4516 2982 4569 αὑτοῦ
3042 4516 3143 4587 τὴν
3201 4516 3640 4584 συγκατάϐασιν,
3693 4520 3791 4572 καὶ
3823 4521 4047 4593 θεωρεῖν

2464 4606 2627 4659 αὐτοῦ
2661 4607 2728 4658 τά
2763 4606 3039 4675 Θαύματα,
3081 4606 3174 4660 καὶ
3209 4606 3615 4673 ἐπιγινώσκειν,
3668 4612 3763 4660 καὶ
3806 4610 4049 4674 δοξάζειν

2466 4696 2632 4749 αὑτοῦ
2667 4696 2761 4766 τὴν
2786 4699 2885 4765 τῆς
2908 4697 3163 4767 θεότητος
3195 4695 3447 4765 δύναμιν.
3477 4696 3698 4759 Φθονεῖς
3724 4700 3840 4761 τοῖς
3876 4701 4049 4768 ἁγίοις

2463 4790 2561 4859 τῆς
2598 4789 2751 4858 παρά
2782 4787 2918 4840 Θεοῦ
2955 4788 3247 4859 δεδομένης
3286 4789 3469 4851 αὐτοῖς
3515 4790 3703 4858 τιμῆς.
3753 4792 3832 4845 Οῦ
3877 4792 4049 4854 θέλεις

2460 4881 2595 4950 ὁρᾷν
2628 4881 2774 4950 ἡμᾶς
2805 4878 2904 4950 τὴν
2952 4879 3133 4933 αὐτῶν
3175 4879 3334 4946 δόξαν
3384 4880 3773 4950 ἀνάγραπτον,
3821 4886 3919 4936 καὶ
3966 4884 4051 4951 ζη-

2460 4973 2639 5033 λωτὰς
2709 4971 2962 5039 γενέσθαι
3031 4972 3131 5040 τῆς
3203 4972 3382 5025 αὐτῶν
3458 4973 3712 5044 ἀνδρείας
3789 4976 3887 5027 καὶ
3969 4979 4048 5027 πζο

2464 5080 2653 5125 στεως.
2704 5066 2777 5117 υύ
2826 5064 3015 5134 φέρεις
3064 5064 3163 5135 τὴν
3210 5068 3273 5116 ἐκ
3319 5065 3418 5134 τῆς
3456 5067 3534 5128 εἰς
3559 5066 3765 5129 αὐτοὺς
3812 5068 4047 5128 πίστεως

2467 5156 2909 5226 προσγενομένην
2966 5157 3095 5227 ἡμῖν
3150 5158 3473 5226 σωματικήν
3533 5173 3591 5209 τε
3654 5158 3750 5211 καὶ
3809 5159 4043 5230 ψσχικὴν

2466 5246 2752 5313 ὠφέλειαν.
2814 5247 2886 5299 Οῦ
2941 5247 3243 5316 πειθόμεθα
3280 5266 3383 5311 σοι,
3434 5248 3626 5318 δαῖμον
3673 5248 3914 5321 φθονερέ
3962 5258 4045 5304 καὶ

2473 5338 2847 5409 μισάνθρωπε.
2892 5339 3205 5405 Ἀκούσατε,
3236 5340 3575 5410 λαοὶ,φυλαὶ
3636 5342 3882 5408 γλῶσσαι
3906 5387 3923 5401 .
3958 5346 4041 5398 ἄν·

2469 5428 2614 5495 δρες,
2650 5431 2925 5496 γυναῖκες,
2978 5429 3187 5492 παῖδες,
3221 5429 3543 5500 πρεσϐύται,
3595 5430 3872 5483 νεανίσκοι
3901 5470 3916 5495 ,
3956 5436 4041 5484 καὶ

2474 5521 2665 5589 νήπια,
2694 5520 2753 5573 τὸ
2776 5521 2931 5584 ἔθνος
2962 5520 3307 5591 Χριστιανῶν
3353 5521 3412 5573 τὸ
3446 5522 3600 5589 ἅγιον
3625 5538 3637 5551 ·
3673 5524 3723 5576 εῐ
3752 5538 3839 5588 τις
3884 5524 4039 5587 £531-

2469 5612 2748 5681 γελίζεται
2782 5613 2927 5681 ὑμᾶς
2959 5614 3088 5681 παρ’
3125 5612 3153 5665 ὃ
3192 5614 3501 5685 παρέλαϐεν
3550 5616 3582 5685 ἡ
3617 5614 3746 5683 ἁγία
3780 5613 4039 5681 καθολεκῂ

2918 5722 2921 5725 ⁷
2958 5740 2995 5776 ιι

2589 5797 2627 5826 ¹¹
2662 5794 2972 5867 Grcg.1\'az.
3011 5806 3154 5851 orat.
3192 5797 3223 5850 εὶ
3251 5796 3320 5850 De
3353 5794 3605 5864 Tlicnlng,
