4172 6490
227 523 355 589 1321

1270 508 1361 564 illi
1407 503 1860 563 l.‘sl.'\.tL-lI\'llE't7rs
1912 505 2188 559 HlHl'lH
2260 504 2362 559 HI.

3280 496 3419 553 1322

234 627 523 697 Ἐκκλησία
546 623 700 693 ,πσρά
740 623 846 674 τῶν
878 620 1211 681 ἀποστόλων,
1259 617 1517 682 Πατὲρων
1554 628 1637 670 τε,
1677 609 1768 659 καὶ
1802 613 1843 663 Λ
1876 606 1881 655 l

1802 613 1843 663 Λ
1876 606 2131 657 l‘alribus
2180 614 2230 655 rt
2267 604 2514 657 conciliis
2556 603 2783 670 arri-pit,
2839 613 2888 655 et
2936 603 2998 654 ad
3053 602 3191 653 hunc
3251 618 3419 667 neque

223 718 475 776 συνόδων,
502 715 595 766 καὶ
624 716 782 783 μέχρι
817 712 910 763 τοῦ
942 710 1032 760 νῦν
1054 705 1361 773 διεφύλαξε,
1401 703 1475 771 μὴ
1501 702 1766 766 ἀκούσητε

221 806 386 863 αὑτοῦ
408 823 422 836 ·
471 804 544 873 μὴ
576 802 797 872 δέξησθε
832 801 930 867 τὴν
974 815 1036 849 συ
1049 794 1284 865 μϐουλὴν
1331 790 1423 842 τοῦ
1457 790 1629 856 ὄφεως
1654 825 1666 848 ,
1697 785 1767 845 ὡς

219 894 433 958 εδέξατο
465 892 598 953 Εὕα,
648 892 742 943 καὶ
782 887 1052 955 ἐτρύγησε
1084 883 1329 934 θάνατον.
1378 879 1493 931 Κᾶν
1524 877 1766 943 ἅγγελος,

222 984 324 1037 κᾶν
378 981 630 1051 βασιλεὺς
670 973 1087 1042 εύαγγελίζηται
1139 972 1282 1039 ὑμᾶς
1316 970 1442 1037 παρ’
1477 966 1503 1018 ὂ
1537 964 1770 1032 παρελά-

224 1072 341 1125 εετε
364 1112 377 1136 ,
435 1070 684 1123 κλείσατε
715 1065 811 1127 τὰς
844 1063 1008 1125 ἀκοάς
1037 1079 1047 1089 ·
1092 1060 1232 1114 ὀκνῶ
1275 1058 1381 1126 γάρ
1414 1057 1549 1117 τέως
1579 1055 1768 1114 εἰπεῖν,

230 1157 294 1221 ὣς
320 1157 423 1227 ἔφη
446 1159 474 1208 ὁ
494 1156 634 1216 θεῖος
666 1151 1002 1215 Ἀπόστολος,
1052 1147 1328 1214 Ἁνὰθεμα
1356 1145 1531 1208 ἔστω,
1559 1142 1772 1210 ἐκδεχό-

229 1264 383 1319 μενος
407 1248 505 1315 τὴν
526 1244 827 1315 διόρθωσιν.

292 1420 355 1473 δ’.
409 1416 568 1469 ’Λλλά
622 1414 871 1481 λέγουσιν
922 1413 971 1463 ot
1026 1412 1099 1479 μὴ
1146 1409 1471 1478 ἐρευνῶντες
1517 1407 1605 1458 τὸν
1651 1402 1771 1454 νοῦν

223 1512 320 1577 τῆς
367 1506 630 1578 Γραφῆς,
677 1506 757 1557 ὃτι
800 1499 951 1555 εἶπεν
998 1505 1025 1554 ὁ
1059 1501 1187 1562 Θεὸς
1233 1499 1322 1551 διὰ
1354 1495 1627 1557 Μωῦσέως
1679 1492 1772 1544 τοῦ

224 1596 535 1667 νομοθέτου,
577 1612 595 1643 ι
647 1593 722 1644 Οὐ
764 1592 1005 1659 ποιήσεις
1042 1590 1148 1641 πᾶν
1175 1586 1443 1656 ὁμοίωμα,
1485 1586 1585 1636 ὅσα
1613 1584 1668 1633 ἐν
1698 1581 1774 1648 τῷ

222 1686 467 1758 οὐρανῷ,
528 1686 620 1738 καλ⁵
668 1684 767 1736 ὅσα
824 1684 880 1734 ὲν
917 1683 1005 1750 τῇ,
1032 1682 1122 1748 γῇ.
1164 1698 1181 1730 ι
1215 1678 1323 1731 Καὶ
1350 1678 1436 1729 διὰ
1480 1673 1642 1726 Δαὸὶδ
1683 1671 1773 1723 τοῦ

225 1773 503 1849 προφήτου
531 1791 545 1805 ·
583 1795 600 1826 ι
631 1772 1089 1842 Λίσχυνθήτωσαν
1119 1770 1315 1829 πάντες
1346 1768 1391 1817 οἱ
1418 1761 1775 1835 προσκυνοῦν-

224 1887 315 1933 τες
343 1871 457 1930 τοῖς
486 1867 768 1934 γλυπτοῖς,
798 1863 845 1914 οί
877 1860 1285 1928 ὲγκαυχώμενοι
1316 1859 1372 1908 ὲν
1400 1858 1510 1916 τοῖς
1540 1852 1774 1913 εἰδώλοις

1874 695 2014 748 diem
2051 696 2307 757 servavit,
2343 709 2502 746 ani-es
2534 709 2602 744 ne
2637 692 2998 759 pra-humilis,
3034 706 3167 744 nere
3202 706 3418 757 ειη-ρειπ-

1873 783 1943 837 tis
1974 783 2253 836 suaalelam
2294 782 2642 849 exccpcritis,
2687 782 2760 833 uti
2795 782 3005 847 excepit
3043 781 3146 832 lira
3186 780 3248 841 ”,
3283 780 3422 830 niule

1870 880 1921 924 et
1948 882 2173 925 mortem
2224 870 2595 924 \‘indclniavit.
2631 869 2781 922 Licet
2814 872 3061 939 angelus,
3095 869 3216 920 licet
3250 868 3421 935 impc-

1873 972 2021 1015 ratur
2065 962 2398 1028 evangelizct
2438 961 2590 1014 vobis
2623 967 2817 1027 praeter
2851 959 2899 1010 id
2936 960 3078 1027 quod
3110 959 3420 1025 accepistis,

1876 1067 2036 1104 aures
2074 1051 2346 1104 occludite
2380 1068 2390 1101 :
2420 1065 2485 1103 eo
2535 1052 2735 1118 quippe
2769 1065 2907 1101 nunc
2939 1050 3245 1110 abstinebo,
3282 1047 3421 1115 quod

1875 1140 2150 1209 snlxjungit
2216 1140 2492 1209 apostolus
2554 1137 2790 1202 Paulus;
2858 1151 3070 1206 nempe,
3136 1138 3425 1188 ΛηιριΙιειηα

1882 1234 1950 1284 sit
1998 1230 2308 1296 ",quando
2370 1228 2769 1283 emendationis
2830 1225 3210 1296 exspectandae
3276 1226 3426 1278 locus

1872 1329 1974 1373 cst.
2321 1306 2323 1309 1

1943 1413 1993 1463 4.
2025 1409 2105 1463 Illi
2153 1426 2299 1473 vero,
2350 1412 2484 1463 nihil
2516 1411 2581 1463 de
2616 1408 2910 1478 Scriptura
2961 1424 3123 1463 sensu
3175 1422 3428 1475 perscru-

1877 1501 2042 1554 tando
2061 1502 2299 1567 solliciti,
2330 1503 2617 1571 objiciunt,
2655 1504 2797 1571 quod
2829 1518 2921 1570 per
2954 1501 3183 1570 Moyscm
3217 1500 3428 1567 legisla-

1877 1600 2047 1645 torcm
2080 1596 2399 1661 pracepcrit
2426 1594 2565 1648 Deus
2596 1613 2609 1647 ε
2647 1613 2663 1642 ι
2712 1592 2826 1646 Non
2874 1593 3039 1646 facies
3084 1593 3179 1644 tibi
3215 1607 3426 1643 omnem

1878 1680 2284 1736 similitudinem
2312 1697 2501 1735 eorum
2532 1698 2648 1750 qua
2683 1681 2735 1733 in
2786 1682 2922 1734 cmlo
2969 1691 3116 1741 sunt,
3148 1696 3332 1745 qua‘vc
3376 1681 3427 1730 in

1878 1781 2015 1824 terra
2038 1774 2099 1823 “.
2128 1789 2144 1818 ι
2177 1769 2239 1822 Et
2272 1787 2363 1837 per
2388 1772 2699 1840 prophetam
2738 1770 2901 1822 David
2932 1788 2942 1820 :
2971 1788 2989 1819 ι
3016 1769 3433 1821 Coul‘umlautur

1878 1877 2067 1917 omnes
2101 1864 2195 1930 qui
2233 1863 2457 1915 adorant
2508 1863 2816 1930 sculptilia,
2869 1861 2959 1930 qui
3018 1862 3322 1930 gloriantur
3376 1860 3429 1910 in

227 1958 445 2012 αὐτῶν·
490 1974 509 2005 ›
552 1954 645 2007 καὶ
674 1951 897 2005 τοιαῦτα
929 1948 1099 2001 πολλά
1147 1947 1328 2016 ἕτερα.
1375 1946 1515 1997 Ὅσα
1563 1942 1672 2011 ,γὰρ
1715 1941 1779 1993 ἂν
1809 1932 1851 1986 Β

1809 1932 2190 2006 Bsimulacris
2238 1952 2460 2015 suis”;
2518 1970 2533 2000 ι
2591 1960 2643 2004 et
2693 1950 2795 2003 alia
2848 1951 3013 2002 multa
3071 1950 3155 2002 his
3210 1950 3428 2001 similia.

227 2050 293 2100 ἐκ
337 2046 439 2114 τῆς
482 2044 631 2105 Θείας
661 2040 882 2113 Γραφῆς
906 2081 921 2104 .
970 2039 1065 2090 καὶ
1096 2039 1159 2089 ἐκ
1187 2035 1293 2088 τῶν
1329 2034 1497 2099 ἁγίων
1525 2031 1665 2083 Πατέ
1675 2045 1777 2097 ρων

230 2135 659 2208 προσενέγκωσι,
695 2134 791 2203 τῆς
828 2129 997 2198 αὐτῆς
1034 2127 1235 2190 ἑννοίας
1270 2125 1392 2177 εἰσί.

300 2314 365 2367 Τί
399 2308 492 2366 οῦν
540 2312 701 2378 ἡμεῖς
730 2324 908 2379 φαμεν
942 2306 1076 2374 πρὸς
1106 2303 1315 2367 ταῦτα,
1358 2301 1422 2352 Τί
1447 2298 1593 2362 ἀλλο,
1621 2300 1668 2350 εἰ
1707 2296 1779 2366 μὴ

228 2406 291 2457 τὸ
319 2402 423 2456 ὑπὸ
448 2401 539 2454 τοῦ
564 2398 767 2469 Κυρίου
799 2396 1105 2466 εἰρημένον,
1134 2411 1151 2443 ι
1204 2390 1484 2461 Ἐρευνᾶτε
1512 2388 1611 2451 τάς
1638 2389 1781 2457 Γρα-

230 2497 338 2565 φάς
367 2510 378 2524 ·
417 2513 435 2546 ι
480 2491 617 2560 καλὴ
651 2491 759 2559 γάρ
789 2489 823 2558 ἡ
849 2487 958 2539 τῶν
992 2482 1224 2555 Γραφῶν
1270 2483 1463 2552 ἔρευνα
1485 2496 1497 2507 ·
1536 2479 1651 2533 ἀλλ’
1699 2480 1782 2530 ὲν-

229 2586 405 2641 ταῦθα
431 2580 693 2650 νουνεχῶς
725 2579 1043 2648 προσέχετε.
1084 2574 1389 2636 Ἀδύνατον,
1411 2569 1455 2623 ὦ
1489 2570 1781 2638 ἀγαπητοὶ,

229 2677 364 2731 Θεὸν
387 2673 689 2744 ψεύσασθαι
713 2687 727 2702 ’
762 2664 843 2732 εἷς
870 2668 976 2737 γάρ
1006 2668 1121 2718 ἐστι
1147 2664 1298 2727 Θεὸς,
1334 2658 1412 2724 εἷς
1445 2661 1734 2729 νομοδότης
1756 2667 1781 2696 ν

232 2765 479 2825 Παλαιᾶς
524 2762 619 2815 καὶ
663 2757 872 2827 Καινῆς
923 2754 1232 2824 Διαθήκης,
1278 2756 1306 2805 ό
1348 2752 1515 2803 πάλαι
1551 2749 1785 2817 λαλήσας

235 2850 559 2922 πολυμερῶς
588 2849 683 2900 καὶ
720 2846 1072 2914 πολυτρόπως
1111 2844 1223 2903 τοῖς
1265 2840 1534 2911 πατράσιν
1579 2839 1633 2889 ὲν
1677 2839 1787 2897 τοῖς

234 2943 545 3013 προφήταις
568 2977 584 3002 ,
632 2937 726 2990 καὶ
768 2935 855 2988 ἐπ’
890 2933 1132 3001 ἐσχάτων
1171 2930 1276 3011 τῶν
1328 2930 1565 2999 χρόνων,
1605 2928 1662 2978 ὲν
1711 2925 1788 2993 τῷ

238 3033 516 3104 μονογενεῖ
543 3028 710 3083 αὑτοῦ
743 3026 876 3096 Υίῷ.
919 3022 1221 3097 Προσέχετε
1261 3020 1440 3071 τοίνυν
1470 3018 1605 3087 μετά
1634 3017 1788 3083 ἀκρι-

236 3123 414 3185 ϐείας,
446 3120 547 3173 οὐκ
575 3116 706 3186 ἐμὸς
748 3116 775 3166 ό
819 3113 978 3180 λόγος
1008 3111 1123 3163 ἐστί
1149 3124 1163 3139 ⁸
1206 3108 1268 3160 τὸ
1294 3105 1515 3174 Πνεῦμα
1549 3104 1609 3156 τὸ
1637 3104 1788 3169 άγιον

234 3214 327 3265 διὰ
354 3208 567 3263 Παύλου
597 3204 693 3258 τοῦ
731 3202 887 3270 άγίου
916 3199 1218 3255 ἀποστόλου
1245 3196 1561 3263 ἀπεφήνατο
1584 3210 1647 3265 ’ῆι
1688 3194 1782 3245 ﬂo—

234 3262 489 3372 io—psptb;
511 3297 605 3350 καὶ
631 3262 982 3363 πολυτρόπως
1010 3289 1175 3342 πάλαι
1200 3289 1226 3339 ὁ
1248 3262 1378 3347 Θεὸς
1418 3262 1655 3353 λαλήσας
1678 3286 1786 3345 τοῖς
1814 3262 1859 3319 (ἶ

236 3386 511 3462 πατράσιν
560 3388 618 3437 ὲν
655 3386 764 3445 τοῖς
809 3380 1136 3450 προφήταις.
1182 3396 1201 3429 ι
1260 3375 1399 3443 Ὅρα
1438 3374 1517 3426 ὅτι
1556 3372 1787 3439 πολυμε-

241 3484 351 3553 ρῶς
385 3481 476 3532 καὶ
517 3473 871 3542 πολυτρόπως
909 3469 1165 3536 ἐλάλησεν
1196 3470 1223 3520 ὀ
1254 3468 1404 3528 Θεός.
1446 3466 1655 3531 Ὥσπερ
1682 3462 1787 3530 γὰρ

237 3552 557 3638 ἐπιστήμων
606 3560 784 3633 ἰατρὸς
835 3561 895 3611 ού
953 3560 1014 3611 τὸ
1060 3558 1207 3637 αὐτὸ
1240 3552 1377 3618 εἶδος
1425 3557 1559 3607 πᾶσι
1607 3554 1788 3606 δίδωσι

238 3665 509 3725 πάντοτε,
546 3658 663 3711 ἀλλ’
711 3654 929 3721 ἑκάστῳ
982 3652 1042 3703 τὸ
1089 3649 1389 3715 ἐπιτήδειον
1436 3646 1662 3717 παρέχει
1698 3644 1789 3696 καὶ

238 3751 551 3823 πρόσφορον
592 3746 881 3814 φάρμακον
906 3748 953 3802 κ,
1002 3738 1292 3807 διακρίνων
1327 3737 1420 3789 καὶ
1470 3735 1650 3805 χώραν
1698 3733 1789 3785 καὶ

240 3844 399 3897 νόσον
436 3840 528 3892 καὶ
563 3836 730 3906 ῶραν,
768 3832 1032 3893 τουτέστι,
1063 3830 1250 3897 καιρὸν
1286 3829 1379 3881 καλ⁸
1404 3828 1516 3892 ’ἐξιν
1555 3826 1648 3879 καὶ
1675 3826 1791 3895 ἡλι-

240 3932 405 3987 κίαν·
456 3928 551 3982 καὶ
594 3925 671 3996 τῷ
718 3924 815 3994 μὲν
864 3922 1079 3991 νηπίῳ,
1113 3920 1327 3989 ἕτερον,
1376 3917 1451 3987 τῷ
1501 3916 1557 3967 δὲ
1604 3914 1792 3983 τελείῳ

241 4022 388 4077 κατά
425 4020 522 4089 τὴν
562 4017 808 4088 ἠλικίαν,
853 4014 1069 4083 ἓτερον·
1119 4010 1245 4065 ἄλλο
1284 4010 1362 4079 τῷ
1411 4008 1657 4071 ἀσθενεῖ,
1698 4006 1791 4059 καὶ

245 4111 380 4166 ἄλλο
411 4108 489 4179 τῷ
514 4105 843 4175 ὑγιαίνοντι’
885 4099 979 4155 καὶ
1012 4099 1223 4168 ἑκάστῳ
1257 4099 1364 4151 τῶν
1405 4095 1790 4159 ἀσθενούντων,

245 4204 313 4255 οὗ
341 4199 401 4252 τὸ
430 4196 578 4258 αὐτὸ,
612 4194 747 4247 ἀλλά
778 4192 911 4264 πρὸς
936 4191 1034 4261 τὴν
1069 4189 1182 4255 ἕξιν
1214 4189 1307 4241 καὶ
1333 4187 1484 4239 νόσον
1506 4204 1519 4216 ·
1544 4187 1638 4240 καὶ
1667 4186 1793 4238 ἄλλο

244 4288 329 4360 τῷ
360 4288 525 4358 θέρει,
563 4286 658 4339 καὶ
690 4284 766 4353 τῷ
789 4281 1015 4351 χειμῶνι
1043 4280 1249 4347 ἕτερον,
1285 4274 1585 4345 μετοπώρῳ
1610 4292 1666 4326 τε
1699 4275 1793 4327 καὶ

244 4380 394 4449 ἔαρι,
425 4378 517 4430 καὶ
546 4376 605 4429 ὲν
641 4374 854 4441 ἑκάστῳ
881 4369 1050 4437 τόπῳ,
1082 4366 1224 4421 κατά
1250 4366 1348 4434 τὴν
1370 4365 1461 4418 τοῦ
1487 4368 1646 4417 τόπου
1677 4366 1795 4417 ἐπιο

1881 2040 2247 2109 Quacumque
2280 2042 2446 2105 enim,
2490 2049 2604 2094 tum
2646 2057 2708 2094 ex
2745 2040 3028 2109 Scriptura
3076 2039 3278 2100 divina,
3324 2049 3432 2091 tum

1881 2147 1947 2185 ex
1980 2131 2232 2186 Patribus
2260 2132 2607 2199 protulerint,
2649 2131 2838 2185 eodem
2874 2146 3035 2185 sensu
3085 2129 3433 2197 intelligenda

1887 2225 2125 2275 veniunt.

1953 2313 2090 2378 Quid
2143 2314 2305 2381 igitur
2347 2314 2412 2366 ad
2466 2313 2577 2365 hac
2628 2312 2908 2365 dicemus?
2953 2310 3092 2377 Quid
3123 2311 3314 2383 .aliud,
3354 2313 3436 2361 in-

1883 2421 2066 2473 quam,
2102 2404 2206 2457 nisi
2259 2404 2405 2470 quod
2453 2401 2655 2455 Jndmis
2700 2417 2729 2454 a
2774 2401 3003 2455 Domino
3051 2403 3255 2455 dictum
3314 2402 3431 2455 fuit.

1891 2514 1908 2545 ε
1937 2494 2263 2548 Scrutamini
2292 2493 2603 2562 Scripturas
2623 2492 2707 2545 “1’
2734 2511 2752 2541 ι
2792 2490 3105 2545 Laudabilis
3130 2491 3327 2561 quippe
3356 2500 3438 2545 est

1888 2585 2287 2654 Seriptnrarum
2344 2585 2726 2653 perscrutatio.
2776 2583 2881 2637 Sed
2926 2583 3014 2637 hic
3069 2599 3189 2636 cum
3243 2600 3435 2650 magna

1887 2678 2139 2730 cautione
2187 2676 2427 2729 animum
2462 2674 2742 2729 attendite.
2785 2674 3125 2743 Impossibile
3158 2683 3261 2735 est,
3297 2676 3435 2729 dile—

1888 2768 2142 2839 ctissimi,
2188 2766 2402 2819 mentiri
2452 2766 2620 2818 Deum
2651 2767 2717 2818 ".
2752 2765 2903 2819 Unus
2930 2767 3130 2834 quippe
3159 2765 3300 2819 Deus
3332 2775 3434 2827 est,

1889 2872 2053 2921 unus,
2082 2857 2321 2919 in'quam,
2342 2870 2370 2906 a
2396 2869 2505 2923 quo
2530 2854 2696 2909 Vetus
2726 2862 2781 2907 et
2802 2853 3006 2909 Novum
3032 2853 3437 2909 Testamentum

1892 2944 2162 2997 sancitum
2200 2941 2337 3011 fuit;
2374 2942 2464 3009 qui
2518 2940 2869 2994 multifariam
2924 2942 3215 3010 multisque
3264 2944 3439 2997 modis

1890 3035 2017 3087 olim
2059 3034 2272 3087 locutus
2308 3041 2391 3087 est
2436 3032 2682 3101 patribus
2732 3034 2785 3085 in
2835 3033 3135 3100 prophetis,
3177 3044 3339 3102 atque
3386 3035 3437 3087 in

1892 3123 2207 3176 novissimis
2257 3123 2610 3189 temporibus,
2665 3121 2717 3173 in
2772 3123 3059 3191 unigenito
3116 3121 3253 3177 Filio
3319 3138 3438 3177 suo.

1892 3210 2317 3263 Animadvertite
2362 3210 2544 3278 itaque
2578 3209 2898 3278 diligenter;
2949 3209 3115 3264 verba
3163 3212 3277 3265 hac
3328 3228 3437 3266 non

1891 3312 2007 3350 mea
2045 3306 2171 3350 sunt
2205 3314 2215 3347 :
2256 3294 2494 3363 Spiritus
2545 3303 2768 3349 sanctus
2803 3312 2899 3365 per
2932 3306 3181 3352 sanctum
3214 3300 3442 3367 Aposto-

1889 3387 1998 3440 lum
2032 3386 2433 3456 pronuntiavit:
2471 3405 2487 3436 ι
2527 3386 2896 3451 Multifariam,
2932 3390 3229 3458 multisque
3266 3391 3443 3445 modis

1890 3480 2016 3532 olim
2040 3476 2180 3530 Deus
2214 3478 2438 3544 loquens
2471 3477 2715 3544 patribus
2750 3478 2800 3529 in
2838 3478 3118 3545 prophetis
3152 3479 3211 3532 ⁸⁸.
3241 3497 3259 3529 ι
3300 3481 3443 3533 Con-

1892 3566 2071 3621 sidera
2100 3565 2294 3634 LDeum
2339 3564 2690 3619 multifariam
2752 3568 3046 3636 multisque
3099 3567 3272 3622 modis
3319 3583 3439 3623 esse

1891 3657 2150 3710 locutum.
2190 3653 2342 3707 Sicut
2384 3653 2527 3705 enim
2576 3654 2782 3722 peritus
2816 3654 3056 3708 medicus
3106 3668 3213 3708 non
3257 3655 3437 3709 omni-

1891 3746 2014 3808 bus,
2046 3758 2158 3797 ncc
2209 3757 2423 3810 semper
2468 3742 2609 3795 idem
2660 3743 2883 3796 remedii
2920 3758 3091 3810 genus
3125 3744 3434 3809 ministrat,

1893 3848 2079 3893 verum
2130 3832 2309 3885 habita
2351 3831 2561 3884 ratione
2594 3837 2709 3883 tum
2760 3832 3015 3901 regionis,
3071 3842 3186 3885 tum
3246 3836 3441 3899 morbi,

1892 3935 2005 3979 tum
2045 3924 2325 3992 temporis,
2376 3930 2491 3975 tum
2546 3922 2762 3977 atatis:
2815 3929 2977 3993 atque
3022 3924 3167 3977 aliud
3228 3926 3443 3994 quidem

1894 4014 2109 4078 infanti,
2145 4012 2295 4066 aliud
2318 4013 2434 4066 viro
2468 4014 2642 4068 atatis
2672 4023 2914 4077 matura,
2954 4018 3239 4084 agrotanti
3276 4018 3442 4081 aliud,

1892 4108 2038 4161 aliud
2077 4121 2232 4171 sano,
2261 4122 2363 4161 nec
2388 4106 2605 4160 cunctis
2638 4104 2865 4174 perinde
2909 4108 3326 4175 agrotantibus,
3351 4110 3443 4164 sed

1896 4199 2124 4268 singulis
2157 4213 2253 4266 pro
2278 4197 2547 4265 cujusque
2576 4204 2725 4249 statu
2753 4201 2810 4249 et
2846 4197 3036 4249 morbo
3065 4210 3079 4248 :
3114 4211 3445 4267 rursumque

1895 4289 2041 4344 aliud
2088 4288 2306 4358 quidem
2353 4295 2562 4349 astate,
2595 4284 2746 4339 aliud
2788 4284 2985 4349 hieme,
3022 4286 3251 4340 alterum
3298 4303 3442 4353 vere,

1897 4390 2160 4434 autumno
2211 4378 2463 4443 alterum,
2507 4375 2733 4429 alterum
2791 4375 3008 4429 tandem
3066 4390 3163 4445 pro
3215 4378 3447 4446 singulis

243 4467 565 4537 τηδειότητα
588 4481 600 4493 ·
628 4463 769 4516 οὕτω
797 4462 891 4513 καὶ
917 4462 945 4512 ό
976 4461 1191 4527 ἀριστος
1226 4456 1332 4508 τῶν
1373 4455 1557 4523 ψυχῶν
1592 4457 1791 4524 ἰατρὸς,
1864 4521 1875 4532 .

1864 4469 2053 4540 ,347
2084 4469 2240 4530 locis,
2273 4464 2571 4523 secundum
2602 4465 2778 4519 varias
2814 4465 3096 4533 regionum
3130 4466 3442 4534 qualitates.

244 4559 361 4620 τοῖς
390 4556 469 4608 ἔτι
498 4554 707 4624 νηπίοις
734 4551 827 4605 καὶ
854 4547 1192 4619 ἀρρωστοῦσι
1221 4548 1319 4616 τὴν
1354 4546 1491 4615 πρὸς
1516 4547 1609 4616 τὴν
1640 4546 1791 4598 εἰδω-

1825 4546 1865 4624 ι)
1899 4559 1989 4613 Sic
2027 4561 2264 4627 optimus
2297 4558 2458 4609 etiam
2487 4556 2792 4609 animorum
2835 4555 3101 4619 medicus,
3146 4556 3446 4611 infantibus

247 4648 537 4718 λολατρίαν
564 4644 751 4707 νόσον,
800 4642 895 4696 καὶ
930 4640 1001 4692 τά
1048 4640 1237 4692 είδωλα
1266 4639 1418 4698 θεοὺς
1450 4636 1792 4706 ἡγουμένοις,

1898 4650 2075 4704 adhuc
2110 4655 2163 4703 et
2194 4648 2518 4701 idololatria
2540 4646 2726 4700 morbo
2752 4646 3150 4710 laborantibus,
3176 4647 3293 4712 qui,
3323 4663 3444 4700 cum

250 4742 349 4793 καὶν
383 4739 455 4800 ὡς
485 4738 623 4799 Θεοῖς
656 4734 837 4795 αὐτοῖς
873 4729 1255 4803 προσκυνοῦσι,
1296 4724 1394 4780 καὶ
1424 4726 1672 4779 ἀϐετοῦσι
1700 4727 1797 4796 τὴν

1899 4738 2190 4793 simulacra
2228 4736 2359 4790 deos
2409 4750 2531 4789 esse
2581 4743 2861 4805 putarent,
2915 4732 2978 4789 ac
3018 4743 3273 4805 tanquam
3319 4738 3448 4793 deos

246 4826 349 4882 τοῦ
392 4825 524 4879 Θεοῦ
583 4820 987 4894 προσκύνησιν,
1030 4818 1123 4870 καὶ
1170 4816 1266 4885 τὴν
1319 4814 1480 4867 αὐτοῦ
1526 4815 1678 4879 δόξαν
1731 4819 1795 4886 τῇ

250 4919 428 4972 κτίσει
453 4914 837 4985 προσάγουσιν,
864 4909 1205 4979 ἀπηγόρευσε
1238 4904 1330 4958 τοῦ
1363 4909 1533 4957 ποιεῖν
1567 4908 1797 4970 εἰκόνας.

247 5007 390 5062 Θεοῦ
429 5006 525 5076 μὲν
552 5005 660 5074 γὰρ
681 5042 696 5067 ,
742 5003 836 5056 τοῦ
866 5002 1155 5071 ἀσωμάτου
1185 5040 1200 5065 ,
1250 5001 1341 5052 καὶ
1369 5002 1596 5070 ἀοράτου
1622 5004 1676 5035 ι·
1712 5001 1801 5053 καὶ

246 5096 418 5151 ἀΰλου
444 5134 459 5158 ,
494 5094 589 5147 καλ⁸
637 5094 770 5163 μήτε
809 5091 993 5163 σχῆμα
1014 5131 1030 5155 ,
1071 5091 1207 5161 μήτε
1239 5092 1582 5161 περιγραφὴν
1608 5132 1622 5154 ,
1668 5096 1800 5160 μήτε

235 5184 560 5253 κατάληψιν
591 5183 803 5252 ἔχοντος
829 5183 1088 5235 ἀδύνατον
1122 5184 1293 5232 ποιεῖν
1319 5181 1519 5233 εἰκόνα.
1552 5182 1671 5244 Πῶς
1697 5183 1803 5252 γάρ

238 5277 314 5329 τὸ
340 5275 414 5345 μὴ
444 5273 637 5343 ὁραθὲν
681 5272 1107 5340 είκονισΟὴσεται
1136 5288 1149 5335 ;
1188 5290 1204 5321 ι
1241 5272 1369 5323 Θεὸν
1409 5271 1463 5323 δὲ
1498 5272 1669 5334 οὐδεὶς
1702 5272 1800 5324 ὲώ-

249 5379 387 5434 ρακε
416 5360 632 5413 πώποτε
655 5375 670 5389 ·
702 5363 729 5413 ό
758 5360 1048 5430 μονογενὴς
1076 5361 1232 5423 Υἱὸς,
1288 5363 1315 5411 ὁ
1346 5360 1419 5412 ὢν
1446 5364 1501 5412 ἐν
1530 5365 1637 5424 τοῖς
1680 5361 1803 5413 κόλ-

330 5519 374 5551 “
401 5518 533 5572 Gen.
577 5534 657 5582 ιιι,
687 5518 741 5571 2.

832 5520 874 5550 ¹³
905 5521 1077 5574 Galal.
1108 5539 1147 5583 ι,
1187 5524 1239 5575 8.
1302 5520 1371 5551 ’¹⁴
1404 5521 1568 5577 Exod.
1597 5539 1686 5583 xx,
1719 5525 1805 5576 ΞΔ.

246 5590 302 5622 ⁸⁸
331 5587 494 5643 Hebr.
548 5605 585 5657 ι,
618 5591 669 5641 t.

1901 4826 2212 4887 adorarent,
2266 4825 2511 4878 debitum
2555 4823 2663 4879 Deo
2717 4825 2925 4877 cultum
2972 4833 3027 4879 et
3074 4825 3447 4882 adorationem

1898 4914 2253 4983 denegabant,
2288 4912 2565 4983 ipsiusque
2583 4914 2805 4981 gloriam
2838 4915 2903 4967 ad
2933 4924 3240 4969 creaturam
3276 4927 3453 4970 trans-

1902 5004 2167 5064 ferebant,
2199 5004 2284 5059 his
2320 5004 2583 5073 imagines
2625 5004 2803 5057 facere
2850 5008 3044 5060 vetuit.
3072 5005 3453 5060 Verumenim-

1902 5110 2030 5150 vero
2076 5094 2188 5159 Dei,
2242 5095 2333 5163 qui
2392 5095 2768 5163 incorporeus,
2808 5092 3135 5157 invisibilis,
3168 5109 3198 5147 a
3231 5096 3452 5148 materia

1904 5185 2164 5249 remotus,
2218 5200 2325 5237 non
2374 5184 2655 5254 ﬁguratus,
2699 5198 2797 5237 nec
2832 5183 3308 5252 circumscriptus.
3357 5200 3455 5238 nec

1905 5274 2413 5344 comprehensibilis
2460 5282 2563 5338 est,
2605 5274 2783 5341 imago
2827 5273 2974 5326 nulla
3014 5272 3208 5326 conﬁci
3253 5282 3454 5342 potest.

1903 5366 2184 5430 Quomodo
2224 5366 2367 5418 enim
2418 5363 2473 5417 id
2525 5363 2669 5432 quod
2706 5363 2762 5416 in
2808 5373 3087 5431 aspectum
3135 5379 3243 5415 non
3289 5363 3455 5423 cadit,

1902 5526 1939 5555 ³⁵
1974 5525 2113 5579 l‘sal.
2157 5539 2297 5587 xcvi,
2336 5524 2387 5577 8.
2486 5525 2528 5555 "
2554 5522 2709 5576 Joan.
2737 5539 2786 5582 ν,
2812 5521 2897 5575 59.
2999 5522 3037 5550 ¹⁷
3076 5520 3236 5575 llebr.
3271 5536 3342 5581 vn,
3371 5518 3453 5571 i8.

1552 5681 1779 5738 VARIJE
1823 5683 2107 5738 LECTION
2117 5684 2191 5739 ES
2206 5721 2220 5737 .

331 5779 360 5809 '
383 5768 535 5825 Colb.
565 5768 874 5837 νομοθέτης,
902 5778 959 5822 ιιι
983 5778 1037 5823 et
1073 5770 1126 5822 in
1155 5778 1293 5823 orat.
1325 5772 1379 5824 9..

184 5868 188 5871 Α
246 5839 416 5896 Colb.
449 5840 541 5891 καὶ
567 5838 816 5907 ἀοράτου.
1286 5876 1290 5881 .

618 5930 883 5993 Paeon.
920 5933 1033 5995 Gn.
1067 5931 1258 5991 XCIV.

1459 5783 1485 5811 ι
1514 5769 1668 5827 Colb.
1702 5781 1752 5825 et
1776 5782 1914 5828 orat.
1952 5775 1985 5825 9.
2014 5774 2150 5826 κατά
2174 5775 2272 5844 τὴν
2304 5772 2415 5837 ἕξιν
2435 5772 2660 5841 παρέχει
2684 5772 2743 5823 τὸ
2760 5771 3064 5841 φάρμακον.
3144 5772 3190 5809 ι’
3216 5767 3377 5824 Deest
3400 5770 3456 5824 in

2940 5927 3013 5988 42
