4172 6490
758 424 892 492 1323

1950 426 2009 484 S.
2049 418 2366 485 JOANNIS
2404 418 2833 481 DAMASCENI

3873 434 4001 495 232$

750 541 985 611 imagine
1010 538 1337 609 cﬂiugatur?
1371 558 1385 587 ι
1427 536 1594 590 Deum
1629 543 1810 589 autem
1845 548 2009 588 nemo
2048 532 2179 586 vidit
2210 547 2316 585 un—

2424 548 2547 593 ποις
2580 531 2674 583 τοῦ
2703 529 2938 601 Πατρός,
2971 531 3135 594 αὐτὸς
3163 532 3499 602 ἐξηγήσατο·
3533 555 3551 589 ι
3585 541 3706 593 καε”
3752 560 3772 590 ‹
3812 545 4001 607 Οὐδεὶς

750 648 910 702 quam
944 650 956 686 :
986 632 1302 701 unigenitus
1334 629 1527 691 Filius,
1574 627 1666 697 qui
1722 634 1808 680 est
1855 625 1906 677 in
1952 624 2075 680 sinu
2115 622 2317 686 Patris,

749 722 866 789 ipse
907 719 1185 774 enarravit
1219 720 1261 749 ¹⁹
1289 734 1303 783 ;
1335 736 1354 769 ι
1408 720 1589 784 aitque
1622 713 1806 769 Deus:
1845 731 1863 764 ι
1904 710 2075 767 Nemo
2112 711 2319 777 videbit

749 810 945 864 faciem
974 824 1173 873 meam,
1199 816 1252 863 et
1277 808 1422 861 vivet
1451 808 1517 859 ὀ,
1559 825 1577 856 ι

817 927 869 979 5.
908 924 1059 989 Quod
1094 932 1275 979 autem
1312 922 1613 977 simulacra
1657 929 1917 1004 tanquam
1950 917 2081 971 deos
2122 915 2319 968 adora-

755 1017 963 1080 vcrint,
1002 1016 1127 1069 audi
1190 1013 1321 1083 quid
1372 1022 1559 1067 narret
1606 1003 1895 1079 Scriptura
1931 1008 1983 1061 in
2021 1005 2212 1060 Exodo
2242 1003 2317 1071 (id

748 1116 831 1160 est
874 1108 926 1159 in
971 1104 1166 1173 exitu)
1204 1103 1439 1157 ﬁliorum
1484 1101 1672 1163 Israel,
1718 1099 1939 1170 quando
1994 1096 2235 1169 Moyses
2264 1097 2316 1149 in

752 1205 989 1249 montem
1024 1193 1179 1247 Sinai
1207 1192 1550 1253 conscendit,
1583 1191 1769 1258 ibique
1793 1203 1917 1242 cum
1958 1185 2069 1240 Deo
2098 1186 2317 1250 sedens,
2346 1198 2351 1203 ‘

749 1294 1121 1340 commoratus
1153 1294 1260 1349 est,
1293 1293 1351 1337 ut
1392 1285 1564 1353 legem
1614 1282 1891 1369 acciperet
1919 1300 1930 1332 :
1963 1278 2207 1349 quando,
2238 1278 2321 1330 in-

750 1394 937 1446 quam,
970 1378 1386 1448 ingratissimus
1442 1376 1681 1445 populus
1732 1374 1999 1426 adversus
2047 1371 2320 1424 Aaionem

750 1472 1062 1541 insurgens,
1100 1470 1280 1523 dixit:
1312 1488 1330 1519 ε
1366 1466 1473 1521 Fac
1505 1468 1665 1520 nobis
1711 1466 1865 1526 deos,
1908 1464 2001 1533 qui
2040 1477 2141 1516 nos
2182 1477 2320 1531 prae-

750 1562 969 1616 cedant.
1033 1560 1204 1631 Moysi
1257 1561 1403 1613 enim
1471 1559 1599 1612 huic
1651 1556 1774 1609 viro
1830 1556 2153 1623 ignoramus
2187 1552 2321 1623 quid

751 1654 1011 1707 acciderit
1040 1653 1105 1705 ²¹.
1135 1671 1153 1702 ι
1184 1650 1389 1705 Deinde
1414 1664 1537 1703 cum
1585 1663 1814 1701 uxorum
1850 1659 2078 1700 suarum
2116 1642 2323 1698 mundo

750 1753 803 1799 et
834 1752 1027 1797 ornatu
1062 1742 1342 1812 adempto,
1390 1740 1668 1795 conﬂatile
1711 1738 2104 1801 fabricassent,
2137 1750 2323 1790 come-

2421 620 2607 687 ὄψεται
2659 622 2720 674 τὸ
2762 621 3055 691 πρόσωπόν
3105 638 3209 690 μου
3236 665 3250 687 ,
3305 624 3397 675 καὶ
3454 626 3721 696 ζήσεται,
3767 650 3788 682 ι
3828 633 3937 703 εαξη
3978 640 4002 688 ὁ

2423 713 2575 773 Θεός,

2493 921 2555 965 ε’.
2594 913 2716 967 Ὀτι
2760 913 2815 967 δὲ
2850 917 2961 978 τοῖς
3004 914 3246 980 εἰδώλοις
3297 919 3371 981 ὡς
3423 920 3564 983 θεοῖς
3602 926 3997 993 προσεκύνουν,

2421 1007 2586 1060 ἄκουε
2627 1006 2680 1059 τί
2718 1007 2974 1077 ήΓραςρὴ
3018 1010 3075 1062 ὲν
3110 1012 3177 1079 τῇ
3223 1010 3387 1080 ἐξόδῳ
3420 1012 3529 1066 τῶν
3571 1016 3703 1068 υἱῶν
3760 1019 3998 1087 Ἰσραὴλ,

2420 1096 2509 1148 ὅτε
2542 1096 2743 1166 ἀνῆλθε
2773 1096 3016 1166 Μωῦσῆς
3054 1099 3135 1161 εἰς
3166 1099 3226 1151 τὸ
3268 1100 3393 1169 ὅρος
3424 1101 3556 1155 Σινᾶ
3578 1142 3591 1168 ,
3625 1108 3718 1157 καὶ
3753 1109 3997 1175 exprimas

2422 1187 2808 1257 προσεδρεύων
2858 1188 2937 1259 τῷ
2970 1188 3092 1259 Θεῷ
3117 1230 3132 1251 ,
3168 1191 3359 1244 λαϐεῖν
3405 1194 3495 1246 τὸν
3530 1198 3729 1265 νόμον,
3784 1200 3876 1250 ὅτε
3910 1202 4003 1249 ἐπ-

2421 1277 2621 1346 ανέστη
2654 1280 2682 1330 ὁ
2712 1278 2985 1348 ἀγνώμων
3020 1280 3147 1343 λαὸς
3190 1283 3401 1353 ’Δαρὼν
3429 1286 3503 1354 τῷ
3546 1288 3641 1339 τοῦ
3672 1289 3813 1340 Θεοῦ
3849 1291 4002 1360 θερα-

2421 1385 2614 1433 ποντι,
2644 1368 2894 1437 λέγοντες
2920 1386 2932 1398 ·
2965 1388 2983 1419 ε
3022 1371 3256 1440 Ποίησον
3306 1374 3449 1442 ἡμῖν·
3480 1376 3665 1439 θεοὺς,
3713 1379 3764 1429 οἱ
3798 1397 3999 1449 προπο-

2426 1458 2711 1528 ρεύσονται
2735 1460 2916 1530 ἡμῶν.
2960 1460 3019 1513 '0
3042 1461 3150 1531 γὰρ
3181 1462 3467 1533 ἄνθρωπος
3495 1464 3652 1531 οὗτος
3678 1472 3707 1521 ὁ
3733 1470 3997 1537 Μωῦσῆς,

2422 1549 2519 1602 οὐκ
2550 1548 2777 1621 οἴδαμεν
2803 1592 2817 1616 ,
2868 1552 2922 1604 τί
2963 1552 3190 1620 γέγονεν
3240 1546 3417 1625 αὐτῷ·
3468 1576 3486 1607 ι
3525 1555 3645 1613 εἶτα
3670 1602 3685 1626 ,
3716 1562 3813 1614 ὅτε
3844 1580 3999 1631 περι-

2422 1640 2631 1694 είλοντο
2660 1642 2750 1695 τὸν
2779 1644 2988 1713 κόσμον
3029 1645 3140 1698 τῶν
3170 1648 3446 1712 γυναικῶν
3476 1651 3657 1704 αὐτῶν
3681 1694 3696 1717 ,
3728 1656 3831 1707 καὶ
3865 1656 4001 1724 ἐχώ-

2423 1750 2621 1787 νευσαν
2648 1773 2664 1800 ,
2716 1736 2808 1789 καὶ
2838 1735 3043 1804 ἔφαγον
3070 1775 3085 1800 ,
3125 1740 3221 1791 καὶ
3250 1739 3403 1793 ἔπιον
3424 1783 3438 1808 ,
3484 1744 3580 1796 καὶ
3608 1745 3894 1817 ἐμεθύσθη
3906 1766 3997 1799 σιν

749 1835 949 1890 derunt
981 1844 1035 1889 et
1087 1834 1366 1895 biberunt,
1424 1839 1589 1898 atque
1640 1843 1830 1883 errore
1872 1841 1976 1881 suo
2006 1826 2231 1895 perinde
2257 1840 2319 1878 ac

2427 1828 2531 1879 υπό
2560 1844 2621 1879 τε
2651 1825 2745 1879 τοῦ
2776 1826 2920 1880 οῖνου
2962 1828 3059 1881 καὶ
3086 1827 3187 1898 τῆς
3216 1829 3448 1901 πλάνης,
3480 1836 3577 1886 καὶ
3605 1836 3846 1907 ἤρξαντο
3878 1843 4002 1893 παί-

749 1926 878 1980 vino
918 1924 1197 1988 inebriati,
1242 1923 1435 1979 ludere
1476 1926 1786 1989 cmperunt,
1823 1924 1876 1972 et
1918 1932 2030 1987 prae
2085 1916 2321 1970 amentia

749 2012 971 2066 dicere:
1014 2030 1032 2062 ι
1067 2010 1134 2065 Ili
1180 2020 1313 2067 sunt
1350 2010 1426 2064 dii
1461 2009 1565 2073 tui,
1605 2008 1795 2062 Israel.
1832 2024 1850 2057 ›
1892 2007 2094 2060 Annon
2144 2006 2320 2071 vides,

751 2101 896 2171 quod
933 2103 1231 2157 simulacra
1287 2104 1341 2156 in
1366 2101 1501 2157 deos
1551 2100 1653 2156 sibi
1708 2099 2069 2154 statuerunt?
2133 2097 2324 2167 Neque

751 2195 897 2247 enim
932 2194 1110 2258 Iovis,
1146 2202 1238 2248 aut
1267 2195 1417 2248 illius
1462 2193 1763 2246 alteriusve
1794 2190 2155 2245 simulacrum
2186 2189 2322 2245 fece-

753 2293 916 2347 runt;
952 2285 1045 2339 sed
1089 2294 1148 2339 ut
1199 2284 1311 2339 fors
1368 2284 1528 2346 tulit,
1583 2296 1777 2335 aurum
1827 2282 2207 2350 praebuerunt,
2257 2297 2319 2335 ex

756 2390 861 2441 quo
899 2374 1104 2428 idolum
1138 2372 1462 2436 conﬂarem,
1500 2372 1873 2442 quodcunque
1920 2369 2137 2425 tandem
2185 2369 2320 2423 illud

753 2462 914 2529 foret,
966 2446 1278 2532 prodiitque
1338 2464 1527 2518 bovini
1580 2462 1783 2533 capitis
1848 2459 2077 2530 elligies.
2130 2461 2321 2530 Itaque

749 2553 1023 2621 ejusmodi
1070 2553 1372 2606 conllatilia
1431 2554 1484 2606 in
1539 2556 1677 2607 deos
1731 2552 2027 2617 habebant,
2093 2553 2323 2622 ipsaque

750 2653 1009 2714 tauquam
1052 2645 1182 2699 deos
1224 2643 1527 2699 adorabant
1560 2663 1572 2698 :
1603 2660 1724 2714 quae
1753 2643 1976 2714 quidem
2010 2644 2316 2699 daemonum

748 2736 1024 2790 domicilia
1084 2745 1261 2790 erant.
1307 2734 1452 2801 Quin
1502 2745 1556 2790 et
1600 2744 1874 2790 creaturze
1925 2734 2109 2806 potius
2154 2750 2318 2804 quam

749 2826 995 2881 Creatori
1032 2841 1124 2880 eos
1156 2826 1434 2891 serviisse,
1470 2827 1691 2882 divinus
1719 2836 1951 2881 testatur
1985 2826 2313 2894 Apostolus:

756 2938 773 2966 ι
816 2915 921 2982 Qui
958 2927 1333 2979 mutaverunt,
1364 2918 1568 2986 inquit.
1610 2918 1841 2988 gloriam
1879 2918 2319 2987 incorruptibilis

751 3009 843 3061 Dei
881 3010 932 3061 in
964 3008 1387 3061 similitudinem
1438 3009 1818 3078 corruptibilis
1862 3009 2105 3064 hominis
2145 3018 2199 3062 et
2231 3024 2320 3069 vo,-

752 3104 988 3163 lucrum,
1019 3109 1071 3153 et
1107 3099 1548 3168 quadrupedum,
1585 3108 1640 3152 et
1683 3102 2025 3168 serpentium
2050 3139 2064 3159 ,
2119 3110 2171 3153 et
2212 3116 2320 3154 ser-

2426 1916 2575 1983 ζειν,
2621 1917 2681 1972 ἐν
2727 1917 3009 1989 ἀφροσύνῃ
3068 1919 3355 1987 λέγοντες·
3396 1941 3413 1973 ι
3450 1919 3606 1978 Οὗτοι
3648 1928 3699 1978 οἱ
3750 1928 3867 1981 θεοί
3912 1948 4001 1983 σου

2436 2006 2673 2079 Ἰσραήλ.
2713 2025 2733 2059 ι
2771 2009 2971 2079 Ὁρᾷς,
3021 2010 3104 2063 ὅτι
3143 2011 3302 2075 θεοὺς
3341 2009 3487 2083 εἶχον
3538 2017 3607 2068 τά
3653 2018 3890 2071 εἴδωλαθ
3944 2023 4000 2075 cii

2421 2100 2531 2169 γὰρ
2559 2100 2821 2169 ἐποίησαν
2851 2100 2972 2164 Διὸς
3000 2100 3219 2156 εἴδωλον
3243 2143 3257 2167 ,
3292 2104 3325 2173 ἢ
3356 2104 3513 2158 τοῦδε
3537 2144 3553 2169 ,
3584 2108 3616 2176 ἢ
3656 2106 3817 2163 τοῦδε
3838 2153 3853 2174 ,
3890 2113 4001 2163 ἀλλ’

2421 2193 2496 2257 ὡς
2523 2192 2712 2262 ἔτυχεν
2732 2191 2939 2245 ἔδωκαν
2961 2192 3054 2246 τὸν
3080 2194 3279 2264 χρυσὸν
3304 2196 3394 2248 ἐπὶ
3418 2198 3479 2249 τὸ
3504 2200 3726 2269 ποιῆσαι
3744 2201 3989 2265 gramm,

2421 2285 2557 2354 ὅπερ
2598 2284 2663 2337 ἀν
2706 2282 2866 2355 τύχῃ,
2910 2283 3007 2335 καὶ
3051 2284 3283 2353 ἀνῆλθεν
3327 2286 3629 2359 ἐκτύπωμα
3661 2290 3992 2361 βουκράνου.

2424 2374 2589 2426 Ὥστε
2620 2374 2761 2428 αὺτά
2787 2376 2856 2427 τὰ
2887 2375 3132 2444 χωνευτά
3163 2376 3322 2441 Θεοὺς
3352 2374 3519 2448 εἶχον,
3553 2383 3646 2433 καὶ
3682 2384 3899 2447 τούτοις
3929 2387 4000 2448 ὡς

2423 2465 2565 2528 θεοῖς
2606 2467 2997 2536 προσεκύνουν,
3040 2467 3201 2522 ἆτινα
3243 2468 3515 2538 δαιμόνων
3554 2468 3697 2541 ἦσαν
3736 2492 3999 2546 κατοικηο

2421 2559 2609 2628 τὴρια.
2646 2559 2755 2612 Καὶ
2783 2559 2865 2611 ὅτι
2914 2561 2981 2629 τῇ
3015 2558 3190 2612 κτίσει
3222 2560 3510 2631 ὲλάτρευον
3541 2565 3693 2635 παρὰ
3734 2568 3831 2618 τὸν
3864 2571 3997 2621 Κτί-

2424 2666 2614 2714 σαντα,
2647 2650 2814 2720 mmclv
2842 2651 2871 2702 ὸ
2902 2650 3043 2715 θεῖος
3078 2652 3432 2716 Ἀπόστολος·
3472 2675 3489 2706 ι
3513 2657 3726 2721 Οῖτινες
3755 2661 3998 2729 ἤλλαξαν

2420 2740 2519 2811 τὴν
2552 2741 2710 2806 δόξαν
2738 2742 2832 2794 τού
2872 2741 3155 2812 ἀφθάρτου
3182 2742 3318 2796 Θεοῦ
3369 2746 3427 2797 ἐν
3476 2748 3788 2818 ὁμοιώματι
3821 2753 3996 2823 ᾳθαρ-

2420 2831 2514 2885 τοῦ
2550 2831 2838 2903 ἀνθρώπου
2859 2874 2874 2897 ,
2906 2833 3002 2885 καὶ
3032 2834 3298 2887 πετεινῶν
3322 2878 3335 2899 ,
3368 2839 3463 2889 καὶ
3490 2842 3841 2911 τετραπόδων
3860 2887 3874 2908 ,
3908 2847 3999 2897 καὶ

2422 2922 2666 2992 ἑρπετῶν
2692 2940 2705 2952 ο
2757 2922 2854 2974 καὶ
2904 2920 3236 2997 ἐλάτρευσαν
3264 2927 3329 2994 τῇ
3363 2926 3539 2977 κτίσει
3569 2928 3720 2997 παρά
3748 2930 3844 2983 τὸν
3878 2934 4000 2984 Κτί-

2424 3031 2610 3068 σαντα.
2650 3031 2667 3063 ι
2705 3013 2907 3066 Τούτου
2946 3015 3107 3084 χάριν
3155 3015 3535 3087 ἀπηγόρευσεν
3579 3021 3607 3072 ό
3653 3022 3789 3084 Θεὸς
3824 3027 3998 3076 ποιεῖν

2424 3105 2530 3156 πᾶν
2565 3103 2833 3172 ὁμοίωμα.

750 3190 970 3242 viebant
999 3198 1267 3243 creaturae
1308 3188 1489 3258 potius
1528 3202 1690 3258 quam
1762 3187 2010 3242 Creatori
2045 3189 2111 3238 ".
2171 3208 2190 3238 ι
2253 3187 2622 3255 Quamobrem
2684 3190 2848 3254 Deus,
2909 3204 2977 3244 ne
3050 3206 3160 3261 qua
3216 3194 3523 3251 similitudo
3571 3198 3759 3267 ﬁeret,
3815 3205 3999 3273 prohi-

751 3283 816 3335 bu
827 3281 839 3334 i
851 3290 889 3334 t.

819 3395 870 3448 6.
912 3393 1062 3446 Illum
1100 3394 1246 3457 novi,
1283 3394 1375 3460 qui
1408 3393 1543 3446 citra
1580 3392 1930 3447 mendacium
1961 3392 2134 3445 dixit:
2168 3411 2187 3442 ι
2222 3392 2318 3447 Do-
2346 3399 2389 3455 C

750 3488 931 3539 minus
963 3487 1100 3540 Deus
1129 3496 1276 3549 tuus,
1311 3485 1452 3539 Deus
1487 3500 1630 3540 unus
1657 3493 1740 3540 est
1761 3485 1827 3536 ".
1866 3503 1883 3535 ι
1924 3484 1987 3536 Et
2022 3502 2035 3537 :
2072 3502 2091 3533 ι
2128 3483 2315 3537 Domi-

750 3596 878 3632 num
910 3578 1080 3633 Deum
1118 3586 1271 3632 tuum
1305 3578 1587 3641 adorabis,
1640 3585 1694 3632 et
1745 3578 1821 3630 illi
1871 3577 1975 3630 soli
2005 3578 2215 3631 servies
2246 3578 2316 3631 “.

748 3668 865 3722 Non
895 3676 1055 3721 erunt
1092 3668 1189 3721 tibi
1221 3666 1298 3721 dii
1345 3667 1511 3721 alieni
1542 3669 1609 3720 ".
1647 3686 1664 3718 ι
1704 3668 1981 3736 Itemque:
2031 3684 2049 3718 ι
2085 3665 2205 3720 Νοιι
2240 3666 2319 3719 fa-

749 3760 862 3813 cies
914 3758 1011 3812 tibi
1058 3758 1334 3825 sculptile,
1391 3772 1610 3811 omnem
1645 3756 2066 3811 similitudinem
2101 3771 2313 3823 eorum,

750 3864 872 3917 qure
900 3849 954 3901 in
990 3849 1128 3902 coelo
1161 3856 1290 3902 sunt
1323 3862 1572 3912 sursum,
1615 3856 1671 3902 et
1710 3862 1831 3916 qua:
1874 3847 1931 3900 in
1970 3853 2116 3900 terra
2153 3846 2315 3900 deor-

749 3959 867 3997 sum
900 3942 964 3994 ".
1006 3961 1024 3992 ›
1060 3940 1125 3993 Et
1155 3954 1370 3995 rursum
1401 3958 1413 3994 :
1466 3958 1485 3991 ι
1537 3938 1964 3994 Confundantur
1992 3954 2190 3995 omnes
2220 3943 2315 4009 qui

748 4032 981 4087 adorant
1038 4032 1332 4101 sculptilia.
1369 4050 1387 4082 ι
1448 4031 1515 4085 Et
1549 4049 1562 4085 :
1601 4048 1621 4082 ‹
1674 4029 1901 4085 Pereant
1957 4030 2033 4084 dii
2067 4032 2161 4101 qui
2203 4046 2313 4086 non

749 4126 1002 4179 iecerunt
1059 4123 1260 4177 caelum
1298 4131 1351 4175 et
1393 4128 1599 4177 terram
1628 4122 1709 4175 ’τε
1751 4140 1769 4173 ι
1822 4130 1877 4177 et
1910 4122 2014 4175 alia
2076 4122 2317 4192 denique

748 4214 993 4283 ejusdem
1024 4214 1259 4282 generis,
1294 4228 1417 4283 qua:
1450 4213 1671 4268 locutus
1705 4228 1829 4266 cum
1875 4223 2020 4269 esset
2048 4214 2191 4267 Deus
2215 4229 2314 4283 pa-

747 4308 925 4360 tribus
974 4306 1025 4359 in
1060 4305 1363 4375 prophetis,
1396 4304 1449 4358 in
1501 4304 1821 4360 novissimis
1859 4303 2052 4359 diebus
2093 4304 2312 4360 locutus

743 4407 828 4454 est
859 4398 1099 4452 nobisin
1132 4396 1416 4467 unigenito
1454 4394 1593 4449 Filio
1642 4410 1766 4460 suo,
1819 4410 1916 4465 per
1968 4410 2131 4464 quem
2184 4395 2313 4449 fecit

745 4501 799 4547 et
838 4491 1037 4546 saecula
1065 4490 1130 4543 ".
1162 4487 1315 4543 Illum
1357 4487 1507 4552 novi,
1547 4488 1640 4557 qui
1689 4488 1808 4541 ait:
1861 4505 1880 4539 ι
1915 4485 2043 4542 Ηωο
2074 4496 2160 4543 est
2202 4489 2311 4543 vita

743 4592 969 4647 aeterna,
998 4589 1056 4635 ut
1089 4587 1427 4652 cognoscant
1462 4587 1515 4633 te
1550 4580 1729 4633 solum
1779 4577 1952 4634 Deum
2004 4594 2219 4641 verum,
2256 4589 2312 4634 et

745 4691 904 4745 quem
956 4673 1154 4728 misisti
1208 4671 1393 4727 Jesum
1452 4669 1735 4725 Christum
1758 4669 1826 4721 ”.
1890 4687 1909 4721 ι
1944 4668 2086 4736 Quin
2140 4672 2305 4726 etiam

743 4762 907 4818 credo
948 4764 1001 4815 in
1035 4777 1200 4815 unum
1221 4759 1414 4824 Deum,
1449 4773 1620 4813 unum
1661 4772 1845 4813 rerum
1878 4758 2121 4813 omnium
2156 4760 2306 4829 prin-

741 4856 963 4925 cipium,
1016 4855 1135 4909 sine
1190 4853 1493 4923 principio,
1528 4852 1855 4916 increatum,
1905 4850 2161 4905 interitus
2214 4866 2310 4906 ne-

745 4949 942 5011 scium,
982 4952 1035 4999 et
1092 4942 1477 5005 immortalem,
1537 4940 1953 5010 sempiternum,
2011 4950 2065 4995 et
2114 4956 2308 5011 perpe-

741 5047 922 5099 tuum,
983 5033 1615 5102 incomprehensibilem,
1678 5033 2091 5101 incorporeum,
2165 5026 2309 5085 invi-

741 5127 978 5185 sibilem,
1016 5124 1571 5191 incircumscriptum,
1618 5122 1802 5192 ﬁgurae
1834 5132 2134 5193 expertem,
2176 5125 2306 5179 sub-

742 5216 996 5270 stantiam
1060 5230 1220 5266 unam
1282 5213 1431 5267 omni
1499 5214 1802 5267 substantia
1859 5214 2299 5281 eminentiorem,

742 5307 1001 5359 Deitntem
1037 5306 1230 5373 quavis
1258 5305 1560 5357 divinitatis
1608 5304 1964 5371 intelligentia
2012 5302 2300 5357 sublimio-

739 5416 874 5461 rem,
935 5414 985 5449 in
1041 5396 1290 5465 personis
1340 5394 1503 5465 3&3
1561 5396 1756 5458 tribus,
1808 5392 1968 5446 Patre
2000 5401 2052 5448 et
2078 5394 2219 5448 Filio
2248 5404 2302 5447 et

741 5490 944 5558 Spiritu
977 5493 1197 5549 sancto,
1231 5487 1417 5554 illique
1454 5488 1554 5539 soli
1600 5486 1815 5551 servio;
1849 5485 1953 5554 ipsi
1988 5483 2092 5541 soli
2127 5486 2301 5541 latria:

809 5646 851 5718 f?
870 5644 1037 5718 βοείῃ,
1062 5644 1221 5718 |,_I_8.
1254 5715 1262 5718 _
1300 5646 1343 5675 ³ο
1376 5643 1543 5718 Exod,
1590 5658 1781 5718 missili,
1819 5644 1873 5718 2,
1908 5652 1959 5696 et
1992 5642 2083 5718 22ζ
2157 5648 2197 5718 f'
2243 5644 2411 5700 Exod.
2448 5664 2616 5709 xxx".
2651 5651 2671 5701 1
2716 5666 2869 5718 seqq.

737 5716 785 5744 “
813 5715 939 5767 ibid.
979 5716 1072 5777 13;
1118 5713 1304 5766 Matth.
1357 5731 1427 5775 Iv,
1473 5714 1557 5765 10.
1635 5714 1677 5743 ’⁸
1716 5712 1883 5766 Exod.
1926 5728 2020 5775 xx,
2051 5715 2113 5778 5;
2152 5716 2307 5768 Dent.
2350 5732 2401 5781 γ,
2449 5718 2494 5770 7.

738 5800 790 5844 x,
836 5785 917 5835 ll.
1001 5787 1043 5814 ’⁸
1076 5784 1231 5836 llclir.
1281 5800 1317 5849 l,
1359 5784 1407 5844 l,
1436 5786 1486 5834 2.
1598 5784 1640 5814 "
1678 5782 1833 5836 Joan.
1862 5798 1991 5845 xvn,
2031 5784 2079 5837 5.

2495 3393 2569 3457 ς’.
2602 3390 2734 3446 Οἶδα
2775 3395 2866 3447 τὸν
2907 3396 3154 3463 ἀψευδῶς
3199 3399 3420 3452 εἰπόντα
3450 3416 3464 3430 ο
3521 3422 3538 3452 ι
3578 3404 3785 3473 Κύριος
3815 3411 3844 3461 ό
3872 3409 3999 3474 Sed;

2423 3502 2537 3547 σου,
2568 3486 2771 3555 Κύριος
2802 3480 2882 3548 εἷς
2912 3486 3050 3542 ἐστι.
3092 3508 3110 3539 ι
3141 3489 3272 3552 Καὶ,
3312 3511 3330 3541 ι
3362 3490 3567 3560 Κύριον
3607 3497 3698 3547 τὸν
3732 3498 3871 3551 Θεόν
3907 3519 3995 3553 σου

2421 3575 2850 3645 προσκυνήσεις,
2895 3579 2991 3629 καὶ
3031 3579 3184 3647 αὐτῷ
3228 3581 3375 3651 μόνῳ
3418 3583 3759 3655 λατρεύσεις.
3806 3608 3823 3639 ι
3868 3592 3998 3655 Κα“;,

2424 3684 2442 3716 ε
2473 3667 2587 3718 υύκ
2608 3664 2824 3719 ἔσονταί
2859 3685 2942 3720 σοι
2968 3667 3082 3721 Οεοὶ
3120 3670 3321 3740 ἕτεροι.
3364 3692 3381 3723 ι
3414 3673 3544 3740 Καὶ,
3587 3696 3605 3726 ‹
3642 3680 3719 3731 Οὐ
3748 3684 3998 3751 ποιήσεις

2418 3757 2657 3824 γλυπτὸν
2691 3760 2797 3811 πᾶν
2830 3758 3085 3829 ὁμοίωμα
3107 3800 3121 3825 ,
3151 3761 3253 3815 ὅσα
3284 3765 3341 3817 ἐν
3369 3765 3443 3835 τῷ
3484 3768 3696 3837 ούρανῷ
3720 3811 3734 3832 ,
3772 3774 3871 3824 καὶ
3904 3776 3998 3826 5:1

2418 3850 2475 3899 ὲν
2499 3850 2563 3917 τῇ
2592 3850 2684 3918 γῇ.
2726 3868 2744 3899 ι
2788 3850 2919 3915 Kal,
2962 3867 2980 3900 ι
3017 3851 3475 3922 Αἰσχυνθήτωσαν
3502 3858 3704 3922 πάντες
3733 3863 3785 3911 οῖ
3826 3880 3996 3932 προσ⁸

2418 3937 2707 4001 κυνοῦντες
2743 3941 2855 4002 τοῖς
2888 3939 3171 4009 γλυπτοῖς.
3218 3962 3236 3994 ι
3270 3946 3402 4010 Καὶ,
3440 3967 3457 3997 ι
3506 3948 3662 4012 Θεοὶ,
3693 3953 3742 4003 οῖ
3784 3954 3878 4006 τὸν
3911 3956 3997 4007 οὐδ

2419 4028 2581 4098 ρανὸν
2625 4028 2720 4081 καὶ
2755 4029 2856 4099 τὴν
2889 4030 2994 4101 γῆν
3019 4032 3119 4085 οὐκ
3164 4035 3468 4105 ἐποίησαν,
3518 4039 3938 4097 ἀπολέσθωσαν.
3974 4066 3992 4095 ι

2416 4120 2526 4173 Καὶ
2566 4120 2668 4173 ὅσα
2698 4120 2923 4192 τοιούτῳ
2965 4124 3151 4195 τρόπῳ
3180 4126 3346 4180 πάλαι
3380 4130 3407 4180 ό
3440 4130 3574 4194 Θεὸς
3613 4133 3859 4203 λαλήσας
3884 4141 3996 4199 τοῖς

2419 4212 2715 4282 πατράσιν,
2745 4214 2832 4265 ἐπ’
2869 4214 3112 4284 ἐσχάτων
3150 4217 3258 4272 τῶν
3291 4220 3514 4291 ἡμερῶν
3561 4224 3829 4295 ἐλάλησεν
3864 4230 3993 4297 ἡμῖν

2415 4307 2474 4357 ἐν
2525 4304 2604 4375 τῷ
2651 4309 2933 4375 μονογενεῖ
2980 4307 3096 4377 Υῐῷ
3151 4309 3352 4377 αὑτοῦ,
3389 4312 3455 4364 δι’
3507 4307 3567 4365 οὗ
3614 4318 3741 4379 τοὺς
3792 4320 3993 4383 αἰῶνας

2415 4396 2699 4467 ἐποίησεν.
2730 4391 2860 4451 Οἶδα
2886 4398 2977 4451 τὸν
3010 4400 3253 4469 εἰπόντα,
3295 4421 3314 4454 ι
3357 4403 3505 4474 Αὕτη
3532 4406 3587 4459 δέ
3617 4408 3767 4459 ἐστιν
3796 4412 3828 4479 ἡ
3864 4412 3991 4463 aid:-

2413 4503 2524 4547 νιος
2562 4486 2676 4557 ζωὴ
2702 4526 2715 4551 ,
2752 4487 2840 4540 ἵνα
2868 4486 3179 4555 γινώσκωσι
3225 4508 3285 4543 σε
3324 4492 3413 4545 τὸν
3466 4493 3627 4562 μόνον
3682 4496 3864 4559 ζῶντα
3899 4504 3990 4552 καὶ

2378 4584 2381 4589 ’
2413 4575 2663 4647 ἀληθινὸν
2694 4576 2848 4644 Θεδν,
2884 4580 2979 4631 καὶ
3005 4578 3064 4632 ὃν
3084 4580 3413 4647 ἀπέστειλας
3442 4584 3649 4653 Ἰησοῦν
3675 4587 3935 4657 Χριστόν.
3966 4611 3985 4641 ι

2413 4667 2525 4721 Καὶ
2556 4667 2796 4720 πιστεύω
2830 4669 2911 4732 εἰς
2939 4669 3033 4723 ἕνα
3052 4670 3204 4732 Θεὸν,
3238 4672 3367 4741 μίαν
3388 4674 3496 4725 τῶν
3527 4675 3745 4730 πάντων
3788 4681 3988 4751 ἀρχὴν,

2413 4758 2669 4828 ἄναρχον,
2700 4758 2973 4824 ἅκτιστον,
2999 4759 3302 4829 ἀνώλεθρον
3332 4762 3426 4815 καὶ
3444 4763 3729 4831 ἀθάνατον,
3766 4769 3988 4821 αἰώνιον

2410 4852 2500 4903 καὶ
2520 4851 2709 4917 ἀΐδιον,
2737 4852 3145 4923 ἀκατάληπτον,
3172 4853 3482 4925 ἀσώματον,
3506 4857 3763 4924 ἀόρατον,
3790 4862 3897 4913 ἀπε
3907 4862 3986 4931 ρί-

2409 4960 2685 5013 γραπτον,
2738 4944 3183 5014 ἀσχημάτιστον·
3234 4946 3362 5016 μίαν
3404 4947 3727 5019 ὕπερούσιον
3766 4951 3981 5008 οὐσίαν.

2409 5033 2678 5104 ὑπέρθεον
2714 5034 2965 5103 θεότητα,
3002 5038 3061 5087 ὲν
3088 5038 3266 5106 τρισὶν
3292 5038 3638 5103 ὑποστάσεσι,
3679 5043 3858 5111 Ilath
3893 5047 3984 5095 καὶ

2412 5122 2525 5192 Υἱῷ
2559 5126 2653 5176 καὶ
2684 5124 2823 5195 ἁγίῳ
2860 5126 3169 5195 Πνεύματιο
3204 5129 3296 5181 καὶ
3323 5129 3496 5199 τούτῳ
3528 5131 3675 5199 μόνῳ
3702 5131 3979 5201 λατρεύω,

2414 5217 2505 5268 καὶ
2531 5217 2706 5287 τούτῳ
2738 5219 2881 5288 μόνῳ
2904 5220 3163 5287 προσάγω
3184 5219 3282 5289 τῆς
3309 5220 3561 5290 λατρείας
3586 5222 3977 5290 προσκύνησιν.

2424 5305 2533 5359 'Evl
2560 5308 2677 5375 Θεῷ
2710 5310 3020 5379 προσκυνῶ,
3060 5311 3157 5379 μιᾷ
3200 5309 3437 5378 θεότητι,
3485 5310 3619 5363 ἀλλά
3668 5313 3761 5363 καὶ
3791 5314 3978 5381 Τριάδι

2408 5399 2654 5468 λατρεύω
2701 5401 3088 5453 ὑποστάσεων·
3138 5399 3255 5469 Θεῷ
3305 5401 3515 5469 Πατρὶ,
3562 5400 3655 5453 καὶ
3710 5401 3830 5468 Θεῴ
3865 5401 3977 5469 fit;

2412 5490 2847 5561 σεσαρκωμένῳ,
2892 5492 2985 5543 καὶ
3020 5490 3137 5560 Θεῷ
3175 5490 3316 5560 ἁγίῳ
3358 5489 3634 5560 Πνεύματι
3661 5506 3675 5518 ·
3724 5491 3785 5542 οὐ
3828 5495 3974 5561 τρισὶ

2948 5652 2991 5681 ²³
3027 5649 3182 5703 Rom.
3222 5665 3259 5713 ι,
3302 5649 3389 5704 23.
3502 5649 3547 5680 ’³
3595 5648 3745 5701 Deut.
3802 5663 3869 5707 vi.
3918 5649 3969 5699 4.

2578 5721 2621 5749 η
2654 5714 2950 5781 Exodi-xx,
2976 5721 3028 5773 4.
3100 5720 3143 5750 ³⁷
3175 5720 3317 5773 Psul.
3358 5734 3505 5784 xcvi,
3543 5718 3595 5771 7.
3654 5719 3718 5749 ²⁷⁹
3757 5714 3961 5771 Jerem.
