4172 6490
203 420 338 498 1325

1240 433 1335 492 DE
1363 430 1805 492 IMAGINIBUS
1844 430 2120 487 OHA'I‘lU
2166 428 2272 486 [11.

3249 433 3379 498 1325

205 546 370 606 Θεοῖς,
401 543 515 596 ἀλλ’
563 542 640 594 ένί
665 559 676 570 ·
716 543 775 594 οὐ
811 540 1167 611 διῃρημέναις
1208 541 1585 605 ὑποστάσεσιν,
1627 539 1739 592 ἀλλ’
1773 545 1813 598 Δ
1842 556 1852 589 i

1730 539 2048 598 'Acultmn
2101 539 2350 591 exhibeo.
2417 537 2580 590 Deum
2645 553 2804 590 unum
2869 539 3055 603 adoro,
3120 540 3377 599 Deitatem

199 635 521 707 ήνωμέναις.
554 635 628 686 Οὐ
658 635 801 704 τρεῖς
848 631 1239 702 προσκυνήσεις
1282 631 1572 699 προσάγω,
1607 629 1738 680 ἀλλὰ

205 724 359 786 μίαν·
402 724 498 792 οὐχ
538 724 740 791 ἑκάστῃ
765 722 874 773 τῶν
905 722 1254 773 ὑποστάσεων
1296 721 1585 790 άναμέρος,
1626 718 1740 771 ἀλλ’

199 813 418 874 ἐνιαίως,
435 815 555 873 ταῖς
585 811 762 879 τρισὶν
801 809 1183 873 ὕποστάσεσιν,
1218 809 1294 870 ὡς
1328 808 1407 860 ἐνὶ
1439 807 1576 875 Θεῷ,
1615 806 1740 875 μίαν

201 900 457 969 προσάγω
510 897 899 967 προσκύνησιν.
962 899 1035 951 Οὐ
1097 899 1385 969 προσκυνῶ
1426 898 1522 967 τὴν
1567 897 1740 948 κτίσιν

207 991 349 1060 παρὰ
373 991 463 1043 τὸν
491 989 796 1054 κτίσαντα,
833 990 967 1043 ἀλλὰ
1004 989 1304 1060 προσκυνῶ
1351 987 1441 1040 τὸν
1484 989 1740 1056 Κτίστην,

199 1080 484 1132 κτισθέντα
511 1081 570 1133 τὺ
596 1082 714 1132 κατ’
743 1081 877 1148 ἐμὲ,
907 1080 1000 1132 καὶ
1032 1081 1112 1142 εἰς
1144 1079 1321 1131 κτίσιν
1363 1076 1742 1136 ἀταπεινὼτως

198 1168 288 1219 καὶ
332 1167 702 1235 ἀκαθαιρέτως
754 1165 1190 1236 κατεληλυθότα,
1227 1166 1313 1218 ἶνα
1349 1164 1444 1233 τὴν
1475 1164 1613 1231 ἐμὴν
1655 1163 1743 1213 δοο

1842 641 2000 678 unam
2028 645 2039 678 :
2073 626 2162 678 scd
2191 634 2242 677 et
2275 638 2630 691 personarum
2675 623 2990 679 Trinitatem
3039 630 3178 690 colo,
3217 630 3377 683 Deum

1845 715 2076 776 Patrem,
2109 721 2160 767 et
2191 714 2354 766 Deum
2387 713 2579 766 Filium
2626 717 2990 780 incarnatum,
3023 729 3380 788 sanctumque

1843 807 2137 874 Spiritum;
2182 824 2287 860 non
2321 815 2428 860 tres
2459 807 2612 872 deos,
2668 811 2763 863 sed
2800 825 3000 874 unum;
3034 828 3140 865 non
3179 813 3380 867 divisas

1844 900 2178 967 liypostases,
2218 899 2307 951 sed
2347 899 2545 952 unitas.
2593 898 2727 953 Tres
2755 902 3098 956 adorationes
3152 919 3256 956 non
3288 905 3379 958 ad-

1846 985 2022 1046 bibeo,
2055 987 2144 1039 sed
2177 1000 2340 1037 unam
2373 986 2656 1039 duntaxat.
2713 987 2828 1039 Non
2883 990 3104 1041 cuilibet
3136 1006 3382 1057 persona:

1845 1077 2092 1138 scorsim,
2128 1077 2221 1128 sed
2275 1076 2451 1128 tribus
2497 1077 2830 1142 conjunctim
2866 1080 3133 1145 personis,
3167 1087 3225 1129 ut
3260 1095 3378 1146 qum

1845 1165 1985 1218 Deus
2028 1180 2167 1219 unus
2217 1173 2365 1228 sunt,
2399 1166 2768 1220 adorationem
2817 1183 2979 1219 unam
3030 1169 3229 1219 tribuo.
3267 1167 3379 1220 Neu

198 1254 332 1325 ξάσῃ
364 1257 525 1325 φύσιν
549 1295 564 1319 ,
610 1257 705 1308 καὶ
749 1255 900 1318 θείας
952 1254 1204 1308 κοινωνὸν
1241 1252 1618 1322 ἀπεργάσηται
1647 1250 1742 1318 φύ-

1732 1281 1742 1290 -
1845 1252 2012 1306 aduro
2047 1260 2351 1306 creaturam
2383 1255 2562 1322 potius
2611 1270 2774 1322 quam
2806 1255 3116 1309 Creatorem
3149 1271 3160 1304 :
3197 1272 3379 1309 verum

197 1362 355 1405 σεως.
411 1345 823 1415 Συμπροσκυνῶ
883 1345 960 1414 τῷ
1019 1345 1236 1413 βασιλεῖ
1293 1343 1387 1394 καὶ
1429 1341 1584 1410 Θεῷ,
1643 1340 1742 1406 τὴν

1734 1356 1742 1386 ν
1844 1345 2154 1396 Creatorem
2220 1344 2408 1408 adoro,
2461 1345 2552 1412 qui
2596 1346 2670 1397 -id
2705 1345 2847 1412 quod
2897 1360 3012 1398 sum
3070 1345 3244 1398 factus
3277 1357 3381 1406 est,

197 1432 486 1502 ἁλουργίδα
521 1433 613 1485 τοῦ
647 1434 895 1503 σώματος
925 1475 938 1497 ,
987 1436 1086 1503 οὐχ
1119 1435 1194 1495 ὡς
1246 1433 1492 1501 ἱμάτιον,
1529 1431 1635 1482 οὐδ’
1670 1430 1743 1491 ὡς
1843 1470 1844 1475 η

1740 1448 1743 1457 ’
1843 1443 2006 1500 atque
2049 1432 2116 1484 ad
2161 1441 2466 1487 creaturam
2518 1435 2635 1487 sine
2667 1435 2750 1489 Sui
2797 1435 3141 1502 depressione
3176 1443 3268 1486 aut
3294 1435 3387 1487 de-

196 1523 456 1587 τέταρτον
494 1523 812 1592 πρόσωπον·
852 1525 1030 1590 ἄπαγε
1057 1539 1070 1552 ⁸
1108 1522 1222 1576 ἀλλ’
1270 1522 1343 1582 ὡς
1387 1521 1609 1589 ὁμόθεον
1631 1519 1741 1589 (9.0)
1841 1577 1843 1584 η

1738 1535 1741 1569 l
1841 1521 2077 1588 jectione
2143 1522 2450 1586 descendit,
2525 1537 2632 1591 quo
2683 1533 2930 1575 naturam
3002 1525 3385 1576 cobonestarct

194 1612 629 1682 χρηματίσασαν,
664 1612 759 1665 καὶ
800 1614 1090 1682 γινομένην
1123 1614 1258 1680 ὅπερ
1298 1611 1358 1662 τὸ
1388 1611 1579 1679 χρίσαν
1609 1610 1743 1678 ἀμε-

1734 1637 1743 1648 -
1846 1625 2043 1674 meam,
2106 1607 2412 1679 divinarqne
2458 1610 2660 1666 faceret
2719 1620 3024 1666 consortem
3090 1622 3298 1666 natura:
3320 1613 3381 1664 ⁸⁸.

192 1702 493 1770 ταὸλήτως,
523 1690 596 1753 Οὖ
624 1701 730 1770 γὰρ
759 1701 950 1771 θεότης
997 1705 1029 1772 ή
1063 1701 1222 1769 φύσις
1263 1700 1448 1768 γέγονε
1476 1701 1572 1767 τῆς
1612 1715 1740 1766 σαρ-

1738 1728 1740 1736 ι
1847 1697 1960 1750 Una
1993 1713 2112 1752 cum
2143 1706 2265 1766 rege
2302 1711 2355 1753 et
2387 1699 2516 1763 Deo,
2547 1699 2812 1768 corporis,
2850 1710 2908 1754 u‘t
2944 1702 3016 1752 ita
3057 1703 3231 1754 dicam
3261 1717 3385 1769 pur-

195 1789 323 1850 κός·
368 1788 482 1842 ἀλλ’
531 1790 718 1860 ὥσπερ
756 1791 784 1840 ὁ
815 1788 982 1857 Λόγος
1019 1790 1153 1858 σὰρξ
1184 1792 1467 1859 ἀτρέπτως
1505 1788 1738 1854 ἐγένετο,

1734 1826 1738 1844 .
1847 1802 2037 1854 puram
2072 1788 2270 1842 adoro;
2300 1804 2406 1842 non
2437 1790 2656 1857 quidem
2696 1799 2950 1858 tanquam
2984 1791 3381 1851 indumentum,

197 1878 384 1950 μείνας
407 1882 540 1947 ὅπερ
567 1881 758 1951 προῆν,
781 1879 922 1934 οὕτω
948 1882 1038 1932 καὶ
1064 1882 1096 1950 ή
1136 1879 1270 1950 σὰρξ
1293 1880 1463 1946 Λόγος
1492 1878 1735 1945 γέγονεν.
1774 1873 1815 1925 Β

1774 1873 1815 1925 Β
1845 1893 2020 1946 neque
2050 1885 2108 1931 ut
2149 1887 2398 1948 quartam
2445 1895 2757 1949 personam,
2811 1881 2904 1934 sed
2946 1889 3002 1933 ut
3039 1897 3156 1949 qua:
3187 1883 3383 1948 pariter

190 1980 295 2019 ουκ
327 1968 635 2021 ἀπολέσασα
662 1967 808 2022 τοῦθ’
866 1970 1001 2038 ὅπερ
1066 1969 1222 2034 ἐστὶ,
1276 1966 1634 2034 ταυτιζομένη
1686 1964 1740 2015 δὲ

1735 1984 1740 2012 ί
1848 1967 2077 2021 exsistat
2107 1967 2266 2030 Deus,
2310 1969 2557 2037 idemque
2583 1985 2706 2022 cum
2731 1984 2794 2023 eo
2816 1971 2906 2038 qui
2941 1970 3114 2038 ipsam
3149 1971 3382 2031 inunxit,

198 2049 397 2127 μᾶλλον
427 2058 562 2127 πρὸς
585 2058 676 2110 τὸν
705 2057 874 2125 Λόγον
900 2059 1022 2111 καθ’
1052 2059 1365 2111 ὑπόστασιν.
1403 2057 1493 2108 Διὸ
1524 2054 1739 2125 θαρῤὦν

1737 2075 1739 2089 ι
1846 2055 2049 2124 absque
2084 2057 2168 2111 sui
2210 2059 2512 2113 mutatione
2551 2059 2690 2111 facta
2727 2059 2909 2113 fuerit.
2945 2058 3060 2114 Non
3091 2062 3231 2114 enim
3268 2061 3384 2114 Dei-

195 2147 445 2210 εἰκονίζω
485 2147 617 2199 Θεὸν
645 2147 735 2199 τὸν
765 2147 1017 2217 ἀόρατον,
1049 2147 1116 2200 δι’
1156 2149 1302 2216 ἡμᾶς
1346 2145 1632 2215 γενόμενον
1681 2144 1740 2194 ὲν

1737 2162 1740 2181 >
1846 2150 1928 2194 tas
1968 2144 2021 2196 in
2063 2141 2246 2200 carnis
2286 2152 2536 2198 naturam
2583 2146 2869 2214 migravit,
2908 2147 3001 2201 sed
3044 2149 3384 2216 quemadmo~

197 2235 413 2305 μεθέξει
444 2239 642 2306 σαρκός
689 2254 747 2290 τε
797 2238 894 2291 καὶ
943 2239 1190 2306 αἵματος.
1241 2237 1315 2290 Οὐ
1366 2238 1463 2305 τὴν
1510 2235 1736 2303 ἀόρατον
1842 2259 1844 2275 ι

1735 2262 1736 2267 η
1842 2231 1969 2284 dum
1998 2231 2255 2298 Verbum,
2298 2240 2524 2288 manens
2557 2234 2608 2288 id
2650 2232 2792 2303 quod
2824 2245 2962 2302 erat,
3004 2239 3123 2291 sine
3155 2253 3382 2294 conver-

192 2325 442 2388 εἰκονίζω
472 2326 718 2395 θεότητα,
746 2327 860 2380 ἀλλ’
889 2328 1138 2392 εἰκονίζω
1162 2325 1295 2378 Θεοῦ
1328 2327 1425 2396 τὴν
1454 2324 1737 2394 ὀραθεῖσαν

1736 2345 1737 2358 ι
1842 2322 1997 2376 sione
2046 2321 2249 2377 factum
2288 2331 2371 2377 est
2410 2339 2573 2390 caro;
2623 2325 2702 2379 sie
2752 2326 2911 2380 etiam
2952 2341 3084 2379 caro
3137 2327 3272 2380 facta
3302 2341 3383 2382 est

195 2413 411 2482 σάρκα·
463 2417 511 2466 el
551 2415 658 2486 γὰρ
699 2415 876 2486 ψυχήν
928 2416 1192 2468 εἰκονεσαι
1238 2416 1513 2484 ἀμήχανον
1539 2450 1553 2478 ,
1589 2413 1738 2480 πόσῳ
1841 2412 1842 2415 “

1735 2437 1738 2455 ›
1841 2410 2099 2472 Verbum,
2135 2411 2189 2464 id
2224 2413 2365 2480 quod
2397 2421 2482 2466 est
2522 2427 2626 2465 non
2660 2413 3212 2482 amittens;-quinimo
3243 2417 3382 2470 idem

195 2503 396 2571 μᾶλλον
427 2504 517 2556 τὸν
544 2505 639 2557 καὶ⁵
660 2508 726 2575 τῇ
758 2504 903 2575 ψυχῇ
929 2505 1084 2558 δόντα
1106 2505 1167 2556 τὸ
1191 2504 1352 2558 ἇῦλον
1376 2520 1390 2566 ;

1842 2515 1965 2554 cum
2030 2499 2208 2556 Verbo
2255 2503 2554 2557 secundum
2605 2504 2938 2572 hypostasim
2982 2505 3140 2559 facta.
3188 2506 3384 2570 Quam-

190 2594 380 2647 obrem
420 2595 708 2651 invisibilis
761 2595 852 2651 Dei
887 2596 1174 2652 eﬂ‘ormare
1215 2595 1503 2665 imaginem
1539 2593 1742 2655 audeo,
1784 2606 1892 2644 non
1929 2606 1990 2645 ea
2027 2595 2237 2647 ratione
2273 2609 2380 2662 qua
2454 2595 2743 2649 invisibilis
2790 2603 2895 2658 est,
2974 2597 3066 2650 sed
3108 2611 3211 2664 qua
3259 2608 3384 2664 pro-

191 2690 318 2752 pter
355 2700 452 2741 nos
491 2688 642 2740 carni
679 2695 733 2741 et
789 2688 1041 2756 sanguini
1094 2688 1424 2756 participans
1476 2686 1542 2748 ⁸¹,
1607 2683 1837 2736 visibilis
1870 2682 2046 2740 laetus
2082 2693 2186 2740 est.
2251 2685 2490 2755 Imagine
2555 2702 2663 2740 non
2732 2687 3014 2753 Deitatem,
3076 2690 3169 2742 sed
3235 2704 3385 2757 aspco

192 2771 444 2830 ctabilem
478 2789 696 2828 carnem
744 2776 1010 2843 exprime.
1061 2775 1118 2829 Si
1168 2778 1312 2830 enim
1347 2777 1537 2828 animas
1599 2772 1949 2826 simulacrum
2008 2776 2196 2842 nequit
2257 2775 2462 2843 eﬂingi;
2518 2785 2724 2843 quanto
2773 2777 2954 2831 minus
3006 2779 3174 2844 ipsius
3254 2778 3384 2842 Dei,

195 2864 287 2933 qui
309 2863 502 2918 anima
533 2863 808 2917 concessit
843 2870 902 2916 ut
939 2865 1184 2919 materia:
1219 2878 1410 2933 expers
1441 2864 1599 2918 foret.

267 2952 332 3016 ζ’.
375 2953 536 3005 Ἀλλά
567 2970 727 3021 φασιν
751 2969 765 2984 ·
802 2950 970 3008 Εἶπεν
995 2954 1024 3004 ὁ
1052 2956 1182 3017 Θεὸς
1219 2956 1303 3007 διὰ
1329 2955 1604 3016 Μωῦσέως
1642 2951 1736 3006 τοῦ

195 3045 509 3115 νομοθέτου,
555 3061 572 3094 ι
611 3044 812 3114 Κύριον
853 3045 945 3097 τὸν
994 3046 1125 3096 Θεὸν
1174 3063 1267 3098 σου
1317 3045 1736 3114 προσκυνήσεις,

194 3135 292 3187 καὶ
349 3131 496 3202 αὑτῷ
551 3132 698 3201 μόνῳ
747 3115 1084 3200 λατρεύσεις.
1134 3150 1154 3183 ι
1201 3133 1346 3193 Καὶ,
1405 3148 1426 3182 ι
1461 3133 1536 3186 uo
1586 3131 1741 3198 ποιή-

1907 2950 1960 3002 Ί.
1996 2950 2126 3012 Ast,
2167 2950 2447 3017 inquiunt,
2496 2949 2637 3004 Deus
2693 2967 2786 3020 per
2839 2952 3056 3021 Moysen
3120 2956 3389 3024 legislatu-

1831 3022 1956 3092 rem
1993 3038 2243 3106 praecepit
2273 3051 2287 3088 :
2323 3051 2344 3087 ι
2379 3037 2668 3093 Dominum
2702 3040 2866 3095 Deum
2912 3052 3066 3096 tuum
3106 3022 3383 3113 adorabis,

1841 3137 1893 3182 et
1928 3127 2029 3196 ipsi
2058 3128 2158 3185 soli
2190 3126 2395 3182 servies
2416 3129 2482 3180 “.
2513 3146 2531 3178 ι
2568 3128 2633 3180 Et
2665 3147 2678 3182 :
2724 3147 2744 3180 ι
2775 3130 2892 3184 Νοιι
2925 3131 3098 3188 facies
3134 3136 3229 3189 tibi
3270 3151 3388 3191 om.

195 3233 312 3282 σεις
337 3221 442 3272 πᾶν
479 3219 724 3288 ὁμοίωμα
745 3257 761 3283 ,
797 3208 908 3270 ’ὅσα
936 3220 993 3270 έν
1041 3216 1118 3285 τῷ
1151 3217 1362 3287 οὐρανῷ
1382 3259 1397 3282 ,
1425 3216 1517 3269 καὶ
1543 3217 1644 3268 ὅσα
1686 3216 1743 3269 έν
1768 3223 1812 3280 c

1738 3223 1812 3280 νο
1843 3228 1962 3267 nem
1996 3213 2411 3290 similitudinem
2445 3229 2632 3269 eorum
2663 3231 2783 3286 qum
2821 3219 2877 3271 in
2904 3220 3065 3283 cmlo,
3103 3232 3158 3276 et
3184 3238 3305 3289 quae
3330 3227 3385 3280 in

191 3313 261 3380 τῇ
290 3313 380 3380 rii-

276 3399 537 3466 ’Δδελφόὶ,
570 3399 738 3461 ὅντως
767 3397 1073 3451 πλανῶνται
1118 3397 1166 3449 οἱ
1201 3395 1275 3466 μή
1321 3396 1518 3458 ειδότες
1564 3395 1638 3455 ὡς
1679 3389 1740 3444 τὸ

193 3491 425 3561 γράμμα
458 3489 788 3552 ἀποκτείνει,
819 3488 880 3540 τὸ
915 3488 972 3540 δὲ
1000 3486 1218 3556 πνεῦμα
1252 3487 1546 3548 ζωοποιεῖ·
1577 3488 1623 3537 ot
1660 3484 1736 3553 μὴ

191 3579 516 3648 ἐρευνῶντες
567 3577 627 3629 τὸ
694 3577 798 3629 ὑπὸ
861 3577 964 3647 τῷ
1003 3577 1289 3646 γράμματι
1356 3576 1736 3644 κεκρυμμένον

192 3669 408 3737 πνεῦμα
431 3685 446 3699 ·
487 3667 620 3736 πρὸς
650 3666 744 3729 οὓς
780 3668 846 3720 ἂν
879 3665 1050 3731 ἀξίως
1093 3668 1299 3734 εἴποιμι
1326 3681 1340 3693 ·
1380 3665 1439 3718 '0
1467 3663 1625 3716 τοῦτο
1652 3663 1734 3714 δι-

188 3760 352 3822 δάξας
377 3760 541 3827 ὑμᾶς,
563 3758 824 3820 διδαξάτω
865 3760 958 3811 καὶ
981 3760 1040 3811 τὸ
1076 3758 1358 3826 ἑπόμενον.
1386 3755 1560 3820 Μάθε,
1589 3754 1735 3816 ὅπως

188 3850 477 3921 ιρμηνεύει
503 3850 632 3902 αὐτὸ
656 3849 684 3899 ὁ
721 3848 1036 3918 νομοθέτης,
1073 3841 1176 3901 ὧδέ
1207 3864 1321 3908 πως
1353 3847 1411 3899 ὲν
1437 3845 1514 3914 τῷ
1542 3847 1737 3901 Δευτεν

194 3937 654 4009 ρονομίῳλέγων·
693 3955 711 3988 ι
760 3938 868 3990 Καὶ
909 3936 1136 4006 ὲλάλησε
1172 3935 1374 4004 Κύριος
1417 3936 1551 4005 πρὸς
1590 3935 1731 4004 ὑμᾶς

188 4029 255 4080 έκ
303 4027 468 4097 μέσου
499 4027 589 4078 τοῦ
621 4027 790 4096 πυρός
817 4043 830 4057 ·
876 4028 1056 4095 φωνήν
1099 4028 1355 4096 ῥημάτων
1388 4027 1542 4094 ὑμεῖς
1570 4026 1731 4093 ἠκού-

187 4134 338 4181 σατε,
367 4120 458 4170 καὶ
492 4118 741 4186 δμοίωμα
765 4117 864 4169 οὐκ
894 4118 1082 4180 εἴδετε,
1115 4118 1229 4170 ἀλλ’
1255 4117 1288 4185 ἢ
1325 4120 1525 4186 φωνήν.
1570 4135 1587 4166 ι
1624 4117 1732 4168 Καὶ

191 4205 309 4275 μετ’
360 4207 548 4274 ὀλῖγα·
602 4224 620 4256 ι
661 4207 770 4258 Καὶ
817 4204 1124 4273 φυλάξασθε
1176 4205 1376 4274 σφόδρα
1416 4206 1513 4266 τὰς
1553 4205 1730 4272 ψυχὰς

1846 3317 1991 3360 terra
2022 3314 2149 3359 sunt
2179 3303 2290 3357 ".“i

1913 3393 2108 3448 Errant
2140 3394 2383 3464 profecto
2412 3397 2513 3461 illi,
2555 3400 2648 3467 qui
2677 3400 2916 3454 litteram
2956 3403 3239 3468 occidere,
3270 3406 3384 3474 spi-

1847 3482 2014 3535 ritum
2054 3498 2182 3538 vero
2214 3485 2488 3540 viviﬁcare
2513 3486 2559 3517 “
2605 3489 2883 3553 nesciunt,
2923 3506 3022 3543 nec
3061 3493 3161 3545 sub
3207 3494 3386 3549 littera

1845 3573 2143 3627 latitantem
2217 3572 2466 3643 spiritum
2540 3569 2840 3645 inquirunt.
2903 3579 3049 3645 Quos
3115 3582 3195 3636 sic
3261 3584 3385 3652 jure

1843 3662 2048 3730 possim
2098 3663 2299 3732 alloqui
2334 3684 2347 3718 :
2385 3661 2488 3730 Q’ui
2534 3679 2630 3721 vos
2655 3667 2760 3720 hoc
2799 3667 3008 3732 docuit,
3062 3670 3191 3723 illud
3223 3671 3384 3726 etiam

1839 3752 1986 3821 quod
2037 3754 2319 3822 sequitur,
2371 3755 2611 3810 edoceat.
2675 3755 2834 3811 Disce
2866 3759 3092 3820 tandem
3143 3773 3381 3828 quonam

1841 3851 2003 3910 pacto
2050 3842 2154 3896 hoc
2202 3843 2486 3912 legislator
2539 3845 2943 3914 interpretetur,
2989 3848 3057 3902 ad
3095 3848 3238 3904 hunc
3271 3849 3382 3905 fere

1839 3931 2059 3984 modum
2100 3932 2154 3984 in
2184 3930 2596 3986 Deuterunomio
2621 3933 2821 3989 dicens
2851 3952 2864 3989 :
2906 3954 2924 3986 ι
2959 3935 3024 3988 Ει
3059 3936 3272 3994 locutus
3299 3949 3383 3993 est

1840 4020 2101 4078 Dominus
2129 4023 2196 4076 ad
2224 4022 2320 4078 vos
2346 4021 2411 4078 de
2441 4024 2618 4078 medio
2652 4025 2817 4094 ignis.
2851 4023 3054 4082 Vocem
3085 4029 3377 4084 verborum

1836 4124 1934 4163 vos
1967 4110 2220 4176 audistis,
2262 4109 2671 4167 similitudinem
2724 4129 2833 4168 non
2865 4116 3078 4171 vidistis
3111 4117 3178 4170 ³⁸.
3210 4136 3229 4168 ι
3257 4116 3327 4172 Et
3360 4134 3376 4173 ι

1842 4215 1860 4247 ι
1895 4196 2117 4252 Servate
2142 4199 2428 4270 diligenter
2456 4201 2665 4255 animas
2692 4212 2922 4271 vestras,
2954 4207 3083 4274 quia
3114 4207 3378 4262 similitu-

1834 4288 2012 4342 dinem
2053 4303 2161 4342 non
2197 4289 2414 4360 vidistis
2458 4291 2515 4344 in
2558 4291 2648 4345 die
2688 4305 2796 4362 qua
2827 4294 3044 4348 locutus
3081 4297 3380 4352 est'Domi-

1836 4394 1940 4432 nus
1980 4378 2044 4431 ad
2085 4393 2178 4433 vos
2206 4379 2262 4431 in
2288 4377 2472 4434 Horeb
2498 4380 2552 4433 in
2577 4381 2848 4436 monte‘de
2885 4385 3064 4438 medio
3092 4385 3254 4455 ignis,
3289 4403 3380 4443 ne-

189 4295 360 4365 ὺμῶν,
394 4296 475 4348 ὅτι
517 4297 768 4364 ὁμοεωμα
791 4297 891 4350 οὐκ
915 4295 1082 4348 εἴδετε
1125 4297 1180 4347 ὲν
1205 4298 1270 4362 τῇ
1302 4295 1501 4364 ἡμέρᾳ,
1607 4294 1728 4346 ἐλά-

186 4383 316 4453 λησε
364 4385 562 4452 Κύριος
610 4385 744 4453 πρὸς
780 4383 925 4453 ὑμᾶς
955 4384 1012 4436 tv
1061 4382 1260 4451 Χωρὴσ
1312 4385 1368 4434 ὲν
1403 4384 1482 4452 τῷ
1511 4384 1624 4450 ὄρει
1666 4385 1728 4434 ὲκ

189 4471 355 4540 μέσου
388 4473 481 4525 τοῦ
522 4473 712 4542 πυρὸς,
762 4475 898 4544 μήτε
931 4473 1262 4541 άνομήσητε,
1305 4474 1436 4541 μήτε
1469 4475 1726 4541 ποιήσητε
1833 4493 1836 4515 ι

1833 4470 2050 4537 quando
2097 4478 2287 4522 contra
2343 4471 2512 4538 legem
2573 4472 2770 4539 agatis,
2848 4471 3169 4542 faciatiSque
3225 4479 3379 4534 vobis

185 4561 315 4630 ὑμῖν
373 4563 581 4622 ὲαυτοίς
640 4560 878 4629 γλυπτδν
937 4562 1219 4631 ὁμοίωμα,
1280 4563 1458 4613 πᾶσαν
1512 4563 1726 4628 εἰκόνα,
1764 4553 1806 4605 D

1764 4553 1806 4605 D
1840 4559 2096 4626 sculptile
2140 4559 2516 4625 simulacrum,
2560 4573 2771 4615 omnem
2822 4561 3127 4633 imaginem,
3181 4568 3375 4621 simili-

180 4649 432 4718 ὁμοίωμα
463 4650 750 4718 ἀρσενικοῦ
791 4657 822 4698 Ι
863 4648 896 4719 ἢ
931 4649 1166 4718 θηλυκοῦ
1189 4691 1203 4712 ,
1253 4649 1496 4717 ὁμοίωμα
1532 4651 1727 4711 παντὸς

1834 4648 2074 4701 tudinem
2106 4649 2330 4701 masculi
2387 4657 2442 4704 et
2476 4648 2713 4713 feminae,
2748 4651 3164 4707 similitudinem
3198 4660 3374 4712 omnis

181 4740 412 4807 κτήνους
438 4741 542 4790 τῶν
585 4740 752 4791 ὄντων
795 4740 885 4790 ἐπὶ
932 4740 1032 4806 τῆς
1065 4741 1204 4807 γῆς,
1244 4739 1490 4807 ὁμοίωμα
1530 4739 1726 4799 παντὸς
1825 4794 1828 4804 η

1725 4760 1726 4763 η
1825 4738 2060 4806 iumenti
2119 4737 2262 4804 quod
2318 4746 2401 4792 est
2451 4753 2614 4808 super
2681 4747 2914 4804 terram;
2966 4743 3372 4800 similitudinem

178 4828 366 4899 ὀρνέου
393 4829 689 4899 πτερωτοῦ,
732 4849 750 4880 ι
781 4831 875 4882 καὶ⁵
904 4830 971 4880 τὰ
1005 4830 1147 4897 ἑξῆς.
1182 4831 1289 4881 Καὶ
1319 4830 1453 4898 μετὰ
1482 4829 1684 4898 βραχέα
1710 4846 1722 4860 ·

1829 4828 2010 4881 omnis
2069 4827 2305 4882 volucris
2361 4836 2607 4896 pennata!
2637 4828 2702 4893 “,
2759 4847 2778 4878 ι
2819 4836 2925 4884 etc.
2986 4820 3051 4883 Et
3096 4834 3373 4902 aliquanto

184 4929 206 4962 ε
238 4909 330 4979 Μή
360 4927 489 4964 ποτε
516 4914 818 4981 ἀναϐλέψας
846 4915 926 4975 εἰς
967 4916 1059 4964 τὸν
1087 4914 1333 4984 οὐρανὸν,
1365 4919 1457 4968 καὶ
1481 4917 1604 4967 ἰδὼν
1633 4916 1723 4967 τὸν
1830 4938 1831 4941 η

1830 4927 1995 4989 post:
2035 4918 2148 4970 «Ἐι
2186 4934 2252 4973 ne
2303 4920 2441 4973 forte
2471 4918 2697 4972 elevatis
2749 4921 2922 4974 oculis
2977 4922 3042 4974 ad
3071 4923 3290 4990 caelum,
3323 4936 3374 4979 et

175 4998 348 5066 ἥλιον,
377 5000 468 5051 καὶ
493 5001 589 5069 τὴν
617 5000 866 5070 σελήνην,
889 5003 980 5054 καὶ
1005 5003 1127 5064 τοὺς
1155 5003 1408 5073 ἀστέρας,
1429 5006 1521 5056 καὶ
1543 5006 1714 5057 πάντα

1837 5013 2006 5064 solem
2039 5019 2092 5064 ct
2137 5011 2316 5063 lunam
2372 5011 2624 5077 intuitus,
2663 5025 2987 5080 omnemque
3047 5014 3168 5068 coeli
3208 5029 3373 5069 orna-

174 5089 270 5141 τδν
318 5090 520 5160 κόσμον
544 5091 637 5143 τοῦ
682 5092 944 5161 οὐρανοῦ,
997 5095 1290 5163 πλανηθεὶς
1336 5099 1716 5168 προσκυνήσῃς

1711 5115 1716 5155 :
1824 5112 1960 5162 tum,
2034 5115 2218 5154 errore
2290 5100 2546 5170 deceptus
2599 5099 2791 5154 adores
2861 5113 2948 5163 ea,
3027 5111 3081 5156 et
3152 5105 3358 5158 servias

201 5287 209 5298 -
248 5260 364 5337 '°_l_l
388 5261 528 5337 Petr.
564 5263 711 5337 id“.
746 5263 1032 5337 “filis-Dr.
1067 5281 1125 5328 ιι,
1160 5266 1240 5319 14.
1337 5268 1379 5296 ³⁸
1407 5266 1576 5321 Exod.
1613 5284 1682 5331 νι,
1711 5271 1793 5323 13.

1716 5271 1793 5323 l5.
1901 5271 1943 5300 ³³
1981 5270 2134 5324 Deul.
2190 5287 2277 5334 xx,
2321 5274 2368 5324 ι.
2487 5272 2530 5303 ³⁸
2568 5271 2609 5324 ll
2648 5271 2773 5326 Cor.
2830 5287 2911 5337 ιιι,
2975 5272 3028 5325 6.
3105 5233 3175 5304 .⁸³
3211 5271 3363 5329 Deut.

175 5345 249 5390 iv,
294 5331 378 5384 14.
460 5331 503 5360 ³⁵
544 5331 675 5383 ibid.
741 5332 919 5385 15-17.

1337 5268 1379 5296 ²¹
1407 5266 1576 5321 Exod.
1613 5284 1682 5331 vi,
1711 5271 1793 5323 l3.
1901 5271 1943 5300 ³³
1981 5270 2134 5324 Deul.
2190 5287 2277 5334 xx,
2321 5274 2368 5324 πί.

1425 5432 1661 5488 VARi/E
1702 5428 1987 5488 LECTION
1997 5432 2094 5487 ES.

247 5521 275 5560 ῖ
306 5513 454 5567 Colb.
488 5517 666 5568 πᾶσαν
692 5517 871 5568 εἰκόνα
904 5519 1203 5585 ἀρσευικοῦ.

1670 5607 1897 5662 NOTAE.

253 5700 362 5763 (20)
394 5699 595 5768 Graece,
626 5703 866 5772 ὁμόοεος,
895 5703 961 5758 de
983 5719 1089 5772 quo
1119 5703 1317 5756 videsis
1342 5718 1459 5762 quae
1482 5704 1545 5756 ad
1577 5716 1714 5757 orat.
1758 5705 1779 5757 t
1815 5703 2072 5758 diximus.
