4172 6490
178 481 309 547 £329

1217 484 1311 542 DE
1353 483 1804 544 IMAGINIBUS
1842 479 2118 541 ORATIO
2144 478 2253 536 Ill.

3230 467 3364 524 1330

170 589 442 656 ποσότητά
469 605 525 640 τε
564 588 654 640 καὶ
694 591 1043 659 πηλικότητα,
1080 593 1170 642 καὶ
1213 591 1534 661 χαρακτῆρα
1567 590 1722 656 περί·
1751 596 1772 648 1

1831 587 1915 655 qui
1949 586 2100 638 cerni
2139 598 2248 636 non
2301 587 2496 648 potest,
2533 585 2807 643 assumpta
2848 589 3010 626 carne
3042 586 3099 624 se
3141 573 3359 638 conspi-

170 678 326 747 θηται
355 674 619 746 σώματος,
647 679 765 729 τότε
794 680 850 729 έν
876 680 1059 742 πίναξι
1100 679 1333 748 χάραττέ
1368 696 1425 730 τε
1474 680 1563 728 καὶ
1593 680 1720 729 ἀνα-

162 767 302 820 τίθει
325 769 455 837 πρὸς
478 768 704 836 θεωρίαν
733 768 820 820 τὸν
839 769 1097 838 ὁραθῆναι
1139 769 1579 835 καταδεξάμενον.
1628 767 1720 834 χά·

171 873 332 924 ραττε
362 858 545 908 τούτου
565 857 661 925 τὴν
686 858 886 923 ἄφατον
910 859 1328 926 συγκατάϐασιν,
1361 857 1457 926 τὴν
1482 858 1546 908 ὲκ
1579 856 1723 924 Παρ-

171 944 320 994 θένου
370 945 638 1010 γέννησιν,
676 944 771 1013 τὴν
806 947 861 998 ὲν
917 947 1152 1015 Ἰορδάνῃ
1207 946 1476 1012 βάπτισιν,
1525 941 1622 1010 τὴν
1664 943 1721 993 ὲν

176 1030 377 1100 Θαΰὼρ
405 1034 844 1102 μεταμὸρφωσιν,
893 1035 962 1088 τὰ
1008 1035 1152 1102 πάθη
1205 1037 1275 1087 τὰ
1317 1035 1414 1102 τῆς
1462 1033 1723 1092 ἀπαθείας

175 1120 432 1188 πρόξενα,
465 1121 534 1173 τὰ
580 1122 851 1192 θαύματα,
884 1125 950 1178 τὰ
986 1126 1084 1195 τῆς
1127 1126 1276 1187 θείας
1311 1123 1471 1176 αὐτοῦ
1516 1123 1726 1191 φύσεως

175 1210 268 1260 καὶ
308 1210 584 1276 ἐνεργείας
617 1211 875 1280 σύμϐολα,
903 1213 968 1265 δι’
1004 1213 1276 1283 ἐνεργείας
1315 1214 1510 1283 σαρκὸς
1541 1213 1732 1264 ἀποτε-

171 1296 428 1365 λούμενα,
454 1297 544 1351 τοῦ
578 1301 823 1370 Σωτῆρος
853 1303 950 1370 τὴν
1000 1304 1264 1372 σωτήριον
1294 1303 1488 1371 ταφὴν,
1530 1302 1626 1371 τὴν
1655 1301 1732 1361 είς

178 1387 403 1456 οὐρανὸν
422 1389 601 1441 άνοδον
625 1405 639 1418 ·
664 1391 838 1444 πάντα
871 1393 1067 1463 γράφε,
1097 1395 1191 1446 καὶ
1210 1395 1368 1463 λόγῳ,
1403 1395 1495 1447 καὶ
1518 1391 1737 1462 χρώμα-

183 1493 290 1540 σιν,
319 1481 373 1529 ἓν
401 1496 456 1530 τε
489 1478 686 1548 βίϐλοις
719 1482 809 1533 καὶ
845 1482 1055 1548 πίναξιν
1080 1468 1134 1534 ξ.

1826 689 1986 726 cuum
2029 668 2338 739 praebuerit,
2376 674 2505 720 tunc
2549 665 2692 717 illius
2732 660 3004 715 deformes
3055 660 3362 726 imaginem.

1825 763 1960 818 Cum
2003 763 2090 814 ille
2128 759 2218 826 qui
2271 760 2322 810 in
2373 756 2540 809 forma
2578 753 2667 806 Dei
2721 753 3008 811 exsistens,
3050 749 3118 802 ob
3164 758 3366 799 natura:

1830 872 1941 910 sua!
1973 853 2347 908 excellentiam
2394 849 2715 918 quantitatis
2751 854 2803 898 et
2859 842 3135 912 qualitatis
3164 848 3216 891 et
3259 853 3366 889 ma-

1832 946 2138 1018 gnitudinis
2193 952 2274 997 est
2314 956 2527 1002 exsors,
2571 939 2739 993 forma
2793 937 2930 991 servi
2984 941 3250 1000 suscepta,
3304 928 3366 979 ad

1831 1037 2191 1106 quantitatem
2227 1034 2652 1102 qualitatemque
2690 1033 2816 1082 sese
2863 1023 3214 1080 contrahens,
3247 1032 3368 1068 eur-

1836 1126 1984 1196 poris
2024 1125 2252 1192 figuram
2306 1120 2562 1183 induerit,
2597 1127 2726 1171 tunc
2764 1117 2817 1169 in
2867 1113 3078 1168 tabellis
3131 1123 3252 1162 eum
3283 1121 3374 1157 ex—

1838 1217 2030 1284 prime,
2059 1215 2344 1285 palamque
2375 1207 2817 1278 conspiciendum
2847 1216 3106 1274 pr0pone,
3136 1198 3225 1267 qui
3251 1211 3376 1248 con-

1840 1306 1974 1376 spici
2007 1305 2206 1358 voluit:
2267 1303 2591 1357 ineffabilem
2635 1301 2805 1369 ipsius
2855 1293 3236 1349 demissionem
3265 1287 3375 1376 Ade-

1841 1374 2018 1463 signa,
2055 1392 2389 1446 nativitatem
2429 1407 2492 1445 ex
2525 1390 2763 1456 Virgine,
2812 1385 3140 1454 baptismum
3176 1380 3227 1431 in
3258 1374 3379 1429 Jor-

1848 1484 2000 1545 dane,
2051 1482 2576 1550 trausfigurationem
2629 1479 2682 1530 in
2713 1475 2952 1533 Thabor,
3007 1470 3279 1525 cruciatus
3319 1465 3381 1515 il-

186 1565 291 1626 105.
343 1566 465 1634 quia
509 1569 842 1624 cruciatibus
901 1586 998 1625 nos
1050 1579 1400 1636 exemerunt;
1447 1573 1733 1634 miracula,
1778 1588 1898 1641 qua:
1953 1587 2073 1626 cum
2125 1573 2306 1626 carnis
2353 1569 2654 1622 ministerio
2711 1572 3072 1634 patrarentur,
3144 1556 3380 1610 divinam

183 1654 359 1722 ipsius
405 1663 652 1712 naturam
701 1668 756 1714 et
806 1661 1096 1715 efﬁcaciam
1140 1665 1499 1732 premebant;
1535 1664 1823 1718 salutarem
1873 1663 2168 1717 Salvatoris
2232 1662 2582 1740 sepulturam,
2652 1655 3092 1709 resurrectionem
3122 1689 3135 1710 ,
3197 1656 3387 1697 ascen-

186 1757 309 1795 sum
347 1744 398 1796 in
448 1746 682 1808 malum;
739 1748 854 1801 haec
886 1750 1069 1802 omnia
1118 1766 1240 1805 cum
1294 1766 1566 1813 sermone,
1625 1760 1738 1803 tum
1780 1752 2056 1805 coloribus
2107 1736 2523 1811 describeJum
2561 1750 2611 1798 in
2649 1742 2822 1806 libris,
2856 1753 2962 1794 tum
2997 1742 3048 1793 in
3081 1736 3310 1789 tabellis.

259 1833 325 1884 θ’.
359 1852 376 1882 ι
425 1835 495 1885 Οὐ
548 1838 792 1906 ποιήσεις
831 1839 1058 1908 σεαυτῷ,
1094 1843 1245 1908 φησὶ,
1277 1841 1508 1906 γλυπτδν
1532 1843 1579 1903 b,
1625 1841 1741 1893 οὐδὲ

1837 1828 1844 1833 ’
1917 1844 1967 1896 9.
2008 1863 2024 1892 ι
2077 1840 2190 1893 Non
2245 1841 2437 1901 facies,
2487 1841 2581 1897 nit,
2617 1838 2713 1890 tibi
2768 1834 3036 1900 sculptile.
3075 1848 3244 1901 neque
3273 1847 3387 1883 om-

191 1923 300 1973 πᾶν
355 1925 620 1993 ὁμοίωμα.
675 1946 692 1979 ι
757 1927 940 1980 Ταῦτα
990 1929 1080 1982 τοῦ
1121 1930 1253 1983 Θεοῦ
1321 1933 1740 2001 προστάξαντος,

197 2031 216 2062 ι
267 2011 571 2081 Ἐποίησαν,
597 2018 750 2084 φησὶ,
778 2017 838 2069 τὸ
864 2018 1256 2090 καταπέτασμα
1301 2022 1395 2090 τῆς
1424 2023 1624 2090 σκηνῆς
1653 2021 1742 2073 τοῦ

196 2107 514 2173 μαρτυρίου,
539 2103 597 2168 ἐξ
625 2107 875 2174 ὑακίνθου
909 2109 1001 2161 καὶ
1030 2111 1334 2180 πορφύρας,
1372 2115 1465 2164 καὶ
1496 2113 1744 2164 κοκκίνου

206 2195 544 2262 ιενησμένου,
570 2198 660 2250 καὶ
689 2197 881 2266 βύσσου
908 2200 1308 2272 κεκλωσμένης,
1333 2203 1489 2273 ἔργον
1521 2204 1748 2271 ὑφαντδν

196 2284 488 2354 Χερουὸίμ.
514 2305 531 2337 ι
549 2287 674 2353 Καὶ,
695 2306 712 2337 ι
736 2291 1026 2360 Ἐποίησαν
1039 2292 1096 2344 τὸ
1114 2292 1417 2364 ἱλαστήριον
1435 2297 1633 2349 ἄνωθεν
1652 2299 1748 2365 τῆς

205 2372 439 2424 κιϐωτοῦ
484 2376 545 2427 ὲκ
576 2377 797 2445 χρυσίου
832 2380 1091 2450 καθαροῦ,
1136 2383 1227 2434 καὶ
1277 2385 1401 2446 τοὺς
1427 2385 1517 2437 δύο
1551 2387 1752 2455 Χερου-

199 2461 316 2528 6ίμ.
357 2483 373 2512 ι
402 2465 465 2515 Τί
505 2469 694 2529 ποιεῖς,
728 2462 770 2519 ὦ
802 2469 1041 2538 Μωῦσῆ;
1078 2473 1140 2523 σὺ
1172 2471 1366 2539 λέγεις,
1418 2493 1434 2524 ι
1471 2475 1542 2525 Οὐ
1596 2477 1751 2543 ποιή-

199 2562 316 2614 σεις
351 2555 560 2624 σεαυτῷ
585 2557 837 2624 γλυπτὺν,
888 2561 1004 2612 οὐδὲ
1055 2565 1158 2614 πᾶν
1191 2563 1454 2631 ὁμοίωμα,
1500 2583 1518 2613 ι
1555 2567 1647 2616 καὶ
1688 2565 1750 2616 σὺ

203 2643 596 2713 καταπέτασμά
616 2648 1041 2711 κατασκευάζεις
1072 2662 1092 2686 ε
1114 2651 1271 2720 ἔργον
1288 2652 1521 2720 ,ὑφαντὸν
1550 2655 1754 2721 Χερου-

204 2732 325 2799 ϐὶμ,
364 2735 453 2786 καὶ
483 2735 573 2786 δύο
604 2737 879 2807 Χερουϐὶμ
919 2741 978 2792 ὲκ
1022 2743 1241 2812 χρυσίου
1281 2726 1555 2812 καθαροῦς
1620 2746 1754 2797 Ἀλλ’

203 2824 390 2885 ἄκουε,
413 2825 464 2875 τί
489 2825 620 2894 πρὸς
657 2830 714 2878 σὲ
738 2831 764 2880 ὁ
794 2828 1044 2898 Θεράπων
1088 2819 1181 2882 τοῦ
1209 2831 1341 2884 Θεοῦ
1372 2834 1606 2901 Μωῦσῆς
1645 2837 1754 2895 τοῖς

205 2915 522 2982 πράγμασιν
574 2918 1005 2986 ἀντιφθέγγεται.
1055 2919 1121 2974 Ὦ
1178 2923 1365 2990 τυφλοὶ
1426 2926 1529 2999 καὶ.
1563 2925 1752 2992 μωροὶ,

205 3002 391 3054 σύνετε
413 3004 517 3056 τῶν
563 3006 866 3076 λεγομένων
904 3012 999 3080 τὴν
1034 3010 1280 3081 δύναμιν,
1312 3014 1404 3066 καὶ
1457 3013 1757 3080 φυλάξασθε

201 3094 410 3163 σφόδρα
440 3097 536 3158 τὰς
561 3096 734 3166 ψυχάς
755 3099 924 3168 ὑμῶν.
975 3096 1158 3162 Εἶπον,
1182 3105 1260 3154 ὅτι
1303 3122 1320 3152 ι
1363 3103 1642 3171 Ὀμοίωμα
1661 3104 1758 3155 οὐκ

1845 1949 1967 1987 nem
1996 1930 2402 1986 similitudinem
2425 1930 2487 1982 ⁵⁸.
2513 1947 2529 1976 ι
2554 1929 2675 1980 llazc
2697 1939 2818 1978 cum
2853 1923 3194 1992 praecepisset
3213 1920 3384 1972 Deus:

1850 2042 1869 2074 ι
1899 2023 2184 2083 Fecerunt,
2209 2021 2404 2089 inquit,
2432 2017 2724 2072 tentorium
2745 2012 3081 2068 tabernaculi
3121 2010 3280 2080 350
3311 2022 3388 2062 te-

1848 2112 2087 2168 stimonii
2133 2127 2197 2164 ex
2264 2108 2573 2178 hyacintho,
2631 2114 2683 2157 et
2731 2117 3003 2173 purpura,
3063 2109 3116 2153 et
3169 2101 3392 2154 coccino

1849 2215 1997 2266 neto,
2034 2211 2088 2255 ct
2130 2203 2293 2270 bysso
2354 2206 2576 2260 retorta,
2638 2209 2773 2262 opus
2829 2200 3136 2247 contextum
3190 2190 3394 2243 Cheruc

1850 2293 2057 2367 bim-‘9.
2103 2311 2119 2341 ι
2157 2290 2264 2343 Et:
2311 2309 2328 2341 ι
2366 2289 2634 2343 Fecerunt
2667 2284 3096 2355 propitiatorium
3148 2297 3212 2334 ex
3267 2294 3397 2332 auro

1852 2391 2078 2454 puro,et
2103 2383 2208 2436 duo
2234 2382 2523 2437 Cherubim
2557 2396 2718 2448 super
2741 2393 2922 2431 arcam
2954 2378 3017 2428 ⁸⁸.
3045 2394 3065 2425 ιι
3093 2373 3230 2438 Quid
3262 2373 3396 2440 agis,

1851 2474 2094 2543 Moyses?
2126 2481 2181 2527 tu
2222 2473 2511 2540 pratcipis:
2557 2489 2575 2520 ‹
2609 2471 2728 2523 Νοη
2770 2469 2938 2521 facies
2973 2466 3069 2519 tibi
3115 2464 3394 2531 sculptile.

1854 2580 2024 2633 neque
2056 2579 2271 2618 omnem
2309 2563 2627 2626 imaginem;
2669 2581 2685 2612 ι
2732 2575 2795 2612 ac
2846 2558 3198 2611 nihilominus
3226 2561 3398 2608 tento-

1843 2643 2022 2714 rium,
2059 2668 2198 2721 opus
2224 2652 2515 2706 Cherubim
2570 2658 2883 2704 contextum
2921 2649 3074 2712 facis,
3106 2644 3400 2714 quinetiam

1856 2743 1964 2797 duo
1999 2742 2290 2796 Cherubim
2323 2757 2386 2795 ex
2417 2754 2552 2794 auro
2579 2741 2752 2808 puro?
2781 2739 2977 2793 Verum
3007 2730 3281 2789 auscultes
3319 2749 3406 2786 ve—

1857 2832 1970 2892 lim,
2007 2832 2136 2898 quid
2196 2831 2291 2890 tibi
2348 2829 2436 2882 Dei
2495 2830 2740 2882 minister
2791 2826 3000 2896 Moyses
3055 2823 3400 2892 respondeat.

1857 2924 1900 2974 0
1940 2922 2064 2973 czeei
2091 2929 2144 2974 et
2177 2921 2350 2981 stulti,
2388 2921 2493 2971 vim
2541 2920 2829 2972 verborum
2882 2918 3160 2987 percipite,
3198 2925 3250 2968 et
3287 2916 3405 2966 ani-

1861 3026 1976 3065 mas
2007 3021 2220 3065 vestras
2256 3009 2672 3078 diligentissime
2711 3009 3002 3063 custodite.
3040 3007 3157 3059 Dixi
3190 3026 3200 3059 :
3240 3025 3256 3056 ι
3296 3004 3405 3058 Vos

1861 3100 2271 3154 similitudinem
2315 3114 2419 3152 non
2455 3098 2667 3152 vidistis
2704 3099 2757 3151 in
2790 3097 2877 3152 die
2926 3113 3030 3166 qua
3081 3098 3295 3150 locutus
3325 3105 3406 3148 est

192 3184 372 3236 ἐἴδετε
401 3188 455 3236 ἐν
487 3191 550 3257 τῇ
594 3189 795 3258 ήμέρᾳ,
917 3190 1140 3258 ἐλάλησε
1193 3193 1395 3261 Κύριος
1446 3193 1576 3262 πρὸς
1617 3194 1755 3262 ὑμᾶς

1864 3192 1927 3243 ad
1981 3207 2074 3243 vos
2131 3190 2393 3244 Dominus
2443 3191 2495 3242 in
2535 3191 2712 3244 Hoer
2770 3190 2820 3242 iu
2876 3196 3057 3242 monte
3107 3189 3173 3241 de
3235 3186 3410 3239 medio

203 3275 263 3326 ἐν
297 3275 492 3344 Χωρὴό
524 3279 578 3328 έν
607 3278 682 3345 τῷ
711 3278 824 3358 opst
862 3282 924 3331 ὲκ
986 3281 1149 3348 μέσου
1187 3282 1280 3333 τοῦ
1320 3283 1508 3351 πυρὸς,
1549 3287 1756 3353 μήποτε

202 3362 535 3432 ἀνομήσητε,
552 3365 646 3416 καὶ
678 3368 932 3435 ποιήσητε
954 3367 1079 3435 ὑμῖν
1098 3369 1276 3432 αὐτοῖς
1300 3369 1529 3436 γλυπτὺν
1563 3373 1757 3438 ὁμοίω-

207 3469 308 3524 μα,
335 3454 510 3504 πᾶσαν
543 3455 721 3508 εἰκόνα
742 3471 754 3485 ·
786 3457 879 3507 καὶ
905 3456 1057 3528 θεοὺς
1080 3462 1373 3526 χωνευτοὺς
1417 3463 1475 3511 οὐ
1517 3463 1758 3529 ποιήσεις

208 3541 438 3611 σεαυτῷ.
474 3561 490 3592 ι
523 3544 633 3595 Οὐκ
669 3540 836 3610 εἷπον,
870 3548 944 3598 Οὐ
975 3549 1427 3629 ποιήσειςιείκόνα
1465 3551 1758 3620 Χερουϐὶμ,

206 3630 286 3693 ὡς
321 3632 520 3684 δούλων
554 3634 972 3703 παρεστηκότων
1001 3635 1074 3704 τῷ
1108 3637 1419 3707 ίλαστηρίῳ,
1451 3639 1590 3703 ἀλλ’,
1622 3657 1641 3689 ι
1687 3639 1760 3695 Οὐ

207 3722 454 3790 ποιήσεις
481 3724 688 3795 σεαυτῷ
714 3725 867 3788 θεοὺς
891 3729 1208 3795 χωνευτοὺς,
1240 3731 1350 3793 καὶ,
1378 3748 1395 3780 ι
1419 3731 1491 3782 Οὐ
1523 3732 1763 3800 ποιήσεις

209 3813 322 3866 πᾶν
357 3814 625 3884 ὁμοίωμα,
668 3835 685 3866 ι
719 3816 792 3879 ὡς
823 3816 996 3882 θεοὺς,
1025 3821 1131 3873 οὐδ’
1161 3821 1221 3872 οὐ
1254 3823 1327 3890 μὴ
1356 3821 1652 3894 λατρεύσῃς
1698 3825 1762 3893 τῇ

210 3903 387 3955 κτίσει
423 3906 570 3975 παρὰ
604 3906 691 3958 τὸν
717 3908 1008 3961 κτίσαντα.
1052 3910 1332 3979 ὐμιοέωμα
1365 3913 1461 3980 μὲν
1506 3913 1600 3964 οῦν
1634 3913 1765 3970 Θεοῦ

208 3993 313 4046 οὐκ
355 3995 602 4066 ἐποίησα,
637 3999 754 4051 οὐδὲ
797 3999 903 4068 μὴν
936 4001 1120 4071 έτέρου
1165 4003 1306 4064 τινος
1333 4003 1406 4066 ὡς
1458 3998 1613 4066 Θεοῦ,
1650 4005 1768 4057 οὐδὲ

211 4083 503 4154 ἀνθρώπου
538 4101 551 4114 ⁶
584 4088 870 4141 δεδούλωτο
904 4091 1007 4160 γὰρ
1047 4095 1110 4160 τῇ
1147 4093 1388 4162 ἁμαρτίᾳ
1429 4096 1459 4161 ή
1490 4093 1646 4162 φύσις
1674 4095 1768 4162 τῆς

211 4177 624 4247 ἁνθρωπότητος
655 4197 666 4208 ·
697 4181 814 4234 οὐδὲ
852 4183 1151 4252 ὲλάτρευσα
1179 4188 1242 4254 τῇ
1280 4186 1451 4237 κτίσει
1496 4187 1646 4253 παρὰ
1680 4187 1770 4239 τὸν

213 4265 515 4329 Κτίσαντα,
548 4268 726 4337 πάσης
747 4270 802 4321 δὲ
834 4272 932 4338 τῆς
956 4272 1181 4335 κτίσεως
1223 4274 1469 4342 ὁμοίωμα
1504 4275 1598 4344 τήν
1649 4292 1773 4342 σκη-

214 4355 317 4425 νὴν
345 4358 734 4422 κατεσκεύασα,
773 4378 790 4410 ‹
837 4362 975 4414 κατὰ
1013 4364 1100 4416 τὸν
1149 4363 1315 4416 τύπον
1365 4366 1452 4416 τὸν
1499 4366 1772 4433 δειχθέντα

113 4519 121 4524 -
220 4463 314 4516 μοι
341 4447 395 4499 ἐν
427 4448 500 4516 τῷ
524 4449 657 4518 ὄρει,
680 4470 698 4503 ›
724 4453 816 4504 καὶ
854 4454 1130 4522 Χερουϐὶμ
1158 4454 1444 4516 σκιάζοντα
1471 4457 1528 4508 τὸ
1559 4454 1772 4525 ἱλαστήέ

219 4555 357 4608 ριον,
388 4540 462 4602 ὡς
487 4541 603 4611 Θεῷ
654 4545 1053 4614 παρεστηκότα.
1109 4542 1281 4611 Εἶδες,
1325 4547 1444 4612 πῶς
1483 4549 1717 4617 ἀνεφάνη
1746 4551 1774 4600 ὁ

221 4628 427 4691 σκοπὸς
459 4631 556 4699 τῆς
596 4632 817 4702 Γραφῆς
833 4638 943 4696 τοῖς
975 4638 1204 4698 συνετῶς
1233 4638 1491 4705 ἐρευνῶσι
1518 4655 1530 4700 ;
1569 4640 1646 4690 δεῖ
1667 4639 1774 4706 γὰρ

219 4716 528 4785 γινώσκειν,
569 4724 865 4792 ἀγαπητοὶ,
895 4727 1047 4778 ὅτιὲν
1079 4728 1240 4778 παντὶ
1267 4728 1546 4797 πράγματι
1583 4732 1614 4797 ἡ
1646 4729 1774 4797 ἀλή-

221 4808 344 4861 θεια
369 4810 627 4880 ζητεῖται,
653 4816 741 4866 καὶ
763 4815 821 4868 τὸ
841 4815 1053 4885 ψεῦδος,
1077 4818 1169 4869 καὶ
1189 4817 1216 4870 ὁ
1233 4817 1429 4881 σκοπὸς
1456 4818 1549 4869 τοῦ
1574 4818 1777 4870 ποιοῦν-

219 4914 336 4960 τος,
366 4901 413 4951 εί
450 4902 611 4965 καλός
645 4906 809 4966 ἐστιν,
853 4906 885 4976 ἢ
914 4907 1103 4968 κακός.
1169 4909 1255 4958 Ἐν
1288 4909 1385 4976 μὲν
1417 4908 1525 4977 γὰρ
1565 4909 1643 4977 τῷ
1673 4909 1774 4960 Εὑ-

222 4989 480 5059 αγγελίῳ,
512 4994 607 5046 καὶ⁸
635 4994 782 5059 Θεὸς,
821 4997 916 5048 καὶ
946 4997 1192 5066 ἄγγελος,
1229 5000 1322 5050 καὶ
1348 4998 1648 5069 ἄνθρωπος,
1687 5000 1779 5051 καὶ

222 5076 322 5145 γῆ,
339 5079 432 5128 καὶ
459 5078 622 5150 ὕδωρ,
647 5083 740 5134 καὶ
767 5083 894 5154 πῦρ,
915 5085 1009 5136 καὶ
1036 5084 1162 5154 ἀήρ,
1190 5086 1283 5138 καὶ
1309 5085 1476 5155 ήλιος,
1505 5088 1598 5138 καί
1628 5086 1780 5155 σελήο

221 5185 314 5260 νη,
339 5171 431 5222 καὶ
448 5171 582 5240 φῶς,
618 5175 708 5226 καὶ
739 5176 945 5243 σκότος,
974 5176 1068 5228 καὶ
1093 5178 1354 5240 Σατανᾶς,
1391 5179 1479 5230 καὶ
1507 5177 1776 5260 δαίμονες,

225 5259 325 5311 καὶ
358 5260 527 5328 ὄφεις,
559 5265 652 5317 καὶ
678 5267 949 5336 σκορπίοι,
988 5268 1082 5321 καὶ
1104 5267 1237 5336 ζωὴ,
1281 5267 1376 5320 καὶ
1408 5267 1653 5332 θάνατος,
1685 5270 1778 5320 καὶ

298 5414 342 5483 ξ’
371 5417 542 5483 Exod.
575 5436 663 5483 xx,
700 5422 752 5475 4.

227 5483 279 5517 ⁸⁸
305 5481 462 5540 Rom.
496 5478 660 5551 1,25.
741 5493 786 5523 ⁸⁸
813 5491 987 5546 Exod.
1025 5509 1129 5547 xxv
1178 5495 1265 5547 ιο.

838 5424 882 5455 δ’
915 5423 1082 5478 Exod.
1121 5438 1304 5489 xxxw,
1350 5424 1437 5477 57.
1514 5424 1559 5453 ⁵⁸
1582 5422 1752 5477 Exod.
1784 5438 1986 5485 xxxvu,
2022 5423 2073 5486 6,
2117 5423 2166 5476 7.

1866 3285 2036 3351 ignis;
2079 3283 2367 3352 nequando
2402 3290 2589 3336 contra
2644 3285 2813 3350 legem
2855 3284 3048 3351 agatis,
3096 3291 3148 3334 et
3193 3279 3409 3332 faciatis

1866 3375 2020 3428 vobis
2082 3376 2347 3443 sculptam
2414 3374 2840 3436 similitudinem,
2925 3387 3137 3426 onmem
3218 3371 3410 3437 imagi-

1867 3479 1986 3516 nem
2017 3465 2081 3515 δίε
2113 3471 2164 3516 et
2191 3466 2320 3517 deos
2347 3465 2649 3517 conllatiles
2679 3478 2785 3517 non
2812 3461 2977 3516 facies
3009 3463 3104 3514 tibi
3137 3463 3200 3511 δ’.
3245 3479 3261 3510 ι
3296 3459 3414 3512 Non

1869 3554 2017 3608 dixi:
2056 3552 2128 3606 Nc
2171 3555 2367 3608 feceris
2416 3555 2678 3623 imagines
2726 3551 3041 3613 Clterubim,
3078 3564 3196 3617 qua:
3226 3549 3290 3601 ad
3332 3551 3416 3601 in—

1871 3654 1981 3699 star
2011 3659 2291 3698 servorum
2322 3643 2702 3712 propitiatorio
2737 3641 3030 3704 assistant;
3064 3639 3194 3692 sed:
3248 3657 3265 3688 (
3301 3636 3415 3690 Non

1872 3732 2044 3788 facies
2097 3733 2193 3786 tibi
2235 3733 2366 3786 deos
2428 3732 2768 3798 conllatiles;
2813 3751 2830 3783 ι
2866 3741 2963 3784 et:
3025 3751 3041 3782 ι
3098 3728 3214 3784 Non
3251 3728 3419 3783 facies

1872 3826 1967 3882 tibi
2005 3824 2169 3877 ullam
2195 3822 2628 3889 similitudinem,
2671 3841 2687 3872 ι
2722 3835 2977 3890 tanquam
3018 3820 3131 3883 Dei,
3178 3836 3279 3873 nec
3309 3836 3422 3874 ser-

1874 3919 1989 3971 vies
2015 3924 2273 3970 creaturae
2317 3915 2495 3984 potius
2526 3929 2686 3982 quam
2740 3914 2982 3968 Creatori
3017 3914 3082 3968 ".
3122 3911 3306 3980 Itaque
3350 3913 3422 3965 si-

1876 4007 2232 4060 militudinem
2283 4005 2372 4059 Dei
2425 4021 2530 4059 non
2572 4004 2696 4068 feci,
2749 4020 2924 4073 neque
2967 4005 3192 4057 alterius
3240 4003 3422 4070 cujus-

1875 4099 2018 4168 piam
2067 4107 2325 4166 tanquam
2370 4096 2502 4159 Dei,
2558 4113 2733 4166 neque
2788 4099 2911 4150 item
2972 4096 3207 4148 hominis
3260 4099 3422 4162 (tunc

1876 4190 2015 4243 enim
2047 4189 2337 4241 humanum
2365 4203 2535 4256 genus
2558 4188 2808 4242 servituti
2839 4178 3301 4254 mancipabatur),
3333 4201 3419 4237 ne-

1831 4337 1842 4349 .
1877 4292 1983 4345 que
2008 4277 2084 4330 rei
2113 4283 2304 4329 creatae
2337 4275 2519 4344 potius
2551 4291 2712 4343 quam
2763 4275 3008 4330 Creatori
3050 4276 3247 4328 servivi
3281 4293 3293 4326 :
3329 4275 3421 4328 εοιι

1880 4367 2146 4419 universae
2190 4372 2454 4419 creaturae
2513 4366 2946 4429 similitudinem,
2989 4365 3420 4426 tabernaculum,

1883 4458 2124 4524 inquam,
2190 4454 2492 4520 construxi,
2558 4455 2904 4509 (secundum
2946 4456 3224 4523 exemplar
3281 4455 3422 4522 quod

1879 4546 2008 4598 mihi
2041 4555 2317 4600 ostensum
2365 4555 2446 4600 est
2494 4547 2546 4598 in
2579 4554 2758 4600 monte
2795 4545 2860 4598 ".
2899 4565 2918 4597 ι
2955 4545 3247 4598 Cherubim
3295 4561 3426 4614 quo-

1879 4651 2004 4704 que,
2041 4650 2160 4703 qua!
2196 4624 2634 4703 propitiatorium
2696 4635 3105 4699 obumbrarent,
3167 4643 3422 4703 tanquam

1881 4725 1990 4780 Deo
2035 4726 2368 4783 assistentia.
2418 4725 2618 4780 Vidisti
2674 4726 2942 4794 quomodo
2994 4724 3290 4793 Scriptura:
3345 4728 3426 4778 ἰηι-

1882 4815 2050 4868 tentio
2080 4825 2134 4868 et
2162 4830 2358 4870 sensus
2408 4815 2621 4869 obviam
2683 4802 2950 4878 illis’fiat,
2995 4815 3086 4884 qui
3135 4815 3426 4883 prudenter

1883 4906 2033 4958 illum
2080 4905 2453 4974 investigarit?
2509 4903 2621 4959 Hoc
2679 4906 2878 4984 quippe
2932 4919 3094 4961 nosse
3153 4907 3427 4958 convenit.

1884 4991 2248 5058 dilectissimi,
2307 4997 2360 5047 in
2410 4995 2557 5049 omni
2589 4995 2828 5065 negotio,
2869 4995 3004 5050 illud
3036 4995 3255 5063 inquiri,
3298 4995 3427 5063 quid

1884 5087 1995 5140 veri
2057 5086 2126 5140 sit
2166 5095 2258 5140 aut
2312 5085 2453 5152 falsi,
2496 5102 2670 5155 quove
2715 5086 2946 5148 consilio
2992 5086 3262 5155 quispiam
3297 5086 3425 5154 quid

1885 5177 2088 5245 egerit;
2143 5177 2372 5240 bonone,
2416 5194 2482 5230 an
2523 5178 2687 5231 malo.
2734 5177 2866 5236 Nam
2920 5179 2972 5231 in
3020 5177 3328 5246 Evangelio,
3378 5185 3432 5230 et

1888 5267 2050 5330 Deus,
2092 5278 2145 5320 ct
2176 5270 2426 5338 angelus,
2475 5278 2528 5324 et
2572 5271 2752 5332 homo,
2805 5281 2858 5324 et
2904 5278 3078 5331 terra,
3105 5278 3156 5322 et
3185 5284 3342 5337 aqua,
3380 5277 3433 5321 et

2253 5423 2484 5479 ll"Deut.
2520 5440 2589 5487 tv,
2634 5425 2719 5478 15.
2824 5426 2868 5454 ⁸¹
2912 5422 3081 5476 Exod.
3120 5437 3303 5482 xxxnv,
3342 5421 3426 5474 17.

1522 5622 1748 5677 VARUS
1792 5620 2191 5677 LECTIONES.

306 5719 334 5749 ι
365 5708 635 5763 Hactenus
669 5727 787 5778 qum
820 5711 870 5763 in
893 5711 1043 5765 Colb.
1078 5721 1206 5765 utet
1237 5721 1375 5767 orat.
1399 5713 1433 5765 2
1455 5713 1653 5768 omissa
1691 5721 1835 5767 sunt.
1913 5711 1940 5750 δ
1969 5711 2192 5765 Colb.ct
2217 5710 2271 5772 2,
2295 5720 2431 5764 orat.
2462 5712 2570 5766 Kal.
2591 5712 2670 5764 ὃτι
2700 5708 2870 5763 ταῦτα
2897 5706 3063 5769 οὕτως
3095 5705 3226 5776 εχει,
3249 5704 3428 5759 ἄκουε·

229 5778 310 5835 οι
340 5780 582 5847 ποιήσεις
616 5780 824 5848 σεαυτῷ
859 5780 1112 5847 γλυπτόν.
1193 5794 1213 5820 ε
1250 5781 1540 5850 [lucusque
1571 5784 1691 5838 cod.
1717 5782 1893 5848 Colh.;
1931 5789 2120 5836 caetera
2153 5781 2376 5850 periere.
