4172 6490
796 361 930 461 133":

1969 402 2028 457 S.
2061 398 2374 456 JOANNIS
2411 399 2853 490 DAMASCENI'

3878 402 4012 465 133!

803 514 962 576 ignis,
987 517 1039 562 ct
1074 523 1184 567 aer,
1215 517 1268 559 et
1304 509 1404 568 sol,
1441 516 1494 560 ct
1525 509 1670 570 luna,
1698 517 1750 559 et
1782 507 1890 565 lux,
1923 513 1974 556 et
2005 508 2258 566 tenchrm,
2290 514 2337 558 et

2445 504 2595 571 ᾅδης,
2620 510 2710 557 καὶ
2731 508 2943 575 ἀρεταὶ,
2981 508 3070 557 καὶ
3102 507 3307 570 κακίαι,
3343 508 3433 559 καὶ
3463 507 3636 560 πάντα
3666 509 3805 560 καλά
3831 526 3894 559 τε
3919 516 4009 560 καὶ

802 599 1051 656 Satzmos,
1092 605 1144 648 ct
1175 597 1471 657 dmmoncs,
1506 608 1557 648 et
1597 604 1904 663 serpentes,
1937 605 1989 647 ct
2027 596 2248 663 scorpii,
2292 606 2346 647 et

801 701 966 744 mors,
1001 696 1052 739 et
1094 687 1345 748 virtutes,
1384 695 1436 737 et
1483 686 1632 747 vitia,
1689 693 1851 752 atque
1894 688 2166 749 universa,
2219 699 2340 736 cum

799 773 956 837 bona,
994 784 1106 827 tum
1152 776 1286 826 mala
1321 774 1521 840 scripta
1567 784 1712 826 sunt.
1748 773 1967 837 Verum,
2001 774 2342 842 quandoqui-

775 863 914 917 -dem
946 865 1125 918 omnia
1155 879 1272 931 qum
1297 864 1362 917 de
1397 863 1482 917 his
1522 862 1790 926 feruntur,
1823 879 1950 918 vera
1984 872 2132 924 sunt,
2179 872 2342 932 atque

798 951 848 1003 in
887 951 977 1004 Dei
1040 953 1285 1018 gloriam,
1344 963 1397 1006 et
1431 955 1658 1007 salutem
1712 963 1971 1017 nostram,
2028 969 2237 1008 necnon
2287 958 2338 1008 in

796 1051 1103 1094 sanctorum
1142 1058 1278 1110 quos
1335 1045 1423 1098 ille
1476 1045 1747 1115 gloriosos
1801 1045 2001 1110 eﬂecit,
2053 1051 2336 1111 honorem,

794 1138 843 1182 θαι
887 1131 940 1183 in
968 1131 1168 1185 diaboli
1213 1133 1624 1204 daemonumque
1657 1137 1776 1204 ejus
1805 1137 2180 1206 opprobrium,
2212 1151 2341 1189 «οη-

795 1219 993 1282 ierunt,
1028 1238 1090 1277 ea
1131 1239 1228 1278 nos
1273 1225 1582 1289 adoramus,
1628 1227 2061 1295 complectimur,
2104 1227 2336 1280 deoscu-

728 1344 735 1354 .
794 1311 988 1375 tamur,
1031 1320 1190 1379 alque
1233 1314 1438 1374 oculis,
1497 1315 1663 1369 labris
1708 1322 1761 1368 et
1809 1314 1974 1368 corde
2012 1314 2336 1368 salutamus.

791 1398 1174 1466 Consimiliter,
1224 1401 1394 1457 Vetus
1447 1419 1624 1467 omne,
1674 1403 1990 1474 Novumque
2020 1403 2337 1458 Testamen-

797 1501 928 1552 tum,
962 1501 1012 1543 et
1043 1508 1321 1547 sermones
1359 1501 1672 1548 sanctorum
1723 1496 2184 1564 probatorumqoe
2232 1494 2336 1548 Pa-

790 1593 931 1633 trum
983 1584 1409 1651 prosequimur:
1462 1594 1516 1636 at
1574 1594 1784 1654 turpem
1837 1586 2337 1652 exsecrabilemquc

782 1676 835 1719 εει
906 1669 1170 1738 impuram
1227 1673 1672 1726 detestandorum
1728 1674 2143 1728 Manichaeorum
2197 1674 2334 1728 scri-

786 1767 1020 1823 pturam,
1065 1761 1366 1816 eademmet
1425 1766 1688 1818 vocabula
1742 1749 2210 1838 complectentem,
2255 1773 2332 1817 at-

783 1864 886 1916 que
923 1849 988 1900 ad
1034 1850 1236 1904 diaboli
1290 1853 1703 1922 daemonumque
1773 1854 1894 1923 ejus
1926 1856 2150 1921 gloriam
2194 1863 2247 1908 et
2277 1854 2330 1908 in

783 1937 1086 1992 animarum
1147 1943 1441 2008 perniciem
1491 1943 1868 2012 excogitatam,
1923 1944 2230 2011 respuimus
2275 1951 2331 1998 et

786 2027 1082 2095 rejicimns.
1131 2029 1221 2085 Sic
1260 2048 1475 2102 quoque
1499 2028 1715 2102 quando
1756 2033 1823 2087 de
1857 2034 2185 2104 imaginibus
2216 2035 2330 2103 agi-

780 2124 888 2179 ιυΐν
926 2118 1248 2188 inquirenda
1301 2124 1504 2180 veritas
1544 2131 1647 2187 est,
1706 2139 1966 2193 mensque
2006 2137 2192 2178 eorum
2237 2123 2328 2192 qui

779 2222 873 2261 eas
912 2207 1137 2266 faciunt.
1177 2212 1238 2264 Et
1283 2211 1551 2282 siquidem
1593 2229 1718 2269 vera
1749 2199 2126 2285 rectaque-sit,
2167 2221 2329 2283 atque

778 2297 844 2362 ad
886 2297 975 2352 Dei
1017 2312 1440 2372 sanctorumque
1493 2306 1613 2374 ejus
1653 2304 1876 2375 gloriam
1913 2306 2062 2369 ﬁant,
2112 2304 2326 2373 juvant.

776 2401 881 2454 que
909 2387 976 2440 ad
1013 2390 1240 2446 virtutes
1299 2393 1706 2461 persequendas
1759 2403 1812 2447 et
1866 2395 1997 2448 vitia
2046 2393 2323 2464 fugienda,

779 2492 988 2532 necnon
1025 2481 1090 2533 ad
1124 2481 1427 2536 animarum
1470 2485 1722 2549 salutem,
1770 2488 1862 2547 eas
1894 2493 2152 2554 tanquam
2186 2484 2322 2536 ima-

776 2566 950 2635 gines,
1008 2572 1275 2639 exempla,
1344 2573 1754 2637 similitudines,
1811 2574 2326 2641 illitteratorumque

775 2658 1051 2712 hominum
1090 2659 1259 2716 libros
1287 2671 1339 2717 et
1375 2673 1743 2730 monumenta,
1780 2680 2120 2728 veneremur,
2161 2679 2324 2718 oscu-

774 2749 963 2812 lemur,
1000 2752 1284 2820 oculisque
1314 2762 1367 2806 ct
1397 2754 1560 2809 labiis
1595 2763 1651 2808 et
1679 2756 1844 2810 corde
1876 2756 2320 2824 complectamur;

771 2837 916 2890 velut
941 2839 1149 2893 scilicet
1177 2841 1442 2894 incarnati
1475 2840 1570 2896 Dei
1599 2833 1756 2912 351
1799 2825 2046 2912 elﬁgiem,
2083 2850 2175 2898 aut
2206 2855 2322 2893 ma-

771 2929 868 2986 tris
901 2929 1042 3002 ejus,
1105 2939 1201 2988 aut
1247 2943 1584 2998 sanctorum,
1631 2936 1728 3003 qui
1763 2933 2079 3001 passionum
2113 2930 2321 2988 Christi

771 3025 989 3093 perinde
1022 3034 1184 3096 atque
1224 3026 1408 3096 gloria:
1445 3027 1603 3089 socii.
1651 3025 2000 3093 victoresque
2038 3029 2094 3078 et
2130 3022 2319 3091 proﬂi-

2448 596 2612 655 κακὰ,
2645 594 2750 645 εἰσὶ
2778 595 3154 662 γεγραμμένα.
3203 595 3341 645 Ἀλλ’
3365 595 3531 662 ὅμως,
3557 594 3742 662 ἐπειδὴ
3773 598 3842 646 τὰ
3884 605 4009 662 περῖ

2445 685 2623 734 αὐτῶν
2659 685 2924 751 λεγόμενα
2953 683 3125 753 ἀληθῆ
3157 685 3284 747 είσι,
3335 685 3428 734 καὶ
3456 685 3484 734 ό
3515 684 3712 744 σκοπὸς
3746 685 3891 752 πρὸς
3926 685 4001 734 (Ἆ-

2445 773 2537 836 ξαν
2559 773 2692 825 Θεοῦ
2722 775 2835 825 ἐστι
2865 775 2957 825 καὶ
3003 773 3275 841 σωτηρίαν
3320 774 3498 842 ἡμῶν,
3546 775 3637 825 καὶ
3679 773 3809 837 δόξα
3835 769 3867 809 δ
3915 774 4008 838 μὲν

2443 863 2550 915 τῶν
2580 863 2669 914 ὑπ’
2696 861 2860 915 αὑτοῦ
2907 861 3277 930 δοξαζομένων
3335 863 3520 928 ἁγίων,
3548 862 3778 931 αἰσχύνη
3811 863 3872 912 δὲ
3913 862 4003 912 τοῦ

2439 951 2679 1003 διαϐόλου
2704 953 2794 1002 καὶ
2819 950 2926 1003 τῶν
2948 950 3212 1018 δαιμόνων
3238 950 3421 1013 αὐτοῦ,
3445 951 3880 1020 προσκυνοῦμεν,
3916 952 4005 1002 καὶ

2444 1041 2940 1111 περιπτυσσόμεθα,
2977 1041 3071 1092 καὶ
3100 1039 3519 1109 κατασςιλοῦμεν,
3553 1043 3644 1093 καὶ
3675 1040 4002 1108 ὀφθαλμοῖς,

2442 1133 2532 1182 καὶ
2553 1129 2773 1200 χείλεσι,
2805 1130 2900 1182 καὶ
2940 1129 3135 1199 καρδίᾳ
3180 1130 3551 1198 ἀσπαζόμεθα.
3615 1132 3854 1199 Ὀμοίως
3913 1133 4002 1182 καὶ

2443 1224 2618 1274 πᾶσαν
2648 1222 2745 1290 τὴν
2771 1221 3008 1286 Παλαιὰν
3050 1220 3143 1273 καὶ
3183 1222 3390 1289 Καινὴν
3434 1221 3726 1290 Διαθήκην,
3765 1219 3896 1281 τούς
3945 1237 4001 1272 τε

2440 1312 2626 1379 λόγους
2653 1312 2760 1384 τῶν
2809 1312 2976 1378 ἁγίων
3029 1312 3120 1362 καὶ
3157 1312 3424 1380 ἐκκρίτων
3483 1311 3780 1380 Πατέρωνο
3809 1310 3916 1377 τὴν
3948 1311 4000 1361 δὲ

2437 1402 2665 1472 αίσχρὰν
2704 1403 2796 1465 καὶ
2837 1403 3084 1470 μυσαρὰν
3127 1403 3216 1453 καὶ
3262 1401 3564 1470 ἀκάθαρτον
3609 1402 3827 1469 γραφὴν
3893 1399 3996 1452 τῶν

2438 1499 2753 1568 καταράτων
2796 1495 3126 1563 Μανιχαίων,
3158 1494 3229 1546 τὰ
3257 1495 3393 1545 αὐτὰ
3433 1493 3671 1562 ὀνόματα
3709 1494 3994 1561 περιέχουσ

2440 1604 2556 1651 σαν,
2579 1589 2673 1639 καὶ
2701 1587 2834 1656 πρὸς
2877 1585 3029 1648 δόξαν
3069 1583 3163 1636 τοῦ
3191 1583 3437 1635 διαϐόλου
3474 1585 3567 1635 καὶ
3592 1583 3699 1636 τῶν
3724 1584 3994 1650 δαιμόνων

2435 1678 2619 1741 αὑτοῦ,
2647 1677 2739 1730 καὶ
2769 1674 3042 1728 ἀπώλειαν
3071 1672 3257 1742 ψυχῶν
3289 1673 3689 1742 έφευρεθεῐσαν,
3716 1673 3993 1725 ἀποπτύο-

2437 1785 2536 1836 μεν
2561 1768 2654 1818 καὶ
2695 1763 3150 1832 ἁποδαλλόμεθαέ
3191 1762 3331 1814 οὕτω
3371 1764 3462 1815 καὶ
3489 1763 3544 1814 ὲν
3576 1763 3656 1830 τῷ
3702 1763 3992 1832 πράγματι

2431 1866 2540 1917 τῶν
2572 1864 2813 1925 εἰκόνων,
2848 1863 2954 1931 χρὴ
2987 1863 3212 1931 έρευνᾷν
3248 1862 3346 1929 τήν
3382 1875 3441 1937 τε
3478 1855 3732 1924 ἀλήθειαν
3773 1853 3868 1904 καὶ
3908 1853 3993 1902 τὸν

2434 1957 2632 2007 σκοπὸν
2659 1954 2766 2005 τῶν
2796 1952 3088 2008 ποιούντων
3113 1969 3128 1982 ⁸
3156 1951 3250 2004 καὶ
3280 1952 3326 2001 εἰ
3361 1951 3456 2018 μὲν
3478 1945 3677 2014 ἀληθὴς
3710 1946 3810 1996 καὶ
3838 1942 3993 2010 ὀρθὸς

2431 2044 2522 2095 καὶ
2555 2041 2690 2110 πρὸς
2720 2041 2876 2105 δόξαν
2901 2039 3035 2092 Θεοῦ
3064 2040 3158 2091 καὶ
3186 2038 3296 2091 τῶν
3322 2037 3486 2105 ἁγίων
3509 2032 3690 2092 αὐτοῦ,
3734 2031 3834 2084 καὶ
3859 2029 3992 2097 πρὸς

2430 2118 2832 2206 ζῆλονλάρετῆς,
2873 2136 2965 2191 καὶ
3004 2131 3293 2202 ἀποφυγὴν
3322 2131 3540 2192 κακίας,
3587 2129 3681 2182 καὶ
3711 2123 3992 2192 σωτηρίαν

2427 2219 2611 2290 ψυχῶν
2644 2222 2902 2288 γίνονται,
2927 2219 3302 2288 ἀποδέχεσθαι,
3329 2218 3422 2270 καὶ
3440 2218 3624 2286 τιμᾷν,
3651 2215 3727 2276 ὡς
3753 2214 3988 2274 εἰκόνας,

2428 2311 2520 2362 καὶ
2574 2311 2884 2381 μιμήματα,
2937 2310 3030 2361 καὶ
3074 2295 3417 2379 ὁμοιώματα,
3466 2306 3557 2358 καὶ
3609 2304 3826 2372 βίϐλους
3884 2301 3990 2352 τῶν

2424 2401 2801 2473 ἀγραμμάτων
2847 2400 2946 2452 καὶ.¹
2985 2399 3308 2470 ὑπόμνησιν,
3359 2399 3454 2451 καὶ
3498 2396 3841 2467 προσκυνεῖν,
3893 2391 3989 2443 καὶ

2426 2491 2757 2560 καταφιλεῖν,
2795 2491 2890 2544 καὶ
2921 2491 3236 2561 ὀφθαλμοῖς,
3293 2490 3386 2543 κα)⁸
3415 2487 3670 2559 χείλεσιν,
3712 2485 3811 2536 καὶ
3847 2501 3983 2548 καρ-

2424 2582 2513 2652 δίᾳ
2551 2580 2913 2645 ἀσπάζεσθαι,
2950 2581 3026 2643 ὡς
3063 2579 3496 2651 ,σεσαρκωμένου
3537 2575 3670 2629 Θεοῦ
3701 2575 3979 2644 ὁμοίωμα,

2418 2668 2455 2741 ,ἦ
2484 2671 2583 2740 τῆς
2613 2670 2800 2723 τούτου
2830 2671 3052 2742 μητρὸς,
3077 2671 3234 2739 ῆτῶν
3259 2669 3428 2736 ἁγίων
3449 2667 3556 2720 τῶν
3575 2662 3850 2717 κοινωνῶν
3875 2663 3983 2714 τῶν

2424 2757 2762 2827 παθημάτων
2793 2757 2980 2833 αὐτοῦ,
3019 2758 3112 2812 καὶ
3153 2757 3253 2827 τῆς
3284 2755 3440 2826 δόξης
3460 2753 3554 2807 τοῦ
3583 2751 3840 2823 Χριστοῦ,
3886 2749 3982 2802 καὶ

2422 2848 2654 2918 νικητῶν
2694 2849 2787 2902 καὶ
2829 2849 3170 2920 καθαῳετῶν
3194 2847 3289 2901 τοῦ
3313 2845 3558 2901 διαϐόλου
3587 2842 3684 2898 καὶ
3711 2842 3822 2911 τῷν
3865 2839 3980 2891 δαισ

2425 2937 2620 3007 μόνων,
2652 2922 2746 2991 καὶ
2780 2936 2881 3006 τῆς
2909 2928 3116 3007 πλάνης
3145 2927 3361 2992 αὐτῶν.
3389 2935 3452 2988 ΕΙ
3483 2934 3541 2986 δὲ
3575 2931 3675 3002 τῆς
3723 2930 3984 2998 θεότητος

2417 3029 2516 3098 τῆς
2543 3028 2708 3086 ἁΰλου
2727 3010 3130 3104 agamnam»
3150 3027 3333 3081 είκὰνα
3353 3041 3436 3088 τις
3457 3024 3714 3092 τολμήσει
3733 3021 3981 3089 ποιῆσαι,

768 3123 981 3184 galeros
1017 3114 1218 3167 diaboli
1258 3130 1321 3167 ac
1373 3114 1699 3178 daemonum,
1751 3126 2051 3181 eorumque
2108 3111 2319 3166 fraudis

2421 3121 2492 3183 ὼς
2521 3120 2690 3190 ψευδῆ
2719 3107 3137 3189 ammplam
3165 3134 3182 3152 -
3225 3116 3324 3172 καὶ
3349 3115 3446 3171 ιάν
3474 3132 3557 3175 τις
3591 3115 3686 3166 ιπι
3709 3111 3840 3182 δόξῃ
3888 3112 3984 3163 καὶ

766 3206 1110 3261 exstiterunt.
1149 3206 1302 3271 Quod
1335 3205 1380 3261 si
1414 3205 1538 3275 quis
1578 3203 1828 3269 Deitatis,
1875 3216 1998 3272 quae
2029 3217 2060 3255 a
2086 3202 2318 3264 materia

725 3296 951 3376 ’prOClll
985 3305 1211 3362 semota,
1249 3305 1302 3358 et
1347 3296 1667 3365 incorporea
1690 3305 1796 3361 est,
1846 3295 2138 3363 imaginem
2171 3293 2316 3348 ausit

765 3386 1034 3457 cilingere,
1086 3397 1341 3454 tanquam
1394 3385 1585 3440 falsam
1645 3386 1789 3440 illam
1854 3383 2316 3454 reprobamus.Si

766 3492 869 3545 qua
903 3478 1028 3530 item
1061 3477 1114 3530 in
1165 3476 1393 3546 gloriam
1417 3485 1471 3531 et
1505 3475 1770 3530 honorem
1820 3476 2138 3546 cultumque
2197 3475 2316 3530 dia-

764 3569 872 3622 boli
917 3569 993 3622 vel
1021 3569 1347 3626 daemonum
1396 3582 1650 3635 expressa
1707 3568 1799 3631 sit,
1841 3568 1982 3621 hanc
2037 3568 2314 3636 rejiclmus

765 3673 1009 3726 prorsus,
1051 3665 1104 3710 et
1157 3657 1386 3712 ﬂammis
1424 3647 1858 3713 concr'emamus.
1898 3653 1977 3733 Si
2028 3655 2152 3725 quis
2181 3656 2316 3709 ima-

762 3747 940 3816 ginem
998 3747 1302 3811 hominum,
1365 3757 1459 3801 aut
1503 3747 1828 3809 belluarum,
1879 3755 1972 3800 aut
2007 3747 2311 3811 volucrum,

763 3847 855 3890 aut
898 3837 1194 3906 rcptilium,
1253 3837 1546 3906 alteriusve
1579 3838 1658 3896 rei
1696 3845 1900 3892 creata.
1923 3838 1977 3890 in
2019 3836 2188 3892 Deum
2219 3838 2316 3890 ha-

765 3927 960 3990 huerit,
1022 3927 1166 3981 hunc
1214 3927 1548 3980 anathemati
1579 3928 1932 3983 devovemus.
1977 3927 2130 3982 Sicut
2165 3929 2312 3982 enim

762 4019 938 4082 sancti
971 4017 1159 4073 Patres
1217 4032 1372 4073 sacra
1410 4019 1713 4073 daemonum
1765 4029 1818 4074 et
1866 4019 1990 4073 fana
2030 4020 2312 4073 subverte-

766 4118 912 4172 runt,
942 4120 1104 4179 atque
1137 4111 1188 4162 in
1217 4125 1402 4164 eorum
1431 4111 1566 4164 locis
1613 4111 1813 4178 templa
1845 4109 1936 4168 Dei
1965 4119 2312 4165 sanctorum-

761 4217 866 4270 que
896 4202 1101 4255 nomini
1149 4201 1328 4255 dicata
1378 4210 1829 4273 construxerunt,
1862 4216 1984 4271 qua
2017 4213 2071 4256 et
2103 4216 2202 4255 nos
2229 4216 2314 4256 ve-

762 4307 1055 4356 neramur;
1089 4291 1278 4345 eodem
1319 4289 1500 4352 modo,
1541 4289 1850 4343 daemonum
1888 4303 2104 4358 quoque
2142 4289 2307 4342 simu-

761 4382 923 4436 lacris
962 4381 1180 4444 ablatis,
1238 4379 1439 4434 Christi
1478 4387 1532 4434 et
1586 4379 1851 4448 Deipara,
1883 4388 2311 4448 sanctorumque

2417 3213 2548 3281 τιμῇ
2579 3211 2673 3263 καὶ
2696 3209 3062 3281 προσκυνήσει
3085 3206 3180 3261 τοῦ
3198 3206 3444 3261 διαϐόλου
3481 3206 3514 3276 ἢ
3539 3195 3648 3270 τῶν
3680 3201 3980 3270 δαιμόνων,

2418 3301 2800 3370 καταπτύομεν
2843 3300 2939 3373 καὶ
2996 3299 3130 3370 πυρὶ
3170 3297 3554 3366 ἀναλίσκομεν.
3589 3294 3700 3348 Καὶ
3741 3293 3838 3347 έάν
3896 3308 3980 3353 τις

2415 3390 2736 3462 ἀνθρώπων,
2785 3391 2818 3459 ἢ
2865 3391 3100 3460 κτηνῶν,
3146 3390 3180 3459 ἢ
3219 3387 3504 3454 πετεινῶν,
3542 3385 3576 3455 ἢ
3621 3383 3895 3468 ιρπετῶν,
3943 3381 3976 3450 ἢ

2415 3481 2580 3551 ἁλλης
2616 3480 2759 3543 τινὸς
2790 3480 3017 3544 κτίσεως
3051 3478 3344 3551 θεοποιήσῃ
3394 3478 3596 3540 εικάνα,
3640 3474 3976 3542 ἀναθεματί-

2416 3570 2580 3638 ζομεν
2617 3563 2823 3624 τοῦτον.
2871 3553 3083 3639 Ὠσπερ
3111 3567 3218 3636 γὰρ
3244 3567 3314 3634 ,τὰ
3355 3557 3484 3637 ίερὰ
3506 3565 3600 3620 καὶ
3630 3563 3757 3626 τοὺς
3817 3561 3981 3624 ναοὺς

2414 3645 2818 3733 τῶν-’δαιμόνων
2844 3659 3092 3734 καθεῖλον
3115 3645 3340 3728 δι”ἁγιοι
3365 3648 3624 3729 Πατέρες,
3655 3656 3750 3708 καὶ
3786 3655 3846 3706 ὲν
3868 3655 3978 3715 τοῖς

2414 3749 2592 3804 αὐτῶν
2642 3752 2825 3814 τόποις
2863 3751 3026 3815 ναοὺς
3056 3749 3403 3819 έπ¹όνόματι
3459 3747 3593 3818 Θεοῦ
3654 3748 3749 3798 καὶ
3807 3747 3978 3812 ἁγίων

2413 3843 2660 3913 ῆγειραν,
2686 3843 2777 3894 καὶ
2797 3840 3020 3904 τούτους
3040 3840 3288 3912 σέϐομεν,
3320 3839 3461 3893 οὕτω
3502 3839 3594 3891 καὶ
3621 3836 3721 3899 τὰς
3759 3836 3977 3896 εἰκόνας

2412 3932 2519 3985 τῶν
2570 3933 2838 4002 δαιμόνων
2884 3932 3152 3993 καθεῖλον,
3185 3930 3282 3984 καὶ
3329 3930 3442 3984 ἀντ’
3473 3931 3694 3982 ἐκείνων
3744 3929 3976 3996 ἧγειραν

2414 4024 2623 4085 εἰκόνας
2651 4021 2910 4092 Χριστοῦ,
2941 4023 3035 4075 καὶ
3078 4021 3177 4090 τῆς
3206 4021 3397 4074 τούτου
3437 4006 3678 4094 Μητρὸς,
3727 4019 3828 4070 καὶ
3870 4015 3975 4067 τῶν

2414 4115 2603 4182 ἁγίων,
2634 4115 2727 4166 καὶ
2740 4115 2940 4176 ταύτας
2960 4113 3209 4182 σέϐομεν.
3237 4112 3344 4166 Καὶ
3369 4111 3462 4170 ἐπὶ
3495 4111 3592 4176 μὲν
3604 4109 3706 4179 τῆς
3729 4109 3973 4170 Παλαιᾶς

2413 4205 2533 4258 οὔτε
2560 4205 2719 4268 ναοὺς
2743 4207 2833 4258 ἐπ’
2858 4205 3081 4274 ὀνόματι
3108 4203 3410 4276 ἀνθρώπων
3434 4202 3653 4272 ἤγειρεν
3678 4201 3706 4253 ό
3733 4199 3970 4269 Ἰσραὴλ,

2411 4293 2533 4346 οὔτε
2575 4295 2913 4364 μνημόσυνον
2956 4293 3255 4364 ὲωρτὰξετο
3281 4312 3294 4324 ·
3317 4294 3404 4345 ἐτι
3443 4293 3549 4368 γὰρ
3579 4290 3684 4343 ὑπὸ
3727 4289 3974 4357 κατάραν

2410 4380 2479 4454 ἦν
2505 4386 2537 4453 ἡ
2563 4384 2670 4436 τῶν
2707 4383 3006 4454 ἀνθρώπων
3030 4383 3208 4451 φύσις,
3232 4383 3326 4434 καὶ
3352 4382 3381 4432 ὁ
3407 4381 3630 4441 θάνατος
3648 4380 3970 4446 κατάκρισις

761 4472 1025 4541 imagines
1074 4472 1265 4525 horum
1303 4473 1423 4527 loco
1472 4478 1806 4526 statuerunt.
1835 4471 2001 4539 Atqui
2041 4471 2095 4524 in
2125 4469 2304 4524 Veteri

2418 4470 2475 4544 ἢν
2495 4491 2510 4505 υ
2533 4474 2612 4527 διὸ
2647 4476 2740 4527 καὶ
2769 4475 3062 4533 ὲπενθεῖτο,
3087 4473 3182 4525 καὶ
3207 4473 3234 4524 δ
3264 4471 3566 4541 ἁπτόμενος
3599 4469 3693 4522 τοῦ
3722 4470 3970 4536 σώματος

757 4564 975 4631 quidem
1012 4561 1380 4625 Testamento,
1427 4566 1540 4616 'nec
1594 4564 1790 4628 templa
1845 4571 2159 4640 sanctorum
2215 4577 2311 4616 no-

757 4657 889 4708 mini
925 4658 1316 4709 construebant
1362 4653 1637 4719 lsraelitaa,
1681 4668 1780 4708 nec
1839 4669 2034 4708 eorum
2072 4668 2312 4707 comme-

753 4747 990 4800 moratio
1043 4744 1232 4799 festiva
1286 4756 1418 4800 erat.
1486 4747 1676 4800 Adhuc
1738 4745 1879 4799 enim
1943 4745 2308 4798 maledictioni

752 4836 1152 4902 subjiciehatur
1191 4836 1469 4889 hominum
1501 4851 1693 4904 genus,
1728 4846 1781 4888 et
1815 4849 1962 4888 mors
1986 4835 2306 4902 supplicium

755 4933 914 4978 erat:
971 4934 1304 4994 quapropter
1364 4925 1480 4978 haec
1543 4924 1848 4992 lugebatur,
1897 4932 1950 4977 et
1982 4923 2074 4998 qui
2109 4931 2304 4977 mortui

756 5013 988 5088 cadaver
1058 5015 1345 5085 tetigisset,
1409 5013 1724 5068 immundus
1780 5013 2098 5067 habebatur.
2153 5010 2307 5066 Nunc

2409 4563 2501 4617 τοῦ
2531 4565 2870 4634 τεθνηκότος,
2931 4565 3236 4636 ἀκάθαρτος
3277 4563 3568 4630 ἐλογίζετο.
3595 4561 3712 4612 Νῦν
3743 4560 3822 4621 δὲ,
3881 4559 3972 4624 ἀφ’

2407 4649 2467 4708 οὗ
2492 4657 2524 4724 ἠ
2557 4655 2753 4724 θεότης
2771 4657 2836 4724 τῇ
2863 4656 3104 4724 ἡμετέρᾳ
3132 4655 3290 4723 φύσει
3307 4652 3620 4721 ἁσυγχύτως
3642 4649 3969 4716 συνεκράθη.

2407 4741 2518 4798 οἷόν
2570 4762 2622 4797 τι
2687 4745 2946 4809 ζωοποιδν
2999 4746 3094 4797 καὶ
3143 4746 3406 4813 σωτήριον
3446 4743 3752 4811 φάρμακον,
3809 4739 3970 4797 Erro»;

2409 4833 2666 4902 ἐδοξάσθη
2702 4834 2734 4899 ἡ
2771 4833 2931 4901 φύσις
2973 4833 3148 4901 ἡμῶν,
3188 4832 3281 4884 καὶ
3322 4832 3456 4900 πρὸς
3493 4829 3798 4899 ἀφθαρσίαν
3849 4843 3966 4893 μετ-

2416 4926 2791 4994 εστοιχειώθη·
2826 4926 2906 4978 διὸ
2947 4929 3041 4979 καὶ
3090 4927 3208 4980 ναοὶ
3257 4910 3436 4986 αὐτοῖς
3499 4925 3818 4992 ἐγείρονται,
3877 4919 3968 4969 καὶ
4029 4927 4032 4929 ’

2413 5017 2616 5078 είκόνες
2647 5017 3064 5085 ἀναγράφονται.

759 5113 962 5169 autem,
1003 5120 1068 5159 ex
1106 5121 1214 5173 quo
1260 5113 1465 5160 natura:
1503 5114 1700 5159 nostra:
1743 5120 1844 5158 ceu
1885 5105 2336 5158 medicamentum
2372 5107 2639 5174 quoddam
2686 5107 2959 5162 vivificum
3014 5116 3066 5161 et
3104 5108 3344 5163 salutare
3384 5105 3673 5174 conjuncta
3711 5101 3961 5156 divinitas

756 5207 861 5263 est,
893 5201 1128 5270 gloriosa
1159 5201 1245 5254 illa
1285 5202 1476 5264 evasit,
1516 5211 1676 5269 atque
1718 5201 1771 5253 in
1796 5201 2254 5269 incorruptionem
2290 5203 2674 5256 transformata
2711 5202 2809 5256 fuit
2842 5222 2853 5255 :
2899 5203 3037 5257 unde
3076 5184 3276 5272 templa
3305 5216 3530 5272 quoque.
3559 5202 3613 5255 in
3649 5211 3959 5256 sanctorum

760 5290 1019 5347 honorem
1060 5293 1363 5360 eriguntur,
1411 5308 1706 5358 eorumque
1747 5293 2036 5362 pinguntur
2074 5291 2355 5360 imagines.

833 5407 915 5461 ιο.
967 5408 1108 5462 Nulli
1149 5409 1640 5478 igitur-hominum
1699 5410 1876 5471 lateat,
1931 5423 2052 5460 eum
2094 5407 2182 5475 qui
2234 5404 2299 5457 ad

2481 5415 2527 5458 ι’.
2564 5407 2878 5460 Γινωσκέτω
2909 5404 3000 5460 οὖν
3034 5410 3140 5471 πᾶς
3163 5408 3465 5476 ἄνθρωπος,
3511 5411 3584 5473 ὡς
3609 5413 3636 5464 ό
3666 5411 3758 5480 τὴν
3787 5407 3962 5463 εἰκόνα

2009 5609 2230 5662 νΑΙὶΗί
2271 5609 2655 5665 LECTIONES.

841 5743 867 5784 δ
905 5743 1042 5812 Lego
1078 5743 1248 5804 δόξαν,
1277 5752 1324 5796 ct
1364 5745 1518 5812 paulo
1571 5756 1683 5811 poSl
1721 5745 1990 5812 αὲεχύνην.
2039 5757 2084 5797 ιιι
2132 5762 2319 5801 sensus
2352 5746 2607 5815 postulat,
2637 5762 2693 5798 ut.
2741 5747 2788 5797 in
2833 5756 2970 5798 erat.
3010 5745 3043 5797 ‘2
3074 5745 3317 5798 habetur.
