4172 6490
206 439 343 505 1333

1248 437 1343 495 DE
1384 434 1835 496 IMAGINIBUS
1874 437 2150 497 ORATIO
2193 439 2335 505 ΠΙ..

197 546 299 618 τὴν
326 531 462 618 πρὸς
487 545 643 610 δόξαν
677 546 769 597 καὶ
814 542 1111 613 ὑπόμνησιν
1148 545 1244 596 τοῦ
1273 546 1510 613 Χριστοῦ
1539 547 1630 599 καὶ
1661 546 1754 613 τῆς

1819 543 2083 609 iCbristi,
2127 548 2206 601 vel
2258 548 2448 600 matris
2477 546 2598 615 ejus
2654 546 2944 603 Genitrieis
2976 548 3087 612 Dei,
3114 550 3196 603 vel
3230 553 3402 602 sancti

196 636 389 690 τούτου
442 636 659 705 Μητρὸς
717 635 813 704 τῆς
846 633 1002 701 ἁγίας
1040 634 1321 699 Θεοτὸκου,
1378 637 1412 703 ἡ
1460 653 1601 697 τινος
1645 636 1752 688 τῶν

199 724 393 792 ἁγίων,
430 726 509 778 ἔτι
538 724 597 777 δὲ
640 725 773 795 πρὸς
807 725 1065 793 αἰσχύνην
1109 723 1201 776 τοῦ
1245 724 1489 777 διαϐόλου
1528 726 1750 795 καὶτῆς

193 816 365 885 ἣττης
386 814 547 868 αὐτοῦ
581 816 672 867 καὶ
701 815 809 867 τῶν
833 815 1101 884 δαιμόνων
1119 815 1305 878 αὐτοῦ,
1335 816 1398 869 ὲκ
1420 815 1563 868 θείου
1589 816 1749 869 πόθου

195 905 293 958 καὶ
320 906 483 969 ζήλου
517 905 834 975 γενομένην,
868 906 1157 959 καταλύειν
1202 907 1516 977 ἐπιχειρῶν,
1549 909 1644 961 καὶ
1673 909 1747 978 μὴ

198 994 517 1062 προσκυνῶν
563 995 657 1047 καὶ
691 995 867 1063 τιμῶν
915 996 1010 1047 καὶ
1060 997 1434 1065 ἀσπαζόμενος
1477 999 1623 1068 πόθῳ
1653 997 1747 1051 τοῦ

153 1136 155 1139 ,
197 1083 630 1153 εἰκονιζομένου.
674 1084 749 1147 ὡς
776 1084 955 1137 εἰκόνα
993 1086 1201 1154 τιμίαν,
1233 1087 1325 1138 καὶ
1356 1087 1452 1156 οὐχ
1491 1087 1566 1150 ὡς
1596 1088 1747 1152 Θεὸν,

196 1170 391 1240 ἐχθρός
416 1171 549 1223 ιέστι
597 1170 853 1241 Χριστοῦ,
905 1172 1117 1241 καὶτῆς
1151 1173 1309 1240 ἁγίας
1337 1173 1618 1238 Θεοτόκου,
1656 1175 1749 1227 καὶ

193 1267 304 1320 τῶν
332 1267 523 1334 ἁγίων,
541 1267 832 1338 ἐκδικητὴς
852 1268 907 1321 δὲ
924 1268 1016 1320 τοῦ
1041 1268 1289 1321 διαϐόλου
1320 1269 1413 1322 καὶ
1431 1269 1540 1322 τῶν
1563 1269 1749 1338 δαιμό-

193 1375 302 1410 νων
330 1358 513 1423 αὑτοῦ,
550 1358 696 1429 ἔργῳ
744 1358 1178 1428 ἐπιδεικνύμενος
1232 1360 1329 1430 τὴν
1375 1360 1569 1429 λύπην,
1616 1361 1748 1413 ὃτιὸ

190 1448 328 1510 Θεὸς
357 1448 451 1503 καὶ
492 1449 543 1503 οἰ
573 1449 717 1517 ἅγιοι
743 1449 906 1503 αὑτοῦ
935 1450 1201 1520 τιμῶνται
1239 1451 1332 1505 καὶ
1359 1452 1689 1517 δοξάζονται,
1718 1454 1747 1504 ό

190 1538 250 1590 δὲ
282 1538 525 1601 διάῦολος
555 1539 991 1611 καταισχύνεται.
1040 1541 1105 1595 Ἦ
1140 1543 1246 1612 γὰρ
1286 1542 1447 1595 εἰκὼν
1479 1543 1747 1614 θρίαμόός

138 1630 141 1633 ’
190 1630 334 1693 ἐστι,
376 1629 472 1682 καὶ
497 1631 822 1699 φανέρωσις,
854 1632 951 1685 καὶ
984 1633 1369 1703 στηλογραφία,
1399 1636 1479 1697 εἰς
1530 1636 1747 1705 μνήμην

188 1720 290 1787 τῆς
321 1718 477 1789 νίκης
495 1720 603 1773 τῶν
624 1722 1054 1791 ἀριστευσάντων
1082 1725 1175 1777 καὶ
1199 1724 1629 1797 διαπρεψάντων,
1651 1726 1745 1778 καὶ

187 1806 291 1874 τῆς
316 1808 579 1878 αἰσχύνης·
601 1810 708 1863 τῶν
745 1812 1089 1881 ἡττηθέντων
1137 1814 1231 1866 καὶ
1276 1813 1741 1885 καταϐληθέντων.

189 1890 348 1949 Εἶδον
375 1897 634 1961 πολλάκις
662 1900 983 1966 ποθοῦντας,
1034 1903 1248 1973 ἱμάτιον
1288 1903 1382 1956 τοῦ
1413 1906 1745 1975 ποθουμένου

140 2050 143 2052 ἓ
185 1983 672 2056 θεασαμένουςκιίκ
692 1989 853 2043 αὑτὸν
872 1991 962 2044 τὸν
978 1991 1304 2063 ποθούμενον
1327 1995 1746 2065 ἀσπασαμένους

184 2071 251 2124 τὸ
278 2073 513 2144 ἰμάτιον,
541 2076 840 2148 ὀφθαλμοῖς
864 2097 924 2133 τε
968 2082 1062 2134 καὶ
1094 2082 1315 2151 χείλεσι.
1349 2085 1468 2154 Χρὴ
1499 2081 1744 2140 ἀποδιδό-

184 2179 279 2215 ναι
320 2165 456 2217 πᾶσι
506 2165 606 2229 τὰς
636 2168 873 2237 ὀφειλὰς,
906 2171 1046 2224 κατὰ
1076 2172 1167 2225 τὸν
1211 2172 1368 2240 ἅγιον
1401 2173 1611 2229 Παῦλον
1655 2178 1744 2230 τὸν

185 2252 514 2321 ἀπόστολον,
550 2275 571 2309 ι
604 2258 681 2327 τῷ
710 2258 809 2329 τὴν
834 2261 1019 2332 τιμὴν,
1055 2265 1153 2331 τὴν
1190 2266 1382 2334 τιμήνσ
1414 2268 1508 2317 καὶ
1537 2266 1746 2335 βασιλεί

190 2341 315 2411 μὲν,
343 2343 419 2407 ὡς
446 2345 765 2416 ὑπερέχοντι
783 2386 800 2412 ,
830 2352 944 2413 τοῖς
970 2351 1025 2404 δὲ
1063 2353 1338 2422 ἄρχουσιν,
1369 2356 1445 2419 ὡς
1470 2357 1536 2409 δι’
1567 2357 1743 2411 αὐτῶν

187 2430 699 2504 ἐποστελλομένοις·
750 2456 769 2490 ι
813 2440 1049 2512 ἑκάστῳ,
1109 2445 1248 2497 κατὰ
1302 2446 1362 2499 τὸ
1397 2448 1592 2517 μέτρον
1647 2448 1739 2501 τοῦ

180 2519 513 2594 ἀξιώματος.
678 2542 679 2545 ‘
1385 2554 1388 2558 ’

261 2701 350 2749 ια’.
382 2697 492 2750 Ποῦ
511 2691 669 2768 εὗρες
697 2700 756 2753 έν
776 2702 842 2771 τῇ
876 2701 1087 2772 Παλαιᾷ
1106 2743 1121 2768 ,
1164 2704 1197 2774 ἢ
1228 2704 1286 2757 έν
1318 2705 1396 2776 τῷ
1426 2708 1740 2782 Εὑαγγελίῳ

179 2786 355 2858 ὕνομα
383 2790 1075 2865 Τριάδος,ἣὸμοούσιον,ἢ
1118 2797 1246 2866 μίαν
1291 2799 1451 2867 φύσιν
1494 2802 1739 2873 θεότητος

179 2879 417 2947 τρανῶς,
450 2882 484 2950 ἢ
507 2884 657 2950 τρεῖς
685 2884 1013 2947 ὑποστάσεις
1037 2886 1331 2952 αύτολεξεί,
1363 2891 1396 2960 ἢ
1429 2892 1557 2960 μίαν
1606 2894 1731 2947 ὑπό-

182 2983 377 3024 στασιν
403 2970 497 3023 τοῦ
529 2973 786 3042 Χριστοῦ,
835 2975 868 3045 ἢ
905 2974 1000 3028 δύο
1032 2975 1222 3045 φύσεις
1250 2981 1557 3050 αὐτολεξεί;
1600 2985 1737 3037 Ἀλλ’

176 3055 353 3125 ὅμως,
376 3058 582 3130 ἐπειδὴ,
614 3062 677 3114 ἐκ
707 3063 816 3115 τῶν
853 3064 1280 3134 ἰσοδυναμουσῶν
1318 3069 1512 3133 λέξεων
1543 3072 1654 3126 τῶν
1678 3076 1734 3127 έν

177 3149 252 3250 τῇ
272 3147 458 3250 Γραιιρῇ
486 3152 768 3250 κειμένων,
793 3152 995 3250 ῶρισαν
1018 3156 1191 3250 ταῦτα
1217 3160 1266 3210 οἰ
1296 3161 1437 3227 ἆγιοι
1469 3163 1729 3234 Πατέρες,
1759 3191 1804 3250 C

178 3235 468 3317 δεχόμεθα,
492 3241 585 3292 καὶ
614 3242 742 3303 τοὺς
775 3243 848 3312 μὴ
876 3244 1194 3313 δεχομένους
1230 3248 1697 3322 ἀναθεματίζομεν
1718 3271 1733 3286 ο

177 3329 294 3396 έγὼ
322 3330 379 3384 δὲ
406 3333 653 3400 παριστῶ
673 3350 755 3387 σοι
789 3335 847 3387 ὲν
866 3338 930 3406 τῇ
975 3338 1203 3408 Παλαιᾷ,
1240 3340 1321 3392 ὅτι
1352 3343 1679 3411 προσέταξεν
1705 3346 1735 3398 ό

176 3420 314 3484 Θεὸς
339 3426 510 3474 ποιεῖν
536 3424 748 3487 εἰκόνας
769 3441 783 3455 ο
819 3426 1035 3494 πρῶτον
1064 3430 1163 3497 μὲν
1191 3431 1359 3500 αὐτὴν
1381 3432 1478 3503 τὴν
1506 3436 1728 3507 σκηνὴν,

176 3509 274 3561 καὶ
305 3512 483 3565 πάντα
504 3513 570 3565 τὰ
595 3514 725 3569 δντα
752 3516 810 3569 ὲν
838 3517 995 3588 αὐτῇ.
1031 3519 1139 3572 Kal
1161 3521 1219 3573 ὲν
1238 3525 1348 3585 τοῖς
1379 3525 1731 3595 Εὐαγγελίοις

174 3598 343 3662 αὐτὸς
367 3601 396 3652 ό
419 3602 639 3672 Κύριος,
671 3607 783 3667 τοῖς
806 3607 1172 3677 πειραστικῶς
1214 3611 1570 3682 έρωτήσασιν,
1611 3635 1630 3666 ι
1666 3619 1727 3670 Εἰ

170 3686 353 3753 ἔξεστι
386 3692 620 3763 Καίσαρι
648 3694 827 3747 δοῦναι
859 3698 1094 3766 κῆνσον;
1131 3717 1150 3750 ι
1179 3695 1362 3755 εἷπεν·
1399 3711 1417 3755 ι
1468 3708 1726 3776 ’Λγὰγετέ

118 3780 125 3785 ’
177 3796 272 3846 μοι
290 3779 351 3833 τὶ
374 3781 633 3851 νόμισμα.
661 3804 681 3836 ι
714 3786 823 3838 Kal
854 3786 1136 3854 ὑπέδειξαν
1165 3791 1313 3861 αὑτῷ
1336 3793 1609 3866 δηνάριον,
1636 3801 1727 3853 καὶ

168 3868 457 3939 ἠρώτησεν
477 3872 693 3938 αὐτοὺς,
725 3892 743 3925 ι
780 3875 934 3941 Τίνος
959 3879 1141 3932 εἰκόνα
1170 3880 1308 3951 ἔχεις
1342 3902 1362 3933 ι
1389 3886 1451 3937 Οἰ
1479 3888 1534 3939 δὲ
1554 3884 1727 3956 εἷπον,

178 3979 201 4011 ι
240 3960 531 4032 Καίσαρος,
560 3982 580 4015 ι
615 3965 725 4017 Kal
752 3960 922 4031 εἶπεν,
958 3985 979 4019 ι
1030 3969 1277 4023 Ἀπόδοτε
1310 3972 1379 4025 τὰ
1405 3975 1499 4027 τοῦ
1525 3978 1730 4033 Καίσαι

175 4068 291 4141 ρος,
319 4053 580 4123 Καίσαρι,
624 4056 717 4108 καί
761 4057 828 4110 τὰ
864 4057 959 4110 τοῦ
989 4058 1145 4126 Θεοῦ,
1174 4061 1251 4131 τῷ
1279 4062 1413 4133 Θεῷ.
1447 4085 1465 4116 ι
1512 4068 1725 4141 Ἐπειδὴ

170 4139 359 4213 εἰκόνα
386 4143 661 4213 Καίσαρος
692 4145 823 4215 ἔχει,
879 4148 1153 4219 Καίσαρός
1196 4153 1331 4215 ἐστι,
1367 4156 1461 4208 καὶ
1500 4139 1722 4213 ἀπόδοτε

171 4227 415 4319 Καίσαρι
435 4246 449 4260 ·
484 4232 577 4283 καὶ
600 4232 697 4303 τὴν
728 4235 910 4289 εἰκόνα
932 4237 1190 4307 Χριστοῦ,
1219 4241 1442 4296 ἀπόδοτε
1470 4246 1513 4297 Χ
1524 4250 1718 4319 ριστῷο

170 4318 407 4387 Χριστοῦ
440 4322 547 4392 γάρ
579 4325 745 4379 ἐστιν.
1047 4330 1077 4355 ⁰

1858 636 2161 704 cujuspiam
2210 637 2468 690 honorem
2498 644 2551 690 et
2611 639 3065 700 recordationem,
3106 654 3313 692 necnon
3342 640 3405 691 ad

1860 725 2212 793 ignominiam
2243 726 2471 791 diaboli,
2530 727 2820 796 relatteque
2848 728 2912 780 de
2939 729 3027 781 illo
3059 735 3121 781 et.
3147 728 3405 781 dmmoni-
3476 723 3481 727 ’

1858 814 1959 869 bus
2018 815 2140 883 ejus
2191 816 2432 869 victoria:
2479 817 2816 879 memoriam,
2873 818 3172 870 conlectam
3225 818 3406 869 divino

1854 904 2087 973 quodam
2123 904 2302 959 studio
2334 914 2388 957 et
2419 904 2915 973 ardoreimaginem
2939 906 3170 971 dejicere
3195 920 3411 972 aggres-

1856 1008 1952 1049 sus
2010 993 2194 1056 fuerit,
2233 1009 2409 1063 neque
2444 1009 2560 1048 eam
2612 994 2791 1061 potius
2823 1010 2919 1047 ceu
2946 996 3298 1049 veneratione
3324 996 3405 1047 di-

1854 1098 2037 1153 gnam,
2070 1099 2176 1138 non
2207 1093 2391 1138 tamen
2422 1085 2501 1138 uti
2544 1082 2735 1147 Deum,
2772 1085 2985 1148 adorat,
3026 1086 3153 1138 colit
3178 1096 3228 1138 et
3262 1100 3406 1138 com-

1854 1174 2133 1242 plectitur,
2166 1175 2445 1229 inimicum
2486 1174 2710 1237 Christi,
2753 1184 2957 1229 sancta:
2995 1174 3239 1242 Deiparre
3276 1190 3403 1228 sau-

1852 1244 2178 1331 cto'rumque
2230 1276 2351 1316 esse
2380 1280 2394 1325 ;
2425 1261 2627 1314 diaboli
2686 1276 2816 1315 vero
2845 1270 2898 1314 et
2955 1263 3257 1315 drernonnm
3290 1263 3409 1330 ejus

1854 1352 2120 1407 vindicem
2151 1368 2165 1404 :
2190 1352 2389 1421 quippe
2416 1353 2507 1420 qui
2536 1352 2712 1421 palam
2734 1367 2877 1420 aegre
2898 1351 3058 1413 lerat,
3080 1362 3189 1405 tam
3217 1352 3405 1417 Deum,

1851 1454 2015 1511 quam
2076 1452 2294 1499 sanctos
2326 1444 2444 1511 ejus
2472 1442 2644 1511 gloria
2671 1451 2725 1496 et
2777 1443 2985 1496 honore
3020 1442 3178 1507 allici,
3212 1443 3404 1496 diabo—

1851 1534 1964 1587 lum
2005 1548 2133 1589 vero
2163 1533 2461 1601 ignominia
2494 1532 2727 1600 aspergi.
2771 1531 2902 1584 Nam
2933 1531 3113 1599 imago
3143 1531 3405 1599 triumphi

1850 1640 2045 1695 genus,
2096 1624 2411 1685 ostentatio,
2489 1623 2930 1691 iuseulptumque
2991 1635 3401 1678 monumentum

1850 1723 1952 1780 est,
1986 1715 2038 1767 in
2072 1714 2386 1769 memoriam
2419 1721 2660 1767 erectum
2711 1713 2964 1777 illorum,
2998 1714 3089 1781 qui
3139 1728 3405 1783 generoso

1850 1806 2234 1875 prestantique
2268 1804 2448 1857 animo
2475 1818 2595 1859 sese
2620 1812 2929 1873 gesserunt,
2980 1805 3142 1872 inque
3172 1820 3404 1873 perenne

1779 1881 2086 1951 Bdedecus
2137 1896 2468 1958 dannonum,
2512 1895 2603 1963 qui
2655 1895 2785 1946 victi
2838 1893 3221 1964 proﬂigatique
3250 1902 3398 1949 sunt.

1847 1988 2117 2054 Quosdam
2154 2002 2295 2056 saepe
2342 1985 2476 2050 vidi,
2520 1985 2634 2053 qui,
2675 1999 2800 2038 cum
2836 1986 2995 2037 amici
3027 1985 3297 2039 desiderio
3325 1994 3401 2039 te-

1846 2085 2126 2141 nerentur,
2161 2077 2206 2131 si
2231 2086 2439 2131 vestem
2484 2076 2603 2143 ejus
2635 2075 3041 2143 conspicerent,
3078 2077 3218 2129 haud
3244 2076 3403 2129 aliter

1843 2165 1989 2219 illam
2037 2174 2201 2234 atque
2230 2164 2464 2217 amicum
2504 2162 2681 2232 ipsum
2716 2164 2892 2216 oculis
2926 2172 2977 2217 et
3006 2165 3163 2217 labiis
3212 2180 3402 2231 prose-

1843 2261 2161 2322 querentur.
2217 2252 2531 2315 Omnibus,
2590 2252 2893 2306 secundum
2951 2254 3183 2321 apostoli
3245 2253 3398 2308 Pauli

1843 2343 2202 2405 sententiam,
2255 2340 2481 2395 reddere
2511 2340 2757 2396 debitum
2818 2349 3034 2410 oportet
3078 2361 3089 2395 :
3129 2362 3144 2391 ι
3172 2342 3273 2396 Cui
3304 2344 3399 2397 hu-

1842 2446 2049 2495 norem,
2089 2432 2386 2497 honorem;
2447 2446 2509 2485 ac
2561 2433 2675 2501 regi
2724 2431 2943 2501 quidem
2984 2434 3140 2500 quasi
3172 2434 3399 2501 praecel-

1841 2522 2012 2586 lenti;
2044 2521 2277 2575 ducibus
2350 2536 2501 2586 vero,
2557 2529 2819 2590 tanquam
2872 2522 2939 2575 ab
2974 2537 3039 2576 eo
3090 2523 3394 2587 missis",r

1844 2612 2136 2690 unicuique
2169 2625 2273 2680 pro
2327 2612 2617 2682 dignitatis
2657 2613 2778 2682 ejus
2815 2616 3047 2669 ratione.

1912 2700 1999 2753 ll.
2055 2698 2313 2763 Ubinam,
2369 2701 2621 2766 obsecro,
2670 2702 2725 2754 in
2787 2700 2970 2756 Veteri
3026 2700 3396 2766 Testamento,

1840 2797 1934 2844 aut
1986 2791 2040 2843 in
2078 2789 2373 2858 Evangelia
2436 2789 2725 2844 Trinitatis
2785 2806 3005 2857 nomen,
3039 2803 3131 2846 aut
3157 2796 3397 2848 consub-

1839 2879 2116 2943 stantiale,
2136 2886 2240 2937 aut
2269 2893 2431 2931 unam
2462 2878 2693 2934 Deitatis
2730 2887 2982 2932 naturam
3018 2883 3223 2935 diserte
3252 2883 3389 2935 scri-

1838 2978 1985 3039 ptam
2059 2967 2370 3037 repereris?
2432 2966 2535 3021 Ubi
2585 2977 2698 3023 tres
2761 2969 3085 3037 bypostases
3151 2972 3396 3040 ipsismet

1837 3071 2124 3127 expressas
2148 3056 2351 3121 verbis,
2389 3064 2485 3110 aut
2517 3072 2684 3111 unam
2713 3056 2920 3112 Christi
2958 3074 3274 3127 personam,
3301 3071 3394 3113 aut

1837 3149 2107 3220 duplicem
2158 3148 2458 3201 naturam?
2516 3147 2741 3214 Verum,
2816 3149 2942 3217 quia
3000 3152 3174 3203 sancti
3204 3150 3394 3207 l'atrel

1839 3256 1904 3296 ex
1946 3241 2130 3295 verbis
2167 3240 2273 3292 vim
2311 3237 2557 3293 eamdem
2583 3239 2980 3304 obtinentibus,
3010 3256 3128 3308 qua:
3159 3243 3210 3294 in
3247 3241 3391 3295 εει-ιο

1839 3339 1998 3402 ptura
2027 3330 2304 3400 leguntur,
2333 3329 2449 3383 hree
2483 3330 2669 3383 omnia
2695 3329 3053 3395 deﬁnierunt,
3098 3332 3301 3385 idcirco
3327 3346 3387 3386 ea

1838 3421 2188 3491 suscipimus,
2242 3421 2480 3488 illosque
2530 3419 2623 3487 qui
2657 3432 2767 3472 non
2818 3419 3136 3485 admittunt,
3165 3424 3391 3475 anathe-

1836 3522 1981 3567 male
2028 3510 2273 3566 ferimus.
2329 3508 2441 3579 Ego
2493 3522 2624 3563 vero
2691 3507 2789 3562 tibi
2848 3508 3167 3564 demonstro
3219 3510 3387 3565 Deum

1832 3604 1991 3676 352
2014 3605 2067 3657 in
2088 3601 2269 3658 Veteri
2290 3598 2640 3656 Testamento
2661 3599 3027 3663 mandavisse,
3049 3610 3104 3654 ut
3127 3604 3388 3672 imagines

1834 3696 2257 3750 fabricarentur.
2301 3692 2437 3746 Nam
2487 3695 2726 3762 primum
2769 3694 2982 3762 quidem
3033 3695 3288 3764 praecepit
3330 3707 3386 3748 ιιι

1833 3788 2266 3847 tabernaculum,
2297 3792 2352 3838 et
2382 3798 2503 3853 qua:
2535 3785 2590 3837 in
2640 3784 2758 3853 ipso
2791 3792 2971 3846 erant.
2996 3795 3385 3839 construere-ii-

1834 3889 1944 3935 tur.
1986 3877 2039 3930 In
2103 3876 2412 3945 Evangeliis
2478 3889 2609 3929 vero
2663 3875 2929 3931 Dominus
2980 3881 3118 3946 ipse,
3152 3879 3261 3931 illis
3291 3880 3382 3947 qui

1834 3966 2074 4023 tentandi
2109 3979 2274 4019 causa
2304 3978 2368 4018 ex
2410 3978 2470 4017 se
2496 3963 2762 4018 sciscitati
2794 3972 2949 4018 erant
2984 3983 2996 4017 ε
3033 3984 3051 4015 ι
3077 3965 3211 4019 Num
3254 3968 3386 4021 liee—

1831 4067 1915 4115 ret
1950 4071 2175 4112 censum
2207 4055 2337 4108 dare
2377 4053 2612 4114 (ἔρδοι-ἰ,
2646 4052 2777 4107 dixit
2812 4074 2823 4107 :
2854 4054 3057 4110 Allcrte
3103 4059 3233 4109 mihi
3287 4074 3383 4111 nu-

1832 4150 2048 4204 misma.
2089 4164 2108 4197 ι
2136 4144 2379 4212 Cumque
2433 4142 2718 4195 denarium
2780 4126 3176 4209 ostendissent,
3209 4162 3272 4200 ex
3303 4148 3382 4201 eis

1827 4239 2075 4309 quasivit
2122 4236 2412 4304 cujusnam
2457 4233 2683 4288 haberet
2735 4234 3049 4302 imaginem.
3090 4238 3199 4291 lllis
3250 4253 3377 4292 vero

1826 4333 2303 4407 respondentibus,
2353 4347 2369 4378 ι
2401 4326 2659 4388 ϐαλειιτίε,
2701 4344 2717 4377 ι
2754 4330 2832 4379 ait
2874 4345 2887 4379 :
2931 4348 2947 4378 ι
2991 4329 3221 4385 Reddite
3250 4348 3381 4399 ergo

170 4424 295 4478 quae
319 4419 447 4466 sunt
472 4413 724 4482 Caesaris,
752 4417 949 4473 Caesari
984 4438 998 4474 :
1024 4429 1076 4476 et
1103 4437 1223 4490 qua:
1240 4426 1499 4494 suntDei,
1524 4430 1631 4486 Deo
1656 4431 1909 4498 “.iQuia
1948 4424 2177 4482 Cesaris
2205 4422 2366 4475 habet
2396 4419 2712 4488 imaginem,
2741 4417 2974 4474 Caesaris
3006 4429 3108 4483 est,
3142 4422 3382 4492 adeoque

166 4501 372 4556 Czesari
406 4504 655 4560 reddite:
692 4508 763 4560 ita
802 4508 1005 4564 Christi
1044 4526 1258 4583 quoque
1292 4516 1578 4587 imaginem
1616 4522 1835 4578 Christo
1860 4516 2075 4573 reddite
2109 4532 2122 4567 :
2155 4511 2358 4567 Christi
2402 4511 2601 4580 quippe
2630 4518 2730 4564 est.

246 4594 331 4663 ιβ’.
379 4593 440 4646 '0
470 4596 673 4665 Κύριος
724 4601 1040 4667 μακαρίζων
1085 4607 1209 4667 τοὺς
1263 4608 1530 4677 μαθητὰς,
1562 4610 1719 4667 εἷπε·

1896 4609 1983 4661 l2.
2014 4603 2265 4660 Christus
2287 4600 2588 4669 discipulos
2615 4600 2802 4653 beatos
2825 4602 3129 4669 appellans,
3162 4603 3375 4657 aiebat:

174 4704 195 4735 ι
230 4683 420 4736 Πολλοὶ
454 4684 692 4753 βασιλεῖς
732 4688 822 4739 καὶ
850 4691 1125 4760 προφῆται
1145 4696 1493 4767 ἐπεθύμησαν
1528 4702 1654 4754 ἰδεῖν
1682 4704 1718 4757 ἃ.

168 4774 418 4843 βλέπετε,
449 4776 545 4827 καὶ
571 4776 671 4827 οὐκ
709 4772 865 4843 εἶδον,
900 4781 1249 4837 καὶ’ἀκοῦσαι
1282 4787 1317 4839 ἃ
1348 4790 1593 4855 ἀκούετε,
1626 4797 1719 4847 καὶ

161 4865 558 4952 οὐκ-ηκουσαν.
600 4867 874 4952 ’Υμῶνιδὲ
912 4874 1167 4944 μακάριοί
1195 4878 1329 4929 εἰσιν
1351 4880 1399 4930 οἰ
1428 4882 1714 4952 ὀφθαλμοὶ,

162 4949 249 5000 δτι
274 4948 546 5018 βλέπουσι,
577 4953 672 5004 καὶ
692 4954 761 5007 τὰ
785 4948 921 5020 ὦτα,
948 4959 1027 5012 ὅτι
1053 4961 1357 5018 ἀκούουσιν.
1397 4986 1414 5016 ι
1451 4948 1717 5024 Εἶδον-οὗν

160 5037 216 5091 οἱ
245 5039 531 5091 ἀπόστολοι
571 5043 895 5110 σωματικῶς
924 5046 1013 5096 τὸν
1043 5047 1294 5117 Χριστὸν,
1322 5055 1413 5105 καὶ
1449 5056 1518 5108 τὰ
1546 5058 1712 5128 πάθη,

164 5131 259 5184 καὶ
283 5130 350 5183 τὰ
384 5129 635 5200 θαύματα
668 5133 849 5202 αὑτοῦ,
886 5137 1252 5207 καὶ-ἥκουσαν
1281 5142 1386 5195 τῶν
1412 5146 1584 5211 λόγων
1621 5150 1715 5200 αύ-

159 5220 292 5272 τοῦ·
329 5222 701 5293 ἐπιθυμοῦμεν
721 5226 813 5277 καὶ
847 5228 1003 5295 ἡμεῖς
1040 5229 1186 5293 ἰδεῖν,
1219 5233 1311 5284 καὶ
1342 5234 1591 5300 ἀκοῦσαι,
1622 5240 1712 5291 καὶ

164 5310 590 5380 μακαρισθῆναι.
626 5311 773 5365 Εἶδον
812 5318 1006 5369 ἐκεῖνοι
1039 5321 1323 5386 πρόσωπον
1380 5328 1509 5393 πρὸς
1548 5330 1713 5397 πρόσ-

160 5410 330 5458 ωπον,
381 5397 564 5469 ἐπειδὴ
614 5400 789 5469 παρῆν
847 5405 1197 5471 σωματικῶς·
1224 5411 1386 5479 ,ἡμεῖς
1420 5412 1493 5477 δὲ,
1528 5416 1712 5485 ἐπειδὴ

164 5487 491 5553 σωματικῶς
519 5490 579 5540 οὐ
604 5491 883 5559 πάρεστιν,
910 5494 1094 5564 ῶσπερ
1117 5498 1201 5551 διὰ
1226 5500 1417 5568 βίϐλων
1447 5506 1711 5576 ἀκούομεν

163 5576 273 5628 τῶν
302 5576 472 5646 λόγων
498 5583 681 5648 αὑτοῦ,
710 5586 798 5635 καὶ
826 5586 1162 5658 ἁγιαζόμεοα
1194 5594 1289 5669 τὴν
1318 5594 1498 5665 ἀκοὴν,
1531 5601 1621 5651 καὶ
1645 5600 1708 5650 δι’

232 5751 277 5782 ⁵⁸
314 5748 468 5806 Ilom.
528 5770 642 5819 χιιι,
680 5757 749 5823 7;
793 5756 986 5816 ll‘etr.
1025 5778 1080 5825 ιι,
1125 5766 1199 5830 ib,
1250 5767 1324 5819 Η.

1411 5771 1453 5799 ⁸¹²
1494 5774 1675 5825 Matth.
1722 5791 1848 5842 uti,
1897 5778 2069 5832 “ill.

1830 4720 1849 4751 ι
1876 4698 2028 4752 Multi
2055 4709 2208 4765 reges
2231 4704 2283 4747 et
2309 4694 2588 4762 propheta:
2616 4692 2908 4761 cupierunt
2938 4694 3119 4746 videre
3142 4711 3259 4762 qnze
3286 4713 3378 4750 vus

1822 4789 2038 4852 videtis,
2072 4796 2127 4841 et
2170 4800 2277 4839 non
2332 4784 2587 4838 viderunt
2627 4802 2640 4838 :
2674 4791 2728 4835 et
2775 4785 2963 4837 audire
3005 4800 3124 4853 qum
3153 4788 3372 4850 auditis,

1822 4890 1875 4934 et
1916 4895 2024 4934 non
2053 4878 2361 4932 audierunt.
2411 4876 2588 4930 Vestri
2647 4885 2823 4929 autem
2872 4878 3018 4930 oculi
3052 4880 3214 4943 beati,
3252 4885 3372 4948 quia

1822 4970 2024 5033 vident,
2054 4978 2107 5025 et
2129 4983 2306 5031 aures,
2342 4969 2469 5036 quia
2524 4965 2753 5019 audiunt
2778 4966 2846 5018 ⁸⁷.
2877 4984 2894 5016 ι
2932 4967 3173 5032 Apostoli
3210 4971 3375 5037 igitur

1822 5063 2104 5132 corporeis
2136 5060 2312 5115 oculis
2342 5059 2622 5113 Christum
2651 5060 2931 5121 viderunt,
2966 5060 3194 5128 ejusque
3228 5063 3369 5113 tabo.

1824 5168 1913 5209 res
1944 5162 1998 5208 et
2022 5152 2281 5207 miracula
2304 5194 2317 5215 ,
2362 5166 2423 5203 ac
2488 5165 2770 5204 sermones
2802 5151 3091 5203 audierunt
3119 5168 3129 5201 :
3161 5168 3256 5203 nos
3282 5169 3370 5217 pa-

1820 5245 1952 5300 riter
1993 5253 2048 5300 et
2110 5245 2294 5298 videre
2354 5242 2626 5308 cupimus,
2671 5249 2722 5291 et
2758 5244 3088 5297 auscultare.
3149 5251 3367 5307 ιιιτηιμιιε

1817 5337 1954 5389 adeo
1998 5336 2136 5390 beati
2166 5334 2374 5386 audire.
2430 5331 2739 5384 Cernebant
2773 5332 2851 5383 illi
2897 5330 3116 5383 facienti
3149 5332 3361 5382 [ινῑι-ηι.

1818 5424 1943 5489 quia
1974 5437 2202 5492 corpore
2263 5436 2502 5490 prmscns
2536 5429 2652 5473 erat
2690 5438 2700 5471 :
2741 5433 2838 5471 nos
2874 5430 3049 5471 autem
3084 5422 3209 5486 quin
3244 5440 3362 5469 en-

1818 5529 1946 5581 pore
1998 5530 2231 5583 prtrscns
2280 5529 2385 5567 non
2435 5521 2540 5573 est,
2599 5510 3052 5579 qucumdmodum
3100 5528 3161 5561 ex
3214 5512 3363 5561 nam.

1822 5617 2097 5657 sermones
2148 5605 2265 5670 ejus
2328 5601 2599 5661 audimus,
2633 5610 2686 5653 et
2723 5609 2833 5654 tum
2863 5600 3037 5669 quoad
3098 5604 3260 5653 att-'1':
3292 5620 3358 5655 ςιι.

2152 5782 2187 5809 ⁵⁷
2234 5778 2416 5832 Matth.
2445 5794 2560 5845 xm,
2596 5779 2676 5843 lli,
2721 5778 2800 5831 l7.
