4172 6490
722 349 862 420 1335

1908 366 1966 421 s.
2007 366 2325 424 JOANNIS
2358 367 2798 443 DAMASCENl

3818 368 3949 432 1336

720 471 776 517 et
838 464 955 530 ipso
1018 462 1206 517 auditu
1264 466 1442 532 quoad
1502 467 1740 522 animam
1797 474 2279 534 sanctielliciunn-,

2390 477 2553 545 αὐτῆς
2575 479 2674 546 τὴν
2697 480 2888 550 ψυχὴν,
2915 482 3005 534 καὶ
3030 480 3462 550 μακαριζόμεθα,
3487 478 3578 531 καὶ⁵
3608 479 3949 546 προσκυνεῖν-

651 558 658 567 ’
724 555 976 624 beatique
1041 557 1311 625 dicimur;
1348 560 1422 613 ita
1466 563 1635 617 libros
1690 578 1909 631 quoque
1958 579 2024 619 ex
2081 565 2283 632 quibus

721 660 1008 701 sermones
1028 648 1176 702 illius
1201 652 1557 719 percipimus,
1580 662 1908 708 venerantes
1945 656 2242 709 adoramus
2268 673 2280 717 ;

718 738 905 790 eodem
964 738 1126 790 modo
1175 754 1270 807 per
1328 740 1623 807 imaginum
1681 743 1949 809 picturam
2004 755 2283 808 corporum

721 828 867 881 illius
904 827 1109 897 ﬁgura),
1145 830 1538 882 miraculorum
1581 831 2033 899 eruciatuumque
2074 830 2281 884 descri—

722 917 964 983 ptionem
998 933 1310 985 expressam
1340 920 1766 987 conspicientes,
1797 922 2143 974 sanctitatem
2170 921 2281 972 adi-

724 1006 1008 1073 piscimur,
1042 1008 1225 1059 iretitia
1273 1009 1643 1070 cumulamur,
1689 1024 1755 1062 ac
1812 1011 1954 1063 beati
2003 1010 2277 1074 audimus,

723 1105 834 1147 tum
894 1096 1129 1149 subinde
1179 1112 1498 1165 corpoream
1532 1101 1709 1169 ipsius
1763 1100 1994 1171 ﬁguram
2028 1102 2281 1162 colimus,

722 1200 1043 1240 veneramur
1101 1195 1157 1240 et
1211 1188 1525 1244 adoramus.
1579 1191 1744 1259 Atqui
1774 1191 2110 1259 corporalem
2165 1190 2283 1257 ejus

724 1276 950 1343 ﬁguram
1006 1278 1467 1346 contemplantes,
1502 1280 1676 1347 ipsius
1720 1294 1941 1347 quoque
1978 1280 2284 1332 divinitatis

724 1368 975 1435 gloriam,
1014 1370 1191 1441 quoad
1226 1368 1339 1423 neri
1402 1379 1599 1439 potest,
1633 1380 1813 1424 mente
1844 1370 2278 1438 complectimur.

724 1457 887 1521 Nam,
952 1461 1077 1526 quia
1105 1459 1337 1526 duplicis
1394 1461 1711 1515 substantia:
1750 1475 1960 1524 sumus,
1999 1476 2062 1513 ex
2103 1460 2280 1513 anima

725 1555 919 1609 nempe
958 1550 1011 1594 et
1044 1558 1270 1611 corpore
1328 1546 1643 1614 compositi,
1707 1562 1809 1600 nec
1855 1547 2034 1599 anima
2094 1555 2281 1599 nostra

726 1631 868 1684 nuda
930 1648 1157 1700 prorsus
1212 1642 1321 1695 est,
1359 1636 1454 1690 sed
1489 1638 1638 1691 velut
1686 1644 2001 1705 tegumenta
2037 1637 2279 1705 quodam

723 1722 1027 1786 olivelatur,
1059 1725 1262 1778 ideirco
1293 1726 1408 1780 ﬁeri
1446 1734 1802 1794 nequaquam‘
1825 1735 2026 1794 potest,
2058 1734 2116 1778 ut
2152 1726 2281 1779 abs-

2386 580 2505 631 μεν,
2529 566 2793 632 τιμῶντες
2831 568 2931 631 τὰς
2955 569 3188 639 βίϐλους,
3221 572 3288 624 δι’
3308 565 3383 623 ὧν
3409 568 3687 636 ἀκούομεν
3722 567 3837 618 ὧν
3866 567 3950 619 λόο

2381 668 2493 715 γων
2532 654 2695 705 αὑτοῦ
2718 673 2731 685 ·
2766 657 2937 720 οὕτως
2967 660 3174 711 καὶ“διὰ
3211 661 3427 729 γραφῆς
3451 657 3676 710 εἰκόνων
3709 656 3948 721 θεωροῦ-

2384 758 2481 807 μεν
2500 743 2560 793 τὸ
2586 746 2881 812 ὲκτύπωμα
2914 748 3006 799 τοῦ
3043 749 3353 818 σωματικοῦ
3375 747 3732 817 χαρακτῆρος
3760 743 3947 803 αὐτοῖο.

2382 833 2472 881 καὶ
2508 832 2616 883 τῶν
2659 834 2952 902 θαυμάτων
2992 839 3084 891 καὶ
3112 839 3222 890 τῶν
3244 838 3581 907 παθημάτων
3606 835 3806 894 αὐτοῦ,
3859 834 3951 885 καὶ

2380 921 2739 990 ἁγιαζόμεθα,
2766 929 2857 979 καὶ
2889 929 3401 999 πληροφορούμεθα,
3424 930 3516 980 καὶ
3541 928 3841 995 χαίρομεν.
3862 922 3952 973 καὶ

2385 1014 2820 1081 μακαριζόμεθα,
2852 1020 2945 1070 καὶ
2969 1020 3217 1089 σέϐομεν,
3241 1020 3335 1071 καὶ
3361 1019 3630 1088 τιμῶμεν,
3668 1017 3766 1067 καὶ
3784 1030 3952 1081 προσ-

2384 1103 2649 1170 κυνοῦμεν
2681 1106 2769 1157 τὸν
2798 1108 3117 1177 χαρακτῆρα
3146 1108 3311 1161 αὑτοῦ
3334 1108 3422 1159 τὸν
3450 1106 3785 1175 σωματικόν.
3805 1103 3949 1154 Θεω-

2385 1192 2603 1265 ροῦντες
2622 1196 2679 1247 δὲ
2710 1197 2799 1247 τὸν
2828 1197 3143 1263 σωματικὸν
3174 1198 3494 1266 χαρακτῆρα
3514 1195 3707 1259 αὑτοῦ,
3740 1191 3952 1246 ἐννοοῦ-

2386 1305 2485 1355 μεν
2508 1286 2580 1347 ὡς
2620 1286 2845 1354 δυνατὶρν
2871 1290 2964 1338 καὶ
2998 1287 3093 1355 τὴν
3131 1286 3287 1352 δόξαν
3337 1290 3436 1355 τῆς
3470 1286 3731 1353 θεότητος
3763 1281 3948 1335 αὑτοῦ.

2396 1377 2610 1445 Ἐπειδὴ
2662 1377 2772 1442 γὰρ
2808 1375 2988 1428 διπλοῖ
3038 1376 3225 1444 ἐσμεν,
3254 1379 3318 1428 ὲκ
3360 1375 3539 1445 ψυχῆς
3572 1375 3669 1425 καὶ
3702 1372 3954 1441 σώματος

2382 1464 2905 1533 κατεσκευασμένοι,
2936 1464 3031 1517 καὶ
3059 1465 3118 1516 οὐ
3143 1463 3508 1533 γυμνὴ’ήμῶν
3538 1466 3692 1515 ἐστιν
3723 1464 3757 1529 ἡ
3782 1461 3948 1530 ψυχὴ,

2382 1556 2497 1607 ἀλλ’
2526 1556 2600 1615 ὡς
2634 1555 2741 1606 ὑπὸ
2787 1555 3256 1623 παραπετάσματι
3298 1554 3651 1612 καλύπτεται,
3687 1549 3952 1601 ἀδύνατον

2382 1644 2528 1709 ἡμᾶς
2574 1642 2731 1704 ὲκτδς
2762 1643 2873 1693 τῶν
2919 1641 3247 1710 σωματικῶν
3297 1640 3470 1693 ἐλθεῖν
3508 1641 3603 1691 ἐπὶ
3639 1637 3713 1689 τὰ
3766 1637 3949 1703 νοητά.

2388 1733 2596 1801 Ὠσπερ
2616 1727 2707 1783 οὖν
2727 1730 2813 1783 διὰ
2837 1731 3009 1797 λόγων
3042 1731 3312 1798 αἰσθητῶν
3336 1729 3605 1797 ἀκούομεν
3632 1728 3740 1779 ὠσὶ
3770 1743 3953 1793 σωμα-

723 1828 828 1881 que
850 1828 1237 1882 eorporearum
1295 1831 1476 1870 rerum
1525 1830 1710 1884 opera,
1734 1814 1802 1869 ad
1831 1816 2139 1885 spiritualia
2164 1830 2283 1884 per-

2390 1820 2573 1880 τικοῖς,
2606 1817 2698 1869 καὶ
2732 1816 2960 1886 νοοῦμεν
2982 1818 3065 1869 σιὰΔ
3086 1817 3448 1886 πνευματικὰ,
3474 1815 3616 1867 οὕτω
3646 1815 3741 1866 διὰ
3772 1831 3955 1880 σωμα-

724 1904 1018 1972 tingamus.
1054 1904 1208 1958 Sicut
1236 1919 1365 1974 ergo
1396 1918 1493 1973 per
1547 1904 1831 1960 sensibilia
1864 1904 2028 1957 verba
2053 1904 2283 1957 auribus

2390 1908 2539 1974 ιικῆς
2574 1906 2808 1975 Θεωρίας
2839 1907 3107 1976 ἐρχόμεθα
3147 1908 3238 1959 ἐπὶ
3277 1908 3375 1976 τὴν
3415 1905 3795 1973 πνευματικὴν
3824 1903 3955 1953 θεω-

724 1994 972 2061 eorporis
1036 1994 1310 2056 audimus,
1378 2003 1542 2062 atque
1578 2008 1642 2047 ea
1673 2008 1795 2061 qua
1823 1993 2122 2061 spiritualia
2153 2002 2283 2047 sunt

725 2078 1108 2148 intelligimus;
1143 2082 1221 2135 sic
1284 2097 1381 2150 per
1418 2096 1736 2151 corporeum
1775 2095 1995 2151 quoque
2022 2081 2286 2135 intuitum

723 2168 792 2223 ad
804 2170 1137 2238 spiritualem
1160 2172 1668 2241 contemplationem
1689 2171 2291 2242 progredimur.Quam-

720 2256 906 2310 obrem
965 2272 1165 2327 corpus
1246 2266 1299 2313 et
1352 2260 1589 2313 animam
1640 2260 1897 2315 Christus
1960 2261 2282 2329 assumpsit,

721 2347 848 2413 quia
881 2347 1045 2401 homo
1101 2363 1336 2418 corpore
1365 2360 1530 2420 atque
1558 2345 1744 2406 anima
1797 2353 2094 2406 constat”.
2127 2350 2285 2407 Unde

722 2436 918 2505 duplex
952 2439 1112 2493 etiam
1149 2449 1233 2493 est
1278 2441 1607 2509 baptismus,
1652 2458 1719 2497 ex
1747 2457 1889 2511 aqua
1924 2444 2185 2497 nimirum
2224 2454 2280 2499 et

2386 1997 2525 2066 ρίαν.
2558 1997 2657 2049 Διὰ
2675 1994 2832 2048 τοῦτο
2847 1994 3006 2065 σῶμα
3026 1998 3122 2048 καὶ
3137 1994 3318 2064 ψυχὴν
3341 1994 3601 2045 ἀνέλαϐεν
3633 1994 3662 2044 ό
3688 1988 3955 2060 Χριστὸς,

2384 2086 2573 2155 ἐπειδὴ
2607 2085 2770 2153 σῶμα
2789 2086 2888 2137 καὶ
2912 2084 3089 2156 ψυχὴν
3112 2086 3228 2154 ἔχει
3256 2086 3289 2138 δ
3317 2083 3601 2154 ἄνθρωπος
3623 2100 3636 2111 ·
3676 2081 3771 2133 διὰ
3797 2079 3958 2133 τοῦτο

2386 2176 2483 2228 καὶ
2514 2175 2576 2227 τὸ
2600 2175 2883 2245 βάπτισμα
2914 2172 3157 2237 διπλοῦν,
3187 2174 3248 2241 ἑξ
3271 2173 3460 2236 ὓδατος
3488 2173 3581 2237 καὶ
3613 2171 3955 2239 πνεύματος,

2387 2264 2484 2318 καὶ
2509 2267 2543 2334 ἡ
2589 2263 2866 2327 κοινωνία,
2915 2265 3013 2316 καὶ
3040 2265 3076 2335 ἡ
3102 2264 3401 2335 προσευχὴ,
3434 2263 3529 2316 καὶ
3556 2265 3593 2332 ﬁ
3638 2260 3959 2331 ψαλμῳδία,

2386 2354 2564 2406 πάντα
2590 2353 2777 2417 διπλᾶ,
2807 2354 3096 2423 σωματικά
3135 2353 3231 2405 καὶ
3255 2351 3623 2421 πνευματικὰ,
3648 2351 3751 2403 καὶ
3798 2350 3959 2416 φῶτα

2341 2496 2345 2501 .
2385 2444 2481 2496 καὶ
2502 2442 2843 2513 θυμιάματα.

724 2527 971 2594 spiritu:
1012 2528 1094 2581 sic
1148 2530 1353 2596 pariter
1407 2531 1756 2597 communio,
1830 2545 2044 2600 preces,
2085 2538 2141 2585 et
2197 2532 2532 2599 psalmorum
2584 2540 2803 2598 cantus,
2858 2531 3097 2601 duplicia
3186 2545 3405 2601 quoque
3463 2538 3619 2597 sunt,
3685 2542 3966 2600 corpore.

723 2615 961 2670 simulet
988 2616 1329 2685 spiritualia;
1362 2620 1725 2673 consimiliter
1786 2619 2077 2672 luminaria
2098 2629 2153 2674 et
2185 2619 2509 2675 sullimenta.

794 2730 883 2784 1'5.
919 2730 996 2783 Ad
1023 2730 1135 2783 haec.
1172 2730 1418 2786 diabolus
1474 2730 1613 2784 nihil
1635 2731 1705 2784 de
1741 2730 1952 2784 exteris
2000 2730 2289 2792 sollicitus,

723 2820 779 2874 in
813 2821 959 2875 solas
992 2822 1258 2891 imagines
1299 2822 1639 2887 insurrexit;
1666 2827 1925 2889 tantaque
1954 2822 2009 2873 in
2055 2821 2180 2873 illas
2204 2834 2293 2872 ar-

2465 2740 2550 2799 ιγ’.
2602 2732 2761 2786 Ἀλλὰ
2790 2734 2964 2786 πάντα
2993 2732 3183 2799 ἐάσας,
3210 2733 3352 2786 κατά
3383 2735 3555 2803 μόνων
3582 2734 3697 2788 τῶν
3731 2733 3969 2787 εἰκόνων

2392 2820 2650 2888 ὥρμησεν
2671 2824 2701 2873 ό
2719 2822 2963 2885 διάϐολος
2984 2838 3001 2853 ⁸
3030 2822 3124 2874 καὶ
3150 2822 3405 2886 τοσοῦτος
3429 2823 3577 2892 αὑτῷ
3612 2823 3812 2891 φθόνος
3838 2824 3970 2876 ἐστὶ

726 2910 819 2969 det
852 2910 1083 2975 invidia,
1128 2919 1185 2965 ut
1209 2912 1263 2965 in
1282 2909 1448 2964 Prato
1472 2912 1652 2965 sancti
1686 2910 1980 2980 Sophronii
2023 2910 2290 2963 llieroso—

2390 2912 2527 2963 κατὰ
2556 2911 2667 2963 τῶν
2698 2912 2940 2973 εἰκόνων,
2979 2912 3055 2974 ὡς
3102 2912 3193 2965 καὶ
3240 2914 3299 2965 ιν
3350 2913 3424 2981 τῷ
3471 2914 3838 2981 Δειμωναρίῳ
3867 2913 3967 2966 τοῦ

730 3001 1001 3070 lymorum
1032 3001 1363 3069 patriarcha:
1412 3001 1515 3054 hoc
1547 3002 1811 3069 scriptum
1838 3000 1993 3072 sit".
2030 3018 2050 3051 ι
2073 2999 2287 3053 Narra—

2390 3002 2546 3068 άγίου
2583 3002 2892 3070 Σωφρονίου
2921 3002 3015 3055 τοῦ
3041 3004 3378 3074 πατριάρχου
3420 3002 3835 3073 Ἰεροσολύμων,
3872 3021 3968 3069 τε-

726 3089 821 3143 bat
844 3090 1014 3143 abbas
1059 3088 1381 3145 Theodorus
1434 3089 1686 3153 Eliotes,
1716 3091 1773 3143 in
1802 3096 1985 3143 monte
2004 3088 2285 3143 Olivarum

2390 3090 2630 3159 γράφθαι
2657 3090 2847 3154 οὕτως·
2877 3110 2896 3141 ι
2920 3092 3145 3160 Ἔλεγεν
3161 3096 3189 3145 ὁ
3214 3092 3389 3155 ἀσὸἄς
3416 3091 3692 3159 Θεόδωρος
3711 3094 3741 3144 ὁ
3762 3092 3969 3144 Δίλιιῖμ

727 3179 1001 3234 reclusum
1062 3180 1352 3253 quemdam
1410 3182 1718 3243 mansisse,
1779 3170 1959 3233 virum
2015 3181 2290 3249 spirituali

2392 3196 2514 3248 της,
2542 3182 2625 3233 ὃτι
2649 3178 2719 3251 ἦν
2754 3198 2836 3245 τις
2867 3181 3178 3248 ἐγκλειστος
3205 3183 3284 3244 εἰς
3314 3183 3375 3234 τὸ
3405 3181 3529 3250 ὅρος
3557 3182 3668 3233 τῶν
3705 3182 3970 3246 Ἐλαιιῖιν,

727 3269 921 3325 militia
979 3270 1272 3337 insignem,
1326 3286 1488 3345 quem
1544 3271 1792 3325 libidinis
1852 3270 2062 3325 daemon
2118 3271 2298 3326 modis

729 3360 985 3415 omnibus
1024 3362 1392 3429 oppugnabat.
1429 3362 1565 3415 Cum
1620 3362 1667 3416 is
1698 3362 1787 3416 die
1830 3362 2062 3431 quadem
2115 3361 2299 3416 acrius

732 3453 896 3507 solito
918 3454 1097 3521 ipsum
1126 3461 1361 3522 urgeret,
1400 3453 1664 3520 conqueri
1698 3453 1866 3521 erepit
1898 3466 2066 3507 senex
2104 3467 2118 3503 :
2156 3450 2300 3517 Quo-

732 3559 907 3614 usque
941 3544 1161 3596 tandem
1197 3557 1283 3597 me
1326 3541 1592 3597 infestare
1639 3558 1749 3597 non
1784 3542 2054 3598 desines?
2083 3540 2300 3595 Recede

732 3634 995 3703 deinceps
1042 3647 1072 3685 a
1126 3645 1212 3686 me
1243 3648 1257 3684 :
1294 3646 1363 3686 en
1407 3632 1750 3685 consenuisti
1783 3646 2017 3685 mecum.
2045 3629 2148 3684 Cui
2183 3630 2298 3683 dte-

732 3738 864 3778 mon
889 3737 948 3778 se
1001 3722 1363 3792 conspicuum
1389 3722 1638 3790 praebens
1668 3737 1681 3772 :
1722 3719 1879 3785 Jura,
1906 3722 2107 3790 inquit,
2140 3719 2297 3785 mihi,

734 3818 789 3866 te
810 3811 1020 3869 nemini
1044 3821 1390 3864 narraturum
1415 3826 1536 3879 qua:
1558 3811 1654 3863 tibi
1677 3810 1869 3865 dixero
1891 3827 1907 3863 ι
1944 3824 2044 3865 nec
2068 3810 2121 3863 in
2137 3809 2298 3878 353

732 3908 1011 3971 posterum
1054 3900 1318 3955 molestus
1374 3916 1489 3954 ero.
1540 3900 1755 3953 Juravit
1804 3915 1966 3956 senex
2002 3919 2016 3955 :
2046 3902 2143 3963 ita,
2194 3899 2301 3953 Per

736 4006 859 4044 eum
885 3987 979 4057 qui
1011 3989 1063 4041 in
1093 3990 1327 4044 excelsis
1373 3988 1604 4053 habitat,
1644 3988 1779 4041 nulli
1797 3986 2133 4055 .patefaeiam
2178 4002 2301 4056 qua:

737 4078 940 4134 dixeris
969 4078 1126 4133 mihi.
1152 4076 1288 4130 Tum
1322 4078 1556 4141 daemon,
1586 4078 1750 4142 hanc,
1778 4077 1977 4144 inquit,
2009 4076 2300 4145 imaginem

738 4170 881 4221 ultra
934 4182 1004 4221 ne
1034 4166 1299 4231 colueris,
1361 4182 1536 4234 neque
1572 4181 1672 4235 ego
1709 4165 1938 4235 posthac
1969 4165 2167 4218 bellum
2199 4163 2302 4218 ad-

736 4274 956 4313 versum
995 4267 1050 4311 te
1086 4256 1338 4310 movebo.
1373 4255 1541 4310 Porro
1598 4248 1779 4325 imago
1820 4255 1912 4309 illa
1953 4262 2159 4309 sanctas
2184 4253 2302 4307 Ma-

739 4352 833 4404 riae
882 4348 977 4403 Dei
1015 4347 1310 4403 Genitricis
1358 4346 1597 4401 Dominae
1651 4355 1872 4409 nostrae,
1906 4341 2184 4401 Christum
2213 4343 2305 4400 Je-

2394 3270 2732 3339 ἀγωνιστής’
2770 3256 2987 3322 πανι-ο·
3024 3270 3081 3323 δι
3122 3270 3265 3339 αὐτῷ
3288 3270 3591 3339 ἐπολέμειὸ
3620 3270 3836 3339 δαίμων
3864 3272 3969 3340 τῆς

2398 3357 2676 3422 πορνείας.
2718 3359 2809 3410 Ἔν
2834 3360 2935 3430 μιᾷ
2974 3354 3070 3412 οὖν
3106 3360 3180 3420 ὡς
3213 3360 3462 3411 ἐπέκειτο
3489 3361 3639 3429 αὐτῷ
3689 3361 3970 3427 σφοδρῶς,

2396 3447 2607 3517 ἤρξατο
2626 3450 2655 3501 ό
2677 3448 2854 3517 γέρων
2874 3449 3259 3520 ἀποδύρεσθαι,
3289 3451 3382 3502 καὶ
3411 3451 3587 3518 λέγειν
3610 3450 3688 3519 τῷ
3706 3450 3932 3519 δαίμονι
3950 3466 3965 3478 ·

2398 3538 2545 3599 Ἕως
2580 3539 2711 3591 πότε
2759 3541 2861 3591 οὐκ
2905 3540 3120 3603 ὲνδίδως
3170 3558 3296 3610 μοις
3335 3542 3570 3594 Ἀπόστα
3622 3542 3817 3593 λοιπὸν
3868 3541 3969 3594 ἀπ’

2396 3628 2557 3696 ιμοῧ,
2613 3629 2985 3699 συνετήρασάς
3033 3647 3145 3698 μοι.
3198 3631 3449 3683 Φαίνεται
3498 3630 3647 3698 αὑτῷ
3675 3634 3703 3683 ὁ
3750 3630 3970 3699 δαίμων

2397 3712 2847 3786 ὀφθαλμοιρανῶς,
2894 3717 3099 3785 λέγων·
3136 3719 3373 3789 Ὀμοσόν
3410 3736 3498 3788 μοι
3547 3719 3631 3774 ὅτι
3657 3719 3841 3771 οὐδενὶ
3871 3719 3963 3770 1s.

2398 3825 2533 3877 γεις,
2564 3808 2593 3860 δ
2624 3809 2803 3879 μέλλω
2847 3805 3028 3875 λέγειν
3060 3827 3166 3876 σοι,
3222 3812 3316 3863 καὶ
3355 3810 3541 3863 οὐκέτι
3588 3827 3671 3863 σοι
3704 3811 3962 3877 πολεμιῖι.

2398 3901 2510 3953 Καὶ
2529 3898 2744 3969 ὤμοσεν
2768 3899 2918 3969 αὐτῷ
2946 3902 2974 3952 ό
2993 3900 3189 3969 γέρων,
3228 3901 3309 3953 ὅτι
3338 3901 3433 3953 Μὰ
3469 3899 3561 3952 τὸν
3600 3899 3968 3952 κατοικοῦντι

2400 3992 2459 4042 ιν
2491 3992 2602 4051 τοῖς
2626 3989 2887 4057 ὑψίστοις,
2912 3990 3013 4042 οὐκ
3033 3990 3181 4042 εἴπω
3204 3990 3309 4042 τινὶ
3337 3990 3480 4059 ἅπερ
3501 3990 3663 4059 εἰπῃς
3690 4006 3805 4058 μοι.
3828 3988 3963 4041 Τότε

2400 4078 2545 4145 λέγει
2591 4078 2755 4148 αὐτῷ
2783 4081 2813 4131 ό
2836 4078 3080 4147 δαίμων·
3127 4078 3218 4149 Μὴ
3270 4081 3653 4150 προσκυνήσῃς
3690 4080 3864 4148 ταύτῃ
3896 4079 3963 4146 τῇ

2400 4169 2590 4234 εἰκόνι,
2625 4168 2719 4253 καὶ
2750 4168 2932 4221 οὐκέτι
2972 4185 3054 4221 σοι
3109 4169 3425 4239 πολεμήσω.
3480 4165 3604 4237 Εἶχε
3637 4169 3696 4220 δὲ
3724 4170 3759 4237 ἠ
3798 4167 3964 4221 εἰκὼν

2401 4257 2723 4326 ἑκτύπωμα,
2756 4258 2854 4328 τὴν
2878 4258 3170 4310 Δέσποιναν
3218 4258 3371 4328 ἡμῶν
3404 4259 3564 4325 ἁγίαν
3595 4259 3816 4327 Μαρίαν
3860 4258 3962 4324 τὴν

2401 4348 2685 4407 Θεστόκον,
2720 4346 3092 4416 βαστάζουσαν
3140 4349 3229 4400 τὸν
3290 4350 3495 4419 Κύριον
3532 4348 3686 4416 ἡμῶν
3756 4347 3966 4416 Ἰησοῦν

738 4456 862 4493 sum
905 4439 1199 4492 Dominum
1226 4447 1475 4494 nostrum
1502 4438 1791 4509 gestantis,
1817 4436 2045 4506 eﬂigiem
2071 4435 2297 4491 ferebat.

2404 4438 2659 4508 Χριστόν.
2703 4438 2800 4491 Ἰδὲ
2834 4439 2956 4491 τίνα
3007 4438 3294 4508 μιμοῦνται
3322 4439 3372 4490 οἰ
3404 4437 3827 4508 προσκυνεῖσθαι
3864 4436 3967 4499 τὰς

740 4532 879 4585 ilinc
908 4529 1133 4594 videris,
1162 4544 1454 4597 quemnam
1503 4531 1805 4591 imitentur,
1842 4527 2073 4595 cuiusve
2095 4528 2308 4580 instru-

743 4632 924 4677 menta
960 4622 1073 4678 sint
1126 4621 1224 4685 illi,
1262 4621 1354 4689 qui
1394 4620 1661 4689 imagines
1692 4618 1912 4673 adorari
1990 4615 2305 4685 prohibent.

748 4710 963 4765 Dremon
1004 4711 1205 4780 quippe
1234 4709 1477 4764 libidinis
1514 4710 1689 4763 satius
1722 4707 1880 4761 duxit
1922 4706 1992 4760 ab
2034 4702 2307 4759 adoranda

745 4802 990 4855 Dominae
1026 4807 1228 4855 nostra
1259 4799 1497 4869 imagine
1536 4811 1755 4853 cessare
1817 4811 2023 4859 senem,
2053 4808 2216 4865 quam
2250 4795 2306 4848 in

748 4892 990 4947 libidinis
1032 4890 1432 4945 lmmunditiem
1455 4890 1565 4944 labi
1599 4902 1614 4941 :
1644 4903 1768 4941 cum
1797 4902 1905 4941 non
1932 4900 2056 4940 eum
2089 4886 2297 4945 lateret,

746 4983 1018 5053 ejusmodi
1069 4990 1353 5053 peccatum
1423 4981 1787 5036 fornicatione
1871 4979 2027 5046 ionge
2080 4975 2306 5063 gravius

748 5087 889 5129 esse.
922 5091 941 5124 ι

820 5184 906 5237 Η.
964 5179 1231 5236 Cteterum
1291 5181 1508 5252 quando
1561 5182 1718 5236 nobis
1742 5179 1808 5233 de
1844 5177 2079 5246 imagine
2109 5187 2290 5231 sermo

700 5266 706 5273 ’
750 5280 867 5338 est;
908 5272 1162 5343 agedum,
1222 5270 1336 5325 hac
1371 5272 1549 5327 fusius
1583 5280 1637 5325 et
1669 5268 1981 5340 diligentius
2011 5271 2310 5336 pertracte-

754 5378 912 5429 mus;
949 5362 1135 5428 itaque
1165 5360 1454 5415 dicendum
1477 5363 1601 5426 erit,
1627 5363 1683 5415 1⁸
1724 5358 1984 5438 quidnam
2004 5356 2075 5411 sit
2101 5356 2308 5423 imago;

752 5450 811 5504 2°
859 5464 957 5504 cur
982 5450 1125 5505 facta
1165 5449 1278 5515 sit;
1321 5449 1378 5502 5⁸
1423 5458 1557 5519 quot
1583 5450 1694 5505 sint
1750 5447 2045 5517 imaginum
2076 5456 2309 5512 genera;

816 5605 865 5639 δ’
908 5606 1074 5679 Greg.
1110 5607 1240 5663 Nar.
1270 5608 1422 5665 Orat.
1455 5607 1521 5663 de
1560 5605 1707 5679 bapt.

758 5679 974 5757 τρόπῳῖ
1003 5679 1156 5774 Eutr.

1814 5605 1856 5636 ⁵⁹
1887 5602 2109 5658 Pratum
2144 5600 2453 5670 spirituale;
2490 5601 2555 5657 de
2589 5616 2695 5680 quo
2730 5600 2926 5660 vidcsis
2972 5607 3109 5652 orat.
3162 5599 3209 5651 l.

2405 4530 2619 4592 εἰκόνας
2668 4529 3110 4593 κωλύοντες,ηκαὶ
3139 4530 3284 4590 τίνος
3321 4529 3461 4580 εἰσὶν
3493 4527 3732 4597 δργανα·
3786 4530 3815 4578 ό
3856 4530 3969 4595 γὰρ

2403 4619 2607 4690 δαίμων
2661 4620 2762 4689 τῆς
2793 4620 3051 4690 πορνείας
3100 4618 3386 4689 ᾐρετίσατο
3415 4617 3489 4686 μὴ
3535 4617 3968 4688 προσκυνεῖσθαι

2405 4707 2503 4778 τὴν
2533 4709 2714 4760 εἰκόνα
2734 4706 2841 4777 ’τῆς
2870 4708 3183 4776 Δεσποίνης,
3205 4708 3348 4776 ἥπερ
3369 4708 3449 4767 εἰς
3475 4706 3572 4775 τὴν
3590 4706 3688 4773 τῆς
3706 4706 3967 4774 πορνείας

2405 4797 2745 4868 ἀκαθαρσίαν
2776 4800 3039 4867 ἐμπεσεῖν
3076 4798 3165 4849 τὸν
3198 4798 3462 4870 γέροντα,
3500 4795 3575 4857 ὡς
3609 4795 3837 4864 μείζονα
3867 4795 3968 4864 τῆς
4002 4811 4011 4818 '

2409 4888 2665 4957 πορνείας
2694 4888 2970 4959 ἁμαρτίαν
3002 4887 3206 4957 ταύτην
3237 4888 3620 4955 ἐπιστάμενος.
3661 4903 3682 4937 ι

2487 5166 2568 5223 ιδ’.
2619 5167 2755 5219 Ἀλλ’
2808 5168 2994 5235 ἐπειδὴ
3044 5167 3170 5236 περὶ
3201 5166 3409 5228 εἰκόνος
3439 5169 3468 5219 ὁ
3518 5167 3675 5233 λόγος
3725 5168 3846 5221 ἐστὶ
3879 5170 3968 5222 καὶ

2415 5257 2866 5326 προσκυνήσεως,
2915 5257 3044 5325 φέρε
3085 5242 3414 5324 πλατύτερον
3462 5258 3591 5326 περὶ
3642 5256 3854 5309 τούτων
3880 5258 3969 5310 τὸν

2417 5349 2573 5414 λόγον
2593 5349 3080 5417 διευκρινήσωμεν·
3106 5345 3198 5398 καὶ
3220 5346 3461 5415 εἴπωμεν
3484 5346 3721 5416 πρῶτον,
3749 5347 3806 5399 τί
3827 5349 3968 5400 ἐστιν

2419 5437 2581 5490 εἰκών
2600 5453 2614 5469 ο
2644 5437 3072 5508 δεύτερον,τίνος
3101 5436 3260 5505 χάριν
3279 5435 3500 5503 γέγονεν
3531 5436 3693 5492 εἰκών
3720 5454 3733 5468 ·
3764 5438 3966 5507 τρίτον,

3323 5600 3390 5631 ⁵⁸⁸
3437 5598 3613 5667 πάντη
3674 5596 3759 5650 vel
3806 5592 3964 5649 παντὶ
