4172 6490
786 364 944 430 i339

1981 374 2042 430 S.
2069 371 2385 433 JUANNIS
2425 374 2846 455 DAMASCENI

3882 378 4013 445 i3”

804 478 1146 531 institutione
1196 491 1292 545 per
1332 477 1706 533 imitationem.
1755 480 2112 544 Quamobrem
2168 482 2339 551 prima
2369 482 2404 537 Δ

2443 485 2642 554 φυσικὴ
2672 487 2764 537 καὶ
2794 487 3206 554 ἀπαράλλακτος
3235 489 3394 539 εἰκὼν
3433 489 3525 540 τοῦ
3560 488 3801 559 ἀοράτου
3841 492 4004 557 Θεοῦ,

803 567 1068 621 naturalis
1096 567 1373 635 nihiloque
1396 568 1722 637 discrepans
1742 569 1833 623 Dei
1860 572 2150 628 invisibilis
2170 575 2345 643 imago

800 653 977 708 Patris
1003 664 1087 710 est
1117 654 1307 719 Filius,
1334 659 1388 711 in
1408 660 1586 727 seipso
1604 658 1815 713 Patrem
1842 662 2101 717 referens.
2136 681 2154 714 ι
2175 663 2345 721 Nemo

796 745 942 797 enim
986 745 1149 798 Deum
1197 747 1328 800 vidit
1385 764 1619 814 unquam
1635 750 1697 803 “.
1725 768 1744 799 ι
1790 749 1851 803 Et
1881 766 2095 805 rursum
2129 770 2144 806 :
2176 771 2194 804 ι
2226 752 2341 808 Non

796 835 922 901 quia
980 833 1192 889 Patrem
1250 838 1380 890 vidit
1423 841 1710 907 quisquam
1737 841 1849 892 ἰ.»
1901 841 2097 895 Filium
2165 854 2342 899 autem

799 920 972 976 l'atris
1001 922 1288 991 imaginem
1341 942 1460 980 esse
1506 929 1664 982 docet
1693 930 1985 998 Apostolus
2024 950 2036 985 :
2080 950 2099 982 ι
2122 932 2223 998 Qui
2258 942 2343 1004 est

798 1008 976 1078 imago
1030 1011 1119 1064 Dei
1155 1012 1441 1067 invisibilis
1479 1014 1543 1067 “.
1585 1034 1602 1065 ι
1648 1014 1716 1069 Ει
1743 1017 1808 1069 ad
1854 1016 2148 1073 Hebraeos:
2182 1039 2201 1071 ι
2238 1019 2340 1086 Qui

795 1112 918 1150 cum
940 1101 1010 1153 sit
1025 1102 1277 1168 splendor
1298 1104 1500 1171 gloria,
1515 1114 1570 1159 et
1590 1106 1756 1173 ﬁgura
1777 1110 2301 1179 substanlize‘ejus“.
2316 1131 2337 1165 ι

796 1190 961 1257 Atqui
1010 1193 1153 1259 quud
1205 1194 1260 1247 in
1308 1197 1490 1264 seipso
1546 1196 1756 1252 Patrem
1783 1200 2053 1264 ostendat,
2112 1201 2341 1259 Joannis

798 1277 1145 1348 Evangelium
1172 1291 1424 1354 testatur,
1449 1286 1534 1339 ubi
1556 1285 1812 1342 Dominus
1835 1287 2081 1358 Philippo
2102 1292 2299 1346 dicenti
2322 1311 2335 1347 :

802 1378 820 1409 ι
844 1359 1079 1416 Ostende
1111 1365 1272 1419 nobis
1297 1364 1529 1433 Patrem,
1562 1377 1615 1423 et
1635 1369 1829 1425 suﬂicit
1850 1372 2031 1436 nobis,
2058 1393 2077 1424 ι
2113 1389 2338 1443 respon-

798 1451 885 1500 «iet
918 1466 931 1499 :
972 1470 989 1498 ι
1012 1450 1183 1506 Tanto
1218 1464 1455 1523 tempore
1489 1460 1764 1512 vobiscum
1823 1477 1970 1526 sum,
1993 1471 2054 1517 et
2107 1480 2217 1518 non
2247 1480 2341 1521 co-

797 1539 1058 1602 gnovistis
1110 1543 1239 1595 me?
1288 1543 1552 1615 Philippe,
1586 1548 1679 1615 qui
1735 1551 1881 1605 videt
1936 1568 2052 1616 me,
2083 1553 2228 1609 videt
2286 1565 2340 1610 et

798 1625 1088 1681 Patrem“.
1118 1649 1137 1680 ι
1187 1630 1548 1695 Quamobrem
1606 1636 1773 1693 Filius
1823 1649 1904 1694 est
1937 1645 2225 1709 naturalis,
2249 1646 2337 1699 ni-

795 1713 976 1782 hilquc
1000 1716 1255 1773 dilfcrens
1288 1721 1462 1779 Patris
1484 1727 1681 1794 imago,
1706 1728 1852 1782 Patri
1877 1730 2072 1785 similis
2088 1748 2187 1800 per
2219 1750 2338 1788 om-

794 1804 900 1868 nia,
960 1815 1149 1873 praeter
1180 1810 1281 1866 hoc
1312 1829 1503 1879 unum,
1538 1819 1680 1885 quod
1740 1820 1855 1890 ipse
1897 1828 2335 1897 necingenitus,

792 1906 893 1945 nec
949 1893 1109 1949 Pater
1158 1899 1253 1952 sit.
1286 1900 1421 1956 Nam
1462 1905 1620 1959 Pater
1660 1916 1743 1962 est
1776 1893 2337 1985 genitor-ingenitus,

791 1979 963 2036 Filius
992 1998 1169 2040 autem
1209 1993 1444 2058 genitus,
1477 2003 1529 2048 et
1555 2012 1665 2051 non
1688 1999 1902 2068 Pater;
1933 1979 2169 2073 Spiritus
2208 2024 2339 2063 san-

791 2081 913 2127 ctus
948 2090 1072 2129 vero
1104 2086 1185 2131 est
1218 2080 1393 2150 imago
1421 2083 1543 2139 Filii
1573 2103 1585 2138 :
1619 2105 1637 2137 ι
1675 2087 1842 2146 Nemo
1876 2094 2018 2148 enim
2050 2106 2226 2166 potest
2254 2100 2340 2153 di-

792 2176 915 2217 cere
947 2164 1226 2221 Dominum
1286 2170 1495 2239 Jesum,
1548 2178 1655 2233 nisi
1690 2180 1744 2233 in
1775 2181 1981 2251 Spiritu
2012 2164 2201 2243 sancto
2216 2190 2280 2243 ⁸⁸.
2314 2210 2331 2242 ι

792 2249 979 2320 Itaque
1020 2270 1113 2322 per
1139 2256 1398 2326 Spiritum
1428 2277 1675 2321 sanctum
1702 2249 2043 2339 agnoscimus
2063 2277 2337 2337 Christum

797 2339 889 2395 Dei
918 2342 1115 2398 Filium
1156 2356 1208 2401 et
1238 2348 1428 2416 Deum,
1462 2362 1519 2409 et
1552 2357 1606 2410 in
1632 2358 1770 2414 Filio
1798 2362 2009 2419 Patrem
2040 2369 2331 2427 intuemur.

791 2430 982 2487 Sermo
1004 2437 1202 2507 quippe
1231 2456 1297 2495 ex
1323 2457 1421 2497 sua
1455 2454 1650 2503 natura
1699 2453 2046 2521 cogitationis
2072 2466 2158 2514 est
2192 2477 2337 2516 nun-

791 2524 923 2585 tius,
959 2526 1116 2580 index
1148 2541 1329 2584 autem
1390 2539 1657 2593 sermonis
1690 2542 1915 2609 spiritus
1946 2556 2049 2601 est.
2086 2548 2337 2619 Quapro-

792 2621 915 2678 pter
946 2615 1181 2684 Spiritus
1218 2632 1303 2675 est
1328 2624 1521 2680 similis
1558 2630 1799 2699 nihilque
1823 2615 2337 2709 discrepansimago

788 2700 933 2769 Filii,
988 2723 1055 2761 eo
1087 2710 1352 2768 duntaxat
1384 2715 1662 2782 differens,
1691 2723 1834 2790 quod
1874 2700 2130 2792 procedat
2163 2750 2175 2783 :
2204 2700 2337 2800 quin

789 2800 843 2847 et
902 2796 1339 2870 uniuscujusque
1376 2808 1546 2872 patris
1602 2809 1778 2881 imago
1818 2816 2103 2877 naturalis,
2137 2796 2339 2889 est—ip-

787 2881 905 2937 sius
938 2883 1101 2939 ﬁlius.
1147 2888 1326 2959 Atque
1353 2894 1587 2961 primum
1628 2896 1776 2953 istud
1816 2901 2111 2972 imaginum
2139 2881 2332 2976 genus,

782 2976 869 3024 est
893 2970 1068 3042 imago
1109 2986 1235 3029 natu
1245 2979 1394 3033 ralis.

2442 577 2471 625 6
2500 573 2626 635 Υἱὸς
2659 575 2751 625 τοῦ
2779 576 3005 644 Πατρός,
3064 580 3121 628 ὲν
3156 577 3330 645 ἐαυτῷ
3357 578 3571 639 δεικνὺς
3616 580 3714 630 τὸν
3754 579 4002 649 Πατέρα.

2450 681 2468 713 ι
2496 663 2627 715 Θεὸν
2656 664 2754 731 μὲν
2784 666 2892 733 γὰρ
2917 666 3094 727 οὐδεὶς
3120 665 3327 737 ἑώρακε
3355 667 3591 720 πώποτε.
3620 686 3642 717 ι
3680 668 3800 719 Καὶ
3830 669 4010 721 πάλιν·

2448 769 2467 800 σ
2506 752 2619 819 Οὐχ
2665 752 2747 803 ὅτι
2774 753 2863 804 τὸν
2895 755 3109 822 Πατέρα
3135 772 3217 816 τις
3243 756 3501 823 ἑώρακεν.
3538 774 3557 805 ι
3590 756 3717 807 Ὀτι
3744 757 3808 809 δὲ
3846 757 4013 809 sint!"

2440 840 2590 891 ἐστιν
2628 840 2656 890 6
2687 840 2813 903 Υἰὸς
2841 841 2939 893 τοῦ
2977 842 3205 911 Πατρὸς,
3231 845 3393 910 φησὶν
3416 846 3444 897 6
3479 844 3803 905 ’Δπόστολος
3824 864 3839 875 ο
3879 846 4010 909 «Ὃς

2440 930 2590 981 ἐστιν
2619 929 2779 982 εἰκὼν
2798 931 2891 982 τοῦ
2916 932 3145 1001 ἀοράτου
3163 932 3319 985 Θεοῦ.
3347 953 3366 985 ι
3392 934 3499 985 Kai.
3527 935 3663 1004 πρὸς
3693 934 4006 1003 Ἐὃραίως·

2449 1040 2468 1070 ι
2507 1021 2605 1082 Ὃς
2626 1018 2700 1073 ὣν
2732 1021 3071 1088 ἀπαύγασμα
3100 1023 3199 1091 τῆς
3235 1021 3409 1090 δόξης,
3443 1024 3533 1074 καὶ
3570 1024 3871 1091 χαρακτὴρ
3916 1027 4012 1091 τῆς

2443 1110 2792 1173 ὑποστάσεως
2823 1112 3006 1164 αὐτοῦ.
3049 1132 3066 1163 ι
3098 1113 3207 1166 Καὶ
3235 1114 3316 1165 ὅτι
3347 1116 3403 1165 ὲν
3433 1114 3610 1182 ἑαυτῷ
3640 1113 3892 1165 δεικνύει
3922 1114 4011 1163 τὸν

2439 1199 2680 1271 Πατέρα,
2712 1203 2769 1255 ὲν
2795 1201 2873 1272 τῷ
2899 1203 3037 1255 κατὰ
3080 1204 3327 1273 Ἰωάννην
3349 1205 3669 1273 Εὑαγγελεῳ
3691 1203 3791 1256 τοῦ
3822 1204 4012 1254 Φιλίπ-

2441 1309 2544 1345 που
2580 1293 2847 1358 εἰπόντος,
2878 1313 2896 1344 ι
2924 1294 3104 1358 Δεῖξον
3130 1296 3259 1364 ἡμῖν
3290 1296 3380 1347 τὸν
3415 1296 3650 1363 Πατέρα,
3703 1296 3803 1347 καὶ
3854 1294 4017 1357 ἀρκεῖ

2441 1384 2594 1452 ἡμῖν,
2621 1402 2653 1439 ι,
2676 1386 2840 1453 φησὶν
2870 1387 2899 1436 6
2927 1386 3132 1454 Κύριος
3151 1402 3163 1415 ·
3194 1404 3213 1437 t
3239 1385 3499 1439 Τοσοῦτον
3534 1388 3726 1457 χρόνον
3748 1388 3865 1455 ἔχω
3896 1388 4008 1454 μεθ’

2441 1474 2611 1543 ὑμῶν,
2640 1478 2734 1528 καὶ
2764 1477 2861 1529 οὐκ
2893 1478 3137 1544 ἔγνωκάς
3164 1496 3252 1546 με,
3283 1480 3512 1531 Φίλιππε
3532 1499 3547 1545 ;
3568 1482 3597 1533 6
3623 1482 3899 1549 ἑωρακώς
3922 1496 4008 1549 με,

2445 1565 2653 1634 ἑώρακε
2690 1567 2780 1619 τὸν
2817 1568 3057 1637 Πατέρα.
3101 1588 3117 1619 ι
3157 1570 3309 1622 Ἐστι
3347 1571 3443 1639 μὲν
3473 1571 3500 1621 6
3534 1570 3660 1632 Υἰὸς
3697 1570 3873 1621 εἰκὼν
3918 1569 4008 1622 τοῦ

2440 1655 2650 1725 Πατρὸς
2676 1657 2906 1724 φυσικὴ,
2954 1659 3400 1727 ἀπαράλλακτος,
3442 1661 3580 1711 κατὰ
3617 1660 3801 1711 πάντα
3850 1660 4008 1725 ὁμοία

2372 1786 2416 1841 Β
2439 1742 2517 1811 τῷ
2555 1744 2750 1812 Πατρὶ,
2790 1745 2927 1813 πλὴν
2960 1747 3057 1814 τῆς
3091 1747 3431 1815 άγεννησίας,
3458 1749 3550 1799 καὶ
3579 1749 3679 1815 τῆς
3727 1749 4006 1841 πατρότηῖ-

2439 1851 2547 1895 τος.
2593 1835 2652 1886 Ὀ
2686 1835 2783 1903 μὲν
2811 1835 2919 1904 γὰρ
2959 1837 3168 1906 Πατὴρ,
3214 1841 3489 1907 γεννήτωρ
3517 1838 3822 1905 ἀγέννητος
3849 1854 3863 1866 °
3895 1840 3926 1890 6
3954 1837 4005 1889 εδ

2438 1926 2589 1987 Υἱὸς,
2642 1925 2896 1995 γεννητὸς
2951 1929 3044 1978 καὶ
3082 1929 3139 1980 οὐ
3182 1930 3371 1997 Πατήρ
3397 1947 3409 1958 ·
3436 1930 3531 1979 καὶ
3577 1929 3637 1981 τὸ
3676 1929 3916 1996 Πνεῦμα
3952 1930 4006 1980 τὸ

2440 2016 2611 2081 ἆγιον,
2644 2014 2806 2066 εἰκὼν
2828 2015 2922 2066 τοῦ
2947 2016 3077 2068 Υἰοῦ
3102 2031 3115 2045 ·
3155 2036 3173 2066 ι
3210 2017 3398 2078 Οὐδεὶς
3437 2017 3544 2086 γὰρ
3572 2017 3800 2070 δύναται
3834 2018 4005 2071 εἰπεῖν

2440 2103 2645 2173 Κύριον
2678 2103 2903 2172 Ἰησοῦν,
2928 2106 2976 2155 εἰ
3000 2105 3074 2173 μὴ
3094 2106 3153 2157 ἒν
3178 2105 3454 2174 Πνεύματι
3476 2105 3634 2175 ἁγίῳ.
3669 2125 3690 2155 ι
3715 2107 3820 2157 Διὰ
3846 2106 4009 2160 Πνεύ-

2442 2216 2609 2269 ματος
2640 2199 2733 2252 οὖν
2761 2198 2916 2265 ἁγίου
2950 2199 3289 2268 γινώσκομεν
3335 2201 3422 2252 τδν
3453 2201 3706 2270 Χριστδνν
3744 2200 3879 2253 Υίδν

2439 2289 2572 2342 Θεοῦ
2607 2290 2698 2341 καὶ
2716 2289 2869 2353 Θεὸν,
2906 2289 2995 2341 καὶ
3028 2291 3084 2340 ὲν
3106 2288 3184 2357 τῷ
3214 2289 3328 2359 Υίῷ
3363 2288 3680 2358 καθορῶμεν
3705 2290 3799 2341 τὸν
3829 2289 4005 2341 Πατέ-

2440 2396 2537 2451 ρα’
2572 2380 2729 2448 φύσει
2760 2381 2867 2449 γὰρ
2894 2380 3158 2450 νοούμενα
3190 2382 3239 2445 h,
3273 2382 3430 2447 λόγος
3460 2381 3687 2448 ἄγγελος
3711 2399 3725 2411 ”
3751 2381 3924 2446 λόγου
3950 2379 4005 2432 δὲ

2440 2470 2751 2540 μηνυτικὸν,
2773 2470 2833 2521 τδ
2869 2470 3104 2537 πνεῦμα.
3158 2471 3347 2538 Ὁμοία
3372 2472 3429 2523 δὲ
3460 2471 3553 2523 καὶ
3575 2469 4005 2538 ἀπαράλλακτός

2439 2560 2586 2609 ἔστιν
2616 2556 2775 2609 εἰκὼν
2801 2557 2892 2608 τοῦ
2922 2557 3071 2619 Υἱοῦ,
3117 2558 3177 2609 τὸ
3206 2558 3426 2627 Πνεῦμα
3456 2558 3518 2609 τὸ
3550 2556 3720 2624 ἅγιον,
3762 2556 3818 2606 ὲν
3854 2556 4003 2625 μόιῳ

2439 2646 2515 2713 τῷ
2545 2645 2857 2715 ὲκπορευτῷ
2898 2646 2956 2697 τὸ
2985 2647 3239 2716 διάφορον
3272 2648 3413 2716 ἕχον.
3454 2648 3511 2698 Ὀ
3538 2646 3636 2715 μὲν
3684 2644 3794 2713 γὰρ
3847 2644 4000 2708 Υἱὸς,

2437 2736 2717 2805 γεννητὸς,
2746 2737 2859 2789 ἀλλ’
2896 2738 2995 2789 οὐκ
3027 2738 3373 2807 ὲκπορευτός.
3405 2738 3514 2790 Καὶ
3547 2738 3779 2789 ἑκάστου
3804 2736 3865 2788 δὲ
3895 2753 4002 2787 πα-

2435 2826 2562 2896 τρὸς
2598 2830 2625 2878 6
2670 2826 2783 2887 υἰὸς
2822 2830 3022 2895 φυσική
3073 2829 3221 2881 ἐστιν
3276 2827 3468 2879 εἰκών·
3508 2828 3603 2879 καὶ
3632 2821 3791 2889 οὗτος
3821 2826 3932 2895 μὲν
3972 2824 4004 2875 6

2437 2918 2652 2988 πρῶτος
2676 2918 2873 2987 τρόπος
2895 2918 2995 2987 τῆς
3027 2918 3253 2980 εἰκόνος,
3284 2920 3313 2970 6
3345 2917 3589 2985 φυσικός.

856 3060 943 3115 l9.
977 3062 1224 3119 Alterum
1253 3079 1336 3122 est
1358 3085 1550 3138 genus,
1583 3075 1672 3129 illa
1694 3093 1814 3146 quae
1844 3080 1898 3134 in
1925 3083 2033 3138 Deo
2054 3092 2159 3149 est,
2184 3091 2336 3145 notio
2360 3108 2404 3171 ρ

856 3166 963 3194 mm
996 3153 1114 3194 inen
1146 3167 1366 3194 οηηιιι-ια
1393 3160 1695 3194 ᾔτηη-..-κη
1720 3186 1732 3194 .
1770 3171 1873 3194 1.-.-
1915 3182 1993 3194 η.
2046 3191 2090 3194 ,-

2514 3094 2598 3148 ιον.
2631 3093 2891 3163 Δεύτερος
2946 3092 3143 3162 τρόπος
3200 3091 3421 3153 εἰκόνος,
3470 3091 3503 3158 ἡ
3533 3089 3697 3194 ἐν.τῷ
3728 3088 3870 3194 Θεῷ,
3891 3088 4001 3141 τῶν

784 3165 964 3204 rerum
996 3153 1114 3222 ipso
1144 3167 1366 3214 auctore
1393 3160 1734 3233 futurarum;
1770 3171 1874 3225 hoc
1909 3182 1995 3228 est
2036 3182 2328 3237 consilium
2364 3153 2404 3171 ‘

2438 3183 2531 3237 ὑπ’
2560 3182 2723 3235 αὐτοῦ
2751 3182 3019 3252 ἐσομένων
3044 3181 3241 3243 ἔννοια,
3285 3180 3563 3233 τουτέστιν
3592 3181 3624 3249 ἡ
3667 3179 3998 3247 προαιὼνιος

783 3240 900 3308 ejus
928 3251 1215 3311 aeternum,
1241 3249 1386 3317 quod
1414 3254 1601 3308 eodem
1631 3271 1846 3327 semper
1875 3266 2033 3318 modo
2057 3282 2116 3323 se
2145 3269 2326 3329 habet.

784 3328 927 3386 Deus
953 3332 1095 3387 enim
1123 3333 1483 3407 immutabilis
1510 3357 1615 3407 est,
1642 3356 1695 3402 et
1718 3351 1837 3419 ejus
1858 3357 2150 3414 consilium
2180 3366 2327 3419 omni

784 3422 1054 3493 principio
1083 3435 1263 3495 caret;
1304 3446 1398 3499 per
1427 3436 1573 3503 quod
1605 3439 1817 3496 scilicet
1848 3458 1909 3497 ea
1948 3462 2070 3516 qua:
2112 3451 2179 3505 ab
2211 3454 2328 3521 ipso

779 3512 1136 3571 determinata
1200 3530 1347 3587 sunt,
1374 3526 1643 3592 praeﬁnito
1663 3536 1902 3599 tempore
1945 3512 2101 3603 ﬁunt,
2138 3512 2319 3609 quem-

781 3603 1070 3660 admodum
1108 3608 1226 3677 ipse
1292 3613 1346 3667 in
1400 3619 1707 3675 aeternitate
1758 3627 2066 3683 constituit.
2132 3603 2328 3705 Imagi-

783 3710 881 3749 nes
910 3698 1051 3752 enim
1088 3711 1141 3756 et
1170 3707 1413 3774 exempla
1445 3709 1756 3768 luturarum
1801 3732 2004 3785 rerum,
2046 3738 2184 3791 quas
2214 3727 2328 3794 ipse

783 3783 1028 3843 tacturus
1050 3800 1151 3856 est,
1171 3793 1308 3847 nihil
1336 3807 1463 3851 sunt
1493 3800 1660 3865 aliud,
1682 3818 1844 3872 quam
1866 3783 2131 3881 cujusque
2152 3783 2339 3882 notio,‘

784 3888 945 3945 atque
976 3892 1004 3930 a
1025 3890 1211 3937 sancto
1229 3884 1484 3955 Dionysio
1504 3892 1883 3956 przeﬁnitiones
1900 3902 2323 3961 nominantur“.

784 3967 839 4021 lu
878 3972 997 4041 ejus
1028 3987 1260 4044 namque
1301 3981 1533 4035 consilio
1577 3996 1843 4053 expressa:
1869 4002 2025 4045 erant
2064 3997 2250 4056 formae
2272 4008 2327 4056 et

782 4058 1042 4130 imagines
1091 4082 1278 4120 eorum
1310 4084 1448 4138 qua).
1504 4075 1820 4146 priusquam
1856 4080 2066 4151 ﬁerent,
2107 4087 2174 4142 ab
2205 4089 2327 4159 ipso

781 4154 1044 4220 prtelinita
1086 4168 1260 4223 erant,
1290 4170 1343 4214 et
1377 4162 1788 4223 immutabiliter
1836 4172 2040 4228 l'utnra.

849 4242 937 4295 20.
972 4243 1211 4301 Tertium
1240 4266 1411 4318 genus
1434 4255 1727 4325 imaginum
1757 4268 1837 4314 est
1875 4278 2062 4318 eorum
2088 4281 2205 4335 quae
2233 4284 2326 4339 per

782 4335 1137 4390 imitationem
1174 4356 1199 4391 a
1265 4341 1373 4397 Deo
1425 4344 1569 4398 facta
1604 4358 1770 4415 sunt;
1811 4362 1939 4422 puta
1978 4358 2157 4413 homo.
2209 4335 2325 4426 Qua

777 4427 923 4478 cnim
960 4428 1170 4483 ratione
1204 4432 1288 4485 ille
1318 4435 1408 4502 Qui
1454 4450 1670 4495 creatus
1711 4449 1815 4506 est,
1845 4444 2090 4512 ejusdem
2119 4459 2329 4518 natura;
2358 4443 2404 4498 Β

782 4516 850 4569 sit
882 4531 1004 4570 cum
1040 4520 1400 4577 increato?id
1459 4542 1622 4595 porro
1667 4530 1970 4589 imitatione
2007 4536 2155 4592 fecit.
2190 4539 2324 4597 Nam

783 4607 947 4659 veluti
984 4607 1161 4673 Pater,
1197 4614 1288 4680 qui
1318 4625 1399 4669 est
1431 4633 1601 4681 mens,
1632 4628 1685 4673 et
1707 4620 1875 4677 Filius
1910 4627 2035 4681 item
2065 4628 2324 4699 Verbum,

779 4709 835 4750 et
870 4700 1107 4766 Spiritus
1151 4714 1402 4769 sanctus,
1440 4723 1579 4763 unus
1612 4710 1752 4767 Deus
1813 4726 1941 4770 sunt
1976 4737 1989 4773 :
2022 4721 2101 4774 sic
2150 4738 2325 4787 mens,

782 4789 1106 4846 verbum-et
1166 4796 1391 4862 spiritus
1425 4814 1566 4854 unus
1612 4802 1774 4857 homo
1808 4814 1954 4862 sunt.
1990 4808 2123 4863 Tum
2160 4815 2323 4868 etiam

779 4892 1001 4949 propter
1059 4884 1269 4938 arbitrii
1335 4887 1636 4946 libertatem
1667 4903 1719 4947 et
1749 4896 2047 4966 imperandi
2085 4906 2324 4959 auctori-

778 4981 943 5025 tatem
983 4972 1149 5027 Deum
1182 4977 1444 5032 imitatur.
1472 4981 1561 5034 Ait
1607 4985 1806 5056 quippe
1852 4988 1991 5046 Deus
2024 5008 2037 5045 :
2087 5012 2103 5044 ι
2138 4994 2327 5050 Facia-

777 5078 901 5118 mus
983 5066 1253 5123 hominem
1326 5070 1392 5125 ad
1460 5071 1744 5143 imaginem
1806 5087 1860 5133 ct
1914 5083 2322 5143 similitudinem

2437 3279 2602 3335 αὐτοῦ
2634 3277 2905 3346 βούλησις,
2952 3276 2985 3343 ἡ
3037 3273 3123 3326 ἀεὶ
3159 3270 3417 3333 ὡσαύτως
3470 3269 3693 3337 ἔχουσα⁸
3724 3268 3997 3339 ἄτρεπτον

2434 3375 2541 3442 γὰρ
2571 3370 2630 3422 τὸ
2663 3370 2844 3429 Θεῖον,
2893 3365 2986 3418 καὶ
3024 3367 3055 3434 ἡ
3093 3362 3345 3432 βούλησις
3373 3360 3556 3423 αὑτοῦ,
3601 3359 3839 3427 ἄναρχος
3862 3373 3878 3385 ’
3940 3352 3994 3428 ᾖ,

2435 3452 2619 3523 καθὼς
2647 3456 2983 3529 προαιωνίως
3034 3452 3321 3523 ἐϐουλήθη,
3374 3453 3431 3504 ὲν
3491 3450 3567 3519 τῷ
3610 3449 3995 3521 προορισθέντι

2436 3553 2525 3605 ὑπ’
2546 3551 2709 3603 αὐτοῦ
2748 3547 2923 3620 καιρῷ
2955 3547 3164 3611 γίνεται
3203 3545 3273 3598 τά
3305 3543 3619 3619 ὁρισθέντα·
3650 3541 3861 3602 εἰκόνες
3887 3539 3995 3609 γάρ

2434 3647 2528 3698 καὶ
2555 3643 2973 3712 παραδείγματα
3002 3638 3110 3691 τῶν
3144 3637 3236 3690 ὑπ’
3269 3635 3429 3691 αὑτοῦ
3458 3633 3752 3735 ἐσομένων,
3786 3634 3821 3701 ἠ
3845 3633 3995 3735 ,περὶ

2434 3738 2662 3789 ἑκάστου
2696 3731 2871 3785 αὐτῶν
2915 3731 3110 3792 ἔννοια,
3141 3730 3191 3815 οἳ
3221 3730 3319 3781 καὶ
3352 3727 3673 3823 προορισμτῧ
3919 3723 3994 3823 τιξι

2432 3825 2574 3894 ἁγίῳ
2609 3823 2865 3892 Διονυσίῳ
2885 3808 3258 3890 ὀνομάζονται.
3292 3819 3379 3869 Ἐν
3400 3818 3508 3887 γὰρ
3530 3819 3597 3885 τῇ
3634 3813 3797 3883 βουλῇ
3824 3811 3988 3865 αὐτοῦ

2431 3912 2891 3985 ἐχαρακτηρίζετο
2910 3913 3007 3965 καὶ
3032 3910 3320 3973 εἰκονίζετο
3342 3908 3469 3977 πρὶν
3489 3905 3753 3973 γενέσεως
3785 3902 3991 3965 αὐτῶν,

2430 4008 2498 4063 τὰ
2527 4006 2618 4058 ὑπ’
2661 4004 2821 4058 αὑτοῦ
2876 4000 3261 4073 προωρισμένα
3282 4039 3295 4063 ,
3330 3998 3425 4051 καὶ
3451 3994 3830 4066 ,ἀπαραὸάτως
3876 3993 3992 4045 ἐσό-

2434 4114 2586 4170 μενα.

2500 4278 2570 4325 κ¹.
2607 4269 2796 4337 Τρίτος
2839 4266 3036 4336 τρόπος
3078 4262 3315 4326 εἰκόνος,
3365 4260 3393 4313 6
3429 4257 3569 4311 κατὰ
3600 4255 3833 4326 μίμησιν
3878 4253 3989 4307 ὕπδ

2430 4362 2563 4415 Θεοῦ
2613 4360 2919 4429 γενόμενος,
2960 4354 3285 4408 τουτέστινὸ
3314 4349 3613 4419 ἄνθρωπος.
3645 4346 3772 4408 Πῶς
3800 4345 3911 4415 γὰρ
3958 4345 3988 4395 6

2432 4452 2665 4512 κτιστδς,
2687 4449 2783 4517 τῆς
2806 4447 2971 4515 αὐτῆς
2997 4445 3210 4512 φύσεως
3230 4442 3379 4494 ἔσται
3410 4438 3488 4507 τῷ
3508 4436 3765 4504 ἀκτίστῳ,
3801 4434 3942 4515 αλλὰ
3960 4435 3979 4473 ι

2431 4541 2570 4597 κατὰ
2593 4540 2847 4610 μίμησιν;
2877 4536 3086 4603 Ὠσπερ
3113 4533 3219 4603 γὰρ
3249 4530 3371 4591 νοῦς
3398 4530 3425 4581 6
3444 4527 3655 4595 Πατὴρ,
3694 4525 3788 4576 καὶ
3810 4524 3986 4589 Λόγος

2431 4636 2459 4686 ὁ
2494 4632 2641 4693 rm,
2674 4631 2767 4682 καὶ
2814 4624 3036 4694 Πνεῦμα
3080 4622 3141 4675 τὸ
3174 4623 3346 4688 ἅγιον,
3380 4615 3461 4680 εἷς
3508 4616 3659 4681 Θεὸς,
3710 4614 3853 4667 οὕτω
3885 4613 3982 4666 καὶ

2430 4722 2552 4783 νοῦς
2590 4719 2683 4772 καὶ
2702 4719 2855 4785 λόγος
2886 4716 2980 4769 καὶ
3009 4711 3245 4782 πνεῦμα,
3274 4704 3353 4771 εἷς
3373 4706 3675 4775 ἄνθρωπος.
3706 4702 3816 4757 Καὶ
3842 4701 3984 4755 κατὰ

2429 4814 2490 4866 τὸ
2516 4809 2865 4874 αὐτεξούσιον
2911 4805 3005 4859 καὶ
3051 4799 3316 4874 ἀρχικόνι
3348 4816 3362 4829 ο
3403 4798 3551 4863 λέγει
3597 4794 3707 4864 γὰρ
3744 4795 3775 4846 6
3810 4792 3976 4853 Θεός·

2437 4923 2455 4955 ι
2493 4902 2813 4972 Ποιήσωμεν
2864 4896 3145 4965 ἄνθρωπον
3180 4891 3297 4945 κατ’
3342 4889 3524 4941 εἰκόνα
3561 4883 3856 4955 ἡμετέραν,
3886 4883 3981 4972 καὶ

2430 4995 2551 5049 καθ’
2577 4970 2855 5059 ὁμοίωσιν.
2892 5005 2912 5039 ι
2944 4986 3051 5038 και
3075 4983 3274 5043 εὐθέως
3312 4980 3585 5069 ἐπήγαγε·
3617 4993 3642 5069 ξ
3675 4973 3782 5025 Καὶ
3814 4970 3982 5069 an}-

2435 5103 2610 5140 τωσαν
2641 5082 2746 5135 τῶν
2779 5078 2973 5150 ἰχθύων
2999 5076 3097 5142 τῆς
3130 5072 3418 5139 Θαλάσσης,
3444 5067 3548 5120 τκαὶ
3575 5064 3684 5118 τῶν
3711 5077 3978 5113 πετεινων

846 5245 900 5330 ‘1
927 5245 1081 5330 Joan‘.
1116 5266 1150 5305 ι.
1352 5254 1392 5283 ⁸³
1423 5254 1578 5330 Joan.
1607 5273 1688 5330 ι·ιέ
1715 5260 1797 5312 46.
1876 5263 1919 5292 δ’
1948 5261 2157 5320 Coloss.
2190 5284 2220 5330 ι,
2251 5271 2335 5323 15.

2443 5272 2461 5301 ³
2495 5268 2656 5323 llebr.
2693 5282 2729 5330 ι,
2754 5263 2808 5317 2.
2893 5262 2938 5293 “
2977 5260 3131 5316 Joan.
3162 5272 3271 5321 xiv,
3303 5253 3357 5320 8,
3381 5251 3434 5306 9.
3513 5248 3557 5280 ⁵³
3588 5243 3759 5301 lCor.
3800 5238 3969 5304 xn,3.

768 5319 812 5350 ⁸⁸
859 5311 1331 5376 Dediv.'nominib.
1364 5338 1481 5395 cap.
1521 5327 1569 5379 1.
1646 5328 1689 5356 ⁸⁷
1720 5330 1848 5385 Gen.
1887 5348 1923 5396 I,
1955 5334 2043 5387 ‘26.

2078 5486 2311 5543 VARI/1:3
2342 5481 2739 5539 LECTIONES.

853 5620 875 5658 δ
914 5619 1035 5673 .‘-l.<s.
1065 5622 1307 5689 νοοῦμεν,
1342 5620 1592 5675 Nonnihil
1636 5622 1722 5674 hic.
1756 5623 1939 5677 deesse
1981 5596 2209 5682 videtr»,
2244 5631 2297 5675 et.
2335 5637 2455 5674 eum
2496 5620 2651 5674 Dillio
2682 5621 2759 5675 sic
2803 5617 3084 5688 legendum
3114 5616 3334 5687 opinor,
3376 5614 3530 5682 φύσει
3566 5612 3702 5682 γὰρ,
3745 5629 3835 5665 νου
3865 5607 3961 5681 μὲν

785 5690 957 5755 λεδ-ος,
990 5691 1230 5759 αγγελός.

1313 5696 1326 5734 ί
1364 5692 1463 5757 Qui
1506 5693 1571 5759 si,
1604 5692 1712 5748 ἀλλ’
1741 5694 1793 5761 ἢ,
1825 5695 1967 5747 nisi?
2042 5694 2053 5741 ι
2090 5692 2213 5747 Mss.
2248 5692 2383 5761 κατὰ
2406 5692 2462 5744 τὸ
2494 5691 2616 5760 ἁρχ.
