4172 6490
212 443 343 509 13H

1137 511 1142 516 I
1250 447 1358 510 DE,
1384 447 1852 506 IMAGINIBUS
1876 399 2153 507 ORATlO
2191 450 2304 507 IlI.

3254 444 3388 506 i342

203 554 300 606 τοῦ
324 548 573 621 οὐρανοῦ.
597 567 615 599 ι
647 545 756 600 Καὶ
786 545 941 599 πάλιν
962 561 974 572 °
1008 547 1161 598 «Kal.
1192 548 1384 617 ἄρχετε
1416 549 1522 601 τῶν
1552 551 1736 619 ἰχθύων

1775 555 1815 609 Α
1845 561 2109 606 nostram.
2154 572 2174 604 ι
2219 552 2520 621 Subditqne
2561 570 2574 605 :
2617 570 2635 602 ι
2689 551 2750 604 Et
2812 553 3165 606 dominamini
3228 554 3385 623 355

203 642 308 710 τῆς
333 639 608 706 θαλάσσης
627 677 642 702 ,
683 637 778 688 καὶ
813 635 920 688 τῶν
952 637 1206 688 πετεινῶν
1237 637 1330 688 τοῦ
1364 639 1611 707 ούρανοῦ,
1651 643 1741 694 καὶ

203 729 384 797 πάσης
406 727 505 792 τῆς
533 725 657 793 γῆς,
679 723 773 775 καὶ
798 722 1253 793 κατακυριεύσατε
1283 725 1464 793 αὐτῆς.
1509 746 1526 777 ι

272 815 377 870 κα’.
417 814 683 879 Τέταρτος
711 811 908 881 τρόπος
948 811 1148 872 εἰκόνος
1186 812 1283 879 τῆς
1335 813 1570 880 γραφῆς,
1609 818 1740 882 cm-

205 923 352 976 ματα
383 907 476 968 καὶ
508 902 719 971 μορφὰς
765 901 857 953 καὶ
907 900 1104 962 τύπους
1151 898 1590 969 ἀναπλαττούσης
1637 904 1741 953 τῶν

201 995 447 1061 ἀοράτων
489 991 585 1043 καὶ
635 988 956 1056 ἀσωμάτων,
1007 988 1326 1055 σωματικῶς
1369 989 1739 1056 τυπουμένων,

201 1083 339 1152 πρὸς
370 1081 616 1150 ἀμυδρὰν
645 1079 964 1146 κατανόησιν
993 1077 1122 1130 Θεοῦ
1147 1095 1206 1129 τε
1237 1079 1326 1130 καὶ
1355 1078 1618 1144 ἀγγέλων,
1655 1080 1742 1130 διὰ

196 1173 259 1224 τὸ
299 1174 371 1241 μὴ
401 1169 658 1224 δύνασθαι
693 1170 838 1238 ἡμᾶς
877 1168 946 1220 τὰ
992 1167 1252 1235 ἀσώματα
1283 1169 1406 1221 ἀνευ
1452 1167 1742 1236 σχημάτων

199 1255 750 1330 ἀναλογούντωνήμῐν
775 1260 1018 1328 θεωρεῖν,
1043 1258 1222 1320 καθώς
1249 1275 1407 1327 φησιν
1436 1261 1464 1310 6
1492 1258 1656 1320 πολὺς
1677 1258 1742 1311 τὰ

201 1355 321 1407 θεία
347 1354 616 1414 Διονύσιος
643 1354 672 1402 6
712 1349 1244 1419 Ἀρεοπαγίτης.”οτι
1270 1350 1366 1417 μὲν
1386 1349 1494 1418 γὰρ
1523 1349 1743 1410 εἰκότως

200 1430 600 1509 προὸἐδληνται
639 1439 744 1491 τῶν
791 1437 1082 1490 ἀτυπώτων
1112 1438 1160 1488 oi
1188 1437 1364 1501 τύποι,
1391 1438 1484 1488 καὶ
1505 1437 1584 1490 -τὰ
1615 1438 1745 1506 σχή-

202 1547 352 1599 ματα
381 1529 489 1582 τῶν
519 1527 955 1597 ἀσχηματίστων,
980 1528 1040 1579 οὐ
1067 1527 1092 1564 ι
1117 1526 1282 1595 μόνην
1310 1526 1484 1579 αἰτίαν
1513 1527 1644 1595 φαίη
1661 1543 1744 1588 τις

197 1616 341 1674 εἰναι
364 1620 462 1690 τὴν
490 1619 610 1671 καθ’
635 1620 779 1687 ἡμᾶς
808 1617 1110 1683 ἀναλογίαν,
1139 1616 1495 1669 ἀδυνατοῦσαν
1528 1616 1742 1685 ἀμέσως

196 1707 298 1758 ἐπὶ
327 1706 425 1768 τὰς
456 1705 650 1772 νοητὰς
686 1703 1053 1756 ἀνατείνεσθαι
1084 1703 1331 1771 Θεωρίας,
1360 1705 1453 1756 καὶ
1485 1704 1744 1772 δεομένην

195 1792 415 1845 οἰκείων
435 1792 528 1844 καὶ
555 1790 815 1860 συμφυῶν
845 1789 1158 1856 ἀναγωγῶν.
1189 1791 1250 1841 Εἰ
1279 1791 1450 1841 τοίνυν
1472 1791 1571 1857 τῆς
1591 1791 1743 1859 ἡμῶν

1841 640 2078 706 piscibus
2102 640 2268 692 maris
2298 648 2353 693 et
2377 639 2680 694 volatilibus
2704 640 2825 694 ειειί
2855 641 3187 694 etuniversa:
3206 648 3381 702 terrai,

1838 735 1890 779 et
1919 728 2168 794 subjicite
2195 742 2333 782 eam.
2379 747 2397 777 ι

1906 815 1996 867 21.
2030 816 2291 879 Quartum
2319 815 2567 884 imaginis
2618 830 2786 882 genus
2819 823 2901 868 est
2947 816 3057 882 ipsa
3095 815 3380 882 scriptura,

1829 919 1958 970 qua:
1990 904 2186 970 tiguras
2226 903 2517 970 eLl'ormas
2547 911 2599 955 et
2643 902 2884 970 exempla
2920 917 3097 954 rerum
3140 900 3383 955 invisibi-

1842 992 1968 1043 linm
1997 999 2050 1045 et
2075 991 2514 1059 incorporearum
2535 1006 2799 1060 corporeo
2822 992 2978 1043 modo
3001 1006 3378 1057 expressarum

1842 1080 1993 1148 ﬁngit
2019 1088 2070 1133 et
2092 1079 2361 1143 eﬂormat,
2399 1088 2456 1134 ut
2494 1081 2779 1133 obscuram
2831 1080 3018 1133 saltem
3046 1079 3135 1130 Dei
3165 1081 3381 1145 angelo-

1841 1184 2071 1248 rumqye
2122 1170 2368 1222 nctitiam
2422 1170 2784 1239 pereipiamus
2812 1183 2823 1217 :
2857 1183 2920 1220 eo
2950 1167 3091 1235 quod
3120 1168 3236 1220 sine
3263 1184 3382 1236 spe-

1841 1259 2023 1311 ciebus
2052 1258 2352 1310 conditioni
2399 1266 2598 1312 nostra:
2628 1257 3049 1326 congruentibus
3077 1270 3162 1307 res
3196 1270 3384 1323 corpo-

1842 1358 1962 1395 reas
1994 1343 2194 1395 intueri
2225 1345 2539 1412 neutiquam
2585 1346 2894 1410 possimus;
2931 1343 3379 1409 quemadmodum

1845 1432 2130 1500 Dionysius
2169 1430 2488 1500 Areopagita
2550 1435 2858 1486 divinarum
2887 1446 3062 1483 rerum
3115 1434 3380 1498 peritissi-

1843 1535 1963 1574 mus
2008 1519 2243 1574 docet".
2278 1521 2431 1586 Quod
2492 1523 2639 1576 enim
2674 1523 2862 1575 formae
2904 1530 2956 1575 et
2985 1521 3168 1587 ﬁgurae
3200 1537 3376 1573 rerum

1844 1609 2013 1662 forma
2059 1622 2111 1665 et
2137 1615 2302 1682 ﬁgura
2335 1614 2636 1665 carentium
2668 1614 2928 1665 consulto
2964 1611 3169 1662 fuerint
3197 1613 3374 1672 edita‘,

1844 1699 1982 1752 hanc
2005 1717 2162 1755 unam
2191 1703 2315 1771 quis
2348 1703 2706 1770 assignaverit
2738 1717 2995 1765 causam;
3040 1715 3095 1756 ut
3125 1704 3379 1755 nimirum

1844 1790 2172 1844 conditionis
2223 1800 2426 1844 nostra:
2477 1791 2612 1843 ratio
2659 1791 2951 1844 haberetur
2987 1810 2997 1843 :
3034 1795 3228 1861 quippe
3259 1808 3378 1844 cum

200 1883 445 1952 προνοῶν
471 1881 759 1947 ἀναλογίας
787 1881 814 1930 6
849 1880 986 1941 θεῖος
1018 1881 1199 1946 λόγος,
1242 1879 1500 1932 πάντοθεν
1527 1880 1586 1930 τὺ
1613 1881 1734 1932 ἀνα-

1775 1879 1818 1937 Β
1847 1881 1962 1934 sine
1991 1882 2168 1935 medio
2201 1883 2433 1950 quodam
2477 1883 2540 1935 ad
2576 1897 2756 1935 rerum
2800 1883 3222 1950 intelligibilium
3252 1893 3380 1935 con-‘

194 1968 414 2025 τατικδν
435 1973 565 2042 ἡμῖν
586 1971 954 2042 ποριζόμενος,
989 1970 1081 2021 καὶ
1107 1971 1215 2031 τοῖς
1237 1969 1423 2031 ἁπλοῖς
1450 1970 1543 2021 καὶ
1570 1970 1739 2038 ἀμορ-

197 2059 398 2128 φὼτοις
432 2059 633 2120 τύπους
680 2056 827 2118 τινὰς
864 2055 1182 2125 περιτίθησι,
1214 2054 1330 2116 πῶς
1379 2055 1451 2124 μὴ
1491 2055 1737 2118 εἰκονίζει

195 2148 270 2201 τά
295 2150 531 2218 σχήμασι
569 2145 972 2218 μεμορφωμένα
1006 2143 1143 2197 κατά
1184 2144 1283 2212 τὴν
1325 2145 1528 2204 οἰκείαν
1556 2143 1734 2210 φύσιν,

197 2237 296 2303 καὶ
327 2236 631 2306 ποθούμενα
662 2235 777 2304 μὲν,
817 2233 903 2286 διὰ
935 2233 988 2289 δὲ
1014 2233 1072 2286 τὺ
1101 2233 1173 2303 μὴ
1202 2236 1467 2301 παρεῖναι,
1516 2231 1738 2302 ὁρᾶσθαι

93 2328 98 2333 ’
200 2327 278 2398 μὴ
304 2327 607 2395 δυνάμενα;
639 2326 773 2396 Φησὶ
821 2324 948 2390 γοῦν
991 2325 1019 2376 ό
1066 2324 1380 2393 θεορρήμων
1426 2323 1736 2392 Γρηγόριος,

195 2415 282 2470 ὅτι
323 2414 493 2467 πολλὰ
535 2414 755 2484 κάμνων
802 2414 829 2464 6
867 2411 988 2475 νοῦς
1034 2413 1255 2480 ἐκϐῆναι
1301 2413 1367 2463 τὰ
1420 2411 1737 2480 σωματικὰ,

197 2504 377 2574 πάντη
407 2504 686 2558 ἁδυνατεῖο
715 2521 736 2553 ι
777 2502 932 2554 Ἀλλὰ
949 2503 1036 2554 καὶ
1058 2502 1121 2554 τὰ
1142 2502 1344 2570 ἀόρατα
1370 2501 1460 2552 τοῦ
1477 2500 1609 2553 Θεοῦ
1635 2500 1739 2552 ἀπὸ

199 2590 563 2657 κτίσεωςτοῦ
618 2593 840 2662 κόσμου,
875 2597 980 2654 τοῖς
1032 2594 1290 2658 ποιήμασι
1318 2591 1576 2658 νοούμενα
1608 2591 1740 2642 καθ-

196 2685 410 2755 ορᾶται.
446 2702 462 2734 ι
489 2682 732 2752 Ὀρῶμεν
766 2682 822 2732 δὲ
849 2681 944 2749 ,καὶ
973 2683 1029 2733 ὲν
1055 2682 1164 2742 τοῖς
1189 2676 1476 2748 ’κτίσμασιν
1509 2681 1739 2743 εἰκόνας,

201 2773 507 2841 μηνυούσας
553 2774 683 2841 ἡμῖν
721 2771 973 2840 ἀμυδρῶς
1003 2770 1098 2830 τὰς
1145 2771 1292 2831 θείας
1337 2772 1622 2839 ἐμφάσειςο
1668 2771 1741 2831 ὡς

197 2861 288 2915 ὅτε
323 2861 551 2930 λέγομεν
600 2862 696 2929 τὴν
729 2860 888 2926 ἁγίαν
934 2858 1135 2926 Τριάδα
1164 2859 1259 2928 τὴν
1289 2858 1630 2927 ὑπεράρχιον,
1666 2860 1738 2910 εί-

202 2951 508 3015 κονίζεσθαι
555 2951 624 3004 δι’
656 2949 807 3018 ἡλίου
838 2950 929 3001 καὶ
959 2948 1130 3017 φωτὸς
1161 2949 1255 3003 καὶ
1289 2949 1498 3011 ἀκτῖνος
1520 2964 1531 2974 ·
1570 2949 1600 3018 ἢ
1635 2968 1740 3016 πηο

200 3042 306 3111 γῆς
349 3041 767 3110 άνασλυζούσης,
800 3039 892 3092 καὶ
939 3037 1310 3107 πηγαζομένου
1353 3039 1607 3105 νάματος,
1651 3041 1742 3092 καὶ

201 3132 477 3202 προχοῇς·
524 3131 558 3200 ἢ
597 3130 689 3183 νοῦ
718 3128 812 3183 καὶ
840 3128 995 3195 λόγου
1038 3129 1129 3180 καὶ
1160 3127 1460 3199 πνεύματος
1490 3127 1581 3179 τοῦ
1613 3131 1742 3181 καθ’

204 3225 349 3295 ἡμᾶς
369 3241 382 3254 ·
415 3224 448 3299 ἢ
478 3223 628 3293 ῥόδου
658 3220 842 3290 φυτοῦ,
870 3221 962 3272 καὶ
989 3218 1200 3279 ἄνθους,
1237 3217 1326 3271 καὶ
1359 3219 1606 3282 εὐωδίας.

1840 1968 2224 2023 siderationem
2277 1985 2438 2023 nemo
2465 1970 2640 2039 possit
2669 1985 2991 2038 assurgere;
3028 1987 3088 2025 ac
3147 1974 3380 2039 propriis

1837 2055 2048 2124 sibique
2074 2071 2101 2107 a
2134 2064 2324 2109 natura
2378 2057 2648 2111 concessis
2686 2059 2924 2119 auxiliis,
2967 2060 3166 2125 quibus
3225 2058 3380 2111 attol-

1839 2145 2006 2208 latur,
2039 2146 2295 2215 indigeat.
2327 2145 2483 2210 Quod
2505 2147 2549 2200 si
2576 2147 2735 2215 igitur
2763 2146 3046 2215 Scriptura
3074 2163 3169 2214 pro
3193 2157 3380 2200 nostro

1837 2246 2018 2305 captu,
2047 2237 2406 2306 undequaque
2431 2253 2492 2291 ea
2524 2238 2780 2307 suggerit,
2811 2253 2930 2306 qua:
2970 2253 3068 2291 nos
3097 2239 3381 2292 sublimius

1837 2328 2157 2396 provehant,
2192 2336 2355 2397 atque
2388 2328 2456 2381 iis
2491 2343 2609 2395 qua:
2654 2329 2923 2396 simplicia
2972 2337 3118 2391 sunt,
3153 2328 3383 2382 nullius-

1838 2433 1944 2486 que
1972 2417 2154 2472 formae
2185 2419 2425 2486 capacia,
2459 2417 2662 2484 formas
2697 2417 2954 2485 quasdam
2979 2419 3384 2480 accommOdat;

1838 2503 1936 2560 cur
1965 2521 2063 2560 nec
2089 2507 2177 2560 illa
2209 2522 2426 2576 quoque
2463 2522 2556 2572 per
2607 2506 2877 2574 imagines
2905 2508 3198 2574 exprimat,
3263 2522 3383 2573 quzc

1840 2605 2034 2664 suapte
2096 2605 2290 2649 natura
2349 2597 2532 2663 ﬁguris
2593 2605 2719 2646 sunt
2781 2594 3070 2647 informata
3109 2608 3381 2662 ;quorum

1839 2684 2056 2754 quidem
2088 2685 2341 2737 ardemus
2368 2682 2655 2744 desiderio,
2690 2683 2785 2736 sed
2810 2698 2929 2751 qua:
2956 2683 3127 2736 videri
3165 2691 3382 2750 pr0pter

1839 2774 2141 2828 absentiam
2185 2789 2288 2827 non
2325 2773 2588 2840 possunt?
2625 2773 2769 2824 istuc
2816 2781 3059 2840 spectant
3105 2775 3215 2826 lucc
3249 2773 3378 2827 Gre-

1841 2864 1976 2932 gorii
2004 2863 2263 2934 Theologi
2298 2865 2463 2918 verba
2487 2865 2528 2894 ⁶⁹
2564 2881 2576 2915 ;
2609 2863 2966 2927 Quantumvis
2997 2864 3202 2916 laboret
3231 2878 3385 2917 mens

1840 2961 2047 3016 nostra,
2085 2969 2172 3008 res
2200 2969 2492 3022 eorporeas
2517 2954 2796 3007 transilire
2827 2968 3166 3021 nequaquam
3204 2954 3343 3005 valet
3371 2970 3384 3005 :

1841 3045 1932 3097 sed
1975 3063 1992 3094 ι
2018 3045 2313 3099 invisibilia
2371 3045 2460 3098 Dei
2497 3060 2587 3112 per
2621 3060 2682 3097 ea
2711 3058 2827 3113 qua:
2884 3043 3022 3096 facta
3053 3050 3199 3105 sunt,
3233 3042 3389 3096 intel-

1841 3135 1982 3189 lecta
2007 3135 2502 3202 conspiciuntur".
2541 3153 2558 3184 ι
2597 3131 2883 3185 Cernimus
2924 3138 3102 3184 autem
3138 3133 3190 3184 in
3226 3131 3390 3185 rebus

1775 3213 1815 3269 C
1849 3220 2050 3275 creatis
2123 3221 2418 3289 imagines,
2471 3233 2592 3286 quae
2646 3218 2856 3270 divinas
2919 3216 3388 3269 manifestationes

204 3307 538 3378 subobscure
580 3311 738 3367 nobis
783 3309 1060 3384 indicant,
1104 3308 1176 3361 uti
1215 3324 1336 3362 cum
1375 3309 1626 3374 dicimus,
1668 3316 1911 3363 sanctam
1955 3319 2006 3364 et
2046 3309 2192 3363 omni
2242 3308 2563 3362 anteriorem
2605 3307 2871 3374 principio
2920 3304 3256 3367 Trinitatem,
3299 3321 3391 3373 pt'r

205 3407 396 3470 solem,
450 3411 506 3459 et
547 3403 747 3465 lucem,
786 3407 838 3455 et
867 3397 1076 3452 radium
1139 3399 1448 3468 designari;
1499 3409 1593 3453 aut
1659 3416 1754 3469 per
1789 3400 2011 3462 fontem,
2056 3409 2108 3452 et
2151 3400 2324 3451 rivum
2375 3415 2405 3453 e
2459 3400 2606 3452 fonte
2659 3406 2989 3455 manantem,
3057 3404 3108 3449 et
3159 3395 3386 3460 ﬂuenta;

207 3509 302 3560 aut
322 3514 416 3568 per
438 3505 693 3562 mentem,
722 3503 775 3549 et
801 3493 1165 3558 rationem,'et
1191 3494 1439 3562 spiritum
1471 3505 1755 3558 nostrum;
1798 3503 1888 3546 aut
1919 3509 2012 3562 per
2043 3507 2179 3547 rosa
2211 3494 2473 3561 plantam,
2512 3500 2566 3544 et
2594 3487 2800 3546 ﬂorem.
2834 3497 2886 3539 et
2919 3487 3155 3539 odorem.

277 3587 379 3657 κβ’.
419 3585 668 3654 Πέμπτος
702 3583 898 3654 τρόπος
942 3583 1144 3646 εἰκόνος
1191 3583 1419 3651 λέγεται,
1449 3585 1476 3636 6
1503 3600 1750 3652 προεικο-

206 3676 368 3757 νίζων
398 3677 490 3728 καὶ
535 3673 951 3747 προδιαγράφων
990 3674 1057 3726 τὰ
1092 3673 1366 3742 μέλλοντα,
1402 3674 1476 3737 ὡς
1521 3677 1551 3742 ἡ
1596 3673 1754 3742 βάτος

208 3768 305 3821 καὶ
325 3769 354 3820 6
387 3765 479 3818 ἐπὶ
526 3765 688 3817 πόκον
720 3765 891 3829 ὑετὸς,
917 3765 1013 3834 τὴν
1054 3763 1320 3835 Παρθένον
1350 3765 1438 3817 καὶ
1464 3764 1749 3828 Θεοτόκον,

1913 3581 2001 3633 22.
2043 3582 2300 3646 Quintum
2333 3595 2504 3650 genus
2529 3579 2820 3646 imaginum
2858 3576 2988 3636 illud
3029 3576 3254 3640 dicitur,
3284 3591 3392 3645 quo

1848 3670 2030 3724 futura
2089 3671 2464 3741 praeiuduntur
2504 3677 2556 3722 et
2605 3670 3043 3736 pmsignantur;
3093 3667 3392 3733 cuiusmodi

1844 3758 1944 3812 fuit
1963 3761 2129 3813 rubus
2150 3761 2221 3820 ",
2252 3757 2547 3828 pluviaque
2579 3756 2631 3808 in
2650 3755 2815 3807 vellus
2835 3753 3089 3808 decidens
3112 3756 3176 3817 ⁷⁸,
3199 3756 3393 3822 quibus

210 3859 306 3913 καὶ
325 3861 359 3931 ἡ
389 3858 600 3930 ῥάϐδος,
624 3859 718 3912 καὶ
757 3859 790 3926 ἠ
833 3858 1091 3928 στάμνοςο
1123 3858 1213 3911 καὶ
1239 3857 1311 3919 ὠς
1342 3859 1368 3909 6
1395 3856 1514 3925 όςρις
1540 3856 1663 3918 τοὺς
1690 3856 1736 3908 τί

1855 3851 2020 3919 Virgo
2052 3858 2105 3904 et
2141 3850 2369 3920 Deipara
2394 3845 2951 3917 praemonstrabatur;
2979 3845 3211 3912 itemque
3248 3845 3393 3912 virga

207 3951 392 4019 δῆγμα
434 3948 520 4000 διὰ
550 3939 783 4017 σταυροῦ
818 3949 1254 4018 καταργήσαντας
1284 3946 1295 3982 ι
1325 3945 1415 3998 τοῦ
1446 3946 1736 4015 ἀρχεκάκοι

1853 3949 1905 3992 et
1938 3957 2096 3994 urna.
2123 3939 2213 3994 Sic
2247 3954 2476 4007 serpens
2502 3952 2690 3992 aeneus
2722 3952 2846 3991 eum
2879 3936 3004 3988 olim
3042 3936 3392 4003 ﬁgurabat",

208 4014 385 4110 όςρεως
403 4058 416 4072 ·
451 4041 487 4111 ἦ
510 4057 568 4094 τε
591 4014 848 4102 θάλασσα,
878 4039 936 4092 τὸ
961 4014 1124 4109 ύδωρ,
1153 4039 1244 4092 καὶ
1273 4040 1302 4109 ἡ
1329 4014 1544 4106 νεφέλη,
1563 4039 1622 4090 τὸ
1656 4036 1736 4091 rei

1855 4027 1945 4095 qui
1978 4025 2251 4093 serpentis
2307 4014 2571 4077 malurum
2619 4023 2859 4074 aucto’ris
2913 4036 3151 4073 morsum
3214 4033 3394 4087 postea

211 4109 585 4200 βαπτίσματος
610 4129 851 4200 Πνεῦμα.

1857 4116 2091 4168 sanavit.
2131 4109 2223 4166 Sic
2283 4112 2500 4165 demum
2547 4125 2728 4173 mare,
2794 4109 3047 4177 baptismi
3098 4124 3290 4178 aquam
3344 4118 3396 4163 et

642 4279 646 4282 ﬁ
1858 4204 2032 4258 nubes
2055 4204 2102 4234 ⁷⁸
2127 4203 2371 4272 ejusdem
2400 4201 2663 4270 Spiritum
2700 4200 3121 4268 praesignabant.

282 4304 384 4374 κγ’.
415 4306 611 4367 Ἕκτος
660 4305 856 4375 τρόπος
888 4304 1108 4370 είκόνος,
1140 4309 1172 4376 ἡ
1224 4306 1356 4377 πρὸς
1403 4308 1619 4377 μνήμην
1646 4305 1736 4358 τῶι

1926 4292 2016 4348 εδ.
2049 4292 2269 4348 Sextum
2300 4309 2476 4362 genus
2502 4291 2798 4360 imaginum
2835 4291 2964 4343 illud
3010 4300 3114 4352 est,
3169 4290 3311 4368 quod
3342 4293 3394 4344 in

211 4394 590 4464 γεγονότων,ἢ
639 4392 994 4463 θαύματος,ἢ
1044 4395 1256 4464 ἀρετῆς,
1289 4393 1421 4465 πρὸς
1463 4382 1617 4458 δόξαν
1663 4394 1736 4447 κα⁴

1857 4386 1936 4440 rei
1967 4396 2135 4455 gestae
2156 4384 2475 4438 memoriam
2505 4386 2864 4436 constitutum
2897 4391 2998 4441 est,
3033 4384 3148 4435 sive
3182 4383 3268 4434 illa
3301 4384 3397 4435 mi-

212 4466 378 4556 τίμὴν
406 4484 498 4537 καὶ
523 4483 917 4551 στηλογραςρίαν
945 4483 1049 4536 τῶν
1077 4485 1521 4552 ἀριπευσάντων,
1565 4485 1655 4537 καὶ
1697 4486 1736 4536 ὲι

1859 4476 2104 4530 raculum
2139 4475 2436 4544 quoddam,
2463 4474 2582 4527 sive
2615 4474 2778 4526 etiam
2826 4473 3137 4540 prmclarum
3191 4472 3400 4527 facinus

212 4577 381 4646 ἀρετῇ
413 4559 911 4643 διαπρεψάντων,’ἢ
943 4567 1155 4639 κακίας,
1189 4573 1322 4642 πρὸς
1356 4573 1619 4642 θρίαμϐον
1662 4573 1736 4625 κα

1787 4593 1827 4646 D
1857 4565 2020 4620 luerit
2051 4585 2069 4632 -,
2099 4565 2165 4619 ad
2187 4563 2418 4633 gloriam
2453 4564 2734 4626 nimirum,
2787 4573 2841 4615 et
2880 4565 3162 4626 honorem,
3194 4573 3246 4615 et
3281 4578 3394 4614 mo-

212 4662 472 4732 αἰσχύνην
504 4661 611 4714 τῶν
658 4662 928 4713 κακίστων
957 4661 1182 4732 ἀνδρῶν,
1216 4657 1348 4738 πρὸς
1373 4662 1470 4731 τὴν
1500 4663 1575 4723 εἰς
1603 4661 1736 4713 ὕστε·

1855 4667 2175 4710 numentum
2207 4656 2461 4725 illorum,
2498 4653 2588 4721 qui
2631 4663 2740 4706 tum
2797 4651 2962 4704 animi
3010 4652 3395 4719 magnitudine,

216 4740 456 4824 ροντῶν
501 4751 782 4820 θεωμένων
823 4752 1118 4820 ὠφέλειαν·
1152 4753 1226 4815 ὡς
1251 4735 1332 4806 'av
1373 4753 1438 4805 τὰ
1474 4754 1569 4822 μὲν
1606 4753 1736 4805 οιακέ

1858 4755 1967 4798 tum
2014 4744 2067 4797 in
2114 4744 2409 4798 Virtutibus
2458 4735 2772 4796 excolendis
2825 4742 3235 4809 przccclluerunt
3269 4759 3280 4793 :
3318 4743 3399 4794 vel

214 4842 497 4910 φύγωμεν,
519 4840 617 4903 τὰς
646 4839 700 4890 δὲ
729 4838 926 4908 ἀρετὰς
954 4839 1297 4911 ζηλώσωμεν.
1326 4843 1490 4912 Διπλῆ
1517 4842 1572 4892 δὲ
1597 4841 1732 4910 αὕτη

1857 4841 2003 4904 quod
2041 4834 2307 4889 adversus
2335 4833 2658 4900 nequitiam,
2690 4833 2863 4885 instar
2890 4833 3173 4900 triumphi,
3210 4834 3262 4883 in
3303 4833 3400 4883 im-

175 4923 183 4928 ’
214 4930 308 4993 διά
340 4947 399 4985 τε
437 4930 597 4998 λόγου
646 4924 994 4998 ταῖςβίϐλοις
1026 4931 1426 5002 ἐγγραφομένου
1449 4947 1461 4959 ·
1507 4931 1733 4993 εἰκονίζε

1860 4926 2152 4996 proborum
2193 4924 2475 4979 hominum
2527 4924 2902 4993 ignominiam,
2938 4931 2988 4974 et
3036 4921 3099 4974 ad
3150 4930 3398 4988 postero-

206 5045 239 5092 γ
255 5023 327 5093 ἀρ
353 5022 414 5074 τὸ
439 5020 671 5091 γράμμα
698 5010 786 5073 τὸν
824 5021 996 5090 λόγον,
1029 5024 1100 5084 ὡς
1127 5027 1152 5074 6
1183 5023 1313 5085 Θεὸς
1345 5024 1433 5075 τὸν
1463 5025 1622 5092 νόμον
1643 5025 1736 5074 ταῖι

1862 5006 1980 5070 rum
2014 5014 2302 5069 utilitatem
2323 5007 2676 5084 spectandum
2702 5015 3022 5084 proponitur
3047 5031 3061 5078 ;
3086 5028 3191 5080 quo
3212 5027 3401 5076 nempe

207 5109 413 5176 πλαξὶν
456 5107 765 5176 ἐνεκόλαψε,
796 5119 887 5172 και
928 5112 1051 5172 τοὺς
1098 5110 1202 5162 τῶν
1251 5107 1506 5177 θεοφιλῶν
1555 5107 1736 5178 ἀνδρῶ·

1863 5111 1977 5161 tum
2031 5105 2496 5174 vitia'l'ugiamus,
2539 5114 2649 5159 tum
2709 5105 2937 5158 virtutes
2991 5117 3398 5172 persequamur.

209 5200 371 5266 βίους
429 5187 808 5267 άναγράπτους
850 5195 1098 5267 γενέσθαι
1155 5197 1480 5267 προσέταξε·
1531 5198 1623 5249 καὶ
1674 5197 1736 5248 διέ

1863 5196 2010 5251 Istud
2053 5211 2213 5267 porro
2260 5196 2457 5266 duplex
2494 5205 2596 5252 est.
2631 5206 2732 5250 Aut
2768 5195 2910 5250 enim
2959 5211 3050 5262 per
3100 5207 3398 5247 sermonem

208 5287 454 5355 θεωρίας
482 5287 760 5358 αἰσθητῆς,
793 5288 865 5350 ὡς
904 5287 999 5359 τὴν
1024 5289 1272 5358 στάμνον,
1306 5299 1396 5340 και
1428 5284 1539 5358 τὴν
1575 5286 1733 5357 ρἀδο

1868 5283 1923 5343 in
1944 5289 2096 5344 libris
2120 5290 2482 5358 conscriptum
2506 5282 2792 5344 exhibetur
2813 5285 3103 5355 (scriptura
3131 5283 3398 5353 siquidem

295 5464 340 5496 ⁸⁸
374 5465 444 5520 De
479 5468 667 5520 diuinis
690 5483 828 5519 nam.
869 5481 984 5533 cap.
1024 5467 1069 5518 1.
1162 5470 1204 5498 ⁸⁸
1234 5476 1366 5520 orat.
1407 5469 1491 5520 54.

226 5551 337 5597 xxi,
363 5537 415 5589 9.
487 5537 534 5568 "
571 5537 738 5589 Exod.
779 5538 996 5601 xtv,20.

1580 5468 1622 5497 ⁷⁸
1658 5468 1808 5520 Rom.
1845 5483 1881 5531 ι,
1911 5468 1996 5519 20.
2070 5469 2107 5498 "‘
2140 5467 2304 5522 Exod.
2351 5483 2430 5529 Ill,
2463 5467 2515 5518 2.
2603 5468 2644 5496 τ’
2682 5464 2858 5517 Judic.
2893 5479 2961 5527 vt,
3005 5461 3092 5516 40.
3174 5458 3395 5514 "Num.

1495 5643 1716 5700 VARUE
1748 5642 2135 5700 LECTIONES.

302 5741 329 5780 ιι
362 5737 636 5807 Superﬂua
667 5738 896 5808 negatio.
980 5738 994 5775 ι
1032 5737 1246 5792 Emend.
1298 5741 1388 5793 τὸν
1436 5741 1867 5809 καταργήσαντα,
1909 5745 1964 5791 ut
1998 5737 2047 5789 in
2090 5744 2224 5788 orat.
2274 5737 2291 5788 l
2328 5753 2341 5801 ;
2384 5747 2503 5787 nam
2540 5731 2806 5786 Christum
2833 5731 3022 5783 innuit.
