4172 6490
202 417 339 483 1345
726 456 729 459 -
1251 418 1347 477 DE
1382 419 1848 480 IMAGINIBUS

1824 420 1848 479 ς
1887 420 2167 483 ORATIO
2208 422 2319 481 III.
3306 418 3471 509 1346,

199 524 389 593 ἀγνοίᾳ
421 516 570 592 ὦμεν
600 520 759 584 Θεοῦ,
790 522 884 575 καὶ
931 522 1038 574 τῶν
1092 523 1395 593 ἀσωμάτων
1438 526 1773 596 κτισμάτων.
1807 534 1846 585 Α

1807 534 1849 585 Α
1881 541 2007 603 netu
2039 532 2327 595 perducat,
2360 542 2427 582 ne
2454 527 2509 582 in
2542 526 2854 582 omnimoda
2879 540 3106 597 prorsus
3149 525 3240 582 Dei
3290 543 3439 583 crea-

210 616 266 667 Ὀ
316 614 415 683 μὲν
458 613 567 683 γὰρ
611 613 741 675 Θεὸς
778 613 938 681 φύσει
985 614 1080 666 κοιλ⁸
1123 615 1401 678 παντελῶς
1448 616 1769 685 ἀσώματος*

1882 626 2242 684 turarumque
2281 617 2730 686 incorporearum
2787 617 3135 687 ignoratione
3197 631 3446 687 versare-

197 706 425 773 ἄγγελος
469 703 546 769 δὲ,
574 702 865 774 καὶψυχὴ,
900 705 996 756 καὶ
1043 703 1273 774 δαίμων,
1312 706 1447 775 πρὸς
1498 706 1593 775 μὲν
1640 706 1769 758 Θεὸν

1883 722 2024 761 mur.
2087 705 2230 762 Deus
2277 708 2547 776 siquidem
2617 686 2825 778 suapte?
2877 706 3095 771 natura,
3157 686 3446 777 modisque

200 795 630 866 συγκρινόμενοι,
664 794 753 847 τὸν
786 794 946 864 μόνον
984 797 1336 866 ἀσύγκριτον,
1371 795 1599 865 σώματά
1625 800 1729 848 εἱσι
1756 812 1768 825 ’

1881 799 2141 853 omnibus
2175 800 2539 869 incorporeus
2563 807 2647 864 est
2673 818 2685 852 :
2712 801 2942 869 angelus
2966 814 3119 862 vero,
3152 809 3207 854 et
3239 800 3445 860 anima,

198 888 332 956 πρὸς
359 885 414 938 δὲ
451 886 518 937 τὰ
548 885 709 938 ὑλικά
740 885 986 954 σώματα,
1022 886 1324 956 ἀσώματοι.
1362 887 1453 956 Μὴ
1492 888 1658 939 Οέλων
1686 883 1775 939 οῦν

1875 890 2410 955 etdaemon,sicum
2458 891 2590 959 Deo,
2646 891 2738 960 qui
2784 893 2936 947 solus
2987 892 3446 960 incomparabilts

196 962 327 1039 Θὲὸς
370 977 645 1039 παντελῶς
673 980 892 1045 ἀγνοεῖν
921 978 1068 1048 ἡμᾶς
1099 978 1167 1030 τὰ
1194 975 1482 1047 ἀσώματα,
1520 976 1775 1048 περιέθη-

1877 991 1981 1046 est,
2014 992 2437 1051 componantur,
2469 983 2800 1053 corporibus
2829 983 3108 1038 aceenseri
3155 994 3393 1052 possunt
3424 1002 3438 1038 :

196 1088 295 1122 κεν
326 1070 504 1133 αὐτοῖς
536 1070 758 1136 τύπους,
793 1071 887 1123 καὶ
926 1073 1200 1142 σχήματα,
1234 1070 1327 1124 κοιλ⁵
1370 1060 1586 1132 εἰκόνας
1635 1070 1777 1123 κατὰ

1880 1075 1967 1128 sin
2003 1083 2182 1128 autem
2211 1089 2336 1127 cum
2372 1075 2721 1144 corporibus,
2772 1090 2862 1129 res
2911 1083 3043 1128 sunt
3093 1076 3445 1143 incorporeas.

195 1163 297 1229 τὴν
328 1162 616 1230 ἀναλογίαν
648 1164 747 1234 τῆς
778 1163 991 1231 φύσεως
1030 1162 1211 1232 ἡμῶν,
1249 1164 1502 1233 σχήματα
1534 1178 1776 1232 σωματι-

1875 1164 2014 1225 Cum
2040 1165 2224 1234 itaque
2285 1164 2428 1220 Deus
2452 1181 2515 1220 ea
2542 1167 2918 1235 nosignorare
2954 1164 3114 1236 357
3184 1167 3445 1230 noluerit,

198 1254 313 1306 κάη
342 1256 397 1305 ὲν
426 1255 574 1324 ἀΰλῳ
607 1255 795 1325 ὁράσει
825 1255 945 1317 νοὸς
990 1254 1244 1323 ὁρώμενα
1264 1270 1282 1286 ·
1315 1254 1405 1307 καὶ
1436 1253 1611 1305 ταῦτα
1646 1269 1776 1322 σχη-

1880 1268 2004 1323 quae
2036 1268 2304 1324 corporea
2334 1270 2445 1308 non
2479 1264 2632 1320 sunt,
2662 1265 2872 1309 natura:
2900 1256 3086 1309 habita
3114 1256 3331 1310 ratione
3362 1271 3453 1309 ea-

201 1345 499 1414 ματίζομεν
546 1347 639 1397 καὶ
670 1345 1030 1415 εἰκονίζομεν.
1049 1346 1222 1407 Ἐπεὶ,
1254 1343 1370 1409 πῶς
1397 1343 1776 1414 ὲσχηματίσθη

1882 1345 2006 1400 dem
2040 1345 2257 1412 forn‘iis,
2320 1356 2375 1400 et
2416 1346 2632 1417 ﬁguris,
2677 1362 2894 1401 necnon
2959 1348 3287 1417 imaginibus
3345 1346 3454 1402 cir-

199 1434 297 1487 zai
325 1436 596 1505 εἰκονίσθη
624 1438 692 1489 τὰ
717 1436 1030 1505 Χερουδίμ;
1073 1434 1207 1488 ἀλλά
1230 1437 1326 1488 καὶ
1354 1435 1490 1488 Θεοῦ
1519 1436 1776 1506 σχήματα

1881 1438 2274 1502 cumvestivit;
2346 1438 2558 1507 ﬁguris,
2595 1438 2843 1507 inquam,
2896 1439 3199 1509 corporeis,
3252 1439 3452 1506 quibus

200 1526 297 1577 καὶ
331 1527 545 1589 εἰκόνας
572 1530 605 1596 ἡ
638 1527 829 1598 Γραφὴ
869 1528 1001 1596 ἔχει.

1883 1540 1946 1580 ea
1977 1528 2142 1581 oculo
2182 1528 2382 1581 mentis
2422 1542 2451 1581 a
2484 1530 2713 1582 materia
2753 1539 2965 1584 remoto
3008 1530 3449 1585 considerantur.

200 1619 328 1673 Haec
359 1635 524 1688 porro
589 1629 720 1675 sunt
783 1636 904 1691 qua
947 1620 1140 1690 ﬁguris
1188 1616 1240 1675 et
1285 1621 1617 1689 imaginibus
1686 1620 2092 1675 adumbramus.
2164 1620 2452 1687 Quomodo
2509 1623 2656 1675 enim
2701 1620 2996 1675 Cherubim
3043 1620 3221 1691 etlingi
3261 1621 3455 1692 imagi-

199 1713 368 1767 nibus
395 1722 448 1767 et
477 1714 708 1782 exprimi
740 1728 982 1782 unquam
1008 1715 1357 1783 potuissent?
1380 1714 1639 1779 Quinimo
1656 1712 1751 1768 Dei
1792 1712 1994 1784 ﬁguras
2025 1722 2079 1768 et
2112 1715 2379 1782 imagines
2408 1713 2694 1782 Scriptura
2729 1713 2999 1767 continet.

518 1805 613 1867 Τίς
651 1805 882 1871 πρῶτος
913 1806 1208 1871 ἐποίησεν
1234 1807 1460 1859 εἰκόνα.
2113 1805 2165 1857 5u

2113 1805 2170 1857 5u
2204 1805 2461 1869 Quisnam
2487 1805 2689 1871 primus
2715 1805 2968 1873 imagines
2998 1805 3200 1872 fecerit.

274 1900 388 1957 σις’.
428 1893 599 1956 Αὐτὸς
624 1895 654 1946 ό
684 1894 818 1957 Θεὸς
851 1894 1067 1965 πρῶτος
1095 1895 1353 1963 ἐγέννησε
1386 1894 1477 1946 τὸν
1510 1896 1771 1964 μονογενῆ

1950 1895 2040 1951 26.
2086 1895 2229 1952 Deus
2288 1882 2407 1967 ipse
2460 1897 2674 1965 primus
2731 1896 3071 1965 unigenitum
3125 1896 3343 1962 Filium,
3402 1907 3454 1951 et

200 1986 334 2038 Υἱὸν
384 1986 480 2038 ita).
524 1985 697 2051 Λόγον
734 1986 925 2051 αὑτοῦ,
960 1987 1142 2039 εἰκόνα
1178 1986 1343 2038 αὐτοῦ
1376 1985 1579 2049 ζῶσαν,
1619 2002 1776 2054 φυσιν
1813 2016 1847 2074 Β

1813 2016 1852 2074 Β
1881 1987 2116 2044 Verbum
2150 2004 2309 2043 suum
2343 1989 2551 2057 genuit,
2582 1989 2758 2043 vivam
2812 1989 2895 2043 sui
2943 1990 3254 2060 imaginem,
3305 2000 3456 2044 natu-

201 2079 330 2146 κὴν,
360 2077 776 2145 ἀπαράλλακτον
799 2082 1123 2152 χαρακτῆρα
1151 2079 1251 2148 τῆς
1268 2078 1437 2130 ἀὑτοῦ
1459 2078 1775 2147 mamma;-

1885 2081 2074 2146 ralem,
2108 2080 2252 2135 nulla
2279 2096 2341 2135 ex
2367 2088 2523 2150 parte
2560 2080 2960 2150 discrepantem
2990 2082 3314 2138 aeternitatis
3343 2098 3456 2138 suae

204 2167 428 2236 ἐποίησέ
489 2185 548 2220 τε
588 2168 679 2221 τὸν
722 2168 1009 2238 ἄνθρωπον
1055 2170 1174 2221 κατ’
1206 2169 1389 2220 εἰκόνα
1429 2167 1593 2220 αὑτοῦ
1628 2175 1652 2202 °
1690 2168 1781 2219 καὶ

1886 2170 2275 2225 characterem.
2308 2169 2535 2241 Insuper
2566 2172 2840 2226 hominem
2880 2170 3009 2227 fecit
3054 2173 3121 2227 ad
3166 2174 3455 2243 imaginem

203 2261 329 2315 καθ’
359 2262 638 2330 ὁμοίωσιν.
665 2258 774 2315 Καὶ
800 2261 974 2331 Ἀδὰμ
997 2257 1104 2314 εἶδε
1140 2260 1292 2323 Θεὸν,
1321 2260 1415 2313 καὶ
1458 2260 1656 2330 ἤκουσε
1684 2260 1783 2328 τῆς

1885 2266 1939 2313 et
1972 2257 2381 2315 similitudinem
2409 2275 2563 2316 suam
2589 2258 2658 2312 ⁸¹.
2678 2259 2849 2315 Adam
2871 2275 3089 2331 quoque
3112 2260 3243 2318 vidit
3264 2260 3453 2326 Deum,

203 2352 395 2422 φωνῆς
436 2354 545 2405 τῶν
585 2354 761 2407 ποδῶν
790 2353 956 2406 αὐτοῦ
989 2352 1416 2423 περιπατοῦντος
1441 2351 1502 2404 τὸ
1533 2351 1779 2418 δειλινὸν,

1885 2350 2192 2422 pedumque
2220 2352 2341 2421 ejus
2371 2361 2494 2421 post
2545 2353 2829 2409 meridiem
2868 2353 3273 2408 deambulantis
3315 2363 3455 2409 stre-

205 2446 303 2496 καί
327 2443 531 2515 ὲκρύόη
567 2444 626 2497 ὲν
653 2442 729 2514 τῷ
753 2444 1063 2515 παραδείσῳ
1084 2460 1098 2475 ο
1145 2444 1239 2497 καὶ
1282 2441 1476 2497 Ἰακὼϐ
1521 2437 1650 2508 εἶδε,
1687 2442 1783 2495 καὶ

1886 2441 2056 2512 pitum
2078 2443 2305 2507 audivit,
2335 2450 2390 2498 et
2413 2443 2701 2499 abscondit
2726 2459 2785 2501 se
2811 2445 2866 2499 in
2911 2444 3163 2513 paradiso
3182 2445 3251 2498 ⁸³.
3286 2442 3458 2500 Jacob

204 2532 472 2588 ἐπάλαισε
523 2534 661 2605 μετὰ
706 2535 862 2590 Θεοῦ.
911 2535 1078 2606 Δῆλον
1122 2535 1198 2601 δὲ,
1250 2536 1331 2589 ὅτι
1377 2535 1452 2597 ὡς
1500 2533 1783 2605 ἄνθρωπος

1884 2537 2047 2590 etiam
2076 2535 2232 2601 vidit,
2264 2541 2319 2589 et
2351 2535 2588 2591 luctatus
2617 2544 2700 2591 est
2738 2551 2862 2591 cum
2886 2535 2995 2591 Deo
3016 2536 3082 2588 ⁸³.
3103 2535 3458 2607 Perspicuum

205 2625 383 2696 ἐφάνη
408 2627 556 2698 αύτῷ
580 2627 609 2679 ό
633 2627 764 2691 Θεός
782 2644 796 2658 ·
824 2628 919 2681 καί.
946 2627 1206 2696 Μωῦσῆς,
1231 2625 1305 2689 ὡς
1330 2626 1550 2678 ὀπίσθια
1578 2624 1786 2694 ἀνθρώ-

1886 2633 2067 2680 autem
2100 2634 2184 2681 est
2226 2624 2395 2681 Deum
2430 2642 2489 2683 se
2525 2627 2603 2685 illi
2635 2628 2873 2683 humana
2916 2628 3098 2699 specie
3120 2628 3456 2684 cernendum

208 2734 317 2770 που
348 2712 455 2771 εἶδε
475 2735 488 2748 ·
532 2718 623 2772 καὶ
665 2718 891 2781 Ἡσαΐας
918 2717 993 2780 ὡς
1030 2716 1313 2787 ἄνθρωπον
1342 2711 1451 2769 εἶδε
1480 2714 1786 2785 καθήμενον

1887 2716 2207 2787 pmhuisse.
2244 2716 2460 2788 Moyses
2494 2718 2646 2783 item,
2687 2728 2948 2789 tanquam
3001 2720 3238 2774 hominis
3276 2730 3458 2791 poste-

208 2809 307 2862 ὲπὶ
344 2809 569 2880 θρόνου’
627 2810 722 2863 καὶ
779 2809 976 2879 Δανιὴλ
1028 2808 1277 2880 ὁμοίωμα
1323 2804 1610 2878 ἀνθρώπου
1656 2801 1782 2869 εἶδε,

1887 2806 2030 2861 riora
2073 2807 2360 2876 conspexit
2387 2806 2464 2873 ἰς
2509 2806 2703 2874 Isaias,
2752 2808 2985 2862 hominis
3020 2808 3195 2862 instar
3233 2809 3285 2861 in
3319 2808 3459 2863 solio

208 2899 311 2953 καὶ
348 2900 424 2962 ώς
456 2901 568 2955 υἰὸν
598 2900 888 2970 ἀνθρώπου
920 2900 1141 2954 ἐλθόντα
1173 2901 1265 2952 ἐπὶ
1293 2899 1382 2952 τὸν
1412 2898 1647 2951 Παλαιὸν
1678 2898 1784 2950 τῶν

1886 2898 2161 2967 sedentem
2184 2898 2230 2929 ⁸⁸
2256 2915 2271 2950 :
2305 2897 2490 2952 Daniel
2521 2899 2756 2968 denique
2783 2900 3022 2954 hominis
3046 2900 3454 2957 similitudinem

209 2989 438 3057 ἡμερῶν
459 3004 471 3017 ·
503 2990 597 3042 καὶ
625 2991 684 3041 οὐ
714 2989 874 3058 φύσιν
902 2988 1038 3042 Θεοῦ
1063 2984 1168 3041 εἶδέ
1192 3006 1297 3052 τις,
1318 2987 1452 3041 ἀλλὰ
1477 2987 1565 3039 τὸν
1590 2985 1781 3050 τύπον,

1888 2989 2042 3053 vidit,
2077 2998 2132 3043 et
2163 2989 2321 3058 quasi
2359 2990 2525 3042 lilium
2574 2990 2843 3055 .hominis,
2894 2991 2986 3060 qui
3043 2991 3109 3043 ad
3158 2989 3457 3059 Antiqunm

211 3080 311 3132 καὶ
338 3079 434 3148 τὴν
463 3080 647 3133 εἰκόνα
675 3079 767 3133 τοῦ
807 3080 1085 3149 μέλλοντος
1113 3076 1593 3146 ἔσεσθαι.⁹Εμελλε
1624 3075 1733 3144 γὰρ
1759 3076 1787 3129 ὁ

1888 3080 2097 3133 dierum
2131 3096 2453 3150 progressus
2506 3090 2589 3135 est
2618 3082 2662 3112 ⁸⁸
2711 3099 2725 3135 :
2763 3097 2864 3135 nec
2893 3082 3183 3151 quisquam
3227 3092 3329 3143 est,
3366 3083 3456 3150 qui

211 3171 345 3233 Υἰὸς
379 3172 472 3224 καὶ
500 3172 670 3238 Λόγος
698 3171 791 3223 τοῦ
819 3171 953 3223 Θεοῦ
984 3172 1011 3223 ό
1036 3172 1286 3239 ἀόρατος,
1315 3169 1599 3239 ἄνθρωπος
1640 3166 1787 3234 γίνεοο

1890 3168 1983 3224 Dei
2015 3182 2265 3224 naturam
2303 3172 2577 3226 contuitus
2604 3172 2693 3235 sit,
2724 3172 2817 3225 sed
2866 3173 3093 3224 formam
3119 3171 3385 3225 duntaxat
3406 3182 3458 3225 et

212 3262 351 3313 σθαι
399 3264 455 3313 ὲν
505 3262 750 3332 ἀληθείᾳ,
785 3263 872 3314 ἵνα
927 3261 1102 3332 ὲνωθῇ
1153 3264 1220 3331 τῇ
1272 3260 1430 3329 φύσει
1487 3259 1665 3329 ἡμῶν,
1694 3252 1786 3309 καὶ

1890 3261 2177 3330 imaginem
2210 3261 2351 3329 ejus,
2376 3262 2518 3329 quod
2547 3261 2841 3330 aliquando
2870 3262 3087 3315 futurus
3118 3271 3254 3316 erat.
3287 3260 3427 3314 Fulu

211 3353 387 3423 ὀραθῇ
425 3354 514 3405 ἐπὶ
540 3358 671 3424 γῆς’
712 3353 1124 3423 προσεκύνησαν
1154 3352 1245 3405 οὖν
1277 3354 1472 3414 πάντες
1506 3352 1554 3403 οἰ
1591 3351 1784 3411 ἰδόντες
1814 3346 1857 3402 C

1780 3368 1784 3408 ι
1814 3346 1857 3402 C
1891 3367 2009 3405 rum
2044 3352 2246 3420 quippe
2275 3361 2414 3414 erat,
2463 3360 2521 3405 ut
2554 3351 2726 3405 Filius
2757 3368 2819 3403 ac
2852 3350 3091 3406 Verbum
3133 3350 3227 3404 Dei
3271 3351 3427 3405 invis;

210 3447 312 3498 τὸν
340 3446 507 3499 τύπον
539 3447 635 3500 καὶ
664 3447 758 3517 τὴν
780 3447 964 3499 εἰκόνα
983 3446 1075 3498 τοῦ
1108 3445 1409 3514 μέλλοντος,
1435 3443 1617 3505 καθὼς
1644 3443 1787 3495 Παῦ-

1891 3440 2018 3505 bile,
2051 3455 2177 3493 vere
2222 3440 2371 3493 ﬁeret
2415 3440 2594 3503 homo,
2621 3456 2729 3509 quo
2756 3450 2963 3493 naturae
3004 3451 3203 3493 nostra:
3235 3440 3456 3507 copula-

213 3538 309 3599 λός
345 3554 507 3605 φησιν
540 3540 567 3588 ὀ
597 3538 890 3600 ἀπόστολος
936 3538 994 3587 ἐν
1038 3540 1103 3606 τῇ
1160 3535 1294 3606 πρὸς
1339 3535 1622 3605 Ἐϐραίους
1670 3536 1788 3588 ἑπι-

1893 3537 2003 3591 tus,
2046 3531 2101 3583 in
2139 3530 2299 3585 terris
2326 3540 2471 3585 essct
2500 3533 2848 3601 conspicuus.
2912 3530 3166 3601 Figuram
3216 3531 3380 3600 igitur
3409 3541 3457 3584 et

217 3627 401 3695 στολῇ·
425 3646 441 3677 ι
481 3627 635 3680 Κατὰ
664 3627 844 3679 πίστιν
876 3626 1145 3681 ἀπέθανον
1170 3620 1313 3679 οῦτοι
1344 3627 1561 3687 πάντες,
1597 3626 1669 3695 μὴ
1700 3641 1791 3677 κο-

1894 3616 2181 3687 imaginem
2236 3619 2585 3687 aspicientes,
2648 3621 3050 3685 ailoraverunt;
3108 3620 3460 3689 quemadmo-

221 3722 516 3791 μισάμενοι
569 3722 662 3784 τὰς
713 3722 1054 3789 εὐαγγελίας,
1101 3719 1236 3773 ἀλλὰ
1285 3720 1569 3790 πόρρωθεν
1623 3718 1791 3779 αὑτὰς

1892 3709 2020 3762 dum
2048 3708 2257 3763 Paulus
2296 3711 2578 3778 apostolus
2610 3710 2662 3763 in
2684 3710 2930 3778 Epistula
2963 3709 3027 3762 ad
3056 3711 3311 3765 Hebraeos
3340 3711 3414 3762 ait
3444 3730 3455 3763 :

222 3814 427 3875 ἰδόντες
475 3814 568 3866 καὶ
615 3814 1008 3882 ἀσπασάμενοι.
1042 3832 1060 3865 ι
1091 3814 1230 3880 Ἐγὼ
1254 3808 1345 3865 οῦν
1374 3812 1435 3864 ού
1468 3811 1542 3881 μὴ
1582 3813 1790 3878 ποιήσω

1899 3817 1916 3850 ι
1940 3797 2102 3853 Juxta
2129 3797 2287 3852 ﬁdem
2313 3798 2557 3853 defuncti
2590 3806 2718 3854 sunt
2747 3815 2936 3853 omnes
2956 3799 3068 3859 isti,
3088 3815 3193 3853 non
3224 3799 3461 3868 acceptis

217 3905 409 3957 εἰκόνα
440 3904 529 3956 τοῦ
555 3904 620 3957 δι’
642 3906 741 3973 ἐμὲ
770 3904 1024 3973 ὀφθέντος
1058 3904 1257 3974 σαρκὸς
1285 3902 1478 3972 φύσεις
1512 3902 1605 3955 καὶ
1628 3916 1793 3970 προσ-

1893 3889 2436 3959 repromissionibus,
2481 3889 2573 3943 sed
2614 3904 2642 3942 a
2694 3891 2852 3959 longe
2886 3904 2981 3945 eas
3021 3890 3370 3959 aspicientes,
3411 3898 3462 3943 et

222 3997 444 4065 κυνήσω
477 3996 567 4047 καὶ
599 3996 816 4064 τιμήσω
848 3996 1027 4060 αὑτὸν,
1060 3995 1148 4046 διὰ
1191 3995 1287 4062 τῆς
1336 3996 1414 4055 εἰς
1462 3993 1559 4062 τὴν
1608 3992 1791 4044 εἰκόνα

1896 3983 2198 4039 salutantes
2236 3981 2310 4035 ⁸⁷.
2375 4000 2393 4031 ι
2452 3981 2713 4049 Nunquid
2769 3995 2899 4051 ergo
2982 3981 3269 4051 imaginem
3355 3998 3460 4035 non

220 4085 389 4140 αὑτοῦ
419 4084 585 4154 τιμῆς
614 4086 705 4136 καὶ
737 4086 1194 4154 προσκυνήσεως;
1235 4079 1385 4136 Εἷδεν
1427 4083 1698 4153 Ἀϐραάμ,
1729 4082 1790 4134 ού

1894 4070 2088 4127 faciam
2122 4072 2289 4135 illius,
2323 4072 2417 4141 qui
2460 4072 2513 4124 in
2540 4071 2723 4125 carnis
2760 4079 2954 4125 natura
2986 4072 3091 4125 mei
3122 4085 3286 4125 causa
3315 4072 3463 4126 visus

222 4174 387 4240 φύσιν
416 4173 549 4227 Θεοῦ
574 4191 587 4204 ⁸
622 4173 751 4226 Θεὸν
780 4173 887 4244 γάρ
926 4174 1100 4236 οὐδεὶς
1141 4171 1350 4243 ἑώρακε
1394 4172 1640 4225 πώποτε·
1668 4170 1795 4223 ἀλλ’

1894 4161 2014 4216 est?
2045 4160 2183 4216 Num
2219 4163 2366 4216 illum
2397 4177 2493 4232 per
2512 4161 2883 4216 adorationem
2912 4172 2964 4214 et
2998 4162 3462 4229 honorem,qnem

221 4266 410 4319 εἰκόνα
437 4265 592 4326 Θεοῦ,
624 4266 716 4317 καὶ
740 4265 921 4317 πεσὼν
945 4264 1371 4335 προσεκύνησεν.
1399 4260 1551 4315 Εἷδεν
1591 4260 1796 4331 Ἰησοῦς

1895 4253 2120 4324 imagini
2160 4254 2280 4323 ejus
2309 4255 2559 4316 exhibeo,
2596 4268 2700 4306 non
2726 4252 3028 4307 adoravero
3056 4267 3154 4307 nec
3196 4253 3418 4306 coluero
3442 4252 3465 4305 2

223 4358 255 4408 ὁ
289 4354 467 4423 Ναυῆ,
497 4355 556 4405 ού
601 4354 761 4423 φύσιν
806 4354 1060 4421 ἀγγέλου,
1090 4352 1204 4405 ἀλλ’
1234 4351 1415 4405 εἰκόνα
1440 4368 1452 4381 ·
1500 4352 1658 4420 φύσις
1686 4352 1793 4420 γὰρ

1898 4346 2045 4402 Vidit
2087 4346 2362 4401 Abraham
2381 4346 2448 4411 ⁸⁸,
2500 4361 2608 4398 non
2665 4344 2757 4397 Dei
2810 4352 3062 4399 naturam
3108 4342 3293 4411 (nemo
3320 4343 3463 4397 enim

225 4449 464 4517 ἀγγέλου
503 4452 829 4519 σωματικοῖς
860 4449 955 4517 οὑχ
980 4449 1171 4517 ὁρᾶται
1210 4446 1507 4516 ὀφθαλμοῖς
1528 4461 1540 4474 ·
1574 4446 1669 4498 καὶ
1697 4462 1795 4498 πε-

1899 4439 2066 4495 Deum
2100 4438 2239 4491 vidit
2272 4452 2511 4506 unquam
2536 4435 2627 4506 ⁸³),
2653 4434 2744 4489 sed
2777 4433 3067 4503 imaginem
3100 4431 3214 4498 Dei,
3246 4441 3297 4487 et
3339 4448 3464 4502 pro-

229 4541 341 4593 σὼν
372 4539 1045 4611 προσεκύνησεν.ὐμοίως
1077 4540 1170 4594 καὶ
1206 4537 1693 4607 Δανιήλ.”Αγγελος
1717 4536 1794 4601 δὲ,

1896 4537 2085 4590 cidens
2128 4532 2395 4586 adoravit.
2452 4528 2604 4582 Vidit
2651 4528 2810 4583 Jesus
2838 4527 2982 4582 ﬁlius
3032 4526 3300 4589 Nave”‘,
3354 4541 3462 4580 non

227 4635 292 4684 ο)
318 4632 467 4693 Θεὸς,
505 4631 641 4683 ἀλλὰ
673 4631 873 4701 κτίσμα
924 4629 1016 4682 καὶ
1057 4628 1240 4691 δοῦλος
1282 4627 1440 4691 Θεοῦ,
1472 4627 1568 4680 καί⁸
1617 4643 1796 4697 παρα·
1831 4673 1874 4727 D

1831 4673 1874 4727 Β
1900 4638 2150 4682 naturam
2192 4623 2392 4692 angeli,
2428 4620 2523 4673 sed
2560 4619 2847 4687 imaginem
2890 4617 3088 4687 (angeli
3123 4619 3323 4686 quippe
3365 4632 3464 4671 na-

234 4726 436 4793 στάτης
460 4739 473 4751 ·
513 4723 885 4791 προσεκύνησε
910 4721 985 4785 δὲ,
1018 4720 1116 4790 οὐχ
1141 4720 1214 4782 ὡς
1242 4718 1381 4788 Θεῷ,
1413 4717 1528 4770 ἀλλ’
1554 4718 1630 4780 ὡς
1663 4717 1798 4770 Θεοῦ
1834 4706 1873 4727 υ

1834 4706 1873 4727 υ
1909 4727 2029 4779 tura
2058 4712 2309 4783 corporis
2339 4710 2500 4764 oculo
2532 4708 2884 4778 aspectabilis
2913 4722 3021 4761 non
3045 4706 3243 4785 est),‘et
3265 4722 3467 4775 pronus

234 4817 561 4889 παραστάτῃ
591 4818 683 4869 καὶ
712 4814 1027 4885 λειτουργῷ,
1059 4812 1230 4881 Κάγὼ
1268 4813 1341 4883 μὴ
1382 4812 1591 4882 ποιήσω
1618 4811 1801 4865 εἰκόνα

1912 4812 1963 4863 in
1992 4814 2195 4862 terram
2227 4801 2494 4856 adoravit.
2523 4800 2667 4854 Idem
2694 4799 2820 4854 fecit
2844 4807 2896 4853 et
2924 4798 3133 4852 Daniel.
3162 4796 3333 4851 Porro
3365 4815 3465 4851 an-

235 4912 345 4964 τῶν
378 4911 545 4978 φίλων
584 4909 675 4961 τοῦ
719 4907 988 4979 Χριστοῦ;
1042 4908 1134 4959 καὶ
1170 4906 1243 4976 μὴ
1275 4905 1657 4974 προσκυνήσω,
1704 4903 1801 4971 οὐχ

1909 4901 2061 4971 gelus
2097 4909 2438 4966 nequaquam
2495 4893 2635 4947 Deus
2683 4902 2786 4957 est,
2829 4893 2922 4946 sed
2958 4900 3230 4956 creatura,
3268 4894 3468 4962 Deique

235 5003 316 5063 ὠς
345 5000 504 5063 θεοῖς,
536 5000 649 5053 ἀλλ’
678 4999 752 5063 ὡς
786 5000 957 5050 εἰκόσι
987 4998 1156 5066 φίλων
1185 4994 1319 5049 Θεοῦ
1340 5037 1358 5062 ,
1388 4995 1522 5047 Οὔτε
1548 4993 1654 5063 γὰρ
1698 4992 1802 5061 Ἰη-

1908 5005 2099 5047 servus
2151 4996 2205 5043 et
2266 4986 2521 5039 satelles:
2582 5000 2753 5054 quare
2815 4999 2924 5038 non
2984 4983 3061 5036 uti
3114 4982 3280 5038 Deum
3320 4986 3467 5039 illum

241 5091 405 5153 σοῦς,
459 5092 578 5142 οὒτε
642 5089 876 5160 Δανιὴλ,
918 5088 993 5151 ὡς
1041 5089 1181 5151 θεοῖς
1232 5085 1642 5156 προσεκύνησαν
1692 5087 1802 5148 τοῖς

1908 5080 2179 5143 adoravit,
2220 5077 2317 5132 sed
2362 5085 2419 5131 ut
2455 5078 2547 5147 qui
2592 5093 2621 5130 a
2672 5077 2840 5131 latere
2889 5075 2980 5130 Dei
3030 5076 3122 5138 sit,
3170 5076 3328 5144 eique
3370 5078 3468 5128 mi-

237 5178 481 5245 ὀφθεῖσιν
510 5177 796 5245 ἀγγέλοις·
833 5178 952 5230 οὐδὲ
995 5176 1103 5245 ἐγὼ
1142 5176 1215 5238 ὡς
1259 5176 1375 5245 Θεῴ
1421 5175 1707 5245 προσκυνῶ
1738 5178 1801 5245 τῇ

1910 5174 2127 5231 nistret.
2184 5170 2358 5224 Eccur
2412 5169 2575 5238 igitur
2616 5170 2915 5222 amicorum
2960 5166 3167 5220 Christi
3211 5168 3471 5232 imagines

238 5270 433 5332 εἰκόνι,
466 5268 601 5322 ἀλλὰ
628 5270 715 5322 διὰ
743 5269 840 5338 τῆς
865 5268 1069 5332 εἰκόνος
1092 5270 1185 5322 καὶ
1208 5268 1314 5321 τῶν
1340 5268 1507 5335 ἀγίων
1524 5278 1568 5330 ι),
1587 5266 1664 5335 τῷ
1686 5265 1806 5336 Θεῷ

1914 5280 2021 5320 non
2053 5263 2255 5327 fecero,
2296 5278 2432 5331 quas
2462 5262 2634 5315 colam
2667 5268 2720 5315 et
2750 5259 2993 5324 adorem,
3055 5273 3163 5312 non
3214 5265 3470 5326 tanquam

316 5447 359 5477 ”
396 5445 529 5501 Gen.
566 5461 604 5506 I,
643 5445 731 5498 26.
808 5446 1013 5501 "Gen.
1070 5467 1150 5509 ιιι,
1175 5449 1229 5503 8.
1344 5446 1388 5477 ⁸³
1416 5446 1551 5500 Gen.
1611 5444 1889 5510 sumi/5.

1823 5444 1889 5497 t4.
1989 5442 2035 5473 "‘
2059 5444 2232 5497 Exod.
2266 5462 2458 5507 xxxul,
2504 5442 2689 5498 18-25.
2794 5446 2838 5477 ⁸⁵
2870 5443 2972 5497 lsa.
3010 5460 3086 5506 vt,
3124 5445 3171 5496 i.
3269 5441 3313 5472 ⁸⁶
3342 5442 3470 5491 Dan.

245 5535 339 5575 vn.
372 5519 453 5572 ii.
550 5516 592 5548 ⁸⁷
629 5515 789 5571 llebr.
832 5534 906 5583 ιι,
944 5518 1027 5573 15.
1109 5520 1163 5551 "-
1195 5518 1327 5571 Gcn.
1364 5532 1496 5583 xvn,
1530 5516 1583 5569 8.
1664 5513 1709 5545 ”
1742 5515 1892 5568 Joan.

981 5518 1027 5573 5.
1109 5520 1163 5551 "-
1195 5518 1327 5571 Gen.
1364 5532 1496 5583 xvn,
1530 5516 1583 5569 8.
1664 5513 1709 5545 ⁸³
1742 5515 1898 5568 Joan.
1936 5531 1970 5575 ι,
2002 5515 2088 5568 18.
2172 5515 2236 5546 '9'
2263 5514 2425 5569 Josne
2460 5532 2512 5576 ν,
2545 5516 2628 5568 14.

1518 5630 1751 5686 VARIAS
1792 5628 2186 5683 LECTIONES.

316 5722 508 5797 n:Mss.
546 5727 782 5797 σχήματι
824 5726 1142 5797 σωματικῷ.
1250 5734 1275 5762 ο
1306 5724 1436 5781 Mss.
1473 5724 1683 5797 ἑαυτοῦ.
1799 5731 1827 5770 Ρ
1859 5720 1957 5774 llic
1996 5722 2241 5790 quintium
2279 5720 2495 5783 desunt,
2532 5728 2586 5772 ιιι
2630 5736 2748 5771 (ιιιιι
2802 5736 2927 5773 ntss.
2979 5719 3187 5785 legatur
3216 5714 3305 5766 τοῦ
3339 5714 3473 5784 Χρι-

250 5792 399 5852 στοῦ,
435 5798 525 5847 καὶ
553 5792 828 5864 τῆςήάγίας
855 5792 1137 5863 Θεοτόκοῦ,
1161 5796 1383 5851 καὶτῶν
1411 5795 1595 5861 ἁγίων.
