  <div class='ocr_page' id='page_1' title='image "/cluster/home/n/w/nwhite01/storage/ocr_20150623/94/nnc1.0046979999/682.png"; bbox 0 0 4172 6490; ppageno 0'>
   <div class='ocr_carea' id='block_1_1' title="bbox 177 476 306 542">
    <p class='ocr_par' dir='ltr' id='par_1_1' title="bbox 177 476 306 542">
     <span class='ocr_line' id='line_1_1' title="bbox 177 476 306 542; baseline -0.016 0"><span class='ocrx_word' id='word_1_1' title='bbox 177 476 306 542; x_wconf 62' lang='grc' dir='ltr'>ιεὶίθ</span> 
     </span>
    </p>
   </div>
   <div class='ocr_carea' id='block_1_2' title="bbox 1224 459 2280 527">
    <p class='ocr_par' dir='ltr' id='par_1_2' title="bbox 1224 459 2280 527">
     <span class='ocr_line' id='line_1_2' title="bbox 1224 459 2280 527; baseline -0.007 0"><span class='ocrx_word' id='word_1_2' title='bbox 1224 469 1319 527; x_wconf 83' lang='lat' dir='ltr'><strong>DE</strong></span> <span class='ocrx_word' id='word_1_3' title='bbox 1361 459 1821 525; x_wconf 65' lang='lat' dir='ltr'>IMAGINIBUS</span> <span class='ocrx_word' id='word_1_4' title='bbox 1857 460 2138 521; x_wconf 76' lang='lat' dir='ltr'>ORATIO</span> <span class='ocrx_word' id='word_1_5' title='bbox 2169 463 2280 521; x_wconf 91' lang='lat' dir='ltr'>III.</span> 
     </span>
    </p>
   </div>
   <div class='ocr_carea' id='block_1_3' title="bbox 3273 457 3409 522">
    <p class='ocr_par' dir='ltr' id='par_1_3' title="bbox 3273 457 3409 522">
     <span class='ocr_line' id='line_1_3' title="bbox 3273 457 3409 522; baseline -0.029 0"><span class='ocrx_word' id='word_1_6' title='bbox 3273 457 3409 522; x_wconf 83' lang='lat' dir='ltr'><strong>I350</strong></span> 
     </span>
    </p>
   </div>
   <div class='ocr_carea' id='block_1_4' title="bbox 173 571 1751 662">
    <p class='ocr_par' dir='ltr' id='par_1_4' title="bbox 173 574 1738 662">
     <span class='ocr_line' id='line_1_4' title="bbox 173 574 1738 662; baseline -0.013 -17"><span class='ocrx_word' id='word_1_7' title='bbox 173 592 376 662; x_wconf 64' lang='grc' dir='ltr'>θερείαν,</span> <span class='ocrx_word' id='word_1_8' title='bbox 409 589 476 659; x_wconf 84' lang='grc' dir='ltr'>ἢν</span> <span class='ocrx_word' id='word_1_9' title='bbox 502 585 852 657; x_wconf 76' lang='grc' dir='ltr'>προσάγομεν</span> <span class='ocrx_word' id='word_1_10' title='bbox 886 582 1031 654; x_wconf 81' lang='grc' dir='ltr'>μόνῳ</span> <span class='ocrx_word' id='word_1_11' title='bbox 1080 581 1157 651; x_wconf 77' lang='grc' dir='ltr'>τῷ</span> <span class='ocrx_word' id='word_1_12' title='bbox 1192 583 1351 649; x_wconf 75' lang='grc' dir='ltr'>φύσει</span> <span class='ocrx_word' id='word_1_13' title='bbox 1380 574 1738 650; x_wconf 79' lang='grc' dir='ltr'>προσκυνητῴ</span> 
     </span>
    </p>
   </div>
   <div class='ocr_carea' id='block_1_5' title="bbox 1851 571 3408 662">
    <p class='ocr_par' dir='ltr' id='par_1_5' title="bbox 1851 571 3408 643">
     <span class='ocr_line' id='line_1_5' title="bbox 1851 571 3408 643; baseline 0.001 -18"><span class='ocrx_word' id='word_1_14' title='bbox 1851 573 2062 627; x_wconf 88' lang='lat' dir='ltr'><strong>latriam</strong></span> <span class='ocrx_word' id='word_1_15' title='bbox 2093 576 2383 629; x_wconf 77' lang='lat' dir='ltr'><strong>exhibetur</strong></span> <span class='ocrx_word' id='word_1_16' title='bbox 2435 574 2534 629; x_wconf 87' lang='lat' dir='ltr'><strong>soli</strong></span> <span class='ocrx_word' id='word_1_17' title='bbox 2589 589 2685 643; x_wconf 85' lang='lat' dir='ltr'><strong>pro</strong></span> <span class='ocrx_word' id='word_1_18' title='bbox 2721 590 2817 629; x_wconf 84' lang='lat' dir='ltr'><strong>sua</strong></span> <span class='ocrx_word' id='word_1_19' title='bbox 2880 584 3076 627; x_wconf 89' lang='lat' dir='ltr'><strong>natura</strong></span> <span class='ocrx_word' id='word_1_20' title='bbox 3129 571 3408 627; x_wconf 80' lang='lat' dir='ltr'><strong>adorando</strong></span> 
     </span>
    </p>
   </div>
   <div class='ocr_carea' id='block_1_6' title="bbox 173 668 1743 751">
    <p class='ocr_par' dir='ltr' id='par_1_6' title="bbox 173 668 1743 751">
     <span class='ocr_line' id='line_1_6' title="bbox 173 668 1743 751; baseline -0.01 -16"><span class='ocrx_word' id='word_1_21' title='bbox 173 682 324 751; x_wconf 79' lang='grc' dir='ltr'>Θεῷο</span> <span class='ocrx_word' id='word_1_22' title='bbox 372 682 466 733; x_wconf 77' lang='grc' dir='ltr'><strong>καὶ</strong></span> <span class='ocrx_word' id='word_1_23' title='bbox 515 674 672 742; x_wconf 74' lang='grc' dir='ltr'>οὗτος</span> <span class='ocrx_word' id='word_1_24' title='bbox 722 677 863 731; x_wconf 85' lang='grc' dir='ltr'>κατὰ</span> <span class='ocrx_word' id='word_1_25' title='bbox 905 675 1194 745; x_wconf 80' lang='grc' dir='ltr'><strong>διαφόρους</strong></span> <span class='ocrx_word' id='word_1_26' title='bbox 1222 672 1472 743; x_wconf 78' lang='grc' dir='ltr'><strong>τρόπους.</strong></span> <span class='ocrx_word' id='word_1_27' title='bbox 1519 668 1743 735; x_wconf 87' lang='grc' dir='ltr'>Πρῶτον</span> 
     </span>
    </p>
   </div>
   <div class='ocr_carea' id='block_1_7' title="bbox 177 758 1744 844">
    <p class='ocr_par' dir='ltr' id='par_1_7' title="bbox 177 758 1744 844">
     <span class='ocr_line' id='line_1_7' title="bbox 177 758 1744 844; baseline -0.012 -16"><span class='ocrx_word' id='word_1_28' title='bbox 177 776 273 844; x_wconf 82' lang='grc' dir='ltr'><strong>μὲν</strong></span> <span class='ocrx_word' id='word_1_29' title='bbox 312 775 452 827; x_wconf 82' lang='grc' dir='ltr'><strong>κατά</strong></span> <span class='ocrx_word' id='word_1_30' title='bbox 502 771 592 824; x_wconf 74' lang='grc' dir='ltr'><strong>τὸν</strong></span> <span class='ocrx_word' id='word_1_31' title='bbox 642 770 739 841; x_wconf 79' lang='grc' dir='ltr'>τῆς</span> <span class='ocrx_word' id='word_1_32' title='bbox 784 768 1027 830; x_wconf 80' lang='grc' dir='ltr'>δουλείας</span> <span class='ocrx_word' id='word_1_33' title='bbox 1057 767 1199 835; x_wconf 74' lang='grc'><strong>(23)·</strong></span> <span class='ocrx_word' id='word_1_34' title='bbox 1239 761 1601 833; x_wconf 77' lang='grc' dir='ltr'>προσκυνοῦσι</span> <span class='ocrx_word' id='word_1_35' title='bbox 1635 758 1744 828; x_wconf 82' lang='grc' dir='ltr'><strong>γάρ</strong></span> 
     </span>
    </p>
   </div>
   <div class='ocr_carea' id='block_1_8' title="bbox 172 851 1743 933">
    <p class='ocr_par' dir='ltr' id='par_1_8' title="bbox 172 851 1743 933">
     <span class='ocr_line' id='line_1_8' title="bbox 172 851 1743 933; baseline -0.011 -16"><span class='ocrx_word' id='word_1_36' title='bbox 172 863 321 933; x_wconf 83' lang='grc' dir='ltr'>αὐτῷ</span> <span class='ocrx_word' id='word_1_37' title='bbox 366 863 543 917; x_wconf 78' lang='grc' dir='ltr'>πάντα</span> <span class='ocrx_word' id='word_1_38' title='bbox 593 860 661 914; x_wconf 79' lang='grc' dir='ltr'><strong>τά</strong></span> <span class='ocrx_word' id='word_1_39' title='bbox 710 859 1003 929; x_wconf 86' lang='grc' dir='ltr'>κτίσματα,</span> <span class='ocrx_word' id='word_1_40' title='bbox 1036 858 1110 919; x_wconf 89' lang='grc' dir='ltr'><strong>ώς</strong></span> <span class='ocrx_word' id='word_1_41' title='bbox 1141 855 1318 910; x_wconf 83' lang='grc' dir='ltr'>δοῦλοι</span> <span class='ocrx_word' id='word_1_42' title='bbox 1348 857 1621 922; x_wconf 80' lang='grc' dir='ltr'>Δεσπότη·</span> <span class='ocrx_word' id='word_1_43' title='bbox 1661 851 1743 902; x_wconf 84' lang='grc' dir='ltr'>ὅτι</span> 
     </span>
    </p>
   </div>
   <div class='ocr_carea' id='block_1_9' title="bbox 180 941 1744 1031">
    <p class='ocr_par' dir='ltr' id='par_1_9' title="bbox 180 941 1744 1031">
     <span class='ocr_line' id='line_1_9' title="bbox 180 941 1744 1031; baseline -0.009 -26"><span class='ocrx_word' id='word_1_44' title='bbox 180 975 217 1031; x_wconf 55' lang='grc' dir='ltr'>ι.</span> <span class='ocrx_word' id='word_1_45' title='bbox 235 955 316 1007; x_wconf 85' lang='grc' dir='ltr'><strong>Τὰ</strong></span> <span class='ocrx_word' id='word_1_46' title='bbox 358 953 649 1021; x_wconf 81' lang='grc' dir='ltr'>σύμπαντα</span> <span class='ocrx_word' id='word_1_47' title='bbox 678 951 804 1021; x_wconf 81' lang='grc' dir='ltr'>γὰρ,</span> <span class='ocrx_word' id='word_1_48' title='bbox 839 951 994 1019; x_wconf 77' lang='grc' dir='ltr'>φησὶ,</span> <span class='ocrx_word' id='word_1_49' title='bbox 1031 947 1192 1001; x_wconf 86' lang='grc' dir='ltr'>δοῦλα</span> <span class='ocrx_word' id='word_1_50' title='bbox 1229 944 1328 997; x_wconf 86' lang='grc' dir='ltr'>σά·</span> <span class='ocrx_word' id='word_1_51' title='bbox 1367 963 1386 996; x_wconf 73' lang='grc' dir='ltr'><strong>ι</strong></span> <span class='ocrx_word' id='word_1_52' title='bbox 1424 943 1517 1031; x_wconf 64' lang='grc' dir='ltr'><strong>και</strong></span> <span class='ocrx_word' id='word_1_53' title='bbox 1553 943 1601 995; x_wconf 82' lang='grc' dir='ltr'>οἱ</span> <span class='ocrx_word' id='word_1_54' title='bbox 1645 941 1744 1031; x_wconf 82' lang='grc' dir='ltr'>μτεν</span> 
     </span>
    </p>
   </div>
   <div class='ocr_carea' id='block_1_10' title="bbox 174 1026 1745 1104">
    <p class='ocr_par' dir='ltr' id='par_1_10' title="bbox 174 1026 1745 1104">
     <span class='ocr_line' id='line_1_10' title="bbox 174 1026 1745 1104; baseline -0.012 -8"><span class='ocrx_word' id='word_1_55' title='bbox 174 1026 462 1104; x_wconf 76' lang='grc' dir='ltr'>ἑκουσίως,</span> <span class='ocrx_word' id='word_1_56' title='bbox 510 1041 557 1092; x_wconf 78' lang='grc' dir='ltr'>οἱ</span> <span class='ocrx_word' id='word_1_57' title='bbox 601 1040 656 1092; x_wconf 80' lang='grc' dir='ltr'>δὲ</span> <span class='ocrx_word' id='word_1_58' title='bbox 695 1038 995 1099; x_wconf 81' lang='grc' dir='ltr'>ἀκουσίως,</span> <span class='ocrx_word' id='word_1_59' title='bbox 1029 1035 1078 1088; x_wconf 82' lang='grc' dir='ltr'><strong>οι</strong></span> <span class='ocrx_word' id='word_1_60' title='bbox 1125 1033 1222 1102; x_wconf 85' lang='grc' dir='ltr'><strong>μὲν</strong></span> <span class='ocrx_word' id='word_1_61' title='bbox 1258 1031 1454 1099; x_wconf 85' lang='grc' dir='ltr'>γνώσει</span> <span class='ocrx_word' id='word_1_62' title='bbox 1487 1026 1745 1088; x_wconf 79' lang='grc' dir='ltr'><strong>ἑκουσίως</strong></span> 
     </span>
    </p>
   </div>
   <div class='ocr_carea' id='block_1_11' title="bbox 174 1120 1742 1204">
    <p class='ocr_par' dir='ltr' id='par_1_11' title="bbox 174 1120 1742 1204">
     <span class='ocr_line' id='line_1_11' title="bbox 174 1120 1742 1204; baseline -0.011 -18"><span class='ocrx_word' id='word_1_63' title='bbox 174 1131 588 1204; x_wconf 81' lang='grc' dir='ltr'>προσκυνοῦσιν,</span> <span class='ocrx_word' id='word_1_64' title='bbox 620 1132 735 1183; x_wconf 83' lang='grc' dir='ltr'>ὅσοι</span> <span class='ocrx_word' id='word_1_65' title='bbox 782 1128 1046 1189; x_wconf 79' lang='grc' dir='ltr'>εὐσεϐεῖς,</span> <span class='ocrx_word' id='word_1_66' title='bbox 1082 1126 1131 1177; x_wconf 77' lang='lat' dir='ltr'><strong>oi</strong></span> <span class='ocrx_word' id='word_1_67' title='bbox 1182 1124 1237 1176; x_wconf 79' lang='grc' dir='ltr'>δὲ</span> <span class='ocrx_word' id='word_1_68' title='bbox 1275 1120 1742 1189; x_wconf 73' lang='grc' dir='ltr'>ἐπιγινώσκοντες,</span> 
     </span>
    </p>
   </div>
   <div class='ocr_carea' id='block_1_12' title="bbox 173 1208 1744 1292">
    <p class='ocr_par' dir='ltr' id='par_1_12' title="bbox 173 1208 1744 1292">
     <span class='ocr_line' id='line_1_12' title="bbox 173 1208 1744 1292; baseline -0.01 -16"><span class='ocrx_word' id='word_1_69' title='bbox 173 1225 269 1277; x_wconf 80' lang='grc' dir='ltr'>καὶ</span> <span class='ocrx_word' id='word_1_70' title='bbox 297 1223 371 1292; x_wconf 82' lang='grc' dir='ltr'>μὴ</span> <span class='ocrx_word' id='word_1_71' title='bbox 405 1222 669 1284; x_wconf 84' lang='grc' dir='ltr'>θέλοντες,</span> <span class='ocrx_word' id='word_1_72' title='bbox 702 1220 970 1278; x_wconf 83' lang='grc' dir='ltr'>ἀκουσίως</span> <span class='ocrx_word' id='word_1_73' title='bbox 1000 1213 1419 1287; x_wconf 77' lang='grc' dir='ltr'>προσκυνοῦσιν,</span> <span class='ocrx_word' id='word_1_74' title='bbox 1447 1211 1522 1271; x_wconf 90' lang='grc' dir='ltr'><strong>ώς</strong></span> <span class='ocrx_word' id='word_1_75' title='bbox 1550 1210 1598 1261; x_wconf 78' lang='grc' dir='ltr'>οἱ</span> <span class='ocrx_word' id='word_1_76' title='bbox 1628 1208 1744 1261; x_wconf 78' lang='grc' dir='ltr'>δαί-ι</span> 
     </span>
    </p>
   </div>
   <div class='ocr_carea' id='block_1_13' title="bbox 176 1296 1745 1381">
    <p class='ocr_par' dir='ltr' id='par_1_13' title="bbox 176 1296 1745 1381">
     <span class='ocr_line' id='line_1_13' title="bbox 176 1296 1745 1381; baseline -0.011 -15"><span class='ocrx_word' id='word_1_77' title='bbox 176 1329 353 1381; x_wconf 83' lang='grc' dir='ltr'>μονες·</span> <span class='ocrx_word' id='word_1_78' title='bbox 374 1312 522 1366; x_wconf 80' lang='grc' dir='ltr'>ἄλλοι</span> <span class='ocrx_word' id='word_1_79' title='bbox 552 1309 626 1380; x_wconf 82' lang='grc' dir='ltr'>μὴ</span> <span class='ocrx_word' id='word_1_80' title='bbox 655 1309 855 1372; x_wconf 87' lang='grc' dir='ltr'>εἰδότες</span> <span class='ocrx_word' id='word_1_81' title='bbox 884 1308 975 1360; x_wconf 85' lang='grc' dir='ltr'><strong>τὸν</strong></span> <span class='ocrx_word' id='word_1_82' title='bbox 997 1306 1154 1375; x_wconf 83' lang='grc' dir='ltr'>φύσει</span> <span class='ocrx_word' id='word_1_83' title='bbox 1175 1302 1326 1366; x_wconf 77' lang='grc' dir='ltr'>Θεὸν,</span> <span class='ocrx_word' id='word_1_84' title='bbox 1350 1296 1745 1371; x_wconf 83' lang='grc' dir='ltr'>προσκυνοῦσιν</span> 
     </span>
    </p>
   </div>
   <div class='ocr_carea' id='block_1_14' title="bbox 170 1400 865 1468">
    <p class='ocr_par' dir='ltr' id='par_1_14' title="bbox 170 1400 865 1468">
     <span class='ocr_line' id='line_1_14' title="bbox 170 1400 865 1468; baseline -0.004 -13"><span class='ocrx_word' id='word_1_85' title='bbox 170 1404 442 1465; x_wconf 82' lang='grc' dir='ltr'>ἀκουσίως</span> <span class='ocrx_word' id='word_1_86' title='bbox 473 1402 530 1455; x_wconf 84' lang='grc' dir='ltr'>ὃν</span> <span class='ocrx_word' id='word_1_87' title='bbox 557 1400 865 1468; x_wconf 83' lang='grc' dir='ltr'>ἀγνοοῦσιν.</span> 
     </span>
    </p>
   </div>
   <div class='ocr_carea' id='block_1_15' title="bbox 249 1647 1744 1730">
    <p class='ocr_par' dir='ltr' id='par_1_15' title="bbox 249 1647 1744 1730">
     <span class='ocr_line' id='line_1_15' title="bbox 249 1647 1744 1730; baseline -0.011 -15"><span class='ocrx_word' id='word_1_88' title='bbox 249 1661 351 1715; x_wconf 84' lang='grc' dir='ltr'>κθ¹.</span> <span class='ocrx_word' id='word_1_89' title='bbox 394 1660 653 1730; x_wconf 80' lang='grc' dir='ltr'>Δεύτερος</span> <span class='ocrx_word' id='word_1_90' title='bbox 686 1659 906 1730; x_wconf 82' lang='grc' dir='ltr'>τρόπος,</span> <span class='ocrx_word' id='word_1_91' title='bbox 955 1657 983 1708; x_wconf 99' lang='lat'><strong>6</strong></span> <span class='ocrx_word' id='word_1_92' title='bbox 1014 1653 1156 1708; x_wconf 86' lang='grc' dir='ltr'><strong>κατά</strong></span> <span class='ocrx_word' id='word_1_93' title='bbox 1182 1653 1365 1722; x_wconf 84' lang='grc' dir='ltr'>θαῦμα</span> <span class='ocrx_word' id='word_1_94' title='bbox 1414 1652 1508 1704; x_wconf 73' lang='grc' dir='ltr'><strong>καὶ</strong></span> <span class='ocrx_word' id='word_1_95' title='bbox 1560 1647 1744 1711; x_wconf 78' lang='grc' dir='ltr'>πόθον,</span> 
     </span>
    </p>
   </div>
   <div class='ocr_carea' id='block_1_16' title="bbox 173 1741 1749 1823">
    <p class='ocr_par' dir='ltr' id='par_1_16' title="bbox 173 1741 1749 1823">
     <span class='ocr_line' id='line_1_16' title="bbox 173 1741 1749 1823; baseline -0.009 -17"><span class='ocrx_word' id='word_1_96' title='bbox 173 1755 296 1806; x_wconf 75' lang='grc' dir='ltr'>καθ’</span> <span class='ocrx_word' id='word_1_97' title='bbox 314 1754 373 1805; x_wconf 88' lang='grc' dir='ltr'>ὂν</span> <span class='ocrx_word' id='word_1_98' title='bbox 405 1750 817 1823; x_wconf 75' lang='grc' dir='ltr'>προσκυνοῦμεν</span> <span class='ocrx_word' id='word_1_99' title='bbox 840 1750 917 1819; x_wconf 83' lang='grc' dir='ltr'>τῷ</span> <span class='ocrx_word' id='word_1_100' title='bbox 946 1747 1064 1818; x_wconf 84' lang='grc' dir='ltr'>Θεῷ</span> <span class='ocrx_word' id='word_1_101' title='bbox 1088 1746 1176 1800; x_wconf 87' lang='grc' dir='ltr'><strong>διά</strong></span> <span class='ocrx_word' id='word_1_102' title='bbox 1204 1747 1304 1815; x_wconf 84' lang='grc' dir='ltr'><strong>τὴν</strong></span> <span class='ocrx_word' id='word_1_103' title='bbox 1326 1746 1558 1812; x_wconf 83' lang='grc' dir='ltr'>φυσικὴν</span> <span class='ocrx_word' id='word_1_104' title='bbox 1592 1741 1749 1805; x_wconf 82' lang='grc' dir='ltr'>δόξαν</span> 
     </span>
    </p>
   </div>
   <div class='ocr_carea' id='block_1_17' title="bbox 173 1830 1747 1912">
    <p class='ocr_par' dir='ltr' id='par_1_17' title="bbox 173 1830 1747 1912">
     <span class='ocr_line' id='line_1_17' title="bbox 173 1830 1747 1912; baseline -0.011 -16"><span class='ocrx_word' id='word_1_105' title='bbox 173 1843 372 1896; x_wconf 80' lang='grc' dir='ltr'>αὐτοῦ·</span> <span class='ocrx_word' id='word_1_106' title='bbox 414 1844 569 1912; x_wconf 77' lang='grc' dir='ltr'>μόνος</span> <span class='ocrx_word' id='word_1_107' title='bbox 603 1841 710 1911; x_wconf 86' lang='grc' dir='ltr'><strong>γάρ</strong></span> <span class='ocrx_word' id='word_1_108' title='bbox 759 1842 878 1892; x_wconf 79' lang='grc' dir='ltr'>ἐστι</span> <span class='ocrx_word' id='word_1_109' title='bbox 928 1835 1333 1905; x_wconf 79' lang='grc' dir='ltr'>δεδοξασμένος,</span> <span class='ocrx_word' id='word_1_110' title='bbox 1369 1832 1467 1883; x_wconf 83' lang='grc' dir='ltr'><strong>οὐκ</strong></span> <span class='ocrx_word' id='word_1_111' title='bbox 1518 1830 1579 1882; x_wconf 80' lang='grc' dir='ltr'>ἐκ</span> <span class='ocrx_word' id='word_1_112' title='bbox 1604 1845 1747 1891; x_wconf 83' lang='grc' dir='ltr'>τινος</span> 
     </span>
    </p>
   </div>
   <div class='ocr_carea' id='block_1_18' title="bbox 175 1911 1822 2004">
    <p class='ocr_par' dir='ltr' id='par_1_18' title="bbox 175 1911 1822 2004">
     <span class='ocr_line' id='line_1_18' title="bbox 175 1911 1822 2004; baseline -0.01 -18"><span class='ocrx_word' id='word_1_113' title='bbox 175 1936 318 2004; x_wconf 78' lang='grc' dir='ltr'>ἔχων</span> <span class='ocrx_word' id='word_1_114' title='bbox 351 1932 447 2003; x_wconf 77' lang='grc' dir='ltr'>τὴν</span> <span class='ocrx_word' id='word_1_115' title='bbox 476 1932 651 1998; x_wconf 77' lang='grc' dir='ltr'>δόξαν,</span> <span class='ocrx_word' id='word_1_116' title='bbox 676 1930 788 1983; x_wconf 81' lang='grc' dir='ltr'>ἀλλ’</span> <span class='ocrx_word' id='word_1_117' title='bbox 816 1928 977 1990; x_wconf 81' lang='grc' dir='ltr'>αὐτὸς</span> <span class='ocrx_word' id='word_1_118' title='bbox 1028 1926 1103 1978; x_wconf 85' lang='grc' dir='ltr'>ὣν</span> <span class='ocrx_word' id='word_1_119' title='bbox 1152 1926 1331 1991; x_wconf 80' lang='grc' dir='ltr'>πάσης</span> <span class='ocrx_word' id='word_1_120' title='bbox 1379 1921 1535 1990; x_wconf 76' lang='grc' dir='ltr'>δόξης</span> <span class='ocrx_word' id='word_1_121' title='bbox 1575 1920 1745 1981; x_wconf 79' lang='grc' dir='ltr'>αἴτιος</span> <span class='ocrx_word' id='word_1_122' title='bbox 1779 1911 1822 1969; x_wconf 86' lang='grc' dir='ltr'>Β</span> 
     </span>
    </p>
   </div>
   <div class='ocr_carea' id='block_1_19' title="bbox 172 2009 1750 2089">
    <p class='ocr_par' dir='ltr' id='par_1_19' title="bbox 172 2009 1750 2089">
     <span class='ocr_line' id='line_1_19' title="bbox 172 2009 1750 2089; baseline -0.011 -12"><span class='ocrx_word' id='word_1_123' title='bbox 172 2025 271 2077; x_wconf 75' lang='grc' dir='ltr'><strong>καὶ</strong></span> <span class='ocrx_word' id='word_1_124' title='bbox 319 2023 517 2086; x_wconf 84' lang='grc' dir='ltr'>παντὸς</span> <span class='ocrx_word' id='word_1_125' title='bbox 566 2020 769 2089; x_wconf 81' lang='grc' dir='ltr'>ἀγαθοῦ</span> <span class='ocrx_word' id='word_1_126' title='bbox 821 2019 935 2089; x_wconf 85' lang='grc' dir='ltr'>φῶς</span> <span class='ocrx_word' id='word_1_127' title='bbox 984 2015 1387 2084; x_wconf 78' lang='grc' dir='ltr'>ἀκατάληπτον,</span> <span class='ocrx_word' id='word_1_128' title='bbox 1438 2009 1750 2079; x_wconf 78' lang='grc' dir='ltr'>γλυκασμὺς</span> 
     </span>
    </p>
   </div>
   <div class='ocr_carea' id='block_1_20' title="bbox 173 2103 1746 2182">
    <p class='ocr_par' dir='ltr' id='par_1_20' title="bbox 173 2103 1746 2182">
     <span class='ocr_line' id='line_1_20' title="bbox 173 2103 1746 2182; baseline -0.01 -14"><span class='ocrx_word' id='word_1_129' title='bbox 173 2117 517 2178; x_wconf 85' lang='grc' dir='ltr'>ἀνείκαστος,</span> <span class='ocrx_word' id='word_1_130' title='bbox 549 2114 744 2176; x_wconf 89' lang='grc' dir='ltr'>κάλλος</span> <span class='ocrx_word' id='word_1_131' title='bbox 786 2112 1087 2182; x_wconf 85' lang='grc' dir='ltr'>ἀμήχανον,</span> <span class='ocrx_word' id='word_1_132' title='bbox 1125 2106 1461 2175; x_wconf 82' lang='grc' dir='ltr'>ἀγαθότητος</span> <span class='ocrx_word' id='word_1_133' title='bbox 1493 2103 1746 2164; x_wconf 78' lang='grc' dir='ltr'>ἄϐυσσος,</span> 
     </span>
    </p>
   </div>
   <div class='ocr_carea' id='block_1_21' title="bbox 175 2194 1750 2275">
    <p class='ocr_par' dir='ltr' id='par_1_21' title="bbox 175 2194 1750 2275">
     <span class='ocr_line' id='line_1_21' title="bbox 175 2194 1750 2275; baseline -0.01 -15"><span class='ocrx_word' id='word_1_134' title='bbox 175 2208 341 2273; x_wconf 70' lang='grc' dir='ltr'>σοφία</span> <span class='ocrx_word' id='word_1_135' title='bbox 390 2203 809 2275; x_wconf 81' lang='grc' dir='ltr'>ἀνεξιχνίαστος,</span> <span class='ocrx_word' id='word_1_136' title='bbox 836 2200 1266 2273; x_wconf 84' lang='grc' dir='ltr'>ἀπειροδύναμος</span> <span class='ocrx_word' id='word_1_137' title='bbox 1304 2197 1551 2265; x_wconf 79' lang='grc' dir='ltr'>δύναμις,</span> <span class='ocrx_word' id='word_1_138' title='bbox 1593 2194 1750 2265; x_wconf 82' lang='grc' dir='ltr'>μόνος</span> 
     </span>
    </p>
   </div>
   <div class='ocr_carea' id='block_1_22' title="bbox 171 2285 1749 2365">
    <p class='ocr_par' dir='ltr' id='par_1_22' title="bbox 171 2285 1749 2365">
     <span class='ocr_line' id='line_1_22' title="bbox 171 2285 1749 2365; baseline -0.009 -14"><span class='ocrx_word' id='word_1_139' title='bbox 171 2299 327 2364; x_wconf 75' lang='grc' dir='ltr'>ἄξιος</span> <span class='ocrx_word' id='word_1_140' title='bbox 357 2299 422 2349; x_wconf 89' lang='grc' dir='ltr'>δι’</span> <span class='ocrx_word' id='word_1_141' title='bbox 451 2298 640 2350; x_wconf 76' lang='grc' dir='ltr'>ἑαυτὸν</span> <span class='ocrx_word' id='word_1_142' title='bbox 674 2294 1069 2365; x_wconf 81' lang='grc' dir='ltr'>θαυμάζεσθαι,</span> <span class='ocrx_word' id='word_1_143' title='bbox 1099 2287 1522 2363; x_wconf 81' lang='grc' dir='ltr'>προσκυνεῖσθαί</span> <span class='ocrx_word' id='word_1_144' title='bbox 1563 2303 1621 2339; x_wconf 88' lang='grc' dir='ltr'><strong>τε</strong></span> <span class='ocrx_word' id='word_1_145' title='bbox 1656 2285 1749 2338; x_wconf 79' lang='grc' dir='ltr'><strong>καὶ</strong></span> 
     </span>
    </p>
   </div>
   <div class='ocr_carea' id='block_1_23' title="bbox 172 2387 975 2457">
    <p class='ocr_par' dir='ltr' id='par_1_23' title="bbox 172 2387 975 2457">
     <span class='ocr_line' id='line_1_23' title="bbox 172 2387 975 2457; baseline -0.006 -13"><span class='ocrx_word' id='word_1_146' title='bbox 172 2389 516 2457; x_wconf 76' lang='grc' dir='ltr'>δοξάζεσθαι,</span> <span class='ocrx_word' id='word_1_147' title='bbox 548 2390 641 2445; x_wconf 78' lang='grc' dir='ltr'><strong>καὶ</strong></span> <span class='ocrx_word' id='word_1_148' title='bbox 668 2387 975 2441; x_wconf 87' lang='grc' dir='ltr'>ποθεῖσθαι.</span> 
     </span>
    </p>
   </div>
   <div class='ocr_carea' id='block_1_24' title="bbox 250 2653 1759 2728">
    <p class='ocr_par' dir='ltr' id='par_1_24' title="bbox 250 2653 1759 2728">
     <span class='ocr_line' id='line_1_24' title="bbox 250 2653 1759 2728; baseline -0.006 -17"><span class='ocrx_word' id='word_1_149' title='bbox 250 2659 315 2713; x_wconf 85' lang='grc' dir='ltr'>λ’.</span> <span class='ocrx_word' id='word_1_150' title='bbox 350 2658 543 2728; x_wconf 83' lang='grc' dir='ltr'>Τρίτος</span> <span class='ocrx_word' id='word_1_151' title='bbox 572 2658 834 2725; x_wconf 85' lang='grc' dir='ltr'>τρόπος,ὁ</span> <span class='ocrx_word' id='word_1_152' title='bbox 860 2657 959 2726; x_wconf 83' lang='grc' dir='ltr'><strong>τῆς</strong></span> <span class='ocrx_word' id='word_1_153' title='bbox 974 2656 1343 2727; x_wconf 80' lang='grc' dir='ltr'>εὐχαριστίας,</span> <span class='ocrx_word' id='word_1_154' title='bbox 1376 2655 1515 2723; x_wconf 80' lang='grc' dir='ltr'>ὑπὲρ</span> <span class='ocrx_word' id='word_1_155' title='bbox 1532 2653 1635 2705; x_wconf 81' lang='grc' dir='ltr'><strong>τῶν</strong></span> <span class='ocrx_word' id='word_1_156' title='bbox 1660 2667 1759 2717; x_wconf 89' lang='grc' dir='ltr'>γε-</span> 
     </span>
    </p>
   </div>
   <div class='ocr_carea' id='block_1_25' title="bbox 179 2746 1750 2817">
    <p class='ocr_par' dir='ltr' id='par_1_25' title="bbox 179 2746 1750 2817">
     <span class='ocr_line' id='line_1_25' title="bbox 179 2746 1750 2817; baseline -0.004 -18"><span class='ocrx_word' id='word_1_157' title='bbox 179 2749 425 2815; x_wconf 86' lang='grc' dir='ltr'>γονότων</span> <span class='ocrx_word' id='word_1_158' title='bbox 456 2749 535 2810; x_wconf 76' lang='grc' dir='ltr'>εἰς</span> <span class='ocrx_word' id='word_1_159' title='bbox 567 2748 713 2817; x_wconf 80' lang='grc' dir='ltr'>ἡμᾶς</span> <span class='ocrx_word' id='word_1_160' title='bbox 741 2748 985 2815; x_wconf 83' lang='grc' dir='ltr'>ἀγαθῶν.</span> <span class='ocrx_word' id='word_1_161' title='bbox 1003 2748 1191 2800; x_wconf 86' lang='grc' dir='ltr'>Πάντα</span> <span class='ocrx_word' id='word_1_162' title='bbox 1218 2747 1325 2815; x_wconf 88' lang='grc' dir='ltr'>γὰρ</span> <span class='ocrx_word' id='word_1_163' title='bbox 1344 2746 1411 2797; x_wconf 87' lang='grc' dir='ltr'><strong>τά</strong></span> <span class='ocrx_word' id='word_1_164' title='bbox 1432 2746 1559 2797; x_wconf 82' lang='grc' dir='ltr'>ὄντα</span> <span class='ocrx_word' id='word_1_165' title='bbox 1581 2760 1750 2813; x_wconf 80' lang='grc' dir='ltr'>χρεω-</span> 
     </span>
    </p>
   </div>
   <div class='ocr_carea' id='block_1_26' title="bbox 180 2837 1749 2911">
    <p class='ocr_par' dir='ltr' id='par_1_26' title="bbox 180 2837 1749 2911">
     <span class='ocr_line' id='line_1_26' title="bbox 180 2837 1749 2911; baseline -0.004 -18"><span class='ocrx_word' id='word_1_166' title='bbox 180 2845 304 2893; x_wconf 87' lang='grc' dir='ltr'>στεῖ</span> <span class='ocrx_word' id='word_1_167' title='bbox 327 2841 671 2911; x_wconf 85' lang='grc' dir='ltr'>εὐχαριστεῖν</span> <span class='ocrx_word' id='word_1_168' title='bbox 694 2839 775 2909; x_wconf 86' lang='grc' dir='ltr'><strong>τῷ</strong></span> <span class='ocrx_word' id='word_1_169' title='bbox 823 2839 964 2909; x_wconf 84' lang='grc' dir='ltr'>Θεῷ,</span> <span class='ocrx_word' id='word_1_170' title='bbox 1003 2839 1099 2892; x_wconf 72' lang='grc' dir='ltr'>καὶ</span> <span class='ocrx_word' id='word_1_171' title='bbox 1138 2839 1475 2908; x_wconf 78' lang='grc' dir='ltr'>προσφέρειν</span> <span class='ocrx_word' id='word_1_172' title='bbox 1523 2837 1749 2889; x_wconf 85' lang='grc' dir='ltr'>ἀένναον</span> 
     </span>
    </p>
   </div>
   <div class='ocr_carea' id='block_1_27' title="bbox 177 2927 1749 3003">
    <p class='ocr_par' dir='ltr' id='par_1_27' title="bbox 177 2927 1749 3003">
     <span class='ocr_line' id='line_1_27' title="bbox 177 2927 1749 3003; baseline -0.003 -19"><span class='ocrx_word' id='word_1_173' title='bbox 177 2932 579 3003; x_wconf 78' lang='grc' dir='ltr'>προσκύνησιν,</span> <span class='ocrx_word' id='word_1_174' title='bbox 613 2932 694 2985; x_wconf 85' lang='grc' dir='ltr'><strong>ὃτι</strong></span> <span class='ocrx_word' id='word_1_175' title='bbox 723 2949 782 2984; x_wconf 91' lang='grc' dir='ltr'><strong>τε</strong></span> <span class='ocrx_word' id='word_1_176' title='bbox 813 2930 872 2995; x_wconf 76' lang='grc' dir='ltr'><strong>ἐξ</strong></span> <span class='ocrx_word' id='word_1_177' title='bbox 901 2930 1070 2983; x_wconf 88' lang='grc' dir='ltr'>αὐτοῦ</span> <span class='ocrx_word' id='word_1_178' title='bbox 1101 2930 1215 3001; x_wconf 77' lang='grc' dir='ltr'>ἔχει</span> <span class='ocrx_word' id='word_1_179' title='bbox 1240 2929 1302 2983; x_wconf 86' lang='grc' dir='ltr'><strong>τὸ</strong></span> <span class='ocrx_word' id='word_1_180' title='bbox 1339 2927 1477 2982; x_wconf 86' lang='grc' dir='ltr'>εἶναι</span> <span class='ocrx_word' id='word_1_181' title='bbox 1509 2929 1578 2980; x_wconf 77' lang='grc' dir='ltr'>τὰ</span> <span class='ocrx_word' id='word_1_182' title='bbox 1610 2928 1749 2980; x_wconf 82' lang='grc' dir='ltr'>πάν-</span> 
     </span>
    </p>
   </div>
   <div class='ocr_carea' id='block_1_28' title="bbox 176 3020 1749 3092">
    <p class='ocr_par' dir='ltr' id='par_1_28' title="bbox 176 3020 1749 3092">
     <span class='ocr_line' id='line_1_28' title="bbox 176 3020 1749 3092; baseline -0.004 -15"><span class='ocrx_word' id='word_1_183' title='bbox 176 3041 273 3084; x_wconf 90' lang='grc' dir='ltr'><strong>τα,</strong></span> <span class='ocrx_word' id='word_1_184' title='bbox 310 3026 404 3076; x_wconf 74' lang='grc' dir='ltr'>καὶ</span> <span class='ocrx_word' id='word_1_185' title='bbox 441 3025 499 3075; x_wconf 86' lang='grc' dir='ltr'>ὲν</span> <span class='ocrx_word' id='word_1_186' title='bbox 535 3022 685 3092; x_wconf 88' lang='grc' dir='ltr'>αὐτῷ</span> <span class='ocrx_word' id='word_1_187' title='bbox 739 3022 1079 3088; x_wconf 86' lang='grc' dir='ltr'>συνίσταται,</span> <span class='ocrx_word' id='word_1_188' title='bbox 1114 3023 1209 3074; x_wconf 73' lang='grc' dir='ltr'><strong>καὶ</strong></span> <span class='ocrx_word' id='word_1_189' title='bbox 1238 3024 1371 3075; x_wconf 83' lang='grc' dir='ltr'>πᾶσι</span> <span class='ocrx_word' id='word_1_190' title='bbox 1398 3020 1749 3089; x_wconf 77' lang='grc' dir='ltr'>μεταδίδωσιν</span> 
     </span>
    </p>
   </div>
   <div class='ocr_carea' id='block_1_29' title="bbox 178 3106 1744 3186">
    <p class='ocr_par' dir='ltr' id='par_1_29' title="bbox 178 3106 1744 3186">
     <span class='ocr_line' id='line_1_29' title="bbox 178 3106 1744 3186; baseline -0.004 -17"><span class='ocrx_word' id='word_1_191' title='bbox 178 3116 439 3186; x_wconf 79' lang='grc' dir='ltr'>ἀφθόνως</span> <span class='ocrx_word' id='word_1_192' title='bbox 478 3115 586 3169; x_wconf 89' lang='grc' dir='ltr'><strong>τῶν</strong></span> <span class='ocrx_word' id='word_1_193' title='bbox 620 3114 812 3168; x_wconf 79' lang='grc' dir='ltr'>ἑαυτοῦ</span> <span class='ocrx_word' id='word_1_194' title='bbox 856 3115 1097 3185; x_wconf 84' lang='grc' dir='ltr'>δωρεῶν,</span> <span class='ocrx_word' id='word_1_195' title='bbox 1149 3115 1245 3167; x_wconf 76' lang='grc' dir='ltr'>καὶ</span> <span class='ocrx_word' id='word_1_196' title='bbox 1273 3115 1396 3182; x_wconf 82' lang='grc' dir='ltr'>δίχα</span> <span class='ocrx_word' id='word_1_197' title='bbox 1448 3106 1744 3181; x_wconf 83' lang='grc' dir='ltr'>αἰτήσεως·</span> 
     </span>
    </p>
   </div>
   <div class='ocr_carea' id='block_1_30' title="bbox 177 3200 1746 3273">
    <p class='ocr_par' dir='ltr' id='par_1_30' title="bbox 177 3200 1746 3273">
     <span class='ocr_line' id='line_1_30' title="bbox 177 3200 1746 3273; baseline -0.004 -14"><span class='ocrx_word' id='word_1_198' title='bbox 177 3209 276 3259; x_wconf 74' lang='grc' dir='ltr'><strong>καὶ</strong></span> <span class='ocrx_word' id='word_1_199' title='bbox 307 3206 450 3258; x_wconf 81' lang='grc' dir='ltr'>θέλει</span> <span class='ocrx_word' id='word_1_200' title='bbox 483 3206 691 3269; x_wconf 86' lang='grc' dir='ltr'>πάντας</span> <span class='ocrx_word' id='word_1_201' title='bbox 722 3204 987 3273; x_wconf 81' lang='grc' dir='ltr'>σωθῆναι,</span> <span class='ocrx_word' id='word_1_202' title='bbox 1010 3205 1105 3255; x_wconf 75' lang='grc' dir='ltr'>καὶ</span> <span class='ocrx_word' id='word_1_203' title='bbox 1147 3204 1402 3272; x_wconf 84' lang='grc' dir='ltr'>μετέχειν</span> <span class='ocrx_word' id='word_1_204' title='bbox 1430 3202 1530 3269; x_wconf 75' lang='grc' dir='ltr'>τῆς</span> <span class='ocrx_word' id='word_1_205' title='bbox 1554 3200 1746 3269; x_wconf 81' lang='grc' dir='ltr'>ἑαυτοῦ</span> 
     </span>
    </p>
   </div>
   <div class='ocr_carea' id='block_1_31' title="bbox 177 3293 1748 3366">
    <p class='ocr_par' dir='ltr' id='par_1_31' title="bbox 177 3293 1748 3366">
     <span class='ocr_line' id='line_1_31' title="bbox 177 3293 1748 3366; baseline -0.006 -15"><span class='ocrx_word' id='word_1_206' title='bbox 177 3298 522 3366; x_wconf 80' lang='grc' dir='ltr'>ἀγαθότητος</span> <span class='ocrx_word' id='word_1_207' title='bbox 542 3315 555 3328; x_wconf 88' lang='grc'><strong>·</strong></span> <span class='ocrx_word' id='word_1_208' title='bbox 586 3298 679 3349; x_wconf 72' lang='grc' dir='ltr'><strong>καὶ</strong></span> <span class='ocrx_word' id='word_1_209' title='bbox 712 3295 1060 3366; x_wconf 87' lang='grc' dir='ltr'>μακροθυμεῖ</span> <span class='ocrx_word' id='word_1_210' title='bbox 1085 3294 1169 3361; x_wconf 78' lang='grc' dir='ltr'><strong>ἐφ’</strong></span> <span class='ocrx_word' id='word_1_211' title='bbox 1192 3295 1323 3363; x_wconf 80' lang='grc' dir='ltr'>ἡμῖν</span> <span class='ocrx_word' id='word_1_212' title='bbox 1354 3293 1748 3361; x_wconf 75' lang='grc' dir='ltr'>ἁμαρτάνουσιο</span> 
     </span>
    </p>
   </div>
   <div class='ocr_carea' id='block_1_32' title="bbox 179 3381 1751 3456">
    <p class='ocr_par' dir='ltr' id='par_1_32' title="bbox 179 3381 1751 3456">
     <span class='ocr_line' id='line_1_32' title="bbox 179 3381 1751 3456; baseline -0.003 -16"><span class='ocrx_word' id='word_1_213' title='bbox 179 3388 281 3441; x_wconf 86' lang='grc' dir='ltr'>καὶ</span> <span class='ocrx_word' id='word_1_214' title='bbox 312 3388 592 3442; x_wconf 76' lang='grc' dir='ltr'>ἀνατέλλει</span> <span class='ocrx_word' id='word_1_215' title='bbox 628 3387 721 3439; x_wconf 83' lang='grc' dir='ltr'><strong>τὸν</strong></span> <span class='ocrx_word' id='word_1_216' title='bbox 763 3386 917 3456; x_wconf 78' lang='grc' dir='ltr'>ἥλιον</span> <span class='ocrx_word' id='word_1_217' title='bbox 966 3385 1061 3438; x_wconf 71' lang='grc' dir='ltr'><strong>ἐπὶ</strong></span> <span class='ocrx_word' id='word_1_218' title='bbox 1111 3385 1383 3453; x_wconf 72' lang='grc' dir='ltr'>δικαίους,</span> <span class='ocrx_word' id='word_1_219' title='bbox 1423 3384 1517 3436; x_wconf 75' lang='grc' dir='ltr'><strong>καὶ</strong></span> <span class='ocrx_word' id='word_1_220' title='bbox 1567 3381 1751 3453; x_wconf 82' lang='grc' dir='ltr'>βρέχει</span> 
     </span>
    </p>
   </div>
   <div class='ocr_carea' id='block_1_33' title="bbox 180 3472 1751 3547">
    <p class='ocr_par' dir='ltr' id='par_1_33' title="bbox 180 3472 1751 3547">
     <span class='ocr_line' id='line_1_33' title="bbox 180 3472 1751 3547; baseline -0.004 -17"><span class='ocrx_word' id='word_1_221' title='bbox 180 3478 281 3530; x_wconf 80' lang='grc' dir='ltr'>ἐπί</span> <span class='ocrx_word' id='word_1_222' title='bbox 308 3477 577 3547; x_wconf 78' lang='grc' dir='ltr'>πονηροὺς</span> <span class='ocrx_word' id='word_1_223' title='bbox 608 3478 703 3531; x_wconf 74' lang='grc' dir='ltr'><strong>καὶ</strong></span> <span class='ocrx_word' id='word_1_224' title='bbox 730 3475 971 3545; x_wconf 84' lang='grc' dir='ltr'>ἀγαθούς</span> <span class='ocrx_word' id='word_1_225' title='bbox 990 3492 1004 3507; x_wconf 74' lang='grc' dir='ltr'><strong>ο</strong></span> <span class='ocrx_word' id='word_1_226' title='bbox 1037 3476 1132 3528; x_wconf 74' lang='grc' dir='ltr'><strong>καὶ</strong></span> <span class='ocrx_word' id='word_1_227' title='bbox 1150 3476 1231 3527; x_wconf 89' lang='grc' dir='ltr'><strong>ὅτι</strong></span> <span class='ocrx_word' id='word_1_228' title='bbox 1267 3476 1294 3526; x_wconf 90' lang='lat'><strong>6</strong></span> <span class='ocrx_word' id='word_1_229' title='bbox 1329 3472 1574 3535; x_wconf 50' lang='grc' dir='ltr'>Υἱὸςητοῦ</span> <span class='ocrx_word' id='word_1_230' title='bbox 1614 3472 1751 3525; x_wconf 86' lang='grc' dir='ltr'>Θεοῦ</span> 
     </span>
    </p>
   </div>
   <div class='ocr_carea' id='block_1_34' title="bbox 178 3565 1753 3639">
    <p class='ocr_par' dir='ltr' id='par_1_34' title="bbox 178 3565 1753 3639">
     <span class='ocr_line' id='line_1_34' title="bbox 178 3565 1753 3639; baseline -0.003 -18"><span class='ocrx_word' id='word_1_231' title='bbox 178 3569 252 3621; x_wconf 87' lang='grc' dir='ltr'>δι’</span> <span class='ocrx_word' id='word_1_232' title='bbox 288 3571 437 3639; x_wconf 83' lang='grc' dir='ltr'>ἡμᾶς</span> <span class='ocrx_word' id='word_1_233' title='bbox 495 3568 616 3622; x_wconf 84' lang='grc' dir='ltr'>καθ’</span> <span class='ocrx_word' id='word_1_234' title='bbox 679 3570 823 3638; x_wconf 82' lang='grc' dir='ltr'>ἡμᾶς</span> <span class='ocrx_word' id='word_1_235' title='bbox 875 3568 1088 3635; x_wconf 82' lang='grc' dir='ltr'>γέγονε,</span> <span class='ocrx_word' id='word_1_236' title='bbox 1130 3566 1223 3618; x_wconf 73' lang='grc' dir='ltr'>καὶ</span> <span class='ocrx_word' id='word_1_237' title='bbox 1268 3565 1417 3627; x_wconf 88' lang='grc' dir='ltr'>θείας</span> <span class='ocrx_word' id='word_1_238' title='bbox 1460 3565 1753 3632; x_wconf 72' lang='grc' dir='ltr'>κοινωνοὺς</span> 
     </span>
    </p>
   </div>
   <div class='ocr_carea' id='block_1_35' title="bbox 182 3655 1752 3728">
    <p class='ocr_par' dir='ltr' id='par_1_35' title="bbox 182 3655 1752 3728">
     <span class='ocr_line' id='line_1_35' title="bbox 182 3655 1752 3728; baseline -0.001 -19"><span class='ocrx_word' id='word_1_239' title='bbox 182 3657 403 3726; x_wconf 74' lang='grc' dir='ltr'>φύσεως</span> <span class='ocrx_word' id='word_1_240' title='bbox 451 3659 709 3728; x_wconf 78' lang='grc' dir='ltr'>εποίησεν</span> <span class='ocrx_word' id='word_1_241' title='bbox 742 3658 923 3726; x_wconf 79' lang='grc' dir='ltr'>ἡμᾶς,</span> <span class='ocrx_word' id='word_1_242' title='bbox 983 3657 1064 3709; x_wconf 83' lang='grc' dir='ltr'>ὅτι</span> <span class='ocrx_word' id='word_1_243' title='bbox 1116 3656 1372 3725; x_wconf 79' lang='grc' dir='ltr'>«Ὅμοιοι</span> <span class='ocrx_word' id='word_1_244' title='bbox 1432 3655 1580 3725; x_wconf 83' lang='grc' dir='ltr'>αὐτῷ</span> <span class='ocrx_word' id='word_1_245' title='bbox 1628 3655 1752 3707; x_wconf 80' lang='grc' dir='ltr'>ἐσό-</span> 
     </span>
    </p>
   </div>
   <div class='ocr_carea' id='block_1_36' title="bbox 185 3746 1754 3819">
    <p class='ocr_par' dir='ltr' id='par_1_36' title="bbox 185 3746 1754 3819">
     <span class='ocr_line' id='line_1_36' title="bbox 185 3746 1754 3819; baseline -0.002 -18"><span class='ocrx_word' id='word_1_246' title='bbox 185 3748 351 3817; x_wconf 86' lang='grc' dir='ltr'>μεθα,</span> <span class='ocrx_word' id='word_1_247' title='bbox 388 3768 407 3800; x_wconf 72' lang='grc' dir='ltr'><strong>ι</strong></span> <span class='ocrx_word' id='word_1_248' title='bbox 460 3748 535 3811; x_wconf 84' lang='grc' dir='ltr'>ὥς</span> <span class='ocrx_word' id='word_1_249' title='bbox 567 3766 733 3819; x_wconf 84' lang='grc' dir='ltr'>φησιν</span> <span class='ocrx_word' id='word_1_250' title='bbox 767 3747 1021 3817; x_wconf 83' lang='grc' dir='ltr'>Ἰωάννης</span> <span class='ocrx_word' id='word_1_251' title='bbox 1067 3746 1095 3799; x_wconf 90' lang='grc' dir='ltr'><strong>ό</strong></span> <span class='ocrx_word' id='word_1_252' title='bbox 1127 3746 1391 3815; x_wconf 82' lang='grc' dir='ltr'>Θεολόγος</span> <span class='ocrx_word' id='word_1_253' title='bbox 1425 3747 1483 3798; x_wconf 84' lang='grc' dir='ltr'>ἐν</span> <span class='ocrx_word' id='word_1_254' title='bbox 1516 3750 1580 3817; x_wconf 79' lang='grc' dir='ltr'>τῇ</span> <span class='ocrx_word' id='word_1_255' title='bbox 1617 3746 1754 3799; x_wconf 87' lang='grc' dir='ltr'>καθ-</span> 
     </span>
    </p>
   </div>
   <div class='ocr_carea' id='block_1_37' title="bbox 180 3837 703 3906">
    <p class='ocr_par' dir='ltr' id='par_1_37' title="bbox 180 3837 703 3906">
     <span class='ocr_line' id='line_1_37' title="bbox 180 3837 703 3906; baseline 0 -17"><span class='ocrx_word' id='word_1_256' title='bbox 180 3837 340 3906; x_wconf 79' lang='grc' dir='ltr'>ολικῇ</span> <span class='ocrx_word' id='word_1_257' title='bbox 391 3837 703 3906; x_wconf 82' lang='grc' dir='ltr'>Ἐπιστολῇ.</span> 
     </span>
    </p>
   </div>
   <div class='ocr_carea' id='block_1_38' title="bbox 258 3923 1756 3995">
    <p class='ocr_par' dir='ltr' id='par_1_38' title="bbox 258 3923 1756 3995">
     <span class='ocr_line' id='line_1_38' title="bbox 258 3923 1756 3995; baseline 0 -18"><span class='ocrx_word' id='word_1_258' title='bbox 258 3924 360 3978; x_wconf 87' lang='grc' dir='ltr'>λα’.</span> <span class='ocrx_word' id='word_1_259' title='bbox 397 3926 667 3995; x_wconf 80' lang='grc' dir='ltr'>Τέταρτος</span> <span class='ocrx_word' id='word_1_260' title='bbox 698 3926 917 3994; x_wconf 80' lang='grc' dir='ltr'>τρόπος,</span> <span class='ocrx_word' id='word_1_261' title='bbox 964 3928 991 3977; x_wconf 86' lang='lat'><strong>6</strong></span> <span class='ocrx_word' id='word_1_262' title='bbox 1034 3924 1153 3978; x_wconf 82' lang='grc' dir='ltr'>κατ’</span> <span class='ocrx_word' id='word_1_263' title='bbox 1194 3924 1400 3977; x_wconf 69' lang='grc' dir='ltr'>ἔνδειαν</span> <span class='ocrx_word' id='word_1_264' title='bbox 1439 3925 1533 3976; x_wconf 73' lang='grc' dir='ltr'><strong>καὶ</strong></span> <span class='ocrx_word' id='word_1_265' title='bbox 1564 3923 1756 3977; x_wconf 79' lang='grc' dir='ltr'>ἐλπίδα</span> 
     </span>
    </p>
   </div>
   <div class='ocr_carea' id='block_1_39' title="bbox 176 4015 1752 4087">
    <p class='ocr_par' dir='ltr' id='par_1_39' title="bbox 176 4015 1752 4087">
     <span class='ocr_line' id='line_1_39' title="bbox 176 4015 1752 4087; baseline -0.002 -17"><span class='ocrx_word' id='word_1_266' title='bbox 176 4018 296 4070; x_wconf 87' lang='grc' dir='ltr'><strong>τῶν</strong></span> <span class='ocrx_word' id='word_1_267' title='bbox 344 4017 711 4087; x_wconf 79' lang='grc' dir='ltr'>εὐεργεσιῶν·</span> <span class='ocrx_word' id='word_1_268' title='bbox 766 4016 887 4069; x_wconf 82' lang='grc' dir='ltr'>καθ’</span> <span class='ocrx_word' id='word_1_269' title='bbox 944 4016 1009 4079; x_wconf 75' lang='grc' dir='ltr'>ἃς</span> <span class='ocrx_word' id='word_1_270' title='bbox 1063 4015 1541 4085; x_wconf 76' lang='grc' dir='ltr'>ἐπιγινώσκοντες,</span> <span class='ocrx_word' id='word_1_271' title='bbox 1575 4016 1649 4078; x_wconf 88' lang='grc' dir='ltr'>ὼς</span> <span class='ocrx_word' id='word_1_272' title='bbox 1690 4016 1752 4068; x_wconf 88' lang='grc' dir='ltr'><strong>οὐ</strong></span> 
     </span>
    </p>
   </div>
   <div class='ocr_carea' id='block_1_40' title="bbox 177 4104 1749 4176">
    <p class='ocr_par' dir='ltr' id='par_1_40' title="bbox 177 4104 1749 4176">
     <span class='ocr_line' id='line_1_40' title="bbox 177 4104 1749 4176; baseline -0.001 -17"><span class='ocrx_word' id='word_1_273' title='bbox 177 4108 464 4176; x_wconf 85' lang='grc' dir='ltr'>δυνάμεθα</span> <span class='ocrx_word' id='word_1_274' title='bbox 497 4108 652 4169; x_wconf 67' lang='lat' dir='ltr'><strong>tm;</strong></span> <span class='ocrx_word' id='word_1_275' title='bbox 672 4107 836 4160; x_wconf 87' lang='grc' dir='ltr'>αὐτοῦ</span> <span class='ocrx_word' id='word_1_276' title='bbox 871 4110 1045 4159; x_wconf 82' lang='grc' dir='ltr'>ποιεῖν</span> <span class='ocrx_word' id='word_1_277' title='bbox 1089 4106 1265 4169; x_wconf 88' lang='grc' dir='ltr'>οὐδὲν,</span> <span class='ocrx_word' id='word_1_278' title='bbox 1298 4107 1331 4175; x_wconf 81' lang='grc' dir='ltr'>ἢ</span> <span class='ocrx_word' id='word_1_279' title='bbox 1356 4106 1498 4175; x_wconf 75' lang='grc' dir='ltr'>ἔχειν</span> <span class='ocrx_word' id='word_1_280' title='bbox 1524 4104 1749 4173; x_wconf 86' lang='grc' dir='ltr'>ἀγαθὸν,</span> 
     </span>
    </p>
   </div>
   <div class='ocr_carea' id='block_1_41' title="bbox 179 4187 1752 4266">
    <p class='ocr_par' dir='ltr' id='par_1_41' title="bbox 179 4187 1752 4266">
     <span class='ocr_line' id='line_1_41' title="bbox 179 4187 1752 4266; baseline 0 -18"><span class='ocrx_word' id='word_1_281' title='bbox 179 4196 622 4265; x_wconf 87' lang='grc' dir='ltr'>προσκυνοῦμεν,</span> <span class='ocrx_word' id='word_1_282' title='bbox 672 4194 949 4258; x_wconf 73' lang='grc' dir='ltr'>αἰτοῦντες</span> <span class='ocrx_word' id='word_1_283' title='bbox 985 4196 1120 4266; x_wconf 80' lang='grc' dir='ltr'>παρ’</span> <span class='ocrx_word' id='word_1_284' title='bbox 1174 4197 1340 4249; x_wconf 88' lang='grc' dir='ltr'>αὐτοῦ</span> <span class='ocrx_word' id='word_1_285' title='bbox 1392 4196 1644 4260; x_wconf 72' lang='grc' dir='ltr'>ἕκαστος,</span> <span class='ocrx_word' id='word_1_286' title='bbox 1691 4187 1752 4248; x_wconf 76' lang='grc' dir='ltr'><strong>οὐ</strong></span> 
     </span>
    </p>
   </div>
   <div class='ocr_carea' id='block_1_42' title="bbox 178 4286 1753 4357">
    <p class='ocr_par' dir='ltr' id='par_1_42' title="bbox 178 4286 1753 4357">
     <span class='ocr_line' id='line_1_42' title="bbox 178 4286 1753 4357; baseline -0.001 -17"><span class='ocrx_word' id='word_1_287' title='bbox 178 4287 505 4340; x_wconf 75' lang='grc' dir='ltr'>αἰσθάνεται</span> <span class='ocrx_word' id='word_1_288' title='bbox 560 4287 754 4348; x_wconf 74' lang='grc' dir='ltr'>ἐνδεῶς</span> <span class='ocrx_word' id='word_1_289' title='bbox 790 4286 955 4356; x_wconf 65' lang='grc' dir='ltr'>ἔχειν,</span> <span class='ocrx_word' id='word_1_290' title='bbox 990 4288 1086 4339; x_wconf 75' lang='grc' dir='ltr'><strong>καὶ</strong></span> <span class='ocrx_word' id='word_1_291' title='bbox 1126 4287 1153 4339; x_wconf 86' lang='grc' dir='ltr'>ὃ</span> <span class='ocrx_word' id='word_1_292' title='bbox 1189 4286 1363 4352; x_wconf 82' lang='grc' dir='ltr'>ποθεῖ,</span> <span class='ocrx_word' id='word_1_293' title='bbox 1400 4286 1664 4357; x_wconf 81' lang='grc' dir='ltr'>ρυσθῆναί</span> <span class='ocrx_word' id='word_1_294' title='bbox 1694 4303 1753 4339; x_wconf 92' lang='grc' dir='ltr'><strong>τε</strong></span> 
     </span>
    </p>
   </div>
   <div class='ocr_carea' id='block_1_43' title="bbox 179 4374 1013 4446">
    <p class='ocr_par' dir='ltr' id='par_1_43' title="bbox 179 4374 1013 4446">
     <span class='ocr_line' id='line_1_43' title="bbox 179 4374 1013 4446; baseline 0.002 -19"><span class='ocrx_word' id='word_1_295' title='bbox 179 4374 399 4438; x_wconf 83' lang='grc' dir='ltr'>κακῶν,</span> <span class='ocrx_word' id='word_1_296' title='bbox 430 4376 521 4428; x_wconf 80' lang='grc' dir='ltr'>καὶ</span> <span class='ocrx_word' id='word_1_297' title='bbox 559 4378 744 4446; x_wconf 84' lang='grc' dir='ltr'>τυχεῖν</span> <span class='ocrx_word' id='word_1_298' title='bbox 769 4376 1013 4444; x_wconf 84' lang='grc' dir='ltr'>ἀγαθῶν.</span> 
     </span>
    </p>
   </div>
   <div class='ocr_carea' id='block_1_44' title="bbox 1846 660 3408 733">
    <p class='ocr_par' dir='ltr' id='par_1_44' title="bbox 1846 660 3408 733">
     <span class='ocr_line' id='line_1_44' title="bbox 1846 660 3408 733; baseline -0.002 -18"><span class='ocrx_word' id='word_1_299' title='bbox 1846 661 1977 717; x_wconf 87' lang='lat' dir='ltr'><strong>Deo.</strong></span> <span class='ocrx_word' id='word_1_300' title='bbox 2024 665 2202 733; x_wconf 88' lang='lat' dir='ltr'><strong>Atque</strong></span> <span class='ocrx_word' id='word_1_301' title='bbox 2239 665 2405 733; x_wconf 86' lang='lat' dir='ltr'><strong>hujus</strong></span> <span class='ocrx_word' id='word_1_302' title='bbox 2460 665 2600 720; x_wconf 81' lang='lat' dir='ltr'><strong>varii</strong></span> <span class='ocrx_word' id='word_1_303' title='bbox 2646 680 2841 718; x_wconf 82' lang='lat' dir='ltr'><strong>rursus</strong></span> <span class='ocrx_word' id='word_1_304' title='bbox 2887 664 3032 717; x_wconf 85' lang='lat' dir='ltr'><strong>modi</strong></span> <span class='ocrx_word' id='word_1_305' title='bbox 3092 671 3240 716; x_wconf 87' lang='lat' dir='ltr'><strong>sunt.</strong></span> <span class='ocrx_word' id='word_1_306' title='bbox 3277 660 3408 713; x_wconf 73' lang='lat' dir='ltr'><strong>Nam</strong></span> 
     </span>
    </p>
   </div>
   <div class='ocr_carea' id='block_1_45' title="bbox 1844 754 3412 824">
    <p class='ocr_par' dir='ltr' id='par_1_45' title="bbox 1844 754 3412 824">
     <span class='ocr_line' id='line_1_45' title="bbox 1844 754 3412 824; baseline -0.002 -17"><span class='ocrx_word' id='word_1_307' title='bbox 1844 755 2022 824; x_wconf 86' lang='lat' dir='ltr'><strong>primo</strong></span> <span class='ocrx_word' id='word_1_308' title='bbox 2076 758 2291 810; x_wconf 77' lang='lat' dir='ltr'><strong>ratione</strong></span> <span class='ocrx_word' id='word_1_309' title='bbox 2358 756 2663 810; x_wconf 77' lang='lat' dir='ltr'><strong>famulatus</strong></span> <span class='ocrx_word' id='word_1_310' title='bbox 2724 758 2969 809; x_wconf 79' lang='lat' dir='ltr'><strong>oﬁ&#39;ertur.</strong></span> <span class='ocrx_word' id='word_1_311' title='bbox 3038 754 3144 808; x_wconf 77' lang='lat' dir='ltr'><strong>Res</strong></span> <span class='ocrx_word' id='word_1_312' title='bbox 3212 754 3412 821; x_wconf 79' lang='lat' dir='ltr'><strong>quippe</strong></span> 
     </span>
    </p>
   </div>
   <div class='ocr_carea' id='block_1_46' title="bbox 1845 850 3408 921">
    <p class='ocr_par' dir='ltr' id='par_1_46' title="bbox 1845 850 3408 921">
     <span class='ocr_line' id='line_1_46' title="bbox 1845 850 3408 921; baseline -0.003 -18"><span class='ocrx_word' id='word_1_313' title='bbox 1845 858 2041 905; x_wconf 71' lang='lat' dir='ltr'><strong>creata:</strong></span> <span class='ocrx_word' id='word_1_314' title='bbox 2072 850 2243 905; x_wconf 91' lang='lat' dir='ltr'><strong>Deum</strong></span> <span class='ocrx_word' id='word_1_315' title='bbox 2269 850 2521 916; x_wconf 89' lang='lat' dir='ltr'><strong>adorant,</strong></span> <span class='ocrx_word' id='word_1_316' title='bbox 2559 851 2785 921; x_wconf 82' lang='lat' dir='ltr'><strong>perinde</strong></span> <span class='ocrx_word' id='word_1_317' title='bbox 2822 864 2885 903; x_wconf 89' lang='lat' dir='ltr'><strong>ac</strong></span> <span class='ocrx_word' id='word_1_318' title='bbox 2915 851 3057 905; x_wconf 80' lang='lat' dir='ltr'><strong>servi</strong></span> <span class='ocrx_word' id='word_1_319' title='bbox 3085 850 3408 908; x_wconf 88' lang='lat' dir='ltr'><strong>dominum;</strong></span> 
     </span>
    </p>
   </div>
   <div class='ocr_carea' id='block_1_47' title="bbox 1845 940 3412 1011">
    <p class='ocr_par' dir='ltr' id='par_1_47' title="bbox 1845 940 3412 1011">
     <span class='ocr_line' id='line_1_47' title="bbox 1845 940 3412 1011; baseline -0.003 -18"><span class='ocrx_word' id='word_1_320' title='bbox 1845 942 1921 994; x_wconf 91' lang='lat' dir='ltr'><strong>ait</strong></span> <span class='ocrx_word' id='word_1_321' title='bbox 1965 942 2112 994; x_wconf 91' lang='lat' dir='ltr'><strong>enim</strong></span> <span class='ocrx_word' id='word_1_322' title='bbox 2164 941 2450 1011; x_wconf 80' lang='lat' dir='ltr'><strong>Scriptura</strong></span> <span class='ocrx_word' id='word_1_323' title='bbox 2490 961 2504 996; x_wconf 88' lang='lat'><strong>:</strong></span> <span class='ocrx_word' id='word_1_324' title='bbox 2557 960 2575 992; x_wconf 80' lang='grc' dir='ltr'><strong>ι</strong></span> <span class='ocrx_word' id='word_1_325' title='bbox 2613 940 2885 1006; x_wconf 83' lang='lat' dir='ltr'><strong>Quoniam</strong></span> <span class='ocrx_word' id='word_1_326' title='bbox 2928 940 3113 993; x_wconf 84' lang='lat' dir='ltr'><strong>omnia</strong></span> <span class='ocrx_word' id='word_1_327' title='bbox 3164 940 3412 993; x_wconf 76' lang='lat' dir='ltr'><strong>serviunt</strong></span> 
     </span>
    </p>
   </div>
   <div class='ocr_carea' id='block_1_48' title="bbox 1845 1029 3413 1103">
    <p class='ocr_par' dir='ltr' id='par_1_48' title="bbox 1845 1029 3413 1103">
     <span class='ocr_line' id='line_1_48' title="bbox 1845 1029 3413 1103; baseline -0.004 -18"><span class='ocrx_word' id='word_1_328' title='bbox 1845 1032 1943 1085; x_wconf 94' lang='lat' dir='ltr'><strong>tibi</strong></span> <span class='ocrx_word' id='word_1_329' title='bbox 1969 1032 2051 1083; x_wconf 68' lang='grc' dir='ltr'><strong>ἐξ</strong></span> <span class='ocrx_word' id='word_1_330' title='bbox 2088 1051 2106 1084; x_wconf 72' lang='grc' dir='ltr'><strong>ι</strong></span> <span class='ocrx_word' id='word_1_331' title='bbox 2138 1041 2223 1086; x_wconf 91' lang='lat' dir='ltr'><strong>ast</strong></span> <span class='ocrx_word' id='word_1_332' title='bbox 2273 1034 2364 1086; x_wconf 84' lang='lat' dir='ltr'><strong>alii</strong></span> <span class='ocrx_word' id='word_1_333' title='bbox 2414 1034 2633 1103; x_wconf 86' lang='lat' dir='ltr'><strong>quidem</strong></span> <span class='ocrx_word' id='word_1_334' title='bbox 2679 1040 2894 1101; x_wconf 86' lang='lat' dir='ltr'><strong>sponte,</strong></span> <span class='ocrx_word' id='word_1_335' title='bbox 2933 1031 3028 1083; x_wconf 88' lang='lat' dir='ltr'><strong>alii</strong></span> <span class='ocrx_word' id='word_1_336' title='bbox 3062 1045 3196 1083; x_wconf 89' lang='lat' dir='ltr'><strong>vero</strong></span> <span class='ocrx_word' id='word_1_337' title='bbox 3241 1029 3413 1082; x_wconf 79' lang='lat' dir='ltr'><strong>invito</strong></span> 
     </span>
    </p>
   </div>
   <div class='ocr_carea' id='block_1_49' title="bbox 1845 1122 3410 1192">
    <p class='ocr_par' dir='ltr' id='par_1_49' title="bbox 1845 1122 3410 1192">
     <span class='ocr_line' id='line_1_49' title="bbox 1845 1122 3410 1192; baseline -0.002 -17"><span class='ocrx_word' id='word_1_338' title='bbox 1845 1124 2049 1176; x_wconf 92' lang='lat' dir='ltr'><strong>animo.</strong></span> <span class='ocrx_word' id='word_1_339' title='bbox 2100 1124 2207 1176; x_wconf 84' lang='lat' dir='ltr'><strong>Alii</strong></span> <span class='ocrx_word' id='word_1_340' title='bbox 2265 1124 2534 1192; x_wconf 77' lang='lat' dir='ltr'><strong>siquidem</strong></span> <span class='ocrx_word' id='word_1_341' title='bbox 2640 1138 2762 1176; x_wconf 90' lang='lat' dir='ltr'><strong>cum</strong></span> <span class='ocrx_word' id='word_1_342' title='bbox 2818 1122 2987 1177; x_wconf 91' lang='lat' dir='ltr'><strong>Deum</strong></span> <span class='ocrx_word' id='word_1_343' title='bbox 3039 1131 3410 1190; x_wconf 78' lang='lat' dir='ltr'><strong>cognoscant,</strong></span> 
     </span>
    </p>
   </div>
   <div class='ocr_carea' id='block_1_50' title="bbox 1845 1211 3411 1284">
    <p class='ocr_par' dir='ltr' id='par_1_50' title="bbox 1845 1211 3411 1284">
     <span class='ocr_line' id='line_1_50' title="bbox 1845 1211 3411 1284; baseline -0.004 -15"><span class='ocrx_word' id='word_1_344' title='bbox 1845 1216 2080 1269; x_wconf 80' lang='lat' dir='ltr'><strong>libenter</strong></span> <span class='ocrx_word' id='word_1_345' title='bbox 2108 1216 2283 1284; x_wconf 90' lang='lat' dir='ltr'><strong>ipsum</strong></span> <span class='ocrx_word' id='word_1_346' title='bbox 2319 1216 2572 1275; x_wconf 87' lang='lat' dir='ltr'><strong>adorant.</strong></span> <span class='ocrx_word' id='word_1_347' title='bbox 2609 1222 2668 1267; x_wconf 95' lang='lat' dir='ltr'><strong>ut</strong></span> <span class='ocrx_word' id='word_1_348' title='bbox 2707 1214 2959 1269; x_wconf 86' lang='lat' dir='ltr'><strong>homines</strong></span> <span class='ocrx_word' id='word_1_349' title='bbox 2996 1212 3236 1282; x_wconf 80' lang='lat' dir='ltr'><strong>religiosi</strong></span> <span class='ocrx_word' id='word_1_350' title='bbox 3271 1230 3283 1264; x_wconf 94' lang='lat'>:</span> <span class='ocrx_word' id='word_1_351' title='bbox 3323 1211 3411 1263; x_wconf 84' lang='lat' dir='ltr'><strong>alii</strong></span> 
     </span>
    </p>
   </div>
   <div class='ocr_carea' id='block_1_51' title="bbox 1846 1304 3416 1375">
    <p class='ocr_par' dir='ltr' id='par_1_51' title="bbox 1846 1304 3416 1375">
     <span class='ocr_line' id='line_1_51' title="bbox 1846 1304 3416 1375; baseline -0.004 -17"><span class='ocrx_word' id='word_1_352' title='bbox 1846 1314 2049 1371; x_wconf 90' lang='lat' dir='ltr'><strong>autem,</strong></span> <span class='ocrx_word' id='word_1_353' title='bbox 2076 1321 2198 1359; x_wconf 92' lang='lat' dir='ltr'><strong>cum</strong></span> <span class='ocrx_word' id='word_1_354' title='bbox 2222 1306 2391 1362; x_wconf 87' lang='lat' dir='ltr'><strong>Deum</strong></span> <span class='ocrx_word' id='word_1_355' title='bbox 2422 1306 2767 1375; x_wconf 88' lang='lat' dir='ltr'><strong>agnoverint,</strong></span> <span class='ocrx_word' id='word_1_356' title='bbox 2812 1312 3053 1357; x_wconf 80' lang='lat' dir='ltr'><strong>attamen</strong></span> <span class='ocrx_word' id='word_1_357' title='bbox 3085 1304 3330 1357; x_wconf 89' lang='lat' dir='ltr'><strong>nolentes</strong></span> <span class='ocrx_word' id='word_1_358' title='bbox 3362 1312 3416 1354; x_wconf 78' lang='lat' dir='ltr'><strong>et</strong></span> 
     </span>
    </p>
   </div>
   <div class='ocr_carea' id='block_1_52' title="bbox 1847 1392 3413 1462">
    <p class='ocr_par' dir='ltr' id='par_1_52' title="bbox 1847 1392 3413 1462">
     <span class='ocr_line' id='line_1_52' title="bbox 1847 1392 3413 1462; baseline -0.003 -13"><span class='ocrx_word' id='word_1_359' title='bbox 1847 1396 2001 1449; x_wconf 87' lang='lat' dir='ltr'><strong>inviti</strong></span> <span class='ocrx_word' id='word_1_360' title='bbox 2054 1397 2310 1461; x_wconf 90' lang='lat' dir='ltr'><strong>adorant,</strong></span> <span class='ocrx_word' id='word_1_361' title='bbox 2346 1408 2405 1451; x_wconf 90' lang='lat' dir='ltr'><strong>ut</strong></span> <span class='ocrx_word' id='word_1_362' title='bbox 2452 1397 2732 1450; x_wconf 59' lang='lat' dir='ltr'><strong>daemones</strong></span> <span class='ocrx_word' id='word_1_363' title='bbox 2769 1414 2781 1447; x_wconf 90' lang='lat'><strong>:</strong></span> <span class='ocrx_word' id='word_1_364' title='bbox 2821 1395 2915 1456; x_wconf 85' lang='lat' dir='ltr'><strong>alii</strong></span> <span class='ocrx_word' id='word_1_365' title='bbox 2979 1392 3219 1462; x_wconf 86' lang='lat' dir='ltr'><strong>denique</strong></span> <span class='ocrx_word' id='word_1_366' title='bbox 3265 1408 3413 1454; x_wconf 84' lang='lat' dir='ltr'><strong>eum,</strong></span> 
     </span>
    </p>
   </div>
   <div class='ocr_carea' id='block_1_53' title="bbox 1846 1484 3413 1554">
    <p class='ocr_par' dir='ltr' id='par_1_53' title="bbox 1846 1484 3413 1554">
     <span class='ocr_line' id='line_1_53' title="bbox 1846 1484 3413 1554; baseline -0.003 -16"><span class='ocrx_word' id='word_1_367' title='bbox 1846 1488 1937 1553; x_wconf 88' lang='lat' dir='ltr'><strong>qui</strong></span> <span class='ocrx_word' id='word_1_368' title='bbox 1960 1495 2153 1539; x_wconf 90' lang='lat' dir='ltr'><strong>natura</strong></span> <span class='ocrx_word' id='word_1_369' title='bbox 2181 1484 2323 1539; x_wconf 87' lang='lat' dir='ltr'><strong>Deus</strong></span> <span class='ocrx_word' id='word_1_370' title='bbox 2349 1494 2453 1549; x_wconf 87' lang='lat' dir='ltr'><strong>est,</strong></span> <span class='ocrx_word' id='word_1_371' title='bbox 2491 1487 2825 1554; x_wconf 87' lang='lat' dir='ltr'><strong>ignorantes,</strong></span> <span class='ocrx_word' id='word_1_372' title='bbox 2856 1493 3055 1554; x_wconf 65' lang='lat' dir='ltr'><strong>praeter</strong></span> <span class='ocrx_word' id='word_1_373' title='bbox 3083 1486 3413 1537; x_wconf 78' lang='lat' dir='ltr'><strong>voluntatem</strong></span> 
     </span>
    </p>
   </div>
   <div class='ocr_carea' id='block_1_54' title="bbox 1848 1576 2099 1631">
    <p class='ocr_par' dir='ltr' id='par_1_54' title="bbox 1848 1576 2099 1631">
     <span class='ocr_line' id='line_1_54' title="bbox 1848 1576 2099 1631; baseline 0.008 -3"><span class='ocrx_word' id='word_1_374' title='bbox 1848 1576 2099 1631; x_wconf 87' lang='lat' dir='ltr'><strong>adurant.</strong></span> 
     </span>
    </p>
   </div>
   <div class='ocr_carea' id='block_1_55' title="bbox 1916 1665 3414 1736">
    <p class='ocr_par' dir='ltr' id='par_1_55' title="bbox 1916 1665 3414 1736">
     <span class='ocr_line' id='line_1_55' title="bbox 1916 1665 3414 1736; baseline -0.004 -15"><span class='ocrx_word' id='word_1_375' title='bbox 1916 1668 2005 1722; x_wconf 78' lang='lat'><strong>29.</strong></span> <span class='ocrx_word' id='word_1_376' title='bbox 2036 1668 2324 1724; x_wconf 81' lang='lat' dir='ltr'><strong>Secundus</strong></span> <span class='ocrx_word' id='word_1_377' title='bbox 2347 1668 2542 1722; x_wconf 90' lang='lat' dir='ltr'><strong>modus</strong></span> <span class='ocrx_word' id='word_1_378' title='bbox 2563 1674 2669 1729; x_wconf 86' lang='lat' dir='ltr'><strong>est,</strong></span> <span class='ocrx_word' id='word_1_379' title='bbox 2686 1682 2854 1736; x_wconf 81' lang='lat' dir='ltr'><strong>quem</strong></span> <span class='ocrx_word' id='word_1_380' title='bbox 2885 1682 2979 1734; x_wconf 88' lang='lat' dir='ltr'><strong>per</strong></span> <span class='ocrx_word' id='word_1_381' title='bbox 2997 1665 3414 1728; x_wconf 73' lang='lat' dir='ltr'><strong>admirationem</strong></span> 
     </span>
    </p>
   </div>
   <div class='ocr_carea' id='block_1_56' title="bbox 1847 1755 3417 1829">
    <p class='ocr_par' dir='ltr' id='par_1_56' title="bbox 1847 1755 3417 1829">
     <span class='ocr_line' id='line_1_56' title="bbox 1847 1755 3417 1829; baseline -0.006 -14"><span class='ocrx_word' id='word_1_382' title='bbox 1847 1772 1901 1815; x_wconf 89' lang='lat' dir='ltr'><strong>et</strong></span> <span class='ocrx_word' id='word_1_383' title='bbox 1934 1760 2187 1815; x_wconf 73' lang='lat' dir='ltr'><strong>aﬂ’ectum</strong></span> <span class='ocrx_word' id='word_1_384' title='bbox 2220 1766 2549 1829; x_wconf 71' lang='lat' dir='ltr'><strong>praestamus</strong></span> <span class='ocrx_word' id='word_1_385' title='bbox 2585 1776 2597 1812; x_wconf 89' lang='lat'><strong>:</strong></span> <span class='ocrx_word' id='word_1_386' title='bbox 2634 1774 2744 1827; x_wconf 89' lang='lat' dir='ltr'><strong>quo</strong></span> <span class='ocrx_word' id='word_1_387' title='bbox 2788 1757 3008 1827; x_wconf 89' lang='lat' dir='ltr'><strong>quidem</strong></span> <span class='ocrx_word' id='word_1_388' title='bbox 3049 1757 3211 1810; x_wconf 89' lang='lat' dir='ltr'><strong>modo</strong></span> <span class='ocrx_word' id='word_1_389' title='bbox 3251 1755 3417 1809; x_wconf 82' lang='lat' dir='ltr'><strong>Deum</strong></span> 
     </span>
    </p>
   </div>
   <div class='ocr_carea' id='block_1_57' title="bbox 1850 1846 3417 1919">
    <p class='ocr_par' dir='ltr' id='par_1_57' title="bbox 1850 1846 3417 1919">
     <span class='ocr_line' id='line_1_57' title="bbox 1850 1846 3417 1919; baseline -0.004 -16"><span class='ocrx_word' id='word_1_390' title='bbox 1850 1850 2142 1904; x_wconf 84' lang='lat' dir='ltr'><strong>adoramus</strong></span> <span class='ocrx_word' id='word_1_391' title='bbox 2173 1851 2241 1904; x_wconf 95' lang='lat' dir='ltr'><strong>ob</strong></span> <span class='ocrx_word' id='word_1_392' title='bbox 2280 1850 2584 1904; x_wconf 87' lang='lat' dir='ltr'><strong>naturalem</strong></span> <span class='ocrx_word' id='word_1_393' title='bbox 2631 1849 2804 1919; x_wconf 88' lang='lat' dir='ltr'><strong>ipsius</strong></span> <span class='ocrx_word' id='word_1_394' title='bbox 2842 1849 3094 1917; x_wconf 79' lang='lat' dir='ltr'><strong>gloriam.</strong></span> <span class='ocrx_word' id='word_1_395' title='bbox 3138 1846 3232 1901; x_wconf 87' lang='lat' dir='ltr'><strong>Ille</strong></span> <span class='ocrx_word' id='word_1_396' title='bbox 3272 1849 3417 1900; x_wconf 75' lang='lat' dir='ltr'><strong>enim</strong></span> 
     </span>
    </p>
   </div>
   <div class='ocr_carea' id='block_1_58' title="bbox 1850 1939 3417 2011">
    <p class='ocr_par' dir='ltr' id='par_1_58' title="bbox 1850 1939 3417 2011">
     <span class='ocr_line' id='line_1_58' title="bbox 1850 1939 3417 2011; baseline -0.004 -16"><span class='ocrx_word' id='word_1_397' title='bbox 1850 1940 2008 1996; x_wconf 84' lang='lat' dir='ltr'><strong>solus</strong></span> <span class='ocrx_word' id='word_1_398' title='bbox 2031 1941 2261 2011; x_wconf 78' lang='lat' dir='ltr'><strong>gloriam</strong></span> <span class='ocrx_word' id='word_1_399' title='bbox 2295 1942 2561 2011; x_wconf 85' lang='lat' dir='ltr'><strong>possidet,</strong></span> <span class='ocrx_word' id='word_1_400' title='bbox 2604 1955 2769 2011; x_wconf 86' lang='lat' dir='ltr'><strong>quam</strong></span> <span class='ocrx_word' id='word_1_401' title='bbox 2804 1956 2832 1992; x_wconf 90' lang='lat' dir='ltr'><strong>a</strong></span> <span class='ocrx_word' id='word_1_402' title='bbox 2861 1939 3012 1993; x_wconf 92' lang='lat' dir='ltr'><strong>nullo</strong></span> <span class='ocrx_word' id='word_1_403' title='bbox 3046 1940 3264 2003; x_wconf 82' lang='lat' dir='ltr'><strong>habeat,</strong></span> <span class='ocrx_word' id='word_1_404' title='bbox 3294 1952 3417 1991; x_wconf 92' lang='lat' dir='ltr'><strong>cum</strong></span> 
     </span>
    </p>
   </div>
   <div class='ocr_carea' id='block_1_59' title="bbox 1852 2028 3420 2101">
    <p class='ocr_par' dir='ltr' id='par_1_59' title="bbox 1852 2028 3420 2101">
     <span class='ocr_line' id='line_1_59' title="bbox 1852 2028 3420 2101; baseline -0.003 -17"><span class='ocrx_word' id='word_1_405' title='bbox 1852 2033 1965 2101; x_wconf 86' lang='lat' dir='ltr'><strong>ipse</strong></span> <span class='ocrx_word' id='word_1_406' title='bbox 2011 2035 2194 2101; x_wconf 88' lang='lat' dir='ltr'><strong>potius</strong></span> <span class='ocrx_word' id='word_1_407' title='bbox 2251 2031 2433 2086; x_wconf 90' lang='lat' dir='ltr'><strong>omnis</strong></span> <span class='ocrx_word' id='word_1_408' title='bbox 2464 2032 2671 2100; x_wconf 82' lang='lat' dir='ltr'><strong>gloriae,</strong></span> <span class='ocrx_word' id='word_1_409' title='bbox 2724 2030 3016 2098; x_wconf 85' lang='lat' dir='ltr'><strong>omnisque</strong></span> <span class='ocrx_word' id='word_1_410' title='bbox 3053 2028 3179 2082; x_wconf 89' lang='lat' dir='ltr'><strong>boni</strong></span> <span class='ocrx_word' id='word_1_411' title='bbox 3227 2034 3420 2081; x_wconf 83' lang='lat' dir='ltr'><strong>auctor</strong></span> 
     </span>
    </p>
   </div>
   <div class='ocr_carea' id='block_1_60' title="bbox 1850 2120 3421 2193">
    <p class='ocr_par' dir='ltr' id='par_1_60' title="bbox 1850 2120 3421 2193">
     <span class='ocr_line' id='line_1_60' title="bbox 1850 2120 3421 2193; baseline -0.004 -16"><span class='ocrx_word' id='word_1_412' title='bbox 1850 2124 1950 2185; x_wconf 92' lang='lat' dir='ltr'><strong>sit;</strong></span> <span class='ocrx_word' id='word_1_413' title='bbox 1981 2130 2038 2176; x_wconf 90' lang='lat' dir='ltr'><strong>ut</strong></span> <span class='ocrx_word' id='word_1_414' title='bbox 2069 2123 2161 2193; x_wconf 89' lang='lat' dir='ltr'><strong>qui</strong></span> <span class='ocrx_word' id='word_1_415' title='bbox 2197 2124 2379 2176; x_wconf 91' lang='lat' dir='ltr'><strong>lumen</strong></span> <span class='ocrx_word' id='word_1_416' title='bbox 2409 2131 2494 2177; x_wconf 91' lang='lat' dir='ltr'><strong>est</strong></span> <span class='ocrx_word' id='word_1_417' title='bbox 2516 2121 3090 2190; x_wconf 85' lang='lat' dir='ltr'><strong>incomprehensibile,</strong></span> <span class='ocrx_word' id='word_1_418' title='bbox 3114 2120 3277 2190; x_wconf 81' lang='lat'><strong>359</strong></span> <span class='ocrx_word' id='word_1_419' title='bbox 3300 2135 3421 2174; x_wconf 84' lang='lat' dir='ltr'><strong>sna-</strong></span> 
     </span>
    </p>
   </div>
   <div class='ocr_carea' id='block_1_61' title="bbox 1848 2211 3417 2282">
    <p class='ocr_par' dir='ltr' id='par_1_61' title="bbox 1848 2211 3417 2282">
     <span class='ocr_line' id='line_1_61' title="bbox 1848 2211 3417 2282; baseline -0.003 -16"><span class='ocrx_word' id='word_1_420' title='bbox 1848 2214 1988 2267; x_wconf 86' lang='lat' dir='ltr'><strong>vitas</strong></span> <span class='ocrx_word' id='word_1_421' title='bbox 2017 2213 2488 2281; x_wconf 88' lang='lat' dir='ltr'><strong>incomparabilis,</strong></span> <span class='ocrx_word' id='word_1_422' title='bbox 2529 2213 2795 2266; x_wconf 90' lang='lat' dir='ltr'><strong>immensa</strong></span> <span class='ocrx_word' id='word_1_423' title='bbox 2818 2212 3199 2282; x_wconf 89' lang='lat' dir='ltr'><strong>pulchritudo,</strong></span> <span class='ocrx_word' id='word_1_424' title='bbox 3259 2211 3417 2264; x_wconf 92' lang='lat' dir='ltr'><strong>boni-</strong></span> 
     </span>
    </p>
   </div>
   <div class='ocr_carea' id='block_1_62' title="bbox 1850 2300 3419 2374">
    <p class='ocr_par' dir='ltr' id='par_1_62' title="bbox 1850 2300 3419 2374">
     <span class='ocr_line' id='line_1_62' title="bbox 1850 2300 3419 2374; baseline -0.003 -19"><span class='ocrx_word' id='word_1_425' title='bbox 1850 2303 1982 2358; x_wconf 88' lang='lat' dir='ltr'><strong>tatis</strong></span> <span class='ocrx_word' id='word_1_426' title='bbox 2014 2304 2268 2374; x_wconf 87' lang='lat' dir='ltr'><strong>abyssns,</strong></span> <span class='ocrx_word' id='word_1_427' title='bbox 2322 2301 2842 2372; x_wconf 84' lang='lat' dir='ltr'><strong>impervestigabilis</strong></span> <span class='ocrx_word' id='word_1_428' title='bbox 2894 2301 3186 2371; x_wconf 85' lang='lat' dir='ltr'><strong>sapientia,</strong></span> <span class='ocrx_word' id='word_1_429' title='bbox 3241 2300 3419 2352; x_wconf 79' lang='lat' dir='ltr'><strong>virtus</strong></span> 
     </span>
    </p>
   </div>
   <div class='ocr_carea' id='block_1_63' title="bbox 1850 2390 3416 2461">
    <p class='ocr_par' dir='ltr' id='par_1_63' title="bbox 1850 2390 3416 2461">
     <span class='ocr_line' id='line_1_63' title="bbox 1850 2390 3416 2461; baseline -0.003 -16"><span class='ocrx_word' id='word_1_430' title='bbox 1850 2391 2101 2458; x_wconf 90' lang='lat' dir='ltr'><strong>inﬁnita;</strong></span> <span class='ocrx_word' id='word_1_431' title='bbox 2138 2393 2287 2446; x_wconf 87' lang='lat' dir='ltr'><strong>solus</strong></span> <span class='ocrx_word' id='word_1_432' title='bbox 2321 2390 2553 2461; x_wconf 88' lang='lat' dir='ltr'><strong>proinde</strong></span> <span class='ocrx_word' id='word_1_433' title='bbox 2601 2390 2698 2461; x_wconf 92' lang='lat' dir='ltr'><strong>qui</strong></span> <span class='ocrx_word' id='word_1_434' title='bbox 2754 2405 2852 2460; x_wconf 91' lang='lat' dir='ltr'><strong>per</strong></span> <span class='ocrx_word' id='word_1_435' title='bbox 2897 2405 3018 2445; x_wconf 89' lang='lat' dir='ltr'><strong>sese</strong></span> <span class='ocrx_word' id='word_1_436' title='bbox 3071 2390 3271 2460; x_wconf 84' lang='lat' dir='ltr'><strong>dignus</strong></span> <span class='ocrx_word' id='word_1_437' title='bbox 3311 2397 3416 2451; x_wconf 91' lang='lat' dir='ltr'><strong>est,</strong></span> 
     </span>
    </p>
   </div>
   <div class='ocr_carea' id='block_1_64' title="bbox 1848 2479 3420 2551">
    <p class='ocr_par' dir='ltr' id='par_1_64' title="bbox 1848 2479 3420 2551">
     <span class='ocr_line' id='line_1_64' title="bbox 1848 2479 3420 2551; baseline -0.002 -15"><span class='ocrx_word' id='word_1_438' title='bbox 1848 2496 2009 2551; x_wconf 89' lang='lat' dir='ltr'><strong>quem</strong></span> <span class='ocrx_word' id='word_1_439' title='bbox 2046 2483 2402 2549; x_wconf 89' lang='lat' dir='ltr'><strong>admiremur,</strong></span> <span class='ocrx_word' id='word_1_440' title='bbox 2454 2482 2767 2546; x_wconf 86' lang='lat' dir='ltr'><strong>adoremus,</strong></span> <span class='ocrx_word' id='word_1_441' title='bbox 2797 2481 3099 2546; x_wconf 87' lang='lat' dir='ltr'><strong>laudemus,</strong></span> <span class='ocrx_word' id='word_1_442' title='bbox 3132 2488 3186 2536; x_wconf 90' lang='lat' dir='ltr'><strong>et</strong></span> <span class='ocrx_word' id='word_1_443' title='bbox 3212 2479 3420 2535; x_wconf 85' lang='lat' dir='ltr'><strong>deside-</strong></span> 
     </span>
    </p>
   </div>
   <div class='ocr_carea' id='block_1_65' title="bbox 1850 2588 2057 2629">
    <p class='ocr_par' dir='ltr' id='par_1_65' title="bbox 1850 2588 2057 2629">
     <span class='ocr_line' id='line_1_65' title="bbox 1850 2588 2057 2629; baseline 0.005 -2"><span class='ocrx_word' id='word_1_444' title='bbox 1850 2588 2057 2629; x_wconf 87' lang='lat' dir='ltr'><strong>remus.</strong></span> 
     </span>
    </p>
   </div>
   <div class='ocr_carea' id='block_1_66' title="bbox 1918 2663 3418 2734">
    <p class='ocr_par' dir='ltr' id='par_1_66' title="bbox 1918 2663 3418 2734">
     <span class='ocr_line' id='line_1_66' title="bbox 1918 2663 3418 2734; baseline -0.004 -16"><span class='ocrx_word' id='word_1_445' title='bbox 1918 2666 2006 2718; x_wconf 81' lang='lat'><strong>&#39;50.</strong></span> <span class='ocrx_word' id='word_1_446' title='bbox 2060 2664 2276 2720; x_wconf 89' lang='lat' dir='ltr'><strong>Tertius</strong></span> <span class='ocrx_word' id='word_1_447' title='bbox 2311 2665 2504 2720; x_wconf 89' lang='lat' dir='ltr'><strong>modus</strong></span> <span class='ocrx_word' id='word_1_448' title='bbox 2533 2674 2637 2728; x_wconf 89' lang='lat' dir='ltr'><strong>est,</strong></span> <span class='ocrx_word' id='word_1_449' title='bbox 2681 2665 2817 2734; x_wconf 82' lang='lat' dir='ltr'><strong>grati</strong></span> <span class='ocrx_word' id='word_1_450' title='bbox 2871 2665 3033 2718; x_wconf 89' lang='lat' dir='ltr'><strong>animi</strong></span> <span class='ocrx_word' id='word_1_451' title='bbox 3085 2664 3154 2719; x_wconf 89' lang='lat' dir='ltr'><strong>ob</strong></span> <span class='ocrx_word' id='word_1_452' title='bbox 3215 2663 3418 2717; x_wconf 82' lang='lat' dir='ltr'><strong>collata</strong></span> 
     </span>
    </p>
   </div>
   <div class='ocr_carea' id='block_1_67' title="bbox 1849 2755 3418 2828">
    <p class='ocr_par' dir='ltr' id='par_1_67' title="bbox 1849 2755 3418 2828">
     <span class='ocr_line' id='line_1_67' title="bbox 1849 2755 3418 2828; baseline -0.004 -18"><span class='ocrx_word' id='word_1_453' title='bbox 1849 2757 2008 2813; x_wconf 90' lang='lat' dir='ltr'><strong>nobis</strong></span> <span class='ocrx_word' id='word_1_454' title='bbox 2038 2758 2301 2812; x_wconf 84' lang='lat' dir='ltr'><strong>beneﬁcia</strong></span> <span class='ocrx_word' id='word_1_455' title='bbox 2334 2757 2691 2828; x_wconf 89' lang='lat' dir='ltr'><strong>signiﬁcatio.</strong></span> <span class='ocrx_word' id='word_1_456' title='bbox 2734 2755 2869 2809; x_wconf 87' lang='lat' dir='ltr'><strong>Nam</strong></span> <span class='ocrx_word' id='word_1_457' title='bbox 2895 2756 3076 2810; x_wconf 86' lang='lat' dir='ltr'><strong>omnia</strong></span> <span class='ocrx_word' id='word_1_458' title='bbox 3110 2769 3230 2824; x_wconf 73' lang='lat' dir='ltr'><strong>qua:</strong></span> <span class='ocrx_word' id='word_1_459' title='bbox 3269 2762 3418 2816; x_wconf 88' lang='lat' dir='ltr'><strong>sunt,</strong></span> 
     </span>
    </p>
   </div>
   <div class='ocr_carea' id='block_1_68' title="bbox 1851 2844 3419 2916">
    <p class='ocr_par' dir='ltr' id='par_1_68' title="bbox 1851 2844 3419 2916">
     <span class='ocr_line' id='line_1_68' title="bbox 1851 2844 3419 2916; baseline -0.004 -19"><span class='ocrx_word' id='word_1_460' title='bbox 1851 2845 1962 2900; x_wconf 85' lang='lat' dir='ltr'><strong>Deo</strong></span> <span class='ocrx_word' id='word_1_461' title='bbox 2004 2846 2207 2916; x_wconf 84' lang='lat' dir='ltr'><strong>gratias</strong></span> <span class='ocrx_word' id='word_1_462' title='bbox 2251 2846 2487 2907; x_wconf 88' lang='lat' dir='ltr'><strong>debent,</strong></span> <span class='ocrx_word' id='word_1_463' title='bbox 2541 2860 2953 2914; x_wconf 80' lang='lat' dir='ltr'><strong>perennemque</strong></span> <span class='ocrx_word' id='word_1_464' title='bbox 3006 2844 3419 2907; x_wconf 87' lang='lat' dir='ltr'><strong>adorationcm;</strong></span> 
     </span>
    </p>
   </div>
   <div class='ocr_carea' id='block_1_69' title="bbox 1850 2930 3422 3005">
    <p class='ocr_par' dir='ltr' id='par_1_69' title="bbox 1850 2930 3422 3005">
     <span class='ocr_line' id='line_1_69' title="bbox 1850 2930 3422 3005; baseline -0.005 -15"><span class='ocrx_word' id='word_1_465' title='bbox 1850 2938 2054 3005; x_wconf 89' lang='lat' dir='ltr'><strong>quippe</strong></span> <span class='ocrx_word' id='word_1_466' title='bbox 2081 2951 2204 2990; x_wconf 91' lang='lat' dir='ltr'><strong>cum</strong></span> <span class='ocrx_word' id='word_1_467' title='bbox 2242 2950 2271 2987; x_wconf 90' lang='lat' dir='ltr'><strong>a</strong></span> <span class='ocrx_word' id='word_1_468' title='bbox 2328 2934 2440 2987; x_wconf 88' lang='lat' dir='ltr'><strong>Deo</strong></span> <span class='ocrx_word' id='word_1_469' title='bbox 2466 2934 2742 2999; x_wconf 83' lang='lat' dir='ltr'><strong>universa,</strong></span> <span class='ocrx_word' id='word_1_470' title='bbox 2771 2941 2831 2987; x_wconf 86' lang='lat' dir='ltr'><strong>ut</strong></span> <span class='ocrx_word' id='word_1_471' title='bbox 2861 2936 2989 2997; x_wconf 90' lang='lat' dir='ltr'><strong>sint,</strong></span> <span class='ocrx_word' id='word_1_472' title='bbox 3026 2942 3191 3001; x_wconf 90' lang='lat' dir='ltr'><strong>utque</strong></span> <span class='ocrx_word' id='word_1_473' title='bbox 3222 2932 3275 2984; x_wconf 88' lang='lat' dir='ltr'><strong>in</strong></span> <span class='ocrx_word' id='word_1_474' title='bbox 3305 2930 3422 2998; x_wconf 84' lang='lat' dir='ltr'><strong>ipso</strong></span> 
     </span>
    </p>
   </div>
   <div class='ocr_carea' id='block_1_70' title="bbox 1850 3024 3420 3091">
    <p class='ocr_par' dir='ltr' id='par_1_70' title="bbox 1850 3024 3420 3091">
     <span class='ocr_line' id='line_1_70' title="bbox 1850 3024 3420 3091; baseline -0.005 -11"><span class='ocrx_word' id='word_1_475' title='bbox 1850 3035 2106 3080; x_wconf 90' lang='lat' dir='ltr'><strong>constent</strong></span> <span class='ocrx_word' id='word_1_476' title='bbox 2126 3025 2193 3088; x_wconf 74' lang='grc' dir='ltr'>θ’,</span> <span class='ocrx_word' id='word_1_477' title='bbox 2225 3025 2483 3090; x_wconf 85' lang='lat' dir='ltr'><strong>habeant,</strong></span> <span class='ocrx_word' id='word_1_478' title='bbox 2522 3040 2619 3078; x_wconf 90' lang='lat' dir='ltr'><strong>nec</strong></span> <span class='ocrx_word' id='word_1_479' title='bbox 2652 3038 2759 3078; x_wconf 92' lang='lat' dir='ltr'><strong>non</strong></span> <span class='ocrx_word' id='word_1_480' title='bbox 2787 3024 3062 3084; x_wconf 92' lang='lat' dir='ltr'><strong>omnibus,</strong></span> <span class='ocrx_word' id='word_1_481' title='bbox 3106 3038 3205 3076; x_wconf 89' lang='lat' dir='ltr'><strong>nec</strong></span> <span class='ocrx_word' id='word_1_482' title='bbox 3234 3030 3420 3091; x_wconf 87' lang='lat' dir='ltr'><strong>postu-</strong></span> 
     </span>
    </p>
   </div>
   <div class='ocr_carea' id='block_1_71' title="bbox 1852 3102 3423 3186">
    <p class='ocr_par' dir='ltr' id='par_1_71' title="bbox 1852 3102 3423 3186">
     <span class='ocr_line' id='line_1_71' title="bbox 1852 3102 3423 3186; baseline -0.008 -14"><span class='ocrx_word' id='word_1_483' title='bbox 1852 3117 2117 3182; x_wconf 85' lang='lat' dir='ltr'><strong>lantibus,</strong></span> <span class='ocrx_word' id='word_1_484' title='bbox 2152 3102 2372 3186; x_wconf 87' lang='lat' dir='ltr'><strong>copiose</strong></span> <span class='ocrx_word' id='word_1_485' title='bbox 2397 3116 2539 3170; x_wconf 87' lang='lat' dir='ltr'><strong>dona</strong></span> <span class='ocrx_word' id='word_1_486' title='bbox 2567 3130 2665 3170; x_wconf 90' lang='lat' dir='ltr'><strong>sua</strong></span> <span class='ocrx_word' id='word_1_487' title='bbox 2702 3115 3004 3184; x_wconf 84' lang='lat' dir='ltr'><strong>largiatur;</strong></span> <span class='ocrx_word' id='word_1_488' title='bbox 3040 3113 3169 3167; x_wconf 85' lang='lat' dir='ltr'><strong>velit</strong></span> <span class='ocrx_word' id='word_1_489' title='bbox 3206 3128 3423 3181; x_wconf 75' lang='lat' dir='ltr'><strong>quoque.</strong></span> 
     </span>
    </p>
   </div>
   <div class='ocr_carea' id='block_1_72' title="bbox 1854 3206 3421 3275">
    <p class='ocr_par' dir='ltr' id='par_1_72' title="bbox 1854 3206 3421 3275">
     <span class='ocr_line' id='line_1_72' title="bbox 1854 3206 3421 3275; baseline -0.003 -11"><span class='ocrx_word' id='word_1_490' title='bbox 1854 3224 2047 3265; x_wconf 88' lang='lat' dir='ltr'><strong>omnes</strong></span> <span class='ocrx_word' id='word_1_491' title='bbox 2101 3210 2281 3264; x_wconf 85' lang='lat' dir='ltr'><strong>salvos</strong></span> <span class='ocrx_word' id='word_1_492' title='bbox 2332 3208 2448 3261; x_wconf 89' lang='lat' dir='ltr'><strong>ﬁeri</strong></span> <span class='ocrx_word' id='word_1_493' title='bbox 2484 3208 2522 3272; x_wconf 61' lang='grc' dir='ltr'><strong>’ζ</strong></span> <span class='ocrx_word' id='word_1_494' title='bbox 2570 3222 2630 3261; x_wconf 86' lang='lat' dir='ltr'><strong>ac</strong></span> <span class='ocrx_word' id='word_1_495' title='bbox 2673 3222 2785 3261; x_wconf 65' lang='lat' dir='ltr'><strong>sua:</strong></span> <span class='ocrx_word' id='word_1_496' title='bbox 2816 3206 3110 3275; x_wconf 89' lang='lat' dir='ltr'><strong>participes</strong></span> <span class='ocrx_word' id='word_1_497' title='bbox 3160 3206 3421 3259; x_wconf 76' lang='lat' dir='ltr'><strong>bonitatis</strong></span> 
     </span>
    </p>
   </div>
   <div class='ocr_carea' id='block_1_73' title="bbox 1855 3295 3423 3367">
    <p class='ocr_par' dir='ltr' id='par_1_73' title="bbox 1855 3295 3423 3367">
     <span class='ocr_line' id='line_1_73' title="bbox 1855 3295 3423 3367; baseline -0.005 -13"><span class='ocrx_word' id='word_1_498' title='bbox 1855 3314 1997 3363; x_wconf 87' lang='lat' dir='ltr'><strong>esse,</strong></span> <span class='ocrx_word' id='word_1_499' title='bbox 2041 3313 2141 3353; x_wconf 91' lang='lat' dir='ltr'><strong>nos</strong></span> <span class='ocrx_word' id='word_1_500' title='bbox 2176 3306 2461 3367; x_wconf 87' lang='lat' dir='ltr'><strong>peccantes</strong></span> <span class='ocrx_word' id='word_1_501' title='bbox 2494 3297 2723 3366; x_wconf 90' lang='lat' dir='ltr'><strong>patienti</strong></span> <span class='ocrx_word' id='word_1_502' title='bbox 2756 3295 3031 3351; x_wconf 87' lang='lat' dir='ltr'><strong>sustineat</strong></span> <span class='ocrx_word' id='word_1_503' title='bbox 3057 3296 3239 3348; x_wconf 87' lang='lat' dir='ltr'><strong>animo</strong></span> <span class='ocrx_word' id='word_1_504' title='bbox 3262 3335 3277 3359; x_wconf 96' lang='lat'><strong>,</strong></span> <span class='ocrx_word' id='word_1_505' title='bbox 3308 3295 3423 3347; x_wconf 83' lang='lat' dir='ltr'><strong>ori-</strong></span> 
     </span>
    </p>
   </div>
   <div class='ocr_carea' id='block_1_74' title="bbox 1855 3382 3420 3462">
    <p class='ocr_par' dir='ltr' id='par_1_74' title="bbox 1855 3382 3420 3462">
     <span class='ocr_line' id='line_1_74' title="bbox 1855 3382 3420 3462; baseline -0.004 -17"><span class='ocrx_word' id='word_1_506' title='bbox 1855 3395 2015 3462; x_wconf 88' lang='lat' dir='ltr'><strong>rique</strong></span> <span class='ocrx_word' id='word_1_507' title='bbox 2054 3382 2216 3446; x_wconf 76' lang='lat' dir='ltr'><strong>faciat</strong></span> <span class='ocrx_word' id='word_1_508' title='bbox 2261 3390 2432 3444; x_wconf 87' lang='lat' dir='ltr'><strong>solem</strong></span> <span class='ocrx_word' id='word_1_509' title='bbox 2463 3403 2622 3443; x_wconf 90' lang='lat' dir='ltr'><strong>suum</strong></span> <span class='ocrx_word' id='word_1_510' title='bbox 2663 3403 2827 3458; x_wconf 81' lang='lat' dir='ltr'><strong>super</strong></span> <span class='ocrx_word' id='word_1_511' title='bbox 2858 3389 3037 3456; x_wconf 89' lang='lat' dir='ltr'><strong>justos</strong></span> <span class='ocrx_word' id='word_1_512' title='bbox 3082 3397 3133 3440; x_wconf 90' lang='lat' dir='ltr'><strong>et</strong></span> <span class='ocrx_word' id='word_1_513' title='bbox 3165 3386 3420 3454; x_wconf 85' lang='lat' dir='ltr'><strong>iujustus,</strong></span> 
     </span>
    </p>
   </div>
   <div class='ocr_carea' id='block_1_75' title="bbox 1857 3478 3422 3552">
    <p class='ocr_par' dir='ltr' id='par_1_75' title="bbox 1857 3478 3422 3552">
     <span class='ocr_line' id='line_1_75' title="bbox 1857 3478 3422 3552; baseline -0.004 -16"><span class='ocrx_word' id='word_1_514' title='bbox 1857 3491 1911 3537; x_wconf 91' lang='lat' dir='ltr'><strong>et</strong></span> <span class='ocrx_word' id='word_1_515' title='bbox 1939 3484 2087 3552; x_wconf 90' lang='lat' dir='ltr'><strong>pluat</strong></span> <span class='ocrx_word' id='word_1_516' title='bbox 2115 3496 2278 3551; x_wconf 86' lang='lat' dir='ltr'><strong>super</strong></span> <span class='ocrx_word' id='word_1_517' title='bbox 2310 3481 2481 3534; x_wconf 94' lang='lat' dir='ltr'><strong>bonos</strong></span> <span class='ocrx_word' id='word_1_518' title='bbox 2510 3487 2563 3532; x_wconf 87' lang='lat' dir='ltr'><strong>et</strong></span> <span class='ocrx_word' id='word_1_519' title='bbox 2591 3480 2762 3533; x_wconf 83' lang='lat' dir='ltr'><strong>malos</strong></span> <span class='ocrx_word' id='word_1_520' title='bbox 2787 3481 2831 3530; x_wconf 83' lang='grc'>³.</span> <span class='ocrx_word' id='word_1_521' title='bbox 2863 3478 2942 3531; x_wconf 87' lang='lat' dir='ltr'><strong>Ad</strong></span> <span class='ocrx_word' id='word_1_522' title='bbox 2978 3480 3113 3542; x_wconf 67' lang='lat' dir='ltr'><strong>haec,</strong></span> <span class='ocrx_word' id='word_1_523' title='bbox 3142 3478 3269 3547; x_wconf 89' lang='lat' dir='ltr'><strong>quia</strong></span> <span class='ocrx_word' id='word_1_524' title='bbox 3308 3479 3422 3545; x_wconf 75' lang='lat' dir='ltr'><strong>ipse</strong></span> 
     </span>
    </p>
   </div>
   <div class='ocr_carea' id='block_1_76' title="bbox 1860 3568 3421 3639">
    <p class='ocr_par' dir='ltr' id='par_1_76' title="bbox 1860 3568 3421 3639">
     <span class='ocr_line' id='line_1_76' title="bbox 1860 3568 3421 3639; baseline -0.006 -11"><span class='ocrx_word' id='word_1_525' title='bbox 1860 3574 1954 3630; x_wconf 87' lang='lat' dir='ltr'><strong>Dei</strong></span> <span class='ocrx_word' id='word_1_526' title='bbox 2010 3573 2179 3627; x_wconf 86' lang='lat' dir='ltr'><strong>Filius</strong></span> <span class='ocrx_word' id='word_1_527' title='bbox 2228 3574 2400 3626; x_wconf 88' lang='lat' dir='ltr'><strong>instar</strong></span> <span class='ocrx_word' id='word_1_528' title='bbox 2452 3570 2625 3625; x_wconf 89' lang='lat' dir='ltr'><strong>nostri</strong></span> <span class='ocrx_word' id='word_1_529' title='bbox 2686 3582 2911 3639; x_wconf 82' lang='lat' dir='ltr'><strong>propter</strong></span> <span class='ocrx_word' id='word_1_530' title='bbox 2952 3583 3053 3622; x_wconf 92' lang='lat' dir='ltr'><strong>nos</strong></span> <span class='ocrx_word' id='word_1_531' title='bbox 3099 3568 3279 3621; x_wconf 81' lang='lat' dir='ltr'><strong>factus</strong></span> <span class='ocrx_word' id='word_1_532' title='bbox 3313 3579 3421 3631; x_wconf 85' lang='lat' dir='ltr'><strong>est,</strong></span> 
     </span>
    </p>
   </div>
   <div class='ocr_carea' id='block_1_77' title="bbox 1860 3659 3423 3734">
    <p class='ocr_par' dir='ltr' id='par_1_77' title="bbox 1860 3659 3423 3734">
     <span class='ocr_line' id='line_1_77' title="bbox 1860 3659 3423 3734; baseline -0.006 -13"><span class='ocrx_word' id='word_1_533' title='bbox 1860 3682 2068 3734; x_wconf 90' lang='lat' dir='ltr'><strong>nosque</strong></span> <span class='ocrx_word' id='word_1_534' title='bbox 2101 3665 2297 3719; x_wconf 63' lang='lat' dir='ltr'><strong>divinae</strong></span> <span class='ocrx_word' id='word_1_535' title='bbox 2320 3674 2528 3716; x_wconf 69' lang='lat' dir='ltr'><strong>natura:</strong></span> <span class='ocrx_word' id='word_1_536' title='bbox 2551 3670 2838 3716; x_wconf 87' lang='lat' dir='ltr'><strong>consortes</strong></span> <span class='ocrx_word' id='word_1_537' title='bbox 2871 3659 3003 3715; x_wconf 77' lang='lat' dir='ltr'><strong>fecit</strong></span> <span class='ocrx_word' id='word_1_538' title='bbox 3033 3660 3052 3690; x_wconf 86' lang='grc'>³</span> <span class='ocrx_word' id='word_1_539' title='bbox 3078 3676 3090 3712; x_wconf 94' lang='lat'>:</span> <span class='ocrx_word' id='word_1_540' title='bbox 3122 3673 3184 3713; x_wconf 92' lang='lat' dir='ltr'><strong>ac</strong></span> <span class='ocrx_word' id='word_1_541' title='bbox 3204 3659 3423 3712; x_wconf 88' lang='lat' dir='ltr'><strong>tandem</strong></span> 
     </span>
    </p>
   </div>
   <div class='ocr_carea' id='block_1_78' title="bbox 1852 3750 3421 3827">
    <p class='ocr_par' dir='ltr' id='par_1_78' title="bbox 1852 3750 3421 3827">
     <span class='ocr_line' id='line_1_78' title="bbox 1852 3750 3421 3827; baseline -0.006 -16"><span class='ocrx_word' id='word_1_542' title='bbox 1852 3759 2001 3827; x_wconf 88' lang='lat' dir='ltr'><strong>quia,</strong></span> <span class='ocrx_word' id='word_1_543' title='bbox 2041 3764 2097 3809; x_wconf 91' lang='lat' dir='ltr'><strong>ut</strong></span> <span class='ocrx_word' id='word_1_544' title='bbox 2152 3756 2393 3809; x_wconf 79' lang='lat' dir='ltr'><strong>Joannes</strong></span> <span class='ocrx_word' id='word_1_545' title='bbox 2425 3752 2737 3819; x_wconf 83' lang='lat' dir='ltr'><strong>Theologus</strong></span> <span class='ocrx_word' id='word_1_546' title='bbox 2770 3752 2825 3805; x_wconf 89' lang='lat' dir='ltr'><strong>in</strong></span> <span class='ocrx_word' id='word_1_547' title='bbox 2876 3752 3109 3821; x_wconf 88' lang='lat' dir='ltr'><strong>epistola</strong></span> <span class='ocrx_word' id='word_1_548' title='bbox 3142 3750 3421 3805; x_wconf 83' lang='lat' dir='ltr'><strong>Catholica</strong></span> 
     </span>
    </p>
   </div>
   <div class='ocr_carea' id='block_1_79' title="bbox 1852 3841 2724 3900">
    <p class='ocr_par' dir='ltr' id='par_1_79' title="bbox 1852 3841 2724 3900">
     <span class='ocr_line' id='line_1_79' title="bbox 1852 3841 2724 3900; baseline -0.009 0"><span class='ocrx_word' id='word_1_549' title='bbox 1852 3847 1969 3900; x_wconf 87' lang='lat' dir='ltr'><strong>ait:</strong></span> <span class='ocrx_word' id='word_1_550' title='bbox 2009 3864 2025 3894; x_wconf 78' lang='grc' dir='ltr'><strong>ι</strong></span> <span class='ocrx_word' id='word_1_551' title='bbox 2062 3842 2283 3897; x_wconf 90' lang='lat' dir='ltr'><strong>Similes</strong></span> <span class='ocrx_word' id='word_1_552' title='bbox 2314 3843 2362 3897; x_wconf 90' lang='lat' dir='ltr'><strong>ei</strong></span> <span class='ocrx_word' id='word_1_553' title='bbox 2393 3842 2597 3895; x_wconf 88' lang='lat' dir='ltr'><strong>erimus</strong></span> <span class='ocrx_word' id='word_1_554' title='bbox 2625 3841 2664 3895; x_wconf 71' lang='grc'>⁸.</span> <span class='ocrx_word' id='word_1_555' title='bbox 2707 3860 2724 3892; x_wconf 73' lang='grc' dir='ltr'><strong>ι</strong></span> 
     </span>
    </p>
   </div>
   <div class='ocr_carea' id='block_1_80' title="bbox 1923 3929 3425 3998">
    <p class='ocr_par' dir='ltr' id='par_1_80' title="bbox 1923 3929 3425 3998">
     <span class='ocr_line' id='line_1_80' title="bbox 1923 3929 3425 3998; baseline -0.005 -10"><span class='ocrx_word' id='word_1_556' title='bbox 1923 3936 2013 3988; x_wconf 77' lang='grc'><strong>51.</strong></span> <span class='ocrx_word' id='word_1_557' title='bbox 2056 3933 2296 3998; x_wconf 86' lang='lat' dir='ltr'><strong>Quartus</strong></span> <span class='ocrx_word' id='word_1_558' title='bbox 2340 3929 2534 3983; x_wconf 91' lang='lat' dir='ltr'><strong>modus</strong></span> <span class='ocrx_word' id='word_1_559' title='bbox 2562 3938 2665 3993; x_wconf 90' lang='lat' dir='ltr'><strong>est,</strong></span> <span class='ocrx_word' id='word_1_560' title='bbox 2703 3943 2809 3998; x_wconf 92' lang='lat' dir='ltr'><strong>quo</strong></span> <span class='ocrx_word' id='word_1_561' title='bbox 2836 3936 3081 3984; x_wconf 89' lang='lat' dir='ltr'><strong>nostram</strong></span> <span class='ocrx_word' id='word_1_562' title='bbox 3110 3929 3345 3998; x_wconf 88' lang='lat' dir='ltr'><strong>inopiam</strong></span> <span class='ocrx_word' id='word_1_563' title='bbox 3373 3937 3425 3981; x_wconf 89' lang='lat' dir='ltr'><strong>et</strong></span> 
     </span>
    </p>
   </div>
   <div class='ocr_carea' id='block_1_81' title="bbox 1859 4022 3422 4090">
    <p class='ocr_par' dir='ltr' id='par_1_81' title="bbox 1859 4022 3422 4090">
     <span class='ocr_line' id='line_1_81' title="bbox 1859 4022 3422 4090; baseline -0.004 -8"><span class='ocrx_word' id='word_1_564' title='bbox 1859 4025 2276 4082; x_wconf 91' lang='lat' dir='ltr'><strong>obtinendorum</strong></span> <span class='ocrx_word' id='word_1_565' title='bbox 2301 4022 2568 4075; x_wconf 88' lang='lat' dir='ltr'><strong>honorum</strong></span> <span class='ocrx_word' id='word_1_566' title='bbox 2608 4036 2757 4090; x_wconf 87' lang='lat' dir='ltr'><strong>spem</strong></span> <span class='ocrx_word' id='word_1_567' title='bbox 2801 4028 3198 4087; x_wconf 91' lang='lat' dir='ltr'><strong>protestamur;</strong></span> <span class='ocrx_word' id='word_1_568' title='bbox 3232 4032 3422 4090; x_wconf 86' lang='lat' dir='ltr'><strong>quate-</strong></span> 
     </span>
    </p>
   </div>
   <div class='ocr_carea' id='block_1_82' title="bbox 1857 4110 3421 4183">
    <p class='ocr_par' dir='ltr' id='par_1_82' title="bbox 1857 4110 3421 4183">
     <span class='ocr_line' id='line_1_82' title="bbox 1857 4110 3421 4183; baseline -0.006 -11"><span class='ocrx_word' id='word_1_569' title='bbox 1857 4133 1983 4181; x_wconf 89' lang='lat' dir='ltr'><strong>nus,</strong></span> <span class='ocrx_word' id='word_1_570' title='bbox 2016 4130 2139 4170; x_wconf 91' lang='lat' dir='ltr'><strong>cum</strong></span> <span class='ocrx_word' id='word_1_571' title='bbox 2190 4112 2327 4167; x_wconf 91' lang='lat' dir='ltr'><strong>nihil</strong></span> <span class='ocrx_word' id='word_1_572' title='bbox 2361 4126 2588 4183; x_wconf 88' lang='lat' dir='ltr'><strong>prorsus</strong></span> <span class='ocrx_word' id='word_1_573' title='bbox 2627 4111 2752 4164; x_wconf 91' lang='lat' dir='ltr'><strong>boni</strong></span> <span class='ocrx_word' id='word_1_574' title='bbox 2795 4111 2914 4165; x_wconf 90' lang='lat' dir='ltr'><strong>sine</strong></span> <span class='ocrx_word' id='word_1_575' title='bbox 2959 4110 3051 4164; x_wconf 88' lang='lat' dir='ltr'><strong>illo</strong></span> <span class='ocrx_word' id='word_1_576' title='bbox 3099 4111 3275 4164; x_wconf 81' lang='lat' dir='ltr'><strong>facere</strong></span> <span class='ocrx_word' id='word_1_577' title='bbox 3322 4124 3421 4163; x_wconf 86' lang='lat' dir='ltr'><strong>nos</strong></span> 
     </span>
    </p>
   </div>
   <div class='ocr_carea' id='block_1_83' title="bbox 1858 4198 3422 4275">
    <p class='ocr_par' dir='ltr' id='par_1_83' title="bbox 1858 4198 3422 4275">
     <span class='ocr_line' id='line_1_83' title="bbox 1858 4198 3422 4275; baseline -0.006 -15"><span class='ocrx_word' id='word_1_578' title='bbox 1858 4218 2040 4275; x_wconf 89' lang='lat' dir='ltr'><strong>posse,</strong></span> <span class='ocrx_word' id='word_1_579' title='bbox 2078 4209 2170 4255; x_wconf 91' lang='lat' dir='ltr'><strong>aut</strong></span> <span class='ocrx_word' id='word_1_580' title='bbox 2210 4201 2411 4254; x_wconf 89' lang='lat' dir='ltr'><strong>habere</strong></span> <span class='ocrx_word' id='word_1_581' title='bbox 2466 4200 2704 4255; x_wconf 86' lang='lat' dir='ltr'><strong>sciamus</strong></span> <span class='ocrx_word' id='word_1_582' title='bbox 2729 4237 2742 4259; x_wconf 88' lang='lat'><strong>,</strong></span> <span class='ocrx_word' id='word_1_583' title='bbox 2793 4198 2971 4267; x_wconf 89' lang='lat' dir='ltr'><strong>ipsum</strong></span> <span class='ocrx_word' id='word_1_584' title='bbox 3023 4198 3336 4261; x_wconf 88' lang='lat' dir='ltr'><strong>adoramus,</strong></span> <span class='ocrx_word' id='word_1_585' title='bbox 3371 4198 3422 4251; x_wconf 91' lang='lat' dir='ltr'><strong>id</strong></span> 
     </span>
    </p>
   </div>
   <div class='ocr_carea' id='block_1_84' title="bbox 1857 4288 3426 4364">
    <p class='ocr_par' dir='ltr' id='par_1_84' title="bbox 1857 4288 3426 4364">
     <span class='ocr_line' id='line_1_84' title="bbox 1857 4288 3426 4364; baseline -0.006 -13"><span class='ocrx_word' id='word_1_586' title='bbox 1857 4296 2233 4364; x_wconf 73' lang='lat' dir='ltr'><strong>efﬂagitantes,</strong></span> <span class='ocrx_word' id='word_1_587' title='bbox 2267 4305 2376 4359; x_wconf 88' lang='lat' dir='ltr'><strong>quo</strong></span> <span class='ocrx_word' id='word_1_588' title='bbox 2408 4304 2467 4344; x_wconf 88' lang='lat' dir='ltr'><strong>se</strong></span> <span class='ocrx_word' id='word_1_589' title='bbox 2498 4290 2730 4358; x_wconf 89' lang='lat' dir='ltr'><strong>quisque</strong></span> <span class='ocrx_word' id='word_1_590' title='bbox 2762 4303 2921 4357; x_wconf 84' lang='lat' dir='ltr'><strong>egere</strong></span> <span class='ocrx_word' id='word_1_591' title='bbox 2961 4288 3131 4353; x_wconf 89' lang='lat' dir='ltr'><strong>novit,</strong></span> <span class='ocrx_word' id='word_1_592' title='bbox 3172 4288 3426 4356; x_wconf 90' lang='lat' dir='ltr'><strong>quodque</strong></span> 
     </span>
    </p>
   </div>
   <div class='ocr_carea' id='block_1_85' title="bbox 1857 4380 3421 4448">
    <p class='ocr_par' dir='ltr' id='par_1_85' title="bbox 1857 4380 3421 4448">
     <span class='ocr_line' id='line_1_85' title="bbox 1857 4380 3421 4448; baseline -0.004 -9"><span class='ocrx_word' id='word_1_593' title='bbox 1857 4384 2150 4448; x_wconf 88' lang='lat' dir='ltr'><strong>desiderat,</strong></span> <span class='ocrx_word' id='word_1_594' title='bbox 2170 4382 2284 4436; x_wconf 84' lang='lat' dir='ltr'><strong>sive</strong></span> <span class='ocrx_word' id='word_1_595' title='bbox 2308 4388 2415 4435; x_wconf 91' lang='lat' dir='ltr'><strong>uta</strong></span> <span class='ocrx_word' id='word_1_596' title='bbox 2437 4380 2596 4435; x_wconf 91' lang='lat' dir='ltr'><strong>malis</strong></span> <span class='ocrx_word' id='word_1_597' title='bbox 2618 4381 2909 4446; x_wconf 79' lang='lat' dir='ltr'><strong>eximatur,</strong></span> <span class='ocrx_word' id='word_1_598' title='bbox 2934 4380 3049 4433; x_wconf 88' lang='lat' dir='ltr'><strong>sive</strong></span> <span class='ocrx_word' id='word_1_599' title='bbox 3073 4385 3132 4432; x_wconf 91' lang='lat' dir='ltr'><strong>ut</strong></span> <span class='ocrx_word' id='word_1_600' title='bbox 3156 4380 3421 4432; x_wconf 81' lang='lat' dir='ltr'><strong>bonorum</strong></span> 
     </span>
    </p>
   </div>
   <div class='ocr_carea' id='block_1_86' title="bbox 1856 4477 2309 4543">
    <p class='ocr_par' dir='ltr' id='par_1_86' title="bbox 1856 4477 2309 4543">
     <span class='ocr_line' id='line_1_86' title="bbox 1856 4477 2309 4543; baseline -0.011 -12"><span class='ocrx_word' id='word_1_601' title='bbox 1856 4477 2045 4531; x_wconf 86' lang='lat' dir='ltr'><strong>evadat</strong></span> <span class='ocrx_word' id='word_1_602' title='bbox 2071 4487 2309 4543; x_wconf 90' lang='lat' dir='ltr'><strong>compos.</strong></span> 
     </span>
    </p>
   </div>
   <div class='ocr_carea' id='block_1_87' title="bbox 259 4548 1751 4630">
    <p class='ocr_par' dir='ltr' id='par_1_87' title="bbox 259 4552 1751 4625">
     <span class='ocr_line' id='line_1_87' title="bbox 259 4552 1751 4625; baseline 0.001 -20"><span class='ocrx_word' id='word_1_603' title='bbox 259 4553 358 4624; x_wconf 82' lang='grc' dir='ltr'>λβ’.</span> <span class='ocrx_word' id='word_1_604' title='bbox 409 4554 667 4625; x_wconf 86' lang='grc' dir='ltr'>Πέμπτος</span> <span class='ocrx_word' id='word_1_605' title='bbox 715 4553 935 4623; x_wconf 83' lang='grc' dir='ltr'>τρόπος,</span> <span class='ocrx_word' id='word_1_606' title='bbox 971 4554 999 4605; x_wconf 94' lang='lat'><strong>6</strong></span> <span class='ocrx_word' id='word_1_607' title='bbox 1041 4552 1139 4623; x_wconf 75' lang='grc' dir='ltr'><strong>τῆς</strong></span> <span class='ocrx_word' id='word_1_608' title='bbox 1188 4553 1478 4624; x_wconf 82' lang='grc' dir='ltr'>μετανοίας</span> <span class='ocrx_word' id='word_1_609' title='bbox 1512 4553 1607 4607; x_wconf 74' lang='grc' dir='ltr'>καὶ</span> <span class='ocrx_word' id='word_1_610' title='bbox 1654 4552 1751 4622; x_wconf 78' lang='grc' dir='ltr'>τῆς</span> 
     </span>
    </p>
   </div>
   <div class='ocr_carea' id='block_1_88' title="bbox 1851 4548 3421 4630">
    <p class='ocr_par' dir='ltr' id='par_1_88' title="bbox 1929 4558 3421 4630">
     <span class='ocr_line' id='line_1_88' title="bbox 1929 4558 3421 4630; baseline -0.006 -11"><span class='ocrx_word' id='word_1_611' title='bbox 1929 4567 2016 4619; x_wconf 70' lang='grc'><strong>52.</strong></span> <span class='ocrx_word' id='word_1_612' title='bbox 2049 4564 2279 4629; x_wconf 86' lang='lat' dir='ltr'><strong>Quintus</strong></span> <span class='ocrx_word' id='word_1_613' title='bbox 2305 4562 2501 4617; x_wconf 87' lang='lat' dir='ltr'><strong>modus</strong></span> <span class='ocrx_word' id='word_1_614' title='bbox 2536 4569 2639 4625; x_wconf 91' lang='lat' dir='ltr'><strong>cst,</strong></span> <span class='ocrx_word' id='word_1_615' title='bbox 2668 4560 3002 4630; x_wconf 59' lang='lat' dir='ltr'><strong>paenitentia:</strong></span> <span class='ocrx_word' id='word_1_616' title='bbox 3026 4567 3081 4615; x_wconf 88' lang='lat' dir='ltr'><strong>et</strong></span> <span class='ocrx_word' id='word_1_617' title='bbox 3114 4558 3421 4615; x_wconf 80' lang='lat' dir='ltr'><strong>confessio-</strong></span> 
     </span>
    </p>
   </div>
   <div class='ocr_carea' id='block_1_89' title="bbox 178 4644 1762 4717">
    <p class='ocr_par' dir='ltr' id='par_1_89' title="bbox 178 4644 1762 4717">
     <span class='ocr_line' id='line_1_89' title="bbox 178 4644 1762 4717; baseline -0.001 -16"><span class='ocrx_word' id='word_1_618' title='bbox 178 4647 668 4715; x_wconf 77' lang='grc' dir='ltr'>ὲξομολογήσεωςο</span> <span class='ocrx_word' id='word_1_619' title='bbox 726 4645 1133 4717; x_wconf 81' lang='grc' dir='ltr'>ἁμαρτάνοντες</span> <span class='ocrx_word' id='word_1_620' title='bbox 1188 4646 1298 4715; x_wconf 77' lang='grc' dir='ltr'><strong>γάρ</strong></span> <span class='ocrx_word' id='word_1_621' title='bbox 1347 4644 1762 4717; x_wconf 85' lang='grc' dir='ltr'>προσκυνοῦμεν</span> 
     </span>
    </p>
   </div>
   <div class='ocr_carea' id='block_1_90' title="bbox 178 4736 1761 4807">
    <p class='ocr_par' dir='ltr' id='par_1_90' title="bbox 178 4736 1761 4807">
     <span class='ocr_line' id='line_1_90' title="bbox 178 4736 1761 4807; baseline -0.001 -15"><span class='ocrx_word' id='word_1_622' title='bbox 178 4740 285 4792; x_wconf 74' lang='grc' dir='ltr'><strong>καὶ</strong></span> <span class='ocrx_word' id='word_1_623' title='bbox 317 4737 731 4807; x_wconf 88' lang='grc' dir='ltr'>προσπίπτομεν</span> <span class='ocrx_word' id='word_1_624' title='bbox 784 4737 863 4806; x_wconf 85' lang='grc' dir='ltr'>τῷ</span> <span class='ocrx_word' id='word_1_625' title='bbox 894 4736 1034 4807; x_wconf 83' lang='grc' dir='ltr'>Θεῷ,</span> <span class='ocrx_word' id='word_1_626' title='bbox 1063 4737 1303 4807; x_wconf 84' lang='grc' dir='ltr'>δεόμενοι</span> <span class='ocrx_word' id='word_1_627' title='bbox 1342 4736 1761 4807; x_wconf 81' lang='grc' dir='ltr'>συγχωρηθῆναι</span> 
     </span>
    </p>
   </div>
   <div class='ocr_carea' id='block_1_91' title="bbox 177 4823 1763 4900">
    <p class='ocr_par' dir='ltr' id='par_1_91' title="bbox 177 4823 1763 4900">
     <span class='ocr_line' id='line_1_91' title="bbox 177 4823 1763 4900; baseline 0.002 -18"><span class='ocrx_word' id='word_1_628' title='bbox 177 4829 260 4882; x_wconf 76' lang='grc' dir='ltr'>τὰ</span> <span class='ocrx_word' id='word_1_629' title='bbox 291 4829 630 4897; x_wconf 88' lang='grc' dir='ltr'>πταίσματα,</span> <span class='ocrx_word' id='word_1_630' title='bbox 672 4827 747 4891; x_wconf 90' lang='grc' dir='ltr'><strong>ώς</strong></span> <span class='ocrx_word' id='word_1_631' title='bbox 799 4827 978 4882; x_wconf 87' lang='grc' dir='ltr'>δοῦλοι</span> <span class='ocrx_word' id='word_1_632' title='bbox 1023 4828 1383 4900; x_wconf 87' lang='grc' dir='ltr'>εὐγνώνομες.</span> <span class='ocrx_word' id='word_1_633' title='bbox 1423 4830 1532 4884; x_wconf 78' lang='grc' dir='ltr'><strong>Καὶ</strong></span> <span class='ocrx_word' id='word_1_634' title='bbox 1557 4823 1709 4894; x_wconf 79' lang='grc' dir='ltr'>οὗτος</span> <span class='ocrx_word' id='word_1_635' title='bbox 1735 4833 1763 4885; x_wconf 95' lang='lat'><strong>6</strong></span> 
     </span>
    </p>
   </div>
   <div class='ocr_carea' id='block_1_92' title="bbox 177 4921 1755 4992">
    <p class='ocr_par' dir='ltr' id='par_1_92' title="bbox 177 4921 1755 4992">
     <span class='ocr_line' id='line_1_92' title="bbox 177 4921 1755 4992; baseline 0 -17"><span class='ocrx_word' id='word_1_636' title='bbox 177 4922 392 4992; x_wconf 84' lang='grc' dir='ltr'>τρόπος</span> <span class='ocrx_word' id='word_1_637' title='bbox 425 4921 641 4992; x_wconf 88' lang='grc' dir='ltr'>τρισσός</span> <span class='ocrx_word' id='word_1_638' title='bbox 682 4922 849 4975; x_wconf 79' lang='grc' dir='ltr'>ἐστιν.</span> <span class='ocrx_word' id='word_1_639' title='bbox 898 4922 967 4974; x_wconf 87' lang='grc' dir='ltr'><strong>Ἢ</strong></span> <span class='ocrx_word' id='word_1_640' title='bbox 999 4922 1105 4992; x_wconf 87' lang='grc' dir='ltr'><strong>γάρ</strong></span> <span class='ocrx_word' id='word_1_641' title='bbox 1140 4922 1283 4975; x_wconf 82' lang='grc' dir='ltr'>κατὰ</span> <span class='ocrx_word' id='word_1_642' title='bbox 1319 4923 1538 4992; x_wconf 88' lang='grc' dir='ltr'>ἀγάπην</span> <span class='ocrx_word' id='word_1_643' title='bbox 1571 4924 1755 4976; x_wconf 86' lang='grc' dir='ltr'>λυπεῖ-</span> 
     </span>
    </p>
   </div>
   <div class='ocr_carea' id='block_1_93' title="bbox 263 5116 1751 5197">
    <p class='ocr_par' dir='ltr' id='par_1_93' title="bbox 263 5116 1719 5197">
     <span class='ocr_line' id='line_1_93' title="bbox 263 5116 1719 5197; baseline 0.004 -18"><span class='ocrx_word' id='word_1_644' title='bbox 263 5125 310 5157; x_wconf 78' lang='lat'>”</span> <span class='ocrx_word' id='word_1_645' title='bbox 344 5124 486 5180; x_wconf 89' lang='lat' dir='ltr'><strong>Psal.</strong></span> <span class='ocrx_word' id='word_1_646' title='bbox 510 5142 694 5194; x_wconf 84' lang='lat' dir='ltr'><strong>cxvni,</strong></span> <span class='ocrx_word' id='word_1_647' title='bbox 720 5126 806 5182; x_wconf 86' lang='lat'><strong>9|.</strong></span> <span class='ocrx_word' id='word_1_648' title='bbox 877 5128 921 5161; x_wconf 81' lang='lat'><strong>”</strong></span> <span class='ocrx_word' id='word_1_649' title='bbox 947 5126 1129 5183; x_wconf 91' lang='lat' dir='ltr'><strong>Colos.</strong></span> <span class='ocrx_word' id='word_1_650' title='bbox 1163 5145 1200 5197; x_wconf 89' lang='grc' dir='ltr'><strong>ι,</strong></span> <span class='ocrx_word' id='word_1_651' title='bbox 1228 5129 1313 5183; x_wconf 76' lang='grc'><strong>17.</strong></span> <span class='ocrx_word' id='word_1_652' title='bbox 1394 5132 1409 5161; x_wconf 85' lang='grc'>¹</span> <span class='ocrx_word' id='word_1_653' title='bbox 1438 5130 1457 5184; x_wconf 89' lang='lat' dir='ltr'><strong>l</strong></span> <span class='ocrx_word' id='word_1_654' title='bbox 1488 5116 1631 5185; x_wconf 88' lang='lat' dir='ltr'><strong>Tim.</strong></span> <span class='ocrx_word' id='word_1_655' title='bbox 1657 5144 1719 5196; x_wconf 86' lang='grc' dir='ltr'><strong>ιι,</strong></span> 
     </span>
    </p>
   </div>
   <div class='ocr_carea' id='block_1_94' title="bbox 1851 5116 2834 5197">
    <p class='ocr_par' dir='ltr' id='par_1_94' title="bbox 1882 5124 2834 5191">
     <span class='ocr_line' id='line_1_94' title="bbox 1882 5124 2834 5191; baseline -0.001 -10"><span class='ocrx_word' id='word_1_656' title='bbox 1882 5133 1900 5160; x_wconf 84' lang='grc'>²</span> <span class='ocrx_word' id='word_1_657' title='bbox 1929 5127 2113 5182; x_wconf 81' lang='lat' dir='ltr'><strong>Matth.</strong></span> <span class='ocrx_word' id='word_1_658' title='bbox 2149 5144 2198 5190; x_wconf 78' lang='grc' dir='ltr'>ι’,</span> <span class='ocrx_word' id='word_1_659' title='bbox 2233 5126 2322 5180; x_wconf 72' lang='grc'><strong>45.</strong></span> <span class='ocrx_word' id='word_1_660' title='bbox 2402 5126 2423 5156; x_wconf 80' lang='grc'>⁸</span> <span class='ocrx_word' id='word_1_661' title='bbox 2450 5124 2489 5179; x_wconf 86' lang='grc' dir='ltr'><strong>ΙΙ</strong></span> <span class='ocrx_word' id='word_1_662' title='bbox 2523 5125 2665 5180; x_wconf 88' lang='lat' dir='ltr'><strong>Petr.</strong></span> <span class='ocrx_word' id='word_1_663' title='bbox 2706 5144 2745 5191; x_wconf 93' lang='grc' dir='ltr'><strong>ι,</strong></span> <span class='ocrx_word' id='word_1_664' title='bbox 2781 5125 2834 5180; x_wconf 69' lang='grc'>4.</span> 
     </span>
    </p>
   </div>
   <div class='ocr_carea' id='block_1_95' title="bbox 1862 4648 3421 4721">
    <p class='ocr_par' dir='ltr' id='par_1_95' title="bbox 1862 4648 3421 4721">
     <span class='ocr_line' id='line_1_95' title="bbox 1862 4648 3421 4721; baseline -0.006 -11"><span class='ocrx_word' id='word_1_665' title='bbox 1862 4657 1981 4719; x_wconf 89' lang='lat' dir='ltr'><strong>nis;</strong></span> <span class='ocrx_word' id='word_1_666' title='bbox 2033 4655 2273 4708; x_wconf 86' lang='lat' dir='ltr'><strong>admisso</strong></span> <span class='ocrx_word' id='word_1_667' title='bbox 2330 4653 2528 4721; x_wconf 90' lang='lat' dir='ltr'><strong>quippe</strong></span> <span class='ocrx_word' id='word_1_668' title='bbox 2584 4662 2825 4720; x_wconf 85' lang='lat' dir='ltr'><strong>peccato,</strong></span> <span class='ocrx_word' id='word_1_669' title='bbox 2880 4648 3049 4704; x_wconf 90' lang='lat' dir='ltr'><strong>Deum</strong></span> <span class='ocrx_word' id='word_1_670' title='bbox 3109 4650 3421 4711; x_wconf 88' lang='lat' dir='ltr'><strong>adoramus,</strong></span> 
     </span>
    </p>
   </div>
   <div class='ocr_carea' id='block_1_96' title="bbox 1862 4741 3424 4816">
    <p class='ocr_par' dir='ltr' id='par_1_96' title="bbox 1862 4741 3424 4816">
     <span class='ocr_line' id='line_1_96' title="bbox 1862 4741 3424 4816; baseline -0.004 -16"><span class='ocrx_word' id='word_1_671' title='bbox 1862 4748 2021 4816; x_wconf 89' lang='lat' dir='ltr'><strong>eique</strong></span> <span class='ocrx_word' id='word_1_672' title='bbox 2050 4742 2419 4814; x_wconf 85' lang='lat' dir='ltr'><strong>procidimus,</strong></span> <span class='ocrx_word' id='word_1_673' title='bbox 2460 4742 2534 4796; x_wconf 91' lang='lat' dir='ltr'><strong>uti</strong></span> <span class='ocrx_word' id='word_1_674' title='bbox 2575 4742 2746 4797; x_wconf 88' lang='lat' dir='ltr'><strong>bonos</strong></span> <span class='ocrx_word' id='word_1_675' title='bbox 2796 4741 3195 4810; x_wconf 86' lang='lat' dir='ltr'><strong>benevolosque</strong></span> <span class='ocrx_word' id='word_1_676' title='bbox 3234 4754 3424 4795; x_wconf 81' lang='lat' dir='ltr'><strong>servos</strong></span> 
     </span>
    </p>
   </div>
   <div class='ocr_carea' id='block_1_97' title="bbox 1861 4829 3424 4901">
    <p class='ocr_par' dir='ltr' id='par_1_97' title="bbox 1861 4829 3424 4901">
     <span class='ocr_line' id='line_1_97' title="bbox 1861 4829 3424 4901; baseline -0.005 -10"><span class='ocrx_word' id='word_1_677' title='bbox 1861 4835 2048 4901; x_wconf 88' lang='lat' dir='ltr'><strong>decet,</strong></span> <span class='ocrx_word' id='word_1_678' title='bbox 2109 4835 2430 4889; x_wconf 87' lang='lat' dir='ltr'><strong>delictorum</strong></span> <span class='ocrx_word' id='word_1_679' title='bbox 2480 4834 2693 4889; x_wconf 83' lang='lat' dir='ltr'><strong>veniam</strong></span> <span class='ocrx_word' id='word_1_680' title='bbox 2748 4840 3054 4887; x_wconf 80' lang='lat' dir='ltr'><strong>exorantes.</strong></span> <span class='ocrx_word' id='word_1_681' title='bbox 3110 4831 3286 4899; x_wconf 83' lang='lat' dir='ltr'><strong>Atque</strong></span> <span class='ocrx_word' id='word_1_682' title='bbox 3338 4829 3424 4883; x_wconf 91' lang='lat' dir='ltr'><strong>hic</strong></span> 
     </span>
    </p>
   </div>
   <div class='ocr_carea' id='block_1_98' title="bbox 1862 4921 3424 4995">
    <p class='ocr_par' dir='ltr' id='par_1_98' title="bbox 1862 4921 3424 4995">
     <span class='ocr_line' id='line_1_98' title="bbox 1862 4921 3424 4995; baseline -0.004 -14"><span class='ocrx_word' id='word_1_683' title='bbox 1862 4927 2054 4981; x_wconf 91' lang='lat' dir='ltr'><strong>modus</strong></span> <span class='ocrx_word' id='word_1_684' title='bbox 2113 4926 2309 4995; x_wconf 81' lang='lat' dir='ltr'><strong>triplex</strong></span> <span class='ocrx_word' id='word_1_685' title='bbox 2364 4926 2490 4979; x_wconf 90' lang='lat' dir='ltr'><strong>item</strong></span> <span class='ocrx_word' id='word_1_686' title='bbox 2545 4933 2647 4980; x_wconf 90' lang='lat' dir='ltr'><strong>est.</strong></span> <span class='ocrx_word' id='word_1_687' title='bbox 2702 4923 2807 4977; x_wconf 84' lang='lat' dir='ltr'><strong>Aut</strong></span> <span class='ocrx_word' id='word_1_688' title='bbox 2856 4923 3001 4977; x_wconf 90' lang='lat' dir='ltr'><strong>enim</strong></span> <span class='ocrx_word' id='word_1_689' title='bbox 3044 4937 3111 4977; x_wconf 81' lang='lat' dir='ltr'><strong>ex</strong></span> <span class='ocrx_word' id='word_1_690' title='bbox 3156 4921 3424 4977; x_wconf 82' lang='lat' dir='ltr'><strong>charitatc</strong></span> 
     </span>
    </p>
   </div>
   <div class='ocr_carea' id='block_1_99' title="bbox 2916 5122 3351 5181">
    <p class='ocr_par' dir='ltr' id='par_1_99' title="bbox 2916 5122 3351 5181">
     <span class='ocr_line' id='line_1_99' title="bbox 2916 5122 3351 5181; baseline 0.002 -5"><span class='ocrx_word' id='word_1_691' title='bbox 2916 5125 2935 5155; x_wconf 71' lang='grc'><strong>⁸</strong></span> <span class='ocrx_word' id='word_1_692' title='bbox 2964 5126 2984 5176; x_wconf 88' lang='grc' dir='ltr'>Ι</span> <span class='ocrx_word' id='word_1_693' title='bbox 3014 5122 3263 5181; x_wconf 84' lang='lat' dir='ltr'><strong>Joan.ut,</strong></span> <span class='ocrx_word' id='word_1_694' title='bbox 3298 5122 3351 5177; x_wconf 75' lang='grc'>2.</span> 
     </span>
    </p>
   </div>
   <div class='ocr_carea' id='block_1_100' title="bbox 1702 5305 1930 5363">
    <p class='ocr_par' dir='ltr' id='par_1_100' title="bbox 1702 5305 1930 5363">
     <span class='ocr_line' id='line_1_100' title="bbox 1702 5305 1930 5363; baseline 0 -2"><span class='ocrx_word' id='word_1_695' title='bbox 1702 5305 1930 5363; x_wconf 67' lang='grc' dir='ltr'><strong>ΝΟΤΕ.</strong></span> 
     </span>
    </p>
   </div>
   <div class='ocr_carea' id='block_1_101' title="bbox 264 5432 1751 5513">
    <p class='ocr_par' dir='ltr' id='par_1_101' title="bbox 264 5432 1751 5513">
     <span class='ocr_line' id='line_1_101' title="bbox 264 5432 1751 5513; baseline -0.003 -21"><span class='ocrx_word' id='word_1_696' title='bbox 264 5437 574 5513; x_wconf 62' lang='lat' dir='ltr'><strong>(23)Grtpce</strong></span> <span class='ocrx_word' id='word_1_697' title='bbox 598 5434 856 5496; x_wconf 84' lang='grc' dir='ltr'>δουλείας,</span> <span class='ocrx_word' id='word_1_698' title='bbox 890 5434 1035 5503; x_wconf 90' lang='lat' dir='ltr'><strong>quod</strong></span> <span class='ocrx_word' id='word_1_699' title='bbox 1061 5435 1378 5513; x_wconf 72' lang='lat' dir='ltr'><strong>servitutem</strong></span> <span class='ocrx_word' id='word_1_700' title='bbox 1402 5432 1751 5513; x_wconf 77' lang='lat' dir='ltr'><strong>famulatum-</strong></span> 
     </span>
    </p>
   </div>
   <div class='ocr_carea' id='block_1_102' title="bbox 168 5505 1745 5577">
    <p class='ocr_par' dir='ltr' id='par_1_102' title="bbox 168 5505 1745 5577">
     <span class='ocr_line' id='line_1_102' title="bbox 168 5505 1745 5577; baseline -0.007 -9"><span class='ocrx_word' id='word_1_701' title='bbox 168 5505 282 5567; x_wconf 62' lang='grc' dir='ltr'><strong>γε’</strong></span> <span class='ocrx_word' id='word_1_702' title='bbox 319 5505 608 5577; x_wconf 83' lang='lat' dir='ltr'><strong>signiﬁcat,</strong></span> <span class='ocrx_word' id='word_1_703' title='bbox 662 5516 864 5577; x_wconf 81' lang='lat' dir='ltr'><strong>estque</strong></span> <span class='ocrx_word' id='word_1_704' title='bbox 910 5505 1127 5577; x_wconf 77' lang='lat' dir='ltr'><strong>proprie</strong></span> <span class='ocrx_word' id='word_1_705' title='bbox 1182 5505 1542 5577; x_wconf 80' lang='lat' dir='ltr'><strong>obsequentia</strong></span> <span class='ocrx_word' id='word_1_706' title='bbox 1582 5520 1745 5572; x_wconf 91' lang='lat' dir='ltr'><strong>quam</strong></span> 
     </span>
    </p>
   </div>
   <div class='ocr_carea' id='block_1_103' title="bbox 175 5573 1744 5645">
    <p class='ocr_par' dir='ltr' id='par_1_103' title="bbox 175 5573 1744 5645">
     <span class='ocr_line' id='line_1_103' title="bbox 175 5573 1744 5645; baseline -0.006 -9"><span class='ocrx_word' id='word_1_707' title='bbox 175 5582 336 5637; x_wconf 83' lang='lat' dir='ltr'><strong>servi</strong></span> <span class='ocrx_word' id='word_1_708' title='bbox 370 5573 562 5645; x_wconf 78' lang='lat' dir='ltr'><strong>sponte</strong></span> <span class='ocrx_word' id='word_1_709' title='bbox 587 5575 674 5645; x_wconf 81' lang='lat' dir='ltr'><strong>vel</strong></span> <span class='ocrx_word' id='word_1_710' title='bbox 711 5573 874 5645; x_wconf 79' lang='lat' dir='ltr'><strong>inviti</strong></span> <span class='ocrx_word' id='word_1_711' title='bbox 890 5573 1136 5645; x_wconf 63' lang='lat' dir='ltr'><strong>dominis</strong></span> <span class='ocrx_word' id='word_1_712' title='bbox 1162 5582 1458 5645; x_wconf 42' lang='grc' dir='ltr'>ιιι-πείραιιέ</span> <span class='ocrx_word' id='word_1_713' title='bbox 1477 5573 1744 5645; x_wconf 56' lang='lat' dir='ltr'><strong>Caeterum</strong></span> 
     </span>
    </p>
   </div>
   <div class='ocr_carea' id='block_1_104' title="bbox 176 5639 1749 5719">
    <p class='ocr_par' dir='ltr' id='par_1_104' title="bbox 176 5639 1749 5719">
     <span class='ocr_line' id='line_1_104' title="bbox 176 5639 1749 5719; baseline -0.004 -17"><span class='ocrx_word' id='word_1_714' title='bbox 176 5639 519 5719; x_wconf 78' lang='lat' dir='ltr'><strong>Fulgentius</strong></span> <span class='ocrx_word' id='word_1_715' title='bbox 544 5644 596 5697; x_wconf 91' lang='lat' dir='ltr'><strong>in</strong></span> <span class='ocrx_word' id='word_1_716' title='bbox 626 5643 821 5719; x_wconf 74' lang='lat' dir='ltr'><strong>fragm.</strong></span> <span class='ocrx_word' id='word_1_717' title='bbox 855 5643 1060 5719; x_wconf 63' lang='lat' dir='ltr'><strong>i6,_lib.</strong></span> <span class='ocrx_word' id='word_1_718' title='bbox 1099 5639 1365 5719; x_wconf 69' lang='lat' dir='ltr'><strong>ivcontru</strong></span> <span class='ocrx_word' id='word_1_719' title='bbox 1410 5639 1749 5719; x_wconf 57' lang='lat' dir='ltr'><strong>Fabianum:</strong></span> 
     </span>
    </p>
   </div>
   <div class='ocr_carea' id='block_1_105' title="bbox 171 5712 1751 5787">
    <p class='ocr_par' dir='ltr' id='par_1_105' title="bbox 171 5712 1751 5787">
     <span class='ocr_line' id='line_1_105' title="bbox 171 5712 1751 5787; baseline -0.006 -15"><span class='ocrx_word' id='word_1_720' title='bbox 171 5712 470 5787; x_wconf 77' lang='grc' dir='ltr'>λατρείαν,</span> <span class='ocrx_word' id='word_1_721' title='bbox 508 5713 838 5787; x_wconf 68' lang='grc' dir='ltr'>ἰηιιιιίι,εριη</span> <span class='ocrx_word' id='word_1_722' title='bbox 872 5712 971 5765; x_wconf 77' lang='lat' dir='ltr'><strong>sibi</strong></span> <span class='ocrx_word' id='word_1_723' title='bbox 1022 5727 1135 5764; x_wconf 86' lang='lat' dir='ltr'><strong>vere</strong></span> <span class='ocrx_word' id='word_1_724' title='bbox 1185 5712 1433 5764; x_wconf 82' lang='lat' dir='ltr'><strong>divinitas</strong></span> <span class='ocrx_word' id='word_1_725' title='bbox 1480 5714 1751 5787; x_wconf 59' lang='lat' dir='ltr'><strong>vindicat:</strong></span> 
     </span>
    </p>
   </div>
   <div class='ocr_carea' id='block_1_106' title="bbox 172 5780 1754 5849">
    <p class='ocr_par' dir='ltr' id='par_1_106' title="bbox 172 5780 1754 5849">
     <span class='ocr_line' id='line_1_106' title="bbox 172 5780 1754 5849; baseline -0.005 -9"><span class='ocrx_word' id='word_1_726' title='bbox 172 5780 470 5848; x_wconf 78' lang='grc' dir='ltr'>δούλευσις</span> <span class='ocrx_word' id='word_1_727' title='bbox 494 5780 609 5836; x_wconf 79' lang='lat' dir='ltr'><strong>vero</strong></span> <span class='ocrx_word' id='word_1_728' title='bbox 643 5791 691 5835; x_wconf 87' lang='lat' dir='ltr'><strong>et</strong></span> <span class='ocrx_word' id='word_1_729' title='bbox 731 5780 838 5833; x_wconf 87' lang='lat' dir='ltr'><strong>Deo</strong></span> <span class='ocrx_word' id='word_1_730' title='bbox 870 5791 968 5842; x_wconf 74' lang='lat' dir='ltr'><strong>est,</strong></span> <span class='ocrx_word' id='word_1_731' title='bbox 999 5789 1251 5849; x_wconf 86' lang='lat' dir='ltr'><strong>quantum</strong></span> <span class='ocrx_word' id='word_1_732' title='bbox 1293 5790 1492 5848; x_wconf 84' lang='lat' dir='ltr'><strong>oportet</strong></span> <span class='ocrx_word' id='word_1_733' title='bbox 1533 5783 1754 5833; x_wconf 79' lang='lat' dir='ltr'><strong>redden-</strong></span> 
     </span>
    </p>
   </div>
   <div class='ocr_carea' id='block_1_107' title="bbox 173 5850 1755 5921">
    <p class='ocr_par' dir='ltr' id='par_1_107' title="bbox 173 5850 1755 5921">
     <span class='ocr_line' id='line_1_107' title="bbox 173 5850 1755 5921; baseline -0.005 -11"><span class='ocrx_word' id='word_1_734' title='bbox 173 5861 285 5921; x_wconf 84' lang='lat' dir='ltr'><strong>da,</strong></span> <span class='ocrx_word' id='word_1_735' title='bbox 312 5853 668 5909; x_wconf 63' lang='lat' dir='ltr'><strong>“hominibus</strong></span> <span class='ocrx_word' id='word_1_736' title='bbox 698 5860 951 5919; x_wconf 82' lang='lat' dir='ltr'><strong>quantum</strong></span> <span class='ocrx_word' id='word_1_737' title='bbox 980 5850 1214 5905; x_wconf 77' lang='lat' dir='ltr'><strong>concedit</strong></span> <span class='ocrx_word' id='word_1_738' title='bbox 1250 5851 1562 5904; x_wconf 70' lang='lat' dir='ltr'><strong>exhibenda.</strong></span> <span class='ocrx_word' id='word_1_739' title='bbox 1584 5850 1755 5921; x_wconf 79' lang='grc' dir='ltr'>Ριόρ-</span> 
     </span>
    </p>
   </div>
   <div class='ocr_carea' id='block_1_108' title="bbox 1867 5432 3427 5519">
    <p class='ocr_par' dir='ltr' id='par_1_108' title="bbox 1867 5432 3427 5519">
     <span class='ocr_line' id='line_1_108' title="bbox 1867 5432 3427 5519; baseline -0.008 -25"><span class='ocrx_word' id='word_1_740' title='bbox 1867 5450 1949 5519; x_wconf 52' lang='lat' dir='ltr'><strong>{et</strong></span> <span class='ocrx_word' id='word_1_741' title='bbox 1976 5440 2236 5519; x_wconf 79' lang='grc' dir='ltr'>λατρείαν</span> <span class='ocrx_word' id='word_1_742' title='bbox 2264 5454 2383 5508; x_wconf 89' lang='lat' dir='ltr'><strong>ergo</strong></span> <span class='ocrx_word' id='word_1_743' title='bbox 2425 5437 2619 5519; x_wconf 74' lang='lat' dir='ltr'><strong>dicitur</strong></span> <span class='ocrx_word' id='word_1_744' title='bbox 2654 5450 2727 5519; x_wconf 55' lang='lat' dir='ltr'><strong>it</strong></span> <span class='ocrx_word' id='word_1_745' title='bbox 2764 5432 3230 5519; x_wconf 38' lang='grc' dir='ltr'><strong>δάεν-φθοῖς,ιῦεο</strong></span> <span class='ocrx_word' id='word_1_746' title='bbox 3256 5435 3427 5519; x_wconf 56' lang='grc' dir='ltr'>δαρή-</span> 
     </span>
    </p>
   </div>
   <div class='ocr_carea' id='block_1_109' title="bbox 1862 5502 3428 5577">
    <p class='ocr_par' dir='ltr' id='par_1_109' title="bbox 1862 5502 3428 5577">
     <span class='ocr_line' id='line_1_109' title="bbox 1862 5502 3428 5577; baseline -0.006 -15"><span class='ocrx_word' id='word_1_747' title='bbox 1862 5512 2038 5576; x_wconf 76' lang='lat' dir='ltr'><strong>ﬁcium</strong></span> <span class='ocrx_word' id='word_1_748' title='bbox 2056 5502 2340 5577; x_wconf 44' lang='lat' dir='ltr'><strong>J&#39;ustitiwf</strong></span> <span class='ocrx_word' id='word_1_749' title='bbox 2366 5527 2383 5557; x_wconf 76' lang='grc' dir='ltr'><strong>ι</strong></span> <span class='ocrx_word' id='word_1_750' title='bbox 2420 5516 2525 5577; x_wconf 67' lang='lat' dir='ltr'><strong>etc.</strong></span> <span class='ocrx_word' id='word_1_751' title='bbox 2589 5524 2607 5555; x_wconf 82' lang='grc' dir='ltr'><strong>ι</strong></span> <span class='ocrx_word' id='word_1_752' title='bbox 2647 5505 2999 5577; x_wconf 60' lang='grc' dir='ltr'><strong>ξιιιονίίῖιςαηιιΔ</strong></span> <span class='ocrx_word' id='word_1_753' title='bbox 3032 5504 3135 5555; x_wconf 68' lang='lat' dir='ltr'><strong>diis</strong></span> <span class='ocrx_word' id='word_1_754' title='bbox 3188 5502 3428 5577; x_wconf 49' lang='lat' dir='ltr'><strong>eradicuf</strong></span> 
     </span>
    </p>
   </div>
   <div class='ocr_carea' id='block_1_110' title="bbox 1859 5571 3429 5642">
    <p class='ocr_par' dir='ltr' id='par_1_110' title="bbox 1859 5571 3429 5642">
     <span class='ocr_line' id='line_1_110' title="bbox 1859 5571 3429 5642; baseline -0.007 -11"><span class='ocrx_word' id='word_1_755' title='bbox 1859 5571 2019 5642; x_wconf 78' lang='lat' dir='ltr'><strong>bitur,</strong></span> <span class='ocrx_word' id='word_1_756' title='bbox 2056 5571 2160 5631; x_wconf 64' lang='lat' dir='ltr'><strong>nisi</strong></span> <span class='ocrx_word' id='word_1_757' title='bbox 2188 5578 2407 5631; x_wconf 83' lang='lat' dir='ltr'><strong>Domino</strong></span> <span class='ocrx_word' id='word_1_758' title='bbox 2437 5575 2555 5628; x_wconf 75' lang='lat' dir='ltr'><strong>soli.</strong></span> <span class='ocrx_word' id='word_1_759' title='bbox 2598 5594 2616 5626; x_wconf 73' lang='grc' dir='ltr'><strong>ι</strong></span> <span class='ocrx_word' id='word_1_760' title='bbox 2645 5574 2865 5642; x_wconf 86' lang='lat' dir='ltr'><strong>Propter</strong></span> <span class='ocrx_word' id='word_1_761' title='bbox 2893 5572 3169 5624; x_wconf 63' lang='grc' dir='ltr'>δούλευσιιι</span> <span class='ocrx_word' id='word_1_762' title='bbox 3202 5587 3316 5625; x_wconf 80' lang='lat' dir='ltr'><strong>vero</strong></span> <span class='ocrx_word' id='word_1_763' title='bbox 3335 5571 3429 5642; x_wconf 17' lang='lat' dir='ltr'><strong>Adi-</strong></span> 
     </span>
    </p>
   </div>
   <div class='ocr_carea' id='block_1_111' title="bbox 1859 5640 3429 5714">
    <p class='ocr_par' dir='ltr' id='par_1_111' title="bbox 1859 5640 3429 5714">
     <span class='ocr_line' id='line_1_111' title="bbox 1859 5640 3429 5714; baseline -0.006 -13"><span class='ocrx_word' id='word_1_764' title='bbox 1859 5650 1929 5701; x_wconf 87' lang='lat' dir='ltr'><strong>cit</strong></span> <span class='ocrx_word' id='word_1_765' title='bbox 1961 5640 2285 5714; x_wconf 75' lang='lat' dir='ltr'><strong>Apostolus:</strong></span> <span class='ocrx_word' id='word_1_766' title='bbox 2325 5665 2342 5696; x_wconf 84' lang='grc' dir='ltr'><strong>ι</strong></span> <span class='ocrx_word' id='word_1_767' title='bbox 2389 5644 2614 5698; x_wconf 84' lang='lat' dir='ltr'><strong>Domino</strong></span> <span class='ocrx_word' id='word_1_768' title='bbox 2644 5640 2857 5698; x_wconf 77' lang='lat' dir='ltr'><strong>Christo</strong></span> <span class='ocrx_word' id='word_1_769' title='bbox 2899 5643 3125 5714; x_wconf 68' lang='lat' dir='ltr'><strong>servite;</strong></span> <span class='ocrx_word' id='word_1_770' title='bbox 3173 5651 3287 5714; x_wconf 71' lang='lat' dir='ltr'><strong>i_et</strong></span> <span class='ocrx_word' id='word_1_771' title='bbox 3326 5640 3429 5714; x_wconf 75' lang='lat' dir='ltr'><strong>ite-</strong></span> 
     </span>
    </p>
   </div>
   <div class='ocr_carea' id='block_1_112' title="bbox 1862 5708 3425 5779">
    <p class='ocr_par' dir='ltr' id='par_1_112' title="bbox 1862 5708 3425 5779">
     <span class='ocr_line' id='line_1_112' title="bbox 1862 5708 3425 5779; baseline -0.006 -10"><span class='ocrx_word' id='word_1_772' title='bbox 1862 5708 2027 5772; x_wconf 65' lang='lat' dir='ltr'><strong>rum}</strong></span> <span class='ocrx_word' id='word_1_773' title='bbox 2063 5719 2247 5771; x_wconf 70' lang='lat' dir='ltr'><strong>servile</strong></span> <span class='ocrx_word' id='word_1_774' title='bbox 2272 5716 2487 5768; x_wconf 83' lang='lat' dir='ltr'><strong>invicem</strong></span> <span class='ocrx_word' id='word_1_775' title='bbox 2540 5716 2593 5766; x_wconf 83' lang='lat' dir='ltr'><strong>in</strong></span> <span class='ocrx_word' id='word_1_776' title='bbox 2638 5714 2918 5766; x_wconf 81' lang='lat' dir='ltr'><strong>cltaritate.</strong></span> <span class='ocrx_word' id='word_1_777' title='bbox 2953 5730 2971 5762; x_wconf 73' lang='grc' dir='ltr'><strong>ι</strong></span> <span class='ocrx_word' id='word_1_778' title='bbox 3035 5710 3256 5779; x_wconf 75' lang='lat' dir='ltr'><strong>Legesis</strong></span> <span class='ocrx_word' id='word_1_779' title='bbox 3317 5708 3425 5761; x_wconf 38' lang='lat' dir='ltr'><strong>Aus</strong></span> 
     </span>
    </p>
   </div>
   <div class='ocr_carea' id='block_1_113' title="bbox 1863 5782 2897 5855">
    <p class='ocr_par' dir='ltr' id='par_1_113' title="bbox 1863 5782 2897 5855">
     <span class='ocr_line' id='line_1_113' title="bbox 1863 5782 2897 5855; baseline -0.001 -18"><span class='ocrx_word' id='word_1_780' title='bbox 1863 5795 2007 5855; x_wconf 80' lang='lat' dir='ltr'><strong>gust.</strong></span> <span class='ocrx_word' id='word_1_781' title='bbox 2036 5787 2128 5840; x_wconf 87' lang='lat' dir='ltr'><strong>lib.</strong></span> <span class='ocrx_word' id='word_1_782' title='bbox 2150 5803 2212 5839; x_wconf 78' lang='lat' dir='ltr'><strong>xx</strong></span> <span class='ocrx_word' id='word_1_783' title='bbox 2234 5785 2385 5840; x_wconf 82' lang='lat' dir='ltr'><strong>Cant.</strong></span> <span class='ocrx_word' id='word_1_784' title='bbox 2414 5782 2633 5847; x_wconf 83' lang='lat' dir='ltr'><strong>Faust.,</strong></span> <span class='ocrx_word' id='word_1_785' title='bbox 2661 5798 2783 5852; x_wconf 92' lang='lat' dir='ltr'><strong>cap.</strong></span> <span class='ocrx_word' id='word_1_786' title='bbox 2809 5782 2897 5836; x_wconf 68' lang='lat'><strong>2|.</strong></span> 
     </span>
    </p>
   </div>
  </div>
