4172 6490
251 469 385 532 1353

1347 455 1445 514 DE
1486 449 1844 519 [MAGINIB

1986 448 2264 506 UIH'I‘n»
2324 460 2397 499 ..ι
3381 446 3507 499 Ls...

250 582 759 657 καταφρονητικῶς,
794 577 1133 651 ὑπερηφάνῳ
1187 574 1495 643 φρονήματι
1546 572 1620 640 μὴ
1656 585 1827 639 προσ-

1953 566 2312 635 lpostolorum
2354 565 2566 621 umbra.
2615 563 2860 620 δικαίη-ιιι.
2894 570 2945 613 ct
2984 556 3329 614 setnicinctia
3354 571 3509 610 sanan

246 677 470 735 κυνοῦσι
524 679 641 739 τοῖς
688 674 823 728 Θεοῦ
882 671 1239 740 θεράπουσιν,
1286 666 1362 728 ὡς
1412 663 1676 727 ἀλαζόνες
1734 664 1829 712 καὶ⁹

248 773 611 843 ὑπερήφανοι,
637 768 711 830 ὼς
728 769 808 829 είς
842 764 976 817 Θεὸν
1000 760 1327 819 ἀσεϐοῦντες
1350 756 1829 820 καταδικάζονται.

250 865 359 917 Καὶ
376 860 749 933 μαρτυροῦσιν
767 859 816 909 oi
836 855 1023 917 παῖδες
1046 855 1095 906 οἱ
1110 850 1417 905 Ἐλισσαίου
1439 862 1833 916 καταφρονητι-

249 958 363 1019 κῶς
388 954 630 1024 καταϐοή
640 968 854 1015 σαντες,
872 949 966 1002 καὶ⁵
986 946 1121 1018 βορὰ
1139 947 1250 1008 τοῖς
1282 945 1507 1013 ἄρκτοις
1529 940 1831 1010 γενόμενοι.

1937 661 2116 713 tiones
2142 655 2549 726 profundebant
2576 654 2635 709 η.
2674 651 2710 705 li
2750 666 2880 705 vero
2911 652 3005 721 qui
3045 649 3312 706 seditioso
3337 648 3515 703 rebel-

1938 751 2088 819 lique
2111 749 2295 801 animo
2316 745 2536 801 adorari
2566 747 2757 799 volunt
2789 746 3048 814 tanquam
3071 743 3170 809 dii,
3198 757 3309 797 non
3336 740 3517 797 solum

1942 840 2212 896 adorandi
2268 855 2376 894 non
2426 846 2575 903 sunt,
2640 851 2825 891 verum
2887 836 3054 891 etiam
3116 832 3520 907 sempiternum

1942 938 2122 1006 ignem
2149 922 2450 990 merentur.
2488 934 2567 986 Illi
2602 941 2785 988 autem
2818 932 2911 1001 qui
2958 931 3249 987 fastidioso
3268 930 3523 999 elatoque

252 1018 437 1102 animo
473 1046 566 1101 Dei
609 1018 844 1098 iamulos
903 1056 1013 1095 non
1066 1039 1316 1102 adorant,
1364 1043 1623 1103 tanquam
1672 1037 1995 1098 arrogantes
2029 1037 2083 1084 et
2114 1026 2357 1097 superbi,
2417 1040 2628 1080 necnon
2690 1039 2819 1097 erga
2877 1022 3048 1078 Deum
3116 1022 3296 1091 ipsum
3372 1018 3522 1091 impii

250 1140 712 1195 condemnamur.
766 1134 961 1189 Testes
1016 1131 1229 1203 appello
1283 1142 1483 1199 pueros
1544 1124 1690 1191 illos,
1734 1123 1826 1192 qui
1869 1123 2134 1178 adversus
2174 1121 2425 1177 Elisaeum
2461 1135 2557 1189 per
2634 1128 3011 1188 contemptum
3068 1117 3388 1182 clamantes,
3455 1117 3524 1169 ab

255 1237 403 1290 ursis
432 1224 695 1301 discerpti
732 1238 862 1286 sunt
893 1230 958 1282 ".

322 1325 417 1379 λό’.
454 1324 719 1391 Δεύτερος
744 1321 971 1392 τρόπος,
1010 1319 1133 1373 καθ’
1160 1317 1219 1371 ὃν
1252 1312 1673 1388 προσκυνοῦμεν
1721 1310 1836 1363 κτί-

254 1434 462 1486 σματα,
494 1415 562 1468 δι’
589 1408 663 1468 ὧν
701 1406 792 1466 καί
824 1414 882 1465 ἐν
921 1407 1004 1474 οἷς
1039 1410 1344 1481 ἐνήργησεν
1379 1408 1408 1459 ό
1437 1405 1571 1469 Θεὸς
1602 1403 1703 1474 τήν
1732 1420 1839 1456 σω-

252 1510 451 1579 τηρίαν
480 1506 661 1577 ήμῶν,
699 1505 808 1557 εἴτε
853 1503 960 1574 πρὸ
1004 1503 1102 1571 τῆς
1134 1500 1228 1554 τοῦ
1268 1499 1478 1567 Κυρίου
1517 1496 1839 1567 παρουσίας,

257 1603 367 1653 εἴτε
421 1602 557 1670 μετὰ
608 1601 710 1671 τὴν
758 1599 1027 1669 ἐνσαρκον
1076 1595 1243 1648 αὑτοῦ
1298 1591 1629 1660 οἰκονομίαν,
1667 1588 1743 1651 ὡς
1783 1587 1845 1639 τὸ

255 1693 471 1745 Σιναῖον
506 1691 654 1761 ὅρος,
689 1690 785 1744 καὶ
821 1690 919 1757 τὴν
974 1686 1249 1755 Ναζαρὲτ,
1273 1684 1373 1753 τὴν
1410 1681 1618 1750 φάτνην
1650 1678 1751 1746 τὴν
1782 1678 1840 1729 ὲν

257 1782 531 1852 Βηθλεέμ,
563 1782 657 1833 καὶ
685 1780 747 1832 τὸ
781 1777 1067 1849 σπήλαιον,
1104 1775 1195 1828 τὸν
1230 1771 1507 1845 Γοργοθᾶν
1538 1769 1629 1822 τὸν
1664 1769 1838 1836 ἆγιον,

254 1875 351 1927 τοῦ
384 1871 619 1942 σταυροῦ
651 1872 711 1923 τὸ
751 1868 927 1938 ξύλον,
965 1869 1093 1932 τοὺς
1122 1866 1305 1939 ἥλους,
1342 1865 1433 1917 τὸν
1465 1861 1843 1930 σπόγγον,⁸τὸν

2007 1306 2097 1361 34.
2140 1275 2432 1367 Secundus
2484 1274 2682 1356 modus
2727 1307 2813 1356 est
2856 1300 2967 1362 ille,
3006 1315 3117 1369 quo
3160 1315 3250 1356 res
3284 1304 3524 1361 creatas,

1939 1415 2037 1471 per
2057 1413 2217 1469 quas,
2249 1404 2305 1452 et
2330 1396 2385 1450 in
2407 1395 2631 1466 quibus,
2654 1402 2770 1449 tum
2800 1401 2927 1448 ante
2954 1391 3170 1447 Domini
3202 1391 3524 1456 adventum,

1942 1503 2054 1546 tum
2102 1498 2227 1563 post
2285 1488 2687 1544 incarnationis
2745 1485 3242 1557 dispensationem,
3289 1484 3526 1539 salutem

1944 1594 2186 1639 nostram
2236 1588 2529 1637 exsecutus
2562 1587 2666 1645 est,
2702 1577 3036 1643 adoramus;
3076 1576 3244 1631 veluti
3281 1585 3527 1631 montem

1947 1676 2127 1740 Sinai,
2160 1673 2432 1728 Nazareth
2468 1685 2711 1742 quoque,
2754 1669 3250 1724 Bethleemitanum
3283 1684 3532 1740 praesepe

1944 1777 1999 1823 et
2049 1769 2393 1838 speluncam,
2444 1771 2697 1818 sanctum
2734 1761 3025 1833 Golgotha,
3075 1762 3260 1819 crucis
3299 1762 3530 1833 lignum,

1945 1862 2158 1924 clavos,
2228 1858 2547 1929 spongiam,
2589 1856 2946 1920 arundinem,
3009 1856 3258 1911 lanceam
3318 1871 3532 1912 sacram

259 1963 527 2032 κάλαμον,
562 1960 662 2030 τὴν
709 1960 908 2029 λόγχην
939 1959 1040 2029 τὴν
1089 1958 1243 2028 ίεράν
1278 1954 1374 2009 καὶ
1423 1954 1710 2023 σωτήριον,
1745 1951 1845 2021 τὴν

1953 1949 2441 2018 salutiferamque,
2500 1948 2748 2012 vestem,
2817 1948 3105 2025 tunicam,
3170 1946 3529 2013 linteamina,

260 2053 485 2124 ἐσθῆτα,
530 2051 622 2102 τὸν
656 2049 884 2120 χιτῶνα,
961 2053 1057 2111 τὰς
1114 2043 1376 2109 σινδόνας,
1428 2044 1496 2097 τά
1531 2043 1841 2112 σπάργανα,

256 2146 345 2197 τὸι
381 2146 551 2213 τάφον
581 2144 671 2196 τὸν
718 2143 875 2208 ἅγιον
904 2141 1005 2211 τὴν
1050 2138 1234 2210 πηγὴν
1280 2136 1382 2206 τῆς
1422 2134 1581 2204 ἡμῶν
1610 2133 1843 2187 ἀναστά⁹

260 2253 423 2299 σεως,
450 2235 543 2287 τὸν
570 2234 721 2286 λίθον
753 2231 848 2285 τοῦ
890 2232 1196 2301 μνήματος,
1233 2227 1331 2298 τὴν
1369 2226 1507 2279 Σιὼν
1545 2223 1607 2277 τὸ
1635 2224 1761 2294 ὅρος
1788 2223 1847 2275 τὸ

261 2328 439 2395 ἅγιον,
474 2326 533 2379 τὸ
558 2325 665 2379 τῶν
702 2322 931 2377 Ἐλαιῶν
967 2317 1123 2385 αὖθις
1168 2320 1318 2390 ὅρος,
1348 2317 1446 2388 τὴν
1480 2314 1846 2385 προδατικὴν,

260 2420 356 2471 καὶ
390 2417 746 2487 Γεθσημανῆς
796 2415 857 2467 τὸ
904 2413 1085 2466 ὄλϐιον
1138 2411 1398 2481 τέμενος’
1458 2406 1633 2460 ταῦτα
1661 2405 1753 2458 καὶ
1780 2404 1846 2456 τὰ

259 2507 491 2562 τοιαῦτα
524 2500 689 2571 σέ6ωξ
716 2508 809 2558 καὶ
847 2501 1163 2575 προσκυνῶ,
1210 2500 1305 2555 καὶ
1340 2498 1518 2553 πάντα
1550 2496 1675 2550 ναὸν
1709 2495 1845 2549 Θεοῦ

266 2603 443 2669 ἆγιον,
475 2602 569 2653 καὶ
607 2600 715 2651 πᾶν
744 2598 829 2667 ἐφ’
864 2590 907 2665 ᾧ
954 2597 1085 2659 Θεὸς
1118 2592 1445 2665 ὀνομάζεται
1473 2608 1483 2619 ·
1536 2592 1596 2644 ού
1635 2591 1722 2643 διὰ
1751 2589 1848 2658 τὴν

261 2695 444 2749 αὐτῶν
476 2693 659 2763 φύσιν,
698 2692 812 2745 ἀλλ’
843 2692 925 2743 ὅτι
965 2689 1117 2752 θείας
1165 2680 1446 2757 ἐνεργείας
1494 2680 1600 2737 είσὶ
1642 2683 1847 2753 δοχεῖα,

265 2789 361 2839 καὶ
386 2786 452 2839 δι’
481 2786 681 2849 αὐτῶν,
715 2786 809 2837 καὶ
855 2786 912 2836 ἐν
961 2783 1142 2845 αὐτοῖς
1175 2780 1480 2851 ηὐδόκησεν
1527 2781 1555 2831 ὁ
1588 2777 1720 2841 Θεὸς
1753 2777 1850 2847 τὴν

269 2880 545 2949 σωτηρίαν
585 2876 739 2946 ἡμῶν
774 2872 1246 2943 κατεργάσασθαι.
1278 2872 1389 2924 Καὶ
1423 2869 1690 2937 ἀγγέλους
1716 2869 1844 2938 γὰρ,

267 2972 362 3025 καὶ
392 2970 734 3041 ἀνθρώπους,
768 2969 866 3022 καὶ
901 2969 1082 3020 πᾶσαν
1111 2966 1246 3036 ὓλην
1273 2966 1369 3035 τῆς
1398 2964 1547 3027 θείας
1571 2963 1850 3034 ἐνεργείας

271 3067 520 3134 μέτοχον,
573 3062 668 3115 καὶ
728 3058 1202 3130 διακονησαμένην
1245 3058 1345 3127 τὴν
1391 3055 1667 3126 σωτηρίαν
1725 3072 1847 3124 μου,

270 3157 419 3210 σέϐω
473 3155 565 3209 καὶ
619 3153 911 3223 προσκυνῶ
949 3153 1038 3205 διὰ
1090 3151 1186 3221 τὴν
1235 3150 1383 3202 θείαν
1422 3149 1703 3219 ἐνέργειαν
1745 3162 1761 3178 ο
1788 3147 1849 3199 οὐ

270 3247 568 3318 προσκυνῶ
614 3246 914 3309 Ἰουδαίοις*
965 3246 1024 3297 οὐ
1056 3244 1162 3315 γὰρ
1199 3242 1351 3304 Θείας
1388 3241 1523 3293 εἰσὶν
1573 3239 1850 3310 ἐνεργείας
1877 3270 1920 3325 C

274 3341 514 3410 μέτοχοι,
543 3336 664 3389 ούδέ
690 3334 879 3405 σκοπῴ
904 3335 1004 3403 τῆς
1033 3333 1174 3403 ἐμῆς
1208 3329 1503 3402 σωτηρίας,
1529 3329 1619 3381 τὸν
1648 3329 1851 3398 Κύριον

270 3430 372 3500 τῆς
424 3428 581 3498 δόξης
637 3412 731 3480 τὸν
776 3426 907 3479 Θεόν
948 3442 1073 3494 μου,
1125 3423 1480 3493 ἐσταύρωσαν
1508 3462 1523 3485 ,
1572 3421 1751 3490 φθόνῳ
1795 3420 1850 3472 δὲ

275 3522 516 3592 μᾶλλον,
574 3521 663 3571 καὶ
712 3518 860 3588 μίσει
914 3517 1050 3587 πρὸς
1082 3516 1172 3570 τὸν
1229 3514 1359 3567 Θεὸν
1408 3513 1504 3567 καὶ
1554 3513 1852 3583 εὐεργέτην

276 3612 618 3683 βαλλόμενοι.
674 3612 932 3680 «Κύριε,
993 3609 1257 3677 ἠγάπησα
1319 3606 1658 3675 εὐπρέπειαν
1702 3604 1850 3656 οἴκου

276 3719 392 3765 σου,
435 3701 598 3767 φησιν
636 3701 663 3751 ὁ
704 3700 898 3763 Δαϐὶδ,
942 3698 1036 3751 καὶ
1067 3698 1230 3750 τόπον
1275 3697 1634 3767 σκηνώματος
1694 3693 1853 3764 δόξης

279 3812 396 3846 σου.
432 3813 448 3845 ι
485 3793 627 3847 Καί·
665 3812 681 3842 ‹
715 3791 1141 3859 Προσκυνήσατε
1169 3791 1248 3850 είς
1278 3787 1367 3840 τὸν
1400 3788 1580 3851 τόπον,
1611 3779 1672 3837 οὗ
1694 3784 1852 3854 ἐστη-

280 3901 379 3937 σαν
401 3886 448 3936 οἱ
479 3884 636 3946 πόδες
659 3881 844 3935 αὑτοῦ.
862 3900 878 3931 ι
897 3880 1005 3932 Καί
1027 3897 1038 3909 ’
1067 3897 1083 3929 ι
1111 3878 1474 3948 Προσκυνείτε
1498 3877 1575 3938 είς
1597 3874 1721 3946 ὅρος
1740 3874 1854 3945 (ἳό)

277 3979 435 4044 ἅγιον
477 3975 665 4028 αὑτοῦ.
700 3993 716 4025 ι
758 3974 922 4045 Ὀρος
973 3972 1125 4041 ἆγιον
1166 3970 1406 4040 ἔμψυχον
1459 3967 1617 4032 Θεοῦ,
1652 3968 1686 4038 ὴ
1727 3968 1856 4035 ἀγία

277 4069 539 4130 Θεοτόκος
565 4083 576 4095 ·
607 4066 706 4136 ὅρη
733 4066 870 4117 Θεοῦ
899 4064 1115 4131 λογικά,
1146 4064 1194 4114 oi
1236 4059 1526 4113 ἀπόστολοι
1545 4073 1559 4090 ο
1600 4077 1618 4108 ‹
1645 4058 1725 4110 Τὰ
1752 4058 1853 4129 ὅρη

278 4158 613 4229 ἐσκίρτησαν
648 4156 781 4208 ὡσεὶ
808 4155 977 4225 κριοὶ,
1009 4154 1101 4206 καὶ
1139 4152 1187 4203 οἱ
1220 4149 1401 4220 βουνοὶ
1430 4148 1505 4211 ὡς
1535 4148 1695 4218 ἀρνία
1726 4165 1857 4219 προ-

280 4256 483 4308 ϐάτων.
518 4272 536 4303 ι

354 4348 446 4401 λε’.
482 4346 675 4417 Τρίτος
709 4344 930 4419 τρόπος,
964 4341 1084 4394 καθ’
1129 4340 1186 4392 ὃν
1222 4338 1643 4409 προσκυνοῦμεν
1682 4337 1749 4389 τά
1779 4335 1858 4405 τῷ

282 4439 401 4507 Θεῷ
443 4435 797 4505 ἀνακείμενα,
829 4432 896 4485 τὰ
945 4431 1064 4500 ἱερά
1100 4448 1241 4499 φημι
1272 4428 1580 4495 Εύαγγέλια
1611 4429 1708 4479 καὶ
1760 4426 1857 4488 τάς

282 4532 475 4592 λοιπὰς
518 4528 754 4598 βίϐλους,
786 4508 1194 4593 (Ἐγρόιφησαν
1229 4520 1337 4590 γάρ
1393 4519 1529 4588 πρὸς
1573 4516 1857 4571 νουθεσίαν

1948 2042 2193 2106 fascias,
2272 2051 2691 2096 monumentum
2774 2049 3027 2097 sanctum
3106 2044 3534 2097 resurrectionis

1946 2144 2154 2192 nostra
2209 2135 2445 2201 fontem,
2475 2144 2528 2190 et
2574 2134 2810 2204 lapidem
2870 2137 3239 2199 monumenti,
3290 2147 3533 2192 montem

1948 2237 2205 2283 sanctum
2262 2226 2421 2295 Sion,
2456 2227 2798 2297 probaticam
2850 2229 3147 2298 piscinam,
3200 2230 3536 2302 beatumque

1948 2319 2343 2375 Getbsemanes
2374 2316 2625 2387 hortum;
2686 2320 2799 2375 haec
2843 2332 2897 2375 et
2944 2321 3147 2377 similia
3190 2337 3427 2377 veneror
3482 2332 3536 2379 et

1950 2414 2142 2482 adoro,
2179 2414 2553 2485 templumque
2607 2428 2771 2470 omne
2815 2413 2910 2469 Dei
2952 2422 3229 2481 sanctum,
3274 2416 3535 2472 universa

1950 2507 2169 2562 demum
2228 2494 2323 2561 illa
2374 2522 2495 2576 quae
2530 2505 2627 2562 Dei
2675 2506 2899 2561 nomine
2952 2518 3374 2575 consecrantur,
3426 2526 3535 2565 non

1952 2608 2176 2670 propter
2216 2599 2460 2670 ipsorum
2512 2607 2790 2664 naturam,
2834 2599 2928 2655 sed
2961 2600 3223 2670 quoniam
3256 2603 3539 2671 operatio-

1954 2691 2040 2747 nis
2076 2691 2280 2745 divinze
2310 2690 2703 2760 conceptacula
2762 2699 2924 2758 sunt,
2980 2705 3043 2747 ac
3088 2707 3189 2762 per
3232 2692 3352 2763 ipsa
3385 2700 3439 2748 et
3482 2694 3535 2749 in

1952 2784 2092 2855 ipsis
2155 2783 2263 2839 Deo
2318 2784 2707 2853 complacitum
2766 2794 2849 2839 est
2897 2791 2958 2840 ut
3013 2794 3256 2842 nostram
3306 2787 3536 2842 salutem

1952 2884 2214 2946 patraret.
2272 2876 2511 2947 Angelos
2555 2878 2724 2942 enim,
2773 2887 2827 2932 et
2880 2877 3156 2946 homines,
3209 2889 3263 2935 et
3318 2896 3539 2936 omnem

1954 2966 2238 3022 materiam
2297 2967 2495 3021 divina:
2547 2968 2788 3024 actionis
2826 2969 3175 3041 participem,
3233 2969 3542 3041 salutisque

1956 3072 2087 3113 mea:
2122 3058 2532 3124 administram,
2580 3068 2802 3130 propter
2838 3062 3081 3117 divinam
3137 3063 3414 3117 actionem
3451 3080 3543 3117 ve-

1956 3164 2123 3203 neror
2164 3158 2217 3205 et
2248 3150 2463 3205 adoro.
2529 3151 2750 3209 Judazos
2802 3170 2910 3209 non
2967 3154 3161 3221 adoro,
3212 3156 3413 3225 quippe
3446 3160 3544 3224 qui

1957 3240 2155 3295 divinae
2203 3242 2436 3297 actionis
2491 3243 2788 3314 participes
2857 3245 2989 3301 facti
3060 3261 3171 3301 non
3226 3254 3377 3313 sunt,
3441 3262 3542 3301 nec

1955 3332 2144 3401 gloriae
2177 3333 2464 3388 Dominum
2514 3335 2686 3392 Deum
2723 3353 2902 3393 meum
2951 3354 3016 3394 eo
3068 3339 3306 3395 consilio
3359 3341 3544 3394 cruci-

1956 3424 2213 3490 lixerunt,
2250 3433 2307 3478 ut
2339 3426 2572 3482 salutem
2613 3428 2748 3483 mihi
2771 3430 3161 3495 conciliarent,
3185 3431 3279 3487 sed
3336 3420 3542 3485 invidia

1953 3510 2161 3579 potius,
2218 3512 2456 3583 odioque
2493 3515 2691 3584 perciti
2735 3531 2865 3589 erga
2926 3518 3096 3573 Deum
3134 3519 3273 3575 bene
3306 3519 3373 3575 de
3405 3520 3543 3590 ipsis

1958 3603 2235 3657 meritum.
2288 3623 2305 3656 ε
2336 3605 2585 3671 Domine,
2618 3606 2785 3662 dilexi
2815 3608 3067 3664 decorem
3102 3611 3300 3666 domus
3332 3620 3457 3676 tum,
3491 3621 3545 3667 et

1955 3692 2136 3747 locum
2159 3695 2524 3751 habitationis
2543 3698 2734 3769 gloriae
2765 3708 2870 3754 tua:
2896 3701 2961 3755 ¹⁶.
2990 3718 3009 3753 ι
3034 3702 3129 3755 Et:
3163 3721 3178 3754 ι
3208 3702 3447 3757 Adorate
3478 3704 3542 3757 ad

1954 3786 2112 3855 361
2161 3787 2343 3843 locum
2398 3791 2487 3844 ubi
2539 3799 2817 3847 steterunt
2856 3794 3025 3863 pedes
3064 3793 3185 3865 ejus
3212 3796 3276 3847 ⁸⁷.
3318 3813 3336 3845 ι
3380 3795 3543 3849 item-

1957 3893 2101 3946 que:
2142 3898 2158 3931 ι
2197 3879 2437 3937 Adorate
2456 3882 2522 3935 ad
2555 3893 2793 3939 montem
2826 3894 3078 3940 sanctum
3105 3886 3225 3953 ejus
3255 3887 3315 3939 ¹⁸.
3343 3906 3359 3938 ι
3391 3886 3545 3942 Mons

1960 3967 2050 4023 Dei
2101 3982 2330 4026 sanctus
2363 3981 2416 4027 et
2449 3973 2745 4033 animatum
2776 3985 2860 4031 est
2893 3986 3082 4030 sancta
3123 3977 3213 4031 Dei
3261 3975 3543 4042 Genitrix;

1958 4068 2172 4115 montes
2192 4060 2285 4117 Dei
2317 4063 2527 4118 ratione
2552 4066 2780 4135 praui-'7,
2810 4075 2939 4123 sunt
2991 4067 3225 4136 apostoli
3258 4084 3270 4120 :
3304 4085 3322 4117 ι
3349 4067 3547 4124 Exsul-

1960 4160 2216 4207 taverunt
2246 4164 2463 4211 montes
2492 4157 2634 4212 sicut
2677 4158 2900 4225 arietes,
2939 4170 2994 4215 et
3023 4160 3194 4216 colles
3244 4160 3389 4216 sicut
3418 4162 3543 4232 agni

1959 4245 2144 4299 ovium
2174 4247 2236 4299 ¹⁹.
2278 4266 2295 4297 ι

2028 4336 2117 4391 35.
2171 4335 2393 4393 Tertius
2442 4339 2639 4415 modus
2692 4340 2785 4395 ille
2838 4349 2944 4405 est,
2992 4356 3102 4411 quo
3139 4357 3205 4397 ea
3259 4358 3381 4412 quae
3433 4344 3544 4399 Deo

1959 4435 2286 4481 consecrata
2312 4438 2462 4493 sunt,
2489 4432 2810 4497 adoramus,
2835 4441 2963 4503 puta
2988 4442 3341 4490 sacrosancta
3370 4436 3545 4489 Evan—

1960 4516 2121 4585 gelia,
2159 4518 2512 4590 reliquosque
2550 4520 2724 4577 libros
2779 4535 2999 4580 sanctos
3042 4542 3054 4578 :
3095 4542 3114 4577 ε
3154 4525 3358 4595 Scripti
3397 4525 3547 4582 enim

280 4623 460 4691 ἡμῶν,
503 4622 579 4681 εἰς
604 4617 698 4680 οὓς
736 4617 804 4668 τά
835 4614 963 4684 τέλη
1010 4612 1118 4664 τῶν
1169 4609 1381 4663 αἰώνων
1426 4609 1849 4679 κατήντησανσι

1964 4618 2093 4664 sunt
2121 4610 2186 4665 ad
2222 4620 2471 4668 nostram
2497 4613 2943 4680 instructionem,
2986 4618 3053 4672 ad
3088 4633 3230 4688 quos
3260 4617 3396 4674 linea
3447 4632 3547 4673 sw-

282 4716 458 4766 δίσκοι
488 4727 570 4773 τε,
605 4708 701 4760 καὶ
741 4706 1003 4775 ποτήρια,
1033 4700 1307 4770 θυμιατοὶ,
1342 4699 1577 4769 λυχνίαι,
1610 4700 1701 4752 καὶ
1732 4698 1860 4768 τρά-

284 4804 451 4866 πεζαι
475 4844 487 4866 ,
520 4800 678 4869 δῆλον
706 4797 815 4869 γὰρ
871 4788 954 4859 ὡς
981 4795 1160 4848 πάντα
1196 4792 1368 4845 ταῦτα
1400 4790 1674 4861 σεϐάσμια
1694 4807 1709 4821 ο
1759 4791 1861 4861 ὅρα

285 4896 417 4965 γὰρ,
451 4895 539 4946 ὅτε
571 4890 856 4959 Βαλτάσαρ
882 4888 1139 4956 ἐποίησεν
1173 4884 1588 4955 ύπηρετηθῆναι
1620 4883 1711 4953 τὸν
1737 4882 1864 4936 λαὸν

287 4990 404 5049 τοῖς
434 4984 683 5037 σκεύεσιν
716 4983 825 5043 τοῖς
859 4980 1172 5050 ἱερατικοῖς,
1216 4976 1333 5039 πῶς
1366 4974 1616 5028 καθεῖλεν
1663 4977 1690 5027 ό
1732 4973 1864 5036 Θεὸς

290 5079 392 5148 τὴν
431 5076 709 5148 βασιλείαν
732 5073 921 5128 αὐτοῦ.

364 5272 473 5335 λς’.
504 5267 779 5339 Τέταρτος
820 5265 1041 5336 τρόπος,
1074 5264 1193 5316 καθ’
1235 5263 1295 5315 ὃν
1343 5260 1777 5331 προσκυνοῦνται
1810 5259 1865 5311 αἱ

294 5364 503 5425 εἰκόνες
532 5363 587 5414 αἱ
608 5360 859 5430 ὀφθεῖσαι
890 5360 1003 5419 τοῖς
1026 5357 1332 5426 προφήταις
1378 5353 1458 5424 (ἐν
1487 5353 1725 5421 είκονικῇ
1757 5351 1864 5421 γὰρ

977 5495 1115 5550 "IV
1178 5500 1308 5565 Reg.
1364 5513 1423 5556 ιι,
1482 5495 1571 5548 Ξδ.

929 5570 971 5599 ²⁶
998 5570 1016 5620 l
1042 5570 1167 5621 Cor.
1220 5563 1281 5629 κζ
1307 5568 1360 5619 li
1396 5585 1407 5631 ;
1441 5565 1595 5618 Rom.
1634 5578 1721 5625 xv,
1761 5563 1802 5613 ί.

372 5503 414 5533 ¹⁸
446 5504 563 5555 Act.
604 5516 719 5561 tux,
770 5498 856 5553 12.

300 5575 343 5605 ¹⁹
388 5570 532 5627 Psal.
580 5586 732 5635 cxnu,
784 5570 835 5623 4.

1694 5493 1733 5521 ¹⁸
1786 5493 1930 5546 Psal.
1976 5509 2099 5553 ην,
2132 5492 2182 5543 8.

1881 5564 1919 5592 ἰ’
1969 5562 2099 5615 Dan.
2136 5579 2184 5623 v,
2205 5562 2290 5614 ‘28.

1964 4701 2217 4757 culorum
2245 4704 2588 4760 devenerunt
2616 4707 2696 4774 F°;
2736 4727 2753 4759 ι
2789 4708 2961 4763 veluti
2989 4709 3155 4764 etiam
3201 4710 3410 4774 discos,
3451 4726 3546 4765 ca-

1964 4792 2123 4857 lices,
2161 4792 2464 4861 thuribula,
2517 4797 2795 4862 lucernas,
2827 4806 2880 4853 et
2920 4814 3141 4854 mensas
3172 4818 3185 4854 :
3223 4814 3287 4854 ea
3342 4799 3547 4869 quippe

1967 4883 2152 4937 omnia
2182 4888 2534 4942 veneratione
2565 4888 2730 4959 digna
2754 4903 2878 4943 esse
2904 4890 3093 4967 nullus
3124 4890 3336 4944 inlicias
3365 4890 3541 4944 iverit.

1971 4976 2106 5032 Vide
2145 4978 2289 5032 enim
2338 4980 2615 5049 quomodo
2660 4983 2827 5047 Deus,
2878 4997 3003 5036 cum
3082 4982 3357 5037 Baltassar
3400 4982 3546 5036 vasis

1976 5067 2150 5121 sacris
2181 5068 2379 5137 pepulo
2418 5069 2723 5125 ministrari
2766 5071 3053 5141 iussisset,
3105 5087 3330 5142 regnum
3373 5070 3549 5140 ipsius

1973 5156 2319 5226 dissipaverit
2340 5160 2405 5211 ²¹.

2047 5252 2134 5307 56.
2171 5253 2414 5318 Quartus
2445 5252 2641 5308 modus
2675 5261 2776 5316 est,
2814 5268 2925 5322 quo
2953 5254 3218 5325 imagines
3261 5256 3387 5319 illae,
3412 5270 3549 5324 quas

1977 5348 2251 5414 prophetae
2274 5344 2551 5409 viderunt,
2594 5344 2899 5399 adorantur
2944 5346 3024 5416 (bi
3082 5346 3225 5400 enim
3262 5348 3313 5400 in
3358 5347 3550 5416 imagi-

2301 5491 2338 5519 "’
2407 5490 2553 5547 Psal.
2589 5504 2774 5553 cum,
2820 5488 2871 5538 7.
3005 5487 3211 5541 “Psal.
3274 5498 3461 5553 xcwu,
3494 5490 3546 5544 9.

1828 5716 2056 5771 ΝΟΤᾸΞ.

376 5820 487 5894 βψ)
522 5818 730 5886 Ubique
764 5817 1000 5876 reddidi,
1027 5816 1092 5867 ad
1128 5818 1313 5873 loculi),
1346 5824 1416 5879 et,
1454 5816 1519 5866 ml
1565 5824 1808 5876 montem,
1846 5819 2063 5880 propter
2094 5812 2336 5866 auctoris
2372 5811 2727 5881 propositum,
2760 5822 2803 5861 (gi
2846 5810 3285 5879 praepositionem
3315 5806 3393 5870 εἰς
3451 5828 3573 5884 qua:

305 5899 599 5962 insputtdel
635 5895 862 5950 Hebraeo
900 5898 1117 5965 pruiliw
1145 5905 1175 5951 Ἴ
1214 5897 1299 5946 ml.

669 5991 936 6049 i‘nnut.
979 5989 1095 6048 Gn.
1145 5987 1334 6047 XCIV.

3143 5981 3215 6039 «'i'J
