4172 6490
219 456 350 521 .1357

1293 453 1387 516 ῘὶΕ
1432 452 1879 514 IMAGINIDUS
1916 451 2193 513 “RATIO
2228 458 2338 515 lli.

3289 453 3422 519 1353

218 571 687 645 Ιιροσκυνήσωμεν
729 573 819 624 καὶ
850 571 1235 641 λατρεύςωμεν
1269 571 1413 637 μόνῳ
1443 567 1519 636 τῷ
1558 566 1763 634 Κτίστῃ
1801 590 1807 621 ε

1894 581 1971 620 που
1997 576 2080 620 est
2110 567 2163 620 in
2195 575 2243 619 te
2274 567 2337 618 ³³.
2376 584 2391 614 ι
2425 567 2606 620 Soium
2630 572 2928 620 creatorem
2961 570 3015 617 et
3055 579 3232 624 rerum
3263 567 3421 634 cpiti.

217 664 303 716 καὶ
334 660 682 730 Δημιουργῷ,
711 660 784 723 ὡς
811 660 968 728 φύσει
1008 656 1370 729 προσκυνητῷ
1407 655 1544 723 Θεῷ.
1592 656 1765 724 Προσ-

204 755 532 822 ,κυνήσωμεν
566 752 658 804 καὶ
687 754 752 821 τῇ
778 749 917 821 ’ἁγίᾳ
952 751 1223 818 Θεοτόκῳ,
1247 750 1347 817 οὐχ
1375 748 1449 810 ὡς
1491 745 1630 813 Θεῷ,
1649 745 1767 798 ἀλλ’

213 843 285 907 ὡς
317 844 502 913 Μητρὶ
522 842 657 894 Θεοῦ
683 843 821 895 κατὰ
844 843 1020 912 σάρκα
1039 858 1050 869 ⁸
1080 841 1157 894 ἑτι
1191 839 1653 912 προσκυνήσωμεν
1682 839 1771 889 καὶ

215 936 326 998 τοῖς
352 932 546 1001 ἁγίοις,
579 931 652 994 ὡς
675 932 947 994 ἐκλεκτοῖς
973 930 1146 999 φίλοις
1192 927 1348 995 Θεοῦ,
1382 929 1477 981 καὶ
1506 927 1603 996 τὴν
1638 926 1772 994 πρὸς

216 1024 377 1079 αὐτὸν
420 1013 775 1090 κεκτημένοις
814 1021 1147 1092 παρρησίαν.
1197 1020 1258 1071 Εἰ
1304 1017 1412 1089 γὰρ
1470 1014 1771 1086 βασιλεῦσι,

218 1113 477 1184 φθαρτοῖς
501 1111 780 1177 πολλάκις,
800 1110 895 1163 καὶ
918 1108 1159 1171 ἀσεϐέσι,
1179 1108 1271 1159 καὶ
1301 1107 1662 1177 ἁμαρτωλοῖς,
1683 1105 1775 1157 καὶ

222 1208 336 1269 τοῖς
384 1204 475 1257 ὑπ’
504 1203 681 1256 αὐτῶν
714 1201 1206 1273 χειροτονουμένοις
1251 1201 1500 1269 ἄρχουσι,
1526 1199 1619 1251 καὶ
1663 1199 1774 1258 τοῖς

220 1298 422 1351 τούτων
454 1293 742 1364 λαϐράτοις
767 1303 793 1331 υ
814 1291 1213 1361 προσκυνοῦσιν
1246 1291 1292 1342 oi
1317 1288 1609 1357 ἄνθρωποι,
1640 1286 1775 1338 κατὰ

220 1389 279 1441 τὸ
307 1387 447 1440 θεῖον
474 1385 568 1438 τοῦ
605 1383 925 1436 ’Λποστόλου
951 1381 1131 1446 λόγιον
1150 1398 1161 1409 ο
1193 1399 1212 1431 ι
1252 1382 1469 1451 ’Δρχαῖς
1503 1379 1594 1430 καὶ
1627 1377 1776 1441 ἐξου-

223 1477 363 1539 σίαις
393 1474 754 1529 ὑποτάσσεσθε
780 1490 791 1503 ·
826 1492 843 1524 ι
880 1472 989 1525 καί·
1022 1491 1038 1523 ι
1076 1470 1323 1523 ’Δπόδοτε
1354 1472 1486 1523 πᾶσι
1506 1470 1601 1531 τᾶς
1629 1468 1777 1534 ὀφει-

221 1569 341 1635 λάς,
372 1566 451 1636 τῷ
484 1566 581 1636 τὴν
632 1562 822 1635 τιμὴν,
858 1564 959 1633 τὴν
992 1563 1159 1633 τιμήν
1182 1577 1194 1591 ·
1236 1560 1312 1630 τῷ
1342 1560 1431 1612 τὸν
1454 1559 1648 1628 φόϐον,
1689 1559 1779 1609 τὸν

219 1658 413 1729 φόϐον
450 1676 469 1708 ι
504 1656 615 1709 καῖ’
658 1674 677 1706 ι
713 1652 963 1733 ’ᾼπόδοτε
1004 1653 1070 1704 τὰ
1096 1650 1369 1722 Καίσαρος
1418 1648 1678 1718 Καίσαρι,
1707 1645 1779 1705 ὥς

219 1748 444 1822 φησινὸ
485 1746 707 1817 Κύριος,
745 1743 841 1797 καὶ¹
864 1743 931 1795 τὰ
975 1740 1068 1794 τοῦ
1101 1740 1235 1794 Θεοῦ
1282 1742 1359 1810 τῷ
1396 1737 1541 1807 Θεῷ·
1580 1758 1597 1789 ι
1633 1738 1782 1804 πόσῳ

223 1825 426 1911 μᾶλλον
468 1838 637 1907 ἐχρῆν
679 1836 1002 1906 προσκυνεῖν
1047 1833 1124 1902 τῷ
1158 1832 1374 1885 Βασιλεῖ
1399 1831 1508 1884 τῶν
1536 1830 1782 1901 βασιλευ·

1869 671 1982 710 cem
2027 655 2191 710 Deum
2224 655 2532 719 adoremus,
2577 659 2662 710 cui
2702 657 2877 709 latrize
2929 656 3129 709 cultum
3171 655 3421 707 cxhilu-a-

1871 760 2029 811 mus,
2088 757 2342 814 tanquam
2402 745 2508 799 Deo
2558 760 2654 813 pro
2712 762 2807 800 sua
2867 756 3058 798 natura
3128 744 3421 799 adorando.

1873 836 2128 889 Sanctam
2181 851 2399 905 quoque
2449 835 2539 891 Dei
2587 837 2914 891 Uenitriccm
2964 839 3277 899 adoremus,
3315 852 3423 888 non

1875 934 2130 994 tanquam
2158 924 2348 989 Deum,
2389 927 2483 981 sed
2524 934 2780 995 tanquam
2818 926 2906 980 Dei
2947 937 3171 983 matrem
3225 943 3424 982 secun-

1873 1016 1999 1069 dum
2031 1030 2247 1071 carnem
2284 1037 2295 1071 :
2332 1017 2397 1070 ad
2427 1018 2538 1070 haec
2564 1031 2756 1070 omnes
2783 1027 3024 1080 sanctos,
3080 1033 3177 1071 ceu
3227 1018 3429 1072 eiectos

1877 1108 1967 1162 Dei
1997 1115 2052 1162 et
2070 1109 2295 1173 amicos,
2318 1110 2514 1178 quibus
2542 1108 2717 1163 facilis
2741 1111 2805 1160 ad
2841 1110 3016 1177 ipsum
3050 1119 3194 1177 patet
3228 1112 3427 1174 aditus,

1877 1198 2186 1253 adoremus.
2214 1197 2346 1263 Nam
2379 1198 2422 1253 si
2452 1200 2721 1269 rcges-qui
2759 1200 3000 1253 interitui
3035 1201 3252 1255 obnoxii
3281 1211 3428 1259 sunt.

1877 1289 2123 1357 quinimo
2174 1291 2488 1359 plerumque
2528 1292 2675 1360 impii
2711 1301 2763 1343 et
2825 1301 3176 1361 peccatores,
3220 1307 3430 1347 necnon

1882 1378 2167 1448 praefer-tos
2208 1397 2235 1432 a
2291 1382 2511 1449 regibus
2534 1384 2879 1446 constitutos,
2906 1394 2960 1436 et
3000 1382 3260 1453 imagines
3291 1384 3436 1452 ipso-

1889 1485 2030 1534 rum,
2062 1470 2309 1525 hominrs
2356 1472 2606 1535 adorant,
2656 1472 2948 1527 sectmdum
2996 1474 3140 1529 istud
3192 1476 3433 1544 Apostoli

1880 1561 2160 1613 oraculum
2202 1578 2213 1611 :
2256 1579 2271 1611 ι
2312 1560 2661 1630 Principibus
2719 1572 2773 1615 ct
2822 1564 3186 1631 potestatibus
3232 1565 3433 1619 subditi

1880 1660 2055 1706 estote
2094 1651 2170 1713 ";
2210 1672 2225 1702 I
2280 1661 2331 1705 et
2373 1672 2383 1706 :
2427 1673 2443 1703 ι
2489 1653 2714 1709 Reddite
2760 1655 3016 1711 omnibus
3060 1656 3242 1711 debita
3288 1677 3298 1710 :
3347 1658 3438 1711 Cui

1884 1744 2167 1807 honorem,
2223 1746 2517 1810 honorem;
2559 1747 2644 1800 cui
2695 1748 2966 1811 timorem,
3013 1748 3261 1803 timorem
3291 1751 3367 1816 ";
3416 1768 3433 1801 ›

1885 1835 2343 1904 quemadmodum
2376 1838 2537 1892 etiam
2578 1838 2837 1893 Dominus
2860 1838 2936 1892 ait
2964 1857 2977 1893 :
3017 1858 3033 1890 ι
3066 1837 3291 1895 Reddite
3320 1856 3440 1910 qua:

219 1904 414 1993 όντων,
448 1928 523 1989 ὡς
566 1926 711 1996 μόνῳ
749 1924 911 1994 φύσει
945 1920 1293 1987 δεσπόζοντι,
1335 1921 1428 1974 καὶ
1461 1922 1569 1982 τοῖς
1620 1916 1784 1971 αὐτοῦ

1894 1938 2013 1982 sunt
2050 1924 2301 1991 Carsaris,
2328 1927 2566 1993 Caesari;
2606 1936 2657 1982 et
2680 1944 2798 1997 qu:e
2835 1938 2964 1984 sunt
2998 1930 3112 1993 Dei,
3149 1929 3255 1985 Deo
3285 1904 3432 1985 "1‘.

220 2021 431 2083 δούλοις
458 2019 552 2072 καὶ
581 2017 778 2086 φίλοις,
808 2018 920 2079 τοῖς
944 2014 1294 2083 βασιλεύσασι
1314 2013 1422 2065 τῶν
1452 2010 1658 2072 παθῶν,
1692 2010 1785 2063 καὶ

223 2110 646 2167 κατασταθεῖσιν
671 2107 902 2176 ἄρχουσι
938 2104 1119 2172 πάσης
1159 2103 1255 2173 τῆς
1287 2101 1429 2171 γῆς;
1460 2119 1477 2152 ι
1500 2102 1787 2168 Καταστή-

224 2204 479 2274 σειςγὰρ
504 2203 726 2267 αὐτοὺς,
752 2201 916 2269 φησὶν
936 2201 963 2253 ὁ
990 2198 1171 2259 Δαϐὶδ,
1198 2197 1463 2268 ἄρχοντας
1492 2195 1583 2247 ἐπὶ
1608 2195 1786 2247 πᾶσαν

223 2300 325 2369 τὴν
349 2298 451 2367 γῆν
477 2337 491 2362 ,
532 2314 550 2347 ι
585 2294 722 2348 κατὰ
771 2292 1037 2361 δαιμόνων
1069 2290 1163 2344 καὶ⁴
1203 2290 1374 2342 νόσων
1418 2286 1662 2353 ἐξουσίαν
1694 2286 1787 2339 λα-

225 2389 407 2455 ϐοῦσι,
423 2385 516 2441 καὶ
535 2383 1028 2455 συμϐασιλεύσουσι
1048 2378 1266 2450 Χριστῷ
1288 2378 1557 2448 βασιλείαν
1576 2377 1785 2445 ἄφθαρ-

223 2497 323 2535 τον
365 2481 458 2534 καὶ
485 2475 847 2540 ἀκατάλυτον,
879 2467 954 2527 ὧν
990 2475 1022 2543 ἡ
1071 2470 1196 2524 σκιά
1238 2470 1370 2540 μόνη
1405 2467 1677 2537 ἀπήλαυνε
1706 2467 1789 2521 νό-

229 2588 362 2635 σους
396 2570 492 2623 καὶ
522 2568 803 2637 δαίμονας.
838 2563 922 2634 Μὴ
951 2559 1042 2616 οὖν
1083 2561 1238 2623 σκιᾶς
1268 2558 1657 2627 ἀσθενεστέραν
1695 2558 1789 2609 καὶ

230 2660 562 2730 ἀτιμοτέραν
586 2655 933 2726 λογισώμεθα
954 2656 1052 2724 τὴν
1084 2652 1265 2704 εἰκόνα
1286 2668 1299 2681 ·
1335 2650 1657 2718 σκιογραφεῖ
1684 2647 1790 2715 γὰρ

230 2752 447 2823 ἀληθῶς
473 2752 535 2803 τὸ
562 2749 939 2817 πρωτότυπον.
980 2744 1244 2814 ’Δδελφοὶ,
1274 2745 1302 2796 ὁ
1329 2740 1666 2812 Χριστιανὸς,
1700 2738 1788 2790 πί-

232 2861 353 2904 στις
390 2841 569 2896 ἐστίν’
607 2842 635 2893 ό
668 2836 761 2893 οὖν
813 2837 993 2893 πίστει
1033 2833 1491 2905 προσερχόμενος,
1544 2829 1790 2898 κερδανεῖ

233 2933 406 2989 πολλά
426 2948 439 2963 ⁸
476 2933 504 2986 ὁ
531 2929 589 2984 δὲ
620 2924 1209 3001 διακρινόμενος,,ἔοικε
1238 2922 1465 2977 κλύδωνι
1498 2918 1786 2987 θαλάσσης,

232 3021 608 3095 ἀνεμιζομένῳ
645 3018 741 3071 καὶ⁸
765 3016 1114 3087 ῥιπιζομένῳ,
1146 3014 1202 3077 ὃς
1236 3013 1297 3064 οὐ
1336 3014 1410 3082 μὴ
1439 3010 1671 3080 λήψεται
1701 3008 1791 3059 οὑ-

232 3111 349 3166 δέν.
383 3108 587 3170 Πάντες
609 3105 717 3176 γὰρ
762 3106 813 3155 oi.
850 3103 993 3170 ἅγιοι
1022 3101 1108 3154 διὰ
1148 3099 1380 3161 πίστεως
1424 3097 1824 3166 εὑηρέστησαν,

233 3201 319 3272 τῷ
344 3198 480 3269 Θεῷ.
514 3193 803 3264 Δεξώμεοα
829 3188 934 3247 «οὖν
960 3191 1058 3265 τὴν
1100 3189 1395 3258 παράδοσιν
1422 3187 1519 3257 τῆς
1565 3186 1790 3253 Ἐκκλη-

238 3293 363 3356 σιας
388 3294 445 3344 ἐν
480 3288 735 3356 εὐθύτητι
776 3284 1031 3358 καρδίας,
1067 3286 1160 3336 καὶ
1201 3283 1274 3351 μὴ
1308 3284 1363 3333 ἐν
1401 3279 1609 3340 πολλοῖς
1647 3278 1790 3345 λογι-

238 3385 419 3453 σμοῖς.
456 3380 514 3434 '0
563 3378 694 3441 Θεὸς
745 3378 853 3445 γάρ
896 3375 1117 3446 ἐποίησε
1163 3373 1253 3426 τὸν
1302 3371 1585 3440 ἄνθρωπον
1639 3369 1793 3438 εὐθῆ,

237 3471 394 3524 αὐτοὶ
424 3469 479 3522 δὲ
525 3469 799 3538 ἐζήτησαν
835 3465 1125 3533 λογισμοὺς
1163 3462 1411 3522 πολλοὺς.
1444 3461 1535 3531 Μὴ
1570 3458 1795 3513 καταδε-

240 3559 460 3632 ξώμεθα
492 3560 616 3613 νέαν
639 3559 820 3611 πίστιν
850 3555 1061 3627 μαθεῖν,
1097 3554 1171 3618 ὡς
1207 3553 1659 3625 κατεγνωσμένης
1702 3551 1797 3619 τῆς

240 3653 350 3707 τῶν
389 3652 555 3717 ἁγίων
607 3650 871 3718 Πατέρων
923 3644 1293 3716 παραδόσεως.
1324 3644 1464 3713 Φησὶ
1506 3642 1612 3711 γὰρ
1659 3641 1800 3704 θεῖος

255 3742 609 3805 Ἀπόστολος·
661 3760 678 3793 ι
718 3740 783 3795 EE
822 3756 905 3802 τις
953 3739 1095 3807 ὑμᾶς
1145 3733 1547 3805 εὐαγγελίζεται
1596 3734 1721 3803 παρ’
1773 3733 1801 3786 δ

243 3833 604 3907 παρελάϐετε,
630 3830 877 3904 ἀνάθεμα
899 3833 1057 3885 ἔστω.
1087 3850 1104 3882 ι
1132 3827 1545 3901 Προσκυνοῦμεν
1569 3820 1662 3879 οὖν
1682 3828 1800 3889 ταῖς

241 3903 466 3990 εἰκόσιν,
505 3924 564 3976 οὐ
596 3925 663 3993 τῇ
705 3903 811 3991 ’ύλῃν
847 3922 1243 3991 προσφέροντες
1276 3919 1372 3989 τὴν
1407 3916 1800 3987 προσκύνησιν,
1847 3903 1875 3937 ⁸

244 4015 382 4071 ἀλλὰ.
405 4014 469 4067 δι’
500 4014 677 4067 αὐτῶν
708 4010 835 4076 τοῖς
872 4014 928 4066 ὲν
980 4011 1159 4074 αὐτοῖς
1194 4008 1631 4077 εἰκονιζομένοις.
1673 4024 1689 4057 ι
1736 4005 1801 4057 ἸΙ

243 4109 355 4181 γὰρ
378 4108 476 4177 τῆς
505 4107 709 4169 εἰκόνος
731 4105 866 4176 τιμὴ
886 4105 979 4157 ἐπὶ
1005 4104 1067 4157 τὸ
1090 4103 1439 4174 πρωτότυπον
1469 4098 1751 4161 διαϐαίνει,
1778 4117 1795 4149 ι

243 4200 427 4263 καθώς
457 4217 619 4269 φησιν
646 4200 675 4252 δ
706 4199 845 4261 θεῖος
871 4196 1170 4259 Βασίλειος.

244 4292 322 4346 sit
342 4292 410 4345 ".
441 4309 459 4343 ι
493 4289 587 4346 Sic
620 4292 804 4359 itaque
835 4288 1098 4358 imagines
1125 4286 1437 4345 adoremus,
1498 4290 1555 4335 ut
1589 4295 1698 4335 non
1760 4280 2031 4343 materiae,
2080 4280 2173 4335 sed
2223 4281 2329 4336 illis
2375 4298 2513 4352 quos
2587 4295 3005 4353 repnesentant,

1887 2020 2090 2088 quanto
2124 2018 2296 2088 magis
2322 2024 2539 2086 Oportet
2568 2014 2765 2087 Regem
2800 2032 3011 2086 regum,
3039 2020 3128 2088 qui
3166 2022 3317 2075 solus
3349 2037 3442 2091 per

1889 2121 2133 2163 naturam
2170 2123 2321 2163 suam
2362 2108 2621 2163 Dominus
2649 2117 2751 2170 est,
2789 2106 3035 2172 adorare,
3081 2110 3312 2179 ejusque
3357 2111 3440 2165 ia-

1888 2199 2067 2253 mulos
2091 2209 2144 2253 et
2166 2201 2392 2259 amicos,
2418 2200 2508 2269 qui
2532 2198 2925 2269 cupiditatibus
2946 2201 3061 2254 suis
3086 2201 3439 2271 imperarunt,

1891 2286 2238 2355 universique.
2260 2286 2408 2342 Urbis
2440 2288 2713 2357 principes
2741 2288 3029 2343 constituti
3059 2293 3444 2357 sunt,dicente

1891 2375 2053 2429 David
2086 2395 2098 2428 :
2146 2395 2163 2427 ι
2202 2375 2520 2433 Constitues
2552 2392 2645 2433 eos
2706 2378 2981 2450 principes
3031 2395 3195 2451 super
3229 2396 3443 2440 omnem

1890 2476 2085 2520 terram
2122 2468 2203 2533 ³’;
2251 2486 2268 2520 ι
2330 2470 2420 2538 qui
2478 2478 2670 2523 contra
2716 2469 2993 2527 dtemones
3043 2480 3097 2528 et
3155 2471 3446 2544 languores

1890 2566 2217 2627 potestatem
2252 2572 2582 2629 acceperunt
2604 2560 2648 2592 ³⁸
2675 2580 2686 2614 :
2713 2561 2805 2631 qui
2843 2563 3147 2633 regnoillo,
3167 2565 3312 2634 quod
3341 2581 3448 2624 non

1891 2660 2299 2720 corrumpetur,
2346 2666 2445 2705 nec
2491 2652 2868 2721 dissipabitur,
2916 2671 3021 2709 una
3058 2671 3179 2711 eum
3228 2656 3449 2714 Christo

1891 2740 2114 2809 petituri
2143 2749 2272 2794 sunt
2302 2759 2312 2793 :
2348 2756 2581 2810 quorum
2615 2743 2803 2796 umbra
2837 2744 2949 2798 sola
2984 2746 3204 2801 morbos
3242 2754 3296 2802 et
3334 2746 3448 2802 dat-

1891 2842 2078 2885 mones
2118 2823 2169 2884 in
2200 2830 2376 2901 fugam
2415 2834 2607 2902 agebat
2633 2835 2695 2887 ³⁵.
2735 2832 3087 2907 Nequaquam
3130 2838 3289 2909 igitur
3323 2841 3469 2901 ima;

1893 2922 2069 2989 ginem
2099 2924 2286 2977 umbra
2302 2924 2621 2980 debiliorem
2645 2927 3062 2995 abjectioremvc
3078 2930 3408 2987 mtimemue
3432 2972 3448 3000 ,

1893 3011 2093 3080 quippe
2127 3027 2248 3065 cum
2286 3014 2564 3083 exemplar
2599 3029 2758 3069 suum
2796 3032 2920 3072 vere
2954 3018 3265 3075 adumbrct.
3321 3020 3450 3077 Frao

1894 3115 2025 3164 tres,
2054 3101 2402 3171 Christianus
2426 3121 2487 3160 ex
2534 3104 2636 3160 ﬁde
2671 3115 2944 3163 censetur.
2976 3108 3322 3181 Quapropter
3359 3114 3451 3181 qui

1895 3212 2019 3249 cum
2066 3196 2168 3250 [ide
2212 3197 2446 3261 accedit,
2500 3206 2768 3267 quzestum
2814 3201 3044 3254 multum
3103 3200 3313 3257 faciet:
3359 3203 3452 3271 qui

1896 3298 2071 3342 autem
2102 3288 2551 3354 luesitat,similis
2582 3300 2665 3347 est
2688 3291 2869 3346 lluetui
2900 3292 3082 3358 maris,
3112 3293 3201 3362 qui
3229 3308 3257 3345 a
3292 3304 3456 3352 vento

1894 3386 2138 3431 mowtur
2172 3379 2705 3445 cteireumfertur",
2736 3398 2834 3437 nee
2863 3382 3157 3451 quidquam
3190 3383 3277 3437 ille
3302 3398 3456 3453 pror-

1896 3483 1989 3522 sus
2016 3477 2093 3521 est
2121 3479 2497 3539 percepturus.
2534 3468 2734 3525 Omnes
2772 3475 2914 3538 enim
2943 3474 3115 3526 sancti
3171 3486 3264 3542 per
3299 3474 3453 3529 ﬁdem

1898 3556 2005 3612 Deo
2041 3558 2379 3627 placuerunt.
2430 3559 2795 3625 Quamobrem
2827 3560 2992 3616 corde
3030 3571 3179 3618 recto
3214 3563 3458 3622 sincero-

1896 3662 2022 3715 que,
2053 3655 2105 3701 et
2147 3649 2280 3701 citra
2325 3650 2487 3702 ullam
2532 3650 2927 3720 cogitationum
2982 3652 3456 3722 disceptationem,

1898 3736 2153 3791 Ecclesim
2185 3739 2536 3793 traditionem
2570 3741 2984 3809 amplectamur.
3013 3740 3153 3797 Deus
3188 3741 3457 3812 siquidem

1892 3828 2020 3882 fecit
2047 3829 2314 3884 hominem
2345 3840 2550 3886 rectum
2582 3832 2621 3862 ιι
2656 3850 2668 3885 :
2702 3831 2805 3901 ipsi
2836 3846 2963 3886 vero
2997 3832 3233 3890 rationes
3263 3835 3461 3891 multas

1896 3923 2331 3990 conquisierunt.
2376 3923 2579 3977 Novam
2633 3924 2790 3979 (idem
2828 3925 3144 3993 neutiquam
3197 3926 3456 3980 admitta-

1902 4027 2049 4075 mus,
2084 4028 2190 4082 qua
2220 4023 2537 4073 sanctorum
2594 4016 2813 4070 Patrum
2868 4017 3087 4071 traditio
3122 4018 3457 4088 reprobetur,

1899 4100 2155 4155 Aitcuim
2182 4100 2398 4157 divinus
2432 4106 2763 4174 Apostolus:
2802 4123 2819 4155 ι
2860 4105 2918 4158 Si
2953 4107 3074 4175 quis
3116 4105 3269 4163 vobis
3296 4119 3464 4161 evan-

1905 4191 2218 4260 gelizaverit
2283 4202 2476 4260 praeter
2519 4198 2570 4249 id
2618 4197 2760 4266 quod
2811 4198 3124 4268 accepistis,
3173 4197 3462 4275 anathema

3093 4286 3463 4341 adoratiunem

244 4382 559 4441 offeramus.
584 4382 717 4438 Nam
747 4383 962 4438 divinus
995 4380 1227 4434 Basilius
1258 4378 1490 4442 "dicit,
1548 4394 1565 4428 ι
1608 4374 1830 4445 lmagiui
1872 4374 2111 4431 habitum
2155 4375 2411 4432 honorem
2444 4379 2521 4431 ad'
2546 4379 2718 4449 ipsum
2781 4380 3058 4450 exemplar
3115 4379 3463 4456 archetypum

246 4483 507 4540 transire.

318 4578 428 4649 μβ⁹.
464 4576 638 4645 ἰ’μᾶς
676 4575 751 4637 δὲ,
787 4575 1075 4644 ἱερώτατον
1106 4575 1199 4627 τοῦ
1234 4571 1470 4643 Χριστοῦ
1524 4572 1794 4640 ποίμνιον,

1972 4565 2059 4623 4‘2.
2107 4563 2213 4620 Vos
2239 4574 2443 4630 autem,
2477 4580 2510 4621 ο
2543 4566 2914 4621 sacratissime
2946 4581 3075 4636 grex
3106 4565 3332 4633 Christi,
3367 4584 3463 4635 po-

244 4664 691 4738 ὁΧριστὼνυμος
726 4664 876 4728 λαὸς,
912 4662 972 4714 τὸ
1014 4662 1164 4725 ἔθνος
1205 4662 1265 4714 τὸ
1310 4662 1486 4727 ἆγιον,
1540 4658 1600 4709 τὸ
1648 4656 1803 4725 σῶμα

246 4759 347 4827 τῆς
392 4755 729 4823 Ἐκκλησίας,
765 4752 1039 4821 έμπλήσαι
1087 4752 1316 4823 Χριστὸς
1364 4750 1463 4816 τῆς
1507 4750 1677 4817 χαρᾶς
1708 4747 1805 4813 τῆς

250 4844 417 4899 αὑτοῦ
456 4843 822 4904 ἀναστάσεως,
866 4843 958 4893 καὶ⁵
999 4841 1333 4905 καταξιῶσαι
1360 4838 1657 4907 ἑπομένους
1696 4836 1805 4897 τοῖς

254 4938 425 5006 ῐχνεσι
471 4934 580 4987 τῶν
624 4934 813 5001 ἁγίων,
850 4932 957 4983 τῶν
997 4931 1272 4999 ποιμένων
1300 4947 1358 4982 τε
1407 4930 1500 4982 καὶ
1552 4927 1804 4980 διδασκά-

249 5026 361 5080 λων
400 5024 497 5093 τῆς
532 5023 882 5092 Ἐκκλησίας,
920 5019 1321 5090 προαγομένους
1360 5021 1541 5089 τυχεῖν
1587 5017 1681 5085 τῆς
1718 5016 1804 5069 δό-

337 5197 383 5229 ³³
410 5196 564 5251 Cant.
605 5160 744 5258 ΝΠ,
830 5198 872 5229 ³³
923 5165 1029 5251 'l'it.
1067 5213 1143 5259 Ill,
1193 5195 1239 5247 1.
1322 5193 1367 5225 ³³
1411 5192 1564 5246 Boni.
1604 5211 1717 5255 sui,
1768 5196 1820 5246 7.

256 5284 333 5336 Ix,
387 5269 436 5322 1.
520 5268 563 5302 ³⁸
593 5268 708 5321 Act.
749 5269 911 5327 v.15.
1011 5268 1055 5298 ⁴⁰
1092 5265 1279 5337 Jac._t,
1320 5264 1373 5328 6,
1420 5264 1469 5316 7.

1551 5264 1589 5294 θ’
1648 5264 1821 5318 lim-le.
1867 5283 1960 5327 \ll,
2005 5267 2087 5317 δυ.
2165 5268 2206 5296 δ’
2244 5266 2418 5319 Calui.
2466 5284 2498 5329 ι,
2534 5268 2584 5318 ll.

1912 4657 2069 4724 pulus
2098 4656 2302 4711 Christi
2336 4659 2552 4713 nomine
2580 4657 2833 4727 insignis,
2869 4671 3001 4726 gens
3031 4663 3239 4719 sancta.
3267 4670 3465 4726 corpus

1911 4746 2186 4812 Ecclesiae,
2218 4748 2640 4805 resurrectionis
2671 4764 2783 4805 suae
2817 4748 3015 4819 gaudio
3056 4749 3169 4818 ipse
3213 4747 3466 4809 ΟΙιτίειυς

1913 4837 2156 4905 impleat,
2180 4836 2486 4906 dignosque
2519 4837 2701 4903 faciat,
2735 4839 2828 4908 qui
2868 4846 3182 4894 sanctorum
3214 4836 3468 4895 Ecclesiae

1913 4935 2196 4997 pastorum
2251 4926 2648 4999 doctorumque
2688 4931 2910 4999 vestigia
2961 4929 3240 5005 prematis,
3292 4937 3346 4983 et
3398 4931 3464 4983 ad

1912 5021 2142 5089 gloriam
2175 5035 2329 5076 suam
2366 5020 2419 5074 in
2460 5020 2847 5091 splendorihus
2871 5028 3182 5076 sanctorum
3212 5033 3309 5075 vos
3340 5031 3467 5091 pro.

1931 5196 1972 5226 ³⁵
1996 5194 2178 5248 Matth.
2214 5213 2344 5259 xxn,
2385 5196 2473 5252 ει.
2578 5196 2618 5226 ³⁷
2664 5194 2806 5250 Psal.
2855 5213 2995 5257 κων,
3059 5199 3137 5251 l9.
3258 5198 3300 5229 ³⁸
3334 5196 3463 5260 Luc,

2670 5267 2711 5295 λλ
2762 5266 2833 5320 De
2887 5268 3087 5332 Spiritu
3123 5278 3325 5321 sancto.

1620 5445 1848 5500 Vilile
1882 5444 2279 5500 LECTIONES.

334 5611 361 5641 ιι
393 5600 536 5657 Edit.
578 5602 810 5671 λάτμοῑς.
855 5600 957 5671 Sed
1010 5600 1203 5671 melius
1236 5599 1520 5671 legendum
1552 5600 1835 5671 λαυράτοις
1864 5604 1942 5653 vel
1977 5601 2285 5671 λαῦράτοις,
2320 5608 2377 5671 ut
2407 5600 2458 5652 in
2480 5610 2638 5671 textu
2678 5603 2853 5668 posui.
2901 5599 3031 5655 Vide
3084 5601 3371 5671 Meursium
3397 5604 3463 5658 ad

261 5670 397 5733 illud
430 5686 643 5735 nomen,
680 5668 767 5725 ubi
802 5680 854 5723 et
883 5668 1135 5736 Optatum
1174 5668 1380 5732 laudat,
1416 5668 1954 5737 lionores'cjusmodi
2018 5668 2244 5724 (auratis
2282 5670 2408 5723 olim
2456 5670 2749 5733 exhibitas,
2793 5680 3135 5724 enarrantem
3164 5690 3174 5723 :
3203 5670 3462 5731 Laurens

258 5753 311 5799 et
343 5741 575 5797 iconibus
608 5758 721 5809 qua:
753 5742 1030 5793 mittuntur
1057 5738 1122 5790 ad
1178 5739 1415 5793 civitates
1456 5742 1532 5793 vel
1592 5741 1843 5809 regiones,

1894 5740 2028 5793 obvii
2088 5742 2279 5793 adeunt
2302 5740 2478 5806 populi
2511 5756 2625 5792 cum
2646 5741 2804 5792 cereis
2833 5750 2880 5793 et
2918 5741 3166 5798 incensis.
3204 5757 3305 5793 non
3348 5759 3463 5798 rem

253 5813 529 5883 perfusam
560 5807 817 5875 tabulam,
855 5810 941 5865 sed
962 5810 1323 5877 imperatorem
1349 5807 1682 5865 honorantes.
1708 5811 1865 5870 Addit
1891 5810 2133 5882 Gregorii
2174 5808 2214 5864 Il
2245 5825 2396 5887 papa:
2435 5807 2719 5885 epistolam
2745 5809 2797 5874 1,
2833 5808 2898 5867 ad
2930 5807 3162 5870 Leonem
3194 5808 3458 5874 lsaurmu,
