4172 6490
708 362 843 428 1359

1872 372 1929 428 S.
1974 370 2292 429 JOANNIS
2318 372 2748 433 DAMASL‘ENI

3849 380 3982 444 13m

706 484 883 549 vellat,
940 499 1100 553 quam
1138 500 1237 537 nos
1294 500 1483 539 omnes
1528 500 1620 554 per
1654 486 1887 555 gratiam
1938 488 2099 558 363
2153 490 2271 558 ejus

2385 490 2473 557 ξτες
2514 492 2674 545 αὑτοῦ
2706 495 2763 567 έν
2830 496 2947 560 ταῖς
3000 496 3346 568 λαμπρότησι
3405 498 3514 552 τῶν
3544 498 3718 568 ἁγίων
3741 516 3755 530 ο
3790 493 3861 570 ἧς
3884 501 3978 566 γέ-

704 574 930 644 adipisci
963 577 1268 647 contingat,
1308 594 1415 649 quo
1468 578 1645 646 ipsum
1688 588 1950 646 perpetuo
1994 580 2279 635 laudemus

703 683 825 721 eum
866 668 1023 722 Patre
1054 670 1144 736 qui
1181 671 1297 723 sine
1332 670 1604 739 principio
1633 677 1735 735 est,
1771 671 1857 723 cui
1892 670 2064 740 gloria
2093 671 2145 723 in
2173 687 2275 725 είυρ

704 761 821 812 ruta
861 762 1208 815 szeculorum.
1253 763 1445 817 Amen.

769 851 1078 918 Cmtcrum,
1138 855 1358 923 quando
1406 857 1472 910 de
1524 858 1790 912 idolorum
1863 868 1916 915 et
1978 860 2275 928 imaginum

702 943 1022 997 discrimine
1074 945 1337 1011 diximus,
1375 958 1537 1017 atque
1589 951 1847 1020 imaginis
1903 951 2276 1005 definitionem

703 1036 1011 1104 docuimus,
1046 1047 1259 1107 tempus
1304 1048 1412 1107 est,
1457 1052 1513 1095 ut
1540 1045 2004 1112 quemadmodum
2044 1044 2278 1114 polliciti

704 1146 919 1197 sumus,
957 1132 1272 1186 testimonia
1308 1135 1694 1203 subjiciamus.

794 1222 1102 1277 Priscorum
1138 1223 1579 1294 probatorumque
1616 1226 1843 1281 Patrum
1882 1228 2186 1282 testimonia

1256 1312 1350 1362 pro
1386 1297 1722 1365 imaginibus.

744 1386 925 1437 Sancti
971 1386 1213 1457 Dionysii
1250 1388 1574 1441 Athenarum
1616 1391 1879 1457 episcopi,
1915 1407 1979 1444 ex
2017 1392 2243 1457 epistola

920 1459 988 1509 uti
1022 1456 1281 1511 Joannem
1323 1460 1621 1524 apostolum
1658 1470 1704 1513 et
1746 1456 2063 1531 theologum.

780 1634 796 1665 ι
833 1613 935 1668 lies
986 1630 1103 1681 qlltl)
1153 1613 1257 1667 sub
1308 1623 1593 1683 aspectmn
1636 1616 1881 1680 cadunt,
1919 1616 2279 1675 invisibilium

705 1707 866 1773 plane
902 1705 1216 1773 conspicua:
1250 1704 1521 1773 imagines
1556 1711 1706 1757 sunt.
1747 1722 1763 1753 ι

808 1795 1062 1864 Ejusdem
1087 1836 1101 1859 ,
1126 1812 1189 1849 e1:
1216 1796 1349 1850 libro
1377 1797 1439 1849 de
1468 1797 1825 1850 ecclesiastica
1856 1797 2171 1855 Itierarcltia.

776 1977 795 2009 ι
831 1961 1100 2013 (Steterunt
1133 1958 1460 2013 substantiae
1493 1973 1615 2028 qua:
1649 1974 1817 2029 supra
1849 1974 1951 2015 nos
1989 1967 2149 2022 sunt,
2196 1965 2279 2012 at-

703 2069 809 2123 que
871 2052 1140 2117 ordines,
1196 2067 1435 2121 quorum
1494 2065 1708 2106 sacram
1765 2053 1876 2121 jam
1937 2052 2279 2107 mentionem

705 2146 936 2201 lecimus
958 2185 973 2210 ,
1005 2145 1387 2213 ineorporales
1416 2154 1545 2199 sunt
1574 2164 1587 2198 :
1618 2145 1751 2214 quin
1778 2152 1832 2199 et
1857 2151 2280 2199 sacrosanctmn

702 2238 925 2291 illorum
990 2236 1368 2304 magisterium
1430 2236 1717 2305 spirituale
1776 2244 1896 2299 est,
1959 2235 2280 2305 mundoque

703 2331 982 2400 superius.
1026 2327 1291 2382 Nostrum
1349 2339 1532 2381 autem
1574 2343 1673 2398 pro
1708 2335 2081 2383 consentanea
2119 2326 2281 2383 nobis

702 2423 916 2476 ratione
956 2430 1185 2491 prepter
1245 2420 1597 2476 sensibilium
1630 2420 1951 2477 varietatem
1986 2422 2276 2489 signorum

701 2512 1063 2581 multiplicari
1104 2500 1395 2574 videmus;
1440 2509 1645 2578 quibus
1685 2519 1902 2573 tamen,
1965 2519 2129 2579 prout
2187 2524 2280 2565 sa-

700 2619 855 2657 crum
884 2602 1042 2657 decet
1072 2601 1485 2670 magisterium,
1528 2601 1593 2654 ad
1630 2600 1965 2655 uniformem
1997 2616 2279 2656 concessa:

700 2692 1005 2746 divinitatis
1032 2691 1269 2760 gratiam
1296 2729 1309 2752 ,
1376 2704 1592 2744 necnon
1626 2689 1693 2742 ad
1723 2689 1892 2743 Deum
1924 2688 2279 2757 divinamque

701 2785 961 2837 virtutem
1024 2796 1123 2851 pro
1182 2781 1412 2835 modulo
1463 2791 1658 2835 nostro
1719 2782 2102 2837 subveliimur.
2160 2782 2280 2835 Istae

2384 599 2530 634 νοιτο
2568 584 2845 655 ἐπιτυχεῖν
2874 590 2939 657 τῇ
2974 586 3139 640 αὑτοῦ
3177 590 3381 659 χάριτι,
3410 590 3648 653 αἰωνίως
3689 591 3869 644 αὑτὸν
3898 592 3982 641 ὁο-

2384 672 2665 737 ξάζοντας,
2711 680 2808 730 σὺν
2832 678 2910 748 τῷ
2936 680 3161 749 ἀνάρχῳ
3199 681 3397 751 Πατρὶ,
3422 674 3467 749 ᾧ
3495 683 3527 751 ἠ
3566 683 3699 749 δόξα
3733 683 3825 744 εἰς
3854 686 3980 743 τοὶς

2382 766 2585 827 αἰῶνας
2616 766 2723 818 τῶν
2754 767 2986 822 αἰώνων.
3028 771 3221 840 Ἀμήν.

2457 855 2717 919 Εἰπόντες
2747 859 2874 927 περὶ
2894 859 2992 927 τῆς
3026 860 3293 931 διαφορᾶς
3319 861 3424 913 τῶν
3460 862 3700 917 εἰδώλων
3735 863 3840 914 καὶ
3873 862 3979 913 τῶν

2382 947 2629 1009 εἰκόνων,
2656 948 2748 1000 καὶ
2767 949 3079 1016 διδάξαντες
3126 952 3252 1021 ὅρον
3294 952 3399 1004 τῶν
3436 954 3691 1018 εἰκόνων,
3732 954 3864 1023 ὥρα
3917 952 3982 1020 δὴ

2382 1037 2701 1106 ἐπενεγκεῖν
2740 1041 2960 1105 καὶτὰς
3004 1044 3251 1115 χρήσεις,
3293 1044 3550 1117 καθάπερ
3587 1046 3978 1116 ὑπεσχόμεθα.

2381 1218 2707 1287 Μαρτυρίαι
2733 1221 3008 1275 παλαιῶν
3037 1222 3134 1276 καὶ
3173 1222 3435 1292 δοκίμων
3474 1224 3661 1294 ἁγίων
3696 1220 3965 1290 Πατέρωι

2950 1294 3080 1361 περὶ
3128 1295 3397 1347 εἰκόνων.

2390 1380 2497 1434 Τοῦ
2526 1380 2699 1448 ἁγίου
2724 1384 3045 1437 Διονυσίου
3077 1383 3416 1438 ἐπισκόπου
3447 1384 3725 1449 Ἀθηνῶν.
3764 1382 3839 1434 ἐκ
3874 1380 3979 1445 τῆς

2456 1451 2608 1517 πρὸς
2657 1451 2936 1521 Ἰωάννην
2986 1452 3092 1508 τὸν
3144 1457 3495 1509 ἀπόστολοι·
3526 1457 3625 1507 καὶ
3673 1456 3829 1508 Θεολ
3877 1470 3981 1521 γίγ

2452 1521 2809 1589 ἐπιστολῆς.

2462 1632 2478 1664 ι
2532 1614 2773 1684 Ἀληθῶς
2832 1615 3100 1686 ἐμφανεῖς
3149 1617 3356 1680 εἰκόνες
3392 1616 3499 1669 εἰσὶ
3540 1616 3609 1669 τὰ
3664 1616 3846 1686 ὁρατὰ
3874 1614 3980 1666 τῶν

2384 1706 2648 1776 ἀοράτων.
2687 1724 2704 1757 ι

2390 1798 2499 1854 Τοῦ
2530 1797 2739 1865 αὑτοῦ,
2770 1799 2837 1853 ἐκ
2878 1799 2986 1853 τοῦ
3038 1802 3169 1868 περὶ
3218 1799 3738 1868 ἑκκλησιαστικῆς
3788 1802 3980 1867 ἱείηότκ

2993 1872 3130 1938 χίας
3159 1873 3363 1941 λόγου.

2462 1978 2479 2012 ‹
2526 1960 2665 2013 Ἀλλ’
2696 1960 2751 2013 αἱ
2778 1959 2877 2033 μὲν
2941 1960 3082 2033 ὑπὲρ
3115 1964 3265 2032 ἡμᾶς
3314 1962 3493 2015 οὐσίαι
3524 1963 3618 2016 καὶ
3654 1960 3871 2027 τάξεις,
3906 1953 3979 2011 ὧν

2385 2053 2489 2124 ἠδη
2541 2054 2763 2124 μνήμην
2826 2054 2979 2126 ἱερὰν
3037 2055 3428 2126 ἐποιησάμην,
3504 2056 3799 2125 ἀσώματοί
3852 2058 3977 2113 εἰπέ,

2386 2147 2479 2199 καὶ
2522 2145 2687 2216 νοητὴ
2741 2145 2837 2199 καὶ
2895 2146 3264 2217 ὑπερκόσμιός
3292 2148 3439 2200 ἐστιν
3494 2148 3526 2217 ἡ
3575 2147 3718 2199 κατὰ
3768 2145 3979 2207 ταύτας

2387 2236 2660 2306 ἱεραρχία.
2692 2236 2804 2305 Τὴν
2842 2235 2962 2289 καθ’
2998 2236 3149 2307 ἡμᾶς
3179 2236 3235 2288 δὲ
3258 2236 3477 2307 ὁρῶμεν
3523 2237 3811 2304 ἀναλόγως
3850 2238 3981 2305 ἡμῖν

2385 2328 2590 2393 αὐτοῖς,
2620 2329 2687 2398 τῇ
2711 2326 2818 2378 τῶν
2856 2328 3137 2398 αἰσθητῶν
3161 2327 3448 2398 συμϐόλων
3481 2329 3734 2399 ποικιλίᾳ
3766 2328 3982 2396 πληθυ-

2384 2417 2637 2487 νομένην,
2675 2418 2763 2487 ὑφ’
2804 2412 2879 2472 ὧν
2912 2418 3239 2490 ίεραρχικῶς
3270 2420 3363 2472 ἐπὶ
3398 2419 3497 2490 τὴν
3531 2420 3742 2489 ἐνοειδῆ
3776 2420 3985 2471 θέωσιν

2384 2510 2441 2562 ὲν
2475 2511 2791 2581 συμμετρίᾳ
2830 2513 2896 2581 τῇ
2959 2511 3083 2565 καθ’
3137 2513 3286 2582 ἡμᾶς
3330 2512 3669 2582 ἁναγόμεθα,
3726 2514 3868 2563 θεόν
3925 2529 3983 2563 τε

2386 2602 2481 2655 xa‘t
2544 2601 2695 2655 θείαν
2746 2604 2971 2674 ἀρετήν.
3008 2604 3074 2657 Αἱ
3113 2604 3211 2673 μὲν
3239 2604 3312 2668 ώς
3349 2606 3465 2667 νόες
3504 2604 3685 2657 νοοῦσι
3730 2604 3888 2657 κατὰ
3928 2606 3985 2655 τὲ

2386 2693 2576 2755 αὑταῖς
2602 2693 3027 2765 οεμιτδν,ἡμεῖς
3059 2694 3116 2746 δὲ
3160 2693 3446 2765 αἰσθηταῖς
3483 2696 3691 2747 εἰκόσιν
3733 2697 3835 2747 ἐπὶ
3884 2697 3984 2757 τὰς

2386 2783 2556 2847 θείας,
2583 2784 2659 2847 ὡς
2688 2786 2931 2851 δυνατὸν,
2965 2784 3280 2856 ἁναγόμεθα
3306 2784 3559 2856 θεωρίας.
3592 2806 3609 2838 ι

699 2882 955 2954 quidem,
1000 2889 1059 2934 ut
1100 2897 1221 2949 quae
1263 2889 1479 2934 mentes
1519 2886 1684 2943 sunt,
1726 2885 1997 2948 quantum
2039 2877 2123 2932 fas
2155 2878 2270 2933 illis
2304 2887 2426 2945 est,
2462 2880 2819 2951 intelligunt;
2856 2897 2959 2937 nos
2992 2898 3122 2937 vero
3160 2898 3258 2953 per
3324 2883 3618 2939 sensibiles
3687 2883 3983 2953 imagines

702 2980 769 3034 ad
808 2979 1022 3033 divinas
1079 2976 1581 3045 contemplationes
1606 3016 1619 3040 ,
1684 2985 1953 3044 quantum
2014 2973 2279 3043 possibile
2316 2984 2437 3040 est,
2472 2991 2886 3045 promovemur.
2917 2995 2934 3027 ι

770 3072 1066 3127 Comment.
1108 3069 1265 3147 Quod
1314 3069 1357 3121 si
1396 3067 1563 3136 igitur
1592 3081 1690 3135 pro
1730 3073 1898 3135 captu
1944 3072 2157 3126 nostro,
2189 3078 2279 3132 per

2458 3069 2737 3134 Σχόλιον.
2768 3068 2829 3121 Ei
2862 3066 3041 3120 τοίνυν
3080 3066 3363 3135 ἀναλόγως
3396 3069 3527 3137 ἡμῖν
3565 3067 3866 3138 αἰσθηταῖς
3902 3074 3983 3123 εί-

700 3164 992 3221 sensibiles
1021 3163 1293 3232 imagines
1315 3201 1329 3224 ,
1363 3159 1429 3213 ad
1458 3159 1699 3212 divinam
1732 3165 1785 3212 et
1815 3158 2061 3211 materia:
2092 3170 2283 3210 exsor-

702 3272 808 3311 tem
872 3251 1399 3321 contemplationem
1470 3249 1845 3312 sublevamur,
1916 3260 2019 3299 cur
2082 3246 2277 3298 incon-

700 3362 906 3419 gruens
957 3346 1126 3399 fuerit
1167 3359 1328 3408 cum,
1381 3343 1476 3410 qui
1527 3357 1625 3411 pro
1674 3355 1774 3394 sua
1832 3339 2126 3392 adversum
2180 3352 2280 3391 nos

704 3438 1077 3508 benignitate,
1113 3435 1286 3505 ﬁgura
1320 3442 1373 3488 et
1409 3433 1586 3487 forma
1636 3439 1690 3485 et
1744 3438 1942 3483 natura
1995 3429 2150 3484 visus
2195 3436 2281 3482 est

703 3543 759 3585 ut
796 3533 996 3594 homo,
1037 3536 1416 3585 consentanea
1464 3526 1625 3580 nobis
1676 3524 1889 3578 ratione
1944 3521 2279 3593 imaginibus

700 3623 951 3693 riiingere
968 3624 989 3675 ?

701 3718 885 3770 Sancti
912 3714 1141 3775 Basilii,
1173 3728 1235 3765 e1:
1264 3724 1501 3763 sermone
1524 3708 1579 3761 in
1607 3708 1813 3761 beatum
1844 3704 2105 3759 Barlnam
2135 3721 2279 3756 mar-

773 3798 968 3855 tyrem,
1005 3785 1155 3851 cujus
1191 3783 1401 3836 initium
1438 3790 1514 3832 est
1541 3795 1555 3829 :
1587 3796 1605 3827 ι
1634 3776 2118 3855 Primum‘quidem
2158 3792 2284 3829 san-

772 3847 979 3910 c'iorum
1006 3847 1143 3906 mors
1170 3869 1185 3906 :
1216 3872 1233 3903 δ
1273 3860 1321 3904 et
1353 3865 1533 3903 versus
1565 3849 1826 3901 orationis
1858 3847 2035 3915 ﬁnem.

779 4025 809 4063 ι·
830 4014 1054 4079 Surgite
1108 4020 1288 4072 nunc,
1345 4019 1378 4059 ο
1419 4004 1668 4074 prmeiari
1710 4003 1937 4057 fortium
1994 4004 2051 4057 in
2101 4010 2279 4058 certa-

705 4102 952 4157 minibus
993 4099 1303 4154 iacinorum
1365 4098 1629 4168 pictores.
1684 4094 2070 4165 lmpcri‘ectam
2124 4095 2282 4150 ducis

705 4196 998 4264 imaginem
1034 4191 1250 4245 artibus
1296 4190 1493 4245 vestris
1537 4188 1896 4257 amplilicate.
1944 4185 2280 4240 Laureatum

706 4288 1007 4347 victorem,
1071 4298 1232 4351 quem
1290 4280 1586 4335 obscurius
1627 4277 1941 4342 delineavi,
1994 4276 2282 4330 industria:

706 4387 902 4433 vestra:
940 4374 1227 4429 coloribus
1264 4374 1560 4427 illustrate.
1600 4370 1701 4423 l‘cr
1730 4370 2079 4439 egregiorum
2132 4383 2280 4421 mar-

707 4472 845 4543 tyris
877 4469 1147 4523 factorum
1186 4467 1457 4536 picturam
1504 4472 1744 4517 vestram
1779 4462 2029 4516 devictus
2062 4476 2091 4514 a
2125 4460 2280 4514 vobis

703 4563 1003 4619 discedam.
1048 4558 1166 4613 Tali
1201 4574 1297 4628 per
1336 4564 1579 4611 vestram
1615 4554 1999 4609 dexteritatem
2048 4554 2279 4607 victoria

703 4661 1002 4726 superatus
1035 4652 1195 4705 hodie
1227 4649 1520 4720 gaudeam.
1564 4646 1784 4699 Manum
1834 4663 1959 4700 cum
2007 4647 2131 4716 igne
2176 4661 2278 4713 pu-

702 4758 960 4815 gnantem
998 4744 1315 4799 accuratius
1344 4740 1618 4809 depictam
1682 4747 1966 4792 contuear.
2002 4736 2059 4790 In
2093 4736 2280 4790 tabula

702 4846 882 4892 vestra
928 4834 1265 4902 descriptum
1318 4830 1633 4899 elegantius
1689 4828 1927 4898 pugilem
1963 4826 2277 4896 inspiciam.

703 4930 858 4983 Nunc.
887 4942 1105 4997 quoque
1137 4926 1346 4978 luctum
1378 4930 1542 4992 agant
1572 4921 1880 4982 daamones,
1913 4927 2096 4973 vestra
2128 4916 2283 4971 nobi-

705 5020 837 5073 lium
876 5017 1131 5085 martyris
1168 5024 1448 5083 gestorum
1486 5009 1703 5078 pictura
1752 5009 2017 5078 perculsi.
2067 5007 2283 5061 Ardens

702 5126 924 5166 rursum
954 5110 1258 5176 victrixque
1287 5120 1481 5159 manus
1510 5104 1619 5159 illis
1651 5102 1993 5158 ostendatur.
2025 5099 2284 5166 Quinimo

706 5208 757 5256 in
789 5211 973 5257 vestra
1006 5199 1207 5255 tabella
1238 5197 1495 5251 Christus
1545 5194 1871 5264 appingatur
1913 5193 2283 5248 certaminum

705 5312 921 5365 l‘rtt'ses,
960 5316 972 5343 ι

2387 3158 2542 3210 κόσιν
2571 3159 2661 3211 ἐπὶ
2684 3158 2780 3229 τὴν
2799 3158 2950 3212 θείαν
2980 3158 3072 3212 καὶ
3096 3158 3255 3212 ᾶὺλον
3288 3159 3600 3228 ἀναγόμεθα
3633 3160 3903 3230 θεωρίαν,
3932 3164 3981 3213 τί

2388 3249 2636 3319 ἀπρεπὲς
2650 3251 2740 3302 τὸν
2770 3251 3010 3320 σχήματι
3048 3250 3142 3303 καὶ
3167 3252 3351 3321 μορφῇ
3379 3252 3473 3303 καὶ
3509 3252 3664 3319 (pias:
3696 3253 3981 3321 ὁραθέντα

2388 3339 2462 3402 ὠς
2510 3340 2817 3411 ἄνθρωπον,
2871 3341 3272 3412 φιλανθρώπως
3325 3341 3392 3394 δι’
3448 3344 3613 3411 ἡμᾶς,
3675 3346 3981 3409 εἰκονίξξεν

2388 3432 2664 3500 ἀναλόγως
2698 3434 2827 3504 ἡμῖν
2852 3434 3035 3497 αὑτοῖς
3063 3451 3076 3500 ;

2395 3699 2505 3752 Τοῦ
2551 3698 2724 3765 ἁγίου
2775 3698 3121 3768 Βασιλείου,
3167 3697 3235 3751 ἐκ
3294 3699 3397 3752 τοῦ
3429 3701 3515 3763 εἰς
3542 3700 3644 3768 rd]-
3665 3702 3981 3768 μακάριον

2457 3768 2742 3837 Βαρλαὰμ
2785 3769 2894 3821 τὸν
2956 3767 3227 3838 μάρτυρα
3293 3770 3501 3835 λόγου,
3551 3765 3622 3823 οὗ
3667 3765 3712 3835 V7}
3763 3765 3937 3838 ἀρχή
3966 3792 3977 3804 ·

2462 3857 2480 3889 ι
2526 3840 2824 3906 Πρότερον
2852 3838 2966 3906 μὲν
3015 3836 3133 3891 τῶν
3160 3838 3343 3905 ἀπίων
3385 3842 3437 3891 oi
3478 3841 3718 3892 θάνατοι
3747 3857 3759 3870 ·
3802 3836 3829 3891 ἱ
3874 3836 3979 3894 irai

2456 3908 2606 3975 πρὸς
2633 3906 2712 3971 τῷ
2735 3907 2893 3961 τέλει
2923 3906 3029 3960 τοῦ
3055 3906 3243 3961 αὑτοῦ
3272 3909 3459 3976 ,λόγου
3487 3918 3531 3959 ν.

2462 4020 2479 4052 ι
2528 3999 2822 4070 Ἀνάστητέ
2882 4016 2972 4071 μοι
3026 3999 3161 4062 νῦν,
3212 3992 3257 4053 ὧ
3302 3999 3543 4071 λαμπροὶ
3589 4000 3697 4054 τῶν
3741 4003 3983 4075 ἀθλητι-

2386 4091 2499 4145 κῶν
2535 4090 2976 4161 κατορθωμάτων
3018 4090 3340 4161 ζωγράφοι,
3381 4092 3479 4161 τὴν
3518 4092 3613 4144 τοῦ
3651 4097 3982 4165 στρατηγοῦ

2387 4183 2782 4238 κολοϐωθεῑσαν
2818 4183 3024 4248 εἰκόνα,
3048 4188 3167 4247 ταῖς
3192 4185 3483 4255 ὑμετέραις
3516 4186 3861 4255 μεγαλύνατε
3891 4191 3982 4242 τέ-

2386 4294 2537 4346 χναις
2558 4293 2570 4308 ·
2600 4277 2977 4347 ἀμαυρότερον
3004 4276 3133 4348 παρ’
3167 4276 3301 4347 ἐμοῦ
3338 4284 3429 4330 τὸν
3472 4280 3798 4351 στεφανίτην
3834 4300 3983 4351 γρα-

2388 4370 2557 4437 φέντα
2586 4373 2698 4433 τοῖς
2724 4370 2821 4438 τῆς
2853 4370 3127 4440 ὑμετέρας
3176 4369 3369 4439 σοφίας
3407 4372 3791 4440 περιλάμψατε
3823 4377 3983 4444 χρώ-

2389 4474 2574 4527 μασιν.
2616 4458 2862 4511 Ἀπὲλθω
2888 4460 2953 4527 τῇ
2976 4458 3083 4509 τῶν
3112 4458 3531 4526 ἀριστευμάτων
3560 4459 3655 4511 τοῦ
3685 4462 3981 4534 μάρτυρος

2384 4552 2515 4620 παρ’
2544 4550 2698 4619 ὑμῶν
2744 4550 3099 4621 νενικημένος
3152 4551 3360 4618 γραφῇ.
3414 4549 3604 4619 Χαίρω
3632 4554 3695 4620 τῇ
3736 4556 3981 4625 τοιαύτη

2382 4643 2481 4711 τῆς
2508 4643 2777 4712 ὑμετέρας
2816 4640 2997 4711 ἰσχύος
3047 4641 3285 4711 σήμερον
3314 4641 3627 4711 ἡττώμενος
3657 4644 3803 4716 νίκῃ.
3844 4647 3981 4700 Ἰδω

2381 4733 2479 4801 τῆς
2518 4731 2698 4801 χειρὸς
2754 4731 2891 4802 πρὸς
2930 4730 2989 4782 τὸ
3058 4728 3168 4799 πῦρ
3226 4729 3619 4801 ἀκριϐέστερον
3647 4733 3775 4802 παρ’
3808 4736 3981 4803 ὑμῶν

2382 4824 2736 4894 γραφομένην
2800 4822 2897 4891 τὴν
2946 4820 3142 4891 πάλην.
3189 4822 3315 4873 ἰδω
3341 4822 3689 4892 φαιδρότερον
3729 4824 3826 4875 ἐπὶ
3864 4825 3983 4894 τῆς

2382 4913 2652 4983 ὑμετέρας
2723 4912 2814 4964 τὸν
2883 4910 3185 4981 παλαιστὴν
3264 4913 3649 4981 γεγραμμένον
3728 4914 3974 4979 εἰκόνος.

2382 5004 2789 5057 Κλαυσάτωσαν
2833 5003 3084 5073 δαίμονες
3115 5003 3207 5054 καὶ
3231 5001 3345 5068 νῦν,
3397 5005 3515 5065 ταῖς
3555 5004 3649 5055 τοῦ
3678 5004 3977 5076 μάρτυρος

2382 5095 2440 5147 ὲν
2470 5094 2599 5163 ὑμῖν
2648 5093 2949 5163 ἀριστείαις
2978 5091 3361 5160 πληττόμενοι.
3425 5092 3740 5163 Φλεγομένη
3794 5097 3975 5150 πάλιν

2385 5188 2569 5247 αὑτοῖς
2602 5186 2635 5253 ἡ
2665 5186 2786 5256 χεὶρ
2818 5184 2911 5239 καὶ
2970 5184 3178 5237 νικῶσα
3204 5183 3524 5237 δεικνύσθω.
3564 5185 3977 5255 Ἐγγραφὲσθω

2383 5281 2459 5349 τῷ
2508 5282 2722 5347 πίνακι,
2775 5280 2867 5331 καὶ
2914 5280 2941 5329 ό
2996 5278 3103 5331 τῶν
3161 5277 3554 5347 παλαισμάτων
3613 5281 3975 5351 ἀγωνοθέτης

2383 5370 2637 5445 Χριστόςἶ
2665 5388 2682 5421 ι

1968 5532 2205 5587 ΥΔΒΙᾸΞ
2239 5530 2528 5587 LECTION
2540 5531 2637 5585 ES.

774 5666 1140 5721 "Orationem
1191 5661 1326 5714 lianc
1355 5659 1539 5714 Basilii
1571 5672 1691 5711 esse
1743 5656 1828 5708 vix
1873 5653 2125 5709 concedit
2163 5652 2542 5709 Combelisius.
2576 5651 2684 5703 Nec
2715 5668 2936 5720 usquam
2969 5660 3122 5714 certe,
3178 5644 3376 5723 inquit;
3414 5641 3557 5723 quod
3602 5648 3965 5723 meminerim,

702 5712 1321 5792 an:etﬁiil'ﬁiiiinui{8‘
1345 5712 1539 5799 γοργὸν
1575 5724 2207 5799 ἱιαγιεηαὶδδεηϐπιξιῖιιιι
2272 5734 2497 5799 martyr,
2535 5723 2764 5799 “Syrus,
2792 5712 2801 5720 ’
2828 5738 2941 5799 no_n
2998 5712 3289 5790 Cappadox
3349 5712 3470 5778 fuit,
3520 5728 3680 5781 quem
3709 5716 3966 5775 Manut-5

709 5783 1126 5875 ζιὶὲξεῦέιῦίίίυε
1160 5783 1485 5872 ιιίιιιρεέιίςὶ)
1538 5798 1813 5865 laudavit,
1850 5796 1943 5866 qui
1997 5803 2173 5850 exstat
2206 5806 2243 5849 t.
2282 5793 2321 5846 V
2366 5783 2494 5847 edit.
2533 5783 2698 5845 Savil.
2724 5807 2774 5860 p.
2815 5792 2938 5846 497.
