4172 6490
793 397 933 466 03⁵⁷5

1950 397 2016 457 S.
2059 395 2376 457 IOANNIS
2400 395 2825 457 DAMASCENI

3892 384 4021 445 1316

796 529 821 567 ς
865 509 1103 577 ωηο.
1150 509 1217 565 ll.
1283 512 1337 566 in
1399 511 1704 566 libertatem
1762 511 1998 575 asserui,
2048 510 2345 578 pristinum

2459 531 2474 561 ι
2514 510 2623 564 ἀπὸ
2674 507 2838 576 ζυγοῦ
2890 506 2986 558 τοῦ
3051 506 3313 576 τυράννου
3359 503 3755 565 διασωθεῖσαν,
3798 501 4024 570 ἠλευθε-

798 621 821 657 ι
863 605 1031 660 decus
1059 603 1353 670 nobilitati,
1388 603 1843 673 splendoremque
1876 601 2114 656 restitui.
2153 621 2170 652 ι

804 923 889 980 Ex
919 925 1166 981 Historiae
1203 924 1569 980 ecclesiastica:
1604 925 1840 981 Socratis
1871 927 2005 984 libro
2038 941 2081 993 I,
2111 942 2230 992 cap.
2260 928 2349 995 18,

1241 996 1306 1048 de
1347 997 1526 1049 eodem
1551 996 1892 1063 imperatore.

865 1207 889 1238 τι
930 1187 1175 1242 Postluec
1201 1196 1384 1242 autem
1440 1189 1741 1257 imperator
1765 1189 2187 1254 Constantinus,
2224 1187 2354 1242 reli-

787 1284 971 1354 gionis
1004 1282 1329 1337 Christiana:
1385 1282 1682 1338 studiosior
1741 1283 1942 1346 lactus,
1977 1288 2008 1337 ἱ
2069 1283 2354 1352 gentilium

789 1371 942 1423 cultu
981 1383 1208 1437 prorsus
1235 1370 1545 1435 abhorruit,
1598 1370 2007 1439 singulariaque
2054 1369 2356 1424 certamina

789 1458 1095 1527 prohibuit,
1135 1466 1188 1512 et
1241 1474 1370 1514 suas
1415 1457 1681 1528 imagines
1736 1459 1790 1514 in
1835 1460 2052 1530 templis
2117 1458 2356 1512 colloca-

794 1549 870 1602 vit
899 1550 1031 1618 (σο).
1068 1567 1087 1601 ι

930 1677 1185 1746 Stephani
1218 1677 1482 1741 Boni-oni,
1513 1686 1697 1732 contra
1723 1674 1963 1760 Ῑιιιίιιξοε,
1985 1689 2108 1744 cap.
2141 1677 2194 1730 4.

868 1832 887 1862 ε
917 1810 1028 1867 Nos
1061 1826 1226 1881 porro
1277 1817 1592 1866 sanctorum
1628 1808 1895 1877 imagines
1944 1807 2009 1861 ad
2053 1821 2243 1863 eorum
2273 1820 2354 1860 re-
2389 1842 2429 1896 Β

785 1898 1164 1953 cordationem
1196 1899 1507 1961 statuimus,
1543 1905 1669 1966 puta
1721 1897 2014 1960 Abraham,
2059 1897 2233 1959 Isaac,
2265 1893 2359 1949 Ja-

793 1990 919 2053 cob,
970 1988 1193 2060 Moysis,
1246 1990 1394 2053 Elin,
1432 1985 1737 2053 zachariae,
1773 1996 1828 2041 et
1851 1985 2084 2078 aliprnm
2125 1987 2359 2054 prophe-

793 2086 996 2145 tarum,
1029 2087 1457 2148 sanctorumque
1503 2075 1598 2132 Dei
1649 2075 1968 2147 martyrum,
2013 2076 2107 2144 qui
2137 2081 2360 2144 propter

793 2169 979 2238 ipsum
1029 2151 1259 2226 mortem
1319 2168 1644 2231 subierunt;
1707 2177 1766 2220 ut
1816 2169 2133 2236 quicunque
2169 2166 2361 2234 imagi-

791 2274 890 2315 nes
941 2275 1132 2315 eorum
1178 2261 1479 2329 aspexerit,
1529 2260 1744 2311 illorum
1795 2256 2150 2318 recordetur,
2203 2269 2361 2309 cum-

784 2365 897 2420 que
934 2350 1192 2407 laudibus
1211 2350 1463 2416 extollat,
1493 2349 1587 2420 qui
1624 2346 1796 2418 gloria
1836 2346 2034 2415 dignos
2065 2345 2192 2400 illos
2226 2343 2369 2398 red--

785 2440 952 2494 didit.
994 2457 1017 2491 ι

863 2575 1138 2645 Ejusdem.
1187 2593 1207 2626 r
1240 2573 1396 2641 Quod
1452 2578 1638 2627 autem
1689 2574 1901 2639 spectat
1933 2566 1998 2621 ad
2041 2562 2309 2636 imagines
2337 2603 2353 2628 ,

789 2667 972 2720 omnia
1004 2680 1125 2736 quae
1181 2665 1234 2718 in
1290 2664 1385 2718 Dei
1435 2663 1656 2717 nomine
1718 2659 1879 2722 ﬁunt,
1920 2658 2062 2712 bona
2121 2671 2241 2712 esse
2303 2664 2356 2710 et

787 2764 979 2811 sancta
1052 2751 1438 2810 conﬁdimus:
1495 2751 1638 2806 idola
1723 2764 1854 2804 vero
1913 2755 1967 2803 et
2036 2745 2354 2805 simulacra,

788 2858 979 2912 apage.
1023 2840 1151 2896 Bato
1201 2842 1346 2896 enim
1382 2840 1526 2894 mala
1577 2839 1878 2908 spuriaque
1929 2841 2080 2897 sunt,
2133 2831 2356 2901 perinde

791 2944 952 3003 atque
978 2933 1055 2987 illi
1098 2931 1193 3002 qui
1240 2931 1448 2986 faciunt
1490 2944 1573 2985 ea.
1605 2928 1769 2982 Aliud
1807 2928 2009 2996 quippe
2050 2933 2136 2978 est
2179 2923 2355 2991 imago

792 3024 1076 3093 prophetae
1129 3023 1353 3089 sancti,
1403 3029 1458 3077 et
1509 3019 1655 3073 aliud
1706 3017 2059 3073 simulacrum
2094 3015 2208 3070 sive
2236 3022 2354 3067 sta-

787 3123 880 3168 tua
913 3113 1157 3180 Saturni,
1190 3112 1440 3176 Veneris,
1472 3111 1636 3176 Solis,
1661 3117 1714 3164 et
1737 3108 1925 3162 Lunae.
1960 3106 2152 3170 Porro,
2183 3119 2355 3173 quan-

789 3204 1085 3273 doquidem
1147 3203 1309 3257 homo
1353 3201 1422 3256 ad
1487 3201 1778 3268 imaginem
1857 3196 1950 3250 Dei
2007 3194 2186 3250 factius
2247 3201 2351 3255 est,

788 3297 996 3351 idcirco
1024 3292 1309 3349 adoratnr.
1340 3291 1582 3361 Serpens
1628 3299 1836 3353 autem,
1873 3287 2003 3356 quia
2036 3285 2239 3339 diaboli
2271 3290 2357 3338 est

783 3389 990 3454 imago,
1026 3384 1342 3440 Immundas
1379 3393 1461 3438 est
1509 3389 1564 3434 et
1610 3379 1986 3436 exsecrabilis.
2023 3375 2180 3441 Quod
2213 3376 2257 3429 si
2292 3389 2355 3428 ea

787 3490 911 3545 qua:
961 3473 1244 3528 hominum
1299 3471 1552 3524 manibus
1610 3467 1875 3520 fabricata
1919 3472 2070 3527 sunt,
2107 3465 2354 3531 respuis,

788 3566 897 3625 dic.
949 3561 1392 3633 qnzesoJudaze,
1453 3559 1716 3627 quidnam
1783 3557 2048 3615 aduratur
2083 3555 2139 3608 in
2191 3564 2355 3614 terra,

787 3655 933 3726 quod
966 3655 1250 3708 hominum
1287 3667 1448 3706 manu
1484 3651 1823 3704 elaboratum
1859 3663 1964 3701 non
2008 3647 2122 3701 sit?
2150 3646 2356 3708 Altare,

784 3745 1257 3816 propitiatorium,
1323 3743 1644 3807 Cherubim,
1717 3754 1856 3794 urna
1918 3751 2081 3791 aurea
2149 3735 2358 3789 habens

788 3850 1010 3903 manna,
1046 3849 1258 3900 mensa,
1294 3832 1712 3887 tabernaculum
1754 3829 2021 3892 interius,
2049 3827 2230 3881 omnia
2260 3825 2358 3877 de-

783 3941 936 3979 mum
969 3939 1091 3993 qua
1138 3922 1337 3976 Sancta
1388 3929 1703 3975 sanctorum
1741 3919 1809 3971 ab
1852 3918 1969 3984 ipso
2010 3915 2120 3969 Deo
2165 3913 2358 3982 appel-

789 4017 896 4068 lata
937 4014 1104 4069 sunt?
1130 4011 1321 4066 Nonne
1355 4009 1663 4065 manufacta
1694 4007 1986 4062 Cherubim
2033 4005 2356 4074 angelorum

787 4116 944 4160 erant
969 4105 1275 4175 imagines?
1304 4101 1432 4170 quid
1483 4101 1550 4154 ad
1603 4101 1716 4153 hzec
1751 4097 2092 4167 respondes?
2121 4094 2278 4160 Quod
2311 4093 2356 4146 si

789 4199 893 4252 ista
944 4196 1200 4250 nominas
1262 4193 1428 4249 idola.
1483 4191 1613 4260 quid
1691 4189 1984 4243 dicendum
2034 4200 2229 4240 censes
2291 4182 2359 4238 de

787 4289 968 4360 Moyse
1025 4294 1078 4343 et
1135 4285 1346 4348 Israel,
1401 4282 1495 4352 qni
1549 4281 1663 4333 inec
1723 4273 2131 4332 adoraverunt?
2188 4274 2358 4342 Atqui

788 4377 1037 4432 adoratio
1087 4373 1310 4444 quidem
1357 4372 1587 4426 honoris
1622 4374 2010 4439 argumentum
2066 4375 2170 4420 est.
2205 4364 2358 4429 Quo-

2462 620 2480 652 r
2529 616 2676 669 ρωσα
2700 616 2714 630 ο
2748 599 2827 652 ἔτι
2861 597 2965 667 μὴν
2996 598 3091 649 καὶ
3120 596 3217 665 τὴν
3253 595 3575 664 σύγκλητον,
3608 595 3704 646 καὶ
3731 592 3830 644 τὸν
3857 592 4025 662 δῆμον

2457 705 2477 738 ι
2533 687 2856 755 Ῥωμαίων,
2907 688 2973 754 τῇ
3017 686 3219 754 ἀρχαίᾳ
3251 682 3580 752 ἐπιφανείᾳ,
3622 683 3721 734 καὶ
3761 684 3835 750 τῇ
3891 684 4022 751 λαμ-

2457 795 2477 828 ι
2525 775 3179 846 πρότητιὲλευθερῶσας,
3209 775 3650 842 ἀποκατέστησα.
3693 789 3712 822 ι

2467 930 2568 983 Ἐκ
2609 929 2720 994 τῆς
2775 927 3285 994 ἐκαησιαστικῆς
3337 924 3630 993 Ἱστορίας
3668 923 4017 994 Σωκράτας

2484 1052 2488 1056 _
2519 992 2768 1060 ,βιϐλίου
2802 992 3068 1065 πρώτου,
3106 998 3317 1064 κεφαλ.
3355 1001 3448 1060 ιη’,
3494 992 3628 1062 περὶ
3671 993 3781 1046 τοῦ
3832 992 4024 1045 αὑτοῦ

2498 1145 2508 1158 ἱ
2522 1067 2846 1132 βασιλέως.

2533 1207 2551 1240 ι
2589 1192 2742 1244 Μετά
2783 1191 2956 1242 ταῦτα
3003 1192 3059 1243 δὲ
3101 1193 3130 1242 ὁ
3161 1189 3412 1258 βασιλεὺς
3441 1189 3868 1246 Κωνσταντῖνος
3910 1187 4022 1237 ἐπι-

2459 1281 2784 1350 μελέστερος
2813 1281 2888 1332 ῶν
2919 1281 2986 1333 τά
3031 1280 3158 1349 περὶ
3206 1278 3658 1348 Χριστιανισμοῦ,
3691 1277 4026 1343 ἀπεστράφη

2456 1372 2553 1432 τὰς
2592 1368 2907 1438 Ἑλληνικὰς
2934 1369 3248 1440 Θρησκείας,
3280 1370 3375 1421 καὶ
3400 1369 3561 1422 παύει
3592 1369 3658 1421 τὰ
3682 1367 4024 1437 μονομάχιο·

2456 1460 2670 1522 είκόνας
2705 1461 2761 1514 δὲ
2790 1460 2888 1522 τάς
2920 1460 3057 1522 ἰδίας
3086 1461 3145 1513 ὲν
3169 1461 3281 1521 τοῖς
3310 1461 3457 1523 ναοῖς
3487 1459 3746 1512 ἀπέθετο.
3792 1475 3814 1507 ι

2457 1671 2764 1758 Στεφιίνου
2785 1673 3132 1741 Βοστρηνοῦ
3166 1673 3316 1726 κατὰ
3349 1671 3677 1735 Ἰουδαίων,
3707 1671 3929 1739 magal.
3962 1667 4026 1720 δ’.

2535 1825 2552 1856 ι
2595 1806 2782 1875 Ἠμεῖς
2809 1807 2906 1869 τάς
2946 1807 3158 1869 είκόνας
3188 1805 3295 1859 τῶν
3328 1805 3499 1874 ἁγίων
3537 1805 3618 1866 εἰς
3659 1804 3896 1872 μνήμην
3927 1800 4029 1852 τῶν

2461 1896 2630 1962 ἁγίων
2667 1897 3003 1966 ἐποιήσαμεν
3024 1939 3038 1961 ,
3073 1892 3184 1949 οἷον
3226 1895 3476 1965 ’Δϐραάμ
3496 1935 3512 1960 ,
3543 1893 3636 1946 καὶ
3668 1893 3900 1956 Ἰσαὰκ,
3943 1889 4030 1942 καὶ

2472 1983 2668 2037 Ἰακὼϐ
2687 2025 2703 2049 ,
2745 1987 2838 2038 καὶ
2866 1987 3142 2050 Μωῡσέως
3166 2028 3180 2052 ,
3232 1987 3326 2040 καὶ
3385 1985 3571 2049 Ἠλία,
3603 1985 3700 2037 καὶ
3729 1982 4028 2053 Ζαχαρίου,

2460 2077 2554 2129 καὶ
2592 2078 2699 2130 τῶν
2757 2079 2958 2131 λοιπῶν
3011 2079 3302 2148 προφητῶν
3345 2077 3439 2130 καὶ
3485 2078 3654 2144 ἁγίων
3703 2073 4030 2144 μαρτύρων.

2459 2169 2566 2220 τῶν
2598 2170 2665 2222 δι’
2697 2171 2859 2223 αὑτὸν
2887 2171 3308 2240 ἀναιρεθέντων,
3351 2170 3439 2222 ἴνα
3468 2171 3576 2230 πᾶς
3601 2170 3630 2220 ό
3652 2166 3804 2237 ὁρῶν
3850 2163 4033 2217 αὐτῶν

2457 2261 2554 2322 τὰς
2577 2263 2809 2324 εἰκόνας,
2845 2261 3156 2331 μνημονεύῃ
3185 2260 3383 2322 αὐτῶν,
3415 2261 3510 2312 καὶ
3535 2259 3736 2328 δοξὰζῃ
3763 2258 3862 2310 τὸν
3889 2253 4033 2321 δοξὰ-

2461 2367 2629 2403 σαντα
2662 2351 2879 2414 αὐτούς.
2919 2370 2940 2404 ο

2549 2569 2659 2624 Τοῦ
2699 2571 2904 2624 αὐτοῦ.
2950 2589 2965 2622 ι
3004 2571 3138 2640 Περὶ
3182 2570 3236 2623 δὲ
3286 2571 3512 2624 εἰκόνων
3555 2569 3917 2641 Θαρῥοῦμεν,
3952 2569 4034 2622 ὅτι

2460 2659 2568 2712 πᾶν
2621 2659 2781 2728 ἔργον
2810 2659 3092 2728 γινόμενον
3123 2660 3180 2711 ὲν
3221 2659 3446 2729 ὀνόματι
3490 2659 3663 2724 Θεοῦ,
3709 2658 3887 2709 καλὸν
3940 2657 4035 2712 καὶ

2457 2749 2613 2816 ἅγιόν
2631 2751 2775 2802 ἐστι.
2807 2749 2944 2818 Περὶ
2963 2749 3018 2801 δὲ
3041 2747 3273 2801 εἰδώλων
3297 2751 3389 2801 καί
3415 2749 3770 2818 ἀγαλμάτων,
3807 2749 3998 2816 ἄπαγε
4018 2765 4031 2778 ·

2458 2839 2605 2892 κακά
2633 2839 2741 2910 γὰρ
2769 2839 2860 2892 καὶ
2887 2839 3170 2901 ἀλλόκοτα,
3205 2840 3295 2892 καὶ
3325 2840 3486 2901 αύτά,
3525 2841 3619 2891 καὶ
3653 2840 3704 2891 οἰ
3743 2837 4034 2900 ποιοῦντες

2457 2929 2614 2982 αὑτά.
2652 2931 2877 2996 Ἕτερον
2909 2930 3018 2998 γάρ
3051 2932 3198 2982 ἐστιν
3231 2929 3393 2982 εἰκὼν
3417 2931 3571 2998 ἁγίου
3597 2933 3917 3000 προφήτου,
3944 2932 4035 2982 καὶ

2456 3021 2639 3090 ἕτερον
2693 3021 2910 3091 ἄγαλμα
2962 3021 2994 3090 ἦ
3044 3021 3226 3085 ξόανον
3275 3023 3483 3090 Κρόνου
3536 3024 3631 3074 καὶ
3677 3023 4034 3091 Ἀφροδίτης,

2467 3109 2648 3163 Ἡλίου
2673 3127 2730 3163 τε
2767 3112 2860 3163 καὶ
2887 3110 3144 3180 Σελήνης.
3186 3111 3339 3162 Ἑπεί⁵
3367 3111 3423 3162 δὲ
3457 3111 3552 3163 καὶ
3581 3111 3884 3180 ἄνθρωπος
3917 3111 4034 3163 κατ’

2459 3200 2641 3252 εἰκόνα
2654 3199 2787 3252 Θεοῦ
2817 3201 3028 3266 γέγονε,
3059 3202 3474 3270 προσκυνεῖται.
3500 3200 3556 3251 '0
3584 3201 3639 3252 δὲ
3661 3201 3812 3268 ὄφις,
3846 3199 4036 3266 ἐπειδὴ

2459 3288 2620 3341 εἰκών
2656 3291 2770 3340 ἐστι
2817 3289 3098 3351 διαϐόλου,
3133 3289 3442 3358 ἁκάθαρτὸς
3483 3289 3599 3340 ἐστι
3640 3289 3736 3340 καὶ
3786 3288 4038 3357 ἀπόϐληο

2459 3394 2566 3439 τος.
2601 3379 2663 3430 Εἰ
2701 3379 2848 3431 δὲτά
2876 3381 3223 3449 χειροποίητα
3254 3379 3533 3448 ἀποϐάλλῃ
3556 3417 3570 3440 ,
3617 3380 3743 3431 εἰπὲ
3768 3420 3780 3440 ,
3819 3374 3869 3431 ὦ
3912 3379 4035 3432 Ἰου-

2460 3467 2595 3530 δαῖε,
2627 3469 2678 3520 τί
2703 3469 2849 3521 ἐστιν
2875 3470 2966 3521 ἐπὶ
2986 3471 3086 3538 γῆς
3110 3469 3521 3538 ἀχειροποίητον
3544 3470 3572 3522 ὃ
3597 3473 4035 3538 προσκυνεῖταις

2461 3556 2553 3624 Μὴ
2584 3556 2616 3624 ὴ
2644 3555 2873 3618 κιϐωτὸς
2907 3556 2999 3608 τοῦ
3027 3557 3159 3609 Θεοῦ
3191 3559 3567 3628 χειροποίητος
3594 3555 3660 3629 ἦν
3688 3575 3704 3623 ;
3749 3561 3814 3611 τὸ
3853 3561 4040 3612 Ουσια-

2463 3647 2686 3716 στήριον
2710 3689 2722 3707 ,
2753 3649 2847 3699 καί
2874 3648 2935 3700 τὸ
2969 3648 3280 3719 ἱλαστήριον
3305 3691 3319 3714 ,
3350 3651 3442 3702 καὶ
3479 3650 3547 3703 τὰ
3578 3651 3875 3719 Χερουϐὶμ
3903 3691 3918 3716 ,
3952 3650 4040 3702 καὶ

2461 3737 2493 3804 ὴ
2528 3735 2760 3804 στάμνος
2788 3739 2819 3806 ἡ
2852 3741 3050 3806 χρυσῆ,
3091 3739 3122 3807 ἠ
3158 3738 3356 3806 ἔχουσα
3381 3738 3443 3790 τὸ
3475 3740 3670 3807 μάννα,
3707 3740 3804 3790 καὶ
3830 3740 3866 3807 ἡ
3909 3741 4039 3810 τρα-

2461 3822 2622 3889 πεζα,
2666 3825 2758 3877 καὶ
2791 3827 2824 3895 ἡ
2857 3827 3029 3895 σκηνὴ
3068 3826 3099 3894 ἠ
3143 3827 3416 3896 ἐσωτέρα,
3454 3827 3548 3880 καὶ
3580 3829 3761 3880 πάντα
3800 3828 3841 3881 ἃ
3877 3830 4042 3895 ’Δγια

2459 3918 2630 3984 ἁγίων
2661 3917 2968 3989 ἐκλήθησαν
3008 3919 3110 3972 ύπδ
3143 3920 3236 3974 τοῦ
3272 3919 3408 3973 Θεοῦ
3439 3939 3452 3986 ;
3491 3922 3603 3973 Ούκ
3634 3917 3781 3990 ἦσαν
3820 3923 3896 3974 τὰ
3936 3924 4042 3974 Χε-

2464 4010 2661 4080 ρουϐὶμ
2707 4012 3078 4082 χειροποίητα,
3123 4012 3329 4075 εἰκόνες
3381 4014 3671 4080 ἀγγέλων;
3722 4015 3777 4066 τί
3812 4014 4041 4081 λέγεις;

2460 4101 2521 4152 Εἰ
2564 4100 2754 4153 εἴδωλα
2796 4102 3085 4163 ἀποκαλεῖς
3129 4103 3298 4166 αύτά,
3349 4103 3402 4154 τί
3453 4104 3629 4168 λέγεις
3683 4104 3766 4171 τῷ
3827 4105 4043 4172 Men-37h

2460 4194 2918 4262 προσκυνήσαντι,
2954 4193 3046 4245 καὶ
3069 4192 3147 4262 τῷ
3190 4193 3430 4264 Ἰσραήλ;
3461 4195 3568 4245 Καὶ
3594 4196 3626 4261 ή
3661 4195 3761 4263 μὲν
3785 4195 4045 4264 προσκύ-

2461 4300 2634 4351 νησις,
2656 4284 2819 4353 τιμῆς
2844 4285 2958 4344 ἔστι
2982 4284 3267 4352 σύμϐολον.
3301 4284 3500 4346 Καθὼς
3531 4285 3627 4337 καὶ
3659 4286 3830 4352 ἡμεῖς
3867 4285 4046 4354 ἁμαρ-

2458 4374 2617 4425 τωλοί
2647 4374 3075 4444 προσκυνοῦμεν,
3114 4376 3204 4428 τὸν
3236 4375 3337 4444 μὲν
3373 4374 3524 4439 Θεὸν,
3559 4375 3698 4428 κατά
3723 4376 3827 4444 τὴν
3857 4376 4046 4446 Θεῖκὴν

790 4469 938 4523 circa
963 4481 1069 4522 nos
1099 4479 1318 4533 quoque
1353 4468 1693 4530 peccatores,
1749 4455 1916 4512 Deum
1964 4454 2188 4524 quidem
2224 4453 2356 4506 ado-

2462 4462 2715 4531 λατρείαν
2773 4467 2866 4517 καὶ
2903 4463 3059 4528 ἀξίαν
3127 4465 3496 4534 προσκύνησιν
3542 4464 3890 4533 δοξάζομεν,
3951 4467 4049 4517 καὶ

789 4571 976 4613 ramus
1035 4555 1244 4616 divino,
1303 4553 1396 4620 qui
1481 4551 1586 4618 ipsi
1646 4547 1898 4610 debetur,
1945 4546 2119 4598 latriae
2177 4544 2355 4609 cultu,

785 4652 1077 4718 ipsumque
1107 4659 1204 4700 ceu
1237 4651 1540 4698 creatorem
1575 4647 1629 4695 et
1661 4637 1966 4693 beneficum
1997 4650 2313 4689 reveremur
2341 4651 2353 4685 :

790 4739 1012 4810 angelos
1042 4749 1190 4801 vero,
1226 4731 1430 4800 Deique
1471 4730 1727 4794 famulos,
1783 4728 1849 4780 ad
1903 4725 2215 4794 Dcilipsius
2244 4726 2360 4794 glo-

787 4832 952 4892 riam,
992 4836 1251 4895 tanquam
1287 4838 1375 4878 res
1411 4837 1439 4874 a
1474 4820 1580 4874 Deo
1635 4818 1905 4880 conditas,
1960 4817 2121 4886 eique
2168 4815 2356 4883 subje-

787 4929 925 4972 rtas.
967 4916 1151 4984 Imago
1209 4911 1478 4982 siquidem
1529 4918 1612 4963 est
1675 4921 1872 4961 nomen
1931 4904 2354 4972 similitudoqne

787 5011 934 5066 illius
968 5007 1061 5077 qui
1097 5006 1150 5059 in
1180 5005 1290 5074 ipsa
1322 5001 1571 5070 depictus
1605 5009 1709 5052 est.
1739 4996 2101 5063 Quamobrem
2137 4993 2349 5048 Domini

789 5108 1220 5164 sanctorumque
1248 5093 1639 5164 prephetarum
1687 5087 1988 5146 cruciatus,
2023 5084 2114 5153 qui
2144 5084 2354 5152 in,lege

787 5203 840 5247 et
900 5187 1204 5258 Evangeliis
1263 5181 1525 5251 descripti
1577 5186 1726 5242 sunt,
1785 5185 1898 5230 tum
1964 5189 2060 5244 per
2116 5173 2352 5237 litteras,

787 5294 903 5338 tum
954 5297 1050 5351 per
1107 5276 1402 5346 imaginum
1463 5270 1868 5341 expressiones,
1921 5266 1976 5320 in
2030 5263 2350 5320 memoriam

791 5389 1006 5445 semper
1034 5381 1376 5430 revocamus.
1410 5383 1428 5417 ι

2457 4555 2732 4626 τρέμομεν
2780 4556 2854 4618 ὡς
2895 4556 3121 4625 ποιητὴν
3159 4557 3252 4609 καὶ
3297 4556 3529 4627 χορηγὸν
3571 4556 3763 4623 ἡμῶν·
3812 4556 3956 4616 τοὺς
3992 4555 4045 4608 δὲ

2457 4645 2725 4711 ἀγγέλους
2771 4647 2865 4698 καὶ
2910 4646 3125 4708 δούλους
3168 4647 3262 4698 τοῦ
3310 4646 3446 4698 Θεοῦ
3501 4646 3642 4698 κατὰ
3712 4645 3896 4712 τιμὴν
3950 4643 4046 4697 τοῦ

2457 4734 2590 4786 Θεοῦ
2620 4773 2635 4797 ,
2685 4735 2759 4796 ὼς
2817 4737 3096 4804 ποιήματα
3139 4736 3233 4787 τοῦ
3268 4734 3402 4786 Θεοῦ
3445 4737 3537 4787 καὶ
3580 4731 3801 4795 δούλους
3843 4733 4043 4788 αὑτοῦ.

2458 4827 2634 4880 Εἰκὼν
2678 4827 2785 4896 γάρ
2833 4829 2979 4879 ἐστιν
3019 4827 3189 4895 ὄνομα
3239 4828 3334 4879 καὶ
3372 4827 3628 4894 ὁμοίωσις
3653 4824 3748 4894 τοῦ
3788 4827 3860 4876 ὲν
3903 4826 4044 4894 αὐτῇ

2458 4918 2776 4988 γραφέντος.
2809 4918 2900 4970 Διὸ
2931 4920 3022 4970 καὶ
3054 4919 3344 4986 γράμμασι
3386 4919 3479 4969 καὶ
3533 4917 3904 4986 χαράγμασιν
3961 4919 4044 4970 ἀεὶ

2463 5008 2872 5077 μνημονεύομεν
2901 5007 3007 5061 τῶν
3035 5008 3128 5060 τοῦ
3166 5009 3367 5078 Κυρίου
3402 5007 3763 5077 παθημάτων,
3794 5007 3906 5058 καὶ
3937 5008 4046 5060 sint

2459 5097 2630 5163 ἁγίων
2684 5098 3015 5167 προφητῶν,
3062 5098 3169 5151 τῶν
3215 5100 3272 5151 ἐν
3323 5098 3473 5167 νόμῳ
3529 5097 3624 5149 καὶ
3668 5095 4046 5162 Εὑαγγελίοις

2459 5191 2874 5260 γεγραμμένων.
2920 5209 2936 5242 i

2302 5538 2530 5595 ΝΟΤᾹΣ.

873 5665 984 5794 (3?)
1046 5663 1268 5720 Deorum
1328 5663 1554 5736 utique,
1609 5660 1723 5720 sive
1774 5661 2072 5725 Maiarum,-

873 5754 915 5792 n
949 5776 960 5789 .

805 5752 960 5796 ευιιι.

2166 5665 2224 5714 ut
2278 5675 2386 5714 non
2457 5657 2600 5714 male
2655 5654 3185 5725 ChristOpborsonus
3248 5659 3301 5706 et
3372 5649 3620 5704 Valesius
3676 5643 4038 5718 interpretati
