4172 6490
222 519 338 586 13η

1305 516 1403 577 DE
1429 512 1891 576 IMAGINIBUS
1919 511 2200 571 ORATIO
2238 512 2348 571 III.

3327 516 3471 597 1373

226 633 324 686 Τοῦ
356 629 530 701 ἁγίου
587 628 916 699 Γρηψρίου
950 626 1289 701 Natat/{oi},
1338 628 1427 701 sui
1450 626 1555 701 τοῦ
1597 626 1781 695 λόγου

1888 621 2044 692 371
2072 621 2263 677 Sancti
2285 621 2520 701 G_reg_orii
2554 620 2912 689 Nazianzeni,
2930 624 3257 701 erg‘oratione
3283 640 3471 685 contra

374 698 483 756 τόῦ
528 700 678 754 κατὰ
722 698 1049 754 Ἰουλιανοῦ
1084 698 1190 753 τοῦ
1233 698 1596 767 παραϐάτου.

288 811 306 844 ι
338 787 412 846 OB
444 790 513 845 τά
553 790 799 862 σύμϐολα
834 791 932 861 τῆς
974 790 1066 844 ἐπὶ
1090 788 1266 860 τούτῳ
1297 788 1534 860 πληγῆς,
1558 788 1615 840 αἱ
1643 787 1786 840 εἰκό-

216 899 297 946 νες
323 883 595 953 φέρουσιν,
636 881 718 934 ἔτι
742 880 999 952 δημοσίαι
1034 878 1412 951 προκείμεναι.
1446 895 1464 928 ι

220 973 323 1027 Τοῦ
349 973 781 1042 Χρυσοστόμου
822 972 955 1094 (διί),
995 968 1208 1096 inﬁgi;
1222 968 1535 1038 ἑρμηνείας
1567 965 1673 1022 τοῦ
1700 966 1786 1020 δι-

816 1060 891 1095 κα
919 1058 990 1096 ου
1089 1058 1134 1093 ω
1176 1078 1190 1094 ο

816 1058 990 1096 καιου
1050 1058 1190 1096 μου.

285 1154 303 1186 ι
352 1135 441 1189 Ἑν
464 1133 679 1198 τούτοις
722 1134 860 1186 πᾶσι
899 1135 1013 1196 τοῖς
1062 1130 1465 1203 συμϐεϐηκόσιν
1490 1128 1658 1199 αὐτῷ,
1683 1128 1784 1180 οὐκ

211 1226 404 1279 ἔδωκεν
437 1225 749 1296 ἀφροσύνην
788 1222 865 1295 τῷ
902 1224 1053 1295 Θεῷο
1105 1222 1356 1294 καθάπερ
1383 1222 1476 1275 ἐπὶ
1505 1220 1614 1274 τῶν
1640 1218 1784 1273 εικό-

210 1333 332 1377 νων,
361 1315 581 1368 ἐπειδάν
616 1331 737 1367 τινα
762 1314 1064 1385 γράφωμεν
1100 1313 1157 1365 ὲν
1180 1314 1246 1382 τῇ
1289 1312 1533 1381 ἱστορικῇ
1572 1310 1781 1378 γραφῇ,

222 1408 283 1460 '0
320 1407 487 1461 δεῖνα
526 1407 802 1474 ἀνέθηκε,
851 1405 1160 1476 γράφομεν,
1211 1403 1353 1456 οὕτω
1402 1402 1495 1455 καὶ
1524 1399 1779 1465 ἐνταῦθα,

207 1497 305 1568 τὴν
334 1498 513 1551 εἰκόνα
535 1498 634 1567 τῆς
663 1498 840 1567 ψυχῆς
862 1496 1023 1550 αὑτοῦ
1053 1495 1287 1567 γράψας,
1325 1496 1353 1546 ὀ
1377 1493 1592 1563 γράψας
1614 1491 1673 1545 τὺ
1702 1491 1783 1562 βι-

208 1590 371 1654 ϐλίον,
396 1590 584 1660 ὥσπερ
622 1591 678 1641 ὲν
703 1587 949 1659 χοινικίδι
978 1587 1222 1641 κάτωθεν
1258 1586 1588 1654 ὑπογράφων
1611 1584 1778 1653 λέγει·

220 1679 321 1735 Ἔν
361 1682 592 1745 τούτοις
632 1680 783 1733 πᾶσι
835 1679 953 1745 τοῖς
983 1678 1435 1748 συμϐεϐηκόσιν
1461 1673 1621 1743 αὐτῷ
1663 1678 1777 1746 οὺχ

209 1772 469 1839 ἥμαρτεν
512 1771 653 1825 Ἰώΰ.
694 1790 713 1820 ι

206 1865 303 1915 Ἐκ
329 1862 433 1916 τοῦ
449 1864 594 1926 βίου
613 1864 718 1917 τοῦ
740 1863 913 1933 ἁγίου
940 1862 1422 1927 Κωνσταντίνου,
1436 1860 1686 1926 βιϐλίου
1708 1857 1777 1914 δ’.

2301 691 2581 748 lulianum
2625 703 2929 762 apostatam
2966 696 3033 749 ".

1961 799 1980 834 ι
2021 780 2202 851 Hujus
2248 784 2451 853 quippe
2485 784 2726 840 vnlneris
2766 784 2925 856 signa
2956 795 3222 855 promunt
3268 788 3465 860 imagi-

1886 890 1984 931 nes
2013 876 2067 930 in
2101 874 2241 931 locis
2272 876 2508 946 publicis
2532 884 2750 932 erectae.
2784 895 2804 929 ι

1888 966 2070 1021 Sancti
2134 967 2363 1023 Joannis
2427 968 2834 1093 Citrysostoytib,
2896 983 2963 1024 ea:
3015 970 3354 1025 enarratione
3412 972 3467 1025 in

2484 1048 2687 1093 iustum
2757 1056 2785 1093 ο
2828 1079 2841 1092 .

2476 1048 2687 1106 justum
2717 1048 2841 1093 Job.

1956 1144 1977 1179 ι
2011 1126 2069 1180 ln
2110 1126 2195 1181 his
2250 1128 2511 1182 omnibus
2558 1143 2681 1197 qua:
2735 1128 2839 1197 ipsi
2891 1128 3261 1201 contigerunt,
3327 1129 3466 1183 nihil

1884 1217 2213 1287 insipienter
2258 1219 2526 1275 adversus
2564 1219 2733 1275 Deum
2782 1220 3000 1277 locutus
3032 1228 3138 1277 est.
3188 1220 3463 1287 Quemad-

1883 1310 2197 1365 modumin
2250 1310 2586 1381 imaginibus
2626 1327 2750 1367 cum
2803 1313 3121 1383 cujuspiam
3184 1315 3466 1384 pinximus

1883 1400 2171 1456 historiam
2201 1440 2215 1465 ,
2264 1402 2546 1458 ascribere
2600 1401 2847 1458 solemus
2900 1421 2912 1457 :
2979 1400 3056 1457 Ν.
3105 1405 3463 1468 consecravit;

1884 1495 1967 1551 sic
2020 1498 2114 1565 qui
2168 1495 2371 1552 librum
2433 1496 2581 1551 hunc
2633 1497 2877 1566 scripsit,
2926 1506 3214 1568 postquam
3266 1498 3466 1553 animae

1883 1586 2033 1642 illius
2069 1587 2362 1657 imaginem
2391 1588 2707 1653 delineavit,
2750 1588 2898 1642 velut
2948 1589 3005 1642 in
3051 1596 3297 1644 extrema
3345 1604 3463 1641 mo-

1883 1677 2009 1733 dioli
2038 1685 2195 1748 parte
2218 1677 2610 1745 subscribens,
2651 1677 2789 1732 dixit
2823 1694 2836 1731 :
2879 1676 2945 1730 In
2978 1678 3217 1732 omnibus
3246 1678 3325 1731 his
3351 1692 3467 1747 qua:

1884 1767 2191 1822 acciderunt
2214 1768 2336 1836 ipsi,
2370 1785 2473 1821 non
2507 1768 2739 1836 peccavit
2765 1767 2865 1821 Job
2906 1766 2978 1821 ⁸³.
3021 1785 3040 1820 ι

1986 1859 2055 1916 1η
2094 1860 2213 1915 Vita
2239 1862 2410 1915 sancti
2438 1859 2776 1915 Constantini
2814 1859 2947 1913 libro
2976 1876 3029 1915 tv
3065 1858 3211 1929 (cap.
3248 1858 3358 1929 15).

284 1971 300 2003 ι
334 1953 471 2022 Ὅσῃ
505 1952 559 2005 δὲ
591 1954 753 2007 αὐτοῦ
788 1956 819 2026 ἡ
851 1954 1029 2025 ψυχὴ,
1064 1954 1297 2017 πίστεως
1336 1952 1523 2006 ἐνθέου
1562 1952 1779 2023 ἐστήρι-

1956 1967 1975 2001 ι
2009 1949 2228 2016 Quanto
2269 1957 2451 2005 autem
2499 1949 2623 2004 ﬁdei
2652 1951 2850 2005 robore
2891 1950 3115 2006 animus
3148 1950 3268 2020 ejus
3301 1950 3467 2007 obﬁr-

206 2061 302 2096 κτο
325 2044 569 2113 δυνάμει,
602 2045 760 2114 μάθοι
792 2046 856 2099 ἄν
883 2063 965 2109 τις
996 2046 1089 2099 καὶ
1131 2048 1195 2099 ὲκ
1234 2043 1408 2109 τοῦδε,
1435 2044 1781 2115 λογιζόμενος

204 2137 281 2198 ὡς
302 2137 356 2187 ὲν
376 2138 486 2198 τοῖς
507 2138 726 2205 χρυσοῖς
747 2136 1095 2206 νομίσμασιν,
1118 2135 1278 2199 αὐτὸς
1302 2134 1399 2206 τὴν
1415 2136 1479 2188 αύ
1489 2132 1578 2188 τοῦ
1598 2134 1780 2188 εἰκόνα

201 2227 544 2297 διεγράφετο,
596 2228 672 2293 ὡς
708 2230 820 2283 ἄνω
860 2228 1079 2300 βλέπειν
1122 2229 1331 2295 δοκεῖν,
1370 2227 1779 2299 ἀνατεταμένην

203 2320 340 2389 πρὸς
360 2319 512 2386 Θεὸν,
538 2320 832 2390 εὐχομένου
861 2322 1081 2393 τρόπον.
1114 2322 1315 2375 Τούτου
1351 2308 1452 2391 μὲν
1471 2315 1562 2374 οὖν
1592 2320 1662 2373 τὰ
1690 2322 1781 2373 ὲκ-

203 2410 524 2481 τυπώματα,
565 2412 682 2466 καθ’
714 2413 842 2484 ὅλης
867 2414 964 2484 τῆς
1001 2412 1289 2484 Ῥωμαίων
1311 2413 1412 2484 γῆς
1439 2425 1488 2478 κ,
1522 2413 1579 2466 ὲν
1598 2413 1782 2477 αὐτοῖς

199 2502 260 2554 δὲ
288 2504 397 2565 τοῖς
427 2503 715 2573 βασιλείοις
764 2506 907 2559 κατά
951 2524 1101 2568 τινας
1125 2504 1329 2571 πόλεις,
1367 2507 1425 2559 ὲν
1466 2508 1583 2569 ταῖς
1614 2507 1693 2569 είς
1720 2507 1781 2560 τὸ

204 2594 478 2668 μετέωρον
499 2595 608 2648 τῶν
638 2597 926 2667 προπύλων
952 2598 1339 2669 ἀνακειμέναις
1362 2598 1583 2662 εἰκόσιν,
1609 2597 1780 2662 ἑστὼς

200 2685 381 2754 δροιος
409 2687 698 2759 ἐγράφετο,
736 2690 847 2743 ἄνω
872 2689 971 2760 μὲν
1002 2690 1082 2754 είς
1102 2689 1193 2743 τὸν
1215 2688 1443 2760 οὐρανὸν
1468 2688 1777 2759 ἐμϐλέπων,

200 2781 281 2833 τὼ
305 2782 447 2849 χεῖρε
481 2781 846 2851 ὲκτεταμὲνω,
899 2782 1191 2853 εὐχομένου
1222 2783 1481 2852 σχήματι.
1511 2776 1641 2833 τΩδε.
1682 2782 1781 2852 μὲν

200 2866 297 2925 οὖν
324 2872 483 2936 αὐτὸς
526 2873 716 2927 ἑαυτὸν
765 2875 823 2927 ὲν
853 2876 973 2938 ταῖς
1022 2874 1460 2946 είκονογραφίαις
1489 2874 1781 2946 εὐχόμενον

206 2967 424 3036 ἱστορεῖ.
468 2984 486 3017 ι

437 3142 546 3195 Τοῦ
571 3141 778 3207 αὑτοῦ,
809 3142 877 3195 ἐκ
912 3142 1016 3197 τοῦ
1044 3142 1245 3210 τρίτου
1266 3142 1531 3207 βιϐλίου.

281 3251 299 3284 ι
328 3225 455 3287 ’Ὧδε
488 3233 586 3303 μὲν
615 3230 709 3285 οὖν
734 3237 765 3303 ἡ
806 3234 1068 3302 βασιλέως
1097 3233 1392 3288 ἐτελειοῦτο
1427 3235 1631 3305 μήτηρ,
1655 3233 1783 3297 ἀξία

1887 2048 2072 2097 matus
2104 2041 2283 2106 fuerit,
2317 2056 2385 2096 ex
2420 2056 2485 2097 eo
2510 2042 2719 2111 quisvis
2751 2040 3042 2111 intelligat,
3075 2041 3218 2111 quod
3273 2043 3457 2098 aureis

1887 2133 1940 2188 in
1975 2133 2215 2189 nummis
2242 2147 2396 2189 suam
2428 2132 2546 2201 ipse
2578 2132 2872 2202 imaginem
2913 2131 2989 2185 ita
3025 2131 3288 2203 cogitavit
3314 2133 3464 2189 efﬁn-

1887 2224 2160 2294 gendam,
2198 2232 2257 2278 ut
2312 2224 2368 2278 in
2414 2223 2782 2293 supplicantis
2824 2223 3044 2277 modum
3091 2237 3354 2279 conversa
3398 2222 3466 2276 ad

1887 2316 2058 2372 Deum
2118 2316 2282 2381 facie,
2333 2323 2585 2386 spectare
2639 2330 2860 2370 sursum
2915 2313 3218 2371 videretur.
3282 2315 3463 2384 Atque

1887 2407 2007 2478 ejus
2037 2407 2260 2478 quidem
2293 2407 2497 2479 elﬁgies
2529 2408 2810 2478 impressae
2848 2421 2946 2476 per
2997 2407 3308 2462 universam
3352 2405 3433 2460 Ro

1887 2514 2172 2555 manorum
2206 2499 2471 2555 ditionem
2523 2500 2947 2569 spargebantur.
2986 2498 3330 2564 Quibusdam
3366 2515 3462 2553 au-

1886 2597 1993 2647 tem
2048 2591 2104 2645 in
2156 2590 2473 2646 civitatibus
2505 2590 2561 2644 in
2594 2589 2948 2645 eminentiori
3000 2590 3275 2660 regiarum
3324 2589 3441 2660 ipsa

1886 2696 2008 2736 rum
2069 2681 2316 2751 porticus
2370 2687 2529 2753 parte
2587 2681 2852 2752 imagines
2914 2682 3087 2751 ipsius
3144 2682 3221 2736 ita
3278 2680 3470 2753 depin-

1887 2773 2172 2843 gebantur,
2206 2780 2268 2827 ut
2303 2783 2489 2828 rectus
2520 2771 2659 2842 ipse,
2691 2772 3080 2842 protensisque
3112 2771 3470 2843 supplicantis

1888 2879 2041 2918 more
2074 2864 2328 2920 manibus
2364 2873 2541 2932 stans,
2590 2854 2788 2921 malum
2834 2865 3163 2934 suspiceret.
3216 2862 3308 2918 Sic
3340 2879 3470 2935 ergo

1888 2961 2129 3029 seipsum
2187 2960 2241 3014 in
2298 2960 2531 3031 picturis
2597 2960 2875 3030 precantis
2922 2959 3113 3014 habitu
3167 2973 3465 3030 repraesen-

1888 3050 2058 3107 tabat.
2101 3070 2120 3104 ι

2316 3142 2572 3210 Ejusdem
2602 3159 2667 3199 ea:
2697 3143 2831 3198 libro
2867 3143 3045 3199 tertio.

1964 3253 1984 3288 ι
2021 3237 2139 3293 Hoc
2178 3235 2342 3307 igitur
2377 3235 2541 3290 modo
2571 3235 2925 3305 imperatoris
2955 3242 3129 3290 mater
3155 3233 3342 3290 vivere
3374 3234 3457 3290 dc-

196 3342 263 3379 τε
293 3326 456 3396 τιμῆς
490 3326 765 3395 πλείστης,
830 3327 935 3379 τῶν
987 3344 1047 3378 τε
1089 3327 1262 3396 αὐτῆς
1302 3326 1466 3379 ἕνεκα
1522 3325 1781 3395 Θεοφιλῶν

1884 3329 1997 3394 siit,
2022 3343 2169 3399 quae,
2192 3342 2315 3382 cum
2348 3334 2576 3398 propter
2621 3328 2904 3397 religionis
2934 3341 2998 3382 ac
3028 3328 3246 3398 pietatis
3277 3343 3467 3397 Opera,

198 3417 477 3488 πράξεων,
514 3417 607 3471 τοῦ
660 3435 717 3470 τε
774 3417 835 3481 ἐξ
886 3419 1057 3489 αὐτῆς
1110 3416 1307 3487 φύντος
1340 3418 1652 3488 ὑπερφυοῦς
1689 3419 1783 3471 καὶ

198 3510 506 3579 παραδόξου
557 3509 724 3577 φυτοῦ
746 3526 759 3539 ·
808 3509 866 3562 ὃν
898 3510 1032 3579 πρὸς
1084 3512 1197 3572 τοῖς
1225 3510 1417 3576 ἅπασι,
1458 3509 1552 3563 καὶ
1578 3510 1677 3580 τῆς
1704 3512 1783 3573 εἰς

196 3604 303 3670 τὴν
323 3601 729 3671 γεννησαμένην
752 3602 922 3665 ὁσίας,
951 3602 1272 3671 μακαρίζειν
1297 3602 1465 3667 ἀξιον.
1501 3601 1658 3655 Οὕτω
1683 3603 1782 3672 μὲν

195 3689 371 3759 αὐτὴν
393 3690 615 3761 Οεοσεϐἦ
640 3696 1079 3762 καταστήσαντα,
1118 3692 1191 3763 μὴ
1212 3687 1377 3746 οὖσαν
1406 3693 1466 3745 τὸ
1497 3694 1781 3764 πρότερον,

195 3783 280 3845 ὼς
312 3782 460 3852 αύτῷ
491 3783 665 3837 δοκεῖν
698 3786 760 3836 ἐκ
796 3783 1017 3854 πρώτης
1041 3783 1117 3855 τῷ
1154 3783 1317 3853 κοινῷ
1360 3784 1576 3855 Σωτῆρι
1604 3784 1783 3855 μεμά-

196 3872 497 3941 οητεῦσῦαι
520 3890 531 3905 ·
576 3873 718 3925 οὕτω
756 3873 812 3925 δὲ
834 3873 913 3943 τῷ
946 3872 1219 3943 ἀξιώματι
1264 3872 1531 3943 βασιλικῷ
1560 3890 1781 3944 τετιμη-

195 3961 358 4025 κότα,
389 3962 463 4026 ὡς
484 3964 539 4016 ἐν
570 3963 768 4017 ἅπασιν
788 3962 986 4028 ἔθνεσι,
1015 3964 1110 4015 καὶ
1131 3963 1262 4033 παρ’
1282 3964 1465 4026 αὐτοῖς
1488 3965 1597 4027 τοῖς
1620 3980 1781 4033 στρα-

192 4055 473 4116 τιωτικοῖς
518 4056 813 4124 τάγμασιν,
846 4056 1205 4123 Αὐγούσταν
1236 4052 1534 4118 βασιλίδα
1584 4054 1781 4121 ἀναγο-

199 4141 484 4211 ρεύεσθαι,
516 4146 739 4213 χρυσοῖς
774 4162 831 4197 τε
864 4144 1163 4215 νομίσμασι
1195 4143 1289 4197 καὶ
1312 4141 1409 4213 τὴν
1432 4142 1604 4213 αὐτῇς
1625 4145 1782 4196 ὲκτυ-

196 4238 437 4293 ποῦσθαι
463 4238 665 4291 εἰκόνα.
704 4256 721 4289 ι

352 4500 463 4554 Τοῦ
494 4497 682 4553 αὑτοῦ
718 4497 997 4566 τετάρτου
1028 4496 1237 4565 λόγου,
1283 4497 1496 4564 κεφαλ.
1530 4494 1636 4559 ἔθ’.

278 4611 298 4644 ι
332 4591 397 4643 Οἱ
417 4590 473 4643 δὲ
505 4589 603 4660 τὴν
627 4588 871 4659 βασιλίδα
896 4587 1048 4641 πόλιν
1074 4585 1365 4650 οἰκοῦντες,
1392 4585 1527 4656 αὐτῇ
1558 4587 1621 4655 τῇ
1648 4601 1778 4652 συγ-

1885 3420 2078 3476 honori
2118 3420 2354 3489 plurimo
2398 3421 2563 3489 digna
2614 3418 2735 3486 fuit,
2772 3429 2885 3473 tum
2926 3428 3148 3490 prepter
3185 3421 3438 3475 excellent

1888 3520 1994 3566 tem
2017 3519 2072 3566 et
2103 3511 2486 3566 admirabilem
2524 3512 2767 3580 plantam
2805 3510 2955 3564 illam
2989 3525 3156 3581 quam
3189 3525 3255 3563 ex
3282 3527 3340 3566 se
3370 3527 3459 3580 ςυ-

1885 3603 2035 3667 nuit;
2077 3616 2247 3671 quem
2279 3601 2521 3670 quidem,
2554 3617 2679 3656 cum
2718 3602 2981 3657 omnibus
3014 3602 3137 3655 aliis
3163 3600 3230 3656 de
3259 3604 3463 3658 causis.

1884 3703 1998 3747 tum
2032 3693 2102 3747 ob
2131 3694 2252 3762 ejus
2279 3707 2409 3763 erga
2437 3702 2673 3747 matrem
2705 3694 2962 3763 pietatem
3008 3694 3227 3748 beatum
3271 3692 3439 3763 praedi

1883 3799 2011 3840 care
2041 3785 2306 3840 debemus
2335 3803 2349 3839 :
2402 3784 2609 3855 quippe
2654 3786 2749 3855 qui
2803 3786 2972 3851 illam,
3006 3800 3131 3839 cum
3166 3784 3262 3839 Dei
3294 3786 3467 3840 cultui

1882 3874 2096 3929 addicta
2122 3875 2274 3944 prius
2305 3890 2414 3930 non
2446 3882 2612 3939 esset,
2648 3876 2732 3931 sic
2762 3876 3083 3945 religiosam
3116 3874 3374 3942 reddidit,
3410 3888 3468 3933 ut

1882 3980 1911 4019 a
1944 3966 2203 4036 primaeva
2242 3972 2403 4021 aetate
2457 3980 2488 4020 a
2538 3968 2820 4024 communi
2874 3968 3122 4023 omnium
3183 3967 3470 4023 Salvatore

1880 4056 2093 4111 erudita
2124 4055 2422 4112 videretur.
2451 4056 2626 4126 Ipsam
2652 4057 2873 4113 demum
2909 4059 3263 4129 imperatoria
3292 4058 3469 4129 digni-

1881 4153 1991 4199 tate
2021 4144 2419 4207 cohonestavit,
2455 4154 2513 4199 ut
2559 4147 2701 4215 apud
2738 4162 2929 4204 omnes
2960 4157 3151 4218 gentes
3175 4190 3190 4213 ,
3248 4163 3465 4203 necnon

1882 4234 2024 4304 apud
2044 4236 2305 4305 ipsasmet
2322 4236 2557 4290 militum
2586 4237 2866 4303 cohortes,
2894 4239 3209 4307 imperatrix
3227 4239 3468 4310 Augusta

1881 4325 2348 4395 proclamaretur,
2380 4326 2666 4395 imagoque
2702 4326 2824 4396 ejus
2854 4327 3104 4384 nummis
3133 4328 3321 4384 aureis
3359 4328 3465 4383 im-

1882 4417 2227 4485 primeretur.
2274 4435 2293 4467 ι

2238 4505 2491 4575 Ejusdem
2521 4522 2586 4560 ea:
2621 4506 2755 4559 libro
2784 4522 2859 4571 ιν,
2893 4522 3009 4576 cap.
3045 4509 3134 4565 69.

1959 4616 1978 4649 ι
2013 4596 2118 4664 Qui
2169 4612 2299 4653 vero
2342 4598 2534 4653 urbem
2569 4598 2773 4669 regiam
2814 4598 3152 4666 incolebant,
3197 4614 3306 4654 una
3338 4616 3462 4657 cum

191 4684 391 4753 κλήτῳ
420 4683 514 4735 καὶ
545 4681 701 4752 δήμῳ
755 4679 1040 4750 Ῥωμαίων
1066 4719 1080 4744 ,
1130 4678 1205 4742 ὠς
1236 4678 1333 4749 τὴν
1378 4676 1641 4749 βασιλέως
1686 4679 1781 4730 ἐπ-

1889 4697 2082 4744 senatu
2112 4690 2425 4759 populoque
2455 4666 2727 4755 Romano,
2762 4691 2853 4745 ubi
2889 4690 3128 4760 primum
3169 4691 3465 4762 imperato-

191 4775 453 4840 έγνωσαν
474 4772 727 4838 τελευτὴν
753 4813 767 4838 ,
806 4771 951 4842 δεινῇ
998 4770 1094 4823 καὶ
1138 4772 1319 4841 πάσης
1364 4770 1650 4840 συμφορᾶς
1682 4769 1787 4821 ὲπ-.

189 4867 390 4919 ἐκεινα
417 4868 482 4934 τῇ
514 4865 649 4935 ἀκοῇ
682 4863 975 4933 δεδεμένοι,
999 4862 1193 4925 πένθος
1223 4863 1449 4932 ἄσχετον
1480 4859 1781 4914 ἐποιοῦντο.

191 4959 424 5028 Λουτρά
453 4958 507 5010 δὲ
534 4957 885 5011 ἀπεκλείοντο
906 4958 998 5009 καὶ
1019 4957 1233 5025 ἀγοραὶ,
1258 4955 1429 5026 πάνδη
1440 4954 1528 5025 μοί
1548 4972 1608 5007 τε
1639 4953 1780 5017 θέαι,

190 5052 302 5103 καὶ
343 5050 519 5103 πάντα
556 5050 655 5102 ὅσα
689 5049 778 5101 ἐπὶ
804 5047 1055 5119 ῥᾳστώνῃ
1085 5049 1199 5117 βίου
1226 5050 1338 5111 τοῖς
1359 5047 1783 5118 εύϐυμουμένοις

190 5141 468 5211 ’πράττειν
502 5140 620 5203 ἔθος
656 5136 743 5210 ἦν.
782 5142 1059 5209 Κατηφεῖς
1102 5140 1158 5192 δὲ
1214 5141 1262 5192 οἱ
1292 5140 1456 5193 πάλαι
1494 5136 1776 5210 τρυφηλοὶ,

189 5232 305 5294 τὰς
344 5231 598 5302 προόδους
633 5232 910 5285 ἐποιοῦντο
932 5248 943 5261 '
995 5232 1128 5301 ὁμοῦ
1154 5250 1211 5285 τε
1245 5233 1446 5295 πάντες
1479 5231 1569 5284 τὸν
1600 5234 1779 5301 μακά-

192 5341 323 5394 ριον
374 5324 743 5393 ἀνευφήμουν,
795 5324 884 5376 τὸν
920 5323 1160 5391 θεοφιλῆ.
1202 5324 1292 5377 τὸν
1338 5322 1411 5385 ὡς
1442 5322 1654 5392 άληθῶς
1685 5325 1781 5391 τῆς

306 5505 355 5535 ⁸³
394 5502 604 5559 lnvect.
634 5502 851 5571 I,p.95.
926 5503 971 5533 ⁵³
999 5502 1097 5555 Jul.
1151 5544 1184 5563 .,
1227 5504 1314 5556 22.

1885 4780 1965 4836 ris
2003 4782 2214 4836 obitum
2248 4790 2595 4851 acceperunt,
2623 4782 2821 4837 acerbo
2850 4789 2905 4836 et
2933 4782 3127 4852 quavis
3151 4782 3465 4841 calamitate

1886 4872 2123 4943 graviori
2152 4873 2345 4927 nuntio
2374 4873 2639 4942 perculsi,
2674 4874 2884 4927 nullum
2915 4873 3090 4929 luctui
3113 4875 3337 4930 modum
3367 4891 3462 4946 po-

1884 4969 2132 5015 suerunt.
2170 4960 2384 5016 Balnea:
2428 4970 2481 5017 et
2516 4963 2633 5016 lora
2662 4963 2845 5019 clausa
2894 4972 3043 5028 sunt,
3075 4964 3293 5034 publica
3323 4981 3463 5035 qun-

1883 5065 1992 5120 que
2033 5051 2372 5119 spectacula,
2396 5058 2449 5106 et
2477 5066 2821 5121 quaecunque
2848 5051 3104 5106 homines
3144 5053 3258 5106 otio
3286 5052 3459 5107 dediti

1884 5151 1937 5195 et
1963 5141 2122 5209 genio
2157 5141 2501 5213 indulgentes
2536 5143 2845 5197 coriscctari
2896 5144 3097 5207 solent,
3143 5141 3460 5199 intermissa

1887 5242 2033 5288 sunt.
2074 5233 2179 5298 Qui
2217 5243 2343 5288 ante
2392 5236 2444 5288 in
2495 5234 2707 5290 deliciis
2756 5234 3138 5299 versabantur,
3200 5233 3351 5288 vultu
3402 5235 3454 5287 in

1888 5336 2086 5381 terram
2124 5327 2361 5383 demisso
2396 5328 2650 5384 incedere
2680 5342 2898 5398 unaque
2931 5340 3119 5385 omnes
3158 5337 3294 5381 voce
3327 5323 3455 5378 bea-

1504 5593 1738 5649 VARIAS
1773 5593 2153 5649 LECTIONES

275 5726 305 5757 ι
343 5710 504 5769 Deest
542 5727 646 5766 vox
674 5712 970 5780 διέτρεχεν.
1007 5730 1067 5765 ex
1104 5712 1341 5767 Eusebio
1376 5714 1700 5781 supplenda.

1721 5822 1945 5876 N0'l‘.-l..

278 5943 397 6011 (Si)
436 5942 491 5999 S.
549 5942 922 6009 Clurvsoslonn
990 5947 1364 5997 uulttlln‘lllal‘il
1406 5948 1455 5995 in
1521 5946 1624 5997 Job
1672 5943 1967 6013 frugum-nia
2000 5950 2211 5996 thSl‘Jltl.
2245 5942 2297 5994 in
2328 5952 2515 5994 canum
2554 5941 2717 5993 Juniz.
