4172 6490
206 500 317 567 1381

201 591 294 665 Ἐκ
316 626 404 664 του
426 609 748 674 μαμτυλπίου
774 606 877 658 τοῦ
900 609 1070 673 ἁγίου
1099 608 1450 671 evomam,
1493 609 1591 658 τοῦ
1636 610 1725 659 καὶ
1762 609 1803 661 Δ

796 678 1083 730 Πλακίὸιι.

266 783 283 818 ι
330 765 650 830 Ἥξελθόντος
688 766 848 819 αὐτοῦ
884 770 939 820 ἐν
977 770 1074 837 μιᾷ
1105 768 1287 837 ἡμέρᾳ
1329 769 1468 822 κατὰ
1518 770 1575 821 τὸ
1607 770 1728 821 σύν-

200 858 309 929 ηθες
364 856 447 909 ἐπὶ
480 857 550 909 τά
603 858 702 929 ὅρη
735 859 998 928 θηρεῦσαι
1051 859 1185 927 μετὰ
1216 859 1307 911 τοῦ
1341 859 1725 929 στρατοπέδου,

199 950 282 1002 καὶ
308 947 471 1018 πάσης
493 949 591 1017 τῆς
614 949 922 1019 θεραπείας,
958 948 1112 1017 ὤφθη
1138 950 1283 1019 αὐτῷ
1320 952 1487 1023 ἀγέλη
1516 953 1728 1021 ἐλάφων

199 1039 492 1109 βοσκομένη.
521 1040 936 1108 Καὶδιαστήσας
953 1039 1092 1092 κατά
1118 1040 1178 1091 τὸ
1206 1040 1433 1110 σύνηθες
1454 1044 1545 1093 τὸν
1566 1060 1727 1113 στραο

196 1128 292 1194 τὸν,
319 1130 541 1182 ἐποιεῖτο
568 1130 668 1198 τὴν
712 1129 829 1181 κατ’
861 1129 1039 1181 αὐτῶν
1075 1127 1275 1193 δίωξιν.
1320 1130 1526 1192 Παντὸς
1553 1132 1605 1184 δὲ
1635 1134 1727 1185 τοῦ

199 1216 401 1288 στρατοῦ
425 1219 516 1269 ἐπὶ
540 1217 638 1287 τὴν
660 1217 919 1287 σύλληψιν
947 1219 1343 1289 ἀσχολουμένου
1367 1222 1473 1274 τῶν
1495 1222 1726 1289 ἐλάφων,

196 1307 760 1379 ὀῦπερμεγεθέστατος
790 1309 969 1379 πάσης
1000 1311 1095 1379 τῆς
1152 1312 1370 1382 ἀγέλης,
1406 1314 1497 1367 καὶ
1527 1315 1729 1367 εὐειδέ-

193 1416 381 1465 στατος,
411 1399 781 1463 ἀποσπασθεὶς
829 1400 927 1468 τῆς
961 1401 1185 1471 ἀγέλης,
1216 1403 1442 1473 ὥρμησε
1468 1406 1604 1458 κατὰ
1637 1398 1736 1457 τοῦ’

190 1490 373 1559 δρυμοῦ
404 1492 591 1551 ὲνλτοῖς
621 1490 931 1558 δασυτὲροις
961 1492 1144 1554 τόποις
1175 1494 1271 1561 τῆς
1302 1494 1452 1563 ὕλης,
1495 1497 1588 1548 καὶ
1610 1496 1731 1547 6v:-

190 1579 356 1643 ϐάτοις
396 1578 632 1648 χωρίοις.
698 1581 795 1631 Ὃν
843 1579 1176 1649 θεασάμενος
1215 1582 1244 1633 ὁ
1293 1584 1580 1650 Πλακίδας,
1638 1592 1730 1639 καὶ

187 1670 515 1737 ἐπιθυμήσας
536 1668 917 1721 συλλαϐεῖσθαι
951 1670 1132 1732 αὑτὸν,
1165 1672 1477 1726 καταλιπὼν
1504 1678 1731 1742 πάντας,

191 1759 296 1825 μετ’
316 1754 500 1821 ὀλίγων
539 1757 885 1825 στρατιωτῶν
927 1759 1252 1813 κατεδίωκεν
1289 1763 1468 1817 αὐτόν.
1519 1766 1732 1833 ’Δτονη-

186 1849 379 1902 σάντων
406 1846 462 1897 δὲ
512 1846 621 1898 τῶν
679 1847 966 1910 συνόντων,
1003 1849 1163 1916 μόνος
1203 1854 1631 1923 προσεκαρτέρει
1664 1857 1727 1923 τῇ

1267 500 1359 558 DE
1396 495 2157 558 lM.\GINIBUS‘0RAT[0
2204 500 2308 555 lli.

3256 500 3387 567 1382

1930 604 2006 654 Ι·.“;ιτ
2038 607 2289 673 martyrio
2324 606 2489 656 δαιιιιί
2524 603 2804 667 Eustathii,
2832 608 2917 673 qui
2946 616 2991 658 et
3028 605 3292 669 Placidus.

1904 774 1918 806 ι
1959 756 2091 808 Cum
2135 756 2223 810 die
2276 754 2554 823 quodam,
2614 756 2677 810 de
2725 765 2987 810 consueto
3039 772 3208 818 more,
3262 773 3383 811 enni

1827 847 2073 900 exercitu
2146 847 2511 915 universaque
2561 845 2881 901 famulorum
2934 858 3078 900 emtn
3135 860 3385 903 venatum

1827 937 2079 1000 exiissct,
2143 950 2430 990 cervorum
2488 938 2821 1005 pascentium
2872 939 3218 1008 conspicatus
3270 956 3388 1011 grc-

1828 1045 1970 1099 gem,
2002 1030 2250 1083 exercitu
2285 1030 2336 1080 in
2374 1038 2485 1083 tres
2519 1038 2721 1098 partes,
2758 1030 2831 1081 uti
2867 1031 3095 1095 solebat,
3126 1033 3388 1086 distribu-

1831 1129 1908 1185 to,
1937 1136 2032 1176 eos
2062 1120 2458 1174 insectabatur.
2491 1120 2562 1172 At
2591 1134 2711 1171 cum
2748 1119 2857 1172 illis
2895 1121 3171 1188 capiendis
3212 1122 3390 1176 inten-

1829 1220 1914 1265 tus
1943 1220 2089 1264 esset
2110 1210 2406 1271 exercitus,
2444 1210 2534 1263 ille
2569 1210 2661 1278 qui
2707 1210 2758 1261 iu
2807 1211 3115 1264 universum
3149 1226 3387 1281 gregem,

1832 1311 1943 1353 tum
1996 1302 2344 1370 proceritate,
2405 1309 2517 1352 tum
2570 1299 2745 1352 forma
2780 1299 3074 1361 eminebat,
3104 1315 3132 1353 a
3166 1303 3391 1370 reliquis

1829 1392 2136 1455 discedens,
2170 1410 2264 1461 per
2296 1393 2625 1447 densissima
2680 1394 2829 1447 silva:
2866 1400 3246 1463 pratruptaque
3272 1396 3390 1448 loca

1833 1484 1884 1536 in
1920 1499 2111 1538 nemus
2139 1485 2392 1552 prosiliit.
2431 1484 2583 1566 llupc
2619 1483 2864 1539 Placidas
2908 1487 3209 1550 contuitus,
3241 1486 3390 1556 ejus~
3446 1470 3447 1473 η

1832 1588 1936 1641 que
1997 1575 2493 1642 compreliendendi
2559 1568 2833 1629 desiderio
2893 1590 3198 1643 accensus,
3263 1592 3389 1632 cum

1833 1665 2094 1719 militibus
2120 1667 2334 1733 paucis,
2372 1666 2588 1720 eaeteris
2621 1666 2876 1718 omnibus
2908 1668 3133 1730 relictis,
3177 1669 3392 1723 insecu-

1834 1762 1921 1809 tus
1947 1762 2051 1808 est.
2079 1753 2196 1807 Jam
2221 1753 2353 1807 socii
2373 1754 2754 1807 deficientibus
2781 1753 2986 1807 viribus
3009 1756 3389 1821 constiterant,

1835 1860 1956 1899 cum
1985 1847 2138 1899 solus
2170 1846 2288 1915 ipse
2328 1844 2705 1913 persequendo
2740 1853 3139 1914 perseveraret,
3177 1846 3393 1899 divina-

183 1936 366 2000 διώξει,
392 1935 527 1988 κατὰ
558 1936 810 2005 πρόνοιαν
829 1936 885 1989 δὲ
912 1936 1065 2000 Θεοῦ,
1098 1942 1234 2010 μήτε
1255 1942 1349 1994 τοῦ
1372 1942 1536 1996 ἵππου
1565 1945 1725 1997 αὐτοῦ

1832 1936 2195 2003 que.factum
2250 1934 2590 2004 providentia
2643 1946 2747 1997 est,
2798 1943 2856 1987 ut
2903 1949 3002 1990 nec
3042 1950 3253 2004 equus,
3294 1950 3394 1991 nec

182 2026 541 2094 ἀτονήσαντος,
576 2027 710 2096 μήτε
741 2027 903 2080 αὑτοῦ
956 2030 1089 2099 πρὸς
1140 2032 1238 2101 τὴν
1289 2032 1605 2104 δυσχέρειαν
1635 2036 1725 2088 τοῦ

180 2116 335 2169 τόπου
363 2119 792 2188 άποκνήσαντος,
824 2121 917 2172 ἐπὶ
952 2120 1085 2173 πολὺ
1114 2122 1482 2192 καταδιώκων,
1511 2130 1726 2197 μακράν

181 2206 369 2277 εὑρέθη
396 2207 487 2260 τοῦ
516 2210 875 2279 στρατοπέδου
907 2212 1090 2265 αὑτοῦ.
1124 2215 1181 2265 Ὀ
1207 2213 1262 2265 δὲ
1288 2214 1481 2284 ἔλαφος
1511 2217 1727 2286 ἔφευγε,

180 2296 372 2359 ἐκεῖνος
403 2299 461 2351 δὲ
508 2299 842 2368 παραλαϐὼν
875 2300 1185 2371 ἀκρώρειαν
1230 2305 1453 2373 πέτρας,
1506 2305 1727 2375 μηδενὸς

184 2388 417 2451 συνόντος
448 2389 615 2459 αὐτῷ,
648 2390 776 2461 ἔστη
807 2392 1157 2459 περισκοπῶν
1195 2394 1486 2460 πάντοθεν,
1512 2398 1607 2449 καί
1641 2398 1745 2449 ἐν-’

179 2478 310 2531 νοῶν
340 2478 471 2549 ποίῳ
502 2480 685 2550 τρόπῳ
714 2479 945 2551 λάϐηται
966 2484 1061 2552 τῆς
1107 2483 1303 2552 ἐλάφου
1328 2502 1341 2514 ·
1380 2485 1490 2537 ἀλλ’
1534 2489 1561 2538 ὁ
1599 2488 1730 2540 πάν-

182 2584 334 2636 σοφος
371 2570 461 2622 καὶ
489 2572 785 2640 οἰκτίρμων
805 2571 955 2636 Θεὸς,
989 2574 1017 2625 ὁ
1047 2576 1303 2637 παντοίας
1337 2577 1486 2638 ὀδοὺς
1516 2577 1607 2628 ἐπὶ
1631 2595 1731 2629 σω-

177 2659 335 2730 τηρίᾳ
357 2659 463 2723 τῶν
489 2661 789 2730 ἀνθρώπων
812 2663 1104 2733 ἐπινοήσας
1122 2703 1136 2725 ,
1171 2666 1511 2735 άντιθηρεύει
1546 2663 1733 2721 τοῦτον

180 2752 236 2803 ἐν
253 2751 317 2821 τῇ
344 2749 482 2821 θήρᾳ
503 2766 517 2781 ·
552 2751 649 2821 οὐχ
674 2752 746 2816 ὡς
781 2754 1078 2823 Κορνήλιον
1109 2756 1197 2807 διὰ
1229 2756 1457 2826 Πέτρου,
1495 2759 1607 2810 ἀλλ’
1656 2760 1730 2822 ὡς

180 2838 381 2893 Παῦλον
400 2838 683 2902 διώκοντα,
699 2840 787 2893 διὰ
804 2842 903 2910 τῆς
925 2842 1057 2904 ἰδίας
1082 2845 1421 2911 ἐπιφανείας.
1455 2847 1578 2898 Ἐπὶ
1598 2848 1730 2900 πολὺ

180 2932 235 2984 δὲ
260 2932 482 2995 ἑστῶτος
508 2931 601 2985 τοῦ
633 2932 892 2988 Πλακίδα.
925 2936 1019 2986 καὶ
1050 2936 1386 3011 ἀτενίζοντος
1420 2937 1519 3007 μὲν
1545 2939 1623 3001 εἰς
1643 2940 1733 2991 τὸν

177 3023 383 3092 ἔλαφον,
406 3020 775 3092 θαυμάζοντος
814 3023 870 3074 δὲ
904 3024 1067 3077 αὑτοῦ
1100 3024 1160 3077 τὸ
1196 3024 1444 3095 μέγεθος,
1474 3027 1568 3079 καὶ
1592 3028 1735 3097 ἀμη-

177 3114 456 3186 χανοῦντος
484 3115 611 3184 περὶ
639 3115 736 3183 τὴν
763 3114 1042 3183 σύλληψιν.
1074 3114 1312 3170 δείκνυσι
1344 3118 1545 3187 Κύριος
1574 3119 1753 3189 τερα--

153 3208 322 3267 ,στιόν
349 3225 400 3262 τι
431 3206 688 3270 τοιοῦτον,
721 3208 821 3261 οὐκ
849 3207 1094 3271 ἀπεικὸς,
1122 3207 1240 3261 οὐδὲ
1268 3209 1595 3279 ὑπερϐαῖνον
1634 3212 1733 3282 τῆς

176 3296 337 3353 αὐτοῦ
358 3297 639 3367 δυνάμεως
666 3296 726 3352 τὸ
769 3298 996 3365 μέγεθος
1023 3311 1038 3327 ⁶
1093 3298 1210 3351 ἀλλ’
1253 3297 1439 3370 ὥσπερ
1493 3300 1585 3351 ἐπὶ
1637 3300 1731 3353 τοῦ

175 3386 400 3457 Βαλαὰμ
420 3386 576 3455 λόγον
602 3386 775 3451 ἐνθεὶς
810 3390 875 3457 τῇ
909 3388 1035 3458 ὄνῳ,
1067 3387 1291 3458 ἤλεγξεν
1312 3390 1474 3444 αὐτοῦ
1500 3390 1598 3461 τὴν
1621 3391 1733 3444 διά-

173 3491 345 3539 νοιαν,
377 3474 522 3528 οὕτω
574 3474 667 3527 καὶ
712 3474 939 3528 ἐνταῦθα
986 3476 1223 3530 δείκνυσι
1250 3480 1440 3547 τούτῳ.
1479 3478 1604 3532 Ἐπὶ
1634 3479 1732 3549 μὲν

172 3566 415 3639 κεράτων
438 3563 531 3618 τοῦ
572 3564 773 3634 ἐλάφου
816 3565 907 3618 τὸν
952 3567 1120 3619 τύπον
1148 3567 1242 3620 τοῦ
1282 3569 1437 3637 ἁγίου
1473 3570 1728 3641 σταυροῦ,

172 3654 314 3726 ὑπὲρ
344 3656 442 3726 τὴν
473 3655 828 3727 λαμπρότητα
848 3655 942 3710 τοῦ
978 3658 1126 3726 ἡλίου
1158 3656 1460 3727 λάμποντα,
1488 3661 1649 3729 μέσον
1674 3662 1730 3716 δὲ

167 3747 281 3803 τῶν
304 3748 546 3819 κεράτων
571 3747 667 3818 τὴν
691 3750 872 3802 εἰκόνα
920 3748 1014 3801 τοῦ
1046 3747 1304 3819 θεοφόρου
1360 3749 1630 3820 σώματος,
1668 3747 1730 3807 οὗ

168 3837 260 3891 διὰ
293 3838 392 3907 τὴν
433 3837 706 3907 ἡμετέραν
740 3836 1013 3908 σωτηρίαν
1058 3838 1347 3893 ἀναλαϐεῖν
1388 3828 1729 3909 κατεδέξατο,

171 3929 266 3983 καὶ
292 3929 475 3999 φωνὴν
502 3928 846 3999 ἀνθρωπίνην
874 3928 1048 3993 ἐνθεὶς
1084 3933 1150 4000 τῇ
1178 3931 1383 4002 ἐλάφῳ,
1407 3934 1732 4005 προσκαλεί-

165 4037 261 4075 cat
287 4019 378 4073 τὸν
414 4019 681 4073 Πλακίδαν
701 4060 716 4086 ,
776 4020 975 4088 λέγων·
1004 4016 1074 4073 Ὦ
1104 4022 1341 4076 Πλακίδα
1360 4063 1373 4086 ,
1402 4024 1455 4077 τί
1512 4043 1579 4095 με
1607 4026 1731 4080 διώ-

168 4128 327 4176 recte;
360 4110 467 4163 ἰδοὺ
501 4110 683 4162 ἕνεκέν
710 4128 815 4162 σου·
833 4112 1035 4180 παρῆν,
1074 4113 1165 4164 καὶ
1195 4113 1251 4165 ὲν
1292 4113 1369 4183 τῷ
1404 4108 1527 4185 {dim
1558 4118 1731 4188 τούτῳ

161 4201 358 4271 ὤφθην
391 4218 493 4256 σοι,
532 4199 672 4269 Ἐγώ
709 4201 824 4271 εἰμι
868 4200 1071 4270 Ἰησοῦς
1104 4202 1132 4252 ὁ
1160 4203 1411 4272 Χριστὸς,
1446 4206 1504 4257 ὃν
1523 4209 1731 4275 ἀγνοῶν

165 4293 323 4362 σέϐῃ.
355 4293 421 4345 Αἰ
449 4291 557 4362 γὰρ
588 4291 824 4344 εὐποιίαι
847 4307 961 4355 σου,
983 4292 1048 4355 ἃς
1085 4292 1147 4344 σὺ
1173 4296 1346 4358 ποιεῖς
1370 4299 1448 4359 εἰς
1481 4299 1603 4361 τοὺς
1624 4300 1732 4353 δεο-

162 4383 386 4453 μένους,
420 4382 767 4451 παρέστησαν
800 4379 1027 4435 ἐνώπιόν
1059 4400 1161 4453 μου
1182 4425 1196 4446 ,
1234 4386 1325 4438 καὶ
1348 4382 1509 4457 ἦλθον
1556 4391 1730 4460 ἐμφα-

157 4471 314 4524 νίσαι
350 4485 435 4523 σοι
472 4467 706 4538 ἐμαυτὸν
735 4468 822 4521 διὰ
860 4468 954 4521 τοῦ
976 4469 1173 4538 ἐλάφου
1204 4471 1414 4539 τούτου,
1439 4475 1530 4526 καὶ
1578 4477 1728 4529 ἀντι-

1830 2030 2061 2097 ipsemet
2097 2027 2390 2095 asperitate
2425 2027 2667 2079 locorum
2711 2024 3062 2091 fatiscerent;
3094 2035 3146 2079 ct
3172 2039 3391 2079 cervum

1831 2118 2392 2187 diutinsadurgendo,
2426 2117 2611 2185 procul
2646 2132 2704 2170 sc
2733 2117 2800 2169 ab
2828 2118 3070 2172 exercitu
3096 2119 3393 2174 recessisse

1831 2208 1991 2278 373
2047 2209 2447 2262 animadvertit.
2506 2207 2673 2261 l‘orro
2724 2207 2963 2276 fugiente
3023 2223 3208 2271 cervo,
3265 2222 3391 2261 cum

1832 2300 2017 2353 nullus
2046 2300 2306 2352 comitum
2352 2298 2590 2361 adesset,
2622 2304 2790 2365 petrae
2829 2298 3086 2351 verticem
3131 2312 3394 2353 conscen-

1833 2390 1932 2453 dit,
1988 2398 2100 2443 tum
2141 2390 2621 2457 circumaspiccrc,
2656 2402 2953 2457 secumque
2999 2389 3258 2457 cogitare,
3285 2403 3393 2458 quo

1833 2480 2050 2536 tandem
2083 2488 2241 2549 pacto
2278 2481 2513 2549 praedam
2550 2489 2903 2547 assequatur.
2941 2478 3009 2532 At
3049 2479 3393 2547 sapientissi-

1832 2588 1957 2627 mus
2004 2571 2575 2639 clemcntissimusqne
2616 2569 2788 2635 Deus,
2825 2569 2914 2638 qui
2949 2570 3125 2624 nullas
3164 2585 3269 2623 non
3300 2585 3395 2625 cx-

1833 2662 2033 2732 cogitat
2080 2664 2215 2726 vias,
2253 2652 2455 2730 quibus
2496 2660 2559 2713 ad
2609 2662 2841 2715 salutem
2888 2659 3139 2714 homines
3190 2660 3390 2721 ducat.

1834 2752 1979 2806 hunc
2032 2752 2083 2804 in
2137 2753 2369 2819 ipsumet
2421 2750 2709 2805 venatione
2765 2757 2995 2802 venatur
3043 2768 3055 2802 :
3098 2764 3205 2802 non
3250 2748 3394 2803 Petri

1834 2857 2026 2911 opera;
2061 2841 2121 2894 ιιι.
2168 2843 2295 2894 olim
2333 2842 2672 2903 Cornelium,
2702 2842 2878 2910 magis
2917 2848 3095 2893 autem
3138 2841 3217 2893 uti
3267 2855 3394 2907 per-

1835 2939 2137 2986 secutorem
2167 2930 2415 2992 Paulum,
2445 2932 2657 3000 objecta
2684 2946 2781 2985 sua
2818 2932 3022 3000 specie.
3056 2928 3238 2999 Itaque
3267 2945 3396 2985 eon-

1835 3023 2045 3077 sistenti
2080 3022 2169 3074 diu
2198 3021 2448 3089 Placidm,
2473 3025 2733 3091 cervique
2763 3022 3140 3090 proceritatem
3170 3022 3397 3080 intentis

1835 3112 2009 3166 oculis
2040 3109 2351 3175 demiranti,
2388 3096 2510 3165 eum
2547 3112 2696 3167 illius
2730 3109 2979 3180 capiendi
3017 3112 3163 3165 nulla
3189 3113 3273 3166 via
3298 3128 3394 3166 oc-

1836 3211 2101 3267 curreret,
2158 3201 2431 3270 ejusmodi
2494 3208 2807 3271 portentum
2872 3202 3131 3257 Dominus
3202 3202 3395 3269 edidit,

1758 3269 1801 3329 c
1834 3291 1977 3362 quod
2005 3269 2224 3362 quidem
2260 3292 2391 3344 nihil
2421 3269 2671 3347 absimile
2699 3293 2809 3348 veri
2832 3302 2933 3359 est,
2968 3308 3067 3348 nec
3098 3293 3269 3362 ipsius
3295 3309 3395 3364 po-

1833 3385 2015 3439 tentiae
2048 3384 2476 3454 magnitudinem
2517 3383 2749 3439 excedit.
2787 3383 2914 3449 Sed,
2938 3387 3397 3453 quemadmodum

1833 3473 2003 3527 asina:
2034 3472 2251 3526 Balaam
2307 3472 2557 3542 loquendi
2615 3474 2784 3527 indita
2818 3472 3074 3528 facultate
3112 3476 3179 3542 ",
3208 3491 3271 3531 ea
3304 3490 3395 3529 ar-

1832 3567 1967 3636 guit,
2003 3580 2121 3635 quae
2152 3573 2303 3620 vates
2335 3566 2519 3619 animo
2552 3566 2825 3630 versabat,
2858 3567 3147 3623 consimile
3188 3568 3396 3639 aliquid

1834 3664 1962 3710 tunc
1990 3656 2147 3709 etiam
2177 3654 2254 3708 illi
2294 3657 2638 3711 monstravit.
2664 3655 2719 3709 ln
2745 3659 2887 3710 cervi
2914 3659 3170 3715 cornibus
3192 3668 3395 3716 sancke

1832 3746 2011 3800 crucis
2047 3746 2165 3814 ipso
2197 3746 2309 3802 sole
2340 3746 2497 3816 longe
2524 3746 2907 3816 fnlgentiorem
2948 3748 3199 3819 figuram,
3230 3760 3391 3822 atque

1834 3838 1975 3891 inter
2001 3850 2209 3891 cornua
2240 3836 2408 3890 divini
2450 3838 2534 3892 sui
2572 3838 2846 3906 corporis,
2894 3841 3039 3909 quod
3074 3856 3170 3911 pro
3204 3851 3393 3900 nostra

1833 3928 2262 3987 salutesumere
2306 3926 2564 3996 dignatus
2595 3935 2699 3991 est,
2742 3928 2965 3999 eﬂigicm
3010 3931 3269 4000 ostendit;
3306 3933 3392 3988 in-

1833 4020 2055 4088 ditaque
2089 4033 2252 4072 cervo
2286 4032 2418 4072 voce
2452 4016 2713 4084 humana,
2758 4019 2842 4074 his
2897 4018 3171 4076 Placidam
3206 4025 3393 4081 verbis

1831 4108 2123 4177 compellat
2165 4126 2178 4160 :
2214 4105 2354 4172 Quid
2406 4123 2491 4162 me
2550 4111 2930 4179 persequeris,
2990 4111 3251 4169 Placido?
3309 4116 3392 4174 En

1831 4199 1909 4252 tui
1938 4212 2105 4252 causa
2138 4198 2379 4261 aderam,
2426 4213 2621 4267 meque
2655 4201 2749 4255 tibi
2785 4202 2883 4254 lioe
2917 4204 2967 4255 in
3005 4205 3222 4259 animali
3256 4221 3387 4263 con-

1832 4290 2167 4359 spiciendum
2200 4289 2423 4358 prmbui.
2454 4289 2561 4356 Ego
2588 4306 2708 4344 sum
2741 4290 2902 4348 Jcsus
2924 4293 3197 4361 Christus,
3229 4312 3388 4369 quem

1831 4384 2090 4453 ignorans
2120 4382 2273 4435 colis.
2304 4378 2418 4434 Tua
2450 4396 2579 4450 erga
2611 4396 2882 4451 pauperes
2933 4385 3106 4439 oﬂieia
3154 4401 3386 4460 conspe-

1831 4475 1943 4528 ctui
2010 4487 2130 4528 meo
2165 4472 2454 4541 praesentia
2518 4470 2757 4527 luerunt.
2825 4473 3190 4540 Quamobrem
3246 4479 3387 4538 istuc

156 4560 450 4632 ζωγρῆσαί
483 4576 564 4623 σε,
613 4558 706 4611 καὶ
757 4562 971 4629 συσχεῖν
996 4563 1108 4625 τοῖς
1144 4561 1378 4626 δικτύοις
1404 4565 1501 4633 τῆς
1540 4567 1724 4635 φιλαν-

1832 4565 1973 4627 veni,
2006 4573 2059 4618 ιιι
2112 4580 2207 4633 per
2250 4564 2396 4618 hunc
2439 4580 2656 4620 cervum
2707 4583 2789 4621 me
2842 4569 3205 4635 patefacerem
3267 4575 3388 4642 tibi,

155 4650 417 4725 θρωπίας
468 4667 591 4718 μου.
620 4651 692 4703 οὐ
728 4652 829 4720 γάρ
862 4652 976 4704 ἐστι
1012 4651 1239 4718 δίκαιον,
1288 4656 1379 4707 τὸν
1410 4658 1531 4726 ἐμοὶ
1561 4675 1727 4730 προσ-

151 4742 298 4812 φιλῆ
343 4741 433 4795 διὰ
482 4741 590 4794 τῶν
640 4741 860 4809 ἀγαθῶν
911 4742 1107 4813 ἔργων,
1161 4745 1429 4801 δουλεύειν
1482 4749 1730 4820 δαίμοσιν

150 4830 503 4901 ἀκαθάρτοις
530 4830 623 4884 καὶ
646 4830 883 4894 εἰδώλοις
904 4836 1113 4902 νεκροῖς
1139 4833 1235 4900 καὶ
1256 4838 1475 4905 κωφοῖς.
1503 4839 1601 4893 Διά
1623 4841 1730 4911 γὰρ

97 4929 118 4943 '
147 4917 327 4973 τοῦτο
352 4915 517 4991 ἦλθον
550 4923 641 4974 ἐπὶ
667 4921 767 4990 γῆς
796 4923 854 4976 ἐν
885 4923 961 4993 τῷ
987 4923 1117 4977 εῖδει
1147 4928 1336 4998 τοότῳ,
1378 4923 1420 4996 ᾧ
1450 4930 1542 4983 νῦν
1576 4933 1727 5003 ὁρᾷς,

146 5012 342 5068 σῶσαι
372 5012 543 5067 θέλων
576 5016 637 5067 τὸ
663 5016 769 5068 τῶν
792 5017 1092 5086 ἀνθρώπων
1132 5020 1303 5087 γένος.
1357 5042 1374 5073 ι

142 5272 279 5330 Τοῦ
304 5266 787 5351 ἀγίουᾋεοντίου
808 5252 1163 5351 -Νεαξτόλεως
1188 5280 1294 5348 τῆς
1318 5284 1595 5349 Κυπρίων
1625 5288 1717 5351 νή-

453 5359 589 5412 σου,
617 5348 761 5412 πρὸς
808 5348 1151 5415 Ἰουδαίους,
1178 5359 1218 5403 ε’
1246 5354 1449 5422 λόγου.

225 5450 249 5485 ο
302 5433 451 5507 Φέρε
498 5434 561 5505 δὴ
611 5436 812 5499 λοιπὸν,
855 5440 991 5509 φέρε
1025 5443 1340 5513 προθύμως,
1377 5448 1469 5501 καὶ
1506 5450 1601 5520 τὴν
1633 5453 1728 5521 τῆς

124 5524 533 5588 ἐκτυπώσεως
557 5528 662 5581 τῶν
687 5531 895 5583 σεπτῶν
920 5534 1142 5587 εἰκόνων
1168 5537 1459 5607 ἀπολογίαν
1494 5546 1728 5614 ποιησώ-

124 5614 329 5683 μεθα,
364 5616 514 5678 ὅπως
549 5619 900 5687 ἐμφρασθῶσι
948 5624 1185 5692 στόματα
1231 5627 1464 5698 ἀνόμων,
1507 5632 1727 5686 λαλούν-

124 5721 263 5799 των
319 5705 517 5758 ᾶδικα’
553 5708 745 5780 νομικὴ
784 5711 889 5781 γὰρ
920 5712 1054 5784 αὕτη
1094 5716 1125 5784 ή
1156 5718 1469 5787 παράδοσις,
1503 5724 1592 5776 καὶ
1631 5727 1726 5796 οὐχ

220 5830 271 5857 ⁵⁷
305 5842 476 5897 Num.
506 5860 634 5908 xxii,
668 5847 753 5901 98,

1829 4663 1988 4726 teque
2042 4656 2285 4712 vicissim
2340 4666 2541 4712 venatu
2588 4660 3128 4728 comprehenderem,
3176 4673 3229 4721 et
3275 4667 3389 4723 ele-

1829 4750 2045 4803 mentim
2083 4764 2215 4803 mea:
2241 4749 2490 4818 indagine
2527 4750 2822 4822 cingerent.
2850 4752 2955 4808 Nec
2988 4755 3132 4809 enim
3171 4773 3383 4830 mquum

1830 4837 2015 4903 fuerit,
2053 4848 2109 4891 nt
2138 4854 2295 4907 quem
2323 4840 2391 4892 ob
2432 4850 2578 4894 recte
2614 4841 2889 4911 probeque
2923 4842 3064 4899 facta
3097 4842 3283 4919 diligo,
3339 4852 3389 4907 is

1832 4931 2170 4987 daantonihus
2206 4932 2458 5001 impuris,
2510 4934 2849 5005 mortuisque
2881 4942 2934 4990 et
2984 4938 3168 4994 surdis
3209 4939 3381 4996 simu-

1833 5023 1996 5077 laeris
2040 5022 2259 5078 serviat.
2310 5021 2516 5078 Idcirco
2561 5024 2764 5095 quippe
2796 5026 2861 5081 ad
2894 5035 3092 5091 terras,
3123 5041 3183 5083 ea
3220 5045 3384 5100 quam

1831 5113 2012 5168 cernis
2062 5110 2241 5183 specie
2292 5114 2437 5178 veni,
2483 5124 2539 5166 ιιι
2590 5117 2769 5185 generi
2825 5118 3104 5175 hominum
3155 5122 3382 5180 salutem

1833 5205 2099 5261 afferrent.
2145 5226 2163 5257 ι
2763 5218 2773 5227 ’

1835 5297 2017 5352 Sancti
2069 5297 2267 5352 Leontii
2315 5296 2646 5377 .lycapolisiu
2679 5299 2851 5377 Cypro
2875 5304 3058 5377 insula
3088 5303 3383 5377 [episcopi],

2211 5383 2275 5421 ex
2307 5368 2440 5422 libro
2472 5386 2504 5422 v
2542 5368 2738 5422 Contra
2759 5368 3010 5427 Juda’os.

1904 5480 1921 5511 ‹
1963 5459 2206 5529 Agedum
2254 5458 2515 5529 deinceps
2539 5502 2551 5524 ,
2594 5476 2689 5530 age
2717 5460 2827 5527 jam
2863 5476 3017 5531 atque
3067 5462 3250 5517 animo
3287 5479 3374 5518 ve-

1828 5550 2149 5603 nerabilium
2201 5548 2495 5617 imaginum
2549 5548 2917 5603 defensionem
2972 5550 3373 5620 aggrediamur,

1827 5649 1884 5694 ut
1918 5641 2277 5695 obstruantur
2316 5654 2410 5693 ora
2455 5640 2790 5708 loquentium
2827 5640 3040 5712 iniqua.
3086 5641 3200 5701 Non
3233 5644 3375 5698 enim

1834 5731 2117 5790 inventum
2159 5740 2404 5786 nostrum
2440 5730 2570 5789 illud
2597 5740 2701 5797 est,
2737 5733 2830 5788 sed
2857 5733 2991 5807 legis
3019 5734 3197 5805 potius
3225 5737 3381 5793 iustis
