4172 6490
783 396 918 461 1Ί83

1943 394 2004 452 S.
2045 392 2367 455 JUANNIS
2405 393 2834 455 DAllLASCENl

3909 401 4021 464 lii‘l

781 517 976 560 tutum.
1021 504 1153 557 Nam
1197 503 1362 556 Deum
1406 504 1584 572 ipsum
1627 503 1750 556 amli
1811 502 1976 573 Moysi
2018 505 2343 572 praecipien-

2466 508 2720 576 ἡμετέρα.
2783 510 3049 560 ’Λκουσον
3088 508 3196 578 γὰρ
3248 507 3415 562 αὑτοῦ
3453 509 3545 562 τοῦ
3583 509 3724 564 θεοῦ
3790 511 4025 579 λέγοντος

777 608 909 661 tcm,
971 607 1029 651 ut
1079 597 1326 666 geminas
1375 595 1675 649 Cherubim
1742 596 2008 666 imagines
2067 597 2355 665 sculptiles

792 689 1207 756 ennl'tatilesque
1253 687 1611 752 fabrefaeiat,
1663 687 1864 756 quibus
1919 689 2355 758 propitiatur-ium

781 781 1229 836 obumbraretur.
1270 779 1508 844 Adhzec,
1552 780 1816 850 templum
1885 779 2154 834 Ezechieli
2211 778 2356 834 Deus

781 873 1043 936 ostendit,
1100 872 1248 942 quod
1301 887 1328 925 a
1380 872 1690 941 pavimento
1739 871 1803 925 ad
1864 869 2138 940 laquearis
2199 868 2359 923 fasti.-

780 969 952 1037 gium,
986 965 1276 1036 sculptiles
1311 965 1552 1031 leonum,
1586 966 1908 1034 palmarum,
1934 965 2352 1032 hominumque,

780 1069 834 1116 et
860 1060 1160 1114 Cheruhim
1191 1060 1355 1112 facies
1389 1059 1652 1114 habuisse
1681 1060 1834 1113 dicit.
1855 1057 2148 1114 Terribilis
2177 1059 2357 1127 reipsa

783 1153 870 1205 hic
919 1167 1101 1206 sermo
1149 1159 1254 1203 est.
1304 1151 1444 1205 lleus
1491 1152 1584 1219 qui
1637 1150 1824 1204 lsraeli
1880 1149 2141 1218 iujunxit,
2175 1165 2244 1204 ne
2280 1147 2358 1202 rei

783 1245 970 1305 ullius,
1003 1243 1114 1295 sive
1144 1257 1264 1308 qu:e
1301 1241 1354 1294 in
1387 1242 1565 1304 cmlis,
1598 1242 1713 1296 sive
1746 1256 1869 1311 qua:
1903 1243 1955 1294 in
1989 1249 2137 1295 terra
2166 1241 2357 1305 fuerit,

783 1334 1040 1402 sculptile
1063 1333 1382 1401 quodpiam,
1418 1342 1513 1385 aut
1544 1332 1838 1401 imaginem
1877 1332 2362 1386 similitudinemve

785 1422 1010 1488 faceret,
1066 1425 1182 1493 ipse
1235 1417 1403 1494 Miiysi
1443 1425 1712 1493 prmcipit,
1749 1433 1808 1477 ut
1841 1425 2058 1494 sculpta
2107 1425 2360 1478 animan-

783 1517 877 1575 tia,
935 1516 1256 1580 Cberubim,
1312 1517 1558 1586 inquam,
1618 1515 1866 1570 fabricet.
1917 1515 2175 1582 Quinimo
2226 1516 2360 1572 I'Ize-

781 1607 942 1661 chieli
979 1609 1238 1677 templum
1288 1615 1578 1670 monstrat,
1626 1607 1976 1677 imaginibus,
2025 1609 2363 1679 sculptisque

783 1695 1021 1760 leonum,
1086 1695 1414 1764 palmarum,
1463 1705 1515 1750 et
1565 1697 1852 1750 hominum
1906 1699 2218 1755 simulacris
2274 1715 2360 1755 re-

785 1783 1002 1839 fertum.
1060 1784 1316 1839 Salomon
1362 1785 1490 1840 item
1546 1787 1773 1855 ﬁguram
1810 1787 2362 1859 designationemquc

781 1892 846 1930 ex
889 1876 1005 1945 lege
1040 1883 1346 1942 mutuatus,
1384 1879 1555 1932 aeneis
1595 1878 1782 1942 boum,
1815 1879 2149 1948 palmarum,
2176 1886 2229 1932 et
2262 1879 2360 1934 ho-

782 1967 991 2020 minum
1060 1967 1368 2023 simulacris
1424 1967 1641 2036 plenum
1726 1969 1984 2039 templum
2044 1971 2360 2026 exstruxit:

783 2075 958 2128 neque
1015 2061 1084 2114 ob
1142 2059 1193 2113 id
1253 2076 1482 2130 usquam
1533 2076 1561 2114 a
1623 2060 1730 2117 Deo
1797 2063 2166 2132 reprehensus
2227 2063 2362 2117 fuit.

783 2152 1147 2216 Quamobrem
1207 2153 1251 2206 si
1318 2169 1403 2207 me
1455 2163 1676 2224 propter
1725 2154 1990 2225 imagines
2031 2155 2362 2210 condemna-

786 2258 842 2298 re
902 2245 1005 2307 vis,
1073 2244 1238 2299 Deum
1292 2245 1444 2314 prius
1508 2260 1772 2310 accuses,
1825 2247 2095 2317 qui-hare
2159 2248 2364 2303 idcirco

788 2334 902 2388 ﬁeri
928 2334 1129 2404 jussit,
1159 2345 1216 2388 -ιι
1252 2336 1426 2405 ipsius
1470 2335 1614 2406 apud
1661 2353 1758 2393 nos
1804 2341 2066 2394 memoria
2108 2355 2362 2409 persevc-

786 2435 948 2480 raret.
1007 2445 1023 2478 ι

1103 2518 1269 2592 374Ι
1305 2519 1551 2589 Ejusdem
1579 2537 1641 2576 ea:
1676 2522 1810 2577 libro
1844 2523 2043 2591 quinto.

862 2629 880 2663 ι
923 2608 1090 2666 Nobis
1140 2628 1357 2667 rursum
1393 2615 1652 2680 illudunt,
1703 2617 1851 2684 quod
1904 2615 2199 2684 pretiosam
2236 2630 2366 2670 cru-

786 2718 902 2755 cem
944 2702 1268 2774 divitiasque
1315 2705 1583 2776 imagines
1631 2706 2009 2776 designemus,
2049 2707 2368 2762 adoremus-

787 2809 922 2864 que,
983 2811 1192 2866 uosque
1255 2796 1534 2850 idolorum
1597 2812 1660 2852 ac
1715 2798 2016 2868 ligneorum
2074 2799 2364 2854 numinum

787 2885 1025 2942 cultores
1055 2896 1272 2952 vocant,
1307 2887 1407 2941 viri
1434 2889 1527 2958 qui
1553 2886 1720 2943 Deum
1753 2891 1976 2944 omnino
2001 2905 2106 2944 non
2139 2898 2342 2945 norunt

788 2979 942 3054 Quod
995 2979 1066 3043 si,
1121 2987 1180 3032 ut
1216 2981 1444 3046 asseris,
1480 2979 1676 3047 athee,
1725 2980 1891 3035 Deum
1929 2983 2167 3052 ligneum
2218 2984 2363 3049 colo,

787 3076 934 3123 certe
966 3070 1148 3139 plures
1184 3085 1404 3140 quoque
1441 3085 1689 3125 veneror.
1722 3069 1779 3124 Si
1815 3071 2027 3140 plures,
2058 3073 2248 3142 utique
2273 3075 2366 3128 de~

2461 598 2596 666 πρὸς
2647 599 2917 662 Μωῦσέα,
2964 601 3180 663 εἰκόνας
3215 600 3306 653 δύο
3332 601 3612 672 Χερουϐιμ
3642 603 3909 670 γλυπτῶν
3951 608 4028 657 καί

2459 689 2746 758 χωνευτῶν
2779 677 3210 758 κατασκευᾶσαι,
3248 694 3577 755 σκιαςόντων
3603 693 3663 745 τὸ
3703 695 4026 765 ἱλαστήριον.

2459 782 2570 836 Καὶ.
2611 782 2795 847 πάλιν,
2843 783 2933 835 τὸν
2988 782 3112 837 ναὸν
3167 783 3366 848 ἔδειξεν
3403 788 3432 838 ό
3461 785 3592 850 Θεὸς
3629 786 3711 856 τῷ
3749 787 4026 854 Ίεζεκιὴλ,

2458 874 2672 942 γλυπτὰ
2727 874 3012 945 πρόσωπα,
3063 877 3247 946 φησὶν,
3282 871 3415 946 εἶχε,
3448 877 3696 944 λεόντων,
3736 881 3839 932 καὶ
3879 883 4028 947 got-ai-

2460 982 2591 1027 κων,
2624 962 2718 1017 καὶ
2741 962 3061 1034 ἀνθρώπων,
3098 967 3190 1018 καὶ
3211 966 3509 1036 Χερουϐὶμ,
3543 968 3651 1022 ἀπὸ
3688 969 3783 1020 τοῦ
3815 971 4028 1038 essm;

2460 1055 2627 1109 αὑτοῦ
2656 1057 2759 1118 ἕως
2798 1055 2891 1108 τοῦ
2917 1055 3280 1126 φατνώματος
3316 1057 3417 1126 τῆς
3449 1060 3664 1128 στέγης,
3703 1061 3923 1123 Ὄντως
3945 1080 4030 1128 σοι

2459 1143 2618 1215 ϐερὸς
2649 1147 2676 1198 ό
2699 1145 2872 1214 λόγος.
2910 1146 2968 1203 '0
2989 1145 3132 1209 ﬁsi);
3166 1147 3540 1217 ἐντειλάμενος
3571 1149 3646 1219 τῷ
3709 1151 3935 1220 Ἰσραὴλ
3967 1152 4027 1219 μὴ

2461 1236 2688 1306 ποιῆσαι
2721 1237 2978 1306 γλυπτὺν,
3023 1239 3158 1310 μήτε
3192 1240 3398 1305 εἰκόνα,
3439 1242 3578 1310 μήτε
3603 1242 3888 1311 ὁμοίωμα,
3945 1244 4031 1294 ὅσα

2460 1329 2611 1380 ἐστὶν
2634 1330 2691 1383 ἐν
2710 1330 2788 1400 τῷ
2813 1331 3048 1401 οὐρανῷ,
3073 1331 3167 1384 καὶ
3190 1333 3290 1384 ὅσα
3316 1333 3461 1385 ἐστὶν
3505 1333 3597 1385 ἐπί
3641 1335 3746 1402 τῆς
3792 1334 3920 1402 γῆς,
3952 1335 4032 1384 αὖα

2460 1420 2555 1484 τὸς
2615 1424 2949 1491 προστάσσει
2987 1424 3064 1494 τῷ
3118 1426 3322 1494 Μωῦσῇ
3384 1426 3609 1493 ποιῆσαι
3657 1425 3885 1493 γλυπτὰ
3935 1424 4036 1487 ζῶα

2461 1513 2761 1583 Χερουϐἰμ·
2789 1515 2883 1567 καὶ
2911 1514 3259 1585 τῷΊεζεκιὴλ
3278 1517 3459 1586 πλήρη
3475 1519 3710 1580 ,εἰκόνων
3730 1519 3826 1569 καὶ
3859 1518 4036 1585 ὄνομα·

2461 1623 2568 1659 των
2591 1607 2617 1646 b
2666 1606 2944 1674 γλυπτῶν,
2975 1607 3224 1670 λεόντων,
3259 1609 3350 1660 καὶ
3388 1609 3665 1676 φοινίκων,
3701 1610 3799 1661 καί
3837 1609 4035 1677 ἀνθρώ·

2466 1715 2602 1762 πων,
2633 1697 2874 1751 δείκνυσι
2905 1697 2996 1751 τὸν
3027 1699 3153 1752 ναδν
3180 1703 3207 1752 ὁ
3235 1700 3394 1762 Θεός·
3425 1701 3518 1752 καὶ
3562 1700 3846 1769 Σολομὼν,
3879 1703 3940 1752 ὲκ
3963 1705 4041 1755 νό-

2469 1806 2569 1860 μου
2603 1788 2783 1841 λαϐὼν
2830 1789 2891 1841 τὸ
2938 1789 3196 1859 τύπωμα,
3248 1790 3430 1860 πλήρη
3481 1792 3756 1860 πεποίηκε
3798 1792 3891 1843 τὸν
3930 1792 4038 1843 ναὸν

2464 1880 2681 1951 χαλκῶν
2706 1881 2983 1948 γλυπτῶν,
3037 1883 3194 1952 βοῶν,
3235 1884 3330 1936 καὶ
3375 1885 3632 1951 φοινίκων
3659 1925 3673 1949 ,
3713 1885 3810 1934 καὶ
3841 1882 4038 1953 ἀ·ιῦρὼ-

2465 1989 2602 2037 πων,
2635 1973 2729 2026 καὶ
2754 1972 2813 2024 οὐ
2846 1973 3198 2043 κατεγνώσθη
3244 1975 3348 2026 ὑπὸ
3395 1974 3487 2026 τοῦ
3515 1974 3648 2026 Θεοῦ
3677 1976 3738 2026 ὲν
3762 1976 3962 2041 τούτῳ.
3991 1974 4038 2025 ΕΞ

2463 2063 2643 2117 τοίνυν
2690 2062 2825 2133 ἐμοῦ
2884 2062 3322 2131 καταγινώσκειν
3371 2064 3546 2128 θέλεις
3605 2066 3740 2136 στερί
3805 2067 4038 2132 εἰκόνων,

2465 2155 2885 2228 προκατὰγνωθι
2920 2155 3011 2208 τοῦ
3055 2154 3189 2208 Θεοῦ
3236 2154 3410 2208 ταῦτα
3449 2161 3623 2209 ποιεῖν
3664 2156 4038 2220 κελεύσαντος,

2463 2249 2538 2314 ὡς
2567 2248 2872 2320 ὑπόμνησιν
2907 2245 3072 2300 αὐτοῦ
3106 2230 3246 2300 εἰναι
3287 2246 3419 2316 παρ’
3461 2249 3615 2317 ἡμῖν.
3662 2265 3682 2299 ι

2682 2516 2792 2571 Τοῦ
2821 2516 3029 2580 αὐτοῦ,
3070 2516 3138 2569 ἐκ
3167 2517 3274 2571 τοῦ
3311 2515 3583 2585 πέμπτου
3619 2518 3835 2586 λόγου.

2544 2626 2564 2660 ι
2600 2607 2768 2661 Πάλιν
2800 2608 2948 2678 ἡμᾶς
2979 2607 3326 2670 διαπαίζουσι
3358 2609 3485 2678 περὶ
3523 2606 3615 2660 τοῦ
3653 2610 3852 2678 τιμίου
3891 2627 4048 2664 στα-,ι-

2471 2700 2585 2770 ροῦ,
2618 2701 2711 2754 καὶ
2740 2699 2840 2769 τῆς
2878 2701 2987 2753 τῶν
3035 2698 3390 2753 θεοτυπώτων
3419 2700 3642 2764 εἰκόνων
3692 2703 4047 2770 σημειώσεώς

2465 2809 2523 2844 τε
2547 2793 2640 2846 καὶ
2678 2793 3118 2862 προσκυνήσεως,
3161 2789 3546 2859 εἰδωλολάτραις
3581 2791 3727 2858 ἡμᾶς
3764 2791 3868 2844 καὶ
3904 2793 4047 2855 ξυλο-

2466 2883 2622 2945 Θὲους
2642 2882 3022 2953 ὀνομάζοντες,
3047 2880 3410 2933 οἰνπανάοεοι.
3442 2880 3504 2932 Εἰ
3532 2879 3590 2931 δὲ
3623 2880 3886 2944 ξυλόθεός
3921 2883 4047 2950 εἰμι,

2466 2977 2540 3039 ὡς
2563 2976 2763 3044 λέγεις,
2786 2975 2935 3039 ἄθεε,
2972 2973 3066 3026 καὶ
3095 2971 3355 3035 πολύϐεος
3404 2972 3638 3035 πάντως.
3681 2973 3744 3024 ΕΞ
3792 2973 3856 3025 δὲ
3891 2975 4049 3026 πολὺ·

2468 3066 2608 3130 θεος,
2662 3067 2828 3136 ὲχρῆν
2864 3081 2932 3135 με
2991 3063 3207 3126 πάντως
3242 3063 3481 3132 ὀμνύντα
3523 3063 3741 3130 λέγειν·
3781 3066 3887 3119 Μὰ
3919 3066 4053 3130 τεὺς

782 3159 1014 3230 jcraudo
1066 3161 1278 3227 dixero,
1339 3160 1440 3215 Per
1487 3161 1610 3216 deos
1649 3175 1666 3214 :
1703 3163 2162 3231 quemadmodum
2195 3175 2246 3218 et
2279 3173 2359 3232 tu,

2467 3159 2662 3222 θεοὺς,
2715 3155 2967 3226 καθάπερ
3014 3155 3107 3208 καὶ
3161 3155 3225 3207 σὺ
3253 3154 3348 3206 ἕνα
3385 3152 3524 3223 ὁρῶν
3555 3155 3784 3224 μόσχον,
3829 3156 4048 3222 ἔλεγες·

786 3252 1063 3321 quondam
1095 3252 1328 3304 vitulum
1361 3268 1531 3306 unum
1559 3252 1854 3322 aspiciens,
1885 3253 2072 3309 aiebas
2101 3273 2113 3308 :
2143 3252 2214 3307 Hi
2243 3265 2362 3309 sunt

787 3340 864 3394 dii
915 3341 1014 3407 tui,
1073 3340 1245 3396 Israel
1296 3342 1361 3396 ".
1406 3344 1472 3395 At
1529 3343 1801 3412 ejusmodi
1851 3343 2236 3413 jusjurandum
2298 3363 2366 3403 ex

789 3449 884 3490 ore
940 3435 1379 3491 Christianorum
1431 3449 1487 3493 te
1541 3439 1820 3494 audivisse
1857 3443 2176 3510 neutiquam
2215 3457 2365 3496 asse-

790 3527 1017 3582 veraris.
1087 3527 1284 3582 Verum
1341 3528 1604 3588 adultera:
1669 3531 1966 3603 Syuagogre
2019 3535 2364 3590 consuetudo

789 3627 894 3684 est,
928 3628 984 3672 ut
1031 3620 1400 3675 eastissimam
1444 3621 1648 3676 Christi
1685 3621 2019 3689 Ecclesiam,
2047 3639 2147 3680 ceu
2184 3640 2364 3681 mere-

792 3710 983 3782 tricem
1017 3710 1262 3765 infamet.
1303 3728 1320 3760 ι

869 3799 1142 3868 Ejusdem.
1183 3820 1200 3852 ι
1243 3800 1429 3872 Neque
1456 3804 1599 3858 enim
1623 3813 1938 3860 sanctorum
1968 3805 2194 3870 formas,
2232 3805 2367 3860 ima-

792 3891 946 3962 gines
977 3901 1029 3947 et
1065 3893 1262 3963 ﬁguras
1309 3895 1387 3948 uti
1422 3895 1558 3951 deos
1621 3898 1934 3952 adoramus.
1979 3897 2112 3951 Nam
2159 3900 2203 3953 si
2246 3907 2366 3952 tan-

792 3997 956 4053 quam
993 3982 1157 4037 Dcum
1191 3985 1425 4054 ligneam
1477 3987 1767 4058 imaginem
1797 3988 2176 4054 ador-aremus,
2211 4005 2368 4044 eum-

792 4073 914 4126 dem
947 4072 1175 4126 omnino
1208 4073 1414 4127 cultum
1463 4076 1693 4145 reliquis
1733 4080 1898 4131 etiam
1935 4077 2101 4146 lignis
2138 4079 2366 4134 exhibe-

794 4180 998 4228 remus,
1048 4181 1246 4234 ueque,
1276 4176 1334 4220 ut
1364 4183 1508 4237 saepe
1539 4169 1830 4240 contingit,
1867 4170 2159 4240 imaginem
2195 4170 2367 4226 forma

791 4257 965 4312 deleta
1015 4260 1488 4314 eomhureremus.
1531 4260 1595 4314 Et
1630 4277 1871 4327 rursum,
1925 4261 2169 4332 quandiu
2222 4262 2367 4332 ligna

791 4350 973 4405 erucis
1039 4359 1291 4420 coaptata
1366 4362 1613 4417 manent,
1686 4353 1916 4406 formam
1994 4353 2140 4406 illam
2195 4354 2365 4409 adoro

793 4455 1012 4511 propter
1040 4459 1164 4497 eum
1198 4447 1288 4514 qui
1327 4445 1631 4499 cruciﬁxus
1665 4444 1799 4498 fuit:
1835 4444 1924 4497 ubi
1959 4459 2086 4498 vero
2117 4446 2366 4513 seiuncta

796 4506 1019 4599 fuerint,
1055 4506 1240 4589 eadem
1280 4537 1480 4606 abjieio
1513 4547 1675 4606 atque
1699 4537 1982 4590 eomhuro.
2012 4536 2078 4589 Et
2103 4506 2366 4605 quemad-
2399 4506 2443 4561 θ

795 4627 1036 4690 modum,
1063 4627 1154 4696 qui
1189 4629 1540 4698 imperatoris
1565 4628 1804 4683 edictum
1833 4629 2184 4699 obsignatum
2218 4627 2367 4681 acci-

796 4720 893 4788 pit,
929 4719 1276 4786 sigillumque
1308 4720 1615 4784 osculatur,
1647 4719 1692 4772 is
1724 4733 1831 4770 non
1863 4718 2058 4779 lutum,
2089 4716 2368 4770 chartam-

795 4824 880 4867 νο.
919 4815 1013 4860 aut
1046 4807 1329 4875 plumbum
1357 4816 1674 4872 veneratur,
1709 4808 1806 4861 scd
1843 4806 2155 4876 imperatori
2184 4806 2367 4873 potius

795 4899 1058 4951 honorem
1093 4894 1272 4951 defert
1307 4906 1361 4950 et
1403 4897 1825 4960 adorationcm;
1862 4896 1944 4951 sic
1993 4909 2096 4950 uos
2144 4909 2366 4964 quoque

795 4986 1118 5050 Christiani,
1173 4987 1354 5040 erucis
1415 4986 1648 5041 formam
1707 4985 2015 5050 adoranda,
2069 5001 2181 5038 non
2239 4985 2368 5055 ligni

797 5080 1103 5142 materiam,
1166 5079 1262 5133 sed
1328 5080 1503 5150 magis
1555 5080 1926 5148 signaculum,
1985 5078 2245 5131 annulum
2317 5086 2372 5132 ct

797 5173 1169 5225 characterem
1215 5170 1423 5223 Christi
1476 5171 1656 5240 ipsius
1706 5171 2092 5238 respicientes,
2132 5183 2227 5236 per
2279 5184 2371 5221 ea-

797 5263 915 5313 dem
972 5262 1122 5315 illum
1172 5265 1267 5332 qui
1316 5261 1468 5316 cruci
1522 5259 1715 5314 aﬁixus
1776 5259 1899 5323 fuit,
1961 5258 2269 5314 salutamus
2318 5269 2374 5314 et

800 5353 1110 5410 adoramus.
1143 5373 1160 5406 ι

893 5569 911 5594 ⁶
945 5576 1112 5631 Exod.
1144 5595 1313 5638 xuii,
1342 5582 1392 5634 ἰ.

2470 3245 2645 3304 Οὗτοι
2681 3249 2736 3300 οὶ
2776 3245 2897 3301 υέοι
2942 3259 3084 3310 σου,
3119 3243 3357 3313 Ἰσραήλ
3380 3261 3392 3272 ·
3426 3245 3540 3297 ἀλλ’
3599 3245 3700 3297 οὐκ
3755 3245 4052 3313 ἀξιωθείης

2465 3343 2624 3396 τοῦτο
2673 3341 2822 3411 παρὰ
2869 3339 3209 3410 Χριστιανῶν
3260 3339 3544 3408 στομάτων
3585 3338 3834 3392 ἀκοῦσαί
3890 3358 4050 3392 ταλιτε·

2466 3434 2580 3488 ἀλλ’
2607 3434 2839 3487 εἴθισται
2868 3435 2956 3486 ἀεὶ
2986 3435 3018 3502 ἠ
3052 3430 3300 3502 μοιχαλὶς
3328 3431 3420 3483 καί
3448 3430 3676 3492 ἄπιστος
3725 3431 4053 3500 Συναγωγή,

2467 3525 2562 3596 τὴν
2609 3525 2978 3596 πανσώφρονα.
3027 3521 3266 3595 Χριστοῦ
3320 3519 3675 3591 Ἐκκλησίαν,
3715 3520 3796 3583 ὡς
3851 3523 4053 3592 πόρνη-δ

2465 3614 2824 3685 διατορεύειν.
2858 3631 2878 3665 ι

2541 3795 2651 3850 Τοῦ
2687 3793 2889 3848 αὑτοῦ.
2918 3809 2937 3843 ι
2976 3790 3109 3846 Οὐδὲ
3134 3788 3243 3859 γὰρ
3270 3787 3400 3858 παρ’
3429 3785 3605 3855 ἡμῶν,
3629 3785 3708 3846 ὼς
3737 3784 3868 3837 ego".
3899 3803 4058 3856 προσο

2469 3886 2754 3939 κυνοῦνται
2794 3884 2845 3934 οἰ
2894 3880 3002 3932 τῶν
3055 3879 3226 3945 ἁγίων
3264 3875 3628 3944 χαρακτῆρες,
3688 3873 3789 3924 καὶ
3830 3874 4060 3934 εἰκόνες,

2468 3977 2562 4030 καὶ
2591 3976 2772 4028 τύποι.
2817 3974 2878 4024 Εἰ
2911 3971 3019 4041 γὰρ
3045 3970 3119 4032 ὠς
3151 3967 3271 4037 Θεῷ
3303 3963 3754 4037 προσεκυνοῦμεν
3795 3965 3882 4033 τῷ
3927 3965 4062 4031 Ei‘u}

2467 4068 2566 4138 τῆς
2604 4065 2830 4129 εἰκόνος,
2889 4061 3191 4131 ἐμέλλομεν
3248 4058 3466 4119 πάντως
3525 4056 3617 4108 καὶ
3669 4057 3786 4117 τοῖς
3858 4058 4064 4116 λοιποῖς

2469 4156 2796 4226 προσκυνεῖν
2833 4152 3028 4216 ξύλοις,
3066 4150 3162 4204 καὶ
3180 4149 3279 4218 οὐχ
3309 4149 3382 4211 ὡς
3414 4146 3696 4207 πολλάκις,
3732 4146 4063 4205 λεανθέντος

2467 4245 2560 4299 τοῦ
2597 4243 2974 4315 χαρακτῆρος,
3022 4240 3100 4309 τῷ
3139 4240 3272 4308 πυρί
3304 4238 3402 4306 τὴν
3445 4236 3624 4288 εἰκόνα
3655 4236 4062 4305 κατεκαίομε».

2468 4340 2580 4393 Καὶ
2609 4337 2793 4401 πάλιν,
2828 4337 2932 4397 ἕως
2969 4335 3069 4404 μὲν
3117 4334 3230 4384 ἔστι
3271 4328 3623 4398 συνδεδεμένα
3667 4329 3738 4379 τὰ
3788 4329 3940 4394 ξύλα
3985 4328 4066 4380 τεί

2471 4426 2731 4498 σταυροῦ,
2764 4425 3055 4496 προσκυνῶ
3077 4423 3166 4474 τὸν
3188 4421 3356 4473 τύπον
3384 4419 3471 4471 δια
3500 4419 3589 4470 τὸν
3619 4420 3678 4469 ὲν
3705 4418 3874 4486 αὐτῷ
3913 4436 4068 4470 31L-

2471 4517 2712 4590 ρωοέντα
2738 4515 2991 4586 Χριστὸν,
3030 4512 3166 4564 ἐπὰν
3211 4510 3266 4563 δὲ
3292 4508 3635 4579 διαιρεθῶσιν
3677 4507 3738 4570 ἐξ
3785 4510 4068 4576 ἀλλήλω..

2473 4611 2651 4680 ῥιπτω
2701 4606 2844 4660 αὐτὰ
2890 4606 2983 4658 καί
3017 4602 3319 4658 κατακαίω.
3376 4600 3487 4652 Καὶ
3519 4598 3712 4667 ὥσπερ
3742 4602 3776 4651 ὁ
3816 4601 4069 4651 κέλεαι,

2473 4703 2735 4776 βασιλέως
2765 4699 3054 4768 δεξάμενος
3080 4694 3545 4766 ὲσφραγισμένην,
3578 4693 3673 4743 καὶ
3723 4693 4073 4761 ἀσπασάμε-

2470 4815 2558 4860 νος
2588 4795 2683 4865 τὴν
2719 4791 3011 4862 σφραγὶδα,
3033 4791 3093 4841 οὑ
3115 4788 3202 4840 τὸν
3225 4787 3395 4855 πηλὸν
3412 4786 3690 4854 ὲτίμησεν,
3715 4787 3784 4837 οῦ
3821 4789 3922 4840 τὸν
3947 4789 4074 4854 χαρ-

2469 4906 2590 4958 την,
2626 4887 2659 4956 ἢ
2709 4884 2799 4936 τὸν
2851 4881 3116 4952 μόλιϐδον,
3151 4878 3286 4930 ἁλλᾶ
3337 4876 3411 4947 τῷ
3446 4875 3657 4944 βασιλεῖ
3691 4877 3994 4946 ἀπένειμε
4027 4877 4074 4926 τὲ

2473 4980 2638 5040 σέϐας
2689 4977 2782 5028 καὶ
2811 4975 2910 5044 τὴν
2950 4971 3321 5042 προσκύνησιν
3344 4986 3358 5000 ·
3406 4968 3547 5020 οὓτω
3577 4968 3671 5018 καὶ
3706 4968 4079 5036 Χριστια-κίρ

2468 5071 2691 5131 παῖδες,
2733 5065 2811 5136 τῷ
2837 5065 2992 5133 τύπῳ
3042 5062 3136 5114 τοῦ
3185 5059 3421 5129 σταυροῦ
3475 5058 3984 5127 προσκυνοῦντες,
4027 5061 4074 5109 οξ

2467 5163 2566 5230 τὴν
2605 5159 2766 5228 φύσιν
2797 5156 2888 5209 τοῦ
2920 5155 3076 5221 ξύλου
3109 5150 3545 5221 προσκυνοῦμεν,
3585 5148 3724 5201 ἀλλὰ
3765 5166 3848 5216 3:;
3859 5151 4078 5219 9.1.7553.

2470 5255 2565 5306 καὶ
2591 5248 2897 5311 δακτύλιον,
2929 5248 3024 5298 καὶ
3066 5246 3389 5314 χαρακτῆρα
3424 5239 3661 5311 Χριστοῦ
3717 5241 3922 5294 αὐτοῦ
3987 5241 4082 5307 Li}:-

2479 5361 2690 5407 ποντες,
2715 5341 2782 5393 δι’
2813 5339 2979 5393 αὐτοῦ
3015 5338 3103 5389 τὸν
3125 5341 3182 5390 ὲν
3211 5335 3357 5405 αὐτῷ
3394 5331 3790 5402 σταυρωθέντα
3831 5335 4082 5394 ἀσπαζο-

2483 5436 2624 5502 μεθει.
2653 5434 2745 5486 καὶ
2771 5429 3202 5502 προσκυνοῦμεν.
3245 5446 3261 5474 ι

2075 5667 2302 5720 VARUS
2342 5662 2741 5717 LECTIONES.

873 5806 896 5842 δ
927 5803 1064 5873 Lego
1093 5808 1471 5874 ὀμοιωμὰτων,
1508 5818 1556 5858 ιιι
1601 5804 1764 5856 linus
1796 5815 1842 5854 et
1879 5803 2035 5854 Tilm.
2081 5814 2130 5854 et
2166 5802 2217 5853 in
2252 5809 2355 5852 act.
2388 5801 2416 5851 ’ἵ
2457 5812 2576 5866 syri.
