4172 6490
213 474 331 543 I385

1276 476 1374 535 DE
1412 475 1871 542 IMAGINIBUS
1901 469 2183 531 ORATIO
2212 469 2325 528 III.

3281 463 3416 527 1386

276 581 376 637 Τοῦ
404 579 610 636 αὑτοῦ.
635 597 654 631 t
679 579 791 632 Καὶ
817 578 905 631 διὰ
930 575 1087 630 τοῦτο
1118 577 1372 647 Χριστὸν,
1398 580 1493 632 καί
1523 579 1594 632 τὰ
1618 579 1752 651 Χρι-
1784 632 1785 637 η

1932 575 2202 642 Ejusdem.
2243 588 2262 619 ι
2300 570 2477 636 Atque
2530 581 2648 621 eant
2708 568 2778 619 ob
2830 578 3051 620 causam
3106 562 3415 628 Christum.

210 670 319 723 ατοῦ
349 669 494 741 πάθη
514 707 530 733 ,
560 671 621 721 ὲν
660 667 999 737 ἐκκλησίαις,
1033 667 1125 719 καὶ
1164 668 1351 729 οῖκοις,
1379 667 1474 720 καὶ
1506 668 1751 737 ἀγοραῖς,

193 748 289 814 ’καὶ
314 761 370 812 ὲν
391 759 584 822 εἰκόσι,
624 759 720 811 καὶ
740 759 798 809 ἑν
834 757 1053 821 σινδόνι,
1088 757 1181 809 καὶ
1207 759 1264 808 ὲν
1294 758 1559 826 ταμείοις,
1584 758 1679 809 καὶ
1699 759 1755 809 ὲν

208 849 447 918 ἰματίοις,
480 850 574 901 καὶ
607 851 665 902 ὲν
696 849 858 900 παντὶ
888 847 1039 915 τόπῳ
1072 844 1294 898 ὲκτυπῶ
1327 847 1419 898 καὶ
1447 846 1753 915 διαγράφω,

209 941 284 994 ίνα
310 939 568 1005 διηνεκῶς
598 938 739 1008 ὀρῶν
765 937 958 1001 ταῦτα,
986 936 1517 1006 ἀναμιμνήσκωμαι,
1557 937 1649 987 καὶ
1681 939 1755 1005 μὴ

206 1029 559 1099 ἐπιλάθωμαι,
612 1028 803 1099 ὥσπερ
841 1032 905 1082 σὺ
951 1027 1215 1081 ἔπελάοου
1265 1028 1466 1097 κυρίου
1501 1026 1596 1078 τοῦ
1621 1026 1758 1080 Θεοῦ

209 1137 294 1176 σου
319 1119 421 1173 ἀεί.
460 1120 570 1174 Καὶ
597 1119 784 1193 ῶσπερ
808 1121 873 1172 σὺ
905 1117 1222 1188 προσκυνῶν
1244 1118 1303 1170 τὸ
1333 1117 1535 1187 βιϐλίον
1560 1119 1655 1170 τοῦ
1676 1119 1761 1170 νό-

108 1216 115 1221 ’
210 1226 327 1281 μου,
356 1210 417 1263 ού
454 1211 554 1279 τὴν
582 1212 743 1278 φύσιν
786 1209 898 1263 τῶν
940 1210 1224 1278 δερμάτων
1273 1208 1367 1260 καὶ
1406 1207 1499 1260 τοῦ
1536 1209 1760 1278 μέλανος

211 1302 549 1370 προσκυνεῖς,
582 1300 719 1353 ἀλλὰ
744 1301 868 1363 τοὺς
902 1299 1092 1366 λόγους
1128 1298 1224 1351 τοῦ
1265 1297 1399 1351 Θεοῦ
1433 1300 1558 1360 τοὺς
1581 1301 1762 1365 ὲγκειο

212 1389 399 1461 μένους
426 1391 485 1444 ὲν
516 1390 684 1461 αὐτῷ,
723 1390 894 1447 οὕτως
925 1388 1079 1455 κάγὼ
1101 1391 1166 1459 τῇ
1197 1389 1367 1441 εἰκόνι
1399 1389 1491 1442 τοῦ
1523 1390 1762 1459 Χριστοῦ

208 1479 520 1549 προσκυνῶ,
552 1480 615 1533 ού
649 1483 716 1550 τῇ
754 1478 912 1548 φύσει
938 1464 1033 1532 τοῦ
1074 1479 1229 1543 ξύλου
1259 1481 1351 1532 καὶ
1384 1481 1494 1533 τῶν
1539 1481 1765 1550 χρωμά-

209 1584 311 1624 των
328 1572 349 1600 ’“
378 1569 455 1639 μὴ
484 1569 729 1639 γένοιτοι
775 1569 890 1623 ἀλλ’
940 1569 1132 1638 ἀψύχῳ
1180 1570 1484 1638 χαρακτῆρι
1531 1568 1766 1639 Χριστοῦ

210 1657 544 1727 προσκυνῶν,
575 1658 642 1711 δι’
682 1658 848 1711 αὑτοῦ
870 1697 885 1721 ,
928 1658 1089 1710 αὐτὸν
1120 1658 1353 1728 Χριστὸν
1376 1660 1519 1711 δοκῶ
1552 1662 1768 1743 κρατεῖν
1796 1680 1800 1685 α

210 1747 302 1800 καὶ
319 1750 662 1817 προσκυνεῖν.
686 1750 795 1802 Καὶ
820 1749 1009 1819 ῶσπερ
1051 1748 1243 1802 Ἰακὼϐ
1285 1748 1577 1819 δεξάμενος
1622 1748 1768 1819 παρὰ

207 1837 315 1893 τῶν
350 1839 595 1908 ἀδελφῶν
633 1840 728 1892 τοῦ
794 1839 991 1909 Ἰωσὴφ
1020 1839 1113 1890 τὸν
1140 1837 1341 1907 χιτῶνα
1383 1839 1472 1891 τὸν
1525 1839 1766 1890 ποικίλον

1854 662 2172 730 Christique
2227 659 2534 728 passionem
2583 657 2637 708 in
2687 656 2956 716 ecclesiis,
2994 657 3046 707 in
3098 655 3329 719 sedibus,
3364 656 3417 709 in

1859 755 2018 816 foris,
2070 754 2123 806 in
2175 751 2397 814 tabulis,
2447 751 2499 802 in
2545 749 2759 810 linteis,
2818 748 2871 799 in
2921 747 3202 799 cubilibus
3253 757 3309 800 ct
3364 747 3419 800 in

1857 849 2129 910 vestibus,
2172 858 2335 914 atque
2380 845 2433 896 in
2478 843 2627 895 omni
2662 842 2783 895 loco
2808 842 3055 909 exprime
3081 849 3133 895 et
3166 840 3418 908 designn,

1859 948 1917 992 ut
1972 953 2065 1007 per
2122 938 2439 989 continuam
2506 933 3026 992 considerationem,
3101 932 3421 985 memoriam

1858 1042 2045 1082 eorum
2087 1026 2466 1095 perfricemus.
2505 1038 2603 1077 nec
2636 1036 2875 1091 unquam
2911 1022 3322 1084 obliviscamur,
3368 1030 3424 1073 ut

1859 1126 1916 1169 tu
1959 1133 2172 1186 semper
2224 1118 2428 1170 oblitus
2480 1132 2539 1170 es
2605 1115 2819 1168 Domini
2874 1113 2967 1167 Dei
3017 1113 3116 1166 tui.
3167 1112 3426 1177 Quinimn

1861 1208 2049 1271 veluti,
2085 1223 2210 1261 cum
2248 1209 2495 1260 volumen
2544 1206 2680 1275 legis
2735 1206 2964 1266 adoras,
3014 1220 3120 1257 non
3159 1204 3428 1257 membra-

1864 1314 2056 1351 narum
2087 1308 2141 1353 et
2181 1300 2471 1353 atramenti
2506 1308 2757 1363 naturam
2801 1298 3024 1357 adoras,
3054 1296 3146 1348 sed
3188 1295 3281 1347 Dei
3309 1308 3430 1348 sero

1867 1379 2056 1447 mones
2108 1394 2201 1461 qui
2256 1394 2309 1447 in
2351 1407 2416 1447 eo
2472 1392 2661 1461 scripti
2715 1399 2877 1456 sunt;
2941 1390 3213 1444 consimili
3271 1389 3432 1441 modo

1864 1482 2068 1538 Christi
2130 1482 2421 1551 imaginem
2478 1482 2669 1542 adoro,
2726 1492 3071 1548 nequaquam
3126 1492 3252 1531 vero
3298 1478 3431 1544 ligni

1867 1574 2185 1626 colorumve
2221 1581 2511 1637 naturam;
2549 1572 2726 1625 alisit!
2762 1570 2856 1625 sed
2895 1569 3192 1653 inanimam
3221 1563 3431 1621 Christi

1870 1660 2099 1728 ﬁguram
2133 1661 2390 1721 adorans,
2437 1673 2530 1726 per
2576 1673 2694 1710 eam
2737 1656 2872 1709 mihi
2925 1655 3115 1709 videor
3144 1656 3436 1724 ipsummet

1869 1750 2149 1804 Christum
2204 1748 2491 1816 complecti
2545 1757 2594 1799 et
2636 1747 2885 1799 adorare.
2936 1748 3005 1797 At
3053 1745 3194 1799 sieut
3242 1742 3433 1801 Jacob.

1870 1854 1995 1890 cum
2030 1854 2059 1890 a
2092 1836 2312 1905 Josepbi
2357 1837 2620 1890 fratribus
2669 1838 2761 1904 qui
2817 1836 2996 1905 ipsum
3048 1833 3434 1893 vendiderant,

208 1928 543 1999 ᾑμαγμένον,
578 1931 667 1983 ὅτε
699 1930 1012 1999 ὲπίπρασαν
1035 1929 1125 1982 τὸν
1160 1928 1355 2002 Ἰωσὴφ
1376 1967 1393 1989 ,
1439 1927 1765 1996 κατεφίλησε

1882 1930 2073 2003 variam
2109 1928 2354 1995 ejusdem
2385 1928 2632 1979 tunicam
2667 1927 2934 1995 sanguine
2967 1933 3251 1978 cruentam
3284 1938 3438 1976 rece-

209 2014 421 2078 πάντως
464 2019 553 2069 τὸν
596 2018 797 2087 χιτῶνα
828 2019 964 2087 μετά
994 2017 1266 2087 δακρύων,
1309 2017 1401 2069 καὶ⁵
1430 2018 1539 2079 τοῖς
1569 2018 1767 2085 ὀφθαλ-

114 2174 117 2177 ,
208 2104 327 2171 μοῖς
352 2106 464 2166 τοῖς
492 2104 638 2168 ἰδίοις
664 2104 854 2159 τοῦτον
875 2104 1089 2174 ἔθηκεν,
1118 2106 1178 2157 ού
1199 2104 1260 2157 τὸ
1290 2104 1506 2175 ἰμάτιον
1532 2104 1766 2175 θρηνῶν,

206 2191 342 2246 ἀλλά
372 2194 439 2245 δι’
465 2194 632 2248 αὐτοῦ
676 2196 765 2249 τὸν
816 2196 1013 2266 Ἰωσὴφ
1043 2195 1276 2263 νομίζων
1309 2195 1649 2261 καταφιλεῖν,
1678 2195 1773 2248 καὶ

204 2283 270 2336 ἀν
294 2286 477 2353 χερσῖν
507 2284 667 2338 αὐτὸν
689 2285 962 2355 κατέχειν·
981 2285 1125 2338 οὕτω
1153 2287 1244 2337 καὶ
1276 2283 1614 2353 Χριστιανῶν
1642 2287 1771 2336 παῖ·

202 2372 297 2435 δας
355 2374 541 2426 εἰκόνα
569 2372 831 2443 Χριστοῦ,
856 2374 889 2442 ἢ
912 2374 1230 2439 ἀποστόλου,
1255 2373 1286 2443 ἢ
1316 2375 1589 2444 μάρτυρος
1642 2389 1774 2427 κατ-

126 2470 129 2473 ’
205 2462 575 2533 ἀσπαζόμενοι
595 2466 659 2535 τῇ
690 2466 871 2535 σαρκὶ,
884 2466 948 2535 τῇ
965 2464 1111 2535 ψυχῇ
1133 2463 1424 2534 νομίζομεν
1447 2464 1611 2517 αὑτὸν
1635 2465 1776 2516 ἐκεῖ-

206 2564 299 2606 νον
334 2546 423 2604 τὸν
498 2552 754 2623 Χριστὸν,
798 2553 831 2622 ἢ
868 2553 957 2606 τὸν
998 2554 1253 2623 μάρτυρα
1318 2553 1481 2606 αὑτοῦ
1536 2552 1777 2617 ἀσπάζεο

208 2638 428 2697 dan...
446 2642 534 2705 ὀς
554 2642 686 2710 γοῦν
717 2643 973 2706 πολλάκις
996 2640 1168 2707 εἷπον,
1191 2644 1220 2696 ό
1246 2644 1445 2706 σκοπὸς
1467 2643 1777 2708 ἐξετάζεται

206 2729 302 2787 ἐπὶ
326 2732 525 2794 παντὸς
544 2732 859 2804 ἀσπασμοῦ,
876 2735 970 2786 καὶ
996 2734 1089 2786 ἐπὶ
1118 2733 1299 2802 πάσης
1330 2735 1776 2804 προσκυνήσεως.

207 2820 278 2877 Εἰ
298 2820 357 2875 δι
391 2822 515 2892 ιμοὶ
555 2823 828 2890 ἐγκαλεῖς,
875 2824 1069 2892 λέγων,
1102 2825 1183 2876 ὃτι
1214 2824 1505 2896 προσκυνῶ
1530 2824 1610 2893 τῷ
1640 2823 1780 2893 ξύλῳ

205 2910 305 2965 τοῦ
340 2911 594 2983 σταυροῦ,
628 2912 717 2967 διὰ
748 2914 801 2966 τί
845 2914 944 2968 οὐκ
966 2913 1213 2981 ἐγκαλεῖς
1253 2914 1327 2982 τῷ
1370 2912 1586 2978 Ἰακὼϐ,
1622 2932 1782 2984 προσ-

208 3004 504 3073 οωνήσαντι
554 3006 647 3057 ἐπὶ
701 3004 761 3055 τὸ
798 3004 967 3075 ἀκρον
1016 3005 1115 3071 τῆς
1167 3004 1363 3073 ῥάϐδου
1408 3004 1502 3057 τοῦ
1543 3005 1780 3075 Ἰωσήφ;

225 3091 388 3148 Ἀλλά
418 3092 702 3163 πρόδηλον,
734 3095 815 3147 ὅτι
854 3094 915 3145 οὑ
952 3091 1014 3145 τὸ
1043 3093 1197 3157 ξύλον
1233 3093 1407 3162 τιμῶν
1438 3094 1783 3164 προσεκύνη-

212 3196 334 3249 σαν,
364 3182 500 3237 ἀλλά
531 3183 619 3235 διὰ
650 3183 744 3235 τοῦ
796 3182 953 3249 ξύλου
986 3183 1063 3253 τῷ
1123 3183 1320 3252 Ἰωσὴφ
1353 3183 1780 3253 προσεκύνησεν,

212 3273 408 3346 ὥσπερ
445 3276 537 3330 καί
572 3279 733 3345 ἡμεῖς
762 3276 848 3328 διὰ
872 3275 967 3327 τοῦ
1001 3274 1235 3345 σταυροῦ
1262 3273 1341 3347 τῷ
1366 3274 1607 3345 Χριστῷ.
1627 3276 1783 3329 Ἐπεὶ

213 3363 310 3418 καὶ
346 3364 594 3434 ’Δϐραὰμ
618 3366 727 3425 τοῖς
765 3362 1080 3431 πωλήσασιν
1109 3362 1259 3432 αύτῷ
1278 3362 1369 3417 τὸν
1390 3363 1561 3430 τάφον
1583 3364 1783 3431 ἀνδρά-

210 3471 303 3506 σιν
327 3456 546 3509 ἀσεϐέσι
574 3456 971 3526 προσεκύνησε,
1013 3454 1107 3509 καὶ
1135 3454 1265 3521 γόνυ
1291 3452 1536 3521 ἔκαμψεν
1568 3453 1660 3505 ἐπὶ
1686 3457 1785 3521 τὴν

211 3542 344 3615 γῆν,
391 3545 506 3599 ἀλλ’
534 3546 629 3614 οὐχ
662 3546 738 3608 ὡς
779 3546 932 3606 θεοὺς
986 3545 1183 3605 αὐτοὺς
1229 3543 1629 3613 προσεκύνησε.
1677 3545 1786 3597 Καὶ

215 3632 401 3699 πάλιν,
443 3637 471 3687 ὁ
526 3633 718 3688 Ἰακὼϐ
759 3634 850 3686 τὸν
894 3632 1091 3701 Φαραὼ
1117 3632 1420 3701 ηὐλόγησεν
1442 3672 1457 3695 ,
1486 3632 1659 3701 ἀσεϐῆ
1692 3634 1786 3686 καὶ

212 3723 607 3794 εἰδωλολάτρην
648 3724 793 3789 ὅντα,
828 3723 1034 3777 καὶτὸν
1080 3722 1249 3775 Ἡσαῦ
1281 3723 1526 3785 ἑπτάκις,
1553 3723 1665 3776 ἀλλ’
1690 3725 1786 3792 οὐχ

209 3814 293 3877 ὡς
315 3815 469 3869 Θεόν.
505 3816 602 3867 ’ἰδὲ
630 3816 824 3876 πόσους
852 3815 1178 3883 ἀσπασμοὺς
1207 3814 1302 3866 καὶ
1346 3814 1515 3875 πόσας
1547 3830 1784 3883 προσκυ-

210 3903 404 3976 νήσεις
444 3904 694 3968 ἀπέδειξά
748 3921 852 3963 σο;,
886 3905 1159 3974 γραφικάς
1208 3920 1265 3956 τε
1305 3903 1397 3955 καὶ
1422 3904 1679 3971 φυσικὰς,
1711 3904 1787 3972 μὴ

211 3994 445 4066 ἀκούσας
482 3996 848 4062 κατάγνωσινζ
891 3996 992 4063 ἐμὲ
1015 3996 1069 4046 δὲ
1102 3995 1239 4046 ἐπὰν
1275 3994 1390 4064 ἴδῃς
1429 3995 1615 4046 εἰκόνα
1652 3995 1786 4062 Χρι-

214 4084 371 4146 στοῦ,
400 4084 433 4153 ἦ
464 4080 563 4153 τῆς
597 4085 871 4152 πανάγνου
901 4083 1062 4137 αὐτοῦ
1093 4083 1333 4151 Μητρὸς,
1366 4082 1399 4151 ἢ
1427 4082 1582 4149 ἁγίου
1618 4099 1788 4151 προσ-

210 4172 510 4237 κυνοῦντα,
543 4175 868 4243 ἀγανακτεῖς
911 4173 1133 4237 εὐθέως,
1165 4169 1260 4225 καὶ
1301 4172 1659 4242 βλασφημεῖς,
1696 4173 1789 4226 καὶ

212 4264 525 4334 ἁποπηδᾷς,
554 4265 647 4317 καὶ
680 4264 1073 4335 εἰδωλολάτρην
1118 4280 1185 4333 με
1216 4264 1529 4328 ἀποκαλεῖς,
1552 4264 1647 4315 καὶ
1691 4265 1790 4316 οὐκ

209 4355 483 4427 ais-xum;
510 4358 603 4409 καὶ
640 4357 900 4426 φρίττεις,
947 4356 1043 4409 καὶ
1084 4355 1365 4425 ἐρυθριᾷς,
1388 4354 1530 4425 ὁρῶν
1561 4372 1627 4425 με
1666 4356 1789 4408 καθ’

214 4442 461 4513 ἑκάστην
486 4442 695 4513 ἡμέραν
717 4444 773 4495 ὲν
795 4442 943 4514 πάσῃ
965 4446 1029 4512 τῇ
1052 4443 1345 4513 οἰκουμένῃ
1370 4443 1530 4504 ναοὺς
1558 4442 1790 4496 εἰδώλων

1872 2021 2059 2088 pisset.
2089 2021 2231 2072 hanc
2264 2033 2388 2071 cum
2432 2018 2691 2086 lacryinis
2720 2016 3091 2079 deosculatus,
3124 2015 3299 2067 oculis
3324 2012 3440 2066 suis

1869 2112 2164 2179 apposuit;
2221 2108 2542 2178 nou'quasi
2593 2107 2835 2159 tunicam
2894 2106 2984 2159 ille
3040 2104 3285 2168 deﬁeret,
3346 2103 3442 2158 sed

1871 2201 2016 2269 quod
2045 2216 2138 2268 per
2167 2216 2285 2254 eam
2316 2198 2617 2268 Josephum
2653 2199 2828 2267 ipsum
2873 2196 3141 2258 osculari,
3175 2205 3231 2249 et
3264 2194 3447 2246 mani-

1873 2292 1975 2345 bus
2001 2291 2293 2359 complecti
2326 2290 2430 2345 sibi
2472 2289 2750 2341 videretur
2780 2288 2822 2317 ⁸⁷
2863 2305 2877 2340 :
2914 2288 2996 2341 sic
3044 2296 3100 2341 et
3148 2300 3249 2340 nos
3278 2283 3443 2337 Chri-

1873 2381 2037 2435 stiani
2077 2381 2369 2449 imaginem
2410 2380 2644 2447 apostoli
2689 2379 3021 2447 martyrisve
3055 2378 3266 2432 carnali
3295 2392 3447 2431 more

1874 2471 2329 2540 complectentes,
2350 2472 2537 2522 animo
2560 2477 2879 2537 reputamus
2909 2483 3033 2531 nos,
3054 2468 3135 2521 vel
3163 2467 3446 2522 Christum

1874 2561 2091 2628 ipsum,
2138 2560 2223 2614 vel
2278 2567 2568 2627 martyrem
2615 2558 2738 2626 ejus
2787 2558 3177 2626 amplexari....
3242 2557 3450 2622 Quam-

1876 2651 2086 2712 obrem,
2110 2660 2167 2704 ut
2196 2650 2397 2717 saepius
2432 2648 2566 2712 dixi,
2604 2649 2656 2701 in
2685 2650 2831 2701 omni
2869 2648 3196 2702 salutatione
3218 2647 3300 2701 vel
3327 2648 3453 2701 ado-

1878 2739 2089 2792 ratione
2117 2738 2446 2807 disquiritur
2481 2738 2732 2791 intentio.
2762 2736 2918 2801 Quod
2951 2737 2997 2789 si
3027 2737 3160 2790 mihi
3191 2736 3453 2790 crimina-

1881 2830 1977 2893 ris,
2006 2812 2162 2898 quasi
2195 2830 2383 2883 crucis
2414 2828 2641 2897 lignum,
2668 2844 2764 2882 ceu
2799 2828 2964 2881 Deum
2999 2826 3256 2892 adorem;
3280 2843 3453 2896 quare

1882 2936 1991 2975 non
2031 2920 2158 2974 item
2190 2918 2361 2974 Jacob
2384 2934 2633 2982 accusas,
2665 2920 2760 2987 qui
2794 2919 2961 2988 virgae
2975 2917 3197 2987 Josephi
3225 2918 3455 2971 summi-

1882 3018 2047 3065 tatem
2072 3009 2324 3064 adoravit
2345 3009 2427 3061 “?
2446 3008 2514 3060 At
2543 3008 2895 3061 manifestum
2922 3016 3010 3061 est
3037 3023 3160 3061 eum
3182 3022 3293 3060 non
3316 3008 3453 3077 ligni

1884 3102 2188 3157 honorandi
2221 3116 2387 3155 causa
2426 3100 2805 3152 adorationem
2832 3097 3156 3152 exhibuisse
3180 3138 3194 3161 ,
3227 3097 3323 3151 sed
3352 3114 3453 3166 po-

1884 3197 1993 3248 tius
2019 3207 2114 3262 per
2146 3193 2414 3245 honorem
2452 3191 2600 3258 ligno
2646 3192 2971 3257 praestitum,
3008 3189 3274 3242 adorasse
3304 3186 3456 3242 lose.

1887 3284 2075 3353 phum,
2128 3280 2291 3353 375
2326 3280 2469 3334 sicut
2514 3279 2571 3332 in
2606 3293 2771 3332 cruce
2801 3277 3083 3332 Christum
3135 3277 3453 3332 adoramus.

1886 3373 2089 3431 Eodem
2130 3374 2291 3441 plane
2324 3369 2486 3424 modo
2510 3384 2623 3437 quo
2657 3368 2933 3422 Abraham
2977 3368 3224 3421 homines
3257 3369 3455 3437 impios

1887 3483 1913 3516 ιι
1948 3464 2144 3533 quibus
2171 3463 2485 3530 sepulcrum
2515 3459 2880 3523 mercabatur,
2906 3458 3141 3528 genibus
3166 3459 3219 3511 in
3248 3466 3454 3512 terram

1887 3554 2144 3607 detnissis
2177 3551 2451 3615 adoravit,
2489 3546 2835 3618 nequaquam
2880 3558 3063 3602 tamen
3115 3549 3196 3601 uti
3228 3549 3361 3603 deos
3389 3550 3453 3606 ".

1886 3642 1966 3693 Ad
1994 3642 2128 3703 ιιι-ο,
2171 3638 2341 3694 Jacob
2379 3636 2676 3700 Pharaoni,
2713 3636 2883 3705 impio
2916 3636 3041 3689 licet
3070 3636 3459 3704 idolorumq‘tte

1887 3733 2106 3793 Cultori,
2138 3730 2421 3784 benedixit
2443 3730 2509 3794 “,
2534 3738 2696 3796 atque
2725 3730 2927 3795 septies
2960 3730 3100 3781 Esau
3130 3728 3198 3793 ⁶¹,
3222 3726 3319 3782 sed
3350 3742 3457 3779 non

1892 3825 1967 3877 uti
2010 3822 2203 3885 Deum,
2238 3821 2507 3875 adoravit.
2539 3817 2699 3883 Vide,
2740 3828 2877 3888 quot
2920 3819 3020 3873 tibi
3070 3819 3458 3879 salutationes.

1889 3924 2129 3983 quotque
2166 3912 2689 3974 adorationes,.tum
2728 3912 2783 3963 in
2823 3908 3128 3979 Scripturis
3176 3910 3459 3978 probatas.
3524 3904 3531 3911 ’

1889 4014 2003 4057 ιυιιι
2041 4004 2345 4065 naturales,
2378 4002 2515 4055 nulli
2562 4016 2792 4070 prorsus
2841 3999 3251 4068 reprehensioni
3283 3984 3462 4053 01)οό-

1890 4095 2007 4148 xias
2034 4093 2376 4163 protulerim.
2410 4090 2488 4145 Tu
2531 4106 2685 4154 vero,
2719 4106 2844 4142 cum
2877 4089 3105 4151 Christi,
3143 4098 3238 4142 aut
3262 4089 3465 4143 castis‘

1890 4186 2043 4240 simae
2076 4183 2264 4237 Matris
2292 4183 2463 4243 illius.
2507 4191 2600 4235 aut
2636 4182 2814 4235 sancti
2848 4180 3139 4259 cujusdam
3167 4180 3460 4248 imaginem

1892 4290 1992 4329 nos
2018 4274 2170 4328 vides
2199 4272 2450 4337 adorare,
2487 4272 2781 4326 confestim
2836 4270 3291 4339 indignabundus
3324 4269 3379 4323 id
3402 4272 3459 4324 in

1891 4369 2098 4421 crimen
2131 4365 2299 4419 vertis
2322 4404 2338 4428 ,
2366 4361 2710 4431 aufugisque,
2739 4368 2795 4415 et
2840 4374 2927 4413 me
2962 4358 3304 4412 idololatram
3359 4371 3461 4409 uo—

1893 4455 2090 4508 minas.
2124 4452 2244 4506 Non
2270 4460 2323 4506 te
2356 4450 2557 4519 pudet?
2590 4466 2701 4504 nou
2747 4447 3157 4518 perhorrescis?
3204 4459 3314 4498 non
3366 4460 3463 4497 ru-

216 4532 579 4597 καταλύοντα,
610 4535 705 4588 καὶ
727 4535 886 4597 ναοὺς
915 4535 1203 4604 μαρτύρων
1226 4534 1605 4602 ἀνεγείροντα;
1638 4534 1699 4586 Εἰ
1723 4535 1785 4587 τὰ

1896 4546 2026 4598 bore
2057 4542 2409 4605 suﬂ‘underis,
2440 4540 2657 4609 quando
2692 4554 2777 4593 me
2812 4538 2962 4591 vides
2990 4536 3047 4589 in
3082 4536 3340 4589 universo
3369 4549 3463 4588 or-

211 4624 422 4677 ιῖδωλα
445 4624 832 4695 προσεκύνουν,
863 4624 1005 4677 διατί
1037 4624 1161 4686 τοὺς
1184 4624 1467 4692 μάρτυρας
1492 4623 1638 4693 τιμῶ
1664 4625 1791 4687 τοὺς

218 4711 640 4775 καταλύσαντας
666 4712 736 4765 τὰ
762 4712 987 4777 aream;
1020 4713 1069 4763 εἰ
1098 4711 1153 4763 δὲ
1183 4710 1249 4763 τὰ
1280 4710 1430 4775 ξύλα,
1463 4711 1538 4773 ὡς
1564 4712 1688 4780 φὴς,
1711 4713 1799 4763 δο-

214 4802 395 4870 ξάζω,
424 4804 541 4866 πῶς
566 4803 711 4873 τιμῷ
735 4805 862 4867 τοὺς
885 4803 1093 4871 ἁγίους,
1124 4804 1249 4867 τοὺς
1295 4802 1366 4855 τά
1408 4801 1593 4866 ξύλινα
1630 4802 1795 4868 ξόανα

212 4891 338 4945 τῶν
356 4891 627 4961 δαιμόνων
655 4893 1137 4955 κατακαύσαντας;
1167 4892 1228 4943 Εἰ
1262 4891 1319 4943 δὲ
1346 4892 1584 4954 καὶτοὺς
1618 4891 1797 4954 λίθους

209 4979 454 5045 δοξάζω,
488 4980 604 5041 πῶς
624 4980 832 5045 δοξάζω
854 4982 979 5042 τοὺς
1001 4980 1347 5045 ἀποστόλους,
1384 4982 1509 5042 τοὺς
1533 4983 1601 5033 τὰ
1622 4980 1799 5034 λίθινα

213 5069 420 5123 εἴδωλα
444 5071 887 5133 κατακλάσαντας
908 5089 921 5135 ;
949 5072 1010 5123 Ei
1030 5070 1125 5133 τὰς
1155 5070 1370 5133 εἰκόνας
1393 5070 1498 5137 τῶν
1522 5072 1799 5139 ψευδωνύ-

220 5178 351 5231 μων
373 5160 510 5213 θεῶν
540 5162 707 5223 σέϐω,
745 5160 862 5224 πῶς
890 5162 1095 5227 δοξάζω
1117 5201 1132 5225 ,
1158 5165 1250 5216 καὶ
1283 5162 1507 5225 ἐπαινῶ,
1562 5165 1654 5215 καὶ
1681 5164 1797 5231 ἐορ-

216 5250 330 5313 τάς
382 5253 615 5306 ὲπιτελῶ
658 5238 767 5309 τῶν
815 5253 1037 5314 παιδῶν,
1077 5253 1184 5306 τῶν
1216 5253 1271 5305 ὲν
1305 5251 1578 5305 Βαϐυλῶνι
1632 5255 1797 5323 ἀθλη-

218 5344 465 5409 σάντων,
489 5346 583 5397 καὶ
605 5347 671 5413 τῇ
700 5346 869 5398 εἰκόνι
898 5346 964 5414 τῇ
983 5346 1157 5415 χρυσῇ
1179 5344 1253 5414 μὴ
1282 5345 1792 5415 προσκυνησάντων,

214 5434 297 5505 τῇ
332 5434 617 5505 ιίδωλικῇ;
652 5434 791 5487 ’Δλλ’
825 5436 992 5497 ὅντως
1038 5434 1204 5503 πολλὴ
1241 5434 1351 5487 τῶν
1371 5436 1588 5504 ἀνόμων
1618 5442 1649 5505 ἡ
1680 5436 1795 5487 πώ·-

220 5543 425 5599 ρωσις,
456 5528 623 5599 πολλὴ
644 5528 935 5597 τύφλωσις.
968 5524 1039 5579 Ὠ
1082 5528 1327 5593 Ἰουδαῖε,
1372 5529 1539 5599 πολλὴ
1569 5536 1599 5596 ἡ
1642 5529 1795 5582 ἀναί-

353 5704 398 5737 ⁶¹
429 5703 566 5759 Gen.
605 5717 816 5769 xxxvu,
859 5702 928 5755 32
959 5716 1114 5771 seqq.

218 5771 269 5807 ⁸¹
300 5770 440 5831 Gen.
466 5788 661 5839 xxxtu,
694 5774 747 5829 5.
822 5772 867 5805 "
886 5772 1019 5827 Dan.
1041 5770 1135 5836 ιιι,
1169 5772 1194 5826 ι
1224 5786 1378 5844 seqq.

554 5866 822 5926 Parant.
854 5865 971 5924 (in.
1015 5864 1211 5925 XCIV.

1209 5702 1255 5734 ³³
1290 5701 1427 5757 Gen.
1487 5719 1675 5767 vaut,
1721 5701 1818 5767 15;
1863 5699 2026 5756 llehr.
2070 5716 2144 5765 xi,
2192 5700 2281 5755 2t.

1893 4639 1959 4691 be
2033 4635 2302 4689 idolorum
2368 4633 2595 4686 delubra
2654 4630 3088 4691 demolientem.
3154 4628 3468 4696 templaque

1894 4729 2199 4790 martyrum
2261 4720 2456 4773 honori
2520 4716 2934 4773 exstruentem?
2999 4716 3147 4783 quod
3207 4716 3254 4769 si
3318 4714 3466 4769 idola

1894 4810 2081 4869 adoro,
2113 4808 2243 4875 quid
2273 4816 2357 4861 est
2402 4822 2501 4861 cur
2544 4813 2817 4874 martyres
2850 4802 3123 4857 idolorum
3175 4817 3468 4857 eversores

1897 4896 2197 4951 honorem?
2225 4895 2370 4965 quod
2424 4896 2471 4949 si
2500 4896 2685 4965 lignis,
2723 4894 2802 4946 uti
2836 4892 2985 4962 loqui
3024 4906 3200 4957 amas,
3233 4892 3468 4960 gloriam

1898 4984 2082 5039 defero
2109 5000 2123 5047 ;
2155 4984 2249 5052 qui
2280 4983 2360 5044 fit,
2406 4992 2464 5036 ut
2495 4984 2701 5036 honore
2733 4980 2986 5036 homines
3019 4990 3244 5036 sanctos
3272 4996 3468 5050 prose-

1896 5089 2055 5144 quar,
2079 5074 2171 5142 qui
2198 5074 2403 5142 ligneas
2428 5074 2735 5127 daemonum
2766 5082 2979 5126 statuas
3006 5072 3471 5127 combusserunt?

1901 5166 2005 5220 Sed
2050 5166 2095 5219 si
2139 5165 2345 5235 lapides
2392 5165 2641 5231 celebro;
2688 5180 2789 5218 cur
2831 5162 3114 5233 aposwlos
3169 5164 3343 5235 ipsos,
3373 5165 3470 5234 qui

1900 5254 2110 5324 lapidea
2167 5255 2455 5309 simulacra
2514 5255 2997 5317 comminuerunt,
3060 5254 3470 5310 celebravero?

1900 5346 2043 5415 quod
2067 5346 2111 5399 si
2139 5345 2356 5399 tandem
2381 5346 2642 5400 falsorum
2666 5346 2892 5399 deorum
2913 5360 3149 5399 veneror
3168 5347 3468 5417 imagines;

1903 5452 2071 5505 quare
2105 5436 2272 5505 igitur
2332 5419 2494 5492 trium
2567 5450 2869 5505 puerorum
2894 5436 2960 5500 “,
2981 5439 3221 5504 quia,ne
3249 5450 3472 5489 auream

1907 5529 2034 5582 idoli
2066 5530 2355 5599 imaginem
2387 5527 2700 5592 adorarent,
2720 5526 2994 5599 Babylone
3022 5526 3469 5592 deeertaverunt,

2380 5703 2424 5733 "
2459 5701 2595 5757 Gen.
2632 5718 2788 5768 xxtu,
2818 5702 2868 5757 7.
2970 5702 3014 5735 “
3043 5700 3179 5756 Cen.
3221 5716 3389 5769 van,
3416 5700 3471 5757 υ.

3072 5866 3143 5928 ﬂ
