4172 6490
780 361 911 424 i387

1947 366 2005 424 S.
2045 368 2363 430 JOANNIS
2402 372 2828 435 DAMASCENI
2869 449 2871 451 ι

771 475 1001 542 gloriam
1066 473 1363 540 laudesque
1425 474 1686 542 praedico.
1757 475 2066 546 horumque
2129 481 2329 533 nomint

2447 483 2566 534 δειὰ
2605 501 2700 534 σου
2734 487 2827 536 καὶ
2851 486 2884 554 η
2913 485 3168 540 ἀσέϐεια·
3209 487 3424 558 ἀληθῶς
3472 490 3744 545 ἀδικεῖται
3791 492 3898 546 ὑπὸ
3924 510 4006 545 σου

770 567 889 619 dies
941 566 1108 621 festos
1152 566 1295 634 ago?
1329 564 1529 619 Verum
1582 568 1750 621 nimia
1798 569 1958 636 plane
1983 570 2339 625 scelestorum

771 655 1078 709 obcaecatio
1119 667 1224 717 est,
1280 657 1446 709 nimia
1499 659 1738 711 caecitas.
1790 658 1985 728 Magna
2025 675 2274 728 prorsus,
2311 676 2343 711 0

769 744 978 806 Judtee.
1011 748 1348 816 impudentia
1384 757 1497 799 tua.
1534 746 1783 802 Profecto
1800 751 1898 804 abs
1929 759 1982 804 te
2005 753 2206 806 veritas
2235 751 2345 804 ini-'

768 852 873 901 que
905 839 1192 904 premitur.
1215 856 1233 886 ι
1256 839 1524 907 Exsurge,
1546 837 1711 900 Deus,
1730 840 1916 906 judiea
1933 856 2155 895 causam
2175 853 2341 894 tuam.

2440 573 2473 640 ἡ
2506 572 2750 640 ἀλήθεια.
2773 593 2792 623 ‹
2827 575 3075 638 ’Δνὰστα,
3109 577 3136 626 ὁ
3158 575 3306 639 Θεὸς,
3337 577 3555 629 δίκασον
3579 579 3680 648 τὴν
3701 579 3859 649 δίκην
3886 595 4004 631 σουο

2439 662 2622 727 κρῖνον
2653 665 2748 714 καὶ
2778 664 2994 716 δίκασον
3043 667 3172 733 ἡμῖν
3201 666 3260 729 ἐξ
3313 666 3495 729 ἔθνους
3542 669 3641 738 οὐχ
3693 669 3872 730 ὁσίου,
3903 665 4007 722 ἀλλ’

2441 751 2657 803 ἀνοσίου
2683 755 2775 803 καὶ
2804 753 2959 804 ἁλλοτ
2970 755 3103 823 ρίου,
3131 757 3226 808 καὶ
3257 756 3650 826 παροξύνοντός
3681 774 3741 809 σε
3766 757 3859 809 διὰ
3882 774 4011 809 παν-

2443 857 2554 902 τος.
2596 858 2615 892 ι

767 927 978 988 Jud-ica.
1013 939 1065 984 et
1099 929 1351 986 discerne
1393 947 1616 987 causam
1651 943 1908 1002 nostram,
1930 934 1995 988 de
2030 934 2191 1004 gente
2219 948 2327 988 non
2368 941 2580 997 sancta,
2620 934 2688 987 ab
2718 933 2903 1004 iniqua
2935 944 2988 990 et
3019 937 3224 999 aliena,
3253 951 3373 1006 quae
3428 946 3481 992 te
3544 937 3614 992 ad
3676 939 4009 992 iracundiam

769 1028 1049 1086 provocat.
1089 1038 1106 1069 ι

845 1109 1117 1177 Ejusdem.
1156 1129 1173 1160 ι
1208 1109 1265 1164 Si
1294 1127 1447 1181 ergo,
1480 1121 1537 1165 ut
1566 1128 1712 1181 saepe
1749 1112 1885 1176 dixi,
1935 1114 2140 1182 lignum
2197 1114 2335 1181 lapi-

766 1197 1001 1269 demque
1027 1199 1337 1262 adorarent,
1378 1201 1546 1269 lapidi
1575 1201 1764 1269 utique
1789 1211 1843 1255 et
1874 1203 2024 1271 ligno
2056 1202 2296 1255 dicerem
2321 1220 2334 1255 :

770 1286 846 1338 Tu
879 1303 957 1339 me
986 1289 1215 1356 genuisti
1249 1290 1315 1341 “.
1360 1288 1458 1343 Sin
1492 1299 1674 1346 autem
1716 1301 2036 1346 sanctorum
2068 1292 2336 1362 imagines

766 1379 954 1442 adoro,
992 1380 1098 1433 imo
1133 1396 1260 1434 vero
1307 1383 1353 1434 si
1401 1390 1624 1438 sanctos
1683 1383 1853 1452 ipsos,
1909 1391 2336 1452 sanctorumque

765 1469 1065 1523 certamina
1108 1487 1337 1526 veneror
1385 1483 1438 1527 et
1472 1474 1619 1535 colo,
1669 1474 1947 1544 quomodo
2001 1485 2079 1538 tu,
2122 1475 2332 1539 insane,

766 1561 879 1615 lucc
909 1562 1050 1616 idola
1087 1564 1291 1617 vocas?
1318 1564 1467 1618 ldola
1493 1565 1697 1633 quippe
1719 1566 2113 1620 similitudines
2133 1566 2338 1619 fuerint

763 1666 973 1715 eorum,
1002 1655 1095 1720 qui
1133 1652 1388 1716 adulteri,
1436 1654 1748 1718 homicidae,
1794 1655 2029 1710 filiorum
2070 1662 2336 1708 mactato-

764 1758 873 1804 res,
905 1754 960 1796 et
985 1743 1287 1798 effeminati
1319 1745 1578 1799 homines
1612 1738 1976 1812 exstiterunt,
2011 1762 2114 1799 non
2154 1755 2336 1799 autem

2511 1110 2619 1162 Τοῦ
2646 1111 2853 1163 αὑτοῦ.
2895 1128 2913 1160 t
2961 1111 3022 1162 Εἰ
3055 1112 3153 1179 μὲν
3182 1104 3273 1163 οὖν
3306 1109 3382 1171 ὡς
3421 1110 3686 1171 πολλάκις
3738 1106 3916 1174 εἷπον,
3945 1111 4011 1179 τῷ

2438 1199 2580 1268 ξύλῳ
2613 1199 2705 1251 καὶ
2757 1198 2835 1267 τῷ
2890 1199 3044 1267 λίθῳ,
3069 1199 3144 1262 ὡς
3195 1198 3313 1267 Θεῷ
3367 1199 3771 1268 προσεκύνουν,
3809 1197 4011 1252 εἶπαᾶν

2435 1289 2590 1358 κὰγὼ
2615 1289 2694 1358 τῷ
2740 1290 2881 1359 ξύλῳ
2913 1291 3007 1341 καί⁵
3049 1290 3207 1360 λίθῳ·
3247 1291 3328 1342 Σύ
3377 1307 3453 1356 με
3488 1289 3848 1356 ἐγέννησας.
3876 1291 3936 1344 Εἰ
3960 1291 4010 1342 δὲ

2434 1381 2530 1444 τὰς
2569 1381 2785 1443 εἰκόνας
2813 1381 2920 1433 τῶν
2963 1382 3134 1447 ἁγίων
3178 1381 3488 1450 προσκυνῶ,
3513 1382 3637 1441 τοὺς
3664 1382 3859 1447 ἁγίους
3887 1381 4008 1451 μᾶλ-

2435 1472 2547 1534 λον,
2575 1473 2672 1526 καὶ
2702 1472 2991 1542 προσκυνῶ
3024 1473 3120 1534 τὰς
3152 1473 3259 1524 τῶν
3311 1474 3478 1539 ἁγίων
3529 1474 3827 1542 μαρτύρων
3855 1473 4008 1543 ἀθλή-

2435 1577 2550 1623 σεις
2585 1562 2679 1613 καὶ
2705 1562 2871 1628 τιμῶ,
2905 1561 3019 1622 πῶς
3041 1561 3217 1629 λέγεις
3257 1563 3452 1616 εἴδωλα
3484 1562 3655 1615 ταῦτα
3677 1604 3692 1627 ,
3716 1559 3761 1614 ῶ
3791 1564 4006 1633 ἀνόητε,

2434 1650 2515 1702 Τὰ
2544 1649 2653 1718 γὰρ
2689 1649 2904 1713 εἴδωλα,
2938 1649 3046 1700 τῶν
3091 1651 3457 1721 ψευδωνύμων
3483 1693 3497 1716 ,
3521 1652 3628 1703 τῶν
3659 1652 3897 1722 μοιχῶν,
3926 1653 4009 1704 καὶ

2434 1740 2744 1808 φονευτῶν,
2799 1743 2898 1793 καὶ
2947 1741 3320 1805 τεκνοθυτῶν,
3354 1744 3447 1794 καὶ
3503 1744 3765 1811 μαλακῶν
3825 1742 4007 1811 ὁμοιώ-

761 1835 1156 1902 prophetarum
1192 1845 1243 1888 et
1283 1840 1688 1904 apostolorum.
1724 1839 1902 1906 Atque
1949 1845 2010 1890 ut
2051 1853 2118 1891 ex
2155 1838 2329 1904 aliqua

2439 1830 2586 1899 ματὰ
2613 1833 2740 1893 εἰσι,
2774 1833 2866 1882 καὶ
2912 1832 2972 1883 ού
3021 1833 3338 1906 προφητῶν,
3374 1833 3494 1884 οὐδὲ
3525 1835 3870 1887 ἀποστόλων.
3913 1835 4009 1886 Καὶ

759 1937 936 1994 parte,
992 1925 1142 1979 brevi
1205 1927 1631 1995 certissitnoque
1700 1928 1954 1996 exemplo
2010 1927 2329 1996 intelligas,

2438 1921 2527 1974 ha
2561 1922 2625 1972 ὲκ
2668 1921 2868 1991 μέρους
2888 1899 3224 1991 παραστήσω
3261 1923 3524 1993 σύντομον
3553 1925 3649 1976 καὶ
3690 1925 4008 1976 πιστότατον

753 2018 888 2087 quid
923 2018 1269 2072 Christianos
1320 2019 1464 2074 inter
1513 2028 1567 2073 et
1604 2020 1836 2089 gentiles
1875 2019 2133 2088 paritatis
2169 2019 2337 2072 inter-

755 2107 939 2170 cedat,
985 2106 1138 2160 audi.
1186 2104 1471 2160 Habehant
1507 2105 1785 2176 Babylone
1833 2106 2077 2159 (ihaldazi
2125 2107 2336 2159 musica

758 2197 938 2251 omnis
967 2197 1185 2268 generis
1220 2211 1447 2265 organa,
1471 2198 1672 2266 quibus
1704 2197 2000 2250 simulacra
2023 2196 2334 2249 daemonum

757 2284 1384 2339 colebantzhahehant
1447 2295 1502 2340 et
1562 2286 1656 2339 filii
1709 2284 1879 2340 Israel
1936 2283 2336 2354 Hierosolymis

758 2385 1034 2450 asportata
1091 2388 1317 2442 organa,
1354 2389 1475 2443 quae
1512 2375 1565 2427 in
1602 2374 1865 2430 salicibus
1900 2376 2332 2445 suspenderunt.
2376 2429 2384 2437 ,

756 2465 999 2534 Utraque
1059 2466 1420 2518 instrumenta
1480 2475 1662 2528 erant,
1717 2467 1926 2529 nablia,
1979 2467 2226 2530 citharag,
2279 2475 2334 2521 et

755 2558 903 2611 tibiw
932 2575 944 2608 ι
980 2556 1080 2609 sed
1115 2557 1218 2610 ista
1246 2557 1311 2609 ad
1343 2557 1433 2608 Dei
1466 2557 1697 2626 gloriam
1726 2575 1740 2622 ;
1775 2558 1876 2610 illa
1905 2544 2038 2610 vero
2067 2557 2330 2611 similitu-

753 2647 899 2701 dinis
929 2647 1122 2701 borum
1147 2647 1364 2710 aemula,
1399 2650 1464 2700 ad
1499 2651 1804 2702 dtemonum
1844 2648 2053 2701 cultum
2082 2650 2328 2716 pertine-

754 2741 907 2793 bant.
937 2739 1080 2793 Idem
1108 2738 1218 2807 jam
1260 2739 1560 2793 discrimen
1592 2741 1736 2792 inter
1765 2739 2032 2807 imagines
2056 2737 2328 2792 Christia-

752 2845 950 2884 norum
991 2840 1042 2884 et
1074 2829 1220 2882 idola
1269 2829 1556 2897 gentilium
1604 2830 1806 2899 cogita.
1852 2827 1980 2882 Haec
2028 2830 2230 2898 quippe
2262 2828 2328 2881 ad

752 2921 955 2975 diaboli
989 2920 1218 2989 gloriam
1246 2934 1308 2974 ac
1335 2921 1696 2984 memoriam;
1731 2920 1823 2973 illa
1850 2935 1982 2974 vero
2002 2921 2068 2974 ad
2097 2921 2324 2981 Christi,

751 3023 804 3066 et
851 3013 1229 3081 apostolorum
1268 3025 1706 3080 martyrumque,
1748 3020 1801 3064 ct
1835 3023 2153 3066 sanctorum
2207 3009 2324 3078 ejus

752 3102 968 3159 laudem
1000 3102 1269 3156 fabricata
1298 3109 1447 3155 sunt.
1491 3120 1508 3150 ι

823 3191 1097 3259 Ejusdem.
1134 3208 1152 3240 σ
1193 3190 1424 3243 Proinde
1461 3189 1684 3257 quando
1707 3188 2080 3243 Christianum
2117 3187 2324 3242 videris

2439 2011 2743 2081 ὑπόδειγμα
2779 2013 2908 2082 περὶ
2932 2012 3329 2082 Χριστιανικῶν
3351 2014 3445 2066 καὶ
3480 2013 3811 2083 Ἑλληνικῶν
3831 2016 4010 2083 ὁμοιω-

2440 2103 2626 2171 μὰτων
2650 2142 2664 2166 ,
2700 2104 2959 2157 ἄκουσον.
3010 2099 3169 2174 Εἶχον
3215 2106 3273 2156 ἐν
3327 2104 3605 2158 Βαϐυλῶνι
3661 2107 3713 2158 οἰ
3760 2105 4008 2159 Χαλδαῖοι

2435 2192 2642 2262 ϐργανα
2694 2196 2922 2246 παντοῖα
2961 2194 3198 2263 μουσικὰ
3251 2196 3386 2263 πρὸς
3438 2195 3739 2266 θεραπείαν
3782 2196 4010 2248 εἰδώλων

2434 2282 2724 2352 δαιμόνων.
2749 2281 2905 2353 Εἶχον
2931 2285 2988 2336 δὲ
3023 2285 3116 2338 καὶ
3141 2286 3190 2336 οἰ
3217 2287 3325 2336 υἰοὶ
3350 2285 3565 2356 Ἰσραὴλ
3593 2287 3703 2340 ἀπὸ
3742 2287 4008 2356 Ἰερουσα-

2434 2372 2546 2442 λὴμ
2595 2373 2802 2442 δργανα
2824 2414 2838 2438 ,
2864 2375 2900 2426 ἃ.
2928 2376 3020 2426 ἐπὶ
3057 2377 3176 2437 ταῖς
3209 2375 3377 2436 ίτέαις
3406 2377 3721 2445 ἐκρέμασαν
3745 2418 3758 2438 ,
3788 2377 3891 2430 καὶ
3915 2379 4011 2444 ἁμ-

2435 2465 2638 2535 φότερα
2663 2467 2888 2535 ὗργανα,
2917 2466 3010 2517 καὶ
3043 2466 3256 2529 νάϐλαι,
3291 2469 3386 2519 καὶ
3428 2467 3646 2536 κιθάραι
3671 2509 3686 2532 ,
3721 2469 3821 2520 καὶ
3865 2469 4014 2521 αὐλοὶ

2433 2555 2699 2624 ὑπῆρχον,
2721 2556 2754 2608 ἃ
2782 2557 2870 2608 ἐπὶ
2897 2559 3015 2617 ταῖς
3054 2557 3222 2618 ἰτέαις
3246 2557 3583 2626 ἐκρέμασαν.
3620 2557 3786 2610 Ἀλλὰ
3816 2559 3888 2611 τὰ
3924 2561 4015 2628 μὲν

2432 2646 2512 2708 εἰς
2543 2645 2698 2709 δόξαν
2737 2645 2870 2697 Θεοῦ
2924 2647 3190 2712 ἐγένοντο,
3223 2647 3292 2698 τὰ
3307 2649 3390 2706 ,δὲ
3443 2650 3521 2709 είς
3564 2647 3872 2716 θεραπείαν
3911 2649 4014 2702 τῶν

2431 2734 2700 2804 δαιμόνων
2725 2775 2740 2800 ,
2775 2737 3066 2805 ἁντίμιμα.
3099 2735 3256 2788 Οὓτω
3301 2736 3506 2801 λοιπζν,
3535 2742 3627 2788 καὶ
3657 2738 3753 2789 ἐπὶ
3789 2739 3910 2791 τῶν
3945 2743 4016 2792 εἰ·

2431 2827 2623 2890 κόνων,
2652 2830 2746 2880 καὶ
2795 2827 3047 2891 εἰδώλων,
3092 2826 3420 2894 Ἑλληνικῶν
3471 2828 3564 2878 καὶ
3606 2828 4014 2896 Χριπιανιών

2430 2917 2539 2969 νόει
2573 2919 2654 2969 ὅτι
2695 2920 2872 2969 ἐκεῖνα
2909 2918 3007 2985 μὲν
3047 2920 3126 2978 εἰς
3165 2918 3324 2983 δόξαν
3367 2917 3611 2968 διαϐόλου
3654 2921 3750 2971 καὶ
3791 2922 4014 2988 μνήμην

2429 3007 2970 3076 κατεσκευάσθησαν,
2999 3007 3174 3060 ταῦτα
3203 3008 3260 3060 δὲ
3314 3009 3394 3070 εἰς
3437 3009 3595 3070 δόξαν
3623 3010 3896 3078 Χριστοῦ,
3925 3013 4014 3063 καὶ

2426 3097 2758 3160 ἀποστόλων,
2778 3098 2871 3148 καὶ
2905 3099 3217 3166 μαρτύρων,
3249 3100 3340 3150 καὶ
3367 3100 3534 3166 ἁγίων
3573 3099 3800 3152 αὑτοῦ.)

2508 3186 2616 3239 Τοῦ
2638 3186 2844 3239 αὑτοῦ.
2884 3204 2902 3236 t
2937 3188 3106 3239 Ὅταν
3126 3189 3308 3239 τοίνυν
3339 3189 3451 3259 ἴδῃς
3481 3191 3816 3260 Χριστιανὸν
3848 3211 4013 3264 προσ-

751 3253 968 3338 crucem
1003 3281 1256 3344 adorare,
1301 3281 1354 3333 id
1395 3253 1579 3333 {Ib-00
1620 3279 1736 3334 fieri
1787 3288 2015 3350 propter
2046 3279 2325 3332 Christum

2433 3275 2695 3330 κυνοῦντα
2724 3277 2800 3346 τῷ
2831 3277 3072 3346 σταυρῷ,
3117 3280 3307 3346 γνῶθι,
3354 3253 3435 3332 ὅτι
3485 3253 3572 3333 διὰ
3629 3253 4015 3352 Χριστὸν1τῦν

752 3373 1072 3428 crucifixum
1127 3373 1308 3432 scito,
1365 3385 1472 3424 non
1525 3381 1705 3424 autent
1766 3380 1823 3424 ut
1867 3371 2072 3438 lignum
2117 3369 2326 3423 adoret.

750 3465 966 3533 Alioqui
1023 3464 1280 3517 universa
1329 3462 1477 3531 ligna
1531 3462 1913 3526 adoraremus,
1963 3460 2110 3514 sicut
2157 3458 2328 3513 Israel

752 3555 905 3609 lucos
935 3563 989 3606 et
1022 3553 1248 3606 arbores
1275 3552 1562 3614 adorabat,
1589 3559 1754 3620 atque
1784 3551 2003 3603 dicebat
2032 3569 2044 3603 :
2083 3552 2155 3602 Tu
2190 3549 2326 3601 Deus

750 3661 895 3698 meus
952 3659 1041 3707 es;
1093 3653 1147 3695 tu
1187 3659 1268 3696 me
1322 3643 1550 3712 genuisti
1585 3642 1651 3695 “.
1686 3639 1797 3695 Nos
1839 3654 1968 3695 vero
1998 3655 2108 3694 non
2161 3639 2324 3705 item;

749 3738 844 3789 sed
889 3735 1213 3788 memoriam
1258 3733 1648 3802 picturamque
1695 3730 1991 3785 Dominica:
2028 3730 2322 3799 passionis,

748 3836 801 3880 et
827 3825 993 3895 3'76
1021 3824 1240 3878 illorum
1280 3823 1372 3891 qui
1409 3838 1509 3892 pro
1539 3824 1660 3892 ipso
1705 3831 2119 3890 pugnaverunt,
2153 3819 2206 3873 in
2239 3834 2326 3874 ec-

749 3917 938 3971 clesiis
984 3931 1045 3968 ac
1103 3915 1357 3968 domibus
1410 3923 1698 3978 tenemus;
1753 3913 1939 3965 omnia
1975 3925 2170 3979 nempe
2198 3924 2323 3978 pro-

748 4019 870 4076 pter
898 4006 1186 4059 Dominum
1226 4013 1475 4060 nostrum
1515 4005 1802 4058 facientes.
1834 4002 2207 4071 Rursumque,
2236 4001 2322 4055 dic

750 4100 968 4159 amabo,
993 4096 1204 4159 Iudaee,
1240 4111 1489 4166 quaenam
1519 4097 1794 4165 scriptura
1841 4094 2009 4163 Moysi
2049 4092 2318 4162 permisit,

750 4188 1004 4243 utJethro
1019 4203 1270 4243 socerum
1295 4203 1456 4241 suum
1476 4187 1740 4242 cultorem
1763 4186 2034 4240 idolorum
2056 4202 2070 4249 ;
2089 4181 2317 4245 Jaeobo,

749 4291 808 4333 ut
855 4280 1231 4343 Pharaonem;
1270 4279 1617 4342 Abrahamo,
1661 4287 1721 4330 ut
1769 4276 1908 4330 filios
1957 4275 2178 4328 Emmor
2220 4274 2319 4327 ad-

748 4371 1001 4423 orarent?
1040 4385 1223 4422 annon
1253 4368 1330 4422 illi
1365 4368 1505 4436 justi
1540 4378 1698 4421 erant
1738 4375 1792 4419 et
1823 4365 2141 4435 prophetae?
2169 4379 2319 4433 quae-

747 4476 869 4513 nam
900 4460 1128 4522 Danieli,
1151 4469 1207 4513 ut
1231 4460 1454 4528 impium
1481 4455 2018 4511 Nabuchodonosor?
2039 4457 2112 4507 Ac
2133 4455 2177 4508 si
2201 4470 2316 4522 pro-

2433 3367 2830 3437 σταυρωθέντα,
2850 3371 2942 3421 καὶ
2967 3372 3028 3422 οὑ
3061 3373 3158 3439 τὴν
3183 3373 3345 3439 φύσιν
3373 3372 3466 3424 τοῦ
3495 3374 3652 3439 ξύλου
3685 3381 4010 3446 προσκυνεῖ.

2442 3456 2594 3509 Ἐπεὶ
2627 3459 2802 3511 πάντα
2836 3458 2902 3511 ἂν
2930 3461 2996 3512 τὰ
3018 3460 3150 3526 ξύλα
3186 3465 3632 3534 προσεκυνοῦμεν
3662 3467 3758 3518 τοῦ
3806 3469 4010 3538 ἀγροῦ,

2429 3549 2522 3600 καὶ
2544 3547 2731 3617 ὥσπερ
2754 3551 2781 3600 ὁ
2813 3550 3026 3620 Ἰσραὴλ
3059 3553 3378 3622 προσεκύνει
3404 3555 3470 3606 τὰ
3502 3557 3637 3625 ἄλση
3661 3559 3756 3609 καὶ
3787 3561 3866 3610 τὰ
3894 3560 4009 3611 δέν-

2427 3636 2548 3704 δρα,
2580 3637 2775 3704 λέγων’
2809 3643 2889 3693 Σύ
2907 3650 3026 3707 μου
3048 3638 3105 3694 εἴ
3126 3642 3290 3707 Θεὸς,
3323 3646 3418 3696 καὶ
3452 3647 3532 3697 σύ
3547 3647 4008 3716 με’ἐγέννησας.

2436 3730 2625 3798 Ἡμεῖς
2651 3731 2708 3782 δὲ
2747 3733 2844 3801 οὐχ
2869 3732 3061 3798 οὕτως,
3097 3735 3233 3786 ἀλλὰ
3278 3739 3501 3807 μνήμην
3529 3741 3620 3790 καὶ
3639 3743 3874 3812 γραφὴν
3903 3745 4012 3795 τῶν

2424 3821 2518 3874 τοῦ
2573 3824 2776 3893 Κυρίου
2835 3825 3206 3895 παθημάτων,
3239 3830 3332 3880 καὶ
3375 3829 3483 3880 τῶν
3527 3830 3594 3881 δι’
3625 3832 3793 3884 αὑτὸν
3836 3833 4011 3904 ἀθλη-

2428 3915 2654 3976 σὰντων,
2679 3916 2735 3965 ἐν
2776 3918 2895 3978 ταῖς
2924 3917 3236 3986 ἐκκλησίαις
3269 3920 3361 3971 καὶ
3394 3921 3562 3983 οτκοις
3577 3921 3797 3992 ἔχομεν,
3831 3927 4012 3978 πάντα

2423 4004 2490 4056 δι’
2521 4003 2681 4055 αὑτὸν
2708 4004 2987 4068 ποιοῦντες
3011 4006 3100 4059 τὸν
3130 4008 3398 4080 ἡμέτερον
3429 4010 3650 4080 Κύριον.
3679 4013 3793 4065 Καὶ
3826 4011 4010 4078 αὖθις,

2423 4094 2562 4159 εἰπὲ,
2587 4088 2632 4146 ὧ
2657 4093 2897 4157 ἰουδαῖε,
2931 4097 3058 4148 ποία
3082 4098 3270 4168 Γραφὴ
3301 4099 3568 4170 ἐπέτρεψε
3603 4102 3802 4155 Μωσεῖ
3837 4121 4012 4175 προσο

2423 4186 2652 4254 κυνῆσαι
2682 4187 2844 4256 ἰοθὸρ
2869 4186 2946 4256 τῷ
2967 4188 3201 4260 γαμϐρῷ
3231 4190 3418 4254 αὐτοῦ,
3448 4192 3823 4265 εἰδωλολάτρῃ
3855 4197 4007 4260 ὄντι,

2421 4277 2515 4327 καὶ
2560 4275 2750 4327 Ἰακὼϐ
2776 4276 2850 4346 τῷ
2878 4278 3102 4357 «ἰξαραὼ,
3130 4280 3224 4332 καὶ
3266 4280 3514 4351 Ἀϐραὰμ
3541 4285 3652 4346 τοῖς
3693 4286 3839 4347 υἱοῖς
3877 4287 4008 4357 Ἐμο

2424 4366 2573 4436 μὼρ;
2607 4368 2701 4420 καὶ
2726 4349 2924 4421 ἐκεῖνοῖ
2957 4369 3153 4422 δίκαιοι
3203 4371 3296 4423 καὶ
3333 4349 3643 4440 προφήῆταιο
3680 4378 3776 4428 καὶ
3803 4349 4010 4450 Δανιὴλ

2421 4456 2495 4525 τῷ
2545 4457 3009 4530 Ναϐουχοδονόσορ
3041 4460 3226 4514 ἀσεϐεῖ
3269 4462 3412 4528 bim;
3451 4465 3558 4516 Καὶ
3584 4467 3633 4517 εἰ
3674 4468 3886 4522 ἐκεῖνοι
3923 4473 4009 4522 διὰ

747 4560 866 4620 pter
887 4550 1218 4603 mundanam
1233 4547 1904 4618 temporariamquevitam
1926 4548 2027 4599 hoc
2044 4547 2312 4608 fecerunt,

2431 4546 2689 4615 κοσμικὴν
2712 4549 2808 4598 καὶ
2855 4549 3186 4618 πρόσκαιρον
3221 4549 3367 4621 ζωὴν
3403 4550 3574 4604 ταῦτα
3603 4555 3853 4621 ἐποίουν,
3891 4558 4009 4618 πιῖις

744 4655 908 4694 eccur
930 4654 1142 4694 mecum
1172 4640 1515 4707 expostulas,
1545 4637 1690 4705 quod
1722 4639 1776 4690 in
1806 4638 1980 4691 sacris
2004 4645 2314 4691 sanctorum

746 4731 1048 4794 memoriis,
1086 4729 1202 4783 sive
1237 4744 1331 4799 per
1365 4729 1718 4797 scripturam,
1755 4728 1870 4782 sive
1903 4742 1997 4796 per
2056 4729 2329 4795 picturam.

744 4823 1042 4889 expressis,
1085 4820 1402 4874 corumdetn
1443 4821 1725 4874 cruciatus
1767 4828 1820 4871 et
1858 4819 2157 4871 certamina
2195 4817 2325 4870 ado-

746 4929 879 4974 rem,
924 4925 1018 4977 per
1062 4925 1183 4979 qua:
1230 4910 1464 4979 singulis
1511 4909 1707 4962 diebus
1763 4907 2046 4962 beneliciis
2091 4923 2322 4975 augeor,

747 5011 1176 5070 perpetuamque
1227 5008 1280 5054 et
1323 4999 1714 5068 sempiternam
1758 5001 1918 5051 vitam
1970 4997 2262 5066 exspecto?
2301 5016 2318 5046 ι

748 5094 829 5146 Ex
869 5092 1114 5145 Historia
1167 5091 1526 5144 ecclesiastica
1582 5088 1862 5152 Theodori,
1900 5099 2060 5168 _tomo
2109 5097 2318 5155 quarto.

819 5272 838 5304 ι
881 5252 996 5306 Sub
1031 5251 1133 5304 hoe
1149 5249 1469 5312 consulatu,
1493 5245 1580 5298 die
1610 5261 1712 5297 xxv
1739 5243 1949 5298 mensis
1976 5241 2314 5310 Decembris,

745 5344 988 5400 terribile
1022 5344 1327 5412 ingensque
1375 5338 1701 5392 miraculum
1735 5334 1984 5406 centigit,
2017 5334 2162 5404 quod
2201 5349 2318 5387 om-

816 5477 1085 5533 “Jerem.
1123 5490 1183 5540 tt,
1223 5475 1313 5528 27.
1392 5475 1435 5506 ⁸³
1470 5475 1598 5528 ibid.

2421 4635 2542 4702 ἐμοὶ
2578 4634 2828 4700 ἐγκαλεῖς
2875 4637 3267 4707 προσκυνδῦντι
3287 4641 3406 4700 ταῖς
3455 4642 3636 4708 ἁγίαις
3675 4644 3786 4695 τῶν
3832 4648 4012 4714 ἁγίων

2422 4726 2666 4794 μνήμαις
2693 4767 2707 4791 ,
2737 4733 3034 4797 γραφικαῖς
3096 4733 3192 4782 καὶ
3232 4733 3527 4802 ἱστορικαῖς
3549 4774 3563 4796 ,
3597 4738 3693 4787 καὶ
3736 4738 3813 4789 τὰ
3855 4741 4010 4802 nam;

2418 4817 2512 4870 καὶ
2547 4817 2645 4879 τὰς
2685 4817 2967 4887 ἁθλήσεις,
3001 4820 3058 4885 ἐξ
3088 4813 3162 4872 ὧν
3187 4822 3308 4873 καθ’
3336 4824 3546 4892 ἡμέραν
3572 4827 4009 4899 εύεργετοῦμαι,

2412 4908 2512 4965 ,καὶ
2550 4905 2766 4958 αἰώνιον
2795 4909 2887 4959 καὶ
2917 4909 3085 4960 ἀΐδιον
3124 4909 3266 4979 ζωὴν
3315 4912 3621 4980 ἐκδέχομαι;
3662 4934 3679 4963 ι

2433 5081 2546 5147 Τῆς
2597 5083 3120 5207 ἐκκλησιαστικῆἓ
3161 5085 3452 5207 'Ido'top/ac
3507 5088 3903 5157 Θεοδωρὴτου
3933 5094 4009 5155 δ’,

3154 5172 3184 5206 τ
3224 5173 3353 5207 ιιου.

3154 5172 3353 5224 τομου.

2505 5263 2521 5294 ι
2545 5243 2678 5295 Ὑπὸ
2698 5244 2754 5296 δὲ
2769 5246 2980 5316 ταύτην
2997 5247 3096 5316 τὴν
3123 5249 3410 5310 ὑπατείαν,
3442 5251 3584 5302 κατὰ
3603 5251 3694 5302 τὸν
3721 5252 3882 5321 μῆνα
3917 5253 4009 5305 τὸν

2424 5336 2777 5406 Δεκέμϐριον,
2811 5339 3001 5407 ἔχοντα
3035 5341 3196 5394 αὑτὸν
3235 5343 3424 5396 εἰκάδα
3455 5345 3548 5394 καὶ
3577 5344 4008 5415 πέμπτὴνὴμέ-

2051 5564 2287 5619 VARIAZ
2329 5562 2736 5621 LECIIONES.

818 5663 864 5703 δ’
907 5661 1065 5732 Lege,
1105 5661 1405 5736 cumBillio
1435 5661 1732 5736 Θεοδώρου,
1768 5661 2348 5736 Tlteodort,_Leetori_s__
2376 5662 2604 5736 scilicet.
2641 5661 2784 5736 Nam
2806 5663 2906 5736 sub
2935 5662 3223 5736 Anastasio
3249 5663 3378 5734 imp.
3408 5675 3686 5736 superstes
3726 5682 3850 5724 non
3884 5677 4010 5726 erat

743 5729 1140 5792 Theudor-elus.
1176 5731 1432 5802 Ejusdem
1466 5729 1708 5796 ltistorse
1735 5749 1856 5802 quae
1883 5733 1969 5786 hic
1997 5731 2250 5814 refertur,
2289 5729 2646 5800 Theophanes
2678 5739 2729 5786 et
2753 5730 2951 5786 Suidas
3008 5733 3325 5788 meminere.
