4172 6490
272 441 406 505 1389

1350 441 1448 504 DE
1487 438 1950 500 IMAGINIBUS
1971 437 2253 496 ORATIO
2283 439 2394 499 ῐῐῐ.

3358 439 3486 500 1390

269 567 391 618 ραν,
416 545 595 614 θαῦμα
646 546 875 614 φοϐερὺν
911 548 1006 598 καὶ
1036 546 1269 608 ἐξαίσιον
1294 589 1306 609 ,
1341 550 1518 601 πᾶσάν
1566 565 1625 600 τε
1661 547 1821 616 ἀκοὴν

1933 547 2082 598 nium
2122 561 2283 599 aures
2316 547 2566 611 perculit.
2615 549 2892 616 Olympius
2926 549 3068 600 enim
3120 550 3337 616 quidam
3375 568 3490 604 ,ιω-

266 640 569 710 ἀνθρώπων
621 642 994 707 καταπλῆττον
1022 641 1333 709 γεγένηται.
1378 643 1674 710 Ὀλύμπιος
1721 642 1828 710 γάρ

266 747 351 791 τις
385 729 641 797 τοῦνομα,
674 732 945 799 Εὑθυμὶου
996 731 1089 783 τοῦ
1142 733 1239 800 τῆς
1272 733 1486 802 ’Λρείου
1534 734 1828 802 θρησκείας

269 822 586 890 ἐξάρχοντος
621 862 634 884 ,
665 822 753 872 τὸν
800 820 1055 888 βαδιστὴν
1092 831 1114 858 ο
1165 824 1612 891 παραχορεύοντα
1661 826 1717 874 ὲν
1754 824 1829 891 τῷ

268 910 477 977 λουτρῷ
533 909 622 960 τοῦ
677 909 938 961 τέαλατίου
989 910 1098 962 τῶν
1149 911 1495 973 Ἐλενιανῶν,
1542 915 1830 981 γενόμενος

265 1001 408 1051 κατὰ
444 1001 534 1050 τὸν
565 1000 1034 1068 προμαλαττοντα,
1072 1002 1163 1052 καὶ
1195 1000 1528 1069 Θεασάμενός
1552 1019 1703 1065 τινας
1723 1006 1829 1056 τῶν

264 1089 567 1158 λουομένων
613 1089 709 1158 τὴν
753 1090 846 1141 τοῦ
897 1091 1184 1159 ὁμοουσίου
1231 1094 1387 1156 δόξαν
1433 1096 1827 1164 σεμνύνοντας,

263 1181 395 1248 ἔφη,
420 1182 607 1242 αὑταῖς
640 1181 866 1245 λέξεσιν,
899 1182 1096 1243 οὕτως·
1131 1183 1195 1233 Τί
1229 1185 1336 1251 γάρ
1372 1187 1518 1236 ἐστιν
1624 1187 1826 1255 Τρίας;

263 1270 411 1339 Ιιοίῳ
429 1271 484 1322 δὲ
509 1272 672 1338 τοίχῳ
694 1273 797 1322 οὐκ
827 1272 1230 1339 ἐπιγέγραπται
1252 1291 1266 1336 ;
1292 1276 1399 1326 Καὶ
1423 1277 1696 1350 κρατήσας
1725 1277 1830 1326 τῶν

261 1362 461 1414 ἑαυτοῦ
505 1364 818 1429 ἀναγκαίων
846 1403 860 1426 ,
904 1364 1033 1432 ἔφητ
1076 1364 1207 1429 Ὶδὲ,
1240 1365 1394 1430 κάγὼ
1446 1368 1648 1436 Τριάδα
1701 1367 1830 1436 ἔχω.

265 1451 432 1504 Ὥστε
490 1453 810 1521 κινηθέντας
871 1457 998 1517 τοὺς
1050 1456 1171 1507 ἐκεῖ
1216 1456 1580 1525 εὑρεθέντας,
1619 1460 1831 1526 μέλλειν

264 1542 428 1594 αὑτὸν
465 1543 1044 1619 διαχειρίζεσθαι,άλλ’
1075 1545 1509 1633 εἴρχθησαννὺπό
1539 1565 1684 1609 τινος
1715 1550 1832 1601 Μά-

264 1649 419 1700 γνου,
478 1635 850 1704 πρεσϐυτέρου
887 1635 996 1686 τῶν
1043 1635 1239 1702 Ἀγίων
1281 1638 1615 1689 Ἀποστόλων
1661 1640 1718 1689 ἐν
1755 1640 1832 1707 τῷ

264 1724 739 1793 περιτειχίσματι,
775 1723 1063 1793 ἀνθρώπου
1095 1726 1429 1795 θαυμαστοῦ,
1460 1729 1552 1780 καὶ
1583 1728 1673 1781 τὸν
1701 1731 1832 1782 Θεὸν

265 1813 679 1881 θεραπεύοντος,
724 1817 994 1884 φήσαντος
1048 1817 1183 1885 πρὸς
1239 1817 1473 1880 αὐτοὺς,
1504 1820 1580 1881 ὡς
1618 1820 1716 1871 οὐκ
1762 1819 1828 1874 ἂν

260 1903 491 1976 διαλάθῃ
521 1906 610 1955 τὸν
630 1905 728 1973 τῆς
767 1908 1105 1978 παντεφόρου
1137 1908 1291 1978 δίκης
1331 1908 1626 1977 ὀφθαλμὸν,
1668 1911 1828 1980 ἀκρι-

264 1997 352 2048 ϐεῖ
379 1996 522 2065 λόγῳ
551 1997 850 2065 γράφοντα.
870 1999 1019 2051 Αίδοῖ
1046 1999 1100 2051 δὲ
1125 1999 1220 2051 τοῦ
1242 1998 1432 2066 ἀνδρὸς
1459 2001 1556 2069 τῆς
1586 2002 1827 2070 ταραχῆς

267 2092 655 2155 παυσαμένων,
682 2086 939 2156 ἐξανέστη
959 2090 994 2163 ,ὁ
1031 2088 1346 2158 Ὀλύμπιος,
1383 2090 1474 2140 καὶ
1506 2091 1571 2159 τῇ
1600 2088 1826 2156 ἔμϐάσει

261 2177 372 2228 τῶν
415 2178 632 2248 θερμῶν
677 2179 751 2240 ὡς
801 2177 920 2241 ἔθος
978 2181 1342 2250 χρησάμενος,
1371 2180 1567 2247 ἔξεισιν
1598 2183 1692 2235 ἐπὶ
1729 2182 1827 2250 τὴν

260 2269 371 2320 τῶν
397 2269 616 2338 ψυχρῶν
660 2271 867 2323 ὑδάτων
898 2271 1195 2342 δεξαμενὴν
1219 2312 1234 2336 ,
1293 2273 1412 2340 ἥτις
1452 2273 1718 2342 λαμϐάνει
1759 2274 1828 2325 τὰ

263 2363 431 2416 ὕδατα
457 2366 520 2416 ὲκ
553 2364 734 2433 πηγῆς
763 2366 1089 2434 τικτομένης
1116 2366 1281 2434 μέσον
1301 2365 1394 2418 τοῦ
1420 2369 1617 2419 σεπτοῦ
1640 2366 1827 2418 θυσια-

263 2454 486 2522 στηρίου
515 2453 610 2505 τοῦ
637 2453 869 2519 εὐαγοῦς
899 2454 1046 2506 οἴκου
1084 2454 1178 2506 τοῦ
1207 2456 1670 2524 πρωτομάρτυρος
1697 2457 1828 2507 Στε-

261 2545 456 2610 φάνου,
487 2545 544 2595 ὃν
573 2545 630 2595 ὲν
690 2543 936 2607 παλαιοῖς
982 2545 1222 2608 ἔκτισεν,
1257 2545 1554 2613 ἀξιώμασιν
1583 2547 1826 2616 ἀρχσντι-

259 2638 377 2697 κοῖς
420 2636 746 2705 διαλάμψας,
773 2636 1107 2706 Δύρηλιανός
1127 2653 1142 2665 ·
1166 2636 1374 2689 ἐνθένδε
1405 2638 1644 2706 ἡγοῦμαι
1677 2637 1826 2699 θείας

259 2727 489 2794 ὲποψίας
531 2727 591 2778 τὸ
634 2726 774 2796 ὕδωρ
813 2727 1113 2792 ἀξιοῦσθαι.
1157 2722 1307 2800 Ἐνῇ
1352 2727 1594 2789 καταϐάς
1635 2726 1825 2780 θᾶττον

259 2818 638 2877 ἐπαναϐαίνει,
672 2819 997 2887 κραυγάζων
1018 2835 1030 2848 ·
1079 2819 1364 2888 Ἐλεήσατέ
1419 2837 1508 2888 με,
1535 2820 1822 2887 ἔλεήσατεί

259 2909 370 2962 Καὶ
390 2909 598 2977 κνὴθων
622 2907 784 2961 αὐτοῦ
806 2909 904 2970 τὰς
931 2909 1158 2979 σάρκας,
1177 2910 1283 2960 τῶν
1310 2909 1480 2961 ὀστῶν
1502 2911 1604 2962 ἀπε
1616 2910 1678 2978 μέ
1690 2909 1822 2977 ριξε.

258 3003 463 3063 Πάντες
487 3002 543 3052 δὲ
582 3003 710 3070 περὶ
747 3002 910 3054 αὐτὸν
950 3001 1268 3069 γενόμενοι,
1302 3001 1397 3053 καὶ
1427 3001 1822 3070 κρατήσαντες,

259 3094 455 3145 σινδόνι
504 3093 976 3161 περιτυλίξαντες,
1011 3093 1295 3145 ἀνέκλιναν
1350 3090 1819 3161 ψυχορραγοῦντα.

1933 638 2100 698 Inine,
2131 637 2284 702 juxta
2307 654 2509 705 equum
2543 640 2939 693 ambulatorem
2983 639 3258 709 Eutbymii
3283 645 3494 694 Ariana'

1933 727 2187 781 factionis
2217 729 2465 782 exarcbte
2509 731 2800 784 subsultim
2835 733 3087 784 incedere
3117 733 3332 788 solitus.
3371 751 3494 784 cum

1891 844 1901 856 -
1931 828 2077 871 esset
2113 820 2167 871 in
2207 820 2424 872 lavacro
2452 822 2632 889 palatii
2672 823 3116 887 Ilelenianorum,
3162 825 3215 875 in
3247 826 3380 876 cella
3414 835 3493 876 tc-

1934 911 2142 976 pidaria
2176 914 2468 964 nonnullos
2495 929 2682 966 eorum
2716 915 2808 981 qui
2855 915 3200 978 lavabantur,
3254 919 3495 967 consul:-

1932 1002 2209 1054 stantialis
2256 1003 2412 1054 tidem
2469 1007 2810 1079 celebrantes
2861 1007 3235 1072 conspicatus,
3276 1006 3359 1058 his
3402 1021 3496 1057 eos

1935 1092 2117 1144 verbis
2170 1093 2443 1145 allocutus
2483 1104 2564 1146 est
2597 1114 2608 1145 :
2643 1094 2850 1162 Ecquid
2901 1097 3043 1148 enim
3090 1105 3174 1147 est
3209 1097 3498 1148 Trinitas?

1935 1189 2030 1232 aut
2071 1198 2179 1248 quo
2213 1184 2262 1234 in
2297 1184 2500 1250 pariete
2549 1184 2814 1249 inscripta
2848 1199 2953 1236 non
3009 1185 3136 1236 est?
3189 1179 3499 1251 Statimque

1938 1272 2190 1326 virilibus
2248 1289 2410 1325 manu
2469 1273 2870 1342 apprehensis:
2921 1275 3082 1338 Ecce,
3143 1277 3338 1345 inquit.
3397 1293 3499 1345 ego

1934 1377 2151 1430 quoque
2206 1364 2529 1416 Trinitatem
2579 1364 2777 1418 habeo.
2819 1365 2951 1418 Eam
3013 1367 3083 1418 ob
3130 1383 3241 1420 rem
3292 1369 3368 1420 illi
3403 1371 3494 1436 qui

1935 1453 2163 1507 aderant
2211 1455 2407 1506 animis
2445 1454 2744 1518 concitati,
2791 1471 2916 1509 eum
2955 1458 3143 1509 statim
3188 1458 3496 1512 interfecis-

1934 1552 2078 1605 sent,
2117 1545 2225 1598 nisi
2255 1559 2349 1597 eos
2385 1545 2467 1596 vir
2493 1546 2715 1613 quidam
2761 1548 3106 1601 admirabilis
3131 1588 3144 1610 ,
3179 1564 3241 1603 ac
3274 1550 3496 1619 religio-

1935 1649 2030 1688 sus
2063 1633 2159 1688 Dei
2179 1636 2377 1697 cultor,
2404 1634 2632 1703 Magnus
2662 1637 2904 1699 nomine,
2923 1638 3247 1692 Sanctorum
3266 1642 3497 1708 Aposto-

1936 1723 2113 1776 lorum
2148 1726 2398 1778 ecclesite
2431 1728 2572 1778 intra
2609 1728 2749 1780 muri
2790 1729 3056 1782 ambitum
3083 1734 3499 1802 presbyter,rc-

1935 1815 2248 1881 pressisset,
2281 1813 2580 1877 afﬁrmans,
2606 1818 2657 1870 id
2685 1817 2918 1885 justitize
2950 1828 3148 1872 cuncta
3191 1823 3496 1887 spectantis

1930 1903 2151 1955 oculum
2209 1904 2377 1957 latere
2435 1920 2544 1957 non
2595 1920 2778 1974 posse,
2816 1907 2908 1975 qui
2942 1909 3158 1977 singula
3206 1904 3497 1978 diligenter

1932 1991 2272 2045 conscribat.
2332 1991 2467 2044 Cum
2525 1994 2692 2063 igitur
2723 2004 2941 2066 propter
2974 1997 3075 2049 viri
3135 2001 3494 2053 reverentiam

1930 2083 2090 2136 turba
2140 2084 2466 2152 quievisset,
2522 2086 2764 2140 surrexit
2821 2087 3126 2157 Olympius,
3159 2097 3213 2143 et
3248 2091 3492 2145 thermas

1932 2171 2236 2241 ingressus,
2286 2175 2453 2244 inque
2501 2177 2661 2246 aquis
2695 2177 2896 2231 calidis
2939 2179 3005 2232 de
3038 2195 3190 2233 more
3228 2180 3396 2243 lotus,
3429 2181 3494 2234 ad

1931 2264 2252 2336 frigidarum
2315 2269 2586 2336 piscinam
2640 2268 2826 2333 vadit;
2867 2286 2986 2338 qum
3043 2273 3264 2339 quidem
3323 2289 3496 2341 aquas

1928 2357 2154 2425 excipit,
2188 2375 2219 2412 e
2249 2358 2428 2412 medio
2462 2361 2620 2414 altari
2655 2371 2861 2416 sanctm
2898 2363 3148 2417 ecclesiae
3184 2374 3494 2431 protomar-

1930 2447 2066 2517 tyris
2106 2446 2394 2516 Stephani.
2427 2450 2555 2502 olim
2592 2451 2661 2504 ab
2695 2452 2998 2505 Aureliano
3038 2454 3381 2520 prefecturze
3411 2456 3494 2506 di-

1927 2537 2236 2605 gnitatibus
2284 2539 2488 2592 illustri
2521 2549 2876 2598 constructtr.
2919 2545 3309 2597 scaturientes.
3352 2543 3492 2597 llinc

1927 2629 2087 2696 plane
2129 2643 2323 2696 aquam
2362 2630 2509 2681 illam
2562 2631 2783 2699 dignam
2820 2633 2989 2686 fuisse
3023 2633 3285 2691 arbitror.
3331 2649 3492 2703 quam

1892 2757 1897 2762 -
1929 2719 2070 2774 Deus
2103 2722 2218 2803 ipse
2249 2727 2545 2788 spectaret.
2573 2720 2628 2773 ln
2661 2722 2799 2776 hanc
2823 2724 2911 2775 ille
2935 2738 3058 2776 cum
3093 2724 3491 2784 descendisset,

1927 2810 2074 2862 dicto
2098 2812 2252 2865 ocius
2286 2812 2569 2873 remeavit,
2601 2827 2725 2866 cum
2764 2812 2973 2880 ejulalu
3007 2814 3294 2868 clamans:
3329 2815 3492 2869 Mise-

1927 2901 2123 2954 remini
2166 2903 2293 2972 mei,
2329 2903 2667 2956 miseremini
2717 2905 2817 2958 mei
2847 2907 2858 2956 !
2891 2904 2955 2957 Et
3005 2919 3201 2959 carnes
3233 2921 3362 2960 suas
3395 2923 3493 2959 un-

1926 2992 2128 3059 guibus
2180 2993 2460 3061 scalpens,
2510 2995 2578 3047 ab
2631 2995 2853 3048 ossibus
2886 2997 3202 3050 divellebat.
3239 2998 3392 3053 Tune
3427 3001 3492 3052 ad

1927 3082 2104 3150 ipsum
2137 3096 2326 3137 omnes
2352 3096 2710 3146 concurrere,
2747 3087 3145 3153 apprehensum
3195 3089 3362 3143 linteo
3413 3091 3493 3144 in-

271 3185 599 3254 Ἐπηρώτων
631 3185 710 3244 δὲ,
737 3185 791 3235 τί
837 3183 902 3236 ἂν
951 3183 1036 3254 εἴη
1094 3182 1157 3235 τὸ
1207 3183 1438 3254 συμϐὰν,
1466 3183 1559 3236 καί
1594 3199 1760 3252 φησιν
1798 3183 1821 3233 ό

1929 3173 2168 3233 volvere,
2196 3187 2256 3225 ac
2290 3190 2402 3242 pra:
2435 3175 2637 3244 frigore
2667 3177 3014 3231 deﬁcientem
3047 3181 3340 3234 reclinare.
3387 3181 3494 3233 Ro-

269 3276 596 3344 Ὀλύμπιος·
635 3275 837 3345 Ἀνδρα
882 3277 1127 3327 κατεῖδον
1180 3273 1628 3344 λευχειμονοῦντα
1652 3313 1666 3332 ,
1698 3275 1820 3325 επι-

258 3365 425 3418 ϐάντα
463 3383 552 3434 μοι
583 3366 724 3417 κατὰ
766 3366 864 3433 τῆς
897 3365 1219 3436 νεροφόρου,
1264 3366 1358 3418 καὶ
1414 3368 1560 3436 τρεῖς
1595 3362 1820 3426 σίκλαςει

257 3454 462 3524 θερμοῦ
514 3454 841 3526 περιχέαντά
878 3471 989 3524 μοι,
1019 3457 1113 3507 καὶ
1166 3454 1394 3522 λέγοντά
1430 3470 1551 3523 μοι·
1576 3454 1666 3523 Μὴ
1699 3454 1821 3506 δυσ-

257 3544 445 3610 φήμει.
478 3542 746 3605 Λαϐόντες
777 3543 835 3596 δὲ
874 3544 1036 3595 αὑτὸν
1065 3545 1266 3614 φορείῳ
1293 3545 1342 3596 οἱ
1367 3545 1514 3613 αὐτῷ
1543 3544 1822 3611 διαφέρον-

253 3645 386 3693 τες,
420 3629 781 3700 μετεκόμισαν
837 3633 895 3684 ὲν
957 3632 1130 3702 ἑτέρῳ
1185 3632 1394 3700 λουτρῷ
1445 3632 1821 3700 προσκειμένῳ

251 3724 322 3790 τῇ
367 3723 477 3774 τῶν
535 3722 827 3790 ’Δρειανῶν
863 3722 1148 3792 ἐκκλησίᾳ.
1199 3723 1474 3776 Θελόντων
1524 3722 1580 3775 δὲ
1635 3722 1815 3774 αὐτῶν

251 3811 576 3875 ἁποτυλίξαι
607 3811 705 3880 τὴν
764 3812 979 3864 σινδόνα
1018 3813 1113 3865 ἀπ’
1147 3814 1310 3867 αὑτοῦ
1333 3855 1348 3878 ,
1380 3813 1767 3883 συνεξέπαιρον
1794 3823 1818 3851 ο

250 3905 436 3966 πάσας
481 3906 578 3966 τὰς
629 3905 836 3973 σάρκας
885 3903 1049 3956 αὐτοῦ
1081 3944 1096 3968 ,
1132 3905 1227 3958 καὶ
1277 3905 1450 3968 οὓτως
1503 3904 1814 3975 νεκρωθεὶς,

249 3997 501 4050 ἀπέδωκε
520 3996 581 4048 τὸ
608 3997 840 4065 πνεῦμα.
873 3998 1115 4050 Γνωστὸν
1142 3998 1199 4050 δὲ
1229 3999 1439 4065 ἐγένετο
1462 3997 1618 4049 τοῦτο
1634 3997 1819 4065 σχεδὸν

250 4085 528 4155 καθ’ὄλης
560 4085 660 4154 τῆς
715 4086 1004 4154 βασιλίδος.
1044 4089 1341 4157 Ἐφήμιζον
1388 4088 1445 4141 δέ
1491 4105 1636 4151 τινες
1688 4088 1816 4156 περ)⁵

247 4175 348 4228 τοῦ
379 4175 726 4237 πεπονθότος,
758 4177 832 4238 ὼς
863 4178 1071 4246 χρόνοις
1100 4179 1261 4244 τισὶν,
1287 4178 1394 4230 ἀπὸ
1421 4179 1521 4246 τῆς
1547 4179 1606 4230 τὸ
1625 4178 1816 4247 ὀμοού-

251 4285 369 4318 σιον
413 4265 739 4333 δοξαζούσης
807 4267 1101 4336 θρησκείας
1152 4270 1231 4330 εἰς
1277 4269 1376 4336 τὴν
1429 4269 1636 4336 Ἀρείου
1690 4285 1814 4336 μετ-

249 4357 583 4410 εϐαπτίσατο
615 4356 884 4425 λατρείαν.
934 4358 1148 4429 Ἐπειδὴ
1180 4359 1236 4410 δὲ
1267 4363 1328 4410 τὸ
1357 4359 1698 4428 συμϐεϐηκὸς
1721 4361 1815 4411 καὶ

248 4450 442 4509 ἀκοαῖς
497 4447 758 4514 βασιλέων
795 4447 1164 4514 ἐπλησίασεν·
1209 4450 1556 4512 Ἀναστάσιος
1600 4450 1656 4501 δὲ
1701 4446 1806 4519 ἦν·

1931 3264 2184 3329 gantibus
2215 3273 2397 3319 autem
2429 3267 2692 3332 quidnam
2724 3269 2772 3320 ei
2808 3269 3156 3337 contigisset,
3201 3274 3494 3340 respondet

1931 3351 2255 3422 Olympius:
2294 3353 2583 3407 Hominem
2623 3356 2891 3410 .candidis
2943 3359 3196 3411 indutum
3251 3362 3495 3414 vestibus

1929 3443 2064 3506 vidi,
2097 3447 2190 3513 qui
2218 3445 2378 3513 juxta
2431 3447 2646 3499 labrum
2693 3447 2957 3501 incedens
2981 3488 2996 3513 ,
3032 3458 3140 3503 tres
3174 3452 3305 3504 mihi
3340 3467 3493 3520 aqua:

1929 3535 2118 3589 calidae
2141 3537 2341 3590 situlas
2367 3536 2568 3590 infudit
2598 3538 2793 3592 dicens
2824 3556 2838 3593 :
2872 3537 2950 3593 Ne
2974 3541 3328 3609 blaSpbemus
3351 3552 3490 3596 esto.

1930 3625 2067 3678 Tum
2103 3629 2196 3695 qui
2231 3627 2304 3680 illi
2333 3628 2737 3683 necessitudine
2761 3631 3041 3696 conjuncti
3076 3641 3258 3695 erant,
3285 3632 3493 3687 ferculo

1927 3733 2048 3771 eum
2085 3719 2361 3782 tollentes,
2384 3721 2438 3772 in
2470 3719 2621 3772 aliud
2666 3720 2918 3774 balneum
2953 3722 3282 3776 Arianorum
3316 3726 3503 3780 eccles

1927 3808 2023 3861 sia
2053 3808 2296 3861 vicinum
2327 3808 2690 3862 transferunt.
2721 3807 2828 3863 Sed
2855 3825 2978 3863 cum
3021 3811 3250 3866 linteum
3285 3816 3490 3870 vellent.

1926 3897 2225 3966 explicare,
2260 3913 2452 3952 omnes
2475 3897 2593 3966 ejus
2614 3913 2810 3954 carnes
2834 3899 3164 3963 lacerarunt,
3196 3911 3360 3970 atque
3387 3907 3488 3958 hoc

1925 3992 2088 4042 modo
2147 3997 2434 4049 enecatus,
2495 3990 2745 4055 spiritum
2797 3992 3054 4046 reddidit.
3100 3993 3212 4059 .Qui
3268 3996 3488 4064 quidem

1924 4093 2153 4135 eventus
2184 4097 2278 4149 ρριι
2327 4084 2648 4136 universum
2685 4082 2797 4137 fere
2833 4085 3120 4153 imperium
3170 4088 3486 4157 divulgatus

1923 4182 2026 4226 est.
2062 4171 2320 4226 Nonnulli
2355 4171 2600 4226 ferebant
2632 4171 2963 4243 Olympium,
2999 4178 3091 4244 qui
3130 4179 3256 4231 talia
3291 4195 3486 4248 passus

1921 4273 2025 4324 est,
2067 4265 2255 4330 aliquo
2286 4278 2352 4316 ex
2379 4273 2627 4331 tempore
2659 4264 2730 4316 ab
2768 4281 2831 4318 ea
2877 4267 3162 4336 religione,
3196 4285 3316 4338 qua
3349 4286 3483 4325 con-

1921 4352 2338 4405 substantialem
2369 4350 2686 4404 Trinitatem
2713 4354 2972 4412 celebrat,
3004 4354 3066 4404 ad
3096 4357 3352 4408 Arianam
3378 4359 3484 4411 ba:-

1922 4443 2081 4496 resim
2141 4444 2383 4497 secundo
2445 4445 2776 4512 baptismate
2810 4446 3118 4499 transiisse.
3173 4447 3334 4517 377
3381 4449 3480 4504 Ubi

251 4537 552 4606 ἐπέτρεψεν
572 4537 738 4588 εἰκόνι
770 4538 1148 4606 χρωματισθὲν
1174 4538 1236 4590 τὸ
1275 4539 1575 4607 τεράστιον,
1599 4538 1812 4607 ’ὕπερθε

1922 4549 2048 4587 vero
2094 4551 2181 4589 res
2235 4536 2338 4588 ista
2389 4535 2454 4589 ad
2501 4537 2850 4603 imperatoris
2914 4535 3074 4590 aures
3119 4541 3365 4604 pervenit
3412 4542 3482 4606 (is

246 4628 350 4699 τῆς
367 4629 659 4699 νεροφόρου
697 4630 1102 4698 καταπαγῆναι.
1149 4631 1397 4700 Ἰωάννης
1429 4631 1486 4684 δέ
1515 4649 1596 4694 τις
1634 4631 1816 4684 διάκο-

247 4735 363 4780 νος,
386 4719 477 4769 καὶ
509 4718 720 4781 ἔκδικος
769 4719 869 4788 τῆς
915 4719 1008 4770 τοῦ
1052 4720 1441 4789 προλεχθὲντος
1484 4721 1709 4788 εὐαγοῦς
1742 4723 1816 4774 οῖ-

243 4826 348 4862 κου
395 4811 664 4877 Στεφάνου
704 4810 799 4863 τοῦ
830 4810 937 4863 τῶν
973 4812 1266 4882 μαρτύρων
1306 4814 1521 4882 πρώτου
1543 4853 1558 4876 ,
1594 4815 1732 4882 ἀνὴρ
1767 4816 1820 4865 εἴ

240 4914 333 4959 τις
365 4897 520 4959 ἄλλος
571 4897 732 4967 ζῆλον
773 4900 913 4970 ὑπὲρ
942 4900 1036 4952 τοῦ
1083 4904 1367 4970 ὁμοουσίου
1389 4904 1655 4972 δόγματος
1685 4906 1812 4956 ἑκά-

243 5002 405 5038 στοτε
436 4985 862 5055 ἐνδεικνύμενος,
896 4990 990 5040 καὶ
1024 4990 1185 5052 αὐτὸς
1232 4992 1398 5042 εἰκόνι
1443 4992 1809 5061 κατέγραψεν,

236 5075 363 5129 ἀλλ’
386 5079 483 5145 οὑχ
514 5078 725 5140 ἁπλῶς·
753 5079 858 5132 τῶν
887 5081 994 5149 γάρ
1018 5082 1198 5134 ἐκεῖσε
1230 5082 1534 5150 λουομένων
1561 5086 1656 5135 καὶ
1685 5084 1814 5134 θεα-

240 5168 500 5234 σαμένων
532 5169 768 5238 ὀνόματα
812 5171 1148 5241 κατέγραψε,
1176 5173 1271 5224 καὶ
1300 5173 1428 5224 ἔνθα
1461 5174 1544 5243 εἴη
1586 5173 1813 5234 ἕκαστος

236 5256 432 5320 οἰκῶν,
468 5256 547 5309 ἔτι
594 5275 653 5311 τε
706 5259 798 5311 καὶ
846 5260 953 5310 τῶν
1001 5262 1113 5322 τοῖς
1146 5259 1808 5332 ὕδασινοὺπηρετούντων.

1916 4640 2082 4694 porro
2113 4625 2439 4679 Anastasius
2468 4628 2627 4693 erat),
2658 4627 2825 4694 jussit
2856 4628 3252 4680 utmiraculum
3284 4631 3476 4684 colori-

1920 4719 2022 4770 bus
2073 4718 2128 4769 in
2164 4717 2351 4768 tabula
2400 4717 2675 4784 depictum
2719 4717 2772 4770 in
2827 4720 3094 4786 superiori
3151 4720 3288 4773 labri
3329 4733 3480 4789 parte

1916 4806 2246 4877 adigeretur.
2294 4806 2465 4862 Porro
2516 4807 2756 4863 Joannes
2803 4810 3028 4877 quidam
3077 4811 3366 4872 diaconus.
3426 4827 3479 4869 et

1914 4908 2117 4952 sancta:
2163 4898 2310 4950 illius
2352 4900 2615 4958 ecclesiae.
2667 4899 2828 4967 cujus
2887 4915 3052 4969 supra
3104 4903 3475 4959 meminimus.

1913 4989 2176 5057 Stephani
2215 4990 2377 5058 primi
2409 4989 2667 5060 Martyris
2698 4993 2920 5044 nomine
2961 4993 3158 5046 dicata:
3192 4993 3473 5055 defensor.

1910 5083 2014 5142 vir,
2043 5079 2084 5131 si
2118 5080 2242 5147 quis
2266 5080 2425 5144 alius,
2462 5082 2638 5134 zelum
2677 5097 2777 5151 pro
2809 5083 3062 5152 dogmate
3109 5085 3475 5139 consubstan-

1911 5172 2061 5225 tialis
2101 5170 2304 5226 tuendo
2339 5187 2604 5240 nusquam
2643 5187 2750 5226 non
2798 5188 3085 5236 exserens,
3119 5175 3234 5242 ipse
3261 5190 3477 5245 quoque

1911 5278 2020 5317 non
2052 5261 2382 5332 pingendam
2415 5262 2600 5325 modo,
2631 5264 2724 5317 sed
2755 5271 2807 5317 et
2837 5278 3027 5316 eorum
3056 5266 3146 5333 qui
3183 5266 3292 5318 illic
3327 5266 3475 5318 lava-

1526 5479 1758 5536 VARIIE
1793 5478 2196 5537 LECTIONES.

322 5648 346 5677 ε
381 5636 566 5692 Billius
592 5638 842 5692 emendat
895 5637 1130 5700 καλέσας
1153 5637 1243 5690 τὸν
1272 5637 1548 5706 βαδιστὴν.
1587 5636 1834 5707 Valesius
1866 5653 1996 5692 vero
2036 5609 2126 5689 τον
2167 5637 2422 5707 βαδιοτὴν
2455 5637 3043 5706 παραχορεύων,Ῑιι.τια
3069 5655 3251 5706 equum
3287 5639 3470 5689 ambu-

233 5709 467 5762 latorem
500 5708 772 5762 subsultim
802 5708 1063 5762 incedens.
1095 5711 1225 5773 Qua:
1284 5709 1465 5762 verior
1513 5706 1730 5760 videtur
1781 5708 1960 5762 lectio.
2035 5706 2214 5777 διες.
2253 5711 2455 5768 σίτλας.
2498 5707 2691 5760 Latine
2734 5709 2948 5761 situlos.

225 5779 470 5847 επῇρον.

3027 5720 3048 5746 ο
3091 5707 3246 5762 Forte
3287 5709 3443 5770 συνιξ
