4172 6490
233 423 364 486 I393

1320 423 1415 482 DE
1452 421 1913 482 IMAGINIBUS
1954 420 2235 479 ORATIO
2285 420 2395 478 lli.

3348 414 3476 478 I391

223 528 421 588 εἰκόνα
445 532 645 598 τεθεὶς,
677 530 910 597 ἐξέπνει.
940 531 1050 603 Τὴν
1087 534 1194 603 γὰρ
1235 536 1343 588 ἀπὸ
1394 536 1644 606 σώματος
1690 534 1803 607 διά-

1909 535 2083 590 factus
2140 533 2252 596 ille,
2310 533 2691 586 ministrorum
2740 529 3053 600 quempiam
3104 529 3366 585 accersit.
3418 529 3484 587 lii

224 645 411 681 στασιν
438 628 537 696 τῆς
570 626 769 698 ψυχῆς,
790 625 1104 694 ἐλευθερίαν
1142 630 1380 693 ἀνέσεως
1406 631 1433 681 ὁ
1459 630 1643 699 ὀφθεὶς
1670 630 1800 696 ἀγο-

223 715 400 786 ρεύων
429 716 751 786 ἠλήθευσεν.
798 710 839 767 ›“

1908 634 2090 680 autem
2127 624 2537 693 obstupescere,
2571 622 2699 691 quia
2743 623 2855 689 jam
2897 621 3137 675 triduum
3187 622 3306 676 sine
3352 636 3486 677 voce

1910 726 2118 788 egerat.
2156 716 2224 771 At
2273 716 2365 788 ille
2413 731 2493 780 se,
2543 722 2604 767 ut
2666 715 2847 770 fuerat
2903 715 3251 783 imperatum,
3315 715 3485 782 jussit

222 809 526 877 asportari.
548 808 658 863 Sed
684 809 778 863 ubi
804 809 871 863 ad
903 809 1083 865 locum
1119 814 1290 875 venit,
1319 812 1478 881 juxta
1512 814 1804 884 imaginem
1848 811 2062 882 positus
2091 784 2415 880 exspiravit.
2449 808 2581 863 Nam
2619 811 2715 879 qui
2742 794 2893 863 visus
2925 807 3123 875 fuerat,
3195 806 3392 863 animae
3453 822 3483 860 a

220 916 454 971 corpore
486 900 915 969 sejunctionem,
944 918 1043 972 per
1074 904 1252 957 morbi
1295 905 1688 959 relaxationem
1722 907 1861 960 eit‘ra
1897 905 2247 959 mendacium
2281 900 2637 972 significarat.
2687 922 2703 951 ι

227 994 338 1049 Τοῦ
374 995 565 1068 οίγίου⁸
602 995 1028 1063 Ἀναστασίου,
1066 997 1173 1051 τοῦ
1224 998 1394 1066 ἁγίου
1432 1000 1608 1066 ὄρους
1638 997 1800 1054 Σιγᾶ.

298 1102 316 1135 ι
368 1084 500 1137 Ἀπὸ
530 1085 815 1156 τεσσάρων
857 1086 1050 1156 μιλίων
1080 1088 1396 1158 Δαμασκοῦ,
1434 1088 1632 1159 χώριόν
1658 1092 1805 1143 ἐστιν

219 1175 611 1246 ἐπιλεγόμενον
637 1179 935 1249 Καρσάτας
958 1190 974 1208 ³
1005 1182 1064 1233 ὲν
1093 1174 1137 1249 ᾧ
1175 1182 1361 1251 χωρίῳ
1384 1182 1509 1244 ναός
1556 1184 1673 1234 ἐστι
1708 1183 1801 1236 τοῦ

217 1268 381 1335 ἁγίου
409 1270 705 1342 Θεοδώρου.
756 1273 843 1324 Ἐν
875 1271 1049 1342 τούτῳ
1079 1272 1157 1341 τῷ
1196 1273 1308 1341 ναῷ
1343 1273 1673 1337 εἰσελθόντες
1701 1276 1803 1327 Σα-

224 1361 453 1430 ρακηνοὶ
499 1361 850 1433 κατῴκησαν,
882 1363 1061 1416 πάντα
1096 1362 1266 1433 ῥύπον
1315 1364 1409 1416 καὶ
1455 1363 1802 1434 ἀκαθαρσίαν
1850 1406 1863 1421 α

220 1454 291 1504 ὲκ
344 1454 618 1519 γυναικῶν
671 1455 768 1507 καὶ
814 1455 1023 1508 παίδων
1054 1455 1148 1508 καὶ
1191 1454 1399 1522 ἀλόγων
1452 1456 1799 1523 ποιήσαντες.

158 1602 159 1605 η
236 1543 326 1595 Ἐν
359 1545 459 1617 μιᾷ.
490 1539 587 1596 οὖν
622 1544 728 1597 τῶν
754 1545 977 1615 ἡμερῶν
1008 1544 1387 1614 καθεζομένων
1418 1544 1678 1597 πλειόνων
1701 1545 1800 1597 αὐ-

221 1632 355 1695 τῶν,
383 1634 476 1687 καὶ
509 1636 1008 1705 συντυγχανόντων,
1039 1635 1260 1707 ἔρριψεν
1286 1632 1366 1698 εἷς
1397 1636 1455 1701 ἐξ
1499 1635 1678 1688 αὐτῶν
1708 1654 1800 1688 σα-

220 1726 384 1790 γίταν
430 1726 568 1779 κατά
616 1727 716 1796 τῆς
768 1726 975 1798 εἰκόνος
1026 1726 1119 1778 τοῦ
1161 1725 1316 1793 ἁγίου
1361 1724 1671 1795 Θεοδώρου,
1709 1726 1803 1777 καὶ

221 1816 489 1883 ἔκρουσεν
530 1820 609 1881 είς
650 1818 741 1870 τὸν
795 1818 967 1882 δεξιὸν
1023 1814 1172 1887 ὦμον
1209 1817 1374 1869 αὑτοῦ
1408 1858 1421 1879 ,
1454 1818 1549 1869 καὶ
1602 1816 1804 1879 εὐθέως

221 1906 449 1975 ἐξῆλθεν
477 1902 637 1978 αἷμα,
664 1909 756 1961 καὶ
811 1906 1078 1977 κατῆλθεν
1108 1907 1211 1968 ἓως
1250 1906 1398 1958 κάτω
1448 1906 1545 1975 τῆς
1576 1906 1801 1970 εἰκόνος,

223 2002 447 2054 πάντων
478 2000 825 2072 θεωρούντων
855 2002 915 2054 τὸ
965 2001 1255 2071 γενόμενον
1289 2001 1511 2068 σημεῖον
1533 2038 1546 2061 ,
1583 1998 1674 2050 καὶ
1706 1997 1805 2067 τὴν

224 2094 458 2160 σαγίταν
496 2094 858 2164 πεπηγμένην
888 2095 967 2157 είς
998 2093 1089 2147 τὸν
1110 2086 1257 2162 ὦμον
1285 2090 1378 2143 τοῦ
1413 2092 1591 2157 ἁγίου,
1623 2090 1717 2142 καὶ
1746 2089 1806 2141 τὸ

222 2180 365 2255 αἷμα
391 2186 811 2256 κατερχόμενον.
840 2186 947 2238 Καὶ
975 2186 1080 2256 μὴν
1108 2186 1333 2255 σημεῖον
1360 2180 1595 2236 τοιοῦτον
1627 2182 1806 2251 παρά-

221 2275 376 2341 δοξον
414 2276 707 2345 γενόμενον
742 2275 1110 2346 θεασάμενοι,
1141 2273 1241 2325 οὐκ
1292 2268 1457 2343 ἦλθον
1492 2273 1571 2335 είς
1626 2275 1806 2325 συναί-

224 2367 441 2438 σθησιν.
502 2369 577 2421 Ού
632 2368 956 2438 μετενόησεν
985 2366 1014 2418 ὁ
1055 2365 1153 2437 τὴν
1204 2366 1429 2435 σαγίταν
1478 2363 1675 2434 ῥίψας⁸
1707 2365 1806 2417 ούκ

224 2458 491 2528 ἐτάραξεν
520 2460 711 2513 ἑαυτὸν
732 2453 811 2522 εἷς
847 2460 904 2525 ἐξ
927 2459 1105 2513 αὐτῶν
1128 2474 1139 2486 ·
1177 2458 1276 2510 οὐκ
1322 2456 1678 2526 ἀνεχώρησαν
1708 2454 1804 2507 τοῦ

224 2551 385 2604 ναοῦ·
413 2552 513 2605 ούκ
547 2551 855 2605 ἐπαύσαντο
912 2548 1212 2621 ρυποῦντες
1244 2550 1407 2602 αὐτόν
1431 2564 1444 2577 °
1483 2549 1578 2599 καὶ
1624 2540 1805 2617 μέντοι

224 2658 294 2709 γε
329 2642 429 2713 τὴν
475 2642 711 2712 ἐσχάτην
759 2641 966 2695 ἔδωκαν
1010 2639 1304 2710 τιμωρίαν.
1340 2638 1805 2709 Εἰκοσιτεσσάρων

227 2734 341 2805 γὰρ
378 2734 544 2787 οἴκων
573 2733 931 2805 ὑπαρχόντων
965 2734 1021 2799 ἐξ
1056 2732 1237 2786 αὐτῶν
1260 2732 1370 2783 τῶν
1407 2731 1805 2784 κατοικούντων

227 2828 290 2877 ἐν
331 2825 408 2896 τῷ
457 2826 590 2895 ναῷ,
625 2826 773 2887 ἐντὸς
807 2825 1005 2892 ὀλίγων
1045 2823 1267 2894 ἡμερῶν
1327 2822 1565 2885 ἅπαντες
1622 2820 1805 2891 πικρῷ

225 2916 447 2987 θανάτῳ
491 2915 912 2986 ὲξηλείφθησαν,
949 2914 1177 2986 μηδενὸς
1207 2915 1413 2967 τούτων
1451 2914 1806 2983 τελευτήσαν-

227 3026 323 3071 τος
351 3010 409 3062 ὲν
434 3007 512 3078 τῷ
542 3007 690 3079 αὐτῷ
716 3008 929 3078 χωρίῳ,
962 3009 1010 3059 εἰ
1041 3006 1115 3076 μὴ
1146 3006 1327 3059 αὐτῶν
1355 3004 1464 3057 τῶν
1494 3004 1821 3057 κατοικούνεν

226 3119 339 3155 των
375 3104 430 3155 ὲν
452 3101 529 3171 τῷ
564 3100 677 3171 ναῷ
717 3103 773 3153 ὲν
800 3103 918 3163 ταῖς
961 3099 1153 3161 αύταίς
1183 3097 1443 3167 ἡμέραις.
1484 3094 1632 3166 Αὕτη
1658 3090 1804 3165 οὖνὴ

2121 997 2308 1052 Sancti
2336 995 2607 1049 Anastasii
2639 1011 2671 1046 a
2703 1003 2885 1046 sancto
2918 1001 3090 1044 morte
3120 992 3268 1044 Sina.

1983 1108 2000 1139 ι
2043 1088 2287 1154 Quatuor
2326 1088 2598 1170 rnilliariis
2623 1084 2887 1139 Damasco
2926 1086 3139 1139 vieulus
3174 1085 3358 1150 distat,
3388 1086 3479 1153 qui

1884 1177 2161 1233 ‘Carsatas
2184 1178 2517 1243 nominatur,
2538 1178 2591 1231 in
2610 1192 2719 1247 quo
2737 1176 2991 1245 templum
3015 1184 3098 1229 est
3114 1174 3290 1230 sancti
3306 1172 3485 1229 Theo-

1905 1269 2046 1323 dori.
2082 1269 2238 1334 Quod
2273 1284 2397 1321 cum
2432 1269 2663 1337 ingressi
2704 1277 2893 1321 essent
2941 1268 3234 1327 Saraceni,
3280 1267 3481 1320 ibidem

1906 1369 2320 1421 commorantes,
2338 1368 2445 1413 tam
2463 1358 2791 1414 feminarum
2812 1370 2861 1414 el
2887 1374 3201 1427 puerorum,
3216 1362 3374 1427 quam
3395 1360 3484 1428 ju-

1907 1452 2210 1503 mentorum
2246 1450 2502 1504 sordibus
2530 1458 2584 1504 et
2610 1450 2970 1505 immunditiis
3006 1452 3180 1503 locum
3212 1465 3481 1519 conspur-

1906 1551 2118 1596 earunt.
2153 1542 2395 1608 Quadam
2439 1545 2606 1612 igitur
2639 1544 2745 1606 die,
2777 1544 2965 1598 multis
2989 1558 3177 1597 eorum
3216 1558 3323 1596 una
3352 1559 3484 1598 con-

1908 1634 2221 1687 sidentibus
2273 1642 2326 1687 et
2378 1634 2897 1703 confabulantibns,
2952 1649 3096 1688 unus
3142 1636 3392 1703 sagittam
3428 1636 3481 1688 in

1907 1724 2085 1777 sancti
2143 1721 2418 1777 Theodori
2473 1723 2764 1791 imaginem
2823 1722 3130 1787 contorsit,
3166 1722 3329 1790 cujus
3383 1722 3485 1773 hu~

1911 1829 2121 1867 merum
2188 1814 2443 1867 dextrum
2518 1812 2837 1883 perforavit.
2894 1813 3203 1895 Statimque
3257 1813 3483 1881 sanguis

1910 1906 2244 1971 scaturiens,
2276 1907 2341 1959 ad
2391 1908 2555 1959 imam
2589 1915 2797 1975 partem
2826 1904 3067 1969 decidit,
3107 1905 3323 1959 cunctis
3355 1920 3488 1973 pro-

1908 1998 2114 2068 digium
2156 1984 2269 2053 hoc
2295 1997 2445 2067 quod
2494 1997 2793 2062 acciderat,
2829 1998 3198 2068 sagittalnque
3250 1999 3477 2052 humero

1909 2090 2089 2145 sancti
2143 2089 2367 2144 inﬁxam
2400 2099 2453 2144 et
2494 2103 2748 2144 cruorem
2804 2098 3115 2142 manantem
3171 2074 3485 2143 contuenti-

1909 2181 2032 2237 bus.
2066 2178 2177 2235 Nec
2215 2190 2394 2259 tamen
2428 2181 2698 2250 inopinati
2736 2180 3109 2250 stupendique
3156 2180 3290 2234 adeo
3340 2181 3483 2259 signi

1907 2282 1961 2329 et
2016 2258 2268 2328 miraculi
2338 2274 2679 2342 spectatione
2737 2272 3106 2341 resipuerunt.
3156 2271 3274 2327 Non
3330 2258 3482 2326 illum

1911 2366 2165 2437 pmnituit
2195 2366 2287 2443 qui
2336 2366 2591 2436 sagittam
2636 2365 2867 2433 jecerat.
2914 2362 3112 2419 Nullus
3146 2380 3334 2419 eorum
3375 2377 3485 2417 ι«ϊ·-

1910 2458 2051 2513 ritus
2104 2456 2229 2511 fuit.
2263 2458 2340 2510 Ex
2388 2458 2591 2525 templo
2619 2471 2726 2509 non
2760 2464 3145 2520 recesserunt,
3183 2472 3281 2511 nec
3321 2457 3388 2511 ab
3418 2472 3489 2511 eo

1900 2546 2249 2603 ‘sordidando
2296 2548 2572 2603 ullatenus
2620 2548 3035 2602 abstinuerunt.
3092 2548 3246 2604 Unde
3298 2559 3482 2604 extre-

1908 2656 2025 2695 mas
2053 2641 2317 2696 scelerum
2341 2656 2567 2696 suorum
2599 2655 2790 2710 poenas
2823 2642 3051 2695 ultrices
3082 2642 3480 2700 luerunt.Cum

1906 2732 2050 2787 enim
2082 2732 2273 2803 viginti
2310 2741 2541 2801 quatuor
2566 2740 2751 2788 essent
2779 2748 2967 2787 eorum
3002 2733 3241 2800 familiae,
3276 2751 3398 2803 qua:
3429 2738 3480 2789 in

1909 2824 2166 2894 templum
2226 2824 2614 2893 divertebant,
2672 2828 2817 2881 intra
2866 2827 2983 2883 dies
3035 2843 3240 2899 paucos
3286 2829 3481 2884 aetr'aa

1908 2924 2082 2970 morte
2111 2930 2303 2972 omnes
2338 2920 2665 2988 consumpti
2705 2926 2873 2975 sunt:
2907 2934 3028 2974 cum
3064 2921 3248 2974 nullus
3283 2921 3385 2973 hoc
3428 2924 3477 2974 in

1872 3054 1885 3063 κ
1908 3006 2113 3077 oppido
2164 3008 2473 3073 interierit,
2512 3020 2709 3079 praeter
2760 3012 2884 3068 illos
2912 3014 3006 3081 qui
3044 3014 3096 3066 in
3131 3014 3332 3082 templo
3365 3030 3481 3068 mu-

1917 3098 2020 3152 rati
2053 3098 2292 3154 fuerant.
2328 3099 2450 3153 llaec
2485 3101 2652 3170 igitur
2675 3102 2853 3173 imago
2884 3119 3004 3172 quae
3034 3104 3234 3174 sagitta
3264 3108 3481 3158 contixa

228 3192 393 3246 είκὼν
424 3194 458 3261 ἡ
495 3192 808 3256 τοξευθεῖσα
864 3191 944 3243 ἔτι
996 3191 1264 3258 πάρεστιν
1316 3186 1513 3257 ἔχουσα
1561 3187 1655 3239 καὶ
1704 3186 1803 3257 τὴν

1910 3188 2045 3254 fuit,
2076 3190 2259 3245 adhuc
2314 3200 2605 3261 superest,
2654 3209 2718 3248 ac
2770 3196 2969 3251 vulnus
3024 3199 3235 3267 sagitta:
3266 3206 3319 3252 et
3349 3213 3478 3251 san-

227 3285 444 3355 πληγὴν
476 3285 578 3355 τῆς
631 3285 899 3352 σαγίτας,
932 3283 1026 3335 καὶ
1068 3281 1158 3333 τὸν
1184 3278 1354 3332 τύπον
1397 3278 1490 3331 τοῦ
1551 3278 1801 3347 αἵματος.

230 3377 423 3457 ΙΙολλοὶΙ
465 3377 521 3429 δὲ
567 3375 702 3440 ζῶσι
759 3375 867 3427 τῶν
918 3372 1303 3442 θεασαμένων,
1338 3370 1434 3423 καὶ
1472 3368 1807 3439 εὑρεθέντων

224 3468 349 3521 τότε
371 3509 385 3531 ,
414 3470 502 3521 ὅτε
526 3467 588 3519 τὸ
612 3465 912 3536 παράδοξον
955 3462 1114 3517 τοῦτο
1160 3462 1371 3531 γέγονε.
1403 3462 1573 3530 Κάγὼ
1604 3462 1659 3515 δὲ
1688 3505 1701 3527 ,
1733 3463 1808 3527 ὡς

226 3560 565 3629 θεασάμενος
618 3559 716 3627 τὴν
773 3556 938 3611 αὐτοῦ
979 3557 1185 3618 είκόνα,
1234 3554 1330 3608 καὶ
1387 3554 1808 3624 θεασάμενος,ὃ

228 3650 548 3719 ἐθεασάμην
576 3647 809 3717 ἔγραψα.
842 3666 859 3696 ι

242 3746 337 3795 Ἐκ
378 3740 482 3794 τοῦ
514 3740 659 3806 βίου
700 3736 805 3791 τοῦ
844 3738 1015 3806 ἁγίου
1056 3735 1368 3806 Συμεῶνος,
1399 3736 1504 3789 τοῦ
1546 3740 1803 3805 θαυματ-

299 3799 528 3878 cvm-off
566 3799 703 3877 ’(55)
734 3847 746 3869 ,
816 3799 1101 3878 ἐξήγησις
1139 3799 1480 3878 ’Ἀρκαδίων
1545 3799 1806 3878 ἁρχίεπι-

289 3876 525 3935 nam,
564 3876 823 3945 Κύπρου,
853 3876 1408 3946 θαῦμαιέκατοστὸν
1457 3877 1808 3944 τριακοστὸν

304 3953 601 4017 δεύτερον.

316 4062 333 4093 ι
373 4040 577 4106 Συνέϐη
613 4039 669 4091 δὲ
700 4041 759 4091 ἐν
784 4041 905 4097 ταῖς
934 4037 1167 4107 ἡμέραις
1194 4031 1429 4099 ἐκείναις
1450 4076 1466 4102 ,
1498 4037 1666 4108 ἄνδρα
1689 4038 1809 4090 τινὰ

226 4132 491 4197 ἀγοραῖον
521 4128 617 4195 τῆς
650 4126 861 4189 πόλεως
907 4124 1236 4194 Ἀντιοχείας
1273 4129 1468 4195 συνοχῇ
1499 4125 1642 4196 δεινῇ
1684 4142 1810 4178 κατ-

230 4221 453 4291 έχεσθαι
482 4219 587 4272 ὑπὸ
620 4216 871 4286 δαίμονος
920 4214 1187 4285 πονηροῦ,
1221 4216 1317 4267 καὶ
1352 4215 1805 4284 στενοχωρεῖσθαι

230 4316 323 4366 ἐπὶ
351 4312 607 4382 χρόνους,
633 4308 775 4360 ὥστε
826 4306 1260 4389 καταπνίγεσθαι
1297 4306 1458 4358 αὑτὸν
1494 4306 1584 4357 ὑπ’
1619 4305 1802 4370 αὐτοῦ,

233 4399 618 4470 σφιγγομὲνων
668 4397 776 4449 τῶν
830 4388 1089 4470 πνοῖκῶνλ
1125 4394 1325 4447 αὐτοῦ·
1355 4388 1508 4457 οὗτος
1566 4394 1806 4449 ἀνελθὼν

235 4495 373 4565 πρὸς
400 4493 491 4546 τὸν
522 4492 736 4559 Ἃγιον,
765 4488 861 4539 καὶ
882 4486 1057 4556 τυχὼν
1091 4487 1284 4549 ἰάσεως
1309 4489 1431 4549 ταῖς
1472 4486 1640 4541 αὐτοῦ
1670 4505 1805 4557 πρε-

231 4586 459 4646 σϐείαις,
494 4582 586 4635 καὶ
626 4581 916 4650 γενόμενος
950 4579 1024 4641 ὡς
1067 4578 1238 4648 μηδὲν
1277 4578 1562 4641 πεπονθὼς
1612 4578 1803 4644 κακὸν,

227 4678 327 4731 καὶ
363 4672 671 4727 ἐπανελθὼν
692 4675 771 4734 είς
798 4672 890 4723 τὸν
925 4670 1058 4723 ἴδιον
1091 4665 1240 4724 οἷκον
1261 4711 1275 4735 ,
1302 4670 1422 4722 κατ’
1454 4671 1806 4741 εὐχαριστίαν

228 4770 532 4839 ἀνέστησεν
569 4765 717 4835 αὐτῷ
748 4764 931 4817 εἰκόνα
960 4765 1017 4818 ὲν
1037 4763 1282 4833 δημοσίῳ
1314 4764 1409 4815 καὶ
1446 4765 1678 4833 ἐμφανεῖ
1708 4764 1805 4834 τῆς

230 4861 442 4922 πόλεως
502 4859 673 4928 τόπῳ,
709 4856 892 4909 ἐπάνω
924 4854 1032 4907 τῶν
1080 4854 1260 4925 θυρῶν
1303 4855 1396 4908 τοῦ
1440 4854 1846 4925 ἐργαστηρίου.

226 4951 418 5013 αὐτοῦ.
466 4949 685 5011 Ἰδόντες
711 4948 764 5000 δὲ
793 4936 965 5016 αύτῗιν
992 4963 1138 5009 τινες
1178 4946 1288 4999 τῶν
1340 4947 1606 5012 ἀπίστων,
1629 4946 1802 5009 οὕτως

229 5045 468 5114 ἐντίμως
530 5023 673 5112 μετά
722 5038 916 5109 φώτων
955 5039 1049 5091 καὶ
1081 5038 1259 5108 βήλων
1287 5038 1674 5108 δοξαζομένην,
1712 5040 1806 5092 καὶ

230 5135 563 5204 πλησθέντες
596 5131 781 5199 ζήλου,
812 5129 1182 5200 συνετάραξαν
1218 5130 1346 5192 τοὺς
1377 5129 1592 5199 ὁμοίους
1626 5129 1806 5182 αὐτῶν

230 5228 501 5286 ἀτάκτους
556 5223 911 5295 ἀνθρώπους,
948 5220 1088 5273 ὥστε
1140 5221 1417 5273 συνελθεῖν
1466 5220 1669 5289 πλῆθος
1712 5222 1808 5273 καὶ

1909 3281 2091 3351 guinis
2119 3282 2349 3353 vestigia
2398 3294 2709 3340 conservat.
2741 3285 2895 3341 Multi
2928 3297 3109 3341 autem
3154 3304 3342 3343 eorum
3387 3289 3481 3357 qui

1914 3385 2026 3424 rem
2061 3371 2354 3439 viderunt,
2391 3389 2566 3444 eoque
2616 3385 2861 3447 tempore
2899 3377 3230 3443 adfuerunt,
3261 3381 3481 3449 quando

1911 3461 2237 3517 miraculum
2292 3464 2438 3520 istud
2484 3469 2747 3537 contigit,
2786 3470 2838 3524 in
2899 3472 3037 3526 vivis
3079 3472 3241 3526 hodie
3285 3488 3481 3543 super-

1910 3552 2067 3606 stites
2107 3562 2254 3609 sunt.
2309 3556 2452 3621 Quin
2500 3574 2601 3627 ego
2637 3558 2753 3628 ipse
2805 3562 3095 3632 imaginem
3130 3564 3275 3626 vidi,
3326 3574 3381 3619 et
3423 3581 3489 3619 re

1824 3661 1828 3667 ι
1908 3642 2253 3697 considerata
2276 3683 2289 3709 ,
2325 3645 2464 3700 hanc
2497 3648 2554 3700 in
2590 3650 2812 3719 scriptis
2845 3654 3029 3706 retuli.
3066 3674 3082 3703 ι

1909 3732 1992 3786 Ea:
2032 3736 2139 3788 vita
2173 3740 2362 3817 .8011?“-
2397 3737 2694 3817 ιςξέῃιιειοηίιεΔ
2736 3743 3118 3817 miraculorum
3169 3747 3430 3814 e/fectoris
3463 3790 3474 3802 .

1976 3807 2242 3929 Illitrraiisoz
2270 3807 2487 3861 Arcadii
2546 3812 2921 3879 archiepiscopi
2976 3815 3135 3883 Cypri
3177 3807 3478 3878 {miracu-

2038 3892 2088 3927 m
2248 3915 2261 3928 .

1983 4049 2001 4081 ι
2030 4030 2465 4099 Contigitautem
2498 4034 2605 4088 illis
2630 4034 3018 4099 diebus,utvir
3047 4038 3267 4107 quidam
3290 4040 3480 4095 Antio-

1899 4123 2044 4177 chiae
2085 4122 2320 4178 civitatis
2362 4133 2637 4178 mercator
2682 4140 2887 4197 angore
2929 4131 3078 4198 gravi
3127 4130 3193 4182 ab
3230 4130 3483 4199 improbo

1908 4215 2155 4268 daemone
2216 4225 2507 4269 vexaretur
2542 4257 2556 4281 ,
2593 4231 2767 4285 eoque
2816 4234 2913 4293 per
2975 4221 3179 4273 multos
3231 4221 3349 4276 dies
3391 4237 3480 4289 ar-

1908 4314 2148 4359 ctaretur
2167 4345 2181 4368 ,
2205 4305 2278 4358 ita
2305 4314 2361 4359 ut
2384 4306 2681 4362 interclusa
2708 4309 3069 4379 respiratione
3093 4311 3474 4368 suffocaretur.

1907 4399 1957 4453 ls
1998 4396 2277 4467 profectus
2320 4399 2385 4453 ad
2431 4400 2729 4466 Sanctum,
2763 4402 2995 4472 ejusque
3030 4406 3283 4474 precibus
3324 4408 3502 4463 sani»

1910 4499 2073 4544 tatem
2111 4499 2416 4567 assecutus,
2453 4498 2513 4543 ut
2560 4492 2697 4545 nihil
2740 4494 2974 4548 subinde
3008 4495 3133 4548 mali
3172 4504 3472 4564 pateretur,

1907 4597 2028 4635 cum
2060 4572 2279 4635 demum
2309 4580 2598 4644 rediisset,
2634 4583 2687 4635 in
2741 4586 2880 4654 grati
2926 4586 3093 4638 animi
3145 4602 3478 4644 monumen-
3558 4634 3561 4637 .

1894 4682 2018 4743 ltum
2043 4712 2057 4735 ,
2092 4672 2145 4725 in
2186 4671 2409 4741 publico
2450 4674 2862 4744 conspicuoque
2898 4676 3136 4733 civitatis
3177 4680 3335 4742 loco,
3379 4697 3475 4735 su-

1906 4778 2002 4831 pra
2056 4762 2285 4818 ofﬁcium
2333 4780 2447 4819 suae
2485 4755 2707 4831 januam
2753 4767 3039 4838 imaginem
3107 4770 3227 4839 ejus
3273 4775 3471 4829 erexit.
3536 4826 3539 4829 λ

1902 4852 2059 4907 Hanc
2121 4854 2420 4908 infidelium
2490 4855 2723 4924 quidam,
2786 4860 3119 4928 conspicati,
3176 4861 3481 4916 luminibus-

1902 4943 2147 5013 velisque
2198 4945 2422 5000 honoris
2476 4961 2607 5017 ergo
2659 4947 3007 5012 decoratam,
3064 4952 3253 5021 repleti
3317 4955 3473 5016 zelo,

1903 5034 2111 5091 similes
2143 5036 2225 5090 sui
2257 5035 2499 5093 nefarios
2526 5038 2776 5095 homines
2802 5043 3191 5108 concitarunt,
3229 5053 3287 5100 ut
3314 5047 3474 5099 turba

1904 5127 2236 5181 conveniens
2289 5129 2628 5189 tumultuose
2689 5133 3109 5187 succlamaverit
3150 5152 3164 5187 :
3208 5134 3249 5187 Ε
3294 5135 3477 5189 medio

1906 5219 2134 5272 tollatur
2183 5220 2294 5273 ille‘
2323 5222 2416 5289 qui
2464 5222 2577 5276 haec
2635 5223 2796 5288 fecit,
2836 5235 2891 5277 et
2932 5226 3113 5294 imago
3159 5225 3472 5294 dejiciatur.

1743 5399 1965 5456 NOTAE.

310 5515 421 5585 (55)
460 5514 1043 5585 Τοῦλθαυματουργοῦ
1066 5551 1079 5573 ,
1114 5514 1493 5585 miraculorum
1522 5515 1799 5581 eﬂ'cclorix.

236 5582 545 5639 Lectionem
572 5582 709 5635 hanc
736 5583 1049 5635 mutandam
1075 5596 1181 5651 non
1206 5583 1417 5643 censui,
1450 5592 1668 5651 propter
1691 5585 1803 5637 Ιιςιιο

241 5656 405 5708 verba
450 5670 569 5720 qua:
625 5653 1058 5719 subsequuntur,
1096 5649 1278 5718 θαῦμα
1316 5649 1463 5719 ρλβ’,
1490 5653 1805 5706 miraculum

240 5719 577 5777 rcntesimunt
622 5722 941 5774 tricesimum
994 5719 1298 5772 secundum.
1336 5720 1439 5774 Sed
1476 5732 1579 5776 act.
1606 5723 1637 5774 4
1664 5739 1792 5788 syn-

240 5795 329 5847 odi
386 5810 455 5846 vn
498 5792 962 5861 cognominatur:
1004 5789 1107 5841 Τοῦ
1160 5790 1482 5848 ﬂauum-ruﬁ
1535 5792 1708 5842 ἥρωος.
1770 5813 1795 5839 rt

1908 5530 2079 5571 monte
2101 5518 2453 5572 Thaumasto:
2474 5521 2563 5587 qui
2593 5538 2785 5588 nempe
2803 5522 3313 5587 juxtaAntiochiam
3333 5534 3475 5588 erat,

1909 5601 1960 5661 et
2001 5606 2163 5657 supra
2196 5606 2353 5657 quem
2389 5591 2478 5661 in_
2494 5591 2747 5661 columna
2783 5592 3017 5661 Symeon
3062 5593 3292 5661 ἄσκησιν
3338 5596 3469 5661 egit,

1909 5610 1960 5641 t‘t
2001 5610 2163 5657 supra
2196 5610 2353 5657 quem
2389 5610 2441 5640 ιιι
2494 5610 2747 5644 eoutmna
2783 5610 3017 5660 Symeon
3062 5610 3292 5661 ασκησιν
3338 5610 3366 5647 e
3409 5610 3469 5657 ιι,

1909 5658 2125 5733 iustine
2152 5660 2401 5733 juniorc,
2438 5658 2657 5733 Tiberio
2706 5659 2745 5713 ll
2782 5671 2835 5713 ct
2860 5658 3129 5733 _Mauriti0
3175 5661 3340 5733 impp.
3371 5610 3472 5719 ,ξίί-

1897 5730 2041 5781 desis
2085 5729 2270 5797 Evagr.
2311 5730 2399 5781 lib.
2432 5746 2479 5782 vt
2513 5729 2673 5792 Hist,
2700 5745 2822 5799 cap.
2855 5731 2943 5784 29.
