4172 6490
767 404 785 455 1
800 402 901 463 $03

1944 403 2005 463 S.
2043 403 2366 466 IOANNIS
2404 405 2835 466 DAMASCENI

3894 406 4017 468 14M

840 519 921 573 Ex
952 520 1084 573 libro
1119 516 1348 591 septimo
1388 514 1809 591 Strontateorum
1843 522 2185 575 vetustissimi
2212 521 2329 577 Cle-

2457 523 2551 576 Γοῦ
2612 522 3004 591 ἀρχαιοτάτου
3073 523 3453 590 Κλήμεντος,
3525 523 3681 591 πρὸς
3747 523 4016 587 Ἀλέξαν-

1189 588 1375 640 utentis
1404 587 1470 638 ad
1500 586 1885 642 Alexandrum.

846 765 864 798 ι
884 747 1073 814 Itaque
1090 758 1198 798 non
1217 758 1279 797 ea
1303 738 1648 798 solummodo
1665 742 1853 797 laudat
1871 759 1993 813 quae
2016 744 2159 797 bona
2182 752 2332 807 sunt,

770 837 864 893 sed
887 838 1004 907 ipse
1022 849 1237 905 quoque
1259 836 1434 889 bonus
1456 849 1577 888 esse
1599 833 1885 888 adnititur.
1906 833 2087 903 Atque
2105 849 2171 890 ex
2192 834 2336 889 bono

770 928 1024 997 fidelique
1046 942 1206 982 servo
1231 942 1325 995 per
1353 924 1676 979 cltaritatem
1706 922 1919 979 amicus
1942 924 2145 989 evadit,
2175 940 2338 997 prop—

771 1024 853 1067 ter
878 1014 1093 1069 habitus
1116 1013 1509 1083 perfectionem
1533 1027 1696 1082 quam
1718 1027 1782 1066 ex
1810 1027 1933 1067 vera
1969 1014 2260 1084 disciplina
2283 1024 2339 1071 et

771 1106 1161 1159 exercitatione
1193 1104 1467 1173 frequenti
1500 1105 1714 1158 sincere
1741 1105 2140 1174 consequitur;
2174 1107 2245 1160 ita
2279 1114 2339 1159 ut

774 1198 906 1251 nihil
964 1214 1066 1247 non
1118 1203 1356 1257 moveat,
1416 1209 1524 1262 quo
1560 1194 1849 1262 perveniat
1907 1197 1974 1250 ad
2007 1197 2339 1271 cognitionis

775 1290 1073 1356 fastigittltt.
1111 1287 1248 1341 Tum
1283 1286 1611 1342 exornandis
1640 1289 1884 1343 moribus
1912 1289 2199 1353 incumbit,
2227 1290 2341 1346 oris

774 1391 986 1449 gestum
1024 1381 1333 1449 componit,
1378 1380 1671 1451 omniaque
1714 1381 1806 1434 illa
1860 1396 1981 1449 qua:
2028 1381 2341 1450 gnosticum

775 1488 965 1526 verum
1021 1471 1234 1534 decent,
1267 1480 1594 1526 ornamenta
1624 1480 1678 1525 et
1706 1471 1863 1525 dotes
1906 1480 2233 1540 comparat;
2257 1472 2341 1527 id-

777 1578 884 1631 que
956 1562 1498 1630 spcciosissimarum
1552 1562 1852 1630 imaginum
1898 1562 2124 1617 assidua
2158 1564 2344 1634 inspe-

780 1656 993 1715 ctione,
1061 1663 1189 1722 puta
1250 1654 1611 1719 plurimorum
1679 1654 1897 1707 illorum
1956 1654 2047 1723 qui
2099 1663 2229 1709 ante
2284 1671 2347 1711 se

783 1745 1008 1814 perfecti
1038 1746 1278 1799 fuerunt.
1309 1743 1683 1807 Patriarcltas,
1715 1745 2028 1823 complures
2061 1745 2188 1799 item
2214 1760 2347 1814 pro-

2504 592 2647 715 6207
2663 592 2799 663 (36),
2816 593 2884 645 ἐκ
2910 592 3017 646 τοῦ
3042 592 3293 663 ἑϐδόμου
3318 594 3565 657 ,βιϐλίου
3598 593 3725 645 τῶν
3751 596 4017 660 Στρωμαε

2508 679 2539 714 τ
2573 679 2673 715 ων.

2508 679 2571 715 τε
2573 679 2673 715 ων.

2512 772 2530 801 ι
2560 750 2791 820 Οὐκοῦν,
2829 754 2890 807 οὐ
2939 756 3100 822 μόνος
3143 752 3359 806 ἐπαινεί
3383 753 3451 807 τὰ
3494 753 3659 816 καλὰ,
3690 754 3834 807 ἀλλὰ
3868 753 4017 814 αὐτὸς

2440 845 2685 917 βιάζεται
2718 844 2812 898 τοῦ
2847 841 2989 898 εἶναι
3022 844 3205 909 καλὸς,
3236 846 3302 899 ὲκ
3331 846 3427 899 τοῦ
3454 846 3663 914 ἀγαθοῦ
3702 847 3804 898 καὶ
3836 844 4018 897 πιστοῦ

2437 936 2640 990 δούλου.
2661 935 3007 1006 μεταϐαίνων
3034 935 3102 988 δι’
3134 936 3355 1005 ἀγάπης
3395 938 3477 999 εἰς
3509 938 3687 1004 φίλον,
3715 937 3808 988 διὰ
3852 936 3913 987 τὸ
3937 937 4019 986 τέο

2438 1028 2578 1081 λειον
2620 1028 2719 1097 τῆς
2757 1027 2941 1092 ἕξεως,
2983 1026 3012 1079 ὃ
3057 1026 3133 1079 ἔχ’
3168 1026 3458 1096 μαθήσεως
3492 1025 3731 1095 ἀληθοῦς
3767 1008 3866 1077 κοὶι
3907 1042 4009 1077 aw-

2441 1119 2726 1188 ασκνήσεως
2770 1117 2973 1185 πολλῆς
3012 1116 3270 1186 καθαρῶς
3294 1118 3583 1187 ἐκτήσατο.
3609 1118 3702 1180 Ὦς
3728 1115 3802 1170 ἄν
3822 1112 3918 1169 οὖν
3944 1117 4021 1169 ἐπ’

2441 1208 2608 1280 ἄκρον
2640 1208 2894 1276 γνώσεως
2939 1207 3071 1278 ἥκῃ,
3111 1206 3427 1277 βιαζόμενος
3450 1208 3530 1278 τῷ
3557 1210 3707 1280 ἧθει,
3748 1208 3851 1271 καὶ
3876 1224 4022 1259 κεκο-

2444 1296 2743 1367 σμημένος,
2764 1295 2842 1365 τῷ
2870 1296 2972 1366 σχή
2983 1290 3113 1365 ματὶ
3144 1297 3607 1381 κατεσταλμένος,
3632 1297 3823 1348 πάντα
3848 1299 4023 1348 ἐκεῖνα

2443 1388 2601 1458 ἔχων,
2627 1388 2728 1439 ὅσα
2771 1385 3218 1455 πλεονεκτήματα
3264 1387 3381 1437 ἐστι
3426 1384 3520 1437 τοῦ
3569 1383 3717 1437 κατὰ
3767 1384 4024 1453 ἀλήθειαν

2443 1476 2776 1549 γνωστικοῧ,
2804 1477 2884 1540 εἰς
2907 1476 3008 1539 τὰς
3037 1475 3250 1557 εἰκόνας
3290 1474 3509 1543 ἀφορῶν
3534 1475 3633 1538 τὰς
3665 1475 3867 1539 καλὰς,
3901 1474 4022 1526 πολ-

2444 1574 2569 1636 λοὺς
2612 1571 2711 1641 μὲν
2754 1571 2881 1632 τοὺς
2928 1568 3361 1639 κατωρθωκότας
3389 1568 3495 1638 πρὸ
3536 1568 3710 1621 αὐτοῦ
3759 1571 4024 1636 πατριάρ-

2445 1683 2567 1737 χας,
2595 1662 2949 1735 παμπόλλους
2994 1662 3053 1714 δὲ
3095 1662 3401 1731 προφήτας,
3448 1662 3716 1729 ἀπείρους
3769 1660 3831 1713 δὲ
3878 1661 4027 1719 60w;

2446 1758 2577 1826 ἡμῖν
2622 1752 2841 1825 ἀριθμῷ
2882 1750 3228 1819 λογιζόμενος
3280 1749 3543 1817 ἀγγέλους
3572 1791 3585 1810 ,
3643 1750 3742 1801 καὶ
3796 1748 3889 1800 τὸν
3942 1748 4028 1799 ὲπί

780 1836 993 1901 pltetas,
1013 1834 1555 1902 innumerabilesque
1580 1835 1803 1902 angelos
1832 1834 2184 1901 considerat;
2214 1835 2345 1904 quin

2457 1848 2587 1899 πᾶσι
2619 1845 2844 1914 Κύριον,
2872 1844 2965 1896 τὸν
3004 1841 3293 1905 διδάξαντα
3324 1840 3418 1891 καὶ
3454 1843 3916 1909 παραστήσαντα,
3946 1838 4029 1890 δυο

781 1934 834 1978 et
866 1926 1019 1979 illum
1054 1925 1230 1992 ipsum
1254 1925 1345 1993 qui
1388 1939 1556 1993 super
1577 1925 1763 1977 omnia
1798 1923 2059 1981 Dominus
2084 1934 2190 1992 est,
2215 1927 2343 1995 qui-

782 2030 890 2083 que
914 2015 1099 2069 docuit
1136 2023 1190 2069 et
1218 2015 1438 2084 planum
1475 2012 1628 2075 fecit,
1661 2014 1997 2082 impossibile
2024 2017 2345 2086 neutiquam

784 2121 926 2168 esse,
966 2106 1096 2176 quin
1123 2106 1314 2161 eadem
1365 2120 1488 2159 cum
1528 2104 1961 2163 celsitudinibus
1993 2107 2107 2163 illis
2130 2107 2346 2164 vivendi

784 2211 1032 2250 normam
1058 2212 1438 2265 assequamur.
1483 2214 1502 2246 ι

998 2285 1183 2339 Sancti
1221 2287 1482 2341 Theodori
1512 2288 1740 2358 episcopi
1792 2288 2120 2357 Pentapolis.

864 2392 882 2425 ι
922 2372 1161 2429 ltursum
1190 2376 1271 2429 vir
1307 2376 1530 2447 quidam
1562 2386 1760 2431 eratex
1792 2378 2034 2447 regionis
2067 2378 2216 2433 illius
2240 2379 2351 2448 pri-

786 2468 1056 2533 moribus,
1084 2469 1307 2523 nomine
1343 2468 1505 2533 Dion,
1531 2470 1625 2539 qui
1661 2471 1850 2525 multis
1895 2470 2143 2525 donariis
2174 2473 2347 2526 sancti

787 2558 1047 2629 martyris
1073 2560 1336 2627 templum
1372 2568 1757 2627 exornaverat,
1792 2563 2023 2630 ejusque
2053 2563 2227 2617 altare
2252 2578 2352 2617 ar-

786 2656 949 2718 gento
981 2652 1261 2704 vestierat.
1300 2649 1453 2705 Unus
1484 2660 1665 2705 autem
1717 2667 1781 2705 ex
1815 2654 1989 2707 servis
2016 2653 2214 2722 ipsius,
2244 2671 2352 2707 non

786 2741 1039 2810 exiguam
1096 2741 1344 2810 pecuniae
1392 2757 1664 2796 summam
1724 2742 2052 2807 suffuratus,
2119 2743 2393 2815 aufugit.’

787 2829 925 2884 Dion
964 2846 1093 2885 vero
1142 2846 1267 2885 eum
1320 2833 1607 2886 insecutus
1664 2848 1776 2886 non
1807 2841 1914 2899 est,
1971 2832 2067 2887 sed
2095 2834 2160 2888 ad
2194 2834 2355 2904 383

788 2920 1082 2990 imaginem
1110 2922 1659 2992 pergens,‘imaginis
1692 2924 1843 2977 illius
1878 2924 2104 2993 figuram
2137 2939 2357 2979 ceream

788 3010 1015 3075 elIinxit,
1048 3027 1263 3081 quaque
1304 3012 1359 3065 in
1394 3021 1644 3066 sanctum
1671 3019 1963 3082 martyrem
1990 3014 2185 3068 fiducia
2217 3024 2356 3079 erat,

792 3103 987 3156 domus
1018 3118 1130 3156 suae
1170 3101 1343 3155 limini
1384 3117 1500 3155 eam
1529 3103 1804 3171 apposuit.
1830 3100 2137 3179 Statimque
2165 3118 2358 3156 servus

2447 1936 2606 1991 νατὸν
2676 1930 2815 1991 εἰναι
2881 1932 2991 1987 τῶν
3055 1930 3370 2005 κορυφαίων
3427 1931 3653 1985 ἐκείνων
3719 1930 4028 2000 κτήσασθαι

2450 2029 2583 2100 βίον.
2615 2046 2633 2081 ι

2491 2290 2603 2347 Τοῦ
2636 2291 2810 2362 ἁγίου
2846 2291 3147 2361 Θεοδώρου
3172 2293 3511 2346 ἐπισκόπου
3541 2292 3997 2353 Πενταπόλεως.

2532 2403 2550 2436 ι
2580 2385 2749 2439 Πάλιν
2790 2402 2873 2449 τις
2905 2386 3065 2457 ἀνὴρ,
3114 2385 3224 2439 τῶν
3270 2375 3502 2457 πρώτων
3530 2384 3631 2454 τῆς
3663 2384 3860 2453 χώρας
3895 2382 4033 2435 ὲκεί-

2451 2496 2571 2546 νης,
2604 2479 2741 2531 Δίων
2774 2477 3033 2547 τοῦνομα,
3078 2478 3137 2541 ὃς
3188 2476 3404 2540 πολλοῖς
3448 2475 3757 2547 ἀναθέιμασι
3810 2476 4035 2527 κατεκό-

2455 2585 2633 2637 σμησε
2682 2568 2775 2621 τὸν
2820 2569 2949 2622 ναὸν
2982 2568 3076 2641 τοῦ
3101 2569 3259 2636 ἁγίου
3296 2570 3594 2639 μάρτυρος,
3623 2567 3722 2620 καὶ
3750 2566 3815 2618 τὸ
3847 2565 4031 2617 θυσια-

2455 2665 2674 2733 στήριον
2717 2663 2883 2715 αὐτοῦ
2930 2661 3325 2733 ἀργυρένδυτον
3371 2661 3609 2731 ἐποίησε.
3650 2658 3763 2711 Καί
3809 2675 3897 2720 τις
3936 2658 4033 2707 τῶν

2452 2753 2677 2808 οἰκετῶν
2726 2752 2912 2817 αὑτοῦ,
2964 2753 3168 2820 κλέψας
3218 2752 3277 2816 ἐξ
3320 2750 3485 2803 αὑτοῦ
3534 2751 3798 2820 χρήματα
3850 2747 4035 2799 πολλὰ.

2454 2843 2760 2914 ἀπέδρα.’0
2788 2844 2845 2896 δὲ
2878 2844 3036 2907 Δίων,
3066 2845 3128 2897 οὐ
3152 2842 3475 2908 κατεδίωξεν
3500 2842 3677 2893 ὀπίσω
3704 2840 3902 2902 αὑτοῦ,
3930 2840 4035 2891 ἀλλ’

2456 2936 2534 2996 εἰς
2580 2935 2677 3005 τὴν
2729 2934 2823 2987 τοῦ
2867 2935 3142 3004 μάρτυρος
3188 2934 3374 2987 εἰκόνα
3425 2932 3700 2997 ἀπελθὼν,
3737 2931 3906 3002 κηρῷ
3952 2932 4035 2982 τὶν

2456 3026 2622 3079 τύπον
2643 3026 2743 3095 τῆς
2768 3026 2972 3089 εἰκόνος
2996 3026 3159 3079 αὐτοῦ
3196 3025 3431 3095 ἁνέμαξε
3454 3065 3468 3089 ,
3502 3026 3597 3079 καὶ
3626 3026 3695 3093 τῇ
3728 3025 3921 3075 πίστει
3953 3022 4037 3074 τοῦ

2458 3118 2613 3185 ἁγίου
2658 3106 2931 3187 μάρτυρος
2963 3118 3021 3169 ὲν
3062 3118 3140 3185 τῷ
3185 3116 3420 3168 πυλεῶνι
3454 3117 3519 3167 ὲκ
3554 3113 3646 3166 τοῦ
3678 3115 3835 3167 οῐκου
3880 3112 4039 3165 αὑτοῦ

792 3194 947 3261 quasi
983 3209 1012 3247 a
1047 3194 1302 3261 quopiam
1359 3193 1751 3261 impelleretur,
1804 3194 1868 3245 ad
1895 3208 1954 3247 se
2005 3193 2243 3255 rediens,
2287 3193 2353 3247 ad

2459 3207 2709 3277 ὲνέπηξε.
2740 3208 2846 3259 Καὶ
2890 3206 3001 3270 θεὶς
3030 3206 3070 3271 ι,
3101 3207 3129 3257 6
3168 3208 3295 3268 παῖς
3343 3206 3535 3258 ἑαυτὸν
3580 3206 3929 3274 ἐπέστρεφεν
3974 3205 4040 3256 ὡς

797 3287 985 3337 iterum
1049 3300 1209 3338 suum
1263 3300 1546 3353 regressus
1597 3295 1714 3350 est;
1746 3286 1877 3353 quin
1932 3300 2030 3338 nec
2058 3285 2357 3354 quidquam

792 3391 981 3427 eorum
1006 3390 1124 3444 quae
1152 3377 1527 3445 subripuerat,
1548 3375 1748 3429 defuit.
1776 3376 1887 3430 lloc
1919 3391 2039 3430 cum
2069 3376 2215 3445 apud
2238 3392 2357 3429 om-

798 3483 893 3520 nes
918 3466 1267 3528 innotuisset,
1297 3481 1469 3535 usque
1496 3467 1548 3519 in
1579 3468 1716 3521 diem
1741 3466 2060 3522 hodiernum
2085 3466 2226 3520 idem
2258 3468 2361 3520 ob-

796 3565 1018 3612 servant
1052 3556 1286 3625 regionis
1321 3557 1481 3612 istius
1532 3557 1727 3612 incola:
1758 3566 1950 3611 contra
1998 3572 2185 3612 servos
2217 3556 2365 3626 fugi-

796 3651 961 3701 tivos.
991 3665 1010 3698 ι

871 3736 1053 3792 Sancti
1108 3738 1383 3792 Athanasii
1416 3736 1783 3860 Aﬁxandrini,
1802 3753 1865 3791 ex
1894 3738 2027 3792 libro
2054 3754 2116 3797 ut
2167 3738 2366 3794 Contra

1517 3823 1720 3860 nanos.

1517 3823 1720 3862 νιαηοδ.

876 3920 893 3953 ι
930 3902 995 3954 At
1017 3916 1145 3955 vero
1180 3899 1377 3965 Filius,
1409 3900 1536 3969 quia
1566 3900 1891 3953 substantia:
1922 3898 2101 3956 Patris
2138 3916 2363 3970 germen

805 3992 1086 4060 prppriqu
1118 4000 1223 4055 est,
1255 3997 1625 4045 consentanea
1662 3991 1823 4059 plane
1872 3992 2106 4055 ratione,
2146 4007 2209 4046 ea
2248 4008 2369 4061 qua:

803 4081 981 4136 Patris
1041 4089 1189 4145 sunt,
1241 4097 1340 4136 sua
1397 4097 1522 4135 esse
1572 4081 1730 4135 dicit.
1759 4081 1941 4148 Quare
1966 4099 2087 4137 cum
2116 4084 2369 4152 praefatus

804 4173 1000 4226 fuisset
1029 4192 1041 4224 -.
1074 4171 1180 4241 Ego
1235 4181 1284 4224 et
1334 4171 1494 4225 Pater
1543 4188 1702 4223 unum
1750 4189 1930 4226 sumus
1949 4173 2016 4238 ⁸⁸,
2057 4173 2183 4241 jure
2216 4185 2269 4228 et
2303 4190 2368 4229 ex

802 4266 1159 4335 consequenti
1220 4265 1453 4334 subjecit
1487 4282 1504 4318 :
1544 4263 1611 4317 Ut
1640 4267 1823 4318 sciatis
1872 4270 1998 4336 quia
2041 4283 2133 4337 ego
2165 4284 2282 4321 sum
2316 4271 2371 4320 in

812 4358 989 4421 Patre,
1017 4368 1065 4412 et
1097 4357 1253 4410 Pater
1288 4360 1341 4409 in
1372 4374 1450 4410 me
1479 4366 1555 4411 est
1583 4358 1647 4411 ”.
1686 4357 1876 4413 Itidem
1930 4368 2056 4414 ante
2105 4360 2316 4414 dixerat
2354 4379 2367 4414 :

2462 3298 2567 3349 ὑπό
2611 3314 2753 3359 τινος
2787 3295 3162 3364 ἐλαυνόμενος,
3192 3295 3285 3346 καὶ
3319 3290 3448 3363 ἦλθε
3481 3296 3617 3362 πρὸς
3660 3295 3751 3345 τὸν
3800 3294 3935 3345 ἴδιον
3963 3293 4041 3343 δε-

2463 3386 2688 3456 σπότην,
2721 3385 2888 3457 μηδὲν
2937 3384 2996 3449 ἐξ
3040 3379 3114 3437 ὧν
3160 3383 3397 3455 ὲσύλωσε
3429 3384 3719 3445 σπανίσας.
3751 3382 3934 3434 Τοῦτο
3960 3377 4040 3433 οὔκ-

2462 3478 2663 3539 πάντες
2714 3476 3000 3545 μαθόντες,
3056 3476 3161 3539 ἓως
3216 3475 3314 3544 τῆς
3372 3480 3611 3543 σήμερον
3660 3474 3888 3543 ἡμέρας
3941 3475 4043 3531 τοῖς

2464 3566 2951 3638 ἀποδιδράσκουσιν
3007 3564 3351 3619 ἐπιτελοῦσιν
3395 3567 3443 3617 οἱ
3502 3565 3602 3631 τῆς
3654 3563 3849 3633 χώρας
3902 3564 4044 3614 ὲκεί-

2358 3672 2367 3678 ·
2464 3677 2582 3728 νης.
2613 3678 2631 3710 ι

2471 3751 2581 3804 Τοῦ
2602 3749 2773 3818 ἁγίου
2807 3748 3176 3818 Ἀθανασίου-
3196 3746 3667 3818 ’Λᾷεξανδρείαᾳ
3704 3746 3776 3798 ἐκ
3805 3744 3916 3798 τοῦ
3942 3747 4046 3797 Ka-

2798 3817 2871 3871 τὰ
2915 3816 3479 3885 Ἀρειανῶνβιόλίου
3510 3818 3729 3885 τρίτου.

2545 3929 2563 3961 ι
2585 3910 2697 3979 Τῆς
2716 3910 2771 3962 δὲ
2793 3908 2978 3970 οὐσίας
2994 3906 3087 3960 τοῦ
3109 3906 3475 3976 Πατρὺςκῖδιον
3493 3908 3565 3959 ὢν
3584 3908 3837 3977 γέννημα
3860 3913 3888 3961 6
3908 3910 4047 3969 Υἱὸς.

2470 3999 2691 4060 εἰκότως
2716 3997 2809 4050 καὶ
2841 3996 2908 4048 τὰ
2929 3996 3020 4049 τοῦ
3054 3994 3265 4064 [ἰατρὸς
3291 3995 3435 4060 λέγει
3464 3997 3658 4069 ἑαυτοῦ
3690 3993 3865 4050 εἶναι.
3896 4001 4049 4051 ’Ὂθευ

2470 4088 2786 4156 πρεπόντως
2824 4086 2916 4138 καὶ
2945 4085 3280 4148 ἀκολούθως,
3316 4085 3393 4155 τῷ
3435 4086 3647 4152 λέγειν.
3696 4089 3847 4156 Ἐγὼ
3892 4094 3987 4142 καὶ
4030 4094 4055 4141 ί

2471 4177 2673 4245 Πατὴρ
2702 4176 2770 4228 ἓν
2804 4175 3008 4244 ἐσμεν,
3048 4176 3351 4244 ἐπήγαγενο
3391 4175 3515 4228 Ἵνα
3566 4175 3787 4242 γνῶτε,
3815 4178 3905 4231 ὅτι
3948 4182 4055 4245 ἐμω

2455 4272 2540 4345 γὲν
2569 4271 2648 4335 τῷ
2686 4269 2864 4338 Πατρί
2898 4269 2993 4322 καί
3022 4271 3054 4322 ὀ
3086 4267 3284 4351 Πατὴρ
3315 4270 3383 4347 ἐν
3411 4270 3558 4354 ἐμοί.
3597 4272 3772 4323 Τοῦτο
3809 4274 3868 4325 δὲ
3904 4277 4051 4327 πάὶι.

2473 4361 2801 4431 προείρηκεν
2820 4376 2835 4390 ο
2863 4361 2943 4412 ὅτι
2985 4359 3038 4411 '0
3061 4356 3333 4426 ἑωρακὼς
3361 4360 3464 4428 ἐμὲ
3493 4361 3716 4427 ἑώρακε
3744 4363 3858 4415 τὸν
3885 4369 4059 4417 Παῖὲ·

807 4450 913 4513 Qui
970 4450 1094 4502 vidit
1156 4465 1253 4513 me,
1287 4448 1415 4501 vidit
1447 4458 1496 4500 ct
1538 4447 1756 4502 Patrem
1777 4449 1847 4499 ⁷⁸.
1887 4451 2068 4518 Atque
2107 4450 2355 4503 ltorunmt

2466 4467 2569 4518 pa.
2598 4452 2707 4502 Καὶ
2730 4450 2873 4501 ἔστιν
2896 4445 2976 4512 εἷς
3007 4450 3101 4501 καὶ
3120 4443 3273 4511 οὗτος
3304 4450 3425 4510 νοῦς
3451 4452 3508 4501 ὲν
3537 4454 3647 4511 τοῖς
3670 4454 3823 4520 τρισὶ
3857 4458 4058 4522 ῥητοῖς,

810 4540 971 4592 trium
1006 4541 1247 4593 locorum
1278 4553 1420 4592 unus
1447 4537 1699 4608 idemque
1742 4555 1941 4595 sensus
1964 4550 2067 4596 est.
2096 4541 2229 4595 Nam
2281 4559 2348 4609 qu

2490 4541 2548 4593 Ὀ
2580 4538 2683 4610 γὰρ
2702 4538 2870 4601 οὕτως
2909 4537 3179 4605 ἐγνωκὼς,
3214 4538 3292 4589 ὅτι
3320 4537 3377 4589 ἒν
3404 4539 3538 4589 εἰσιν
3560 4540 3587 4591 6
3606 4539 3734 4601 Υἱὸς
3768 4545 3868 4593 καὶ
3898 4545 3927 4594 6
3961 4546 4058 4596 [I1-

812 4634 1028 4687 ooverit
1058 4632 1257 4686 Filitun
1295 4640 1348 4685 et
1379 4630 1596 4685 Patrem
1630 4647 1797 4685 unum
1850 4648 1997 4698 esse,
2035 4634 2081 4689 is
2110 4635 2261 4688 novit
2288 4633 2375 4688 Fi-

813 4722 943 4774 lium
974 4721 1026 4774 in
1080 4718 1243 4773 Patre
1272 4734 1415 4783 esse,
1446 4727 1498 4773 et
1528 4717 1744 4774 Patrem
1793 4719 1847 4773 in
1888 4720 2053 4775 Filio.
2081 4722 2214 4777 Nam
2249 4723 2372 4777 Filii

811 4811 1072 4865 divinitas
1141 4809 1322 4865 Patris
1372 4818 1476 4874 est,
1522 4824 1714 4882 estque
1760 4812 1813 4865 in
1850 4811 2007 4868 Filio.
2052 4812 2117 4866 Et
2148 4815 2238 4883 qui
2272 4815 2375 4868 hoc

812 4901 1065 4954 distincte
1092 4902 1359 4969 percepit,
1395 4902 1440 4955 is
1473 4905 1755 4971 cognoscit
1786 4919 1910 4957 cum
1945 4905 2038 4974 qui
2067 4891 2263 4959 Filium
2301 4907 2382 4959 vi-

813 4992 917 5053 dit,
951 4990 1165 5043 Patrem
1222 5002 1441 5060 quoque
1482 4994 1704 5048 vidisse.
1752 4993 1809 5047 ln
1841 4993 1983 5050 Filio
2008 4996 2209 5066 quippe
2243 4997 2379 5050 divi-

818 5083 959 5135 nitas
998 5080 1172 5133 Patris
1204 5082 1538 5151 agnoscitur.
1592 5082 1747 5148 Quod
1789 5085 2012 5154 quidem
2050 5086 2214 5156 regize
2244 5086 2381 5139 ima-

820 5173 959 5233 ulnis
998 5173 1248 5239 exemplo
1302 5176 1617 5231 accuratius
1646 5177 1876 5246 intelligi
1910 5186 2111 5247 potest.
2153 5178 2287 5233 Nam
2327 5183 2381 5233 in

891 5284 933 5312 ⁸³
960 5283 1105 5338 loan.
1145 5303 1194 5348 ς,
1222 5286 1310 5339 50.
1389 5288 1431 5319 “9
1462 5286 1617 5343 Joan.
1653 5306 1763 5355 xw,
1801 5290 1883 5343 il.
1962 5292 2005 5320 το
2034 5289 2164 5344 ibid.
2207 5290 2255 5342 9.
2306 5285 2316 5305 ‘

2480 4631 2602 4700 τὴρ,
2644 4625 2782 4682 οἶδεν
2813 4629 2894 4681 ὅτι
2916 4628 3075 4689 αὐτὸς
3097 4629 3154 4680 ὲν
3177 4626 3252 4697 τῷ
3274 4627 3447 4697 Πατρί
3479 4630 3646 4693 ἐστιν,
3676 4634 3773 4683 καὶ
3815 4635 3844 4685 6
3873 4635 4059 4700 Πατὴρ

2456 4723 2539 4781 ,ὲν
2555 4718 2632 4789 τῷ
2667 4718 2801 4788 Υἰῷο
2829 4720 2861 4788 ἡ
2891 4718 2997 4788 γὰρ
3024 4716 3386 4787 Υἰοῦθεότης,
3414 4718 3506 4770 τοῦ
3546 4720 3761 4788 Πατρός
3799 4722 3945 4781 ἐστι,
3980 4726 4067 4774 καὶ

2482 4812 2617 4880 αὐτὴ
2653 4814 2709 4863 ὲν
2739 4810 2813 4880 τῷ
2858 4810 2969 4879 Υἱῷ
2987 4812 3120 4863 ἔστι.
3151 4810 3260 4863 Καὶ
3288 4809 3486 4863 ότοῦτο
3509 4809 3563 4862 δὲ
3592 4813 3931 4865 καταλαϐὼν
3953 4821 4065 4867 ἐπί-

2485 4920 2696 4966 σταται,
2728 4904 2809 4954 ὅτι
2836 4903 2863 4954 6
2885 4901 3141 4971 ἑωρακὼς
3169 4900 3258 4953 τὸν
3276 4899 3423 4980 Υίὸν,Δ
3448 4900 3658 4970 ἑώρακε
3692 4903 3784 4956 τὸν
3812 4905 4065 4971 Πατέρα(

2484 4998 2541 5049 ὲν
2570 4997 2679 5065 γὰρ
2714 4995 2791 5064 τῷ
2844 4994 2959 5063 Υἰῷ
3002 4980 3167 5063 ἡ’τοῦ
3232 4994 3442 5061 Πατρὸς
3504 4991 3695 5061 θεότης
3748 4995 4045 5066 Οεωρεῖτιε

2486 5088 2654 5140 Τοῦτο
2682 5088 2737 5139 δὲ
2786 5087 2879 5139 καὶ
2909 5086 3129 5138 ἀπὸτοῦ
3188 5086 3622 5155 παραδείγματος
3684 5087 3789 5154 τῆς
3859 5092 4067 5151 εἰκόνες

2485 5174 2578 5227 τοῦ
2595 5174 2877 5243 βασιλέως,
2894 5173 3320 5244 προσεχέςτερόν
3351 5190 3430 5234 τις
3451 5174 3789 5240 κατανηῆςαι
3814 5175 4041 5229 Bitian:

2090 5380 2322 5434 VAllIIE
2363 5378 2759 5434 LECTIONES.

903 5448 915 5482 ι
954 5444 1112 5514 Lege,
1150 5448 1241 5499 καὶ
1268 5446 1437 5509 αὖθις.

2332 5536 2557 5591 ΝΟΤΑΞ.

898 5630 1010 5705 (‘56)
1053 5634 1206 5701 Πρὸς
1240 5634 1655 5705 Ἀλέξανδρον.
1692 5632 1833 5687 Sane
1855 5632 2109 5688 Clemens
2150 5634 2382 5705 Alexan-

829 5703 1023 5758 drinus
1052 5705 1361 5757 Alexandro
1390 5703 1878 5773 llierosolymitano
1896 5705 2170 5755 (lationem
2204 5704 2375 5756 eccle-

832 5774 1115 5831 siasticum
1165 5781 1355 5829 contra
1389 5773 1737 5828 Judaizautos
1790 5774 2121 5840 nuurupavit
2153 5774 2380 5842 :quulni

2492 5633 2658 5705 libros
2690 5632 2854 5705 etiam
2916 5630 3413 5705 fStromateiiNam
3492 5635 3830 5705 principium
3866 5640 4056 5692 hortm

2490 5704 2669 5791 periit.
2692 5703 2924 5791 .Alioq‘u‘i
2958 5704 3361 5791 emendandum
3376 5702 3529 5791 Jforel
3559 5702 3882 5776 Κλήμεντος
3909 5710 4029 5761 Ἀὶε

2491 5772 2801 5840 ξανδρείας·
2840 5772 3120 5826 Clemmtis
3160 5773 3525 5829 Alexandrini.
