4172 6490
221 466 347 531 1405

1292 468 1388 527 DE
1427 465 1888 528 IMAGINIBUS
1924 465 2206 526 ORATIO
2244 465 2354 525 lil.

3307 439 3448 508 1406

229 580 310 636 ἐν
341 581 451 651 γὰρ
505 583 572 651 τῇ
616 582 782 634 εἰκόνι
827 577 920 632 τοῦ
969 577 1248 647 βασιλέως,
1312 579 1374 631 τὸ
1410 573 1546 640 εἶδος
1597 577 1688 630 καὶ
1739 577 1773 645 ὴ

1901 578 2110 646 magine
2136 579 2350 646 species
2369 583 2422 628 ct
2454 573 2626 627 forma
2653 579 2740 626 est
2764 563 3140 638 imperatoris,
3173 569 3228 614 cl
3263 559 3316 610 in
3343 573 3444 651 tm-

217 673 394 742 μορςρή
430 672 548 725 ιστι
577 689 592 702 ο
630 672 724 725 καὶ
750 672 806 724 ὲν
832 670 910 738 τῷ
949 669 1156 738 βασιλεῖ
1183 669 1260 731 δὲ,
1293 669 1356 721 τὸ
1398 671 1458 722 ὲν
1491 671 1556 737 τῇ
1605 667 1773 719 εικόνι

217 758 349 822 εἶδός
385 763 556 815 ἐστιν.
611 759 1052 831 ⁷Απαράλλακτός
1091 761 1237 811 ἐστιν
1268 761 1324 810 ὲν
1351 763 1417 828 τῇ
1482 758 1648 810 εἰκόνι
1681 755 1774 809 τοῦ

218 851 474 916 βασιλέως
499 853 533 921 ἠ
575 850 848 921 ὁμοιότης.
898 850 974 912 ὡς
1007 851 1097 902 τὸν
1154 850 1364 917 ὁρῶντα
1411 849 1511 919 τὴν
1569 849 1774 911 εἰκόνα,

215 943 343 1012 ὀρᾷν
365 943 458 996 τὸν
507 941 728 1011 βασιλέα
758 945 815 998 ἑν
844 945 1003 1013 αὐτῇ,
1022 943 1115 994 καὶ
1137 941 1229 992 τὸν
1253 939 1413 992 πάλιν
1441 939 1652 1008 ὁρῶντα
1684 939 1776 992 τὸν

219 1033 461 1104 βασιλέα,
499 1034 882 1101 ἐπιγινώσκειν
934 1036 1016 1087 ὅτι
1070 1028 1225 1094 οὗτός
1252 1035 1398 1084 ἐστιν
1430 1033 1460 1085 ό
1487 1033 1546 1083 ὲν
1574 1032 1642 1100 τῇ
1698 1031 1777 1081 εί-

217 1125 354 1178 κόνι.
393 1115 680 1177 Ἐκδὲτοῦ
713 1127 788 1194 μὴ
832 1124 1158 1178 διαλλάττειν
1194 1123 1294 1192 τὴν
1337 1122 1653 1191 ὁμοιότητα,
1699 1121 1778 1190 τῷ

217 1220 421 1274 Θέλοντι
452 1218 590 1288 μετὰ
615 1220 714 1287 τὴν
749 1219 933 1273 εἰκόνα
953 1220 1041 1270 τὸν
1066 1216 1289 1286 βασιλέα
1312 1215 1608 1286 θεωρῆσαι,
1638 1215 1779 1265 εῖποι

217 1310 282 1362 ἂν
308 1309 483 1379 τούτῳ
503 1312 536 1378 ἠ
571 1307 757 1361 εἰκών
802 1309 941 1377 Ἐγὼ
970 1309 1063 1361 καὶ
1086 1310 1114 1359 ό
1138 1305 1388 1376 βασιλεὺς
1422 1305 1482 1357 ἓν
1504 1304 1556 1356 τί
1588 1306 1780 1372 ὲσμεν.

198 1398 200 1400 ’
231 1399 370 1468 Ἐγὼ
406 1400 515 1469 γὰρ
550 1400 609 1452 ὲν
638 1400 830 1468 ἐκείνῳ
869 1400 1007 1466 εἰμὶ,
1042 1401 1293 1458 κάκεῖνος
1328 1397 1385 1449 ὲν
1423 1396 1544 1464 ἐμοί
1573 1412 1587 1426 ο
1638 1395 1732 1447 καὶ
1755 1394 1784 1448 δ

217 1489 350 1562 om
400 1491 457 1542 ὲν
481 1490 626 1560 ἐμοὶ,
656 1490 814 1542 τοῦτο
847 1491 905 1541 ὲν
939 1489 1128 1557 ἐκείνῳ
1170 1489 1409 1560 βλέπεις,
1441 1488 1532 1540 καὶ
1553 1487 1581 1540 ὂ
1613 1487 1783 1556 ἑώρα-

219 1595 322 1641 κας
353 1581 414 1633 ιν
444 1578 659 1647 ἐκείνῳ,
684 1579 903 1649 βλέπεις
931 1579 1084 1632 τοῦτο
1116 1583 1173 1632 ὲν
1216 1580 1337 1649 ὲμοί
1374 1595 1388 1607 ’
1417 1581 1446 1631 ό
1481 1579 1590 1649 γὰρ
1621 1595 1811 1649 προσ-·

217 1667 397 1723 κυνῶν
418 1669 517 1737 τὴν
545 1669 751 1733 εἰκόνα,
784 1671 842 1722 ὲν
862 1669 996 1738 αὐτῇ
1019 1671 1313 1739 προσκυνεῖ
1328 1669 1416 1721 τὸν
1435 1668 1679 1739 βασιλέα.
1721 1668 1785 1721 Ἦ

216 1756 323 1831 γὰρ
368 1758 576 1812 ἐκείνου
624 1760 804 1829 μορφὴ
846 1761 942 1812 καὶ
987 1760 1048 1812 τὸ
1095 1757 1234 1822 εἶδος
1289 1759 1474 1823 αὑτοῦ,
1533 1759 1684 1812 ἐστὶν
1752 1758 1786 1826 ἠ

214 1847 404 1904 cimini.
445 1867 465 1902 ο

395 1939 504 1993 Τοῦ
531 1937 739 2005 αὐτοῦ,
782 1940 931 2007 πρὸς
981 1940 1286 2008 Ἀντίοχον
1331 1939 1610 2005 ἄρχοντα.

295 2049 314 2081 ι
355 2030 420 2083 Τί
447 2046 580 2100 φασι
603 2031 738 2100 πρὸς
767 2030 940 2083 ταῦτα
967 2031 1014 2083 οἱ
1040 2031 1524 2101 ἀποστρεφόμενοι,
1548 2033 1641 2082 καὶ
1671 2031 1787 2081 ὲπι-

217 2139 247 2174 τ
259 2121 508 2192 ρέποντες
527 2120 604 2191 μὴ
620 2123 943 2191 προσκυνεῖν
955 2122 1076 2183 τοῦς
1101 2121 1344 2190 χαρακτῆ
1354 2138 1448 2189 ρας
1465 2121 1572 2172 τῶν
1591 2120 1784 2188 ἁγίων,

219 2210 416 2275 οἵτινες
454 2211 522 2264 δι’
552 2211 859 2282 ὑπόμνησιν
889 2212 1016 2281 παρ’
1053 2211 1207 2281 ἡμῶν
1231 2211 1612 2276 ὲκτυποῦνται;
1659 2230 1676 2261 ι

241 2304 588 2371 ’Δμσροσιου
630 2303 967 2357 ἐπισκόπου
1009 2303 1389 2373 Μεδιολὰνων
1424 2304 1528 2373 (37
1568 2309 1605 2372 ),
1638 2303 1788 2370 πρὸς

297 2373 627 2442 Γρατιανὰν
676 2373 784 2425 τὸν
810 2372 1087 2437 βασιλέα,
1133 2373 1266 2441 περὶ
1323 2372 1441 2441 τῆς(
1485 2373 1790 2441 ἐνσιῲκου

293 2443 636 2510 οικονομίας
661 2442 766 2496 τοῦ
797 2443 943 2496 Θεοῦ
981 2444 1194 2510 Λόγου.

303 2553 327 2588 ιι
361 2535 492 2596 Θεὸς
523 2535 630 2604 πρὸ
654 2535 754 2603 τῆς
783 2535 1006 2604 σαρκὸς,
1041 2535 1132 2587 καὶ
1161 2535 1290 2597 Θεὸς
1321 2536 1377 2587 ἐν
1403 2536 1586 2605 σαρκί.
1632 2535 1792 2589 Ἀλλὰ

229 2622 416 2691 φόϐος,
459 2625 615 2692 φησι,
649 2625 721 2693 μὴ
779 2624 871 2676 δύο
905 2625 1221 2694 ὴγεμονικὰ,
1272 2624 1303 2694 ἢ
1363 2626 1552 2694 σοφίαν
1614 2626 1797 2696 διττὴν

231 2715 599 2784 ἀπονέμοντες
655 2716 893 2783 Χριστῷ,
953 2717 1193 2786 μερίζειν
1252 2717 1489 2786 δόξωμεν
1541 2718 1795 2788 Χριστόν.

232 2801 379 2876 Ἀρα
413 2803 525 2868 οὖν,
553 2807 637 2888 ,μὴ
663 2807 824 2859 ὁπότε
859 2809 951 2862 καὶ
974 2809 1072 2877 τὴν
1098 2808 1327 2878 θεότητα
1378 2809 1541 2861 αὑτοῦ
1575 2809 1667 2861 καὶ
1701 2807 1799 2877 τὴν
1833 2878 1841 2886 _

237 2897 414 2967 σάρκα
441 2897 873 2968 προσκυνοῦμεν,
907 2899 1200 2967 μερίζομεν
1227 2898 1318 2950 τὸν
1341 2899 1575 2968 Χριστόν
1604 2915 1619 2963 ;
1646 2899 1680 2967 ἢ
1710 2900 1798 2950 ὅτε

233 2993 296 3042 ἐν
313 2988 391 3060 τῷ
407 2991 577 3060 αὐτῷ,
609 2989 701 3041 καὶ
725 2989 822 3058 τὴν
850 2989 942 3040 τοῦ
975 2990 1110 3042 Θεοῦ
1143 2990 1326 3042 εἰκόνα
1365 2990 1460 3042 καὶ
1501 2991 1593 3042 τὸν
1634 3007 1799 3042 σταυ-

238 3077 331 3149 μὸν
391 3077 824 3149 προσκυνοῦμεν,
887 3074 1195 3149 διαιροῦμεν
1262 3079 1466 3145 αὺτὸνς
1532 3079 1624 3150 Μὴ
1709 3083 1801 3148 γέ-

234 3167 474 3219 vortam!
523 3185 542 3219 ι

1877 677 2129 737 peratore
2161 668 2372 737 species
2404 664 2681 734 imaginis.
2721 661 3079 715 Dissentanea
3119 654 3173 704 in
3213 649 3449 715 imagine

1878 773 1984 810 non
2019 766 2105 811 est
2144 757 2491 826 imperatoris
2527 751 2877 816 similitudo;
2914 751 2985 801 ita
3026 756 3082 799 ιιι
3114 743 3209 814 (ιιιὶ
3270 739 3452 792 vidi-at

1878 848 2192 916 imaginem,
2246 849 2300 899 in
2328 847 2446 915 ipsa
2477 859 2700 913 quoque
2733 841 3114 908 imperatorem
3148 829 3407 899 inspiciat
3434 846 3448 882 :

1877 952 1938 996 et
1984 952 2227 998 rursum,
2283 937 2375 1004 qui
2427 936 2813 1001 imperatorem
2865 928 3065 988 rideat,
3109 927 3254 978 hunc
3296 922 3449 974 illum

1876 1043 2000 1085 esse
2043 1023 2312 1089 intelligat
2366 1021 2458 1089 qui
2514 1021 2567 1072 in
2623 1016 2858 1086 imagine
2913 1016 2985 1064 sit
3030 1025 3344 1080 expressus.
3377 1005 3451 1056 Ex

1881 1129 1990 1181 quo
2040 1121 2224 1167 autem
2256 1129 2364 1166 non
2396 1110 2579 1165 differt
2627 1107 2959 1169 similitudo,
2995 1104 3195 1156 exhinc
3221 1115 3449 1166 conspe-

1880 1211 1968 1256 cta
1999 1203 2260 1270 imagine,
2293 1200 2498 1252 volenti
2557 1201 2944 1267 imperatorem
2978 1195 3158 1263 ipsum
3215 1189 3451 1251 intueri,

1884 1296 2062 1365 imago
2097 1297 2286 1364 utique
2317 1294 2520 1348 dixerit
2548 1309 2561 1342 :
2589 1293 2702 1361 Ego
2746 1303 2795 1346 et
2829 1295 3125 1360 imperator
3158 1301 3328 1340 unum
3366 1299 3457 1337 su-

1889 1402 2033 1441 mus.
2097 1387 2209 1455 Ego
2263 1388 2466 1455 quippe
2499 1384 2553 1436 in
2593 1384 2686 1437 illo
2735 1398 2880 1445 sum,
2913 1391 2969 1435 et
3003 1381 3093 1434 ille
3124 1382 3179 1432 in
3232 1393 3320 1430 me
3357 1395 3369 1428 :
3403 1382 3458 1426 et

1885 1477 2031 1544 quod
2074 1475 2130 1528 in
2189 1491 2275 1529 me
2319 1476 2499 1541 vides,
2544 1474 2648 1527 hoc
2677 1473 2816 1526 idem
2852 1473 2903 1524 in
2932 1487 2997 1524 eo
3055 1469 3352 1538 perspicis;
3404 1473 3459 1517 et

1887 1566 2033 1635 quod
2098 1567 2154 1620 in
2211 1566 2307 1620 illo
2368 1564 2740 1635 perspexeris,
2790 1562 2840 1615 id
2876 1563 2929 1615 in
2986 1578 3069 1614 me
3102 1560 3328 1614 cernis:
3362 1556 3457 1622 qui

1887 1660 2033 1712 enim
2089 1656 2281 1710 adorat
2336 1657 2649 1726 imaginem,
2690 1655 2779 1708 ille
2821 1653 3212 1721 imperatorem
3246 1649 3456 1701 adorat.

1890 1748 2020 1804 Nam
2053 1750 2231 1818 imago
2256 1756 2338 1803 est
2370 1747 2545 1800 forma
2577 1753 2632 1800 et
2665 1746 2875 1814 species
2901 1743 3077 1797 illius.
3120 1759 3137 1792 ι

2099 1945 2378 2012 Ejusdem,
2413 1943 2480 1996 ad
2512 1943 2820 1997 Antiochum
2846 1942 3151 2009 praefectum
3182 1940 3250 1994 ".

1964 2055 1984 2086 ι
2008 2035 2151 2100 Quid
2185 2035 2252 2090 ad
2278 2036 2391 2090 haec
2417 2037 2492 2090 illi
2521 2035 2613 2104 qui
2631 2043 2948 2089 sanctorum
2977 2034 3177 2101 figuras
3197 2041 3459 2081 aversan-

1892 2134 1977 2181 tur
2028 2109 2450 2194 adorandaique
2505 2136 2728 2196 negant,
2790 2138 2909 2192 qua:
2961 2123 3016 2174 in
3062 2119 3460 2174 monimentum

1893 2218 2032 2286 apud
2067 2234 2169 2274 nos
2197 2217 2569 2289 efﬁnguntur?
2598 2237 2616 2268 ι

1894 2313 2157 2366 Ambrosii
2203 2312 2426 2378 episcopi
2451 2307 2858 2379 Mediolanensis
2919 2305 2986 2379 ad
3024 2301 3336 2379 Gratianum
3362 2294 3464 2350 ini-

2077 2372 2391 2450 peratbrem,
2422 2381 2485 2432 de
2537 2377 2898 2431 incarnatione
2941 2373 3087 2427 Verbi
3117 2372 3308 2424 divini.

1972 2555 1989 2587 ι
2025 2536 2168 2591 Dens
2207 2546 2333 2590 ante
2361 2550 2585 2588 carnem
2615 2552 2629 2600 ;
2663 2534 2805 2586 Dens
2856 2532 2908 2584 in
2936 2544 3193 2583 carne....
3239 2525 3347 2578 Sed
3386 2537 3470 2577 ve-

1899 2627 2155 2691 rendum,
2213 2626 2422 2696 inquis,
2482 2640 2549 2678 ne
2577 2625 2623 2678 si
2656 2623 2798 2677 duos
2858 2619 3193 2691 principales
3241 2629 3464 2676 sensus.

1894 2725 1992 2769 aut
2054 2717 2328 2785 geminam
2366 2716 2692 2782 sapientiam
2722 2713 2946 2764 Christo
2971 2703 3470 2767 tribuimus.Chri-

1900 2817 2043 2860 Slum
2074 2804 2402 2858 dividamus.
2438 2801 2708 2870 Numquid
2751 2818 2873 2855 cum
2902 2811 2955 2854 et
2987 2799 3319 2852 divinitatem
3350 2795 3471 2864 ejus

1900 2896 2194 2949 adoramus
2219 2904 2273 2949 et
2311 2910 2558 2957 carnem,
2609 2893 2888 2946 Christum
2921 2889 3260 2945 dividimus?
3297 2887 3471 2941 Num-

1901 2985 2029 3054 quid
2080 3001 2201 3039 cum
2247 2985 2299 3037 in
2333 3000 2400 3038 eo
2429 2984 2721 3052 imaginem
2751 2982 2845 3036 Dei
2875 2995 3206 3050 crucemque
3241 2992 3471 3033 venera-

1904 3091 2044 3140 mur,
2075 3074 2377 3132 dividimus
2407 3092 2529 3130 eum
2556 3076 2578 3127 ?
2602 3074 2796 3128 Absit!
2837 3092 2855 3124 ι

236 3258 539 3324 Κυριλλου
586 3259 950 3334 παςριὰρχου
1010 3259 1459 3334 Ἰεροσολύμων,
1510 3261 1620 3330 τῆς
1689 3263 1801 3315 δω-

1977 3252 2170 3323 Cyrilli
2226 3253 2714 3334 Hierosolymorum
2763 3253 3113 3334 patriarclnc,
3162 3270 3227 3309 ex
3267 3252 3468 3309 duode-

680 3327 934 3394 δεκάτης
965 3327 1368 3395 κατηχήσεως.

313 3431 333 3466 ι
364 3415 427 3468 Ei
449 3413 627 3468 τοίνυν
649 3415 829 3484 ζητεῖς
845 3417 939 3485 τῆς
959 3417 1190 3486 Χριστοῦ
1215 3419 1511 3487 παρουσίας
1533 3422 1593 3472 τὸ
1608 3422 1798 3488 αἴτιον,

237 3505 514 3576 ἁνάδραμε
557 3505 648 3557 ἐπὶ
694 3507 754 3558 τὸ
793 3507 1005 3577 πρῶτον
1047 3506 1155 3560 τ’ὦν
1183 3509 1414 3578 Γραφῶν
1444 3510 1666 3580 βιϐλίον.
1714 3513 1804 3565 Ἐν

237 3597 298 3662 ἓξ
333 3597 565 3668 ἡμέραις
591 3597 842 3665 ἐποίησεν
867 3599 894 3650 ό
925 3597 1054 3660 Θεὸς
1083 3599 1172 3651 τὸν
1201 3599 1422 3670 κόσμον,
1475 3602 1590 3654 ἀλλ’
1632 3603 1660 3654 ό
1715 3604 1804 3657 κό-

239 3703 396 3755 σμος,
420 3685 507 3739 διὰ
524 3687 616 3739 τὸν
640 3687 922 3756 ἄνθρωπον
947 3704 960 3717 ’
987 3687 1132 3757 ἣλιος
1158 3689 1256 3758 μὲν
1271 3689 1378 3759 γὰρ
1392 3689 1793 3762 λαμπρότατος,

237 3780 433 3849 αὑγαῐς
462 3771 822 3846 ἀποστίλϐων,
848 3779 980 3832 ἀλλὰ
1015 3780 1101 3833 διὰ
1132 3781 1224 3832 τὸν
1250 3782 1556 3851 ἄνθρωπον,
1597 3787 1800 3855 φαμὲν,

238 3871 476 3939 ἐγένετο.
505 3872 616 3924 Καὶ
643 3871 822 3925 πάντα
850 3872 918 3924 τὸ.
955 3871 1066 3936 ζῶα
1107 3872 1193 3926 διὰ
1236 3872 1297 3926 τὸ
1349 3873 1617 3929 δουλεύειν
1675 3879 1805 3947 ἡμῖν

240 3961 515 4032 κατέστηο
561 3960 781 4030 βοτάναι
820 3962 914 4013 καὶ
959 3952 1151 4032 ’δένδρα
1177 4001 1190 4021 ,
1254 3961 1341 4014 διὰ
1384 3963 1483 4033 τὴν
1536 3965 1806 4036 ἡμετέραν

238 4053 562 4108 ἀπόλαυσιν.
608 4053 861 4121 Ἐκτίσθη
890 4053 1062 4105 πάντα
1079 4053 1217 4106 καλὰ
1242 4053 1309 4107 τὰ
1329 4054 1804 4126 δημιουργήματα,

238 4147 359 4202 ἀλλ’
393 4146 546 4200 οὐδὲν
575 4146 778 4199 τούτων
803 4145 964 4198 είκὼν
988 4144 1082 4198 τοῦ
1113 4144 1271 4208 Θεοῦ,
1309 4146 1466 4213 μόνος
1509 4147 1563 4200 δὲ
1596 4147 1806 4218 ἄνθρω-

241 4257 367 4300 πος.
408 4238 596 4300 ἰιλιος
629 4237 1006 4306 προστάγματι
1058 4236 1223 4306 μόνῳ,
1254 4235 1536 4306 ἄνθρωπος
1565 4238 1620 4290 δὲ
1652 4241 1808 4310 χερσὶ⁸

235 4328 416 4391 θείαις
442 4327 685 4396 ἐπλάσθη
719 4344 733 4358 υ
766 4347 783 4377 ι
823 4327 1167 4397 Ποιήσωμεν
1188 4327 1297 4397 γὰρ
1331 4326 1640 4396 ἄνθρωπον
1679 4331 1807 4384 κατ’

232 4422 450 4474 eludi-cl
468 4417 779 4487 ἡμετέραν,
821 4419 916 4472 καὶ
949 4419 1076 4473 καθ’
1144 4417 1428 4486 ὁμοίωσιν
1454 4436 1469 4450 ο
1509 4421 1672 4474 εἰκὼν
1720 4421 1808 4486 ξυ-

2470 3327 2606 3378 cima
2642 3325 2917 3378 ratechesi.

1975 3416 2031 3469 Si
2084 3432 2214 3486 ergo
2264 3418 2532 3471 adventus
2586 3415 2788 3469 Christi
2848 3431 3071 3469 causam
3123 3414 3350 3484 quaeris,
3407 3415 3477 3469 ad

1903 3505 2067 3577 384
2094 3507 2330 3575 primum
2377 3507 2678 3575 Scriptura:
2727 3507 2926 3560 librum
2960 3521 3202 3560 recurre.
3234 3505 3338 3560 Sex
3363 3505 3477 3561 dic—

1905 3615 2024 3651 rum
2089 3599 2267 3666 spatio
2327 3599 2593 3652 mundum
2653 3601 2862 3653 creavit
2905 3599 3167 3652 Deus:at
3237 3598 3479 3653 mundus

1905 3703 2124 3760 propter
2148 3693 2424 3745 hominem
2461 3691 2636 3746 factus
2673 3701 2775 3746 est.
2808 3691 3100 3746 Enimvero
3161 3691 3241 3746 sol
3298 3692 3476 3760 spien-

1904 3784 2246 3849 didissimus,
2271 3784 2546 3851 radiisque
2574 3784 2808 3854 fulgens,
2839 3793 2894 3837 nt
2926 3785 3087 3838 modo
3123 3785 3470 3849 dicebamus.

1906 3875 2142 3930 hominis
2179 3889 2343 3930 causa
2375 3874 2550 3929 factus
2575 3886 2676 3930 est.
2723 3874 2916 3930 Omnia
2953 3893 3172 3946 quoque
3209 3876 3472 3930 animan-

1910 3975 1980 4025 tia
2004 3973 2212 4026 idcirco
2244 3971 2470 4026 condita
2501 3982 2652 4036 sunt,
2683 3981 2742 4025 ut
2789 3973 3031 4026 serviant
3062 3972 3247 4036 nobis;
3277 3972 3479 4042 grami-

1909 4082 1974 4117 na
2027 4067 2152 4118 item
2187 4076 2242 4120 et
2265 4067 2518 4128 arbores,
2563 4074 2622 4118 ut
2649 4065 2758 4118 illis
2783 4064 3052 4117 fruamur.
3091 4063 3354 4119 Universa
3383 4064 3476 4119 llei

1906 4174 2070 4228 opera
2096 4159 2237 4212 bona
2266 4157 2421 4211 valde
2443 4166 2594 4218 sunt,
2636 4156 2730 4210 sed
2769 4157 2978 4210 nullum
3007 4173 3221 4220 eorum,
3250 4158 3474 4224 dempto

1911 4249 2154 4311 homine,
2217 4248 2394 4316 imago
2439 4247 2530 4299 Dei
2563 4255 2664 4301 est.
2703 4245 2796 4300 Sol
2847 4247 3105 4301 mandato
3132 4248 3273 4310 solo,
3321 4247 3482 4298 homo

1909 4355 2039 4393 vero
2069 4339 2160 4393 Dei
2193 4340 2446 4393 manibus
2485 4338 2754 4393 formatus
2783 4337 2904 4392 fuit.
2933 4339 3234 4396 Aitcnim"
3257 4359 3266 4389 :
3287 4337 3482 4391 Facia-

1911 4440 2024 4476 mus
2046 4422 2306 4476 hominem
2332 4424 2401 4476 ad
2427 4424 2708 4494 imaginem
2725 4433 2773 4476 et
2794 4424 3195 4477 similitudinem
3217 4434 3480 4476 nostram.

235 4509 364 4581 λίνη
410 4510 650 4576 ἐπιγείου
705 4510 964 4580 βασιλέως
1011 4512 1255 4580 τιμᾶται,
1291 4511 1440 4580 πόσῳ
1491 4530 1554 4580 γε
1605 4514 1801 4582 μᾶλλον

1915 4514 2263 4583 Imperatoris
2312 4523 2518 4568 terreni
2547 4515 2836 4583 imaginem
2875 4515 3103 4582 ligneam
3135 4528 3482 4580 veneramur,

236 4601 412 4654 εἰκὼν
437 4603 627 4669 λογικὴ
660 4601 827 4668 Θεοῦ;
868 4620 888 4652 ι

247 4691 366 4746 Τοῦ
391 4692 561 4763 ἁγίου
593 4693 912 4763 Βασιλειου
939 4691 1084 4758 πρὸς
1112 4693 1219 4745 τὸν
1245 4692 1413 4759 ἅγιον
1451 4697 1807 4760 Φλαϐιιινὸν,

670 4762 802 4829 περὶ
834 4762 943 4830 τῆς
972 4763 1404 4830 Σαμαρείτιδος.

327 4869 348 4903 ι
401 4853 488 4906 Ἐν
512 4853 662 4922 τόπῳ
689 4851 826 4906 εἶναι
863 4855 960 4924 τὴν
987 4856 1351 4925 προσκύνησιν
1393 4858 1456 4909 ἐκ
1485 4857 1584 4926 τῆς
1637 4862 1809 4928 ἐγχω-

243 4941 373 5013 ρίου
406 4943 692 5013 συνηθείας
721 4945 1094 5014 ἠπατημένην,
1125 4947 1151 4997 ὁ
1178 4947 1374 5017 Κύριος
1397 4946 1550 5015 ἡμῶν
1591 4949 1808 5015 μεταδι-

243 5033 485 5087 δάσκων·
517 5034 618 5087 Ἐν
635 5037 920 5103 πνεύματι
940 5037 1294 5104 miti-11108541
1308 5037 1400 5091 δεῖ
1416 5040 1802 5106 προσκυνεῖν,

247 5125 440 5194 φησιν,
471 5127 660 5178 ἑαυτὸν
687 5126 858 5194 λέγων
887 5129 1083 5198 δηλαδὴ
1119 5129 1216 5199 τὴν
1273 5129 1547 5199 ἀλήθειαν.
1600 5132 1808 5204 Ὥσπερ

249 5220 315 5268 ὲν
345 5216 418 5288 τῷ
452 5217 563 5288 Υἱῷ
617 5223 940 5289 προσκυνεῖν
986 5221 1212 5289 λέγομεν
1261 5222 1350 5273 τὸν
1389 5221 1621 5291 Πατέρα,
1644 5222 1718 5287 ὼς
1748 5225 1805 5276 ἐν

341 5353 381 5382 ⁷⁸
420 5350 623 5416 Quaest.
651 5352 837 5412 39,uhi
873 5368 1054 5424 supra.

1915 4616 2123 4677 quanto
2154 4607 2354 4676 potiori
2382 4608 2506 4675 jure
2539 4608 2860 4661 rationalem
2889 4607 3181 4675 imaginem
3216 4605 3305 4659 Dei
3335 4605 3356 4657 ?
3389 4624 3408 4655 ι

1979 4699 2164 4754 Sancti
2199 4699 2393 4752 Basilii
2422 4702 2489 4751 ad
2551 4712 2791 4753 sanctum
2851 4691 3187 4763 Flavianum,
3210 4698 3272 4750 de
3297 4697 3483 4752 Sama-

2468 4769 2648 4822 ritana
2679 4769 2914 4821 muliere.

1986 4878 2002 4909 ι
2041 4859 2276 4914 Gi-ntilis
2324 4876 2437 4913 sna:
2494 4859 2914 4914 consuetudinis
2972 4841 3168 4913 errore
3213 4858 3268 4910 in
3331 4864 3484 4911 certo

1905 4952 2026 5004 loco
2085 4952 2457 5005 adorationem
2517 4952 2714 5005 debere
2773 4952 2886 5004 fieri
2923 4949 3258 5011 credentem,
3304 4948 3484 5001 Domi-

1914 5060 2017 5096 nus
2065 5054 2251 5096 noster
2295 5044 2512 5097 erudit:
2550 5044 2786 5108 Oportet,
2858 5045 3056 5113 inquit,
3122 5044 3176 5094 in
3211 5041 3398 5110 spiritu
3435 5049 3484 5094 ,τι

1915 5136 2128 5188 veritate
2154 5137 2470 5203 adorare”;
2509 5146 2563 5189 nt
2599 5138 2837 5205 seipsum
2894 5137 3176 5200 nimirum,
3212 5137 3303 5204 qui
3337 5135 3482 5188 veri-

1927 5238 2010 5284 tas
2031 5237 2136 5293 est,
2169 5230 2455 5288 indicaret.
2503 5231 2970 5298 Quemadmodum
2999 5232 3058 5285 in
3097 5229 3235 5285 Filio
3265 5229 3481 5283 Patrem

1131 5355 1173 5385 "
1201 5354 1336 5410 Gen.
1369 5369 1408 5420 ι,
1440 5356 1528 5409 26.
1606 5356 1646 5388 ⁷³
1677 5354 1833 5414 Joan.
1879 5376 1949 5425 iv,
1977 5364 2064 5418 ει.

1527 5470 1760 5526 VARI/ﬂ
1817 5474 2212 5538 LECTIONES.

334 5575 374 5600 ’³
412 5567 592 5635 Deest,
625 5569 790 5627 Absit,
833 5565 904 5634 μὴ
948 5567 1170 5632 γένοιτο,
1223 5567 1364 5635 apud
1400 5568 1766 5622 Ambrosium.

268 5779 446 5858 “(31)
478 5781 747 5858 Ambrosii
787 5779 973 5834 Latina
1004 5782 1277 5858 desvi'ibg,
1302 5799 1383 5858 _e\
1431 5784 1708 5858 cjusiilno
1751 5785 1822 5836 lie
1843 5786 2230 5858 incarnationis
2279 5785 2562 5841 Dmninicw
2590 5802 2937 5854 sacranmzw,
2974 5807 3088 5858 cap.
3133 5792 3184 5855 7,
3232 5811 3284 5847 n.
3323 5796 3386 5850 ῖς)
3426 5806 3478 5852 ες

286 5849 356 5903 οἳ.
387 5849 488 5914 Qui
528 5852 667 5904 liber
711 5863 948 5919 tcinpurc
984 5853 1173 5914 synodi
1219 5849 1506 5920 Ephesiae:
1541 5855 1730 5909 Urwce
1760 5855 2003 5910 l‘t‘titllill:
2031 5858 2225 5908 l'ucrat.
