4172 6490
835 392 971 460 ιιιι

1991 336 2089 449 ἐ.
2128 383 2450 454 mauros
2469 382 2911 466 nan/iscum

3955 393 4065 460 14ιῖ

830 507 994 577 tmagl
1002 518 1097 560 aes
1108 519 1330 575 quoque
1348 503 1666 563 adoramus.
1685 500 1752 558 iis
1767 501 2136 557 aceensendos
2164 499 2302 563 fore,
2321 514 2391 566 qu

2518 495 2738 575 εἰκόνας
2782 498 3229 567 προσκυνοῦντες,
3267 501 3341 565 ὡς
3381 502 3610 575 ἀψύχοις
3662 506 4064 577 προσευχόμενοι

829 596 1144 650 simulacris
1174 592 1437 649 inanimis
1464 595 1798 664 supplicant.
1833 590 1990 645 Absit
2027 592 2236 659 itaque,
2264 599 2326 642 ut
2355 589 2404 640 id

829 702 933 739 nos
962 686 1396 740 committamus.
1424 686 1557 739 Nam
1588 683 1853 754 quidquid
1882 690 2049 751 agunt
2081 680 2404 737 Christiani.

772 784 779 785 '
836 775 943 829 ﬁde
977 784 1256 842 pensatur,
1287 784 1341 827 et
1364 773 1526 834 Deus,
1563 773 1655 840 qui
1690 770 1920 824 mendax
1953 783 2060 820 non
2088 776 2197 827 est,
2228 766 2405 818 virtu-

826 873 912 919 tes
958 872 1242 931 operatur.
1296 862 1414 916 Non
1442 863 1590 916 enim
1642 862 1695 913 in
1748 858 2075 929 quihusdam
2129 856 2407 910 coloribus

826 969 1127 1014 moramur.
1159 954 1276 1016 sed,
1309 953 1481 1006 veluti
1513 951 1785 1018 contingit
1818 950 1871 1001 in
1916 947 2407 1016 rcprzesentationc

825 1045 1041 1107 litterm,
1067 1060 1171 1113 qua
1205 1046 1347 1098 aliud
1388 1044 1758 1112 signiﬁcatur,
1798 1040 1949 1093 illum
1979 1041 2071 1108 qui
2112 1038 2407 1093 invisibilis

824 1145 931 1199 est,
963 1136 1017 1188 in
1059 1136 1272 1203 pictura
1307 1132 1735 1201 conspicientes,
1772 1140 2032 1196 tanquam
2076 1135 2401 1196 prmsentem

827 1226 1140 1279 laudamus.
1170 1226 1279 1278 Nec
1310 1224 1357 1278 ei
1393 1223 1694 1283 credimus,
1732 1221 1826 1287 qui
1864 1220 2008 1273 Deus
2043 1233 2151 1271 non
2187 1216 2279 1279 sit,
2312 1217 2404 1271 sed

826 1315 923 1383 qui
954 1330 1079 1368 vere
1122 1315 1355 1368 exsistat
1400 1311 1540 1365 Deus
1571 1330 1583 1364 :
1620 1325 1801 1379 neque
1852 1309 1978 1362 item
2032 1309 2264 1371 sanctis,
2313 1308 2404 1377 qui

808 1395 1005 1459 ‘sancti
1041 1421 1150 1459 non
1182 1406 1313 1466 sint,
1350 1404 1444 1458 sed
1474 1404 1566 1472 qui
1600 1403 1737 1454 tales
1784 1400 1943 1469 plane
1976 1400 2105 1463 sint,
2133 1407 2184 1453 ct
2220 1402 2406 1452 vivant

825 1497 968 1566 apud
1004 1496 1200 1560 Deum;
1234 1510 1359 1548 cum
1394 1494 1559 1548 etiam
1610 1491 1837 1559 spiritus
1867 1505 2056 1544 eorum
2091 1491 2160 1543 oh
2198 1491 2403 1543 sancti-

2513 583 2763 647 εἰδώλοις
2791 586 3246 657 λογισθησόμεθα.
3273 592 3362 660 Μὴ
3386 589 3483 644 οῦν
3514 596 3743 659 γένοιτο
3757 597 3910 662 ἡμεῖς
3936 596 4067 646 τοῦτο

2513 678 2709 729 ποιεῖν.
2743 677 2823 730 Τά
2849 679 2957 748 γάρ
2998 680 3109 731 τῶν
3157 682 3496 751 Χριστιανῶν
3538 685 3723 745 Μστὶς
3764 686 3912 746 ἔστι,
3944 687 4067 735 καὶέ

2512 765 2750 837 ἀψευδὴς
2788 769 2944 838 ἡμῶν
2976 772 3109 834 Geo;
3151 774 3364 842 ἐνεργεῖ
3405 774 3504 833 τὰς
3543 776 3833 843 δυνάμεις.
3870 776 3945 826 Οὐ
3980 778 4067 841 γὰρ

2512 856 2764 925 χροῖδίοις
2787 866 2836 919 ³³,
2868 858 3006 912 ἀλλά
3033 862 3091 911 ἐν
3120 862 3423 931 ὑπομνήσει
3452 864 3545 915 τοῦ
3576 864 3890 917 ἀντιτύπου
3916 866 4069 931 γράμ-

2513 965 2705 1016 ματος.
2736 949 2971 1019 ὁρῶντες
2993 951 3085 1004 τὸν
3113 953 3340 1020 ἀόρατον
3366 955 3453 1007 διὰ
3490 956 3589 1024 τῆς
3624 955 3925 1023 ὁρωμένης
3956 971 4068 1020 τρες

2507 1039 2633 1106 εὲἧςν
2675 1040 2752 1102 ὡς
2790 1042 3033 1110 παρόντα
3088 1043 3397 1113 δοξάζομεν,
3430 1047 3529 1115 οὐχ
3569 1046 3648 1107 ὡς
3691 1045 3775 1114 μὴ
3821 1045 3935 1096 ϐντι
3973 1044 4069 1109 Θειξι

2506 1129 2857 1194 πιστεύοντες
2880 1148 2893 1160 ’
2924 1132 3039 1185 ἀλλ’
3063 1133 3139 1196 ὡς
3175 1135 3285 1186 ϐντι
3312 1134 3551 1203 ἀληθῶς,
3580 1134 3708 1187 οὕτε
3748 1136 3871 1196 τοῖς
3899 1133 4067 1199 ἁγίας.

2505 1221 2579 1285 ὡς
2614 1222 2689 1292 μὴ
2737 1220 2912 1287 οὖσιν,
2936 1225 3052 1276 ἀλλ’
3077 1226 3151 1288 ὡς
3180 1222 3314 1287 οὖσι,
3346 1228 3439 1279 καὶ
3470 1228 3605 1291 ζῶσι
3637 1226 3801 1294 παρὰ
3840 1225 3923 1293 τῷ
3952 1224 4066 1291 Θεῷ.

2505 1311 2598 1362 καὶ
2641 1312 2751 1362 τῶν
2801 1316 3126 1382 πνευμάτων
3158 1316 3359 1377 αὐτῶν,
3392 1316 3562 1382 ἁγίων
3591 1316 3771 1368 ὄντων
3806 1319 3903 1367 καὶ
3931 1315 4067 1366 δυνά-

2508 1418 2599 1470 μει
2626 1400 2764 1453 Θεοῦ
2798 1402 3137 1472 βοηθούντων
3171 1409 3282 1469 τοῖς
3328 1407 3519 1469 ἀξίοις,
3554 1407 3633 1469 ὡς
3664 1407 3950 1474 δεομένοις
3984 1406 4067 1456 αὖ·

2504 1508 2679 1545 των.»

826 1592 992 1636 tatem
1028 1600 1209 1649 suam,
1243 1598 1348 1653 qua
1380 1583 1558 1636 divina
1607 1582 1811 1636 virtute
1853 1581 2079 1649 pollent,
2138 1580 2250 1635 illis
2300 1582 2393 1652 qui
2436 1583 2588 1655 digni
2620 1592 2751 1638 sunt
2777 1583 3133 1653 Opitulentur,
3169 1593 3353 1654 utpote
3415 1587 3509 1656 qui
3550 1589 3806 1657 ipsorum
3884 1588 4067 1641 auxilio

826 1677 1117 1747 indigeant.
1165 1696 1183 1728 ι

830 1767 1105 1821 Anastasii
1160 1766 1538 1834 archiepiscopi
1592 1751 1923 1835 Aulim/teni,
1970 1761 2041 1835 ad
2092 1763 2396 1835 Symeanem

2519 1764 2920 1835 ’Arao'tao'lov
2969 1764 3445 1831 ἀρχιεπισκόπου
3496 1765 3891 1835 Ἀντιοχείας.
3937 1766 4067 1832 πρὸς

1087 1833 1384 1903 episcopum
1416 1836 1753 1898 Bostrorum,
1790 1834 1860 1886 De
1884 1833 2137 1890 Sabbato.

902 2044 919 2076 ι
944 2025 1411 2090 Quemadmodum
1437 2026 1580 2080 enim
1609 2025 1827 2080 absente
1854 2026 2204 2097 imperatore,
2230 2015 2410 2097 ipsius'

827 2118 1010 2187 imago
1041 2118 1327 2181 adoratur,
1370 2126 1636 2185 pmsentc
1675 2132 1801 2170 vero
1833 2119 2132 2173 absurdum
2168 2135 2399 2189 prorsus

820 2217 928 2271 est,
974 2209 1273 2276 exemplari
1301 2209 1639 2276 posthabito,
1669 2208 1959 2277 imaginem
1997 2208 2263 2272 adorare;
2300 2225 2399 2264 nec

822 2309 1026 2361 tamen,
1081 2313 1146 2353 eo
1192 2298 1339 2367 quod
1392 2300 1480 2353 ille
1527 2314 1770 2367 praesens
1822 2301 1909 2359 sit,
1969 2308 2192 2369 propter
2237 2316 2397 2369 quem

820 2390 1002 2460 imago
1040 2390 1263 2451 colitur,
1315 2391 1522 2442 ideirco
1566 2390 1860 2458 imaginem
1909 2390 2080 2458 ipsam
2125 2391 2277 2443 nihili
2314 2390 2396 2444 fa-

819 2493 945 2534 cere
974 2490 1409 2533 consentaneum
1458 2479 1644 2531 fuerit.
1673 2477 1803 2532 Tale
1830 2479 1959 2547 quid
1994 2481 2242 2533 evenisse
2274 2478 2398 2532 reor

820 2570 969 2622 circa
1002 2569 1136 2636 legis
1173 2569 1420 2621 umbram
1468 2570 1584 2621 sive
1622 2567 1860 2620 litteram
1910 2569 2074 2635 (hanc
2100 2570 2244 2621 enim
2276 2586 2394 2620 um-

820 2659 970 2727 bram
1005 2658 1251 2712 nominat
1288 2658 1628 2727 Apostolus).
1674 2656 1928 2723 Quandiu
1962 2659 2107 2711 enim
2141 2660 2390 2713 veritatis

818 2748 998 2816 gratia
1042 2745 1503 2808 abscondehatur,
1553 2747 1755 2813 ﬁguras
1808 2746 1984 2797 sancti
2031 2746 2391 2813 premebant;

817 2838 1019 2906 quippe
1052 2837 1145 2905 qui
1181 2819 1463 2889 veritatem
1495 2846 1754 2904 tanquam
1802 2836 1857 2887 in
1889 2837 2117 2903 speculo
2137 2845 2393 2923 ‘eontcm-

816 2930 1132 3000 plabantur.
1166 2927 1261 2981 Ast
1288 2927 1377 2979 ubi
1404 2926 1604 2979 veritas
1632 2925 1860 2994 prodiit.
1892 2940 2106 2993 aequum
2142 2939 2244 2977 non
2271 2939 2393 2977 esse

815 3024 1171 3079 censuerunt,
1212 3023 1272 3069 ut
1300 3017 1605 3070 secundum
1644 3016 1846 3084 ﬁguras
1882 3017 2211 3076 viveremus,
2250 3030 2390 3083 quas

816 3108 1080 3178 deinceps
1107 3122 1480 3175 sequeremur.
1521 3106 1721 3159 Rerum
1753 3106 1897 3159 enim
1922 3108 2272 3173 prmseutium
2298 3120 2390 3157 su-
2416 3115 2461 3174 (ς

815 3211 1168 3269 pervacanea:
1197 3207 1324 3251 sunt
1360 3196 1568 3265 ﬁgurae.
1603 3195 1710 3247 Nec
1753 3203 1935 3246 tamen
2002 3194 2203 3263 ﬁguras
2234 3194 2392 3245 inho-

816 3294 971 3344 neste
1023 3287 1352 3346 habuerunt,
1406 3296 1499 3339 aut
1549 3293 2023 3352 contempserunt,
2058 3288 2187 3351 quin
2226 3286 2395 3337 hono-

814 3377 1230 3446 raruntpotius,
1256 3385 1308 3429 et
1337 3392 1452 3441 eos,
1472 3376 1563 3445 qui
1584 3376 1939 3429 contumeliis
1969 3378 2117 3444 ipsas
2145 3389 2394 3443 asperge-

815 3468 966 3533 hant,
1017 3464 1212 3535 impios
1264 3480 1386 3520 esse
1437 3467 1795 3537 judicarunt,
1836 3476 1888 3519 et
1937 3465 2147 3519 acerba:
2192 3467 2393 3518 mortis

817 3557 1094 3629 supplicio
1121 3557 1337 3626 dignos.
1385 3576 1402 3608 ι

1168 3645 1444 3715 Ejusdem,
1479 3660 1549 3700 ea?
1576 3649 1818 3701 oratione
1850 3648 2026 3701 tertia.

893 3757 912 3790 ι
953 3736 1113 3792 Velut
1140 3737 1185 3791 si
1210 3737 1335 3806 quis
1363 3747 1582 3808 propter
1623 3739 1888 3792 honorem
1922 3740 2015 3806 qui
2042 3738 2270 3792 debetur
2294 3738 2392 3792 im-

814 3827 1080 3900 peratori,
1104 3826 1221 3892 ejus
1250 3828 1437 3881 adoret
1468 3829 1789 3898 imaginem,
1821 3828 2123 3897 quamlibet
2154 3843 2220 3883 ex
2262 3844 2387 3883 cera

812 3924 870 3971 et
904 3915 1189 3970 coloribus
1219 3924 1585 3970 constantem.
1637 3935 1656 3967 ι

811 4005 1002 4062 Sancti
1061 4016 1112 4060 et
1183 4007 1483 4060 aecumenici
1564 4006 1775 4059 concilii
1834 4007 2007 4074 quinti

1320 4077 1504 4127 tismus
1538 4076 1895 4128 duodecimus.

893 4184 914 4218 ι
955 4164 1012 4220 Si
1056 4166 1182 4237 quis
1227 4168 1453 4236 impium
1498 4164 1847 4220 Theodorum
1904 4165 2390 4235 Mopsuestiensem

823 4256 1117 4320 defendat,
1160 4258 1254 4326 qui
1290 4258 1425 4311 dicit
1473 4258 1640 4310 alium
1671 4273 1792 4311 esse
1824 4256 1994 4311 Deum
2025 4257 2264 4313 Verbum
2293 4298 2307 4321 ,
2339 4267 2392 4313 et

816 4347 985 4402 alium
1020 4363 1139 4402 esse
1179 4347 1483 4413 Christum,
1517 4348 1850 4402 animalibus
1882 4349 2386 4418 perturbationibus

2079 4007 2392 4061 anathema-

2577 1833 2824 1902 Συμεὼν
2851 1835 3188 1887 ἐπίσκοπον
3214 1835 3516 1901 Βόστρων,
3546 1834 3689 1900 Περὶ
3722 1834 3841 1888 τοῦ
3870 1835 4065 1888 Σαϐϐά-

2573 1921 2701 1958 του.

2579 2013 2598 2046 ι
2629 1994 2839 2064 Ὥσπερ
2868 1993 2998 2063 γάρ,
3029 1994 3260 2055 ἀπόντος
3290 1998 3391 2062 μὶν
3422 1992 3704 2062 βασιλέως,
3730 1995 3769 2065 ὴ
3803 1993 3969 2047 εἰκὼν
3987 1996 4063 2048 αὖ·

2499 2083 2597 2136 τοῦ
2644 2087 3076 2153 προσκυνεῖται,
3131 2084 3397 2152 παρόντος
3444 2084 3523 2146 δὲ,
3584 2084 3779 2137 λοιπὸν
3834 2087 4063 2155 περιττὶιι

2498 2174 2870 2227 καταλιπόντα
2901 2175 2993 2225 τὸν
3020 2174 3379 2244 πρωτότυπον
3408 2177 3741 2243 προσκυνεῖν
3773 2178 3846 2245 τῇ
3875 2176 4031 2228 εικόνι
4052 2193 4063 2203 ·

2496 2266 2559 2318 ού
2599 2266 2727 2335 μὴν,
2770 2266 2895 2318 ἐπεὶ
2926 2267 2988 2319 οὐ
3030 2268 3414 2335 προσκυνεῖται
3445 2266 3535 2319 διὰ
3572 2267 3633 2318 τὺ
3668 2269 3939 2336 παρεῖναι
3972 2269 4066 2323 τὸν.

2494 2354 2643 2409 δικόν
2669 2358 3079 2424 προσκυνεῖται,
3102 2355 3468 2424 ἀτιμάζεσθαι
3488 2357 3659 2427 αὐτὴν
3684 2357 3770 2409 δεῖ
3795 2374 3811 2387 ’
3843 2358 4066 2419 τοιοῦτά

2493 2464 2548 2500 τι
2571 2448 2778 2516 νομίζω
2812 2448 3084 2519 συμϐῆναι
3116 2447 3246 2517 περὶ
3274 2448 3371 2517 τὴν
3400 2446 3498 2499 τοῦ
3540 2447 3710 2516 νόμου
3746 2449 3939 2511 σκιὰν,
3965 2451 4068 2518 ἦτοι

2493 2540 2555 2591 τὸ
2586 2540 2819 2608 γράμμα
2863 2541 3067 2608 (σκιὰν
3125 2539 3231 2609 γὰρ
3274 2539 3437 2590 αὑτὸν
3461 2540 3673 2591 καλεῖὸ
3709 2540 4070 2609 ’Δπόστολο;).

2507 2628 2622 2697 Ἐφ’
2649 2629 2772 2681 ὅσον
2797 2630 2905 2699 γὰρ
2948 2628 3268 2697 ὲταμιεύετο
3313 2629 3405 2680 τὸν
3436 2628 3631 2697 καιρὸν
3675 2628 3785 2698 τῆς
3827 2630 4073 2698 ἀληθείας

2492 2722 2525 2790 ἡ
2550 2722 2730 2791 χάρις,
2758 2721 2884 2781 τοὺς
2908 2721 3111 2782 τύπους
3141 2721 3402 2790 προεῖπον
3428 2727 3452 2753 °
3475 2722 3523 2771 οῖ
3548 2720 3718 2788 ἀγιοι,
3744 2720 4071 2791 Θεωροῦντες

2490 2814 2565 2874 ὼς
2601 2814 2659 2863 ὲν
2693 2812 2942 2880 ἐσόπτρῳ
2971 2812 3068 2879 τὴν
3106 2810 3395 2879 ἀλήθειανη
3414 2810 3712 2879 Ἐλθούσης
3735 2811 3801 2863 δὲ
3832 2812 3937 2882 τῆς
3956 2814 4071 2883 eis-

2491 2902 2662 2963 θείας,
2692 2903 2794 2969 ζῇν
2819 2898 2915 2970 μὲν
2946 2901 3087 2952 κατά
3120 2901 3245 2962 τοὺς
3268 2899 3470 2961 τύπους
3499 2902 3599 2951 οὐκ
3645 2900 3915 2968 ἐνόμιζον
3949 2899 4071 2955 εἶναι

2490 2992 2675 3052 καλὸν,
2720 2992 2814 3042 καὶ
2858 2991 3069 3052 τούτοις
3109 2989 3421 3042 ἀκολουθεῖν
3467 2989 3569 3043 ἔτι.
3620 2991 3937 3058 Παρόντων
3978 2994 4070 3060 γάρ

2492 3079 2600 3131 τῶν
2634 3078 2998 3148 πραγμάτων,
3032 3076 3291 3144 παρέλκει
3314 3077 3499 3130 λοιπὸν
3519 3077 3548 3128 ό
3568 3077 3743 3139 τύπος
3774 3077 3877 3131 τοῦ
3912 3080 4072 3149 πράτ-

2500 3183 2686 3235 ματος.
2719 3166 2861 3234 Πλὴν
2890 3167 2983 3217 καὶ
3018 3163 3188 3225 οὕτως
3218 3165 3317 3217 οὐκ
3342 3163 3642 3233 ἠτίμαζον,
3682 3165 3817 3217 οὐδὲ
3857 3168 4070 3234 stupeﬁ-

2499 3274 2615 3318 κον,
2645 3256 2759 3308 ἀλλ’
2790 3256 2991 3324 ἐτίμων
3019 3257 3107 3306 τὸν
3139 3254 3327 3321 τύπον,
3363 3258 3456 3307 καὶ
3479 3257 3606 3317 τοὺς
3630 3256 3944 3325 ἀτιμάζειν
3965 3260 4070 3309 ἑπι-

2495 3347 2829 3416 χειροῦντας,
2869 3345 3085 3407 ἀσεϐεῖς
3111 3345 3346 3415 ἔκρινον,
3386 3346 3480 3397 καὶ
3508 3346 3747 3399 θανάτου
3790 3346 3887 3399 διὰ
3917 3348 4066 3401 κολά-

2498 3454 2635 3499 σεως
2662 3438 2863 3505 πικρᾶς
2892 3434 3095 3498 ἀξίους.
3127 3454 3143 3486 ι
3176 3483 3183 3492 ,

2884 3629 2991 3683 Τοῦ
3020 3630 3224 3691 αὐτοῦ,
3260 3630 3444 3696 λόγου
3474 3630 3701 3696 τρίτου.

2570 3736 2588 3768 ι
2616 3718 2829 3788 ’Ὠσπερ
2866 3718 2930 3772 ἂν
2961 3722 3011 3771 εἰ
3038 3737 3122 3781 τις
3170 3722 3354 3774 εἰκόνα
3389 3719 3676 3788 βασιλέως,
3706 3718 3804 3774 διὰ
3832 3722 3900 3775 τὸ
3948 3723 4067 3776 καθ-

2493 3810 2627 3879 ῆκον
2670 3813 2769 3879 τῆς
2823 3812 2949 3878 περὶ
2978 3810 3069 3862 τὸν
3118 3811 3340 3879 βασιλέα
3371 3814 3671 3882 προσκυνεῖ
3702 3813 3902 3883 τιμῆς,
3931 3814 4070 3866 οὐδὲν

2493 3899 2679 3964 οὖσαν,
2711 3902 2744 3971 ἦ
2783 3903 2949 3971 κηρὸν
2984 3903 3077 3955 καὶ
3109 3904 3395 3972 χρώματα.
3431 3923 3449 3955 ι

2499 3992 2613 4059 Τῆς
2644 3993 2817 4059 ἁγίας
2854 3994 2949 4043 καὶ
2991 3994 3408 4060 οὶκουμενικῆς
3455 3995 3734 4061 πέμπτης
3778 3997 4067 4057 συνόδου,

2513 4080 2521 4085 ·
2971 4063 3443 4130 ἀναθεματισμὸς
3475 4065 3572 4128 ιβ’.

2570 4171 2588 4201 ι
2620 4151 2685 4203 Εἴ
2707 4168 2790 4212 τις
2830 4153 3191 4203 ἀντιποιεῖται
3230 4153 3508 4222 θεοδώρου
3548 4152 3645 4205 τοῦ
3691 4154 3949 4220 ἀσεϐοῦς
3983 4156 4070 4221 τῆς

2493 4243 2872 4310 Μοψουστείας
2900 4243 2993 4293 τοῦ
3024 4243 3293 4304 εἰπόντος,
3335 4243 3496 4296 ἄλλον
3516 4241 3657 4297 εἶναι
3684 4246 3784 4297 τὸν
3810 4248 3954 4299 Θεὸν
3977 4248 4070 4300 Λό-

2493 4351 2606 4401 γον,
2634 4335 2727 4385 καὶ
2762 4333 2916 4386 ἄλλον
2941 4333 3033 4384 τὸν
3062 4334 3315 4403 Χριστὸν,
3340 4335 3447 4387 ὑπὸ
3477 4336 3669 4388 παθῶν
3691 4337 3961 4409 ψυχικῶν
3986 4340 4070 4391 καὶ

818 4445 875 4490 et
902 4439 1086 4492 carnis
1127 4439 1522 4507 cupiditatibus
1553 4439 1875 4502 obnoxium,
1906 4446 1969 4495 et.
2001 4455 2065 4493 ex
2094 4441 2382 4493 deteriori-

2493 4425 2598 4475 τῶν
2653 4426 2751 4493 τῆς
2786 4424 2983 4494 σαρκὸς
3030 4425 3334 4494 ἐπιθυμιῶν
3364 4427 3773 4497 ἐνοχλούμενον,
3819 4433 3922 4483 καὶ
3970 4432 4069 4483 τῶν

813 4527 917 4583 bus
948 4528 1211 4597 paulatim
1266 4544 1642 4599 progressum,
1694 4537 1753 4582 ut
1806 4530 2084 4583 actionum
2137 4530 2379 4598 profectu

813 4618 1010 4673 melior
1062 4618 1261 4681 lactus,
1307 4628 1360 4671 et
1408 4622 1478 4673 ob
1516 4621 1991 4675 conversationem
2044 4621 2378 4689 inculpatam

815 4709 1229 4771 statuminatns,
1273 4718 1532 4787 tanquam
1569 4726 1740 4779 purus
1789 4710 1950 4763 homo
1979 4710 2283 4777 baptizatus
2306 4710 2379 4764 sit

814 4802 869 4851 in
906 4798 1124 4853 nomine
1153 4798 1334 4853 Patris
1365 4808 1418 4853 et
1450 4798 1575 4852 Filii
1623 4810 1675 4854 et
1716 4798 1954 4867 Spiritus
1994 4800 2189 4863 sancti,
2224 4812 2381 4853 acce-

814 4898 1017 4957 ptaque
1067 4905 1162 4959 per
1222 4892 1554 4961 baptismum
1626 4890 1859 4960 Spiritus
1917 4892 2093 4945 sancti
2158 4891 2377 4958 gratia,

812 4978 1106 5047 adoptione
1151 4979 1316 5035 l'uerit
1360 4983 1660 5050 dignatus;
1714 4994 1933 5033 necnon
1986 4980 2148 5047 regiaz
2211 4980 2381 5036 instar

813 5064 1085 5136 imaginis,
1142 5076 1402 5139 tauquam
1443 5070 1534 5122 Dei
1585 5083 1873 5140 personam
1928 5076 2207 5138 gerentem
2253 5082 2377 5123 eum

812 5154 1028 5210 adorari
1055 5176 1068 5212 :
1099 5160 1384 5214 anathema
1403 5160 1525 5213 sit.»

890 5328 1116 5390 "Hebr.
1150 5351 1207 5398 κ,
1239 5335 1286 5388 l.

2491 4514 2749 4583 χειρόνων
2775 4515 2913 4566 κατά
2960 4515 3153 4583 μικρὸν
3204 4517 3589 4587 χωριζόμενον,
3646 4521 3747 4570 καὶ
3791 4520 3976 4583 οὕτως
4012 4523 4068 4571 ἐκ

2490 4592 2775 4674 προκοπῆς
2834 4605 3012 4675 ἔργων
3069 4606 3458 4674 βελτιωθέντα,
3514 4610 3609 4661 καὶ
3670 4611 3736 4662 ἐκ
3784 4612 4065 4671 πολιτείας

2487 4692 2719 4760 ἀμώμου
2760 4703 2785 4740 P
2823 4693 3180 4755 καταστάντα,
3218 4694 3292 4757 ὡς
3338 4694 3493 4762 ψιλὸν
3536 4695 3837 4764 ἄνθρωπον
3871 4698 4064 4766 βαπτι-

2489 4783 2703 4851 σθῆναι,
2744 4785 2823 4845 εἰς
2854 4784 3023 4853 ὄνομα
3060 4785 3153 4836 τοῦ
3181 4786 3415 4855 Πατρὸς,
3447 4787 3540 4839 καὶ
3573 4784 3728 4848 Υῖοῦ,
3772 4790 3877 4840 καὶ
3911 4791 4061 4855 ἁγίου

2490 4875 2831 4944 ιινεύματος,
2868 4876 2962 4928 καὶ
2999 4876 3087 4927 διὰ
3110 4875 3203 4927 τοῦ
3235 4876 3608 4946 βαπτίσματος
3639 4879 3739 4948 τὴν
3771 4879 3945 4950 χάριν
3972 4880 4060 4933 τοῦ

2488 4965 2643 5033 ἁγίου
2677 4966 2990 5034 Πνεύματος
3021 4966 3268 5026 λαϐόντα,
3305 4968 3397 5019 καὶ
3429 4968 3702 5031 υἱοθεσίας
3733 4969 4060 5038 ἀξιωθῆναι,

2489 5056 2583 5109 καὶ
2624 5057 2764 5109 κατά
2818 5057 3035 5126 ἰσότητα
3071 5058 3346 5126 βασιλικῆς
3380 5059 3610 5123 εἰκόνος,
3654 5062 3735 5121 είς
3765 5062 4059 5131 πρόσωπον

2488 5148 2581 5200 τοῦ
2604 5146 2737 5198 Θεοῦ
2776 5148 2948 5213 Λόγου
2981 5149 3417 5217 προσκυνεῖσθαι,
3445 5149 3698 5219 ἀνάθεμα
3727 5151 3900 5204 ἔστω.
3933 5181 3955 5203 σ

2118 5465 2348 5520 VARle
2383 5462 2778 5519 LECTIONES.
3030 5498 3057 5525 δ

916 5564 945 5594 ιι
984 5554 1296 5624 Legendum
1358 5562 1515 5623 putat
1580 5553 1813 5615 Dillius,
1874 5556 1984 5615 τοῖς

2046 5556 2300 5624 χροῖδίοις
2366 5559 2391 5608 ὲ

2493 5556 2798 5624 εομένομεν·
2835 5554 2989 5623 quasi
3053 5553 3198 5608 dicat
3237 5573 3248 5607 :
3294 5552 3430 5624 ΝοιιΔ
3464 5554 3599 5607 enim
3674 5556 3729 5606 in
3776 5557 4044 5608 coloribus

810 5622 1178 5705 immorantur,
1197 5633 1305 5705 aut
1326 5622 1503 5705 simile
1530 5624 1838 5705 quidpiam.
1912 5632 1934 5653 '
1962 5622 2151 5705 Billius
2182 5627 2396 5705 emendi

2493 5622 2798 5705 περιεῖπον,
2823 5622 3290 5705 amplectebantur.
3364 5622 3555 5705 ιξιίεκο
3582 5623 3844 5705 ἄμωμον,
3873 5636 3941 5678 ut
3967 5627 4041 5705 ,ιη

811 5696 956 5750 actis
985 5695 1018 5749 5
1041 5686 1255 5762 synodi.
1279 5695 1429 5749 Alias
1459 5686 1583 5748 cum
1616 5686 1777 5747 Bi'llio
1815 5694 2136 5749 vertendum
2172 5706 2352 5750 esset:
2381 5686 2665 5762 Inculpata
2693 5696 2897 5749 ratione
2911 5686 3149 5755 uiuendi;
3180 5708 3313 5757 non,
3339 5700 3399 5747 ut
3426 5686 3597 5749 linus
3622 5686 3642 5745 Ξ
3669 5686 3836 5748 Civili
3864 5696 4039 5749 ratio-

810 5780 877 5822 ne
900 5766 1131 5845 vivendi.
