4172 6490
267 386 401 454 141⁵1

1356 385 1454 445 DE
1494 381 1954 445 IMAGINIBUS
1989 381 2089 442 OB
2104 380 2271 441 ᾹΤΙΟ
2310 380 2422 440 III.

3371 375 3505 439 1418

270 518 291 553 ι
329 503 393 554 ἐκ
423 497 516 553 σού
540 497 753 569 τεχθεὶς
787 498 941 565 Θεὸς,
965 498 1276 568 ἄνθρωπος,
1305 496 1453 561 ὅπως
1476 496 1681 569 καλέσῃ
1705 497 1830 559 τοὺς

1942 510 1961 545 ι
2009 494 2225 564 purilas
2273 508 2361 547 me
2422 500 2682 561 tanquam
2743 490 3140 547 exsecrabilem
3195 499 3508 548 aversetur.

269 589 689 660 ι’ἀμαρτωλοὺς
713 589 792 652 είς
821 588 1133 657 μετάνοιαν,
1164 587 1434 659 βοήθησόν
1459 603 1568 656 μοι,
1595 589 1660 656 τῇ
1696 584 1833 655 μόνῃ

270 696 291 731 ι
330 678 404 749 μὴ
430 678 630 751 ἐχούσῃ
658 678 780 731 τινὰ
802 677 1077 749 βοήθειαν.
1109 677 1392 744 Ἐπίταξον
1422 677 1589 747 κάμοὶ
1618 693 1833 746 συγχω-

269 784 291 821 ς
329 768 565 841 ρηθῆναι
599 769 699 839 τὴν
742 772 982 825 εἴσοδονο
1025 770 1099 841 μὴ
1151 772 1423 840 στερήσῃς
1474 786 1540 839 με
1578 769 1640 823 τὸ
1680 768 1835 833 ξύλον

271 879 293 913 σ
334 860 479 926 ίδεῖν,
511 863 569 915 ἐν
596 854 641 930 ᾧ
672 862 814 916 κατὰ
846 863 1024 934 σάρκα
1064 862 1390 933 προσεπάγη
1430 863 1458 915 ό
1482 861 1611 925 Θεὸς
1639 862 1831 929 Λόγος,

273 971 290 1006 ι
326 952 383 1006 δν
410 955 733 1026 ἐγέννησας’
767 953 826 1018 ὃς
853 954 914 1008 τὸ
948 950 1092 1023 αἷμα
1112 954 1174 1007 τὸ
1209 952 1338 1006 ἴδιον
1372 954 1513 1025 ὑπὲρ
1542 952 1677 1024 ἐμοῦ
1706 952 1835 1006 ἔδω-

270 1062 290 1095 e
327 1061 421 1098 κεν
444 1044 781 1113 ἀντίλυτρον.
820 1044 1124 1110 Ἐπίταξον,
1149 1038 1194 1097 ὦ
1225 1046 1509 1107 Δέσποινα,
1537 1044 1704 1115 κάμοὶ
1736 1044 1835 1114 τὴν

268 1151 289 1187 ι
324 1134 494 1205 θύραν
528 1134 842 1205 ἀνοιχθῆναι
871 1134 969 1203 τῆς
1012 1133 1164 1197 θείας
1191 1133 1284 1187 τοῦ
1317 1132 1553 1204 σταυροῦ
1597 1149 1833 1201 προσκυο

268 1243 287 1276 ι
323 1226 553 1295 νήσεως.
593 1224 701 1277 Καί
734 1241 793 1277 σε
833 1223 1027 1294 δίδωμι
1068 1223 1146 1289 τῷ
1191 1225 1255 1278 ἐκ
1288 1223 1382 1277 σοῦ
1425 1222 1672 1295 τεχθέντι
1715 1223 1835 1294 Θεῷ

267 1333 288 1369 ι
325 1314 603 1385 ἐγγυητὴν
636 1312 955 1385 ἀξιόχρεων,
980 1315 1056 1378 ὡς
1080 1315 1267 1369 ούκέτι
1290 1315 1391 1386 τὴν
1422 1315 1603 1386 σάρκα
1631 1314 1834 1385 ταύτην

267 1424 287 1458 ι
325 1404 598 1476 ἐξυϐρίσω
638 1405 705 1458 δι’
753 1406 985 1476 αἰσχρᾶς
1030 1406 1350 1477 οἱασδήποτε
1411 1407 1634 1476 μίξεως.
1694 1406 1834 1461 Ἀλλ’

267 1516 287 1549 ι
325 1499 487 1568 ἡνίκα
516 1496 578 1549 τὸ
608 1497 764 1562 ξύλον
797 1498 890 1551 τοῦ
930 1497 1164 1570 σταυροῦ
1197 1498 1291 1551 τοῦ
1326 1498 1457 1552 Υἱοῦ
1489 1516 1583 1552 σου
1626 1499 1835 1552 θεάσωο

268 1605 287 1638 ι
326 1605 446 1658 μαι,
476 1587 666 1659 κόσμῳ
704 1589 797 1642 καλ⁸
822 1592 937 1652 τοῖς
959 1591 1016 1641 ὲν
1046 1589 1234 1660 κόσμῳ
1269 1592 1433 1645 πᾶσιν
1474 1589 1676 1653 εὐθέως
1700 1591 1835 1644 ἀπο-

266 1700 284 1731 ι
320 1681 618 1751 τάσσομαι,
668 1681 763 1734 καὶ
810 1681 1010 1735 αὐτίκα
1047 1681 1365 1753 ἐξέρχομαι,
1414 1683 1547 1735 ὅπου
1600 1683 1666 1736 ἂν
1694 1682 1832 1753 αὐτὴ

266 1790 284 1824 ι
323 1772 399 1835 ὼς
444 1772 722 1843 ἐγγυητὴς
761 1772 958 1843 ὑπόθῃ,
1002 1774 1097 1826 καὶ
1150 1773 1423 1843 ὁδηγήσῃς
1454 1790 1542 1843 με.
1586 1790 1605 1824 ι
1647 1772 1833 1827 Ταῦτα

259 1862 513 1927 εἰποῦσα,
545 1863 638 1917 καὶ
675 1861 866 1935 ὥσπερ
893 1863 1016 1918 τινὰ
1066 1863 1442 1934 πληροφορίαν
1488 1862 1729 1918 λαϐοῦσα
1769 1864 1830 1917 τὸ

261 1953 359 2022 τῆς
388 1954 623 2018 πίστεως
652 1954 921 2025 ἔμπυρον,
942 1957 1009 2025 τῇ
1038 1955 1410 2026 εύσπλαγχνίᾳ
1439 1956 1539 2026 τῆς
1565 1955 1828 2008 Θεοτόκου

260 2040 604 2113 θαρῤήσασα,
637 2043 771 2098 κινῶ
807 2046 1056 2115 ἐμαυτὴν
1086 2045 1144 2111 ἐξ
1187 2046 1396 2098 ἐκείνου
1426 2044 1521 2097 τοῦ
1550 2045 1736 2110 τόπου,
1772 2046 1830 2098 ἐν

257 2127 303 2201 ᾧ
335 2135 549 2187 ἑστῶσα
582 2136 882 2208 ἐποιούμην
905 2136 1004 2206 τὴν
1032 2136 1237 2207 δέησιν,
1265 2137 1358 2189 καὶ
1384 2135 1614 2206 ἔρχομαι
1646 2136 1827 2201 πάλιν,

259 2228 356 2280 καὶ
393 2229 506 2291 τοῖς
543 2226 805 2282 εἰσιοῦσιν
858 2229 1103 2299 ἐμαυτὴν
1135 2227 1493 2299 ἐγκατέμιξα.
1549 2228 1661 2281 Καὶ
1702 2228 1831 2282 οὐκ·

259 2320 342 2372 έτι
366 2314 662 2390 ἧνόὼθῶν
724 2338 814 2389 με,
853 2320 945 2375 καὶ
985 2322 1413 2391 ἁντωθούμενος,
1446 2322 1539 2375 καὶ
1579 2322 1755 2385 οὐδεὶς
1800 2322 1829 2373 ό

259 2410 485 2463 κωλύων
511 2410 603 2463 τοῦ
626 2410 852 2482 πλησίον
872 2413 1120 2481 γενέσθαι
1144 2431 1209 2484 με
1232 2414 1330 2484 τῆς
1355 2413 1544 2485 θύρας,
1571 2413 1639 2467 δι’
1658 2410 1725 2485 ἦς
1749 2416 1830 2479 εἰς

257 2501 351 2555 τὸν
386 2498 531 2556 οἷκον
553 2504 823 2574 εἰσῄεσαν.
858 2504 1085 2559 Ἔλαϐεν
1108 2505 1201 2559 οὖν
1235 2522 1303 2575 με
1323 2505 1489 2576 φρίκη
1516 2507 1609 2559 καὶ
1633 2504 1829 2559 ἔκστα-

261 2609 348 2656 σις
366 2594 459 2647 καὶ
487 2593 582 2664 ὅλη
611 2594 677 2647 δι’
696 2594 817 2648 ὅλου
844 2594 1304 2666 ὲκλονούμην,κα“ι
1333 2595 1830 2667 ἔτρεμον.⁹Ρίψασα

258 2684 441 2736 τοίνυν
479 2684 725 2754 ἐμαυτὴν
769 2685 862 2737 ἐπὶ
899 2685 997 2755 τῆς
1029 2686 1152 2754 γῆς,
1203 2686 1298 2739 καὶ
1348 2687 1409 2738 τὸ
1458 2686 1610 2755 ἅγιον
1655 2688 1831 2739 ἐκεῖνο

260 2776 687 2845 προσκυνήσασα
727 2774 952 2845 ἔδαφος,
1001 2774 1222 2845 ἔτρεχον
1261 2776 1511 2839 ἐξιοῦσα,
1550 2778 1642 2830 καὶ
1696 2778 1829 2848 πρὸς

258 2868 359 2936 τὴν
406 2866 825 2937 ἐγγυησαμένην
860 2868 1116 2935 γενέσθαι
1164 2870 1563 2933 σπουδάζουσα.
1600 2871 1827 2939 Γίνομαι

259 2959 440 3012 τοίνυν
472 2961 529 3012 ἐν
556 2960 748 3030 ἐκείνῳ
770 2960 845 3029 τῷ
880 2961 1052 3031 τόπῳ,
1080 2963 1138 3013 ἐν
1163 2956 1206 3028 ᾧ
1239 2962 1339 3031 τῆς
1360 2962 1565 3031 ἐγγύης
1590 2964 1829 3032 ἐπεγρά-

260 3071 335 3123 φη
388 3053 768 3124 χειρόγραφον,
804 3052 898 3106 καὶ
942 3054 1066 3121 γόνυ
1108 3054 1337 3108 κλίνασα
1385 3054 1691 3124 ἔμπροσθεν
1732 3056 1830 3125 τῆς

272 3142 663 3214 Ἀειπαρθένου
708 3143 799 3196 καὶ
827 3143 1112 3209 Θεοτόκου,
1134 3144 1344 3207 τούτοις
1369 3144 1689 3215 ἐχρησάμην
1716 3146 1831 3207 τοῖς
1857 3181 1899 3239 c

261 3236 500 3305 ῥήμασιν
521 3251 535 3265 ·
572 3254 591 3286 ι
623 3236 696 3288 Σὺ
748 3235 868 3305 μὲν,
902 3235 1167 3305 φιλάγαθε
1199 3236 1491 3301 Δέσποινα,
1524 3237 1585 3288 τὸ
1613 3236 1702 3288 σὺν
1740 3234 1829 3287 ἐπ’

265 3345 283 3376 ι
325 3328 451 3397 ἐμοὶ
489 3327 735 3392 ἐνεδείξω
769 3329 1173 3399 φιλάνθρωπον,
1220 3330 1284 3383 σὺ
1334 3329 1431 3399 τῆς
1466 3328 1690 3392 ἀναξίας
1728 3329 1828 3381 οὐκ

265 3438 284 3470 r
322 3418 591 3485 ἐϐδελύξω
621 3420 719 3488 τὴν
747 3420 949 3490 δέησιν.
985 3416 1140 3472 Εἶδον
1165 3420 1344 3485 δόξαν,
1375 3420 1441 3489 ἢν
1476 3419 1703 3481 δικαίως
1729 3420 1831 3488 οὐχ

269 3530 288 3561 ι
326 3512 542 3582 ὁρῶμεν
571 3513 621 3564 οἱ
646 3514 846 3565 ἄσωτοι
866 3528 879 3541 ⁸
910 3512 1036 3575 δόξα
1067 3512 1144 3582 τῷ
1172 3511 1311 3581 Θεῷ,
1333 3511 1411 3576 τῷ
1443 3512 1530 3565 διὰ
1560 3510 1655 3564 σοῦ
1680 3511 1831 3581 δεχο-

264 3619 283 3653 ι
326 3604 469 3670 μένῳ
485 3602 590 3655 τῶν
613 3602 953 3673 ἁμαρτωλῶν
976 3603 1071 3672 τὴν
1093 3603 1379 3673 μετάνοιαν
1394 3618 1407 3633 ·
1438 3622 1453 3653 ι
1482 3604 1576 3655 καὶ
1597 3604 1661 3654 τὰ
1678 3600 1826 3670 ἑξῆς.

1943 602 1961 635 ι
2008 585 2233 648 Verum,
2268 582 2489 653 quando
2518 581 2685 645 Deus,
2723 584 2816 653 qui
2850 597 3072 637 carnem
3106 597 3171 637 ex
3214 590 3267 635 te
3316 596 3513 637 susce-

1941 694 1958 727 ι
2009 676 2111 746 pit,
2152 675 2360 731 idcirco
2392 676 2573 731 l'actus
2624 684 2708 729 est
2760 674 2957 737 homo,
2994 682 3052 727 ut
3081 681 3403 744 peccatores
3439 672 3505 726 ad

1942 785 1961 819 ι
2008 768 2394 838 paenitentiam
2426 776 2671 833 vocaret,
2708 766 2909 836 adjuva
2953 781 3060 829 me,
3116 780 3327 835 quaeso,
3385 779 3508 835 quae

1941 878 1959 910 ι
2005 860 2121 915 sola
2142 874 2287 925 sum,
2310 859 2461 913 aliud
2488 869 2685 929 praeter
2710 866 2763 914 te
2786 858 3101 930 praesidium
3129 872 3238 912 non
3272 858 3502 914 habens.

1941 972 1960 1005 ‹
2007 952 2172 1016 Jube,
2207 960 2265 1007 ut
2292 952 2421 1007 mihi
2451 967 2677 1023 quoque
2710 954 2999 1023 ingressus
3034 957 3252 1022 pateat;
3283 966 3385 1007 nec
3418 967 3507 1007 me

1940 1063 1961 1097 ι
2004 1053 2307 1114 conspectu
2343 1045 2529 1114 prives
2565 1044 2699 1113 ligni
2732 1044 2902 1107 illius.
2943 1043 2997 1099 in
3037 1057 3149 1113 quo
3198 1041 3503 1099 secundum

1940 1153 1959 1186 ι
2003 1148 2228 1189 carnem
2262 1132 2451 1189 alIixus
2483 1140 2568 1188 est
2598 1131 2743 1187 Deus
2774 1131 3041 1199 Verbum,
3076 1147 3238 1203 quem
3263 1140 3320 1185 tu
3348 1147 3509 1202 pepe-

1941 1246 1959 1278 ‹
2007 1226 2149 1292 risti,
2188 1226 2395 1296 quique
2424 1224 2708 1296 proprium
2747 1224 3144 1295 sanguiueniin
3174 1223 3535 1293 redemptio-.-

1940 1336 1959 1370 ι
2001 1322 2089 1376 nis
2121 1336 2254 1376 mete
2293 1324 2528 1390 pretium
2566 1319 2737 1375 dedit.
2771 1318 2942 1381 Jube,
2988 1316 3241 1382 Domina,
3278 1327 3335 1372 ut
3371 1316 3506 1370 mihi

1941 1428 1959 1462 ι
2002 1413 2231 1482 perinde
2266 1412 2333 1465 ad
2362 1411 2559 1467 divina).
2589 1411 2775 1465 erucis
2804 1409 3191 1465 adorationem
3235 1407 3383 1463 fores
3412 1423 3509 1477 pa-

1940 1520 1958 1553 (
2006 1511 2180 1559 teant.
2212 1501 2469 1574 'l‘eipsam
2510 1503 2618 1557 Deo
2646 1517 2709 1557 ex
2745 1509 2798 1555 te
2825 1501 3034 1572 genito,
3071 1509 3122 1555 te
3163 1500 3216 1553 in
3256 1498 3505 1568 locuple-

1940 1610 1959 1645 ι
2005 1593 2279 1648 tissimam
2336 1592 2572 1662 praedem
2624 1591 2806 1657 trado,
2851 1607 2937 1646 me
2985 1590 3250 1659 deinceps
3283 1602 3505 1643 carnem

1941 1701 1959 1734 ι
2005 1682 2151 1737 hanc
2194 1682 2350 1737 nullo
2401 1697 2633 1751 prorsus
2671 1684 2885 1751 impuro
2915 1683 3063 1735 coitu
3097 1695 3337 1750 unquam
3384 1694 3503 1733 ma-

1941 1793 1960 1827 ι
2006 1774 2338 1830 culaturam.
2378 1773 2637 1841 Quinimo
2678 1774 2769 1828 ubi
2803 1773 2989 1828 crucis
3023 1770 3146 1827 Filii
3182 1772 3258 1825 tui
3297 1772 3502 1842 lignum

1939 1886 1957 1920 ι
2004 1881 2376 1937 conspexero,
2426 1867 2632 1922 mundo
2679 1867 2866 1922 statim
2913 1874 2966 1920 et
2997 1865 3258 1920 omnibus
3292 1879 3415 1933 quae
3448 1865 3502 1918 in

1935 1978 1955 2012 ι
2004 1958 2208 2014 mundo
2241 1966 2373 2013 sunt
2416 1960 2767 2023 renuntiabo,
2803 1959 3056 2028 nihilque
3089 1968 3327 2025 morata,
3370 1958 3501 2012 illuc

1936 2069 1955 2102 ι
2001 2049 2345 2120 proﬁciscar,
2400 2066 2510 2121 quo
2564 2058 2621 2103 tu
2676 2050 2814 2120 ipsa,
2858 2065 3021 2120 quam
3064 2049 3118 2103 in
3175 2065 3498 2121 sponsorem

1936 2158 1955 2191 ι
2001 2154 2183 2205 sumo,
2215 2140 2481 2210 jusseris,
2516 2149 2682 2213 atque
2710 2142 2954 2197 duxeris.
2997 2162 3017 2197 ι
3051 2140 3147 2198 llis
3174 2145 3499 2213 pronuntia-

1933 2231 2023 2297 tis,
2058 2246 2124 2287 ex
2156 2231 2278 2287 ﬁdei
2304 2231 2503 2288 ardore
2530 2233 2733 2289 certior
2758 2235 3162 2304 quodammodo
3189 2235 3424 2302 reddita,
3447 2242 3503 2290 ct

1930 2322 1987 2377 in
2022 2321 2117 2379 Dei
2170 2322 2467 2380 Genitricis
2505 2326 2797 2381 clementia
2848 2328 3007 2381 iidem
3048 2342 3280 2398 ponens,
3329 2343 3394 2381 ex
3439 2345 3504 2383 eo

1930 2414 2052 2469 loco
2078 2416 2131 2469 ln
2155 2430 2265 2485 quo
2286 2426 2540 2472 steteram
2576 2425 2906 2487 precataque
2932 2417 3161 2485 fueram,
3194 2417 3502 2483 discedens,

1932 2506 2001 2561 iis
2030 2507 2124 2577 qui
2155 2507 2601 2579 ingrediebantur
2630 2510 2795 2582 389
2823 2527 2909 2565 me
2932 2526 3151 2566 rursum
3181 2512 3368 2581 jungo,
3404 2529 3503 2568 nec

1931 2597 2192 2669 deinceps
2221 2599 2508 2670 quisquam
2544 2601 2645 2655 fuit
2667 2605 2757 2673 qui
2789 2618 2874 2658 me
2903 2603 3207 2673 repelleret,
3227 2607 3385 2659 etcui
3419 2622 3502 2660 re-

1930 2689 2154 2759 pelleuti
2190 2692 2529 2748 resisterem.
2559 2690 2754 2749 Nullus
2783 2710 3007 2765 prorsus
3032 2697 3125 2766 qui
3168 2711 3252 2751 me
3287 2696 3503 2753 foribus

1932 2788 2167 2846 arceret,
2217 2797 2313 2852 per
2357 2797 2497 2853 quas
2545 2784 2599 2837 in
2648 2786 2819 2840 aedem
2863 2801 3079 2841 sacram
3118 2788 3300 2843 aditus
3360 2798 3501 2843 erat.

1931 2870 2142 2927 Horror
2168 2874 2351 2927 statim
2386 2881 2440 2929 et
2479 2884 2675 2946 stupor
2723 2892 2809 2932 me
2843 2878 3076 2946 invadit,
3108 2887 3336 2952 totoque
3373 2868 3501 2939 cori

1932 2978 2065 3033 pore
2097 2967 2319 3034 quatior
2353 2974 2409 3020 et
2441 2967 2814 3021 contremisco
2842 2987 2854 3022 :
2890 2984 3129 3040 cumque
3180 2972 3331 3028 humi
3370 2991 3498 3044 pro-

1932 3060 2127 3118 suata,
2169 3060 2420 3108 sanctum
2454 3054 2591 3107 illud
2635 3055 2816 3107 solum
2845 3056 3193 3121 adorassem,
3220 3062 3498 3130 egredior.

1932 3158 2214 3214 cursuque
2248 3146 2313 3199 ad
2348 3160 2468 3200 eam
2504 3161 2625 3215 qua:
2661 3160 2757 3215 pro
2806 3162 2891 3202 me
2941 3152 3336 3219 spOpondcrat,
3376 3170 3501 3226 pro-

1932 3251 2089 3306 pero,
2127 3245 2293 3306 atque
2321 3236 2375 3290 iu
2409 3252 2473 3291 eo
2504 3238 2625 3291 loco
2655 3240 2991 3303 consistens,
3029 3241 3083 3295 in
3115 3257 3221 3311 quo
3250 3248 3501 3312 sponsio-

1931 3330 2020 3385 nis
2046 3329 2478 3399 chirographum
2517 3339 2808 3383 exaratum
2859 3339 3000 3392 erat,
3049 3334 3282 3403 genibus
3316 3352 3500 3391 coram

1938 3419 2029 3476 Dei
2069 3420 2367 3475 Cenitricis
2417 3420 2656 3491 imagine
2707 3422 2923 3490 positis,
2972 3424 3063 3479 hic
3113 3425 3261 3479 illam
3319 3429 3503 3482 verbis

1931 3510 2243 3580 compello:
2293 3528 2312 3563 ι
2352 3509 2433 3564 Tu
2486 3510 2730 3581 quidem,
2792 3513 3187 3569 amabilissima
3246 3518 3502 3589 bonaque

1938 3621 1957 3654 ι
2006 3601 2262 3667 Domina,
2302 3610 2450 3655 tuam
2493 3617 2619 3672 erga
2651 3618 2737 3657 me
2778 3604 3178 3661 humanitatem
3218 3624 3504 3662 conminu-

266 3712 287 3746 ‹
332 3698 517 3750 strasti
550 3708 641 3751 :lu
672 3698 910 3766 indigna:
936 3713 1126 3765 preces
1159 3699 1480 3767 neutiquam
1507 3697 1821 3767 despexisti.
1866 3693 2107 3748 Gloriam
2152 3694 2303 3747 illam
2352 3694 2484 3757 vidi,
2536 3693 2699 3761 cujus
2735 3704 3037 3765 conspectu
3086 3712 3190 3753 nos
3237 3699 3499 3769 impudici

265 3808 286 3843 ι
330 3789 478 3861 digni
545 3806 653 3842 non
688 3804 930 3842 eramus.
996 3786 1080 3841 Sit
1122 3788 1229 3841 Deo
1293 3789 1487 3857 gloria,
1547 3788 1639 3855 qui
1678 3794 2029 3855 peccatorum
2060 3783 2444 3853 paenitentiam
2485 3797 2579 3850 per
2617 3789 2667 3836 te
2704 3784 2963 3851 suscipit,
3009 3802 3028 3836 ι
3061 3793 3168 3839 etc.

482 3882 581 3934 Ἐκ
610 3879 713 3934 τοῦ
734 3880 877 3944 βίου
904 3879 1009 3947 τῆς
1034 3882 1204 3949 ἁγίας
1247 3879 1609 3947 Εὺπραξίας.

333 3990 351 4021 ι
387 3970 545 4038 Λέγει
574 3973 607 4040 ἡ
637 3970 882 4033 διάκονος
915 3970 993 4039 τῷ
1019 3970 1288 4038 κορασίῳ·
1322 3988 1340 4018 ι
1388 3968 1626 4035 ’Ύπαγε,
1662 3966 1823 4038 κυρία

262 4079 280 4109 ι
324 4077 448 4130 μου,
484 4062 562 4121 είς
585 4059 675 4112 τὸν
703 4054 851 4112 οἶκόν
906 4075 1019 4121 σου,
1059 4059 1139 4111 ὅτι
1163 4058 1225 4111 ού
1266 4058 1490 4111 δύνασαι
1521 4051 1622 4110 ὦδε
1646 4072 1825 4123 παρα-

262 4172 282 4205 c
322 4156 522 4222 μεῖναι.
604 4152 736 4205 Ούδὲ
790 4151 899 4220 γὰρ
961 4150 1181 4204 δύναταί
1242 4169 1326 4212 τις
1378 4144 1479 4203 ὧδε
1555 4150 1825 4221 παραμεῖ-

262 4261 283 4293 ‹
322 4261 429 4306 ναι,
472 4243 563 4293 ἐὰν
631 4242 703 4310 μὴ
755 4241 1077 4308 συντοὶξηται
1144 4240 1221 4308 τῷ
1289 4241 1526 4311 Χριστῷ.
1587 4259 1603 4289 ι
1664 4241 1826 4307 Λέγει

254 4334 392 4404 αὐτῇ
435 4334 493 4386 τὸ
541 4334 826 4403 κοράσιον·
882 4352 899 4385 ι
945 4334 1051 4386 [Ιοῦ
1106 4336 1251 4386 ἐστιν
1308 4337 1337 4387 ὁ
1379 4333 1650 4403 Χριστόςς
1684 4352 1703 4381 ι
1762 4332 1825 4384 Ἠ

253 4427 499 4488 διάκονος
528 4427 796 4491 ἐπέδειξεν
829 4427 965 4497 αὐτῇ
998 4427 1088 4479 τὸν
1124 4427 1450 4479 Δεσποτικὸν
1477 4432 1829 4496 χαρακτῆρα,

2312 3873 2392 3926 Ex
2432 3874 2767 3927 i'itasanctw
2804 3873 3107 3943 Eupraxia’.

2010 3987 2027 4019 ι
2073 3966 2391 4022 Diaconissa
2416 3980 2543 4019 vero
2570 3965 2636 4017 ad
2667 3966 2901 4034 puellam
2934 3968 3008 4019 ait
3040 3985 3052 4019 :
3092 3987 3109 4018 ι
3141 3969 3240 4021 Abi
3272 3970 3497 4027 domum

1938 4078 1958 4113 ι
2003 4068 2186 4123 tuam,
2232 4059 2450 4113 domina
2509 4072 2668 4123 mea;
2720 4073 2894 4126 neque
2955 4061 3097 4113 enim
3145 4060 3231 4112 hic
3281 4078 3503 4119 manere

1938 4170 1957 4202 ι
2004 4159 2177 4221 potes.
2235 4151 2382 4205 Nulli
2438 4150 2640 4219 quippe
2701 4150 2824 4203 istic
2883 4153 3210 4205 commorari
3268 4154 3350 4209 las
3389 4166 3497 4221 est,

1934 4261 1953 4293 ί
2000 4242 2109 4295 nisi
2137 4241 2358 4295 Christo
2392 4240 2742 4309 adjungatur.
2779 4260 2795 4291 ι
2830 4240 3011 4294 Puella
3053 4253 3233 4295 autem
3266 4264 3280 4298 :
3313 4265 3333 4299 σ
3370 4245 3500 4301 Ubi-

1933 4350 1952 4383 ι
1997 4346 2148 4395 nam,
2198 4331 2396 4401 inquit,
2429 4330 2684 4384 Christus
2716 4332 2839 4383 est?
2878 4351 2895 4381 ι
2946 4330 3199 4387 Ostendit
3231 4336 3322 4389 illa
3360 4337 3501 4393 ima-

1934 4441 1953 4473 ι
2001 4422 2181 4491 ginem
2204 4421 2443 4487 Christi;
2471 4420 2535 4474 ad
2560 4436 2721 4490 quam
2750 4422 2927 4489 puella
2951 4439 3216 4478 conversa
3242 4444 3253 4477 :
3288 4445 3305 4476 ι
3342 4426 3496 4493 Vere,

258 4518 353 4570 καὶ
381 4521 701 4585 στραφεῖσα,
752 4518 896 4584 λέγει
938 4522 1000 4587 τῇ
1036 4518 1297 4588 διακόνῳ·
1336 4537 1351 4568 ι
1395 4518 1633 4588 Ἀληθῶς
1670 4519 1826 4585 κάγὼ

1935 4531 1955 4565 ι
2002 4512 2203 4581 inquit,
2240 4527 2340 4581 ego
2369 4528 2589 4581 quoque
2618 4511 2841 4566 Christo
2888 4514 3209 4582 roujuugm,
3250 4532 3348 4570 nec
3380 4535 3499 4571 am-

263 4626 282 4658 ι
324 4608 399 4676 τῷ
430 4609 644 4678 Χριστῷ
702 4608 1090 4677 συντάσσομαι.
1138 4608 1231 4661 καὶ
1283 4607 1465 4660 οὐκέτι
1514 4608 1824 4676 ἀπέρχομαι

261 4718 280 4750 ι
323 4699 459 4768 μετὰ
474 4699 571 4767 τῆς
600 4699 794 4769 κυρίας
820 4717 941 4767 μου.
982 4701 1117 4752 »Καὶ
1164 4699 1323 4752 πάλιν
1348 4700 1628 4751 ἀναστᾶσα
1655 4698 1688 4768 ἡ
1722 4696 1825 4749 Eia-

255 4788 481 4859 πραξία,
544 4789 636 4841 καὶ
682 4788 922 4841 λαϐοῦσα
961 4789 1058 4860 τὴν
1112 4788 1386 4859 Θυγατέρα
1429 4788 1649 4856 ἑαυτῆς,
1681 4804 1824 4857 παρ-

253 4902 271 4936 t
287 4886 573 4952 στησενεὶς
588 4884 677 4936 τὸν
703 4883 1030 4936 Δεσποτικὸν
1057 4882 1401 4953 χαρακτῆρα,
1428 4881 1521 4932 καὶ
1540 4879 1824 4933 ἐκτείνασα

252 4975 351 5037 τὰς
372 4978 557 5045 χεῖρας
574 4976 743 5044 αὐτῆς
766 4977 845 5038 είς
867 4975 956 5027 τὸν
980 4975 1228 5043 οὐρανὸν,
1256 4973 1446 5043 ἐϐόησε
1469 4972 1603 5041 μετὰ
1625 4970 1825 5024 κλαυθ-

256 5063 362 5133 μοῦ
383 5081 397 5095 ο
427 5066 627 5136 «Κύριε
646 5064 818 5133 Ἰησοῦ
855 5064 1078 5135 Χριστέ,
1103 5063 1185 5116 σοὶ
1204 5062 1425 5133 μελήσει
1441 5062 1567 5131 περὶ
1583 5062 1675 5113 τοῦ
1695 5078 1824 5114 παι-

186 5167 195 5177 ·
259 5175 278 5207 ι
321 5156 455 5220 δίου,
489 5158 571 5209 ὅτι
597 5156 655 5208 σὲ
686 5156 973 5225 ἐπόθησεν,
1006 5156 1098 5207 καὶ
1134 5155 1215 5207 σοὶ
1243 5154 1513 5223 παρέθετο
1534 5153 1752 5221 ἑαυτήν.
1800 5172 1819 5204 ι

258 5243 371 5311 Τῆς
388 5246 557 5311 ἁγίας
574 5245 750 5310 ἕκτης
770 5244 1036 5298 συνόδου
1065 5246 1175 5313 (45)
1206 5242 1314 5312 τῆς
1344 5244 1439 5296 ἐπὶ
1480 5245 1821 5298 Ἰουστινια-

414 5315 543 5376 νοῦ,
584 5315 717 5382 περὶ
743 5315 853 5382 τῆς
870 5315 1041 5382 ἁγίας
1074 5316 1348 5381 πέμπτης
1370 5313 1656 5366 συνόδου.

328 5422 346 5456 ι
383 5406 478 5458 Ἐν
515 5424 625 5459 τισι
661 5406 769 5459 τῶν
823 5406 1037 5459 σεπτῶν
1086 5405 1310 5458 εἰκόνων
1360 5405 1598 5472 γραφαῖς
1631 5403 1824 5473 Ἀμνὸς

244 5496 496 5567 δακτύλῳ
522 5496 617 5551 τοῦ
651 5499 958 5569 προδρόμου
1007 5499 1354 5566 δεικνύμενος
1395 5495 1821 5565 ἐγχαράττεται,

1935 4621 1954 4654 ι
2001 4603 2147 4672 plius
2176 4618 2298 4655 cum
2334 4603 2552 4655 domina
2583 4618 2697 4656 mea
2732 4603 3033 4657 discedam.
3079 4624 3095 4655 ι
3148 4603 3500 4678 Rursumque

1930 4709 2267 4763 consurgens
2326 4692 2621 4762 Eupraxia,
2672 4695 2947 4763 liliamque
2991 4711 3144 4748 suam
3196 4701 3501 4767 apprehen-

1930 4784 2087 4848 dens,
2121 4784 2420 4838 Dominicm
2451 4799 2570 4839 cani
2619 4784 2861 4838 admovit
2920 4786 3162 4855 imagini.
3215 4791 3499 4849 manibus-

1932 4890 2038 4945 que
2085 4874 2152 4929 ad
2186 4876 2385 4929 coelum
2428 4875 2684 4937 sublatis,
2733 4890 2857 4928 cum
2918 4875 3179 4947 lacrymis
3227 4881 3501 4937 exclama-

1929 4967 2048 5019 vit:
2090 4986 2108 5016 ‹
2152 4965 2373 5020 Domine
2419 4964 2548 5020 Jesu
2602 4966 2839 5033 Christe,
2877 4969 3069 5036 puellae
3118 4971 3278 5040 hujus
3310 4989 3498 5029 curaui

1937 5077 1954 5109 ι
2004 5056 2222 5119 habeto,
2269 5058 2399 5126 quia
2439 5066 2490 5111 te
2521 5058 2862 5128 concupivit,
2893 5073 2956 5113 ac
2990 5062 3226 5129 seipsam
3266 5062 3362 5114 tibi
3405 5065 3496 5119 de-

1937 5169 1957 5201 «
2002 5149 2156 5203 didit.
2197 5168 2215 5199 ι

2001 5241 2213 5295 Sancta:
2244 5241 2435 5311 synodi
2460 5241 2773 5361 quiuisbexma
2816 5239 2912 5293 sub
2942 5238 3257 5295 Iustiniano
3291 5241 3429 5296 cele-

2658 5320 2808 5361 rata'.

2658 5320 2808 5365 rata'.

2007 5421 2024 5453 ι
2074 5402 2129 5455 ln
2170 5402 2502 5471 quibusdam
2548 5402 2944 5457 venerabilium
2982 5403 3280 5473 imaginum
3316 5404 3499 5472 pictth

1932 5495 2007 5547 ris
2037 5494 2224 5564 Agnus
2251 5494 2422 5563 digito
2462 5496 2822 5563 pra'cursoris
2856 5503 3198 5549 monstratus
3249 5497 3500 5568 depingi-

1722 5610 1945 5665 NOT/E.

315 5706 429 5776 (45)
463 5710 557 5761 Ἐκ
594 5707 701 5775 τῆς
727 5707 899 5775 ἁγίας
928 5708 1106 5772 ἕκτης
1160 5706 1448 5759 συνόδου.
1485 5703 1593 5776 llic
1621 5704 1813 5758 titulus

246 5774 535 5847 multiplici
572 5779 701 5830 vitio
734 5774 968 5838 laborat,
1003 5780 1094 5846 qui
1142 5779 1220 5828 sic
1286 5774 1668 5843 intelligendus
1713 5783 1815 5839 est,

531 5872 795 5929 ΡΑΤιιυι..
830 5873 943 5928 Gn.
978 5872 1145 5929 κω
1162 5918 1175 5929 .

1924 5711 1980 5755 ut
2018 5718 2142 5756 eum
2203 5701 2395 5758 Latine
2444 5706 2676 5760 reddidi.
2733 5703 2866 5758 Nam
2905 5721 3081 5760 canon
3138 5706 3243 5758 iste
3277 5711 3498 5771 octoge-

1931 5776 2104 5827 simus
2127 5774 2403 5831 secundus
2438 5780 2541 5840 est,
2570 5791 2675 5828 non
2704 5777 2925 5845 quinlm.
2958 5792 3051 5832 nec
3084 5784 3249 5830 sextae
3283 5773 3497 5844 synodi,

3089 5868 3171 5928 £5
