  <div class='ocr_page' id='page_1' title='image "/cluster/home/n/w/nwhite01/storage/ocr_20150623/94/nnc1.0046979999/722.png"; bbox 0 0 4172 6490; ppageno 0'>
   <div class='ocr_carea' id='block_1_1' title="bbox 242 421 3441 498">
    <p class='ocr_par' dir='ltr' id='par_1_1' title="bbox 242 421 3441 498">
     <span class='ocr_line' id='line_1_1' title="bbox 242 421 3441 498; baseline -0.004 -1"><span class='ocrx_word' id='word_1_1' title='bbox 242 436 376 498; x_wconf 70' lang='lat'><strong>149.9</strong></span> <span class='ocrx_word' id='word_1_2' title='bbox 1284 440 1378 497; x_wconf 86' lang='lat' dir='ltr'><strong>DE</strong></span> <span class='ocrx_word' id='word_1_3' title='bbox 1418 437 1650 496; x_wconf 83' lang='lat' dir='ltr'><strong>RECTA</strong></span> <span class='ocrx_word' id='word_1_4' title='bbox 1694 435 2108 495; x_wconf 80' lang='lat' dir='ltr'><strong>SENTENTIA</strong></span> <span class='ocrx_word' id='word_1_5' title='bbox 2150 432 2397 493; x_wconf 73' lang='lat' dir='ltr'><strong>LIBER.</strong></span> <span class='ocrx_word' id='word_1_6' title='bbox 3307 421 3441 484; x_wconf 62' lang='grc' dir='ltr'><strong>ἱὰῖςῡ</strong></span> 
     </span>
    </p>
   </div>
   <div class='ocr_carea' id='block_1_2' title="bbox 237 532 1884 614">
    <p class='ocr_par' dir='ltr' id='par_1_2' title="bbox 237 541 1857 614">
     <span class='ocr_line' id='line_1_2' title="bbox 237 541 1857 614; baseline -0.001 -22"><span class='ocrx_word' id='word_1_7' title='bbox 237 544 385 604; x_wconf 75' lang='grc' dir='ltr'>θείας</span> <span class='ocrx_word' id='word_1_8' title='bbox 422 542 698 614; x_wconf 62' lang='grc' dir='ltr'>ἐνεργείας</span> <span class='ocrx_word' id='word_1_9' title='bbox 730 544 787 595; x_wconf 65' lang='grc' dir='ltr'>τὸ</span> <span class='ocrx_word' id='word_1_10' title='bbox 816 546 945 613; x_wconf 79' lang='grc' dir='ltr'>όρᾷν</span> <span class='ocrx_word' id='word_1_11' title='bbox 978 546 1299 611; x_wconf 73' lang='grc' dir='ltr'><strong>σωματικοῖς</strong></span> <span class='ocrx_word' id='word_1_12' title='bbox 1325 544 1641 611; x_wconf 66' lang='grc' dir='ltr'>ὀφθαλμοῖς,</span> <span class='ocrx_word' id='word_1_13' title='bbox 1687 541 1780 594; x_wconf 73' lang='grc' dir='ltr'>καὶ</span> <span class='ocrx_word' id='word_1_14' title='bbox 1813 547 1857 601; x_wconf 78' lang='grc' dir='ltr'><strong>Α</strong></span> 
     </span>
    </p>
   </div>
   <div class='ocr_carea' id='block_1_3' title="bbox 1790 532 3437 614">
    <p class='ocr_par' dir='ltr' id='par_1_3' title="bbox 1813 532 3437 607">
     <span class='ocr_line' id='line_1_3' title="bbox 1813 532 3437 607; baseline -0.007 -12"><span class='ocrx_word' id='word_1_15' title='bbox 1813 547 1857 601; x_wconf 79' lang='grc' dir='ltr'>Α</span> <span class='ocrx_word' id='word_1_16' title='bbox 1887 554 2061 607; x_wconf 88' lang='lat' dir='ltr'><strong>usque</strong></span> <span class='ocrx_word' id='word_1_17' title='bbox 2113 538 2179 593; x_wconf 87' lang='lat' dir='ltr'><strong>ad</strong></span> <span class='ocrx_word' id='word_1_18' title='bbox 2233 545 2482 591; x_wconf 88' lang='lat' dir='ltr'><strong>mortem.</strong></span> <span class='ocrx_word' id='word_1_19' title='bbox 2523 534 2636 587; x_wconf 80' lang='lat' dir='ltr'><strong>Non</strong></span> <span class='ocrx_word' id='word_1_20' title='bbox 2678 535 2819 588; x_wconf 88' lang='lat' dir='ltr'><strong>enim</strong></span> <span class='ocrx_word' id='word_1_21' title='bbox 2865 535 2938 589; x_wconf 98' lang='lat' dir='ltr'><strong>uti</strong></span> <span class='ocrx_word' id='word_1_22' title='bbox 2979 534 3121 587; x_wconf 86' lang='lat' dir='ltr'><strong>Deus</strong></span> <span class='ocrx_word' id='word_1_23' title='bbox 3173 532 3437 584; x_wconf 82' lang='lat' dir='ltr'><strong>ohediens</strong></span> 
     </span>
    </p>
   </div>
   <div class='ocr_carea' id='block_1_4' title="bbox 229 621 1876 702">
    <p class='ocr_par' dir='ltr' id='par_1_4' title="bbox 229 628 1520 702">
     <span class='ocr_line' id='line_1_4' title="bbox 229 628 1520 702; baseline -0.001 -19"><span class='ocrx_word' id='word_1_24' title='bbox 229 628 509 691; x_wconf 82' lang='grc' dir='ltr'>ἀναπνεῖν.</span> <span class='ocrx_word' id='word_1_25' title='bbox 535 636 873 702; x_wconf 76' lang='grc' dir='ltr'><strong>περιπατεῖν,</strong></span> <span class='ocrx_word' id='word_1_26' title='bbox 911 633 1001 684; x_wconf 72' lang='grc' dir='ltr'><strong>καὶ</strong></span> <span class='ocrx_word' id='word_1_27' title='bbox 1025 635 1209 701; x_wconf 88' lang='grc' dir='ltr'>χεῖρας</span> <span class='ocrx_word' id='word_1_28' title='bbox 1243 634 1520 685; x_wconf 73' lang='grc' dir='ltr'>ἐκτείνειν.</span> 
     </span>
    </p>
   </div>
   <div class='ocr_carea' id='block_1_5' title="bbox 1790 621 3437 702">
    <p class='ocr_par' dir='ltr' id='par_1_5' title="bbox 1891 621 3437 695">
     <span class='ocr_line' id='line_1_5' title="bbox 1891 621 3437 695; baseline -0.006 -16"><span class='ocrx_word' id='word_1_29' title='bbox 1891 628 2069 681; x_wconf 81' lang='lat' dir='ltr'><strong>factus</strong></span> <span class='ocrx_word' id='word_1_30' title='bbox 2104 637 2186 681; x_wconf 87' lang='lat' dir='ltr'><strong>est</strong></span> <span class='ocrx_word' id='word_1_31' title='bbox 2219 646 2232 678; x_wconf 87' lang='lat'><strong>:</strong></span> <span class='ocrx_word' id='word_1_32' title='bbox 2294 627 2422 695; x_wconf 89' lang='lat' dir='ltr'><strong>quia</strong></span> <span class='ocrx_word' id='word_1_33' title='bbox 2454 625 2789 689; x_wconf 87' lang='lat' dir='ltr'><strong>obedientia,</strong></span> <span class='ocrx_word' id='word_1_34' title='bbox 2833 633 3137 694; x_wconf 87' lang='lat' dir='ltr'><strong>spontanea</strong></span> <span class='ocrx_word' id='word_1_35' title='bbox 3166 621 3437 688; x_wconf 83' lang='lat' dir='ltr'><strong>liberaque</strong></span> 
     </span>
    </p>
   </div>
   <div class='ocr_carea' id='block_1_6' title="bbox 232 711 3438 791">
    <p class='ocr_par' dir='ltr' id='par_1_6' title="bbox 232 711 3438 791">
     <span class='ocr_line' id='line_1_6' title="bbox 232 711 3438 791; baseline -0.003 -20"><span class='ocrx_word' id='word_1_36' title='bbox 232 722 464 789; x_wconf 69' lang='lat' dir='ltr'><strong>propriae</strong></span> <span class='ocrx_word' id='word_1_37' title='bbox 495 723 794 775; x_wconf 79' lang='lat' dir='ltr'><strong>voluntatis</strong></span> <span class='ocrx_word' id='word_1_38' title='bbox 821 722 1090 791; x_wconf 85' lang='lat' dir='ltr'><strong>subjectio</strong></span> <span class='ocrx_word' id='word_1_39' title='bbox 1123 731 1207 777; x_wconf 87' lang='lat' dir='ltr'><strong>est</strong></span> <span class='ocrx_word' id='word_1_40' title='bbox 1238 722 1503 776; x_wconf 82' lang='lat' dir='ltr'><strong>voluntati</strong></span> <span class='ocrx_word' id='word_1_41' title='bbox 1526 719 1753 772; x_wconf 78' lang='lat' dir='ltr'><strong>alterius</strong></span> <span class='ocrx_word' id='word_1_42' title='bbox 1783 733 1794 767; x_wconf 90' lang='lat'><strong>:</strong></span> <span class='ocrx_word' id='word_1_43' title='bbox 1834 718 2015 770; x_wconf 88' lang='lat' dir='ltr'><strong>divina</strong></span> <span class='ocrx_word' id='word_1_44' title='bbox 2044 722 2222 770; x_wconf 89' lang='lat' dir='ltr'><strong>autem</strong></span> <span class='ocrx_word' id='word_1_45' title='bbox 2268 716 2430 786; x_wconf 64' lang='grc'><strong>394</strong></span> <span class='ocrx_word' id='word_1_46' title='bbox 2464 718 2738 779; x_wconf 77' lang='lat' dir='ltr'><strong>voluntas,</strong></span> <span class='ocrx_word' id='word_1_47' title='bbox 2792 731 2890 768; x_wconf 88' lang='lat' dir='ltr'><strong>nec</strong></span> <span class='ocrx_word' id='word_1_48' title='bbox 2923 730 3100 774; x_wconf 80' lang='lat' dir='ltr'><strong>scrvzt,</strong></span> <span class='ocrx_word' id='word_1_49' title='bbox 3167 725 3269 763; x_wconf 90' lang='lat' dir='ltr'><strong>nec</strong></span> <span class='ocrx_word' id='word_1_50' title='bbox 3340 711 3438 761; x_wconf 89' lang='lat' dir='ltr'><strong>ob-</strong></span> 
     </span>
    </p>
   </div>
   <div class='ocr_carea' id='block_1_7' title="bbox 198 799 3441 878">
    <p class='ocr_par' dir='ltr' id='par_1_7' title="bbox 198 799 3441 878">
     <span class='ocr_line' id='line_1_7' title="bbox 198 799 3441 878; baseline -0.005 -17"><span class='ocrx_word' id='word_1_51' title='bbox 198 805 467 877; x_wconf 83' lang='lat' dir='ltr'><strong>sequens</strong></span> <span class='ocrx_word' id='word_1_52' title='bbox 508 818 611 863; x_wconf 79' lang='lat' dir='ltr'><strong>est.</strong></span> <span class='ocrx_word' id='word_1_53' title='bbox 668 809 851 878; x_wconf 82' lang='lat' dir='ltr'><strong>Neque</strong></span> <span class='ocrx_word' id='word_1_54' title='bbox 882 812 1045 863; x_wconf 87' lang='lat' dir='ltr'><strong>etiam</strong></span> <span class='ocrx_word' id='word_1_55' title='bbox 1091 811 1288 864; x_wconf 67' lang='lat' dir='ltr'><strong>divinae</strong></span> <span class='ocrx_word' id='word_1_56' title='bbox 1337 808 1629 862; x_wconf 78' lang='lat' dir='ltr'><strong>voluntatis</strong></span> <span class='ocrx_word' id='word_1_57' title='bbox 1677 814 1778 865; x_wconf 87' lang='lat' dir='ltr'><strong>est,</strong></span> <span class='ocrx_word' id='word_1_58' title='bbox 1820 804 2001 856; x_wconf 81' lang='lat' dir='ltr'><strong>cibum</strong></span> <span class='ocrx_word' id='word_1_59' title='bbox 2068 813 2122 858; x_wconf 91' lang='lat' dir='ltr'><strong>et</strong></span> <span class='ocrx_word' id='word_1_60' title='bbox 2180 814 2367 872; x_wconf 87' lang='lat' dir='ltr'><strong>potum</strong></span> <span class='ocrx_word' id='word_1_61' title='bbox 2399 812 2452 856; x_wconf 91' lang='lat' dir='ltr'><strong>ct</strong></span> <span class='ocrx_word' id='word_1_62' title='bbox 2478 818 2728 857; x_wconf 88' lang='lat' dir='ltr'><strong>somnum</strong></span> <span class='ocrx_word' id='word_1_63' title='bbox 2762 810 3034 869; x_wconf 86' lang='lat' dir='ltr'><strong>appetere,</strong></span> <span class='ocrx_word' id='word_1_64' title='bbox 3065 799 3199 853; x_wconf 78' lang='lat' dir='ltr'><strong>velle</strong></span> <span class='ocrx_word' id='word_1_65' title='bbox 3249 799 3441 857; x_wconf 84' lang='lat' dir='ltr'><strong>latere,</strong></span> 
     </span>
    </p>
   </div>
   <div class='ocr_carea' id='block_1_8' title="bbox 232 882 3437 967">
    <p class='ocr_par' dir='ltr' id='par_1_8' title="bbox 232 882 3437 967">
     <span class='ocr_line' id='line_1_8' title="bbox 232 882 3437 967; baseline -0.005 -18"><span class='ocrx_word' id='word_1_66' title='bbox 232 912 334 951; x_wconf 56' lang='lat' dir='ltr'><strong>nec</strong></span> <span class='ocrx_word' id='word_1_67' title='bbox 372 914 569 965; x_wconf 90' lang='lat' dir='ltr'><strong>posse;</strong></span> <span class='ocrx_word' id='word_1_68' title='bbox 602 899 1046 967; x_wconf 79' lang='lat' dir='ltr'><strong>quandoquidem</strong></span> <span class='ocrx_word' id='word_1_69' title='bbox 1083 900 1336 953; x_wconf 92' lang='lat' dir='ltr'><strong>voluntas</strong></span> <span class='ocrx_word' id='word_1_70' title='bbox 1378 897 1556 950; x_wconf 89' lang='lat' dir='ltr'><strong>divina</strong></span> <span class='ocrx_word' id='word_1_71' title='bbox 1604 892 1950 959; x_wconf 86' lang='lat' dir='ltr'><strong>omnipotens</strong></span> <span class='ocrx_word' id='word_1_72' title='bbox 1979 898 2061 944; x_wconf 91' lang='lat' dir='ltr'><strong>cst</strong></span> <span class='ocrx_word' id='word_1_73' title='bbox 2113 908 2125 942; x_wconf 88' lang='lat'><strong>:</strong></span> <span class='ocrx_word' id='word_1_74' title='bbox 2170 906 2345 960; x_wconf 86' lang='lat' dir='ltr'><strong>neque</strong></span> <span class='ocrx_word' id='word_1_75' title='bbox 2376 890 2711 959; x_wconf 82' lang='lat' dir='ltr'><strong>operationis</strong></span> <span class='ocrx_word' id='word_1_76' title='bbox 2742 888 2943 942; x_wconf 74' lang='lat' dir='ltr'><strong>divinae</strong></span> <span class='ocrx_word' id='word_1_77' title='bbox 3011 896 3095 939; x_wconf 89' lang='lat' dir='ltr'><strong>est</strong></span> <span class='ocrx_word' id='word_1_78' title='bbox 3151 882 3437 952; x_wconf 82' lang='lat' dir='ltr'><strong>corporeis</strong></span> 
     </span>
    </p>
   </div>
   <div class='ocr_carea' id='block_1_9' title="bbox 229 980 2133 1056">
    <p class='ocr_par' dir='ltr' id='par_1_9' title="bbox 229 980 2133 1056">
     <span class='ocr_line' id='line_1_9' title="bbox 229 980 2133 1056; baseline -0.003 -18"><span class='ocrx_word' id='word_1_79' title='bbox 229 987 406 1040; x_wconf 83' lang='lat' dir='ltr'><strong>oeulis</strong></span> <span class='ocrx_word' id='word_1_80' title='bbox 464 1001 709 1056; x_wconf 81' lang='lat' dir='ltr'><strong>cernere,</strong></span> <span class='ocrx_word' id='word_1_81' title='bbox 780 988 1073 1056; x_wconf 84' lang='lat' dir='ltr'><strong>respirare,</strong></span> <span class='ocrx_word' id='word_1_82' title='bbox 1143 987 1443 1048; x_wconf 90' lang='lat' dir='ltr'><strong>ambulare,</strong></span> <span class='ocrx_word' id='word_1_83' title='bbox 1502 993 1554 1037; x_wconf 91' lang='lat' dir='ltr'><strong>ct</strong></span> <span class='ocrx_word' id='word_1_84' title='bbox 1587 994 1780 1035; x_wconf 85' lang='lat' dir='ltr'><strong>manus</strong></span> <span class='ocrx_word' id='word_1_85' title='bbox 1818 980 2133 1033; x_wconf 77' lang='lat' dir='ltr'><strong>extendere.</strong></span> 
     </span>
    </p>
   </div>
   <div class='ocr_carea' id='block_1_10' title="bbox 299 1054 1946 1141">
    <p class='ocr_par' dir='ltr' id='par_1_10' title="bbox 299 1070 1782 1141">
     <span class='ocr_line' id='line_1_10' title="bbox 299 1070 1782 1141; baseline -0.005 -13"><span class='ocrx_word' id='word_1_86' title='bbox 299 1076 361 1128; x_wconf 87' lang='grc' dir='ltr'><strong>δ’.</strong></span> <span class='ocrx_word' id='word_1_87' title='bbox 389 1075 485 1127; x_wconf 67' lang='grc' dir='ltr'><strong>Διὰ</strong></span> <span class='ocrx_word' id='word_1_88' title='bbox 506 1075 663 1127; x_wconf 78' lang='grc' dir='ltr'>τοῦτο</span> <span class='ocrx_word' id='word_1_89' title='bbox 683 1076 863 1138; x_wconf 86' lang='grc' dir='ltr'>καθὼς</span> <span class='ocrx_word' id='word_1_90' title='bbox 894 1075 987 1129; x_wconf 88' lang='grc' dir='ltr'><strong>δύο</strong></span> <span class='ocrx_word' id='word_1_91' title='bbox 1027 1075 1186 1127; x_wconf 75' lang='grc' dir='ltr'>αὐτοῦ</span> <span class='ocrx_word' id='word_1_92' title='bbox 1222 1076 1319 1137; x_wconf 68' lang='grc' dir='ltr'>τὰς</span> <span class='ocrx_word' id='word_1_93' title='bbox 1364 1074 1550 1141; x_wconf 74' lang='grc' dir='ltr'>φύσεις</span> <span class='ocrx_word' id='word_1_94' title='bbox 1594 1070 1782 1138; x_wconf 84' lang='grc' dir='ltr'>ὁμολο-</span> 
     </span>
    </p>
   </div>
   <div class='ocr_carea' id='block_1_11' title="bbox 1789 1054 3436 1141">
    <p class='ocr_par' dir='ltr' id='par_1_11' title="bbox 1956 1062 3436 1135">
     <span class='ocr_line' id='line_1_11' title="bbox 1956 1062 3436 1135; baseline -0.002 -17"><span class='ocrx_word' id='word_1_95' title='bbox 1956 1068 2008 1119; x_wconf 78' lang='grc'><strong>4.</strong></span> <span class='ocrx_word' id='word_1_96' title='bbox 2050 1066 2390 1135; x_wconf 80' lang='lat' dir='ltr'><strong>Quapropter</strong></span> <span class='ocrx_word' id='word_1_97' title='bbox 2430 1068 2573 1121; x_wconf 76' lang='lat' dir='ltr'><strong>sicut</strong></span> <span class='ocrx_word' id='word_1_98' title='bbox 2626 1067 2762 1121; x_wconf 86' lang='lat' dir='ltr'><strong>d-uas</strong></span> <span class='ocrx_word' id='word_1_99' title='bbox 2793 1065 2911 1134; x_wconf 79' lang='lat' dir='ltr'><strong>ejus</strong></span> <span class='ocrx_word' id='word_1_100' title='bbox 2957 1074 3180 1117; x_wconf 82' lang='lat' dir='ltr'><strong>naturas</strong></span> <span class='ocrx_word' id='word_1_101' title='bbox 3211 1062 3436 1115; x_wconf 85' lang='lat' dir='ltr'><strong>counte-</strong></span> 
     </span>
    </p>
   </div>
   <div class='ocr_carea' id='block_1_12' title="bbox 228 1155 1875 1237">
    <p class='ocr_par' dir='ltr' id='par_1_12' title="bbox 228 1163 1783 1237">
     <span class='ocr_line' id='line_1_12' title="bbox 228 1163 1783 1237; baseline -0.002 -20"><span class='ocrx_word' id='word_1_102' title='bbox 228 1164 455 1235; x_wconf 84' lang='grc' dir='ltr'>γοῦμεν,</span> <span class='ocrx_word' id='word_1_103' title='bbox 486 1166 649 1218; x_wconf 72' lang='grc' dir='ltr'>αὑτοῦ</span> <span class='ocrx_word' id='word_1_104' title='bbox 676 1168 1139 1237; x_wconf 71' lang='grc' dir='ltr'><strong>συνομολογοῦμεν</strong></span> <span class='ocrx_word' id='word_1_105' title='bbox 1173 1168 1263 1219; x_wconf 65' lang='grc' dir='ltr'><strong>καὶ</strong></span> <span class='ocrx_word' id='word_1_106' title='bbox 1300 1168 1366 1218; x_wconf 82' lang='grc' dir='ltr'><strong>τὰ</strong></span> <span class='ocrx_word' id='word_1_107' title='bbox 1394 1166 1593 1232; x_wconf 72' lang='grc' dir='ltr'>φυσικὰ</span> <span class='ocrx_word' id='word_1_108' title='bbox 1628 1163 1783 1229; x_wconf 90' lang='grc' dir='ltr'>θελή-</span> 
     </span>
    </p>
   </div>
   <div class='ocr_carea' id='block_1_13' title="bbox 1786 1155 3433 1237">
    <p class='ocr_par' dir='ltr' id='par_1_13' title="bbox 1888 1155 3433 1221">
     <span class='ocr_line' id='line_1_13' title="bbox 1888 1155 3433 1221; baseline -0.004 -12"><span class='ocrx_word' id='word_1_109' title='bbox 1888 1173 2029 1221; x_wconf 88' lang='lat' dir='ltr'><strong>mur,</strong></span> <span class='ocrx_word' id='word_1_110' title='bbox 2067 1158 2204 1211; x_wconf 90' lang='lat' dir='ltr'><strong>duas</strong></span> <span class='ocrx_word' id='word_1_111' title='bbox 2237 1158 2397 1211; x_wconf 86' lang='lat' dir='ltr'><strong>simul</strong></span> <span class='ocrx_word' id='word_1_112' title='bbox 2443 1156 2673 1211; x_wconf 80' lang='lat' dir='ltr'><strong>fatemur</strong></span> <span class='ocrx_word' id='word_1_113' title='bbox 2713 1166 2823 1209; x_wconf 92' lang='lat' dir='ltr'><strong>tum</strong></span> <span class='ocrx_word' id='word_1_114' title='bbox 2872 1155 3178 1207; x_wconf 81' lang='lat' dir='ltr'><strong>voluntates</strong></span> <span class='ocrx_word' id='word_1_115' title='bbox 3217 1160 3433 1205; x_wconf 81' lang='lat' dir='ltr'><strong>natura~</strong></span> 
     </span>
    </p>
   </div>
   <div class='ocr_carea' id='block_1_14' title="bbox 231 1239 1878 1326">
    <p class='ocr_par' dir='ltr' id='par_1_14' title="bbox 231 1252 1780 1326">
     <span class='ocr_line' id='line_1_14' title="bbox 231 1252 1780 1326; baseline -0.001 -19"><span class='ocrx_word' id='word_1_116' title='bbox 231 1273 398 1323; x_wconf 83' lang='grc' dir='ltr'>ματα,</span> <span class='ocrx_word' id='word_1_117' title='bbox 429 1258 518 1308; x_wconf 81' lang='grc' dir='ltr'>κσιὶ</span> <span class='ocrx_word' id='word_1_118' title='bbox 552 1256 645 1308; x_wconf 82' lang='grc' dir='ltr'>δύο</span> <span class='ocrx_word' id='word_1_119' title='bbox 672 1258 771 1318; x_wconf 73' lang='grc' dir='ltr'>τὰς</span> <span class='ocrx_word' id='word_1_120' title='bbox 801 1260 1031 1325; x_wconf 69' lang='grc' dir='ltr'>ῳυσικὰς</span> <span class='ocrx_word' id='word_1_121' title='bbox 1061 1258 1332 1326; x_wconf 73' lang='grc' dir='ltr'><strong>ἐνεργείας</strong></span> <span class='ocrx_word' id='word_1_122' title='bbox 1366 1255 1455 1306; x_wconf 78' lang='grc' dir='ltr'>τοῦ</span> <span class='ocrx_word' id='word_1_123' title='bbox 1485 1254 1646 1306; x_wconf 78' lang='grc' dir='ltr'>αὑτοῦ</span> <span class='ocrx_word' id='word_1_124' title='bbox 1666 1252 1780 1314; x_wconf 79' lang='grc' dir='ltr'>ἐνὸς</span> 
     </span>
    </p>
   </div>
   <div class='ocr_carea' id='block_1_15' title="bbox 1791 1239 3438 1326">
    <p class='ocr_par' dir='ltr' id='par_1_15' title="bbox 1888 1239 3438 1312">
     <span class='ocr_line' id='line_1_15' title="bbox 1888 1239 3438 1312; baseline -0.002 -17"><span class='ocrx_word' id='word_1_125' title='bbox 1888 1242 1986 1304; x_wconf 88' lang='lat' dir='ltr'><strong>les,</strong></span> <span class='ocrx_word' id='word_1_126' title='bbox 2037 1251 2149 1295; x_wconf 89' lang='lat' dir='ltr'><strong>tum</strong></span> <span class='ocrx_word' id='word_1_127' title='bbox 2207 1243 2552 1312; x_wconf 82' lang='lat' dir='ltr'><strong>operationes</strong></span> <span class='ocrx_word' id='word_1_128' title='bbox 2626 1242 2902 1297; x_wconf 87' lang='lat' dir='ltr'><strong>naturales</strong></span> <span class='ocrx_word' id='word_1_129' title='bbox 2979 1239 3223 1311; x_wconf 83' lang='lat' dir='ltr'><strong>ejusdem</strong></span> <span class='ocrx_word' id='word_1_130' title='bbox 3278 1240 3438 1292; x_wconf 85' lang='lat' dir='ltr'><strong>unius</strong></span> 
     </span>
    </p>
   </div>
   <div class='ocr_carea' id='block_1_16' title="bbox 229 1330 1876 1414">
    <p class='ocr_par' dir='ltr' id='par_1_16' title="bbox 229 1341 1781 1414">
     <span class='ocr_line' id='line_1_16' title="bbox 229 1341 1781 1414; baseline -0.002 -19"><span class='ocrx_word' id='word_1_131' title='bbox 229 1344 487 1411; x_wconf 78' lang='grc' dir='ltr'><strong>Χριστοῦ,</strong></span> <span class='ocrx_word' id='word_1_132' title='bbox 520 1347 615 1413; x_wconf 77' lang='grc' dir='ltr'><strong>τῆς</strong></span> <span class='ocrx_word' id='word_1_133' title='bbox 644 1348 770 1414; x_wconf 79' lang='grc' dir='ltr'>μιᾶς</span> <span class='ocrx_word' id='word_1_134' title='bbox 799 1347 891 1398; x_wconf 70' lang='grc' dir='ltr'>τοῦ</span> <span class='ocrx_word' id='word_1_135' title='bbox 929 1346 1059 1398; x_wconf 79' lang='grc' dir='ltr'>Υῐοῦ</span> <span class='ocrx_word' id='word_1_136' title='bbox 1096 1346 1187 1397; x_wconf 74' lang='grc' dir='ltr'>τοῦ</span> <span class='ocrx_word' id='word_1_137' title='bbox 1210 1345 1342 1396; x_wconf 79' lang='grc' dir='ltr'>Θεοῦ</span> <span class='ocrx_word' id='word_1_138' title='bbox 1385 1346 1476 1396; x_wconf 73' lang='grc' dir='ltr'><strong>καὶ</strong></span> <span class='ocrx_word' id='word_1_139' title='bbox 1522 1343 1611 1396; x_wconf 79' lang='grc' dir='ltr'>τοῦ</span> <span class='ocrx_word' id='word_1_140' title='bbox 1652 1341 1781 1393; x_wconf 82' lang='grc' dir='ltr'><strong>Υἱοῦ</strong></span> 
     </span>
    </p>
   </div>
   <div class='ocr_carea' id='block_1_17' title="bbox 1787 1330 3434 1414">
    <p class='ocr_par' dir='ltr' id='par_1_17' title="bbox 1887 1330 3434 1401">
     <span class='ocr_line' id='line_1_17' title="bbox 1887 1330 3434 1401; baseline -0.002 -18"><span class='ocrx_word' id='word_1_141' title='bbox 1887 1331 2109 1396; x_wconf 82' lang='lat' dir='ltr'><strong>Christi,</strong></span> <span class='ocrx_word' id='word_1_142' title='bbox 2167 1333 2329 1386; x_wconf 84' lang='lat' dir='ltr'><strong>unius</strong></span> <span class='ocrx_word' id='word_1_143' title='bbox 2378 1333 2695 1401; x_wconf 74' lang='lat' dir='ltr'><strong>composita:</strong></span> <span class='ocrx_word' id='word_1_144' title='bbox 2730 1333 3042 1401; x_wconf 74' lang='lat' dir='ltr'><strong>hypostasis</strong></span> <span class='ocrx_word' id='word_1_145' title='bbox 3088 1330 3214 1385; x_wconf 82' lang='lat' dir='ltr'><strong>Filii</strong></span> <span class='ocrx_word' id='word_1_146' title='bbox 3252 1331 3341 1385; x_wconf 87' lang='lat' dir='ltr'><strong>Dei</strong></span> <span class='ocrx_word' id='word_1_147' title='bbox 3388 1339 3434 1384; x_wconf 88' lang='lat' dir='ltr'><strong>et</strong></span> 
     </span>
    </p>
   </div>
   <div class='ocr_carea' id='block_1_18' title="bbox 226 1420 1873 1501">
    <p class='ocr_par' dir='ltr' id='par_1_18' title="bbox 226 1431 1782 1501">
     <span class='ocr_line' id='line_1_18' title="bbox 226 1431 1782 1501; baseline -0.001 -18"><span class='ocrx_word' id='word_1_148' title='bbox 226 1431 326 1484; x_wconf 80' lang='grc' dir='ltr'>τοῦ</span> <span class='ocrx_word' id='word_1_149' title='bbox 356 1432 639 1501; x_wconf 83' lang='grc' dir='ltr'>ἀνθρώπου</span> <span class='ocrx_word' id='word_1_150' title='bbox 679 1435 929 1487; x_wconf 80' lang='grc' dir='ltr'>συνθέτου</span> <span class='ocrx_word' id='word_1_151' title='bbox 961 1436 1333 1495; x_wconf 74' lang='grc' dir='ltr'><strong>ὑποστάσεως·</strong></span> <span class='ocrx_word' id='word_1_152' title='bbox 1366 1435 1457 1487; x_wconf 74' lang='grc' dir='ltr'><strong>ἕνα</strong></span> <span class='ocrx_word' id='word_1_153' title='bbox 1482 1434 1537 1486; x_wconf 83' lang='grc' dir='ltr'><strong>δὲ</strong></span> <span class='ocrx_word' id='word_1_154' title='bbox 1576 1434 1666 1485; x_wconf 74' lang='grc' dir='ltr'>καὶ</span> <span class='ocrx_word' id='word_1_155' title='bbox 1693 1432 1782 1483; x_wconf 76' lang='grc' dir='ltr'><strong>τὸν</strong></span> 
     </span>
    </p>
   </div>
   <div class='ocr_carea' id='block_1_19' title="bbox 1788 1420 3435 1501">
    <p class='ocr_par' dir='ltr' id='par_1_19' title="bbox 1890 1420 3435 1491">
     <span class='ocr_line' id='line_1_19' title="bbox 1890 1420 3435 1491; baseline 0 -18"><span class='ocrx_word' id='word_1_156' title='bbox 1890 1420 1981 1474; x_wconf 82' lang='lat' dir='ltr'><strong>ﬁlii</strong></span> <span class='ocrx_word' id='word_1_157' title='bbox 2012 1422 2280 1485; x_wconf 81' lang='lat' dir='ltr'><strong>hominis;</strong></span> <span class='ocrx_word' id='word_1_158' title='bbox 2319 1438 2509 1485; x_wconf 86' lang='lat' dir='ltr'><strong>unum,</strong></span> <span class='ocrx_word' id='word_1_159' title='bbox 2549 1424 2789 1491; x_wconf 88' lang='lat' dir='ltr'><strong>inquam,</strong></span> <span class='ocrx_word' id='word_1_160' title='bbox 2836 1431 2888 1475; x_wconf 88' lang='lat' dir='ltr'><strong>et</strong></span> <span class='ocrx_word' id='word_1_161' title='bbox 2933 1422 3184 1476; x_wconf 87' lang='lat' dir='ltr'><strong>eumdem</strong></span> <span class='ocrx_word' id='word_1_162' title='bbox 3218 1430 3435 1475; x_wconf 73' lang='lat' dir='ltr'><strong>natura~</strong></span> 
     </span>
    </p>
   </div>
   <div class='ocr_carea' id='block_1_20' title="bbox 228 1512 1875 1592">
    <p class='ocr_par' dir='ltr' id='par_1_20' title="bbox 228 1523 1778 1592">
     <span class='ocr_line' id='line_1_20' title="bbox 228 1523 1778 1592; baseline 0.001 -19"><span class='ocrx_word' id='word_1_163' title='bbox 228 1524 394 1588; x_wconf 65' lang='grc' dir='ltr'>αὶτὸν</span> <span class='ocrx_word' id='word_1_164' title='bbox 424 1523 641 1576; x_wconf 79' lang='grc' dir='ltr'>θέλοντα</span> <span class='ocrx_word' id='word_1_165' title='bbox 675 1527 917 1591; x_wconf 79' lang='grc' dir='ltr'><strong>φυσικῶς</strong></span> <span class='ocrx_word' id='word_1_166' title='bbox 949 1526 1017 1577; x_wconf 76' lang='grc' dir='ltr'>τὰ</span> <span class='ocrx_word' id='word_1_167' title='bbox 1038 1527 1153 1577; x_wconf 88' lang='grc' dir='ltr'>θεῖα</span> <span class='ocrx_word' id='word_1_168' title='bbox 1201 1527 1292 1578; x_wconf 71' lang='grc' dir='ltr'><strong>καὶ</strong></span> <span class='ocrx_word' id='word_1_169' title='bbox 1332 1524 1399 1577; x_wconf 70' lang='grc' dir='ltr'><strong>τὰ</strong></span> <span class='ocrx_word' id='word_1_170' title='bbox 1430 1524 1740 1592; x_wconf 82' lang='grc' dir='ltr'>ἀνθρώπινα</span> <span class='ocrx_word' id='word_1_171' title='bbox 1765 1539 1778 1553; x_wconf 77' lang='grc'><strong>’</strong></span> 
     </span>
    </p>
   </div>
   <div class='ocr_carea' id='block_1_21' title="bbox 1787 1512 3434 1592">
    <p class='ocr_par' dir='ltr' id='par_1_21' title="bbox 1886 1512 3434 1581">
     <span class='ocr_line' id='line_1_21' title="bbox 1886 1512 3434 1581; baseline -0.003 -16"><span class='ocrx_word' id='word_1_172' title='bbox 1886 1512 2011 1565; x_wconf 87' lang='lat' dir='ltr'><strong>liter</strong></span> <span class='ocrx_word' id='word_1_173' title='bbox 2053 1514 2319 1566; x_wconf 88' lang='lat' dir='ltr'><strong>volentem</strong></span> <span class='ocrx_word' id='word_1_174' title='bbox 2351 1527 2471 1581; x_wconf 67' lang='lat' dir='ltr'><strong>qum</strong></span> <span class='ocrx_word' id='word_1_175' title='bbox 2511 1512 2719 1575; x_wconf 88' lang='lat' dir='ltr'><strong>divina,</strong></span> <span class='ocrx_word' id='word_1_176' title='bbox 2748 1527 2974 1581; x_wconf 69' lang='lat' dir='ltr'><strong>qumque</strong></span> <span class='ocrx_word' id='word_1_177' title='bbox 3002 1513 3239 1566; x_wconf 87' lang='lat' dir='ltr'><strong>humana</strong></span> <span class='ocrx_word' id='word_1_178' title='bbox 3272 1520 3434 1565; x_wconf 82' lang='lat' dir='ltr'><strong>sunt:</strong></span> 
     </span>
    </p>
   </div>
   <div class='ocr_carea' id='block_1_22' title="bbox 227 1601 1874 1683">
    <p class='ocr_par' dir='ltr' id='par_1_22' title="bbox 227 1611 1783 1683">
     <span class='ocr_line' id='line_1_22' title="bbox 227 1611 1783 1683; baseline 0.001 -22"><span class='ocrx_word' id='word_1_179' title='bbox 227 1612 298 1662; x_wconf 69' lang='grc' dir='ltr'>τὰ</span> <span class='ocrx_word' id='word_1_180' title='bbox 332 1611 471 1674; x_wconf 86' lang='grc' dir='ltr'>θεῖα,</span> <span class='ocrx_word' id='word_1_181' title='bbox 494 1612 611 1682; x_wconf 70' lang='grc' dir='ltr'>θείᾳ</span> <span class='ocrx_word' id='word_1_182' title='bbox 642 1613 877 1683; x_wconf 81' lang='grc' dir='ltr'>θελήσει,</span> <span class='ocrx_word' id='word_1_183' title='bbox 909 1616 977 1667; x_wconf 78' lang='grc' dir='ltr'>τὰ</span> <span class='ocrx_word' id='word_1_184' title='bbox 1007 1614 1335 1682; x_wconf 80' lang='grc' dir='ltr'>ἀνθρώπινα,</span> <span class='ocrx_word' id='word_1_185' title='bbox 1362 1613 1669 1683; x_wconf 79' lang='grc' dir='ltr'>ἀνθρωπίνῃ</span> <span class='ocrx_word' id='word_1_186' title='bbox 1694 1613 1783 1664; x_wconf 84' lang='grc' dir='ltr'>θε-</span> 
     </span>
    </p>
   </div>
   <div class='ocr_carea' id='block_1_23' title="bbox 1787 1601 3434 1683">
    <p class='ocr_par' dir='ltr' id='par_1_23' title="bbox 1885 1601 3434 1671">
     <span class='ocr_line' id='line_1_23' title="bbox 1885 1601 3434 1671; baseline -0.001 -17"><span class='ocrx_word' id='word_1_187' title='bbox 1885 1601 2069 1655; x_wconf 79' lang='lat' dir='ltr'><strong>divina</strong></span> <span class='ocrx_word' id='word_1_188' title='bbox 2111 1603 2365 1671; x_wconf 90' lang='lat' dir='ltr'><strong>quidem,</strong></span> <span class='ocrx_word' id='word_1_189' title='bbox 2415 1603 2595 1654; x_wconf 89' lang='lat' dir='ltr'><strong>divina</strong></span> <span class='ocrx_word' id='word_1_190' title='bbox 2648 1602 2953 1667; x_wconf 84' lang='lat' dir='ltr'><strong>voluntate,</strong></span> <span class='ocrx_word' id='word_1_191' title='bbox 2996 1603 3232 1655; x_wconf 89' lang='lat' dir='ltr'><strong>humana</strong></span> <span class='ocrx_word' id='word_1_192' title='bbox 3288 1617 3434 1661; x_wconf 82' lang='lat' dir='ltr'><strong>vero,</strong></span> 
     </span>
    </p>
   </div>
   <div class='ocr_carea' id='block_1_24' title="bbox 227 1691 1874 1773">
    <p class='ocr_par' dir='ltr' id='par_1_24' title="bbox 227 1702 1784 1773">
     <span class='ocr_line' id='line_1_24' title="bbox 227 1702 1784 1773; baseline 0.001 -21"><span class='ocrx_word' id='word_1_193' title='bbox 227 1702 405 1768; x_wconf 83' lang='grc' dir='ltr'>λήσει.</span> <span class='ocrx_word' id='word_1_194' title='bbox 437 1703 550 1755; x_wconf 82' lang='grc' dir='ltr'>Μία</span> <span class='ocrx_word' id='word_1_195' title='bbox 578 1704 685 1771; x_wconf 76' lang='grc' dir='ltr'><strong>γὰρ</strong></span> <span class='ocrx_word' id='word_1_196' title='bbox 716 1705 1007 1767; x_wconf 79' lang='grc' dir='ltr'><strong>ὑπόστασις</strong></span> <span class='ocrx_word' id='word_1_197' title='bbox 1027 1704 1100 1756; x_wconf 78' lang='grc' dir='ltr'>ὢν</span> <span class='ocrx_word' id='word_1_198' title='bbox 1129 1706 1156 1755; x_wconf 97' lang='lat'><strong>6</strong></span> <span class='ocrx_word' id='word_1_199' title='bbox 1182 1705 1407 1773; x_wconf 82' lang='grc' dir='ltr'>Χριστὸς</span> <span class='ocrx_word' id='word_1_200' title='bbox 1434 1704 1525 1754; x_wconf 82' lang='grc' dir='ltr'><strong>δύο</strong></span> <span class='ocrx_word' id='word_1_201' title='bbox 1553 1703 1784 1770; x_wconf 73' lang='grc' dir='ltr'>φύσεων,</span> 
     </span>
    </p>
   </div>
   <div class='ocr_carea' id='block_1_25' title="bbox 1787 1691 3434 1773">
    <p class='ocr_par' dir='ltr' id='par_1_25' title="bbox 1886 1691 3434 1746">
     <span class='ocr_line' id='line_1_25' title="bbox 1886 1691 3434 1746; baseline -0.002 -3"><span class='ocrx_word' id='word_1_202' title='bbox 1886 1692 2167 1745; x_wconf 88' lang='lat' dir='ltr'><strong>voluntate</strong></span> <span class='ocrx_word' id='word_1_203' title='bbox 2215 1695 2470 1745; x_wconf 89' lang='lat' dir='ltr'><strong>humana.</strong></span> <span class='ocrx_word' id='word_1_204' title='bbox 2526 1691 2658 1744; x_wconf 91' lang='lat' dir='ltr'><strong>Cum</strong></span> <span class='ocrx_word' id='word_1_205' title='bbox 2710 1695 2855 1746; x_wconf 87' lang='lat' dir='ltr'><strong>enim</strong></span> <span class='ocrx_word' id='word_1_206' title='bbox 2895 1692 3150 1746; x_wconf 88' lang='lat' dir='ltr'><strong>Christus</strong></span> <span class='ocrx_word' id='word_1_207' title='bbox 3207 1693 3277 1744; x_wconf 86' lang='lat' dir='ltr'><strong>sit</strong></span> <span class='ocrx_word' id='word_1_208' title='bbox 3333 1706 3434 1743; x_wconf 87' lang='lat' dir='ltr'><strong>una</strong></span> 
     </span>
    </p>
   </div>
   <div class='ocr_carea' id='block_1_26' title="bbox 229 1781 1876 1863">
    <p class='ocr_par' dir='ltr' id='par_1_26' title="bbox 229 1792 1845 1863">
     <span class='ocr_line' id='line_1_26' title="bbox 229 1792 1845 1863; baseline 0.002 -21"><span class='ocrx_word' id='word_1_209' title='bbox 229 1792 383 1854; x_wconf 78' lang='grc' dir='ltr'>θείας</span> <span class='ocrx_word' id='word_1_210' title='bbox 412 1810 471 1845; x_wconf 89' lang='grc' dir='ltr'><strong>τε</strong></span> <span class='ocrx_word' id='word_1_211' title='bbox 498 1794 592 1845; x_wconf 74' lang='grc' dir='ltr'><strong>καὶ</strong></span> <span class='ocrx_word' id='word_1_212' title='bbox 623 1794 984 1863; x_wconf 80' lang='grc' dir='ltr'><strong>ἀνθρωπίνης,</strong></span> <span class='ocrx_word' id='word_1_213' title='bbox 1011 1794 1182 1847; x_wconf 74' lang='grc' dir='ltr'>ταῦτα</span> <span class='ocrx_word' id='word_1_214' title='bbox 1211 1794 1384 1857; x_wconf 79' lang='grc' dir='ltr'>θείως,</span> <span class='ocrx_word' id='word_1_215' title='bbox 1435 1796 1657 1845; x_wconf 79' lang='grc' dir='ltr'>κάκεῖνα</span> <span class='ocrx_word' id='word_1_216' title='bbox 1696 1794 1787 1845; x_wconf 76' lang='lat' dir='ltr'><strong>dv-</strong></span> <span class='ocrx_word' id='word_1_217' title='bbox 1818 1860 1845 1863; x_wconf 14' lang='grc' dir='ltr'><strong>Ἀ</strong></span> 
     </span>
    </p>
   </div>
   <div class='ocr_carea' id='block_1_27' title="bbox 1788 1781 3435 1863">
    <p class='ocr_par' dir='ltr' id='par_1_27' title="bbox 1888 1781 3435 1851">
     <span class='ocr_line' id='line_1_27' title="bbox 1888 1781 3435 1851; baseline -0.003 -18"><span class='ocrx_word' id='word_1_218' title='bbox 1888 1781 2201 1851; x_wconf 84' lang='lat' dir='ltr'><strong>hypostasis</strong></span> <span class='ocrx_word' id='word_1_219' title='bbox 2242 1783 2473 1835; x_wconf 88' lang='lat' dir='ltr'><strong>duarum</strong></span> <span class='ocrx_word' id='word_1_220' title='bbox 2519 1791 2863 1847; x_wconf 87' lang='lat' dir='ltr'><strong>naturarum,</strong></span> <span class='ocrx_word' id='word_1_221' title='bbox 2915 1782 3113 1835; x_wconf 78' lang='lat' dir='ltr'><strong>divina:</strong></span> <span class='ocrx_word' id='word_1_222' title='bbox 3145 1783 3354 1835; x_wconf 78' lang='lat' dir='ltr'><strong>scilicet</strong></span> <span class='ocrx_word' id='word_1_223' title='bbox 3386 1790 3435 1830; x_wconf 77' lang='lat' dir='ltr'><strong>et</strong></span> 
     </span>
    </p>
   </div>
   <div class='ocr_carea' id='block_1_28' title="bbox 229 1860 1876 1950">
    <p class='ocr_par' dir='ltr' id='par_1_28' title="bbox 229 1860 1856 1950">
     <span class='ocr_line' id='line_1_28' title="bbox 229 1860 1856 1950; baseline -0.001 -19"><span class='ocrx_word' id='word_1_224' title='bbox 229 1879 515 1946; x_wconf 82' lang='grc' dir='ltr'>θρωπὶνως</span> <span class='ocrx_word' id='word_1_225' title='bbox 547 1860 763 1942; x_wconf 63' lang='grc' dir='ltr'>ὁάύτος</span> <span class='ocrx_word' id='word_1_226' title='bbox 808 1860 985 1950; x_wconf 76' lang='grc' dir='ltr'>ἠθελε,</span> <span class='ocrx_word' id='word_1_227' title='bbox 1034 1882 1125 1933; x_wconf 75' lang='grc' dir='ltr'><strong>καὶ</strong></span> <span class='ocrx_word' id='word_1_228' title='bbox 1171 1883 1389 1950; x_wconf 78' lang='grc' dir='ltr'><strong>ἐνήργει</strong></span> <span class='ocrx_word' id='word_1_229' title='bbox 1426 1883 1490 1932; x_wconf 69' lang='grc' dir='ltr'>τὰ</span> <span class='ocrx_word' id='word_1_230' title='bbox 1524 1882 1657 1941; x_wconf 84' lang='grc' dir='ltr'>θεῖσι,</span> <span class='ocrx_word' id='word_1_231' title='bbox 1694 1881 1786 1931; x_wconf 68' lang='grc' dir='ltr'><strong>καὶ</strong></span> <span class='ocrx_word' id='word_1_232' title='bbox 1818 1860 1856 1915; x_wconf 70' lang='grc' dir='ltr'><strong>Β</strong></span> 
     </span>
    </p>
   </div>
   <div class='ocr_carea' id='block_1_29' title="bbox 1788 1860 3435 1950">
    <p class='ocr_par' dir='ltr' id='par_1_29' title="bbox 1818 1860 3435 1931">
     <span class='ocr_line' id='line_1_29' title="bbox 1818 1860 3435 1931; baseline 0.001 -16"><span class='ocrx_word' id='word_1_233' title='bbox 1818 1860 1856 1915; x_wconf 80' lang='grc' dir='ltr'><strong>Β</strong></span> <span class='ocrx_word' id='word_1_234' title='bbox 1888 1868 2159 1931; x_wconf 74' lang='lat' dir='ltr'><strong>humanm,</strong></span> <span class='ocrx_word' id='word_1_235' title='bbox 2188 1869 2302 1922; x_wconf 64' lang='lat' dir='ltr'><strong>hare</strong></span> <span class='ocrx_word' id='word_1_236' title='bbox 2333 1868 2521 1921; x_wconf 90' lang='lat' dir='ltr'><strong>divino</strong></span> <span class='ocrx_word' id='word_1_237' title='bbox 2555 1882 2724 1931; x_wconf 89' lang='lat' dir='ltr'><strong>more,</strong></span> <span class='ocrx_word' id='word_1_238' title='bbox 2773 1878 2826 1922; x_wconf 90' lang='lat' dir='ltr'><strong>et</strong></span> <span class='ocrx_word' id='word_1_239' title='bbox 2884 1870 2975 1922; x_wconf 88' lang='lat' dir='ltr'><strong>illa</strong></span> <span class='ocrx_word' id='word_1_240' title='bbox 3025 1870 3264 1927; x_wconf 85' lang='lat' dir='ltr'><strong>humano</strong></span> <span class='ocrx_word' id='word_1_241' title='bbox 3297 1868 3435 1919; x_wconf 86' lang='lat' dir='ltr'><strong>idem</strong></span> 
     </span>
    </p>
   </div>
   <div class='ocr_carea' id='block_1_30' title="bbox 229 1959 1876 2039">
    <p class='ocr_par' dir='ltr' id='par_1_30' title="bbox 229 1967 1784 2039">
     <span class='ocr_line' id='line_1_30' title="bbox 229 1967 1784 2039; baseline 0.001 -21"><span class='ocrx_word' id='word_1_242' title='bbox 229 1967 590 2034; x_wconf 76' lang='grc' dir='ltr'>σεανδρικῶς</span> <span class='ocrx_word' id='word_1_243' title='bbox 612 1969 679 2020; x_wconf 73' lang='grc' dir='ltr'><strong>τὰ</strong></span> <span class='ocrx_word' id='word_1_244' title='bbox 698 1968 1027 2038; x_wconf 82' lang='grc' dir='ltr'>ἀνθρώπινα.</span> <span class='ocrx_word' id='word_1_245' title='bbox 1054 1970 1114 2022; x_wconf 85' lang='grc' dir='ltr'>Εἰ</span> <span class='ocrx_word' id='word_1_246' title='bbox 1132 1970 1235 2039; x_wconf 77' lang='grc' dir='ltr'><strong>γὰρ</strong></span> <span class='ocrx_word' id='word_1_247' title='bbox 1263 1972 1353 2021; x_wconf 68' lang='grc' dir='ltr'><strong>καὶ</strong></span> <span class='ocrx_word' id='word_1_248' title='bbox 1379 1971 1449 2033; x_wconf 90' lang='grc' dir='ltr'>ὼς</span> <span class='ocrx_word' id='word_1_249' title='bbox 1475 1969 1602 2031; x_wconf 74' lang='grc' dir='ltr'>Θεὸς</span> <span class='ocrx_word' id='word_1_250' title='bbox 1631 1968 1784 2038; x_wconf 77' lang='grc' dir='ltr'>ήθελε</span> 
     </span>
    </p>
   </div>
   <div class='ocr_carea' id='block_1_31' title="bbox 1781 1959 3428 2039">
    <p class='ocr_par' dir='ltr' id='par_1_31' title="bbox 1781 1959 3428 2029">
     <span class='ocr_line' id='line_1_31' title="bbox 1781 1959 3428 2029; baseline 0 -19"><span class='ocrx_word' id='word_1_251' title='bbox 1781 1989 1784 2018; x_wconf 83' lang='grc'>;</span> <span class='ocrx_word' id='word_1_252' title='bbox 1888 1960 2001 2027; x_wconf 90' lang='lat' dir='ltr'><strong>ipse</strong></span> <span class='ocrx_word' id='word_1_253' title='bbox 2029 1960 2241 2013; x_wconf 84' lang='lat' dir='ltr'><strong>volebat</strong></span> <span class='ocrx_word' id='word_1_254' title='bbox 2272 1960 2590 2029; x_wconf 84' lang='lat' dir='ltr'><strong>agebatquc,</strong></span> <span class='ocrx_word' id='word_1_255' title='bbox 2641 1973 2703 2012; x_wconf 88' lang='lat' dir='ltr'><strong>ac</strong></span> <span class='ocrx_word' id='word_1_256' title='bbox 2732 1959 3049 2023; x_wconf 77' lang='lat' dir='ltr'><strong>theandrice,</strong></span> <span class='ocrx_word' id='word_1_257' title='bbox 3097 1975 3192 2013; x_wconf 91' lang='lat' dir='ltr'><strong>seu</strong></span> <span class='ocrx_word' id='word_1_258' title='bbox 3229 1960 3428 2013; x_wconf 72' lang='lat' dir='ltr'><strong>divinu-</strong></span> 
     </span>
    </p>
   </div>
   <div class='ocr_carea' id='block_1_32' title="bbox 228 2050 1875 2131">
    <p class='ocr_par' dir='ltr' id='par_1_32' title="bbox 228 2058 1787 2131">
     <span class='ocr_line' id='line_1_32' title="bbox 228 2058 1787 2131; baseline 0.002 -24"><span class='ocrx_word' id='word_1_259' title='bbox 228 2058 301 2109; x_wconf 66' lang='grc' dir='ltr'>τὰ</span> <span class='ocrx_word' id='word_1_260' title='bbox 346 2058 483 2120; x_wconf 71' lang='grc' dir='ltr'>θεῖα,</span> <span class='ocrx_word' id='word_1_261' title='bbox 519 2060 610 2110; x_wconf 72' lang='grc' dir='ltr'><strong>καὶ</strong></span> <span class='ocrx_word' id='word_1_262' title='bbox 642 2058 718 2120; x_wconf 87' lang='grc' dir='ltr'>ὼς</span> <span class='ocrx_word' id='word_1_263' title='bbox 762 2059 1044 2128; x_wconf 80' lang='grc' dir='ltr'>ἄνθρωπος</span> <span class='ocrx_word' id='word_1_264' title='bbox 1071 2060 1137 2111; x_wconf 76' lang='grc' dir='ltr'><strong>τὰ</strong></span> <span class='ocrx_word' id='word_1_265' title='bbox 1185 2059 1516 2131; x_wconf 73' lang='grc' dir='ltr'>ἀνθρώπινα,</span> <span class='ocrx_word' id='word_1_266' title='bbox 1563 2059 1787 2113; x_wconf 79' lang='grc' dir='ltr'>ἀλλὀὒν</span> 
     </span>
    </p>
   </div>
   <div class='ocr_carea' id='block_1_33' title="bbox 1788 2050 3435 2131">
    <p class='ocr_par' dir='ltr' id='par_1_33' title="bbox 1888 2050 3435 2107">
     <span class='ocr_line' id='line_1_33' title="bbox 1888 2050 3435 2107; baseline 0.001 -3"><span class='ocrx_word' id='word_1_267' title='bbox 1888 2051 2123 2105; x_wconf 86' lang='lat' dir='ltr'><strong>immane</strong></span> <span class='ocrx_word' id='word_1_268' title='bbox 2167 2052 2426 2104; x_wconf 89' lang='lat' dir='ltr'><strong>humana.</strong></span> <span class='ocrx_word' id='word_1_269' title='bbox 2472 2050 2713 2104; x_wconf 82' lang='lat' dir='ltr'><strong>Tametsi</strong></span> <span class='ocrx_word' id='word_1_270' title='bbox 2761 2054 2904 2107; x_wconf 87' lang='lat' dir='ltr'><strong>enim</strong></span> <span class='ocrx_word' id='word_1_271' title='bbox 2958 2053 3035 2106; x_wconf 92' lang='lat' dir='ltr'><strong>uti</strong></span> <span class='ocrx_word' id='word_1_272' title='bbox 3074 2052 3216 2107; x_wconf 78' lang='lat' dir='ltr'><strong>Deus</strong></span> <span class='ocrx_word' id='word_1_273' title='bbox 3255 2054 3435 2106; x_wconf 79' lang='lat' dir='ltr'><strong>divina</strong></span> 
     </span>
    </p>
   </div>
   <div class='ocr_carea' id='block_1_34' title="bbox 226 2143 1873 2220">
    <p class='ocr_par' dir='ltr' id='par_1_34' title="bbox 226 2143 1787 2220">
     <span class='ocr_line' id='line_1_34' title="bbox 226 2143 1787 2220; baseline 0.005 -25"><span class='ocrx_word' id='word_1_274' title='bbox 226 2143 355 2197; x_wconf 76' lang='grc' dir='ltr'>οὔτε</span> <span class='ocrx_word' id='word_1_275' title='bbox 382 2146 455 2207; x_wconf 85' lang='grc' dir='ltr'>ὡς</span> <span class='ocrx_word' id='word_1_276' title='bbox 489 2147 618 2208; x_wconf 76' lang='grc' dir='ltr'>Θεὸς</span> <span class='ocrx_word' id='word_1_277' title='bbox 650 2150 851 2217; x_wconf 75' lang='grc' dir='ltr'>γυμνὸς</span> <span class='ocrx_word' id='word_1_278' title='bbox 882 2149 1039 2218; x_wconf 75' lang='grc' dir='ltr'>ἤθελε</span> <span class='ocrx_word' id='word_1_279' title='bbox 1065 2151 1131 2201; x_wconf 85' lang='grc' dir='ltr'>τὰ</span> <span class='ocrx_word' id='word_1_280' title='bbox 1168 2151 1302 2213; x_wconf 83' lang='grc' dir='ltr'>θεῖα,</span> <span class='ocrx_word' id='word_1_281' title='bbox 1335 2150 1455 2202; x_wconf 69' lang='grc' dir='ltr'>οὔτε</span> <span class='ocrx_word' id='word_1_282' title='bbox 1478 2151 1551 2213; x_wconf 82' lang='grc' dir='ltr'>ὡς</span> <span class='ocrx_word' id='word_1_283' title='bbox 1580 2151 1787 2220; x_wconf 75' lang='grc' dir='ltr'>ἄνθρωη</span> 
     </span>
    </p>
   </div>
   <div class='ocr_carea' id='block_1_35' title="bbox 1789 2143 3436 2220">
    <p class='ocr_par' dir='ltr' id='par_1_35' title="bbox 1886 2144 3436 2209">
     <span class='ocr_line' id='line_1_35' title="bbox 1886 2144 3436 2209; baseline 0.003 -14"><span class='ocrx_word' id='word_1_284' title='bbox 1886 2144 2118 2209; x_wconf 89' lang='lat' dir='ltr'><strong>volcbat,</strong></span> <span class='ocrx_word' id='word_1_285' title='bbox 2168 2152 2221 2197; x_wconf 91' lang='lat' dir='ltr'><strong>et</strong></span> <span class='ocrx_word' id='word_1_286' title='bbox 2277 2155 2333 2198; x_wconf 93' lang='lat' dir='ltr'><strong>ut</strong></span> <span class='ocrx_word' id='word_1_287' title='bbox 2383 2144 2543 2198; x_wconf 91' lang='lat' dir='ltr'><strong>homo</strong></span> <span class='ocrx_word' id='word_1_288' title='bbox 2575 2145 2834 2208; x_wconf 86' lang='lat' dir='ltr'><strong>humana,</strong></span> <span class='ocrx_word' id='word_1_289' title='bbox 2877 2154 3112 2200; x_wconf 88' lang='lat' dir='ltr'><strong>attamen</strong></span> <span class='ocrx_word' id='word_1_290' title='bbox 3158 2162 3265 2199; x_wconf 86' lang='lat' dir='ltr'><strong>non</strong></span> <span class='ocrx_word' id='word_1_291' title='bbox 3318 2155 3436 2200; x_wconf 88' lang='lat' dir='ltr'><strong>tan-</strong></span> 
     </span>
    </p>
   </div>
   <div class='ocr_carea' id='block_1_36' title="bbox 229 2233 1876 2306">
    <p class='ocr_par' dir='ltr' id='par_1_36' title="bbox 229 2235 1785 2306">
     <span class='ocr_line' id='line_1_36' title="bbox 229 2235 1785 2306; baseline 0.005 -23"><span class='ocrx_word' id='word_1_292' title='bbox 229 2252 333 2296; x_wconf 75' lang='grc' dir='ltr'>στος</span> <span class='ocrx_word' id='word_1_293' title='bbox 347 2235 499 2302; x_wconf 71' lang='grc' dir='ltr'>ψιλὸς</span> <span class='ocrx_word' id='word_1_294' title='bbox 514 2238 581 2287; x_wconf 75' lang='grc' dir='ltr'><strong>τὰ</strong></span> <span class='ocrx_word' id='word_1_295' title='bbox 606 2236 936 2306; x_wconf 81' lang='grc' dir='ltr'>ἀνθρώπινα,</span> <span class='ocrx_word' id='word_1_296' title='bbox 956 2238 1091 2289; x_wconf 77' lang='grc' dir='ltr'>ἀλλὰ</span> <span class='ocrx_word' id='word_1_297' title='bbox 1115 2238 1244 2301; x_wconf 71' lang='grc' dir='ltr'>Θεος</span> <span class='ocrx_word' id='word_1_298' title='bbox 1267 2239 1785 2305; x_wconf 53' lang='grc' dir='ltr'>ἀνδρωθεὶς-,τωτ-</span> 
     </span>
    </p>
   </div>
   <div class='ocr_carea' id='block_1_37' title="bbox 1788 2233 3435 2306">
    <p class='ocr_par' dir='ltr' id='par_1_37' title="bbox 1887 2233 3435 2306">
     <span class='ocr_line' id='line_1_37' title="bbox 1887 2233 3435 2306; baseline 0.001 -20"><span class='ocrx_word' id='word_1_299' title='bbox 1887 2248 2044 2301; x_wconf 89' lang='lat' dir='ltr'><strong>quam</strong></span> <span class='ocrx_word' id='word_1_300' title='bbox 2088 2234 2232 2288; x_wconf 88' lang='lat' dir='ltr'><strong>nude</strong></span> <span class='ocrx_word' id='word_1_301' title='bbox 2258 2233 2401 2289; x_wconf 85' lang='lat' dir='ltr'><strong>Deus</strong></span> <span class='ocrx_word' id='word_1_302' title='bbox 2429 2234 2611 2288; x_wconf 90' lang='lat' dir='ltr'><strong>divina</strong></span> <span class='ocrx_word' id='word_1_303' title='bbox 2646 2237 2885 2301; x_wconf 89' lang='lat' dir='ltr'><strong>volebat,</strong></span> <span class='ocrx_word' id='word_1_304' title='bbox 2931 2253 3107 2306; x_wconf 85' lang='lat' dir='ltr'><strong>neque</strong></span> <span class='ocrx_word' id='word_1_305' title='bbox 3154 2246 3211 2291; x_wconf 92' lang='lat' dir='ltr'><strong>ut</strong></span> <span class='ocrx_word' id='word_1_306' title='bbox 3252 2254 3435 2291; x_wconf 70' lang='lat' dir='ltr'><strong>merus</strong></span> 
     </span>
    </p>
   </div>
   <div class='ocr_carea' id='block_1_38' title="bbox 229 2323 1876 2401">
    <p class='ocr_par' dir='ltr' id='par_1_38' title="bbox 229 2323 1786 2401">
     <span class='ocr_line' id='line_1_38' title="bbox 229 2323 1786 2401; baseline 0.006 -26"><span class='ocrx_word' id='word_1_307' title='bbox 229 2323 379 2377; x_wconf 84' lang='grc' dir='ltr'>ἐστιν</span> <span class='ocrx_word' id='word_1_308' title='bbox 412 2327 851 2397; x_wconf 82' lang='grc' dir='ltr'>ὲνανθρωπήσας,</span> <span class='ocrx_word' id='word_1_309' title='bbox 888 2332 1086 2399; x_wconf 76' lang='grc' dir='ltr'>φυσικῇ</span> <span class='ocrx_word' id='word_1_310' title='bbox 1110 2330 1227 2399; x_wconf 66' lang='grc' dir='ltr'>θείᾳ</span> <span class='ocrx_word' id='word_1_311' title='bbox 1268 2329 1479 2399; x_wconf 84' lang='grc' dir='ltr'>θελήσει</span> <span class='ocrx_word' id='word_1_312' title='bbox 1515 2334 1606 2383; x_wconf 71' lang='grc' dir='ltr'><strong>καὶ</strong></span> <span class='ocrx_word' id='word_1_313' title='bbox 1637 2334 1786 2401; x_wconf 76' lang='grc' dir='ltr'>ἐνερ-</span> 
     </span>
    </p>
   </div>
   <div class='ocr_carea' id='block_1_39' title="bbox 1789 2323 3436 2401">
    <p class='ocr_par' dir='ltr' id='par_1_39' title="bbox 1886 2324 3436 2393">
     <span class='ocr_line' id='line_1_39' title="bbox 1886 2324 3436 2393; baseline 0.005 -17"><span class='ocrx_word' id='word_1_314' title='bbox 1886 2325 2069 2387; x_wconf 89' lang='lat' dir='ltr'><strong>homo,</strong></span> <span class='ocrx_word' id='word_1_315' title='bbox 2108 2324 2370 2388; x_wconf 89' lang='lat' dir='ltr'><strong>humana;</strong></span> <span class='ocrx_word' id='word_1_316' title='bbox 2402 2325 2492 2379; x_wconf 92' lang='lat' dir='ltr'><strong>sed</strong></span> <span class='ocrx_word' id='word_1_317' title='bbox 2534 2340 2657 2381; x_wconf 89' lang='lat' dir='ltr'><strong>cum</strong></span> <span class='ocrx_word' id='word_1_318' title='bbox 2700 2327 2865 2392; x_wconf 89' lang='lat' dir='ltr'><strong>Deus,</strong></span> <span class='ocrx_word' id='word_1_319' title='bbox 2902 2339 2961 2382; x_wconf 90' lang='lat' dir='ltr'><strong>ut</strong></span> <span class='ocrx_word' id='word_1_320' title='bbox 2990 2329 3064 2382; x_wconf 87' lang='lat' dir='ltr'><strong>ita</strong></span> <span class='ocrx_word' id='word_1_321' title='bbox 3106 2331 3305 2393; x_wconf 88' lang='lat' dir='ltr'><strong>dicam,</strong></span> <span class='ocrx_word' id='word_1_322' title='bbox 3366 2332 3436 2383; x_wconf 82' lang='grc' dir='ltr'><strong>υἱ-</strong></span> 
     </span>
    </p>
   </div>
   <div class='ocr_carea' id='block_1_40' title="bbox 228 2416 1875 2493">
    <p class='ocr_par' dir='ltr' id='par_1_40' title="bbox 228 2416 1787 2493">
     <span class='ocr_line' id='line_1_40' title="bbox 228 2416 1787 2493; baseline 0.006 -28"><span class='ocrx_word' id='word_1_323' title='bbox 228 2416 378 2485; x_wconf 72' lang='grc' dir='ltr'>γείᾳ,</span> <span class='ocrx_word' id='word_1_324' title='bbox 409 2417 483 2479; x_wconf 86' lang='grc' dir='ltr'>ὡς</span> <span class='ocrx_word' id='word_1_325' title='bbox 512 2417 642 2477; x_wconf 86' lang='grc' dir='ltr'>Θεὺς</span> <span class='ocrx_word' id='word_1_326' title='bbox 666 2420 758 2471; x_wconf 76' lang='grc' dir='ltr'><strong>καὶ</strong></span> <span class='ocrx_word' id='word_1_327' title='bbox 786 2420 1064 2489; x_wconf 78' lang='grc' dir='ltr'>ἅνθρωπος</span> <span class='ocrx_word' id='word_1_328' title='bbox 1086 2422 1113 2471; x_wconf 88' lang='grc' dir='ltr'>ὁ</span> <span class='ocrx_word' id='word_1_329' title='bbox 1130 2420 1308 2484; x_wconf 75' lang='grc' dir='ltr'>αὐτὸς,</span> <span class='ocrx_word' id='word_1_330' title='bbox 1333 2420 1487 2490; x_wconf 70' lang='grc' dir='ltr'>ἤθελε</span> <span class='ocrx_word' id='word_1_331' title='bbox 1518 2422 1610 2474; x_wconf 74' lang='grc' dir='ltr'><strong>καὶ</strong></span> <span class='ocrx_word' id='word_1_332' title='bbox 1632 2424 1787 2493; x_wconf 81' lang='grc' dir='ltr'>ἐνήρ-</span> 
     </span>
    </p>
   </div>
   <div class='ocr_carea' id='block_1_41' title="bbox 1789 2416 3436 2493">
    <p class='ocr_par' dir='ltr' id='par_1_41' title="bbox 1887 2417 3436 2484">
     <span class='ocr_line' id='line_1_41' title="bbox 1887 2417 3436 2484; baseline 0.005 -17"><span class='ocrx_word' id='word_1_333' title='bbox 1887 2417 2122 2484; x_wconf 78' lang='lat' dir='ltr'><strong>riﬁcatus</strong></span> <span class='ocrx_word' id='word_1_334' title='bbox 2160 2424 2327 2480; x_wconf 88' lang='lat' dir='ltr'><strong>esset,</strong></span> <span class='ocrx_word' id='word_1_335' title='bbox 2372 2417 2476 2472; x_wconf 92' lang='lat' dir='ltr'><strong>hoc</strong></span> <span class='ocrx_word' id='word_1_336' title='bbox 2524 2425 2627 2481; x_wconf 89' lang='lat' dir='ltr'><strong>est,</strong></span> <span class='ocrx_word' id='word_1_337' title='bbox 2668 2418 2831 2473; x_wconf 93' lang='lat' dir='ltr'><strong>homo</strong></span> <span class='ocrx_word' id='word_1_338' title='bbox 2871 2418 3069 2483; x_wconf 79' lang='lat' dir='ltr'><strong>factus,</strong></span> <span class='ocrx_word' id='word_1_339' title='bbox 3123 2420 3305 2473; x_wconf 87' lang='lat' dir='ltr'><strong>divina</strong></span> <span class='ocrx_word' id='word_1_340' title='bbox 3338 2438 3436 2475; x_wconf 87' lang='lat' dir='ltr'><strong>vo-</strong></span> 
     </span>
    </p>
   </div>
   <div class='ocr_carea' id='block_1_42' title="bbox 227 2508 1874 2584">
    <p class='ocr_par' dir='ltr' id='par_1_42' title="bbox 227 2508 1785 2584">
     <span class='ocr_line' id='line_1_42' title="bbox 227 2508 1785 2584; baseline 0.005 -26"><span class='ocrx_word' id='word_1_341' title='bbox 227 2522 318 2573; x_wconf 83' lang='grc' dir='ltr'><strong>γει</strong></span> <span class='ocrx_word' id='word_1_342' title='bbox 362 2508 428 2560; x_wconf 80' lang='grc' dir='ltr'><strong>τὰ</strong></span> <span class='ocrx_word' id='word_1_343' title='bbox 467 2512 603 2573; x_wconf 82' lang='grc' dir='ltr'>θεῖα,</span> <span class='ocrx_word' id='word_1_344' title='bbox 668 2510 759 2561; x_wconf 74' lang='grc' dir='ltr'><strong>καὶ</strong></span> <span class='ocrx_word' id='word_1_345' title='bbox 811 2515 1012 2580; x_wconf 83' lang='grc' dir='ltr'>φυσικῇ</span> <span class='ocrx_word' id='word_1_346' title='bbox 1070 2512 1379 2584; x_wconf 77' lang='grc' dir='ltr'>ἀνθρωπίνῃ</span> <span class='ocrx_word' id='word_1_347' title='bbox 1429 2513 1642 2581; x_wconf 78' lang='grc' dir='ltr'>θελήσει</span> <span class='ocrx_word' id='word_1_348' title='bbox 1692 2516 1785 2566; x_wconf 76' lang='grc' dir='ltr'><strong>καὶ</strong></span> 
     </span>
    </p>
   </div>
   <div class='ocr_carea' id='block_1_43' title="bbox 1790 2508 3437 2584">
    <p class='ocr_par' dir='ltr' id='par_1_43' title="bbox 1888 2508 3437 2578">
     <span class='ocr_line' id='line_1_43' title="bbox 1888 2508 3437 2578; baseline 0.003 -17"><span class='ocrx_word' id='word_1_349' title='bbox 1888 2508 2095 2561; x_wconf 91' lang='lat' dir='ltr'><strong>luntate</strong></span> <span class='ocrx_word' id='word_1_350' title='bbox 2140 2519 2193 2563; x_wconf 93' lang='lat' dir='ltr'><strong>et</strong></span> <span class='ocrx_word' id='word_1_351' title='bbox 2247 2509 2567 2575; x_wconf 87' lang='lat' dir='ltr'><strong>operatione</strong></span> <span class='ocrx_word' id='word_1_352' title='bbox 2645 2518 2904 2578; x_wconf 88' lang='lat' dir='ltr'><strong>tauquam</strong></span> <span class='ocrx_word' id='word_1_353' title='bbox 2970 2508 3112 2563; x_wconf 87' lang='lat' dir='ltr'><strong>Deus</strong></span> <span class='ocrx_word' id='word_1_354' title='bbox 3167 2518 3220 2564; x_wconf 89' lang='lat' dir='ltr'><strong>et</strong></span> <span class='ocrx_word' id='word_1_355' title='bbox 3273 2512 3437 2567; x_wconf 86' lang='lat' dir='ltr'><strong>homo</strong></span> 
     </span>
    </p>
   </div>
   <div class='ocr_carea' id='block_1_44' title="bbox 228 2599 1875 2671">
    <p class='ocr_par' dir='ltr' id='par_1_44' title="bbox 228 2599 1785 2671">
     <span class='ocr_line' id='line_1_44' title="bbox 228 2599 1785 2671; baseline 0.004 -23"><span class='ocrx_word' id='word_1_356' title='bbox 228 2599 502 2669; x_wconf 76' lang='grc' dir='ltr'>ἐνεργείᾳ,</span> <span class='ocrx_word' id='word_1_357' title='bbox 536 2600 611 2663; x_wconf 84' lang='grc' dir='ltr'>ὡς</span> <span class='ocrx_word' id='word_1_358' title='bbox 648 2600 776 2662; x_wconf 77' lang='grc' dir='ltr'>Θεὸς</span> <span class='ocrx_word' id='word_1_359' title='bbox 810 2602 898 2653; x_wconf 71' lang='grc' dir='ltr'>καὶ</span> <span class='ocrx_word' id='word_1_360' title='bbox 929 2602 1208 2670; x_wconf 81' lang='grc' dir='ltr'>ἄνθρωπος</span> <span class='ocrx_word' id='word_1_361' title='bbox 1239 2604 1264 2653; x_wconf 80' lang='lat'><strong>6</strong></span> <span class='ocrx_word' id='word_1_362' title='bbox 1295 2603 1473 2667; x_wconf 69' lang='grc' dir='ltr'>αὐτὸς,</span> <span class='ocrx_word' id='word_1_363' title='bbox 1505 2604 1659 2671; x_wconf 74' lang='grc' dir='ltr'>ἤθελε</span> <span class='ocrx_word' id='word_1_364' title='bbox 1694 2605 1785 2657; x_wconf 73' lang='grc' dir='ltr'><strong>καὶ</strong></span> 
     </span>
    </p>
   </div>
   <div class='ocr_carea' id='block_1_45' title="bbox 1788 2599 3435 2671">
    <p class='ocr_par' dir='ltr' id='par_1_45' title="bbox 1887 2599 3435 2667">
     <span class='ocr_line' id='line_1_45' title="bbox 1887 2599 3435 2667; baseline 0.003 -16"><span class='ocrx_word' id='word_1_365' title='bbox 1887 2599 2024 2652; x_wconf 87' lang='lat' dir='ltr'><strong>idem</strong></span> <span class='ocrx_word' id='word_1_366' title='bbox 2066 2599 2181 2667; x_wconf 89' lang='lat' dir='ltr'><strong>ipse</strong></span> <span class='ocrx_word' id='word_1_367' title='bbox 2227 2600 2468 2661; x_wconf 85' lang='lat' dir='ltr'><strong>volebat,</strong></span> <span class='ocrx_word' id='word_1_368' title='bbox 2520 2599 2897 2667; x_wconf 81' lang='lat' dir='ltr'><strong>eﬂiciebatque</strong></span> <span class='ocrx_word' id='word_1_369' title='bbox 2944 2600 3147 2663; x_wconf 86' lang='lat' dir='ltr'><strong>divina,</strong></span> <span class='ocrx_word' id='word_1_370' title='bbox 3178 2615 3243 2654; x_wconf 86' lang='lat' dir='ltr'><strong>ac</strong></span> <span class='ocrx_word' id='word_1_371' title='bbox 3272 2612 3435 2655; x_wconf 87' lang='lat' dir='ltr'><strong>natu-</strong></span> 
     </span>
    </p>
   </div>
   <div class='ocr_carea' id='block_1_46' title="bbox 224 2688 1871 2764">
    <p class='ocr_par' dir='ltr' id='par_1_46' title="bbox 224 2690 1786 2764">
     <span class='ocr_line' id='line_1_46' title="bbox 224 2690 1786 2764; baseline 0.004 -24"><span class='ocrx_word' id='word_1_372' title='bbox 224 2692 448 2759; x_wconf 77' lang='grc' dir='ltr'>ἐνήργει</span> <span class='ocrx_word' id='word_1_373' title='bbox 479 2690 546 2742; x_wconf 73' lang='grc' dir='ltr'>τὰ</span> <span class='ocrx_word' id='word_1_374' title='bbox 575 2690 910 2761; x_wconf 80' lang='grc' dir='ltr'>ἀνθρώπινα,</span> <span class='ocrx_word' id='word_1_375' title='bbox 933 2692 1187 2760; x_wconf 79' lang='grc' dir='ltr'>πεφυκὼς</span> <span class='ocrx_word' id='word_1_376' title='bbox 1224 2693 1394 2745; x_wconf 84' lang='grc' dir='ltr'>θέλειν</span> <span class='ocrx_word' id='word_1_377' title='bbox 1435 2696 1527 2746; x_wconf 69' lang='grc' dir='ltr'><strong>καὶ</strong></span> <span class='ocrx_word' id='word_1_378' title='bbox 1550 2697 1786 2764; x_wconf 77' lang='grc' dir='ltr'>ἐνεργεῖν</span> 
     </span>
    </p>
   </div>
   <div class='ocr_carea' id='block_1_47' title="bbox 1787 2688 3434 2764">
    <p class='ocr_par' dir='ltr' id='par_1_47' title="bbox 1887 2688 3434 2756">
     <span class='ocr_line' id='line_1_47' title="bbox 1887 2688 3434 2756; baseline 0.003 -16"><span class='ocrx_word' id='word_1_379' title='bbox 1887 2689 1985 2740; x_wconf 91' lang='lat' dir='ltr'><strong>rali</strong></span> <span class='ocrx_word' id='word_1_380' title='bbox 2018 2689 2253 2740; x_wconf 90' lang='lat' dir='ltr'><strong>humana</strong></span> <span class='ocrx_word' id='word_1_381' title='bbox 2285 2689 2563 2741; x_wconf 86' lang='lat' dir='ltr'><strong>voluntate</strong></span> <span class='ocrx_word' id='word_1_382' title='bbox 2597 2698 2649 2740; x_wconf 81' lang='lat' dir='ltr'><strong>et</strong></span> <span class='ocrx_word' id='word_1_383' title='bbox 2680 2688 3002 2756; x_wconf 87' lang='lat' dir='ltr'><strong>operatione</strong></span> <span class='ocrx_word' id='word_1_384' title='bbox 3035 2692 3299 2755; x_wconf 84' lang='lat' dir='ltr'><strong>naturali,</strong></span> <span class='ocrx_word' id='word_1_385' title='bbox 3337 2709 3434 2745; x_wconf 82' lang='lat' dir='ltr'><strong>ceu</strong></span> 
     </span>
    </p>
   </div>
   <div class='ocr_carea' id='block_1_48' title="bbox 225 2778 1872 2857">
    <p class='ocr_par' dir='ltr' id='par_1_48' title="bbox 225 2779 1789 2857">
     <span class='ocr_line' id='line_1_48' title="bbox 225 2779 1789 2857; baseline 0.003 -25"><span class='ocrx_word' id='word_1_386' title='bbox 225 2780 307 2841; x_wconf 80' lang='grc' dir='ltr'>ὡς</span> <span class='ocrx_word' id='word_1_387' title='bbox 344 2779 623 2850; x_wconf 84' lang='grc' dir='ltr'>ἄνθρωπος</span> <span class='ocrx_word' id='word_1_388' title='bbox 656 2781 724 2833; x_wconf 83' lang='grc' dir='ltr'><strong>τὰ</strong></span> <span class='ocrx_word' id='word_1_389' title='bbox 751 2782 1081 2852; x_wconf 82' lang='grc' dir='ltr'>ἀνθρώπινα.</span> <span class='ocrx_word' id='word_1_390' title='bbox 1125 2784 1277 2835; x_wconf 85' lang='grc' dir='ltr'>Θέλει</span> <span class='ocrx_word' id='word_1_391' title='bbox 1308 2784 1413 2854; x_wconf 72' lang='grc' dir='ltr'><strong>γὰρ</strong></span> <span class='ocrx_word' id='word_1_392' title='bbox 1459 2787 1548 2838; x_wconf 78' lang='grc' dir='ltr'><strong>καὶ</strong></span> <span class='ocrx_word' id='word_1_393' title='bbox 1578 2788 1789 2857; x_wconf 76' lang='grc' dir='ltr'>ἐνεργεῖ</span> 
     </span>
    </p>
   </div>
   <div class='ocr_carea' id='block_1_49' title="bbox 1794 2778 3441 2857">
    <p class='ocr_par' dir='ltr' id='par_1_49' title="bbox 1888 2778 3441 2850">
     <span class='ocr_line' id='line_1_49' title="bbox 1888 2778 3441 2850; baseline 0.005 -20"><span class='ocrx_word' id='word_1_394' title='bbox 1888 2778 2030 2832; x_wconf 89' lang='lat' dir='ltr'><strong>Deus</strong></span> <span class='ocrx_word' id='word_1_395' title='bbox 2058 2787 2110 2831; x_wconf 89' lang='lat' dir='ltr'><strong>et</strong></span> <span class='ocrx_word' id='word_1_396' title='bbox 2153 2779 2339 2843; x_wconf 89' lang='lat' dir='ltr'><strong>homo,</strong></span> <span class='ocrx_word' id='word_1_397' title='bbox 2383 2779 2523 2832; x_wconf 90' lang='lat' dir='ltr'><strong>idem</strong></span> <span class='ocrx_word' id='word_1_398' title='bbox 2572 2779 2685 2847; x_wconf 85' lang='lat' dir='ltr'><strong>ipse</strong></span> <span class='ocrx_word' id='word_1_399' title='bbox 2731 2779 2946 2833; x_wconf 85' lang='lat' dir='ltr'><strong>volebat</strong></span> <span class='ocrx_word' id='word_1_400' title='bbox 2999 2782 3441 2850; x_wconf 86' lang='lat' dir='ltr'><strong>operabaturque</strong></span> 
     </span>
    </p>
   </div>
   <div class='ocr_carea' id='block_1_50' title="bbox 223 2870 1870 2943">
    <p class='ocr_par' dir='ltr' id='par_1_50' title="bbox 223 2870 1786 2943">
     <span class='ocr_line' id='line_1_50' title="bbox 223 2870 1786 2943; baseline 0.005 -23"><span class='ocrx_word' id='word_1_401' title='bbox 223 2870 493 2937; x_wconf 78' lang='grc' dir='ltr'>ἑκατέρας</span> <span class='ocrx_word' id='word_1_402' title='bbox 533 2872 745 2936; x_wconf 83' lang='grc' dir='ltr'>φύσεως</span> <span class='ocrx_word' id='word_1_403' title='bbox 787 2871 854 2922; x_wconf 74' lang='grc' dir='ltr'>τὰ</span> <span class='ocrx_word' id='word_1_404' title='bbox 901 2871 1006 2923; x_wconf 77' lang='grc' dir='ltr'>ἴδια</span> <span class='ocrx_word' id='word_1_405' title='bbox 1047 2874 1181 2938; x_wconf 73' lang='grc' dir='ltr'>μετὰ</span> <span class='ocrx_word' id='word_1_406' title='bbox 1210 2874 1307 2939; x_wconf 75' lang='grc' dir='ltr'>τῆς</span> <span class='ocrx_word' id='word_1_407' title='bbox 1347 2874 1570 2943; x_wconf 79' lang='grc' dir='ltr'>θατέρου</span> <span class='ocrx_word' id='word_1_408' title='bbox 1602 2893 1786 2929; x_wconf 85' lang='grc' dir='ltr'>κοινω-</span> 
     </span>
    </p>
   </div>
   <div class='ocr_carea' id='block_1_51' title="bbox 1789 2870 3436 2943">
    <p class='ocr_par' dir='ltr' id='par_1_51' title="bbox 1888 2870 3436 2941">
     <span class='ocr_line' id='line_1_51' title="bbox 1888 2870 3436 2941; baseline 0.003 -20"><span class='ocrx_word' id='word_1_409' title='bbox 1888 2870 2144 2934; x_wconf 89' lang='lat' dir='ltr'><strong>humana,</strong></span> <span class='ocrx_word' id='word_1_410' title='bbox 2178 2884 2243 2922; x_wconf 91' lang='lat' dir='ltr'><strong>eo</strong></span> <span class='ocrx_word' id='word_1_411' title='bbox 2271 2870 2415 2938; x_wconf 87' lang='lat' dir='ltr'><strong>quod</strong></span> <span class='ocrx_word' id='word_1_412' title='bbox 2457 2877 2715 2935; x_wconf 87' lang='lat' dir='ltr'><strong>tanquam</strong></span> <span class='ocrx_word' id='word_1_413' title='bbox 2765 2870 2930 2922; x_wconf 89' lang='lat' dir='ltr'><strong>homo</strong></span> <span class='ocrx_word' id='word_1_414' title='bbox 2984 2882 3178 2925; x_wconf 79' lang='lat' dir='ltr'><strong>natura</strong></span> <span class='ocrx_word' id='word_1_415' title='bbox 3213 2888 3436 2941; x_wconf 88' lang='lat' dir='ltr'><strong>compa-</strong></span> 
     </span>
    </p>
   </div>
   <div class='ocr_carea' id='block_1_52' title="bbox 222 2960 1869 3034">
    <p class='ocr_par' dir='ltr' id='par_1_52' title="bbox 222 2961 1786 3034">
     <span class='ocr_line' id='line_1_52' title="bbox 222 2961 1786 3034; baseline 0.006 -25"><span class='ocrx_word' id='word_1_416' title='bbox 222 2961 366 3025; x_wconf 73' lang='grc' dir='ltr'>νίας,</span> <span class='ocrx_word' id='word_1_417' title='bbox 398 2961 496 3030; x_wconf 81' lang='grc' dir='ltr'><strong>τῆς</strong></span> <span class='ocrx_word' id='word_1_418' title='bbox 532 2963 628 3030; x_wconf 82' lang='grc' dir='ltr'>μὲν</span> <span class='ocrx_word' id='word_1_419' title='bbox 664 2962 915 3029; x_wconf 82' lang='grc' dir='ltr'>θεότητος</span> <span class='ocrx_word' id='word_1_420' title='bbox 958 2964 1311 3028; x_wconf 81' lang='grc' dir='ltr'>αὐτεξουσίως</span> <span class='ocrx_word' id='word_1_421' title='bbox 1362 2968 1455 3019; x_wconf 74' lang='grc' dir='ltr'><strong>καὶ</strong></span> <span class='ocrx_word' id='word_1_422' title='bbox 1497 2970 1786 3034; x_wconf 78' lang='grc' dir='ltr'>παντεξου-</span> 
     </span>
    </p>
   </div>
   <div class='ocr_carea' id='block_1_53' title="bbox 1791 2960 3438 3034">
    <p class='ocr_par' dir='ltr' id='par_1_53' title="bbox 1886 2960 3438 3030">
     <span class='ocr_line' id='line_1_53' title="bbox 1886 2960 3438 3030; baseline 0.002 -16"><span class='ocrx_word' id='word_1_423' title='bbox 1886 2970 2039 3014; x_wconf 86' lang='lat' dir='ltr'><strong>ratus</strong></span> <span class='ocrx_word' id='word_1_424' title='bbox 2092 2968 2232 3021; x_wconf 89' lang='lat' dir='ltr'><strong>erat,</strong></span> <span class='ocrx_word' id='word_1_425' title='bbox 2283 2967 2344 3012; x_wconf 91' lang='lat' dir='ltr'><strong>ut</strong></span> <span class='ocrx_word' id='word_1_426' title='bbox 2376 2960 2614 3013; x_wconf 89' lang='lat' dir='ltr'><strong>humana</strong></span> <span class='ocrx_word' id='word_1_427' title='bbox 2656 2960 2812 3014; x_wconf 86' lang='lat' dir='ltr'><strong>vellet</strong></span> <span class='ocrx_word' id='word_1_428' title='bbox 2855 2969 2909 3013; x_wconf 90' lang='lat' dir='ltr'><strong>et</strong></span> <span class='ocrx_word' id='word_1_429' title='bbox 2941 2972 3276 3030; x_wconf 66' lang='lat' dir='ltr'><strong>Oper-aretur.</strong></span> <span class='ocrx_word' id='word_1_430' title='bbox 3313 2962 3438 3017; x_wconf 78' lang='lat' dir='ltr'><strong>Vult</strong></span> 
     </span>
    </p>
   </div>
   <div class='ocr_carea' id='block_1_54' title="bbox 220 3048 1867 3127">
    <p class='ocr_par' dir='ltr' id='par_1_54' title="bbox 220 3050 1787 3127">
     <span class='ocr_line' id='line_1_54' title="bbox 220 3050 1787 3127; baseline 0.005 -25"><span class='ocrx_word' id='word_1_431' title='bbox 220 3050 363 3113; x_wconf 71' lang='grc' dir='ltr'>σίιις</span> <span class='ocrx_word' id='word_1_432' title='bbox 383 3053 470 3103; x_wconf 84' lang='grc' dir='ltr'><strong>διὰ</strong></span> <span class='ocrx_word' id='word_1_433' title='bbox 497 3053 590 3117; x_wconf 84' lang='grc' dir='ltr'>τῆς</span> <span class='ocrx_word' id='word_1_434' title='bbox 632 3052 1043 3124; x_wconf 76' lang='grc' dir='ltr'>ἁνθρωπὸτήτος</span> <span class='ocrx_word' id='word_1_435' title='bbox 1084 3056 1245 3107; x_wconf 71' lang='grc' dir='ltr'>αὑτοῦ</span> <span class='ocrx_word' id='word_1_436' title='bbox 1294 3057 1615 3125; x_wconf 68' lang='grc' dir='ltr'>ἐνεργούσης</span> <span class='ocrx_word' id='word_1_437' title='bbox 1640 3075 1652 3088; x_wconf 86' lang='grc'><strong>·</strong></span> <span class='ocrx_word' id='word_1_438' title='bbox 1692 3060 1787 3127; x_wconf 73' lang='grc' dir='ltr'>τῆς</span> 
     </span>
    </p>
   </div>
   <div class='ocr_carea' id='block_1_55' title="bbox 1789 3048 3436 3127">
    <p class='ocr_par' dir='ltr' id='par_1_55' title="bbox 1888 3048 3436 3123">
     <span class='ocr_line' id='line_1_55' title="bbox 1888 3048 3436 3123; baseline 0.003 -18"><span class='ocrx_word' id='word_1_439' title='bbox 1888 3050 2153 3118; x_wconf 88' lang='lat' dir='ltr'><strong>siquidem</strong></span> <span class='ocrx_word' id='word_1_440' title='bbox 2185 3049 2205 3080; x_wconf 91' lang='grc'><em>³</em></span> <span class='ocrx_word' id='word_1_441' title='bbox 2235 3057 2288 3103; x_wconf 87' lang='lat' dir='ltr'><strong>et</strong></span> <span class='ocrx_word' id='word_1_442' title='bbox 2327 3048 2440 3118; x_wconf 83' lang='lat' dir='ltr'><strong>agit</strong></span> <span class='ocrx_word' id='word_1_443' title='bbox 2473 3064 2597 3119; x_wconf 76' lang='lat' dir='ltr'><strong>qua:</strong></span> <span class='ocrx_word' id='word_1_444' title='bbox 2644 3049 2933 3120; x_wconf 85' lang='lat' dir='ltr'><strong>utriusque</strong></span> <span class='ocrx_word' id='word_1_445' title='bbox 2964 3061 3171 3105; x_wconf 60' lang='lat' dir='ltr'><strong>naturae</strong></span> <span class='ocrx_word' id='word_1_446' title='bbox 3218 3056 3436 3123; x_wconf 87' lang='lat' dir='ltr'><strong>propria</strong></span> 
     </span>
    </p>
   </div>
   <div class='ocr_carea' id='block_1_56' title="bbox 220 3141 1867 3229">
    <p class='ocr_par' dir='ltr' id='par_1_56' title="bbox 220 3141 1853 3229">
     <span class='ocr_line' id='line_1_56' title="bbox 220 3141 1853 3229; baseline 0.006 -37"><span class='ocrx_word' id='word_1_447' title='bbox 220 3142 282 3193; x_wconf 75' lang='grc' dir='ltr'>δὲ</span> <span class='ocrx_word' id='word_1_448' title='bbox 318 3141 731 3212; x_wconf 78' lang='grc' dir='ltr'>ἀνθρωπότήτος</span> <span class='ocrx_word' id='word_1_449' title='bbox 760 3144 1120 3206; x_wconf 75' lang='grc' dir='ltr'>αὐτεξουσίως</span> <span class='ocrx_word' id='word_1_450' title='bbox 1170 3147 1260 3197; x_wconf 78' lang='grc' dir='ltr'><strong>καὶ</strong></span> <span class='ocrx_word' id='word_1_451' title='bbox 1313 3150 1451 3200; x_wconf 78' lang='grc' dir='ltr'>κατὰ</span> <span class='ocrx_word' id='word_1_452' title='bbox 1498 3150 1673 3202; x_wconf 72' lang='grc' dir='ltr'>πάντα</span> <span class='ocrx_word' id='word_1_453' title='bbox 1711 3149 1785 3219; x_wconf 84' lang='grc' dir='ltr'>τῷ</span> <span class='ocrx_word' id='word_1_454' title='bbox 1812 3172 1853 3229; x_wconf 77' lang='lat' dir='ltr'>C</span> 
     </span>
    </p>
   </div>
   <div class='ocr_carea' id='block_1_57' title="bbox 1789 3141 3436 3229">
    <p class='ocr_par' dir='ltr' id='par_1_57' title="bbox 1812 3141 3436 3229">
     <span class='ocr_line' id='line_1_57' title="bbox 1812 3141 3436 3229; baseline 0.001 -32"><span class='ocrx_word' id='word_1_455' title='bbox 1812 3172 1853 3229; x_wconf 63' lang='grc' dir='ltr'><strong>ρ</strong></span> <span class='ocrx_word' id='word_1_456' title='bbox 1887 3151 2014 3197; x_wconf 90' lang='lat' dir='ltr'><strong>sunt</strong></span> <span class='ocrx_word' id='word_1_457' title='bbox 2043 3157 2165 3196; x_wconf 91' lang='lat' dir='ltr'><strong>cum</strong></span> <span class='ocrx_word' id='word_1_458' title='bbox 2212 3141 2438 3195; x_wconf 88' lang='lat' dir='ltr'><strong>alterius</strong></span> <span class='ocrx_word' id='word_1_459' title='bbox 2484 3142 2913 3196; x_wconf 88' lang='lat' dir='ltr'><strong>communione:</strong></span> <span class='ocrx_word' id='word_1_460' title='bbox 2954 3142 3160 3197; x_wconf 86' lang='lat' dir='ltr'><strong>Deitate</strong></span> <span class='ocrx_word' id='word_1_461' title='bbox 3217 3147 3436 3211; x_wconf 78' lang='lat' dir='ltr'><strong>quidem</strong></span> 
     </span>
    </p>
   </div>
   <div class='ocr_carea' id='block_1_58' title="bbox 222 3232 1869 3311">
    <p class='ocr_par' dir='ltr' id='par_1_58' title="bbox 222 3233 1786 3311">
     <span class='ocr_line' id='line_1_58' title="bbox 222 3233 1786 3311; baseline 0.005 -27"><span class='ocrx_word' id='word_1_462' title='bbox 222 3233 539 3304; x_wconf 78' lang='grc' dir='ltr'>Θείῳαύτοῦ</span> <span class='ocrx_word' id='word_1_463' title='bbox 568 3234 831 3302; x_wconf 82' lang='grc' dir='ltr'>θελήματι</span> <span class='ocrx_word' id='word_1_464' title='bbox 860 3237 884 3274; x_wconf 73' lang='grc' dir='ltr'><strong>Β</strong></span> <span class='ocrx_word' id='word_1_465' title='bbox 910 3236 1000 3287; x_wconf 72' lang='grc' dir='ltr'>καὶ</span> <span class='ocrx_word' id='word_1_466' title='bbox 1033 3236 1206 3290; x_wconf 78' lang='grc' dir='ltr'>ταῦτα</span> <span class='ocrx_word' id='word_1_467' title='bbox 1246 3237 1501 3311; x_wconf 77' lang='grc' dir='ltr'>θελούσης</span> <span class='ocrx_word' id='word_1_468' title='bbox 1546 3240 1579 3293; x_wconf 83' lang='grc' dir='ltr'><strong>ἆ</strong></span> <span class='ocrx_word' id='word_1_469' title='bbox 1615 3240 1786 3292; x_wconf 76' lang='grc' dir='ltr'>θέλειν</span> 
     </span>
    </p>
   </div>
   <div class='ocr_carea' id='block_1_59' title="bbox 1788 3232 3435 3311">
    <p class='ocr_par' dir='ltr' id='par_1_59' title="bbox 1888 3232 3435 3311">
     <span class='ocr_line' id='line_1_59' title="bbox 1888 3232 3435 3311; baseline 0.001 -24"><span class='ocrx_word' id='word_1_470' title='bbox 1888 3234 2059 3288; x_wconf 87' lang='lat' dir='ltr'><strong>libera</strong></span> <span class='ocrx_word' id='word_1_471' title='bbox 2106 3232 2576 3311; x_wconf 85' lang='lat' dir='ltr'><strong>omnipotentiquc</strong></span> <span class='ocrx_word' id='word_1_472' title='bbox 2604 3240 2872 3301; x_wconf 88' lang='lat' dir='ltr'><strong>potestate</strong></span> <span class='ocrx_word' id='word_1_473' title='bbox 2909 3248 3005 3302; x_wconf 87' lang='lat' dir='ltr'><strong>per</strong></span> <span class='ocrx_word' id='word_1_474' title='bbox 3037 3234 3435 3289; x_wconf 76' lang='lat' dir='ltr'><strong>humanitatem</strong></span> 
     </span>
    </p>
   </div>
   <div class='ocr_carea' id='block_1_60' title="bbox 221 3308 1868 3399">
    <p class='ocr_par' dir='ltr' id='par_1_60' title="bbox 221 3308 1787 3399">
     <span class='ocr_line' id='line_1_60' title="bbox 221 3308 1787 3399; baseline 0.006 -25"><span class='ocrx_word' id='word_1_475' title='bbox 221 3323 397 3392; x_wconf 80' lang='grc' dir='ltr'>αὐτὴν</span> <span class='ocrx_word' id='word_1_476' title='bbox 443 3325 475 3393; x_wconf 80' lang='grc' dir='ltr'>ἡ</span> <span class='ocrx_word' id='word_1_477' title='bbox 514 3324 631 3376; x_wconf 76' lang='grc' dir='ltr'>θεία</span> <span class='ocrx_word' id='word_1_478' title='bbox 681 3324 897 3393; x_wconf 84' lang='grc' dir='ltr'>θέλησις</span> <span class='ocrx_word' id='word_1_479' title='bbox 931 3325 1095 3387; x_wconf 79' lang='grc' dir='ltr'>θέλει,</span> <span class='ocrx_word' id='word_1_480' title='bbox 1149 3327 1234 3380; x_wconf 82' lang='grc' dir='ltr'><strong>διὰ</strong></span> <span class='ocrx_word' id='word_1_481' title='bbox 1274 3329 1333 3380; x_wconf 77' lang='grc' dir='ltr'>τὸ</span> <span class='ocrx_word' id='word_1_482' title='bbox 1384 3308 1664 3397; x_wconf 73' lang='grc' dir='ltr'>μοναδικὸν</span> <span class='ocrx_word' id='word_1_483' title='bbox 1691 3331 1787 3399; x_wconf 86' lang='grc' dir='ltr'>τῆς</span> 
     </span>
    </p>
   </div>
   <div class='ocr_carea' id='block_1_61' title="bbox 1791 3308 3438 3399">
    <p class='ocr_par' dir='ltr' id='par_1_61' title="bbox 1887 3308 3438 3396">
     <span class='ocr_line' id='line_1_61' title="bbox 1887 3308 3438 3396; baseline 0 -15"><span class='ocrx_word' id='word_1_484' title='bbox 1887 3335 2178 3396; x_wconf 87' lang='lat' dir='ltr'><strong>operante,</strong></span> <span class='ocrx_word' id='word_1_485' title='bbox 2222 3308 2563 3379; x_wconf 86' lang='lat' dir='ltr'><strong>humanitate</strong></span> <span class='ocrx_word' id='word_1_486' title='bbox 2612 3335 2789 3379; x_wconf 87' lang='lat' dir='ltr'><strong>autem</strong></span> <span class='ocrx_word' id='word_1_487' title='bbox 2835 3326 3004 3381; x_wconf 83' lang='lat' dir='ltr'><strong>libere</strong></span> <span class='ocrx_word' id='word_1_488' title='bbox 3035 3335 3088 3379; x_wconf 89' lang='lat' dir='ltr'><strong>et</strong></span> <span class='ocrx_word' id='word_1_489' title='bbox 3134 3343 3224 3395; x_wconf 88' lang='lat' dir='ltr'><strong>per</strong></span> <span class='ocrx_word' id='word_1_490' title='bbox 3258 3331 3438 3381; x_wconf 86' lang='lat' dir='ltr'><strong>omnia</strong></span> 
     </span>
    </p>
   </div>
   <div class='ocr_carea' id='block_1_62' title="bbox 225 3413 1872 3490">
    <p class='ocr_par' dir='ltr' id='par_1_62' title="bbox 225 3413 1787 3490">
     <span class='ocr_line' id='line_1_62' title="bbox 225 3413 1787 3490; baseline 0.007 -27"><span class='ocrx_word' id='word_1_491' title='bbox 225 3414 599 3476; x_wconf 81' lang='grc' dir='ltr'>ὑποστάσεως.</span> <span class='ocrx_word' id='word_1_492' title='bbox 656 3416 777 3467; x_wconf 85' lang='grc' dir='ltr'>Ὅτι</span> <span class='ocrx_word' id='word_1_493' title='bbox 810 3417 866 3468; x_wconf 85' lang='grc' dir='ltr'><strong>δὲ</strong></span> <span class='ocrx_word' id='word_1_494' title='bbox 902 3413 981 3478; x_wconf 77' lang='grc' dir='ltr'>εἷς</span> <span class='ocrx_word' id='word_1_495' title='bbox 1009 3419 1154 3469; x_wconf 79' lang='grc' dir='ltr'>ἐστιν</span> <span class='ocrx_word' id='word_1_496' title='bbox 1204 3421 1229 3469; x_wconf 82' lang='lat'><strong>6</strong></span> <span class='ocrx_word' id='word_1_497' title='bbox 1273 3421 1501 3489; x_wconf 71' lang='grc' dir='ltr'>Χριστος</span> <span class='ocrx_word' id='word_1_498' title='bbox 1555 3425 1646 3474; x_wconf 71' lang='grc' dir='ltr'>καὶ</span> <span class='ocrx_word' id='word_1_499' title='bbox 1692 3424 1787 3490; x_wconf 79' lang='grc' dir='ltr'><strong>μία</strong></span> 
     </span>
    </p>
   </div>
   <div class='ocr_carea' id='block_1_63' title="bbox 1790 3413 3437 3490">
    <p class='ocr_par' dir='ltr' id='par_1_63' title="bbox 1887 3418 3437 3486">
     <span class='ocr_line' id='line_1_63' title="bbox 1887 3418 3437 3486; baseline 0.001 -14"><span class='ocrx_word' id='word_1_500' title='bbox 1887 3420 2083 3473; x_wconf 78' lang='lat' dir='ltr'><strong>divinae</strong></span> <span class='ocrx_word' id='word_1_501' title='bbox 2111 3418 2231 3486; x_wconf 86' lang='lat' dir='ltr'><strong>ejus</strong></span> <span class='ocrx_word' id='word_1_502' title='bbox 2267 3418 2538 3471; x_wconf 89' lang='lat' dir='ltr'><strong>voluntati</strong></span> <span class='ocrx_word' id='word_1_503' title='bbox 2568 3418 2973 3473; x_wconf 88' lang='lat' dir='ltr'><strong>obsecundante</strong></span> <span class='ocrx_word' id='word_1_504' title='bbox 3018 3427 3071 3471; x_wconf 85' lang='lat' dir='ltr'><strong>et</strong></span> <span class='ocrx_word' id='word_1_505' title='bbox 3097 3433 3159 3472; x_wconf 90' lang='lat' dir='ltr'><strong>ea</strong></span> <span class='ocrx_word' id='word_1_506' title='bbox 3201 3420 3437 3480; x_wconf 80' lang='lat' dir='ltr'><strong>volente.</strong></span> 
     </span>
    </p>
   </div>
   <div class='ocr_carea' id='block_1_64' title="bbox 222 3503 1869 3580">
    <p class='ocr_par' dir='ltr' id='par_1_64' title="bbox 222 3503 1787 3580">
     <span class='ocr_line' id='line_1_64' title="bbox 222 3503 1787 3580; baseline 0.007 -27"><span class='ocrx_word' id='word_1_507' title='bbox 222 3503 519 3566; x_wconf 68' lang='grc' dir='ltr'>ὑπόστασις</span> <span class='ocrx_word' id='word_1_508' title='bbox 545 3504 723 3572; x_wconf 82' lang='grc' dir='ltr'>δῆλον.</span> <span class='ocrx_word' id='word_1_509' title='bbox 759 3506 967 3576; x_wconf 78' lang='grc' dir='ltr'>Ἐρωτᾷ</span> <span class='ocrx_word' id='word_1_510' title='bbox 1009 3508 1115 3577; x_wconf 78' lang='grc' dir='ltr'><strong>γὰρ</strong></span> <span class='ocrx_word' id='word_1_511' title='bbox 1160 3510 1315 3572; x_wconf 76' lang='grc' dir='ltr'>αὑτός</span> <span class='ocrx_word' id='word_1_512' title='bbox 1340 3525 1351 3537; x_wconf 92' lang='grc'><strong>·</strong></span> <span class='ocrx_word' id='word_1_513' title='bbox 1393 3530 1409 3560; x_wconf 81' lang='grc' dir='ltr'><strong>ι</strong></span> <span class='ocrx_word' id='word_1_514' title='bbox 1445 3513 1576 3564; x_wconf 80' lang='grc' dir='ltr'>Τίνα</span> <span class='ocrx_word' id='word_1_515' title='bbox 1608 3530 1672 3580; x_wconf 85' lang='grc' dir='ltr'><strong>με</strong></span> <span class='ocrx_word' id='word_1_516' title='bbox 1703 3513 1787 3564; x_wconf 76' lang='grc' dir='ltr'>λέο</span> 
     </span>
    </p>
   </div>
   <div class='ocr_carea' id='block_1_65' title="bbox 1791 3503 3438 3580">
    <p class='ocr_par' dir='ltr' id='par_1_65' title="bbox 1886 3507 3438 3578">
     <span class='ocr_line' id='line_1_65' title="bbox 1886 3507 3438 3578; baseline 0 -18"><span class='ocrx_word' id='word_1_517' title='bbox 1886 3524 2007 3578; x_wconf 76' lang='lat' dir='ltr'><strong>qua:</strong></span> <span class='ocrx_word' id='word_1_518' title='bbox 2039 3509 2225 3561; x_wconf 89' lang='lat' dir='ltr'><strong>divina</strong></span> <span class='ocrx_word' id='word_1_519' title='bbox 2274 3507 2531 3561; x_wconf 89' lang='lat' dir='ltr'><strong>voluntas</strong></span> <span class='ocrx_word' id='word_1_520' title='bbox 2564 3522 2679 3561; x_wconf 89' lang='lat' dir='ltr'><strong>eam</strong></span> <span class='ocrx_word' id='word_1_521' title='bbox 2714 3508 2854 3562; x_wconf 89' lang='lat' dir='ltr'><strong>velle</strong></span> <span class='ocrx_word' id='word_1_522' title='bbox 2901 3509 3016 3560; x_wconf 92' lang='lat' dir='ltr'><strong>vult</strong></span> <span class='ocrx_word' id='word_1_523' title='bbox 3068 3518 3292 3577; x_wconf 84' lang='lat' dir='ltr'><strong>propter</strong></span> <span class='ocrx_word' id='word_1_524' title='bbox 3322 3510 3438 3561; x_wconf 86' lang='lat' dir='ltr'><strong>uni-</strong></span> 
     </span>
    </p>
   </div>
   <div class='ocr_carea' id='block_1_66' title="bbox 221 3589 1868 3667">
    <p class='ocr_par' dir='ltr' id='par_1_66' title="bbox 221 3589 1780 3667">
     <span class='ocr_line' id='line_1_66' title="bbox 221 3589 1780 3667; baseline 0.009 -28"><span class='ocrx_word' id='word_1_525' title='bbox 221 3607 414 3655; x_wconf 80' lang='grc' dir='ltr'><strong>⁴γουσιν</strong></span> <span class='ocrx_word' id='word_1_526' title='bbox 438 3592 485 3643; x_wconf 78' lang='grc' dir='ltr'>οἱ</span> <span class='ocrx_word' id='word_1_527' title='bbox 529 3592 803 3661; x_wconf 80' lang='grc' dir='ltr'>ἄνθρωποι</span> <span class='ocrx_word' id='word_1_528' title='bbox 842 3589 979 3649; x_wconf 71' lang='grc' dir='ltr'>εἶναι</span> <span class='ocrx_word' id='word_1_529' title='bbox 1006 3596 1098 3647; x_wconf 86' lang='grc' dir='ltr'><strong>τὸν</strong></span> <span class='ocrx_word' id='word_1_530' title='bbox 1126 3598 1249 3649; x_wconf 77' lang='grc' dir='ltr'>Υἱὸν</span> <span class='ocrx_word' id='word_1_531' title='bbox 1278 3599 1369 3650; x_wconf 76' lang='grc' dir='ltr'>τοῦ</span> <span class='ocrx_word' id='word_1_532' title='bbox 1402 3599 1719 3667; x_wconf 75' lang='grc' dir='ltr'>ἀνθρώπου;</span> <span class='ocrx_word' id='word_1_533' title='bbox 1763 3621 1780 3653; x_wconf 69' lang='grc' dir='ltr'><strong>ι</strong></span> 
     </span>
    </p>
   </div>
   <div class='ocr_carea' id='block_1_67' title="bbox 1791 3589 3438 3667">
    <p class='ocr_par' dir='ltr' id='par_1_67' title="bbox 1888 3596 3438 3667">
     <span class='ocr_line' id='line_1_67' title="bbox 1888 3596 3438 3667; baseline 0.001 -16"><span class='ocrx_word' id='word_1_534' title='bbox 1888 3608 2050 3653; x_wconf 89' lang='lat' dir='ltr'><strong>tatem</strong></span> <span class='ocrx_word' id='word_1_535' title='bbox 2103 3612 2371 3667; x_wconf 73' lang='lat' dir='ltr'><strong>personre.</strong></span> <span class='ocrx_word' id='word_1_536' title='bbox 2418 3596 2571 3662; x_wconf 87' lang='lat' dir='ltr'><strong>Quod</strong></span> <span class='ocrx_word' id='word_1_537' title='bbox 2614 3608 2792 3651; x_wconf 90' lang='lat' dir='ltr'><strong>autem</strong></span> <span class='ocrx_word' id='word_1_538' title='bbox 2847 3598 3101 3653; x_wconf 85' lang='lat' dir='ltr'><strong>Christus</strong></span> <span class='ocrx_word' id='word_1_539' title='bbox 3149 3614 3289 3653; x_wconf 90' lang='lat' dir='ltr'><strong>unus</strong></span> <span class='ocrx_word' id='word_1_540' title='bbox 3332 3609 3438 3659; x_wconf 73' lang='lat' dir='ltr'><strong>est,</strong></span> 
     </span>
    </p>
   </div>
   <div class='ocr_carea' id='block_1_68' title="bbox 224 3679 1871 3759">
    <p class='ocr_par' dir='ltr' id='par_1_68' title="bbox 224 3679 1782 3758">
     <span class='ocr_line' id='line_1_68' title="bbox 224 3679 1782 3758; baseline 0.009 -28"><span class='ocrx_word' id='word_1_541' title='bbox 224 3679 339 3731; x_wconf 81' lang='grc' dir='ltr'><strong>Καί</strong></span> <span class='ocrx_word' id='word_1_542' title='bbox 368 3698 529 3748; x_wconf 82' lang='grc' dir='ltr'>φασιν</span> <span class='ocrx_word' id='word_1_543' title='bbox 559 3684 605 3734; x_wconf 85' lang='grc' dir='ltr'>οἱ</span> <span class='ocrx_word' id='word_1_544' title='bbox 639 3683 912 3753; x_wconf 82' lang='grc' dir='ltr'>μαθηταί·</span> <span class='ocrx_word' id='word_1_545' title='bbox 939 3701 956 3735; x_wconf 74' lang='grc' dir='ltr'><strong>ι</strong></span> <span class='ocrx_word' id='word_1_546' title='bbox 983 3685 1045 3739; x_wconf 90' lang='lat' dir='ltr'><strong>Ol</strong></span> <span class='ocrx_word' id='word_1_547' title='bbox 1080 3687 1176 3755; x_wconf 87' lang='grc' dir='ltr'><strong>μὲν</strong></span> <span class='ocrx_word' id='word_1_548' title='bbox 1204 3689 1450 3758; x_wconf 74' lang='grc' dir='ltr'>Ἰωάννην</span> <span class='ocrx_word' id='word_1_549' title='bbox 1478 3693 1565 3743; x_wconf 74' lang='grc' dir='ltr'><strong>τὸν</strong></span> <span class='ocrx_word' id='word_1_550' title='bbox 1590 3691 1782 3744; x_wconf 68' lang='lat' dir='ltr'><strong>Banti-</strong></span> 
     </span>
    </p>
   </div>
   <div class='ocr_carea' id='block_1_69' title="bbox 1787 3679 3434 3759">
    <p class='ocr_par' dir='ltr' id='par_1_69' title="bbox 1887 3687 3434 3759">
     <span class='ocr_line' id='line_1_69' title="bbox 1887 3687 3434 3759; baseline 0 -18"><span class='ocrx_word' id='word_1_551' title='bbox 1887 3703 2107 3759; x_wconf 87' lang='lat' dir='ltr'><strong>unaque</strong></span> <span class='ocrx_word' id='word_1_552' title='bbox 2138 3703 2372 3755; x_wconf 81' lang='lat' dir='ltr'><strong>persona</strong></span> <span class='ocrx_word' id='word_1_553' title='bbox 2415 3698 2468 3741; x_wconf 90' lang='lat' dir='ltr'><strong>et</strong></span> <span class='ocrx_word' id='word_1_554' title='bbox 2519 3689 2860 3756; x_wconf 89' lang='lat' dir='ltr'><strong>hypostasis,</strong></span> <span class='ocrx_word' id='word_1_555' title='bbox 2918 3687 3272 3741; x_wconf 85' lang='lat' dir='ltr'><strong>manifestum</strong></span> <span class='ocrx_word' id='word_1_556' title='bbox 3333 3698 3434 3741; x_wconf 82' lang='lat' dir='ltr'><strong>est.</strong></span> 
     </span>
    </p>
   </div>
   <div class='ocr_carea' id='block_1_70' title="bbox 223 3772 1870 3851">
    <p class='ocr_par' dir='ltr' id='par_1_70' title="bbox 223 3772 1783 3851">
     <span class='ocr_line' id='line_1_70' title="bbox 223 3772 1783 3851; baseline 0.008 -29"><span class='ocrx_word' id='word_1_557' title='bbox 223 3772 382 3842; x_wconf 74' lang='grc' dir='ltr'>στῆν,</span> <span class='ocrx_word' id='word_1_558' title='bbox 413 3774 560 3828; x_wconf 82' lang='grc' dir='ltr'>ἄλλοι</span> <span class='ocrx_word' id='word_1_559' title='bbox 606 3776 662 3828; x_wconf 89' lang='grc' dir='ltr'><strong>δὲ</strong></span> <span class='ocrx_word' id='word_1_560' title='bbox 699 3774 907 3839; x_wconf 70' lang='grc' dir='ltr'>Ἠλίαν,</span> <span class='ocrx_word' id='word_1_561' title='bbox 943 3779 1119 3849; x_wconf 72' lang='grc' dir='ltr'>ἕτεροι</span> <span class='ocrx_word' id='word_1_562' title='bbox 1171 3779 1226 3831; x_wconf 82' lang='grc' dir='ltr'><strong>δὲ</strong></span> <span class='ocrx_word' id='word_1_563' title='bbox 1272 3780 1537 3850; x_wconf 76' lang='grc' dir='ltr'>Ἱερεμίαν</span> <span class='ocrx_word' id='word_1_564' title='bbox 1563 3821 1576 3844; x_wconf 95' lang='grc'><strong>,</strong></span> <span class='ocrx_word' id='word_1_565' title='bbox 1617 3783 1649 3851; x_wconf 84' lang='grc' dir='ltr'>ἢ</span> <span class='ocrx_word' id='word_1_566' title='bbox 1691 3783 1783 3834; x_wconf 85' lang='grc' dir='ltr'>’ένα</span> 
     </span>
    </p>
   </div>
   <div class='ocr_carea' id='block_1_71' title="bbox 1793 3772 3440 3851">
    <p class='ocr_par' dir='ltr' id='par_1_71' title="bbox 1887 3780 3440 3851">
     <span class='ocr_line' id='line_1_71' title="bbox 1887 3780 3440 3851; baseline -0.002 -17"><span class='ocrx_word' id='word_1_567' title='bbox 1887 3782 2001 3851; x_wconf 88' lang='lat' dir='ltr'><strong>Ipse</strong></span> <span class='ocrx_word' id='word_1_568' title='bbox 2040 3782 2306 3851; x_wconf 83' lang='lat' dir='ltr'><strong>siquidem</strong></span> <span class='ocrx_word' id='word_1_569' title='bbox 2344 3782 2645 3850; x_wconf 79' lang='lat' dir='ltr'><strong>interrogat</strong></span> <span class='ocrx_word' id='word_1_570' title='bbox 2684 3800 2696 3835; x_wconf 91' lang='lat'>:</span> <span class='ocrx_word' id='word_1_571' title='bbox 2733 3800 2752 3833; x_wconf 75' lang='grc' dir='ltr'><strong>ι</strong></span> <span class='ocrx_word' id='word_1_572' title='bbox 2803 3780 2971 3845; x_wconf 82' lang='lat' dir='ltr'><strong>Quem</strong></span> <span class='ocrx_word' id='word_1_573' title='bbox 3010 3797 3093 3835; x_wconf 89' lang='lat' dir='ltr'><strong>me</strong></span> <span class='ocrx_word' id='word_1_574' title='bbox 3123 3782 3314 3835; x_wconf 79' lang='lat' dir='ltr'><strong>dicunt</strong></span> <span class='ocrx_word' id='word_1_575' title='bbox 3343 3781 3440 3832; x_wconf 88' lang='lat' dir='ltr'><strong>ho-</strong></span> 
     </span>
    </p>
   </div>
   <div class='ocr_carea' id='block_1_72' title="bbox 220 3861 1867 3941">
    <p class='ocr_par' dir='ltr' id='par_1_72' title="bbox 220 3861 1782 3938">
     <span class='ocr_line' id='line_1_72' title="bbox 220 3861 1782 3938; baseline 0.007 -25"><span class='ocrx_word' id='word_1_576' title='bbox 220 3861 335 3913; x_wconf 84' lang='grc' dir='ltr'>τῶν</span> <span class='ocrx_word' id='word_1_577' title='bbox 388 3864 695 3934; x_wconf 74' lang='grc' dir='ltr'>προφητῶν.</span> <span class='ocrx_word' id='word_1_578' title='bbox 756 3866 941 3934; x_wconf 83' lang='grc' dir='ltr'>Ὑμεῖς</span> <span class='ocrx_word' id='word_1_579' title='bbox 985 3868 1061 3929; x_wconf 79' lang='grc' dir='ltr'><strong>δὲ,</strong></span> <span class='ocrx_word' id='word_1_580' title='bbox 1119 3868 1236 3920; x_wconf 82' lang='grc' dir='ltr'>τίνα</span> <span class='ocrx_word' id='word_1_581' title='bbox 1280 3886 1345 3937; x_wconf 83' lang='grc' dir='ltr'>με</span> <span class='ocrx_word' id='word_1_582' title='bbox 1398 3871 1578 3938; x_wconf 79' lang='grc' dir='ltr'>λέγετε</span> <span class='ocrx_word' id='word_1_583' title='bbox 1611 3868 1782 3937; x_wconf 83' lang='grc' dir='ltr'>εἴναι;</span> 
     </span>
    </p>
   </div>
   <div class='ocr_carea' id='block_1_73' title="bbox 1788 3861 3435 3941">
    <p class='ocr_par' dir='ltr' id='par_1_73' title="bbox 1887 3872 3435 3941">
     <span class='ocr_line' id='line_1_73' title="bbox 1887 3872 3435 3941; baseline -0.004 -13"><span class='ocrx_word' id='word_1_584' title='bbox 1887 3875 2059 3928; x_wconf 81' lang='lat' dir='ltr'><strong>mines</strong></span> <span class='ocrx_word' id='word_1_585' title='bbox 2104 3889 2226 3927; x_wconf 80' lang='lat' dir='ltr'><strong>esse</strong></span> <span class='ocrx_word' id='word_1_586' title='bbox 2256 3873 2451 3926; x_wconf 84' lang='lat' dir='ltr'><strong>Filium</strong></span> <span class='ocrx_word' id='word_1_587' title='bbox 2496 3873 2771 3926; x_wconf 88' lang='lat' dir='ltr'><strong>hominis?</strong></span> <span class='ocrx_word' id='word_1_588' title='bbox 2802 3892 2818 3923; x_wconf 74' lang='grc' dir='ltr'><strong>ι</strong></span> <span class='ocrx_word' id='word_1_589' title='bbox 2861 3874 3120 3941; x_wconf 87' lang='lat' dir='ltr'><strong>aiuntque</strong></span> <span class='ocrx_word' id='word_1_590' title='bbox 3139 3872 3391 3939; x_wconf 85' lang='lat' dir='ltr'><strong>discipuli</strong></span> <span class='ocrx_word' id='word_1_591' title='bbox 3426 3893 3435 3922; x_wconf 90' lang='lat'><em>:</em></span> 
     </span>
    </p>
   </div>
   <div class='ocr_carea' id='block_1_74' title="bbox 236 3951 1883 4033">
    <p class='ocr_par' dir='ltr' id='par_1_74' title="bbox 236 3951 1784 4030">
     <span class='ocr_line' id='line_1_74' title="bbox 236 3951 1784 4030; baseline 0.005 -25"><span class='ocrx_word' id='word_1_592' title='bbox 236 3951 578 4023; x_wconf 74' lang='grc' dir='ltr'>Ἀποκριθεὶς</span> <span class='ocrx_word' id='word_1_593' title='bbox 630 3956 687 4007; x_wconf 79' lang='grc' dir='ltr'><strong>δὲ</strong></span> <span class='ocrx_word' id='word_1_594' title='bbox 736 3958 763 4007; x_wconf 89' lang='lat'><strong>6</strong></span> <span class='ocrx_word' id='word_1_595' title='bbox 797 3957 999 4026; x_wconf 79' lang='grc' dir='ltr'>Πέτρος</span> <span class='ocrx_word' id='word_1_596' title='bbox 1043 3954 1193 4010; x_wconf 71' lang='grc' dir='ltr'>εἴπεο</span> <span class='ocrx_word' id='word_1_597' title='bbox 1230 3959 1298 4012; x_wconf 75' lang='grc' dir='ltr'><strong>Σὺ</strong></span> <span class='ocrx_word' id='word_1_598' title='bbox 1344 3956 1393 4011; x_wconf 82' lang='grc' dir='ltr'>εἶ</span> <span class='ocrx_word' id='word_1_599' title='bbox 1422 3960 1448 4010; x_wconf 86' lang='grc' dir='ltr'><em>ὁ</em></span> <span class='ocrx_word' id='word_1_600' title='bbox 1501 3962 1730 4030; x_wconf 77' lang='grc' dir='ltr'>Χριστὸς</span> <span class='ocrx_word' id='word_1_601' title='bbox 1756 3963 1784 4013; x_wconf 91' lang='lat'><strong>6</strong></span> 
     </span>
    </p>
   </div>
   <div class='ocr_carea' id='block_1_75' title="bbox 1790 3951 3437 4033">
    <p class='ocr_par' dir='ltr' id='par_1_75' title="bbox 1893 3962 3437 4033">
     <span class='ocr_line' id='line_1_75' title="bbox 1893 3962 3437 4033; baseline -0.002 -18"><span class='ocrx_word' id='word_1_602' title='bbox 1893 3986 1909 4015; x_wconf 77' lang='grc' dir='ltr'><strong>ι</strong></span> <span class='ocrx_word' id='word_1_603' title='bbox 1967 3964 2070 4018; x_wconf 84' lang='lat' dir='ltr'><strong>Alii</strong></span> <span class='ocrx_word' id='word_1_604' title='bbox 2124 3964 2343 4033; x_wconf 85' lang='lat' dir='ltr'><strong>quidem</strong></span> <span class='ocrx_word' id='word_1_605' title='bbox 2383 3962 2651 4017; x_wconf 79' lang='lat' dir='ltr'><strong>Joannem</strong></span> <span class='ocrx_word' id='word_1_606' title='bbox 2718 3962 3053 4030; x_wconf 81' lang='lat' dir='ltr'><strong>Daptistam,</strong></span> <span class='ocrx_word' id='word_1_607' title='bbox 3104 3962 3194 4015; x_wconf 90' lang='lat' dir='ltr'><strong>alii</strong></span> <span class='ocrx_word' id='word_1_608' title='bbox 3258 3974 3437 4014; x_wconf 84' lang='lat' dir='ltr'><strong>autem</strong></span> 
     </span>
    </p>
   </div>
   <div class='ocr_carea' id='block_1_76' title="bbox 226 4043 1873 4123">
    <p class='ocr_par' dir='ltr' id='par_1_76' title="bbox 226 4043 1784 4119">
     <span class='ocr_line' id='line_1_76' title="bbox 226 4043 1784 4119; baseline 0.006 -23"><span class='ocrx_word' id='word_1_609' title='bbox 226 4043 356 4106; x_wconf 76' lang='grc' dir='ltr'>Υἱὸς</span> <span class='ocrx_word' id='word_1_610' title='bbox 378 4044 471 4096; x_wconf 79' lang='grc' dir='ltr'><strong>τού</strong></span> <span class='ocrx_word' id='word_1_611' title='bbox 499 4045 631 4097; x_wconf 77' lang='grc' dir='ltr'>Θεοῦ</span> <span class='ocrx_word' id='word_1_612' title='bbox 671 4046 763 4099; x_wconf 78' lang='grc' dir='ltr'>τοῦ</span> <span class='ocrx_word' id='word_1_613' title='bbox 804 4047 1023 4111; x_wconf 82' lang='grc' dir='ltr'>ζῶντος.</span> <span class='ocrx_word' id='word_1_614' title='bbox 1078 4067 1095 4099; x_wconf 79' lang='grc'>›</span> <span class='ocrx_word' id='word_1_615' title='bbox 1131 4049 1255 4101; x_wconf 75' lang='grc' dir='ltr'>Υἰον</span> <span class='ocrx_word' id='word_1_616' title='bbox 1289 4050 1571 4119; x_wconf 81' lang='grc' dir='ltr'>ἀνθρώπου</span> <span class='ocrx_word' id='word_1_617' title='bbox 1622 4052 1784 4105; x_wconf 63' lang='grc' dir='ltr'>αὑτὸν</span> 
     </span>
    </p>
   </div>
   <div class='ocr_carea' id='block_1_77' title="bbox 1793 4043 3440 4123">
    <p class='ocr_par' dir='ltr' id='par_1_77' title="bbox 1886 4054 3440 4123">
     <span class='ocr_line' id='line_1_77' title="bbox 1886 4054 3440 4123; baseline -0.006 -14"><span class='ocrx_word' id='word_1_618' title='bbox 1886 4057 2077 4117; x_wconf 81' lang='lat' dir='ltr'><strong>Eliam,</strong></span> <span class='ocrx_word' id='word_1_619' title='bbox 2120 4056 2209 4109; x_wconf 90' lang='lat' dir='ltr'><strong>alii</strong></span> <span class='ocrx_word' id='word_1_620' title='bbox 2255 4069 2386 4109; x_wconf 87' lang='lat' dir='ltr'><strong>vero</strong></span> <span class='ocrx_word' id='word_1_621' title='bbox 2431 4054 2745 4119; x_wconf 87' lang='lat' dir='ltr'><strong>Jeremiam,</strong></span> <span class='ocrx_word' id='word_1_622' title='bbox 2778 4062 2871 4107; x_wconf 84' lang='lat' dir='ltr'><strong>aut</strong></span> <span class='ocrx_word' id='word_1_623' title='bbox 2904 4070 3072 4107; x_wconf 91' lang='lat' dir='ltr'><strong>unum</strong></span> <span class='ocrx_word' id='word_1_624' title='bbox 3107 4070 3167 4107; x_wconf 80' lang='lat' dir='ltr'><strong>ex</strong></span> <span class='ocrx_word' id='word_1_625' title='bbox 3204 4055 3440 4123; x_wconf 78' lang='lat' dir='ltr'><strong>prophe—</strong></span> 
     </span>
    </p>
   </div>
   <div class='ocr_carea' id='block_1_78' title="bbox 218 4136 1865 4213">
    <p class='ocr_par' dir='ltr' id='par_1_78' title="bbox 218 4136 1783 4212">
     <span class='ocr_line' id='line_1_78' title="bbox 218 4136 1783 4212; baseline 0.006 -25"><span class='ocrx_word' id='word_1_626' title='bbox 218 4136 592 4207; x_wconf 83' lang='grc' dir='ltr'>ὡμολόγησεν,</span> <span class='ocrx_word' id='word_1_627' title='bbox 637 4140 664 4190; x_wconf 86' lang='grc' dir='ltr'>ὁ</span> <span class='ocrx_word' id='word_1_628' title='bbox 711 4139 907 4208; x_wconf 74' lang='grc' dir='ltr'>Πέτρος</span> <span class='ocrx_word' id='word_1_629' title='bbox 948 4140 1069 4191; x_wconf 75' lang='grc' dir='ltr'>Υἰὸν</span> <span class='ocrx_word' id='word_1_630' title='bbox 1111 4140 1241 4191; x_wconf 87' lang='grc' dir='ltr'>Θεοῦ</span> <span class='ocrx_word' id='word_1_631' title='bbox 1288 4142 1664 4212; x_wconf 75' lang='grc' dir='ltr'>ἀνηγόρευσεν,</span> <span class='ocrx_word' id='word_1_632' title='bbox 1706 4144 1783 4197; x_wconf 76' lang='grc' dir='ltr'>διὸ</span> 
     </span>
    </p>
   </div>
   <div class='ocr_carea' id='block_1_79' title="bbox 1791 4136 3438 4213">
    <p class='ocr_par' dir='ltr' id='par_1_79' title="bbox 1885 4144 3438 4213">
     <span class='ocr_line' id='line_1_79' title="bbox 1885 4144 3438 4213; baseline 0.001 -16"><span class='ocrx_word' id='word_1_633' title='bbox 1885 4147 1975 4201; x_wconf 90' lang='lat' dir='ltr'><strong>tis.</strong></span> <span class='ocrx_word' id='word_1_634' title='bbox 2006 4144 2119 4213; x_wconf 66' lang='grc' dir='ltr'><strong>νος)</strong></span> <span class='ocrx_word' id='word_1_635' title='bbox 2148 4153 2328 4199; x_wconf 89' lang='lat' dir='ltr'><strong>autem</strong></span> <span class='ocrx_word' id='word_1_636' title='bbox 2356 4157 2517 4213; x_wconf 88' lang='lat' dir='ltr'><strong>quem</strong></span> <span class='ocrx_word' id='word_1_637' title='bbox 2554 4160 2637 4199; x_wconf 87' lang='lat' dir='ltr'><strong>me</strong></span> <span class='ocrx_word' id='word_1_638' title='bbox 2677 4160 2800 4198; x_wconf 87' lang='lat' dir='ltr'><strong>esse</strong></span> <span class='ocrx_word' id='word_1_639' title='bbox 2826 4144 3053 4199; x_wconf 79' lang='lat' dir='ltr'><strong>dicitis?</strong></span> <span class='ocrx_word' id='word_1_640' title='bbox 3085 4145 3438 4211; x_wconf 73' lang='lat' dir='ltr'><strong>lleslmndeus</strong></span> 
     </span>
    </p>
   </div>
   <div class='ocr_carea' id='block_1_80' title="bbox 222 4212 1869 4306">
    <p class='ocr_par' dir='ltr' id='par_1_80' title="bbox 222 4227 1781 4306">
     <span class='ocr_line' id='line_1_80' title="bbox 222 4227 1781 4306; baseline 0.007 -28"><span class='ocrx_word' id='word_1_641' title='bbox 222 4228 326 4279; x_wconf 74' lang='grc' dir='ltr'><strong>καὶ</strong></span> <span class='ocrx_word' id='word_1_642' title='bbox 362 4228 555 4296; x_wconf 73' lang='grc' dir='ltr'>ἢκουσε</span> <span class='ocrx_word' id='word_1_643' title='bbox 581 4246 594 4260; x_wconf 91' lang='grc'><strong>·</strong></span> <span class='ocrx_word' id='word_1_644' title='bbox 641 4232 967 4301; x_wconf 64' lang='grc' dir='ltr'>(Μακάριος</span> <span class='ocrx_word' id='word_1_645' title='bbox 1000 4227 1068 4295; x_wconf 79' lang='grc' dir='ltr'>εἷ,</span> <span class='ocrx_word' id='word_1_646' title='bbox 1110 4233 1290 4301; x_wconf 85' lang='grc' dir='ltr'>Σίμων</span> <span class='ocrx_word' id='word_1_647' title='bbox 1340 4233 1658 4306; x_wconf 78' lang='grc' dir='ltr'>Βαρ-’ῐωνᾶ,</span> <span class='ocrx_word' id='word_1_648' title='bbox 1700 4238 1781 4289; x_wconf 83' lang='grc' dir='ltr'><strong>ὅτι</strong></span> 
     </span>
    </p>
   </div>
   <div class='ocr_carea' id='block_1_81' title="bbox 1793 4212 3440 4306">
    <p class='ocr_par' dir='ltr' id='par_1_81' title="bbox 1885 4212 3440 4289">
     <span class='ocr_line' id='line_1_81' title="bbox 1885 4212 3440 4289; baseline 0 -1"><span class='ocrx_word' id='word_1_649' title='bbox 1885 4212 2062 4289; x_wconf 78' lang='lat' dir='ltr'><strong>autem</strong></span> <span class='ocrx_word' id='word_1_650' title='bbox 2111 4235 2307 4289; x_wconf 86' lang='lat' dir='ltr'><strong>Petrus</strong></span> <span class='ocrx_word' id='word_1_651' title='bbox 2372 4212 2549 4288; x_wconf 74' lang='lat' dir='ltr'><strong>dixit:</strong></span> <span class='ocrx_word' id='word_1_652' title='bbox 2587 4232 2669 4286; x_wconf 89' lang='lat' dir='ltr'><strong>Tu</strong></span> <span class='ocrx_word' id='word_1_653' title='bbox 2710 4249 2768 4288; x_wconf 89' lang='lat' dir='ltr'><strong>es</strong></span> <span class='ocrx_word' id='word_1_654' title='bbox 2813 4234 3068 4288; x_wconf 82' lang='lat' dir='ltr'><strong>Christus</strong></span> <span class='ocrx_word' id='word_1_655' title='bbox 3124 4234 3295 4288; x_wconf 88' lang='lat' dir='ltr'><strong>Filius</strong></span> <span class='ocrx_word' id='word_1_656' title='bbox 3350 4234 3440 4288; x_wconf 61' lang='lat' dir='ltr'><strong>Dei</strong></span> 
     </span>
    </p>
   </div>
   <div class='ocr_carea' id='block_1_82' title="bbox 224 4314 1871 4398">
    <p class='ocr_par' dir='ltr' id='par_1_82' title="bbox 224 4314 1820 4398">
     <span class='ocr_line' id='line_1_82' title="bbox 224 4314 1820 4398; baseline 0.008 -31"><span class='ocrx_word' id='word_1_657' title='bbox 224 4316 366 4384; x_wconf 71' lang='grc' dir='ltr'>σὰρξ</span> <span class='ocrx_word' id='word_1_658' title='bbox 392 4314 485 4369; x_wconf 77' lang='grc' dir='ltr'><strong>καὶ</strong></span> <span class='ocrx_word' id='word_1_659' title='bbox 515 4314 651 4386; x_wconf 78' lang='grc' dir='ltr'>αἷμα</span> <span class='ocrx_word' id='word_1_660' title='bbox 673 4320 771 4372; x_wconf 79' lang='grc' dir='ltr'><strong>οὐκ</strong></span> <span class='ocrx_word' id='word_1_661' title='bbox 800 4321 1113 4390; x_wconf 60' lang='grc' dir='ltr'>ἀπεκάλυψέ</span> <span class='ocrx_word' id='word_1_662' title='bbox 1138 4340 1239 4387; x_wconf 90' lang='grc' dir='ltr'>σοι,</span> <span class='ocrx_word' id='word_1_663' title='bbox 1270 4324 1380 4376; x_wconf 81' lang='grc' dir='ltr'>ἀλλ’</span> <span class='ocrx_word' id='word_1_664' title='bbox 1415 4326 1442 4375; x_wconf 83' lang='lat'><strong>6</strong></span> <span class='ocrx_word' id='word_1_665' title='bbox 1472 4327 1655 4397; x_wconf 84' lang='grc' dir='ltr'>Πατήρ</span> <span class='ocrx_word' id='word_1_666' title='bbox 1682 4347 1779 4398; x_wconf 82' lang='grc' dir='ltr'><strong>μου</strong></span> <span class='ocrx_word' id='word_1_667' title='bbox 1811 4337 1820 4347; x_wconf 88' lang='grc'><strong><em>“</em></strong></span> 
     </span>
    </p>
   </div>
   <div class='ocr_carea' id='block_1_83' title="bbox 1791 4314 3438 4398">
    <p class='ocr_par' dir='ltr' id='par_1_83' title="bbox 1811 4323 3438 4385">
     <span class='ocr_line' id='line_1_83' title="bbox 1811 4323 3438 4385; baseline -0.004 -3"><span class='ocrx_word' id='word_1_668' title='bbox 1811 4337 1820 4347; x_wconf 88' lang='grc'><strong><em>“</em></strong></span> <span class='ocrx_word' id='word_1_669' title='bbox 1883 4328 1989 4382; x_wconf 89' lang='lat' dir='ltr'><strong>vivi</strong></span> <span class='ocrx_word' id='word_1_670' title='bbox 2016 4329 2059 4380; x_wconf 75' lang='grc'><strong>⁵.</strong></span> <span class='ocrx_word' id='word_1_671' title='bbox 2109 4345 2128 4379; x_wconf 72' lang='grc' dir='ltr'><strong>ι</strong></span> <span class='ocrx_word' id='word_1_672' title='bbox 2194 4326 2325 4381; x_wconf 89' lang='lat' dir='ltr'><strong>Sese</strong></span> <span class='ocrx_word' id='word_1_673' title='bbox 2372 4323 2569 4378; x_wconf 85' lang='lat' dir='ltr'><strong>Filiqu</strong></span> <span class='ocrx_word' id='word_1_674' title='bbox 2621 4326 2860 4379; x_wconf 90' lang='lat' dir='ltr'><strong>hominis</strong></span> <span class='ocrx_word' id='word_1_675' title='bbox 2914 4341 3036 4379; x_wconf 91' lang='lat' dir='ltr'><strong>esse</strong></span> <span class='ocrx_word' id='word_1_676' title='bbox 3092 4324 3275 4379; x_wconf 82' lang='lat' dir='ltr'><strong>fassus</strong></span> <span class='ocrx_word' id='word_1_677' title='bbox 3334 4334 3438 4385; x_wconf 75' lang='lat' dir='ltr'><strong>est,</strong></span> 
     </span>
    </p>
   </div>
   <div class='ocr_carea' id='block_1_84' title="bbox 219 4408 1866 4491">
    <p class='ocr_par' dir='ltr' id='par_1_84' title="bbox 219 4408 1780 4491">
     <span class='ocr_line' id='line_1_84' title="bbox 219 4408 1780 4491; baseline 0.01 -33"><span class='ocrx_word' id='word_1_678' title='bbox 219 4409 250 4487; x_wconf 69' lang='lat'><strong>6</strong></span> <span class='ocrx_word' id='word_1_679' title='bbox 282 4410 342 4459; x_wconf 83' lang='grc' dir='ltr'>ἐν</span> <span class='ocrx_word' id='word_1_680' title='bbox 365 4410 629 4479; x_wconf 71' lang='grc' dir='ltr'>οὐρανοῖς.</span> <span class='ocrx_word' id='word_1_681' title='bbox 667 4412 737 4463; x_wconf 77' lang='grc' dir='ltr'>Σὺ</span> <span class='ocrx_word' id='word_1_682' title='bbox 781 4408 826 4464; x_wconf 76' lang='grc' dir='ltr'>εἶ</span> <span class='ocrx_word' id='word_1_683' title='bbox 877 4414 1101 4483; x_wconf 78' lang='grc' dir='ltr'>Πέτρος,</span> <span class='ocrx_word' id='word_1_684' title='bbox 1144 4433 1162 4466; x_wconf 72' lang='grc' dir='ltr'><strong>ι</strong></span> <span class='ocrx_word' id='word_1_685' title='bbox 1202 4418 1293 4468; x_wconf 73' lang='grc' dir='ltr'><strong>καὶ</strong></span> <span class='ocrx_word' id='word_1_686' title='bbox 1336 4418 1428 4469; x_wconf 70' lang='grc' dir='ltr'><strong>ἐπὶ</strong></span> <span class='ocrx_word' id='word_1_687' title='bbox 1455 4420 1655 4488; x_wconf 72' lang='grc' dir='ltr'>ταύτην</span> <span class='ocrx_word' id='word_1_688' title='bbox 1683 4420 1780 4491; x_wconf 81' lang='grc' dir='ltr'>τὴν</span> 
     </span>
    </p>
   </div>
   <div class='ocr_carea' id='block_1_85' title="bbox 1791 4408 3438 4491">
    <p class='ocr_par' dir='ltr' id='par_1_85' title="bbox 1885 4415 3438 4488">
     <span class='ocr_line' id='line_1_85' title="bbox 1885 4415 3438 4488; baseline -0.004 -15"><span class='ocrx_word' id='word_1_689' title='bbox 1885 4420 2065 4488; x_wconf 88' lang='lat' dir='ltr'><strong>ipsmn</strong></span> <span class='ocrx_word' id='word_1_690' title='bbox 2097 4417 2290 4472; x_wconf 88' lang='lat' dir='ltr'><strong>Petrus</strong></span> <span class='ocrx_word' id='word_1_691' title='bbox 2323 4416 2416 4469; x_wconf 90' lang='lat' dir='ltr'><strong>Dei</strong></span> <span class='ocrx_word' id='word_1_692' title='bbox 2456 4415 2654 4469; x_wconf 85' lang='lat' dir='ltr'><strong>Filium</strong></span> <span class='ocrx_word' id='word_1_693' title='bbox 2698 4416 2979 4471; x_wconf 84' lang='lat' dir='ltr'><strong>salutavit.</strong></span> <span class='ocrx_word' id='word_1_694' title='bbox 3031 4415 3242 4469; x_wconf 89' lang='lat' dir='ltr'><strong>Idcirco</strong></span> <span class='ocrx_word' id='word_1_695' title='bbox 3275 4418 3438 4467; x_wconf 84' lang='lat' dir='ltr'><strong>etiam</strong></span> 
     </span>
    </p>
   </div>
   <div class='ocr_carea' id='block_1_86' title="bbox 218 4495 1865 4581">
    <p class='ocr_par' dir='ltr' id='par_1_86' title="bbox 218 4495 1858 4581">
     <span class='ocr_line' id='line_1_86' title="bbox 218 4495 1858 4581; baseline 0.011 -32"><span class='ocrx_word' id='word_1_696' title='bbox 218 4498 430 4568; x_wconf 82' lang='grc' dir='ltr'>πέτραν</span> <span class='ocrx_word' id='word_1_697' title='bbox 461 4503 491 4569; x_wconf 86' lang='grc' dir='ltr'>ἡ</span> <span class='ocrx_word' id='word_1_698' title='bbox 535 4501 827 4571; x_wconf 82' lang='grc' dir='ltr'>Ἐκκλησία</span> <span class='ocrx_word' id='word_1_699' title='bbox 846 4504 1180 4573; x_wconf 82' lang='grc' dir='ltr'>ἐστήρικται,</span> <span class='ocrx_word' id='word_1_700' title='bbox 1215 4528 1230 4557; x_wconf 83' lang='grc' dir='ltr'><strong>ι</strong></span> <span class='ocrx_word' id='word_1_701' title='bbox 1262 4508 1353 4560; x_wconf 73' lang='grc' dir='ltr'><strong>καὶ</strong></span> <span class='ocrx_word' id='word_1_702' title='bbox 1387 4510 1548 4563; x_wconf 80' lang='grc' dir='ltr'>πύλαι</span> <span class='ocrx_word' id='word_1_703' title='bbox 1578 4512 1726 4581; x_wconf 77' lang='grc' dir='ltr'>ᾅδου,</span> <span class='ocrx_word' id='word_1_704' title='bbox 1758 4533 1776 4565; x_wconf 74' lang='grc' dir='ltr'><strong>ι</strong></span> <span class='ocrx_word' id='word_1_705' title='bbox 1816 4495 1858 4550; x_wconf 76' lang='grc' dir='ltr'>ί)</span> 
     </span>
    </p>
   </div>
   <div class='ocr_carea' id='block_1_87' title="bbox 1793 4495 3440 4581">
    <p class='ocr_par' dir='ltr' id='par_1_87' title="bbox 1816 4495 3440 4578">
     <span class='ocr_line' id='line_1_87' title="bbox 1816 4495 3440 4578; baseline -0.005 -13"><span class='ocrx_word' id='word_1_706' title='bbox 1816 4495 1858 4550; x_wconf 78' lang='grc' dir='ltr'>ί)</span> <span class='ocrx_word' id='word_1_707' title='bbox 1886 4511 2131 4565; x_wconf 75' lang='lat' dir='ltr'><strong>audivit:</strong></span> <span class='ocrx_word' id='word_1_708' title='bbox 2168 4528 2185 4560; x_wconf 80' lang='grc' dir='ltr'><strong>ι</strong></span> <span class='ocrx_word' id='word_1_709' title='bbox 2228 4510 2427 4562; x_wconf 82' lang='lat' dir='ltr'><strong>Beatus</strong></span> <span class='ocrx_word' id='word_1_710' title='bbox 2476 4524 2555 4570; x_wconf 88' lang='lat' dir='ltr'><strong>es,</strong></span> <span class='ocrx_word' id='word_1_711' title='bbox 2594 4508 2780 4561; x_wconf 89' lang='lat' dir='ltr'><strong>Simon</strong></span> <span class='ocrx_word' id='word_1_712' title='bbox 2834 4508 3087 4576; x_wconf 86' lang='lat' dir='ltr'><strong>Barjona,</strong></span> <span class='ocrx_word' id='word_1_713' title='bbox 3142 4509 3269 4578; x_wconf 89' lang='lat' dir='ltr'><strong>quia</strong></span> <span class='ocrx_word' id='word_1_714' title='bbox 3315 4521 3440 4561; x_wconf 80' lang='lat' dir='ltr'><strong>eam</strong></span> 
     </span>
    </p>
   </div>
   <div class='ocr_carea' id='block_1_88' title="bbox 217 4588 1864 4669">
    <p class='ocr_par' dir='ltr' id='par_1_88' title="bbox 217 4588 1671 4669">
     <span class='ocr_line' id='line_1_88' title="bbox 217 4588 1671 4669; baseline 0.011 -31"><span class='ocrx_word' id='word_1_715' title='bbox 217 4588 517 4657; x_wconf 75' lang='grc' dir='ltr'>αἱρετικῶν</span> <span class='ocrx_word' id='word_1_716' title='bbox 543 4592 806 4660; x_wconf 76' lang='grc' dir='ltr'>στόματα,</span> <span class='ocrx_word' id='word_1_717' title='bbox 844 4612 861 4644; x_wconf 74' lang='grc' dir='ltr'><strong>ι</strong></span> <span class='ocrx_word' id='word_1_718' title='bbox 893 4595 952 4645; x_wconf 80' lang='grc' dir='ltr'><strong>οὐ</strong></span> <span class='ocrx_word' id='word_1_719' title='bbox 985 4600 1399 4665; x_wconf 82' lang='grc' dir='ltr'>κατισχύσουσιν</span> <span class='ocrx_word' id='word_1_720' title='bbox 1430 4600 1616 4669; x_wconf 63' lang='grc' dir='ltr'>αὐτῆς.</span> <span class='ocrx_word' id='word_1_721' title='bbox 1654 4621 1671 4653; x_wconf 71' lang='grc' dir='ltr'><strong>ι</strong></span> 
     </span>
    </p>
   </div>
   <div class='ocr_carea' id='block_1_89' title="bbox 1789 4588 3436 4669">
    <p class='ocr_par' dir='ltr' id='par_1_89' title="bbox 1887 4597 3436 4669">
     <span class='ocr_line' id='line_1_89' title="bbox 1887 4597 3436 4669; baseline -0.007 -12"><span class='ocrx_word' id='word_1_722' title='bbox 1887 4614 1939 4657; x_wconf 88' lang='lat' dir='ltr'><strong>et</strong></span> <span class='ocrx_word' id='word_1_723' title='bbox 1979 4601 2205 4669; x_wconf 77' lang='lat' dir='ltr'><strong>sanguis</strong></span> <span class='ocrx_word' id='word_1_724' title='bbox 2245 4613 2353 4652; x_wconf 89' lang='lat' dir='ltr'><strong>non</strong></span> <span class='ocrx_word' id='word_1_725' title='bbox 2390 4598 2653 4651; x_wconf 84' lang='lat' dir='ltr'><strong>rcvclavit</strong></span> <span class='ocrx_word' id='word_1_726' title='bbox 2690 4599 2812 4659; x_wconf 86' lang='lat' dir='ltr'><strong>tibi,</strong></span> <span class='ocrx_word' id='word_1_727' title='bbox 2848 4599 2942 4651; x_wconf 90' lang='lat' dir='ltr'><strong>sed</strong></span> <span class='ocrx_word' id='word_1_728' title='bbox 2979 4597 3139 4651; x_wconf 78' lang='lat' dir='ltr'><strong>Pater</strong></span> <span class='ocrx_word' id='word_1_729' title='bbox 3172 4613 3323 4651; x_wconf 83' lang='lat' dir='ltr'><strong>meus</strong></span> <span class='ocrx_word' id='word_1_730' title='bbox 3348 4598 3436 4664; x_wconf 85' lang='lat' dir='ltr'><strong>qui</strong></span> 
     </span>
    </p>
   </div>
   <div class='ocr_carea' id='block_1_90' title="bbox 214 4681 3441 4763">
    <p class='ocr_par' dir='ltr' id='par_1_90' title="bbox 214 4681 3441 4763">
     <span class='ocr_line' id='line_1_90' title="bbox 214 4681 3441 4763; baseline 0.003 -32"><span class='ocrx_word' id='word_1_731' title='bbox 214 4689 309 4732; x_wconf 89' lang='lat' dir='ltr'><strong>cst</strong></span> <span class='ocrx_word' id='word_1_732' title='bbox 348 4682 398 4732; x_wconf 89' lang='lat' dir='ltr'><strong>in</strong></span> <span class='ocrx_word' id='word_1_733' title='bbox 440 4682 615 4735; x_wconf 71' lang='lat' dir='ltr'><strong>emlis.</strong></span> <span class='ocrx_word' id='word_1_734' title='bbox 658 4681 737 4735; x_wconf 86' lang='lat' dir='ltr'><strong>Tu</strong></span> <span class='ocrx_word' id='word_1_735' title='bbox 779 4698 838 4736; x_wconf 92' lang='lat' dir='ltr'><strong>es</strong></span> <span class='ocrx_word' id='word_1_736' title='bbox 877 4682 1088 4750; x_wconf 85' lang='lat' dir='ltr'><strong>Petrus,</strong></span> <span class='ocrx_word' id='word_1_737' title='bbox 1142 4706 1159 4737; x_wconf 74' lang='grc' dir='ltr'><strong>ι</strong></span> <span class='ocrx_word' id='word_1_738' title='bbox 1202 4696 1254 4741; x_wconf 88' lang='lat' dir='ltr'><strong>et</strong></span> <span class='ocrx_word' id='word_1_739' title='bbox 1301 4704 1466 4757; x_wconf 82' lang='lat' dir='ltr'><strong>super</strong></span> <span class='ocrx_word' id='word_1_740' title='bbox 1521 4691 1660 4745; x_wconf 84' lang='lat' dir='ltr'><strong>hanc</strong></span> <span class='ocrx_word' id='word_1_741' title='bbox 1722 4707 1925 4763; x_wconf 87' lang='lat' dir='ltr'><strong>petram</strong></span> <span class='ocrx_word' id='word_1_742' title='bbox 1981 4690 2225 4746; x_wconf 74' lang='lat' dir='ltr'><strong>Ecclesia</strong></span> <span class='ocrx_word' id='word_1_743' title='bbox 2284 4688 2508 4742; x_wconf 77' lang='lat' dir='ltr'><strong>ﬁrmiter</strong></span> <span class='ocrx_word' id='word_1_744' title='bbox 2601 4687 2865 4742; x_wconf 66' lang='lat' dir='ltr'><strong>aediﬁcata</strong></span> <span class='ocrx_word' id='word_1_745' title='bbox 2921 4696 3025 4751; x_wconf 90' lang='lat' dir='ltr'><strong>est,</strong></span> <span class='ocrx_word' id='word_1_746' title='bbox 3094 4708 3111 4739; x_wconf 77' lang='grc' dir='ltr'><strong>ι</strong></span> <span class='ocrx_word' id='word_1_747' title='bbox 3149 4697 3201 4743; x_wconf 90' lang='lat' dir='ltr'><strong>et</strong></span> <span class='ocrx_word' id='word_1_748' title='bbox 3272 4698 3441 4757; x_wconf 75' lang='lat' dir='ltr'><strong>porta;</strong></span> 
     </span>
    </p>
   </div>
   <div class='ocr_carea' id='block_1_91' title="bbox 216 4770 2433 4851">
    <p class='ocr_par' dir='ltr' id='par_1_91' title="bbox 216 4770 2433 4851">
     <span class='ocr_line' id='line_1_91' title="bbox 216 4770 2433 4851; baseline 0.004 -27"><span class='ocrx_word' id='word_1_749' title='bbox 216 4770 410 4832; x_wconf 77' lang='lat' dir='ltr'><strong>inferi,</strong></span> <span class='ocrx_word' id='word_1_750' title='bbox 445 4791 461 4821; x_wconf 75' lang='grc' dir='ltr'><strong>ι</strong></span> <span class='ocrx_word' id='word_1_751' title='bbox 508 4789 602 4825; x_wconf 77' lang='lat' dir='ltr'><strong>era</strong></span> <span class='ocrx_word' id='word_1_752' title='bbox 640 4776 824 4843; x_wconf 88' lang='lat' dir='ltr'><strong>utique</strong></span> <span class='ocrx_word' id='word_1_753' title='bbox 859 4775 1260 4841; x_wconf 65' lang='lat' dir='ltr'><strong>haereticorum,</strong></span> <span class='ocrx_word' id='word_1_754' title='bbox 1314 4798 1330 4828; x_wconf 81' lang='grc' dir='ltr'><strong>ι</strong></span> <span class='ocrx_word' id='word_1_755' title='bbox 1367 4796 1473 4833; x_wconf 84' lang='lat' dir='ltr'><strong>non</strong></span> <span class='ocrx_word' id='word_1_756' title='bbox 1518 4786 1882 4851; x_wconf 68' lang='lat' dir='ltr'><strong>prmvalchunt</strong></span> <span class='ocrx_word' id='word_1_757' title='bbox 1911 4786 2170 4838; x_wconf 80' lang='lat' dir='ltr'><strong>adversus</strong></span> <span class='ocrx_word' id='word_1_758' title='bbox 2204 4781 2380 4834; x_wconf 67' lang='lat' dir='ltr'><strong>eam“.</strong></span> <span class='ocrx_word' id='word_1_759' title='bbox 2416 4798 2433 4828; x_wconf 87' lang='grc'>›</span> 
     </span>
    </p>
   </div>
   <div class='ocr_carea' id='block_1_92' title="bbox 296 4863 1943 4946">
    <p class='ocr_par' dir='ltr' id='par_1_92' title="bbox 296 4863 1780 4946">
     <span class='ocr_line' id='line_1_92' title="bbox 326 4863 1751 4893; baseline 0.001 -12"><span class='ocrx_word' id='word_1_760' title='bbox 326 4870 337 4886; x_wconf 89' lang='grc'><em>.</em></span> <span class='ocrx_word' id='word_1_761' title='bbox 392 4864 413 4881; x_wconf 69' lang='grc' dir='ltr'><strong>,ρ</strong></span> <span class='ocrx_word' id='word_1_762' title='bbox 443 4863 483 4893; x_wconf 66' lang='grc' dir='ltr'><strong>ι,</strong></span> <span class='ocrx_word' id='word_1_763' title='bbox 773 4866 796 4878; x_wconf 72' lang='grc' dir='ltr'>ι.</span> <span class='ocrx_word' id='word_1_764' title='bbox 1140 4871 1149 4882; x_wconf 83' lang='grc'><em>.</em></span> <span class='ocrx_word' id='word_1_765' title='bbox 1316 4873 1337 4885; x_wconf 91' lang='grc'><strong>,,</strong></span> <span class='ocrx_word' id='word_1_766' title='bbox 1733 4880 1751 4891; x_wconf 83' lang='grc'><strong>,</strong></span> 
     </span>
     <span class='ocr_line' id='line_1_93' title="bbox 296 4864 1780 4946; baseline 0.011 -33"><span class='ocrx_word' id='word_1_767' title='bbox 296 4880 322 4913; x_wconf 88' lang='grc' dir='ltr'><strong>ε</strong></span> <span class='ocrx_word' id='word_1_768' title='bbox 346 4904 357 4914; x_wconf 95' lang='grc'>.</span> <span class='ocrx_word' id='word_1_769' title='bbox 422 4864 509 4914; x_wconf 68' lang='grc' dir='ltr'>Ισιιι</span> <span class='ocrx_word' id='word_1_770' title='bbox 562 4866 808 4933; x_wconf 75' lang='grc' dir='ltr'>ὁμολογω</span> <span class='ocrx_word' id='word_1_771' title='bbox 843 4868 933 4919; x_wconf 87' lang='grc' dir='ltr'><strong>τὸν</strong></span> <span class='ocrx_word' id='word_1_772' title='bbox 989 4867 1275 4937; x_wconf 81' lang='grc' dir='ltr'>Τρισαγιον</span> <span class='ocrx_word' id='word_1_773' title='bbox 1316 4889 1479 4940; x_wconf 87' lang='grc' dir='ltr'>υμνον</span> <span class='ocrx_word' id='word_1_774' title='bbox 1511 4874 1604 4936; x_wconf 72' lang='grc' dir='ltr'>τὰς</span> <span class='ocrx_word' id='word_1_775' title='bbox 1633 4893 1780 4946; x_wconf 84' lang='grc' dir='ltr'>τρεις</span> 
     </span>
    </p>
   </div>
   <div class='ocr_carea' id='block_1_93' title="bbox 1791 4863 3438 4946">
    <p class='ocr_par' dir='ltr' id='par_1_93' title="bbox 1959 4870 3438 4942">
     <span class='ocr_line' id='line_1_94' title="bbox 1959 4870 3438 4942; baseline 0.001 -15"><span class='ocrx_word' id='word_1_776' title='bbox 1959 4876 2011 4928; x_wconf 84' lang='lat'><strong>5.</strong></span> <span class='ocrx_word' id='word_1_777' title='bbox 2048 4873 2314 4927; x_wconf 63' lang='lat' dir='ltr'><strong>Praeterea</strong></span> <span class='ocrx_word' id='word_1_778' title='bbox 2357 4870 2624 4925; x_wconf 80' lang='lat' dir='ltr'><strong>conﬁteor</strong></span> <span class='ocrx_word' id='word_1_779' title='bbox 2657 4870 2964 4942; x_wconf 81' lang='lat' dir='ltr'><strong>Trisagium</strong></span> <span class='ocrx_word' id='word_1_780' title='bbox 2998 4872 3258 4941; x_wconf 85' lang='lat' dir='ltr'><strong>hymnum</strong></span> <span class='ocrx_word' id='word_1_781' title='bbox 3295 4874 3438 4928; x_wconf 87' lang='lat' dir='ltr'><strong>desi-</strong></span> 
     </span>
    </p>
   </div>
   <div class='ocr_carea' id='block_1_94' title="bbox 213 4954 1860 5036">
    <p class='ocr_par' dir='ltr' id='par_1_94' title="bbox 213 4954 1780 5035">
     <span class='ocr_line' id='line_1_95' title="bbox 213 4954 1780 5035; baseline 0.01 -33"><span class='ocrx_word' id='word_1_782' title='bbox 213 4954 543 5016; x_wconf 71' lang='grc' dir='ltr'>ὑποστάσεις</span> <span class='ocrx_word' id='word_1_783' title='bbox 575 4956 673 5023; x_wconf 74' lang='grc' dir='ltr'>τῆς</span> <span class='ocrx_word' id='word_1_784' title='bbox 730 4956 977 5027; x_wconf 83' lang='grc' dir='ltr'>θεότητος</span> <span class='ocrx_word' id='word_1_785' title='bbox 1027 4962 1328 5027; x_wconf 72' lang='grc' dir='ltr'>σημαίνειν,</span> <span class='ocrx_word' id='word_1_786' title='bbox 1383 4965 1472 5015; x_wconf 73' lang='grc' dir='ltr'><strong>καὶ</strong></span> <span class='ocrx_word' id='word_1_787' title='bbox 1516 4966 1612 5033; x_wconf 77' lang='grc' dir='ltr'><strong>τὴν</strong></span> <span class='ocrx_word' id='word_1_788' title='bbox 1654 4967 1780 5035; x_wconf 74' lang='grc' dir='ltr'>μίαν</span> 
     </span>
    </p>
   </div>
   <div class='ocr_carea' id='block_1_95' title="bbox 1790 4954 3437 5036">
    <p class='ocr_par' dir='ltr' id='par_1_95' title="bbox 1886 4963 3437 5036">
     <span class='ocr_line' id='line_1_96' title="bbox 1886 4963 3437 5036; baseline -0.001 -18"><span class='ocrx_word' id='word_1_789' title='bbox 1886 4982 2051 5036; x_wconf 77' lang='lat' dir='ltr'><strong>gnare</strong></span> <span class='ocrx_word' id='word_1_790' title='bbox 2089 4975 2198 5018; x_wconf 88' lang='lat' dir='ltr'><strong>tres</strong></span> <span class='ocrx_word' id='word_1_791' title='bbox 2247 4963 2467 5017; x_wconf 83' lang='lat' dir='ltr'><strong>deitatis</strong></span> <span class='ocrx_word' id='word_1_792' title='bbox 2512 4966 2850 5030; x_wconf 75' lang='lat' dir='ltr'><strong>hypostascs,</strong></span> <span class='ocrx_word' id='word_1_793' title='bbox 2881 4979 3152 5031; x_wconf 86' lang='lat' dir='ltr'><strong>unamque</strong></span> <span class='ocrx_word' id='word_1_794' title='bbox 3184 4965 3437 5017; x_wconf 64' lang='lat' dir='ltr'><strong>substan-</strong></span> 
     </span>
    </p>
   </div>
   <div class='ocr_carea' id='block_1_96' title="bbox 211 5045 1858 5125">
    <p class='ocr_par' dir='ltr' id='par_1_96' title="bbox 211 5045 1777 5125">
     <span class='ocr_line' id='line_1_97' title="bbox 211 5045 1777 5125; baseline 0.008 -29"><span class='ocrx_word' id='word_1_795' title='bbox 211 5045 407 5097; x_wconf 68' lang='lat' dir='ltr'><strong>o-‘niav</strong></span> <span class='ocrx_word' id='word_1_796' title='bbox 457 5047 547 5098; x_wconf 77' lang='grc' dir='ltr'><strong>καὶ</strong></span> <span class='ocrx_word' id='word_1_797' title='bbox 575 5049 887 5117; x_wconf 72' lang='grc' dir='ltr'>κυριότητα.</span> <span class='ocrx_word' id='word_1_798' title='bbox 934 5049 1024 5101; x_wconf 74' lang='grc' dir='ltr'>Διὸ</span> <span class='ocrx_word' id='word_1_799' title='bbox 1055 5052 1172 5102; x_wconf 73' lang='grc' dir='ltr'>οὐδὲ</span> <span class='ocrx_word' id='word_1_800' title='bbox 1212 5053 1308 5121; x_wconf 81' lang='grc' dir='ltr'><strong>τήν</strong></span> <span class='ocrx_word' id='word_1_801' title='bbox 1349 5054 1661 5125; x_wconf 75' lang='grc' dir='ltr'>προσθήκην</span> <span class='ocrx_word' id='word_1_802' title='bbox 1686 5056 1777 5108; x_wconf 72' lang='grc' dir='ltr'>τοῦ</span> 
     </span>
    </p>
   </div>
   <div class='ocr_carea' id='block_1_97' title="bbox 1792 5045 3439 5125">
    <p class='ocr_par' dir='ltr' id='par_1_97' title="bbox 1887 5053 3439 5120">
     <span class='ocr_line' id='line_1_98' title="bbox 1887 5053 3439 5120; baseline 0 -12"><span class='ocrx_word' id='word_1_803' title='bbox 1887 5059 2039 5120; x_wconf 86' lang='lat' dir='ltr'><strong>tiam,</strong></span> <span class='ocrx_word' id='word_1_804' title='bbox 2073 5066 2123 5108; x_wconf 89' lang='lat' dir='ltr'><strong>et</strong></span> <span class='ocrx_word' id='word_1_805' title='bbox 2159 5071 2323 5106; x_wconf 88' lang='lat' dir='ltr'><strong>unum</strong></span> <span class='ocrx_word' id='word_1_806' title='bbox 2376 5054 2739 5106; x_wconf 80' lang='lat' dir='ltr'><strong>dmniuatum.</strong></span> <span class='ocrx_word' id='word_1_807' title='bbox 2784 5053 3144 5117; x_wconf 78' lang='lat' dir='ltr'><strong>Quamobrem</strong></span> <span class='ocrx_word' id='word_1_808' title='bbox 3177 5054 3439 5120; x_wconf 68' lang='lat' dir='ltr'><strong>adiectio-</strong></span> 
     </span>
    </p>
   </div>
   <div class='ocr_carea' id='block_1_98' title="bbox 216 5137 1863 5215">
    <p class='ocr_par' dir='ltr' id='par_1_98' title="bbox 216 5137 1776 5215">
     <span class='ocr_line' id='line_1_99' title="bbox 216 5137 1776 5215; baseline 0.008 -26"><span class='ocrx_word' id='word_1_809' title='bbox 216 5137 615 5206; x_wconf 73' lang='grc' dir='ltr'>ματαιόιρρονος</span> <span class='ocrx_word' id='word_1_810' title='bbox 644 5139 847 5208; x_wconf 82' lang='grc' dir='ltr'>Πέτρου</span> <span class='ocrx_word' id='word_1_811' title='bbox 877 5140 971 5192; x_wconf 74' lang='grc' dir='ltr'>τοῦ</span> <span class='ocrx_word' id='word_1_812' title='bbox 1005 5143 1265 5210; x_wconf 74' lang='grc' dir='ltr'>Κναφέως</span> <span class='ocrx_word' id='word_1_813' title='bbox 1289 5148 1680 5215; x_wconf 74' lang='grc' dir='ltr'>παραδέχομσιι.</span> <span class='ocrx_word' id='word_1_814' title='bbox 1710 5152 1776 5201; x_wconf 84' lang='grc' dir='ltr'>Ἢ</span> 
     </span>
    </p>
   </div>
   <div class='ocr_carea' id='block_1_99' title="bbox 1794 5137 3441 5215">
    <p class='ocr_par' dir='ltr' id='par_1_99' title="bbox 1886 5142 3441 5212">
     <span class='ocr_line' id='line_1_100' title="bbox 1886 5142 3441 5212; baseline -0.001 -14"><span class='ocrx_word' id='word_1_815' title='bbox 1886 5160 2010 5198; x_wconf 89' lang='lat' dir='ltr'><strong>nem</strong></span> <span class='ocrx_word' id='word_1_816' title='bbox 2072 5144 2246 5197; x_wconf 69' lang='lat' dir='ltr'><strong>insani</strong></span> <span class='ocrx_word' id='word_1_817' title='bbox 2300 5144 2444 5195; x_wconf 79' lang='lat' dir='ltr'><strong>illius</strong></span> <span class='ocrx_word' id='word_1_818' title='bbox 2487 5142 2899 5197; x_wconf 79' lang='lat' dir='ltr'><strong>l‘etriFullunis</strong></span> <span class='ocrx_word' id='word_1_819' title='bbox 2952 5145 3441 5212; x_wconf 80' lang='lat' dir='ltr'><strong>netptaquatu&#39;ad-</strong></span> 
     </span>
    </p>
   </div>
   <div class='ocr_carea' id='block_1_100' title="bbox 214 5228 1861 5304">
    <p class='ocr_par' dir='ltr' id='par_1_100' title="bbox 214 5228 1775 5304">
     <span class='ocr_line' id='line_1_101' title="bbox 214 5228 1775 5304; baseline 0.011 -29"><span class='ocrx_word' id='word_1_820' title='bbox 214 5228 331 5294; x_wconf 64' lang='grc' dir='ltr'>γὶρ</span> <span class='ocrx_word' id='word_1_821' title='bbox 364 5230 427 5295; x_wconf 80' lang='grc' dir='ltr'>τῇ</span> <span class='ocrx_word' id='word_1_822' title='bbox 461 5228 646 5298; x_wconf 70' lang='grc' dir='ltr'>Τριᾶδι</span> <span class='ocrx_word' id='word_1_823' title='bbox 682 5230 741 5290; x_wconf 79' lang='grc' dir='ltr'>τὸ</span> <span class='ocrx_word' id='word_1_824' title='bbox 770 5231 867 5300; x_wconf 72' lang='grc' dir='ltr'>τῆς</span> <span class='ocrx_word' id='word_1_825' title='bbox 890 5232 1240 5302; x_wconf 71' lang='grc' dir='ltr'>σταυρώσεως</span> <span class='ocrx_word' id='word_1_826' title='bbox 1292 5238 1554 5304; x_wconf 73' lang='grc' dir='ltr'>προσάγει</span> <span class='ocrx_word' id='word_1_827' title='bbox 1587 5240 1775 5303; x_wconf 69' lang='grc' dir='ltr'>πάθος,</span> 
     </span>
    </p>
   </div>
   <div class='ocr_carea' id='block_1_101' title="bbox 1791 5228 3438 5304">
    <p class='ocr_par' dir='ltr' id='par_1_101' title="bbox 1888 5231 3438 5300">
     <span class='ocr_line' id='line_1_102' title="bbox 1888 5231 3438 5300; baseline -0.001 -14"><span class='ocrx_word' id='word_1_828' title='bbox 1888 5235 2064 5288; x_wconf 88' lang='lat' dir='ltr'><strong>utitto.</strong></span> <span class='ocrx_word' id='word_1_829' title='bbox 2096 5236 2199 5285; x_wconf 85' lang='lat' dir='ltr'><strong>Aut</strong></span> <span class='ocrx_word' id='word_1_830' title='bbox 2244 5233 2387 5285; x_wconf 85' lang='lat' dir='ltr'><strong>enim</strong></span> <span class='ocrx_word' id='word_1_831' title='bbox 2419 5231 2675 5286; x_wconf 86' lang='lat' dir='ltr'><strong>Trinitati</strong></span> <span class='ocrx_word' id='word_1_832' title='bbox 2726 5233 3097 5286; x_wconf 69' lang='lat' dir='ltr'><strong>crucilixiouis</strong></span> <span class='ocrx_word' id='word_1_833' title='bbox 3132 5234 3438 5300; x_wconf 78' lang='lat' dir='ltr'><strong>passionem</strong></span> 
     </span>
    </p>
   </div>
   <div class='ocr_carea' id='block_1_102' title="bbox 213 5317 1860 5395">
    <p class='ocr_par' dir='ltr' id='par_1_102' title="bbox 213 5317 1541 5395">
     <span class='ocr_line' id='line_1_103' title="bbox 213 5317 1541 5395; baseline 0.019 -34"><span class='ocrx_word' id='word_1_834' title='bbox 213 5317 249 5385; x_wconf 79' lang='grc' dir='ltr'>ἦ</span> <span class='ocrx_word' id='word_1_835' title='bbox 285 5319 539 5387; x_wconf 71' lang='grc' dir='ltr'>τέταρτον</span> <span class='ocrx_word' id='word_1_836' title='bbox 567 5324 631 5390; x_wconf 82' lang='grc' dir='ltr'>τῇ</span> <span class='ocrx_word' id='word_1_837' title='bbox 662 5322 846 5391; x_wconf 80' lang='grc' dir='ltr'>Τριάδι</span> <span class='ocrx_word' id='word_1_838' title='bbox 880 5326 1203 5395; x_wconf 64' lang='grc' dir='ltr'>παρεισάγει</span> <span class='ocrx_word' id='word_1_839' title='bbox 1235 5328 1541 5395; x_wconf 75' lang='grc' dir='ltr'>πρόσωπον.</span> 
     </span>
    </p>
   </div>
   <div class='ocr_carea' id='block_1_103' title="bbox 1793 5317 3440 5395">
    <p class='ocr_par' dir='ltr' id='par_1_103' title="bbox 1886 5324 3440 5393">
     <span class='ocr_line' id='line_1_104' title="bbox 1886 5324 3440 5393; baseline 0 -16"><span class='ocrx_word' id='word_1_840' title='bbox 1886 5325 2111 5393; x_wconf 74' lang='lat' dir='ltr'><strong>aﬂingit,</strong></span> <span class='ocrx_word' id='word_1_841' title='bbox 2155 5333 2248 5376; x_wconf 89' lang='lat' dir='ltr'><strong>aut</strong></span> <span class='ocrx_word' id='word_1_842' title='bbox 2282 5334 2531 5393; x_wconf 79' lang='lat' dir='ltr'><strong>quartam</strong></span> <span class='ocrx_word' id='word_1_843' title='bbox 2583 5324 2837 5379; x_wconf 84' lang='lat' dir='ltr'><strong>Triuilati</strong></span> <span class='ocrx_word' id='word_1_844' title='bbox 2890 5340 3176 5393; x_wconf 76' lang='lat' dir='ltr'><strong>persmtam</strong></span> <span class='ocrx_word' id='word_1_845' title='bbox 3214 5324 3440 5393; x_wconf 75' lang='lat' dir='ltr'><strong>profane</strong></span> 
     </span>
    </p>
   </div>
   <div class='ocr_carea' id='block_1_104' title="bbox 1885 5418 2092 5470">
    <p class='ocr_par' dir='ltr' id='par_1_104' title="bbox 1885 5418 2092 5470">
     <span class='ocr_line' id='line_1_105' title="bbox 1885 5418 2092 5470; baseline -0.01 0"><span class='ocrx_word' id='word_1_846' title='bbox 1885 5418 2092 5470; x_wconf 79' lang='lat' dir='ltr'><strong>inserit.</strong></span> 
     </span>
    </p>
   </div>
   <div class='ocr_carea' id='block_1_105' title="bbox 324 5516 2319 5593">
    <p class='ocr_par' dir='ltr' id='par_1_105' title="bbox 324 5516 2319 5593">
     <span class='ocr_line' id='line_1_106' title="bbox 324 5516 2319 5593; baseline 0.005 -23"><span class='ocrx_word' id='word_1_847' title='bbox 324 5518 344 5547; x_wconf 81' lang='grc'>³</span> <span class='ocrx_word' id='word_1_848' title='bbox 372 5516 498 5584; x_wconf 83' lang='lat' dir='ltr'><strong>Leo,</strong></span> <span class='ocrx_word' id='word_1_849' title='bbox 562 5517 732 5587; x_wconf 77' lang='lat' dir='ltr'><strong>Epist.</strong></span> <span class='ocrx_word' id='word_1_850' title='bbox 776 5521 842 5575; x_wconf 90' lang='lat' dir='ltr'><strong>ad</strong></span> <span class='ocrx_word' id='word_1_851' title='bbox 871 5520 1023 5578; x_wconf 82' lang='lat' dir='ltr'><strong>Flav.</strong></span> <span class='ocrx_word' id='word_1_852' title='bbox 1139 5534 1156 5554; x_wconf 77' lang='lat'><strong><em>‘</em></strong></span> <span class='ocrx_word' id='word_1_853' title='bbox 1208 5525 1401 5580; x_wconf 74' lang='lat' dir='ltr'><strong>Matth.</strong></span> <span class='ocrx_word' id='word_1_854' title='bbox 1461 5544 1570 5593; x_wconf 78' lang='lat' dir='ltr'><strong>xvt,</strong></span> <span class='ocrx_word' id='word_1_855' title='bbox 1613 5528 1795 5584; x_wconf 66' lang='lat' dir='ltr'><strong>lJ-lti.</strong></span> <span class='ocrx_word' id='word_1_856' title='bbox 1897 5531 1916 5560; x_wconf 83' lang='lat'><strong>&#39;</strong></span> <span class='ocrx_word' id='word_1_857' title='bbox 1947 5528 2077 5580; x_wconf 83' lang='lat' dir='ltr'><strong>ibid.</strong></span> <span class='ocrx_word' id='word_1_858' title='bbox 2114 5524 2199 5586; x_wconf 71' lang='grc'><strong>17,</strong></span> <span class='ocrx_word' id='word_1_859' title='bbox 2238 5526 2319 5577; x_wconf 64' lang='grc'><strong>15-</strong></span> 
     </span>
    </p>
   </div>
   <div class='ocr_carea' id='block_1_106' title="bbox 1460 5680 2132 5736">
    <p class='ocr_par' dir='ltr' id='par_1_106' title="bbox 1460 5680 2132 5736">
     <span class='ocr_line' id='line_1_107' title="bbox 1460 5680 2132 5736; baseline 0.001 -5"><span class='ocrx_word' id='word_1_860' title='bbox 1460 5681 1688 5735; x_wconf 72' lang='lat' dir='ltr'><strong>V&#39;.\lil.&#39;l£</strong></span> <span class='ocrx_word' id='word_1_861' title='bbox 1735 5680 2132 5736; x_wconf 49' lang='lat' dir='ltr'><strong>LEC&#39;l‘lONI‘ﬁ.</strong></span> 
     </span>
    </p>
   </div>
   <div class='ocr_carea' id='block_1_107' title="bbox 293 5765 756 5838">
    <p class='ocr_par' dir='ltr' id='par_1_107' title="bbox 293 5765 756 5838">
     <span class='ocr_line' id='line_1_108' title="bbox 293 5765 756 5838; baseline 0.006 -19"><span class='ocrx_word' id='word_1_862' title='bbox 293 5765 313 5801; x_wconf 65' lang='grc'>⁸</span> <span class='ocrx_word' id='word_1_863' title='bbox 347 5766 502 5819; x_wconf 61' lang='lat' dir='ltr'><strong>[lt-est</strong></span> <span class='ocrx_word' id='word_1_864' title='bbox 535 5768 756 5838; x_wconf 76' lang='lat' dir='ltr'><strong>aliquid.</strong></span> 
     </span>
    </p>
   </div>
  </div>
