4156 6436
245 421 373 489 H37
1473 440 1759 498 CONTRA
1806 441 1941 500 JACi

1892 441 2219 499 CUDITAS.
2292 421 2297 426 ’
3047 444 3061 453 ο
3310 432 3440 498 1438

246 558 341 607 μαι
368 542 464 610 τῆς
494 546 667 612 χαρᾶς
690 546 784 596 τοῦ
808 547 1009 616 Κυρίου
1035 563 1153 616 μου.
1177 549 1407 613 Δέξασοε
1434 553 1607 603 τοίνυν
1638 553 1790 617 λόγον
1821 559 1863 609 Λ
1892 561 1934 605 sl

1892 552 2064 605 sliluti
2093 566 2319 610 sumus,
2357 557 2413 601 ut
2448 547 2743 611 fodiemus,
2781 554 2837 599 ut
2871 554 3082 601 stercus
3130 542 3437 609 circumpu-

243 628 441 694 ίάτεως
486 636 552 703 τῇ
603 636 915 702 Πνεύματος
949 638 1309 706 κρατούμενον
1346 642 1545 708 χάριτιτ
1600 640 1673 701 ὡς
1724 640 1788 691 ἂν
1893 656 1941 692 n:

1893 656 2113 700 namus,
2152 648 2211 691 ut
2252 639 2519 690 sterilitztti
2550 638 2876 691 medeamur.
2903 635 3067 688 Porro
3096 633 3440 687 sterilitatem

240 718 376 789 ἠσθῇ
410 722 510 789 μὲν
534 724 561 773 6
600 722 749 786 Θεὸς,
803 728 1051 777 κοινωνὸν
1094 728 1149 779 δὲ
1187 728 1284 795 τῆς
1318 730 1648 798 εὐφροσύνης
1694 729 1788 797 τὴν
1890 728 1941 781 di

1891 728 2145 789 dicimus,
2183 742 2352 796 ipsam
2384 742 2599 795 quoque
2630 727 2890 779 malorum
2924 738 3145 791 operum
3183 733 3443 789 procrea-

252 806 572 877 Ἐκκλησίαν
602 814 859 882 ποιήσητε
888 823 933 865 θ.
963 816 1104 866 Μίαν
1139 814 1195 866 δὲ
1225 818 1424 885 ταύτην
1452 817 1789 886 ἐπουρανίων
1891 815 1941 866 tit

1891 815 2123 878 tionem;
2161 814 2617 882 quemadmodum
2657 811 2933 879 tragmdus
2974 817 3156 862 mutus
3193 813 3437 863 vocatur,

237 895 334 946 καὶ
359 898 612 963 ἐπιγείων
642 902 670 951 6
699 898 923 969 στὰυρδς
951 900 1042 953 τοῦ
1081 902 1281 971 Κυρίου
1319 904 1627 970 εἰργάσατο.
1889 917 1936 955 Cl

1891 904 2046 971 cujus
2086 918 2185 956 vox
2218 902 2460 957 insuavis
2503 910 2603 955 est.
2641 918 2658 949 ι
2697 898 2787 952 Va:
2820 898 2948 950 mihi
2987 898 3031 950 si
3075 912 3179 949 non
3210 908 3441 960 evange-

240 987 476 1040 lizavcro
504 990 545 1043 ⁵.
589 1008 608 1039 ι
652 990 705 1043 Si
749 992 953 1049 talento
982 993 1219 1061 defosso,
1254 1007 1443 1047 servus
1475 992 1685 1046 inutilis
1730 1000 1786 1045 et
1860 1008 2094 1061 nequam
2161 993 2386 1055 efficiar,
2415 991 2673 1046 exsulaho
2708 989 2894 1058 procul
2930 1004 2957 1040 a
2998 988 3194 1056 gaudio
3233 981 3441 1036 Domini

242 1077 369 1127 mei.
407 1075 682 1146 Suscipite
733 1096 861 1150 ergo
902 1082 1180 1135 medicina:
1232 1096 1534 1136 sermonem
1563 1120 1576 1143 ,
1612 1081 1782 1150 gratia
1823 1078 2057 1147 Spiritus
2107 1082 2520 1140 conﬁrmatum,
2556 1095 2662 1147 quo
2734 1079 2875 1149 Deus
2938 1075 3156 1149 quidem
3208 1072 3443 1125 oblecte-

245 1174 354 1222 tur.
397 1166 691 1235 gaudiique
718 1170 837 1235 ejus
872 1179 1177 1225 consortem
1217 1169 1515 1226 Ecclesiam
1555 1168 1789 1224 faciatis.
1830 1166 1982 1223 Hane
2015 1186 2145 1225 vero
2180 1186 2315 1225 crux
2358 1170 2561 1225 Christi
2607 1184 2728 1223 esse
2812 1182 2973 1219 unam
3025 1162 3315 1232 praestitit;
3378 1173 3443 1212 ex

242 1255 560 1309 coelestibus
586 1260 929 1327 terrenisque
958 1268 1319 1314 constantem.
1682 1299 1691 1303 ς

313 1344 379 1413 β’.
424 1347 635 1417 Ἐπειδὴ
652 1351 781 1416 περὶ
803 1353 1040 1417 φύσεως
1063 1354 1091 1404 6
1115 1353 1330 1421 σύμπας
1359 1356 1491 1422 ἡμῖν
1522 1352 1676 1420 λόγος
1706 1369 1797 1403 κε-

1970 1346 2026 1400 2.
2070 1346 2301 1412 Quando
2356 1355 2469 1400 toto
2516 1345 2671 1399 nobis
2721 1343 2823 1395 hoc
2873 1355 3122 1396 sermone
3155 1337 3446 1391 dicendum

242 1436 527 1505 κρότηται,
563 1439 718 1491 τοῦτό
768 1457 944 1510 φαμεν
994 1442 1067 1503 ὼς
1122 1443 1213 1494 ἐπὶ
1248 1442 1345 1511 μὲν
1378 1443 1476 1511 τῆς
1515 1443 1670 1509 ἁγίας
1705 1440 1800 1493 καὶ
1905 1454 1941 1493 e:

1905 1446 1988 1493 est
2020 1436 2083 1489 de
2115 1446 2329 1500 natura,
2351 1436 2452 1489 hoc
2488 1434 2793 1503 praefamur,
2826 1433 2877 1483 in
2913 1438 3098 1485 sancta
3127 1438 3179 1483 et
3210 1427 3449 1481 consub-

244 1524 566 1592 ὑπερουσίου
591 1527 857 1597 θεότητος,
880 1530 995 1598 ἦτοι
1015 1530 1113 1599 τῆς
1132 1531 1461 1600 μοναρχικῆς
1486 1532 1578 1583 καὶ
1600 1532 1797 1599 ὀμοου-
1904 1539 1941 1582 sl

1904 1527 2143 1582 slantiali
2178 1527 2415 1591 Deitate,
2451 1526 2551 1578 hoc
2592 1533 2672 1576 est
2706 1525 2759 1574 in
2794 1521 2955 1573 unius
2982 1517 3191 1586 imperii
3235 1522 3289 1569 et
3318 1514 3448 1568 sub-

245 1612 361 1664 σίου
399 1616 644 1683 Τριάδος,
678 1618 895 1687 ’Δρειος
927 1620 1024 1687 μὲν
1054 1621 1144 1671 καὶ
1175 1621 1454 1688 Εὑνὸμιος,
1489 1621 1578 1672 καὶ
1610 1621 1643 1688 ἠ
1672 1619 1797 1671 τού·
1899 1622 1941 1669 sf

1899 1616 2113 1672 stantite
2164 1612 2435 1666 Trinitate
2455 1651 2469 1675 ,
2498 1611 2682 1664 Arium
2732 1609 2951 1677 quidem
2981 1615 3033 1661 et
3088 1605 3407 1657 Eunomium
3430 1640 3447 1665 ,

241 1720 351 1754 των
378 1705 655 1766 πολύθεος,
685 1708 776 1758 καὶ
800 1708 948 1759 οὐδὲν
972 1706 1130 1779 ἦττον
1146 1710 1300 1771 ἄθεος
1323 1712 1617 1781 συμμορία,
1647 1713 1792 1779 τρεῖς
1824 1772 1863 1781 _
1896 1704 1941 1756 ht

1896 1704 2195 1771 horumque
2217 1704 2613 1771 pulytheorum,
2644 1717 2734 1753 seu
2759 1701 2936 1768 potius
2958 1700 3234 1750 atheorum
3260 1696 3452 1747 factio~

241 1791 427 1854 οὐσίας
456 1793 753 1861 ἀναφανδὸν
776 1772 1174 1865 ὲφληνάιρησαν,
1202 1801 1321 1861 ταῖς
1351 1772 1794 1869 ὑποστάσεσι-τὴν
1824 1772 1868 1826 Β
1896 1809 1941 1846 nt

1896 1809 2015 1847 nem
2061 1792 2226 1861 398
2254 1802 2363 1854 tres
2396 1790 2727 1846 substantias
2760 1787 3033 1857 propalam
3070 1784 3446 1852 ineptientium

242 1885 408 1953 φύσιν
444 1887 926 1956 ωνδιατέμνοντες,
957 1890 1138 1951 κακῶς
1163 1890 1392 1955 εἰδότες,
1435 1890 1531 1941 καὶ
1566 1892 1631 1957 τῇ
1668 1890 1796 1941 ὕπο·
1891 1897 1941 1935 m

1891 1897 2041 1936 more
2082 1882 2369 1943 statuisse,
2422 1880 2757 1933 divismeum
2805 1875 3190 1947 hypostasibus
3228 1880 3447 1933 natura,

242 1975 428 2028 στάσει
456 1976 652 2027 ταυτὸν
697 1977 796 2046 τὴν
826 1977 987 2045 φύσιν
1032 1978 1334 2047 νοήσαντες.
1389 1977 1669 2039 Σαϐελλιος
1720 1976 1795 2045 (1)
1890 1982 1941 2022 Ct

1891 1982 2014 2023 cum
2047 1970 2187 2023 male
2215 1969 2622 2037 lintelligerent,
2674 1966 2961 2034 animoque
3016 1964 3119 2020 sibi
3150 1964 3447 2031 ﬁngerent,

1891 2069 2141 2112 naturam
2188 2060 2330 2114 idem
2375 2074 2499 2114 esse
2553 2069 2711 2127 atque
2744 2056 3101 2127 hypostasim.
3150 2052 3449 2107 Sabellium

240 2165 370 2204 vero
416 2150 736 2205 Africanum
802 2152 1133 2223 hypOstasim
1174 2165 1334 2228 unam
1366 2150 1534 2227 stulte
1564 2149 1903 2213 asseruisse,
1936 2158 2385 2222 contractamque
2426 2148 2814 2215 conjunctione
2853 2146 3089 2216 pessima
3124 2144 3450 2197 Trinitatem

238 2241 575 2303 confudisse,
606 2242 669 2294 ad
697 2244 955 2297 tuendam
993 2241 1313 2297 substantiae
1337 2241 1605 2295 unitatem
1642 2241 1697 2293 in
1732 2240 2016 2309 bypostasi
2049 2240 2231 2293 unica.
2269 2240 2427 2305 Quod
2462 2256 2589 2295 vero
2623 2240 2687 2292 ad
2732 2237 3201 2307 dispensationem
3242 2235 3451 2290 salu’ta-

240 2343 357 2383 rem
400 2332 517 2399 (seu
550 2317 1008 2400 incarnationem)
1037 2338 1245 2399 spectat
1274 2329 1591 2389 Salvatoris.
1619 2330 1713 2397 qui
1746 2328 1800 2381 in
1824 2327 2097 2383 Trinitate
2122 2327 2356 2383 Verbum
2394 2328 2487 2384 Dei
2528 2337 2633 2393 est,
2667 2329 2842 2382 Filius
2870 2328 3069 2380 unicus
3096 2324 3293 2388 Patris,
3324 2339 3449 2394 pes-

239 2420 415 2475 simus
472 2422 983 2491 perditissimusque
1039 2422 1346 2488 Nestorius,
1381 2423 1817 2492 anthmpolatra,
1864 2420 2263 2491 Diodorusque,
2300 2431 2353 2478 et
2388 2422 2710 2477 Theodorus
2748 2422 3041 2491 episcopus
3074 2418 3443 2497 Mepsuestiae,

238 2516 471 2571 rebelles
494 2533 707 2586 quoque
742 2518 981 2582 fuerunt,
1012 2518 1323 2573 conﬁtendo
1353 2518 1494 2573 duas
1532 2526 1783 2582 naturas,
1814 2518 2220 2587 dividendoque
2252 2518 2614 2588 hypostasim,
2645 2519 2720 2570 ita
2761 2524 2820 2569 ut
2863 2531 2930 2570 ex
2964 2530 3152 2569 eorum
3188 2514 3447 2594 opinione

237 2607 366 2661 dua:
396 2624 641 2677 personae
666 2621 855 2666 essent
890 2613 1184 2665 secundum
1217 2628 1501 2665 numerum
1530 2620 1868 2664 naturarum.
1900 2611 2214 2667 Diviserunt
2238 2612 2405 2683 igitur
2433 2612 2722 2665 Dominum
2748 2625 2912 2663 unum
2937 2608 3120 2663 Jesutn
3144 2606 3447 2672 Christum,

239 2700 490 2767 duosque
518 2700 942 2764 constituerunt,
974 2691 1035 2753 ac
1062 2700 1387 2769 hypostases
1414 2701 1588 2765 duas;
1617 2716 1680 2754 eo
1706 2701 1851 2768 quod
1883 2700 2266 2754 existimarent
2301 2700 2638 2770 hypostasim
2684 2708 2738 2755 et
2768 2710 3017 2753 naturam
3060 2713 3227 2751 unum
3271 2697 3449 2764 quod-

238 2786 370 2841 dam
400 2802 541 2842 esse.
572 2789 642 2841 At
676 2790 969 2845 Dioscorus
998 2801 1050 2843 et
1085 2791 1341 2851 Severus,
1368 2799 1421 2843 et
1447 2801 1778 2844 sectatorum
1810 2792 2095 2858 utriusque
2132 2777 2295 2845 turba
2338 2792 2646 2860 multiceps,
2684 2807 2844 2843 unam
2878 2806 3095 2858 quoque
3125 2800 3175 2843 et
3212 2790 3315 2859 ipsi
3345 2791 3446 2861 hy-

239 2878 509 2945 postasim
544 2889 917 2943 asseruerunt,
953 2894 1112 2932 unam
1142 2879 1303 2932 simul
1334 2894 1454 2932 esse
1486 2888 1732 2932 naturam
1763 2879 2111 2941 deﬁnientes,
2137 2881 2266 2949 quia
2297 2882 2617 2934 nesciebant
2657 2880 2789 2949 quid
2817 2880 3087 2942 dicerent.
3118 2895 3219 2933 nec
3247 2880 3449 2933 intelli-

240 2964 449 3033 gebant
478 2961 599 3034 qua:
638 2967 989 3021 afﬁrmarent.
1017 2967 1240 3020 Morbus
1268 2980 1430 3029 vero,
1469 2982 1563 3020 seu
1590 2982 1766 3029 error,
1794 2969 1992 3020 mentis
2019 2982 2210 3021 eorum
2236 2968 2290 3021 in
2322 2983 2387 3022 eo
2423 2968 2544 3031 fuit,
2573 2962 2717 3037 quod
2749 2977 2997 3021 naturam
3022 2976 3076 3022 et
3110 2968 3445 3037 hypostasim

241 3074 414 3113 unum
450 3070 501 3113 et
531 3060 668 3114 idem
692 3076 813 3116 esse
836 3060 1244 3115 existimabant.
1275 3060 1377 3113 Sed
1402 3077 1500 3115 nec
1536 3062 1645 3115 illic
1674 3062 2064 3117 substiterunt.
2099 3063 2361 3117 Dixerunt
2396 3065 2540 3117 enim
2574 3065 2625 3116 in
2658 3062 2933 3116 Trinitate
2971 3072 3160 3116 sancta
3194 3074 3303 3117 tres
3329 3077 3450 3115 esse

242 3162 473 3208 naturas
503 3152 936 3221 substantiasque
975 3155 1348 3224 particulares,
1401 3163 1455 3208 et
1494 3156 1783 3209 scientiam
1844 3156 2194 3210 nmionemve
2239 3171 2403 3210 unam
2457 3172 2824 3212 communem.
2860 3156 3011 3209 Nihil
3045 3166 3221 3211 tamen
3264 3158 3446 3224 solidi,

242 3243 389 3313 quod
426 3243 492 3296 ad
529 3259 641 3297 rem
675 3244 1104 3298 conﬁrmandam
1140 3228 1323 3311 aptum
1354 3252 1544 3299 natum
1580 3247 1671 3306 sit,
1708 3246 2035 3301 habuerunt.

316 3332 658 3385 5.0mterum
701 3333 980 3401 religionis
1009 3333 1323 3387 orthodoxa
1350 3341 1403 3387 et
1429 3335 1687 3389 veritatis
1718 3350 1997 3404 praecones
2035 3326 2089 3390 in
2125 3336 2221 3389 tali
2268 3336 2539 3391 sententia
2586 3352 2694 3390 non
2748 3335 3000 3402 fuerunt;
3050 3352 3234 3390 verum
3276 3336 3448 3404 legem

242 3424 485 3479 divinam
518 3426 713 3487 secuti,
747 3432 1082 3495 cursumque
1114 3427 1179 3480 ad
1208 3428 1427 3482 eteleste
1458 3428 1637 3482 lumen
1662 3429 1981 3499 dirigentes,
2010 3439 2161 3485 recta
2192 3431 2611 3485 ambulaverunt
2642 3445 2735 3500 per
2764 3431 2906 3483 viam
2939 3430 3162 3499 regiam,
3187 3445 3307 3500 qua:
3336 3444 3453 3484 me-

242 3512 338 3565 dla
402 3520 510 3577 est,
541 3530 645 3568 non
681 3515 1023 3571 declinantes
1054 3517 1117 3569 ad
1146 3519 1443 3583 sinistram,
1482 3520 1753 3587 superbiae
1786 3529 1838 3573 et
1874 3521 2214 3590 ignorantiae,
2238 3536 2414 3589 neque
2444 3522 2508 3575 ad
2534 3520 2804 3585 dextram,
2839 3520 3249 3590 imaginationis
3281 3521 3452 3589 phan-

240 3605 476 3658 tasticae.
518 3604 701 3673 Neque
725 3606 962 3675 ineptias
993 3609 1288 3663 contrariis
1320 3610 1543 3679 ineptiis
1570 3611 1864 3663 emendare
1896 3612 2152 3680 aggressi
2175 3619 2340 3677 sunt;
2369 3612 2462 3665 sed
2492 3612 2557 3665 ad
2581 3610 2923 3681 prepositum
2961 3611 3117 3663 ﬁnem
3147 3611 3287 3662 inter
3312 3609 3451 3663 mala

241 3698 486 3746 extrema
510 3703 895 3762 pervenerunt,
937 3698 1283 3750 continentes
1326 3713 1384 3751 se
1411 3698 1555 3750 intra
1593 3698 1796 3750 limites
1834 3698 2107 3763 veritatis,
2143 3701 2216 3752 ita
2249 3708 2308 3752 ut
2336 3699 2400 3753 ad
2431 3708 2679 3753 neutram
2712 3707 2923 3767 partem
2952 3697 3267 3751 inclinando
3297 3698 3364 3749 ab
3389 3712 3451 3749 ea

239 3780 613 3839 deflecterent.
646 3787 835 3854 Itaque
868 3786 1104 3842 confessi
1141 3796 1265 3841 sunt
1289 3789 1653 3842 substantiam
1685 3803 1846 3840 unam
1881 3789 1937 3841 in
1967 3788 2257 3854 Trinitate,
2290 3799 2346 3843 et
2366 3797 2491 3844 tres
2520 3790 2844 3859 hypostases
2871 3788 3118 3857 ejusdem
3152 3800 3454 3855 agnoscen-

238 3876 353 3934 tes,
388 3871 622 3953 libenter
653 3872 1106 3941 praedicaverunt.
1140 3875 1401 3931 Rursum‘
1433 3892 1567 3930 vero
1610 3885 1947 3945 agnoverunt
1982 3878 2397 3934 distinctionem
2442 3880 2590 3934 illam
2626 3880 2682 3933 in
2715 3879 2978 3949 mysterio
3025 3867 3450 3933 incarnationis.

239 3963 699 4036 quemadmodum
742 3962 1034 4035 Gregorius
1069 3967 1375 4038 Theologus
1406 3971 1481 4022 ait
1508 3968 1549 4030 ⁸,
1586 3976 1807 4021 naturas
1840 3968 2001 4033 duas,
2028 3978 2081 4024 et
2117 3971 2460 4026 substantias
2488 3970 2645 4035 duas,
2674 3977 2727 4025 et
2758 3970 3089 4039 hypostasim
3126 3982 3311 4030 unam,
3350 3982 3455 4019 nas

241 4060 539 4122 turamque
564 4063 617 4108 et
652 4055 1020 4109 substantiam
1062 4058 1247 4112 eadem
1287 4059 1611 4113 deﬁnitione
1656 4059 1924 4127 complexi
1968 4068 2142 4113 sunt:
2182 4075 2471 4127 personam
2508 4075 2724 4129 quoque
2770 4068 2824 4113 et
2874 4059 3215 4129 hypostasim
3262 4056 3449 4111 eodem

240 4143 408 4225 modo
443 4144 804 4209 deﬁnierunt;
834 4148 1035 4216 quippe
1065 4150 1159 4217 qui
1192 4159 1458 4203 noverant
1486 4150 1849 4204 differentiam
1876 4166 1997 4219 quae
2029 4159 2113 4204 est
2135 4150 2280 4204 inter
2300 4161 2574 4211 naturam,
2619 4165 2715 4205 seu
2755 4148 3151 4211 substantiam,
3179 4154 3234 4200 et
3274 4146 3449 4216 hypo-

241 4233 462 4295 ausim.
495 4234 610 4289 sive
646 4249 961 4304 personam,
998 4237 1265 4304 ejusmodi
1298 4254 1417 4293 esse
1449 4253 1515 4293 ac
1549 4239 1958 4293 distinctionem
1987 4255 2106 4309 qua?
2129 4249 2213 4293 est
2251 4240 2393 4294 inter
2422 4254 2713 4294 commune
2741 4244 2795 4292 et
2835 4238 3137 4307 singulare.

316 4348 368 4401 4.
399 4347 581 4403 Primo
607 4349 771 4418 igitur
801 4350 960 4406 nobis
984 4351 1364 4421 inquirendum
1395 4360 1479 4407 est
1502 4354 1570 4407 de
1602 4363 1794 4407 natura
1824 4363 1877 4407 et
1907 4352 2212 4423 hypostasi,
2240 4360 2299 4405 ut
2327 4353 2479 4406 vocis
2511 4352 2798 4419 utriusque
2832 4349 3287 4419 signiﬁcationem
3322 4364 3450 4418 per-

236 4444 485 4506 spectam
514 4438 812 4493 habeamus
840 4458 852 4492 :
887 4440 1087 4495 deinde
1116 4450 1452 4509 compertum
1496 4443 1656 4497 nobis
1689 4426 1811 4504 erit,
1844 4458 1909 4495 an
1941 4442 2076 4495 duas
2120 4443 2172 4494 in
2203 4442 2422 4495 Christo
2460 4450 2687 4494 naturas
2729 4456 2973 4494 asserere
3012 4441 3332 4503 debeamus,
3364 4441 3449 4494 vel

240 4528 487 4581 unicam.
516 4528 764 4582 Postulat
790 4528 938 4581 enim
968 4529 1203 4582 instituti
1238 4533 1398 4593 ratio,
1432 4530 1648 4583 utillud
1678 4530 1991 4584 deﬁniatur.
2022 4530 2205 4599 Neque
2234 4546 2362 4583 vero
2397 4531 2682 4583 veritatem
2712 4519 3051 4583 contentioni
3084 4545 3447 4598 exponemus,

237 4617 342 4671 sed
375 4618 553 4672 amice
582 4633 700 4671 eam
728 4618 1199 4687 investigabimus,
1230 4636 1352 4673 cum
1390 4621 1642 4675 veritatis
1667 4635 1728 4673 ea
1761 4628 1955 4674 natura
1991 4622 2082 4684 sit,
2114 4629 2172 4672 ut
2202 4620 2489 4674 manifesta
2522 4620 2600 4673 illi
2637 4619 2752 4681 ﬁat,
2787 4622 2878 4688 qui
2913 4620 3059 4671 illam
3095 4636 3156 4672 ea
3182 4618 3452 4674 sollicitu-

239 4707 375 4763 dine
422 4710 711 4776 perquirit,
758 4725 920 4777 quam
954 4710 1235 4779 Scriptura
1270 4717 1351 4767 sic
1377 4714 1695 4781 eloquitur:
1728 4732 1746 4764 ι
1788 4714 2239 4781 Appropinquate
2266 4713 2333 4766 ad
2366 4728 2473 4773 me,
2506 4722 2560 4766 et
2589 4726 2689 4781 ego
2724 4711 2976 4764 accedam
3018 4712 3083 4764 ad
3126 4726 3222 4765 vos
3252 4713 3291 4763 °.
3328 4730 3346 4763 ι
3387 4712 3452 4765 Et

238 4796 373 4850 alibi
405 4816 419 4852 :
454 4816 472 4848 ι
514 4796 609 4851 Ubi
641 4799 750 4851 duo
783 4800 866 4853 vel
907 4807 1017 4854 tres
1054 4805 1367 4870 congregati
1395 4801 1600 4856 fuerint
1629 4803 1683 4855 in
1718 4803 1944 4856 nomine
1970 4819 2110 4864 meo,
2141 4818 2241 4871 ego
2269 4803 2323 4855 in
2353 4803 2530 4857 medio
2558 4802 2774 4856 illorum
2810 4816 2931 4855 sum
2959 4802 2998 4854 ⁷.
3037 4820 3054 4852 ›
3086 4799 3284 4855 lterum
3316 4818 3452 4869 quo-

240 4906 353 4960 que
394 4889 571 4943 dicit:
613 4909 631 4941 ι
667 4892 880 4956 Petitis,
921 4902 974 4946 et
1004 4909 1110 4947 non
1145 4895 1419 4962 accipitis,
1467 4910 1533 4949 eo
1583 4896 1729 4963 quod
1776 4911 1882 4949 non
1938 4897 2083 4950 sicut
2111 4905 2323 4964 oportet
2367 4894 2569 4965 petatis
2595 4894 2640 4947 '.
2686 4913 2703 4944 ι
2740 4893 2804 4946 Et
2835 4912 2847 4948 :
2890 4914 2906 4944 ι
2944 4892 3077 4945 Cum
3114 4894 3183 4946 sit
3211 4895 3263 4946 in
3296 4895 3451 4948 vobis

240 4982 399 5037 zelus
424 4990 477 5035 et
504 4983 782 5035 contentio
813 4992 866 5035 et
891 4981 1201 5047 discidium,
1236 5000 1301 5037 an
1336 4986 1600 5054 ignoratis
1638 4985 1780 5053 quod
1812 4986 2060 5039 carnales
2083 4986 2235 5048 estis,
2268 4972 2321 5038 et
2350 4983 2651 5038 secundum
2677 4996 2904 5036 carnem
2931 4982 3223 5036 ambulatis
3249 4982 3308 5035 "l
3336 5003 3355 5035 ι
3386 4981 3450 5037 Ει

243 5073 375 5127 item
404 5089 417 5125 :
450 5090 469 5122 ι
516 5070 632 5124 Νοιι
666 5073 890 5139 potestis
919 5075 1139 5129 credere
1174 5075 1227 5127 in
1257 5089 1364 5137 me,
1403 5076 1495 5144 qui
1520 5076 1747 5145 gloriam
1786 5073 2065 5127 hominum
2095 5074 2341 5143 quaeritis
2378 5075 2440 5125 ιο.
2481 5091 2499 5123 ι

320 5209 343 5237 δ
371 5207 385 5259 l
410 5207 532 5279 cor,
565 5223 640 5279 ix,
672 5207 758 5259 16.
828 5208 1030 5279 i'Grcg.
1067 5211 1205 5279 epist
1244 5211 1308 5264 ad
1347 5210 1566 5273 Cledon.
1646 5212 1665 5242 ⁸
1704 5211 1865 5265 Zach.
1909 5228 1941 5272 ι,
1974 5213 2029 5273 5,
2103 5214 2117 5240 ⁷
2153 5212 2341 5264 Matth.
2373 5225 2523 5271 XVIII,
2558 5210 2647 5261 20.
2720 5208 2877 5264 a.lnc.
2908 5225 2975 5269 tv,
3013 5210 3062 5263 ὖ.
3138 5207 3339 5264 ’Joau.
3394 5224 3445 5275 v,

240 5281 337 5333 ιι.
437 5277 522 5329 ¹⁰Ι
554 5276 678 5331 Cor.
719 5293 795 5335 ιιι,
828 5278 879 5329 5.

1520 5386 1749 5437 VAerE
1793 5385 2197 5439 LECTEONES.

242 5546 247 5551 τ
334 5496 357 5524 ε
389 5483 579 5546 Arabs,
612 5491 659 5534 et
709 5498 812 5532 una
850 5482 942 5547 ﬁat
973 5479 1200 5532 Ecclesia
1235 5482 1283 5530 in
1321 5482 1510 5547 (Intulit)
1546 5481 1941 5531 conmmuiunis.

1751 5594 1974 5647 ΝΟΤᾹί.

320 5687 394 5754 (l)
438 5685 530 5740 llic
566 5686 731 5739 multa
770 5684 969 5739 desunt
1010 5686 1059 5739 in
1113 5686 1368 5739 Vaticano
1403 5686 1606 5747 codice,
1662 5700 1780 5753 qum
1820 5686 2062 5754 suppleta
2098 5692 2221 5738 sunt
2258 5701 2320 5738 ex
2355 5686 2709 5739 translatione
2739 5684 2995 5739 Arabica.
