4156 6436
663 470 666 473 .
722 415 859 478 μσς
1902 424 1961 481 s.
2001 421 2319 481 JOANNIS
2354 422 2778 483 DAMAscsxt
2818 492 2819 495 γ
3816 414 3939 479 tm

793 529 846 578 5.
884 527 1001 580 Jam
1040 530 1203 591 igitur
1234 528 1502 578 orationis
1535 535 1733 580 :tostr:e
1760 530 2095 598 principium
2138 533 2371 585 ducetur
2399 532 2465 585 ab
2495 533 2583 587 bis
2628 535 2802 585 sancti
2842 534 3027 585 Basilii
3058 532 3252 596 verbis,
3302 549 3422 600 qua:
3463 535 3690 601 scripsit
3710 533 3938 602 epistula

725 620 788 669 ad
826 618 1261 684 .tmpttilm-hium
1294 618 1359 679 ”-,
1393 632 1587 685 nempe
1614 621 1760 688 quod
1797 638 1815 670 ι
1852 622 1997 673 inter
2029 620 2395 675 substantiam
2425 631 2481 675 et
2510 622 2848 691 liypostasim
2880 621 3182 675 diﬁ‘ercntia
3215 623 3400 676 eadem
3426 622 3519 681 sit,
3551 636 3675 688 qua:
3702 631 3790 674 est
3808 622 3941 675 inter

725 710 776 761 id
810 706 950 775 qttml
990 706 1179 759 multis
1211 721 1502 761 commune
1532 721 1634 771 cst,
1667 718 1722 761 et
1748 710 1877 763 illud
1903 713 2046 779 quod
2082 711 2412 779 particulare
2438 721 2523 766 est
2551 715 2842 782 unicuique
2878 713 3177 765 individuo.
3214 731 3232 762 ι
3264 711 3331 764 Et
3379 714 3572 781 paucis
3603 711 3927 778 interiectis,

722 797 777 846 in
812 796 1004 849 eadem
1062 798 1293 865 epistola
1349 798 1520 852 dicit:
1552 818 1569 849 ε
1615 799 1820 853 Nomen
1866 802 2189 854 substantia
2240 801 2375 854 dicit
2411 816 2513 855 nos
2565 802 2631 854 ad
2684 801 3097 871 intelligendum
3149 816 3263 853 rem
3299 800 3542 867 aliquam
3578 799 3936 853 indeﬁnitatu.

720 887 855 940 Nam
883 905 1032 940 utens
1066 905 1169 940 nou
1201 890 1403 944 invenit
1443 891 1493 942 in
1528 905 1635 958 quo
1667 892 1929 945 consistat
1952 931 1965 952 ,
1998 907 2063 944 ex
2104 893 2379 944 communi
2416 893 2503 944 illa
2533 893 2750 945 notione
2802 906 2963 958 quam
3012 889 3295 959 signiﬁcat.
3336 909 3353 939 ι
3390 890 3460 941 At
3516 905 3718 942 nomen
3769 888 3939 957 hypo-

723 978 893 1030 stasis
952 978 1231 1045 signiﬁcat
1269 980 1317 1031 id
1351 981 1491 1047 quod
1525 982 1576 1031 in
1620 994 1678 1032 rc
1708 995 1813 1033 una
1846 980 2025 1049 aliqua
2054 996 2346 1034 commune
2382 991 2502 1042 est;
2532 995 2758 1049 eamque
2794 984 2989 1046 (mens)
3018 979 3201 1033 deﬁnit
3229 994 3294 1031 ex
3315 977 3605 1031 manifesto
3643 977 3947 1045 apparenti-

720 1066 827 1119 bus
860 1066 915 1118 in
943 1081 1005 1118 ea
1043 1070 1496 1135 proprietatibus.
1540 1069 1642 1135 Qui
1683 1088 1848 1140 porro
1883 1086 1987 1123 non
2014 1071 2263 1140 agnoscit
2287 1070 2653 1124 differentiam
2687 1071 2831 1123 inter
2862 1078 3109 1123 naturam
3141 1077 3193 1123 et
3230 1067 3594 1137 bypostasim,
3627 1067 3703 1118 ita
3721 1064 3945 1118 veritati

724 1155 1112 1224 investigandm
1165 1158 1257 1209 dat
1311 1174 1553 1227 Operam,
1599 1171 1657 1213 ut
1692 1160 1833 1214 inter
1860 1168 2065 1214 sectam
2095 1160 2162 1213 de
2196 1175 2305 1229 qua
2338 1161 2598 1223 diximus,
2628 1167 2683 1213 et
2717 1161 2917 1229 ipsum,
2969 1160 3173 1212 nullum
3214 1158 3510 1211 discrimen
3562 1158 3656 1210 sit.
3684 1154 3839 1219 ,Nam
3892 1157 3938 1208 si

725 1244 840 1297 baac
896 1244 1323 1313 distinguuntur,
1360 1262 1530 1315 quare
1588 1247 1655 1301 de
1705 1249 1926 1303 Christo
1977 1256 2250 1311 asserunt,
2301 1249 2500 1301 habere
2539 1250 2691 1301 illum
2737 1258 2993 1303 naturam
3051 1262 3232 1307 unam.
3290 1255 3348 1299 ut
3380 1260 3677 1315 personam
3734 1245 3941 1297 uuam?

724 1335 952 1398 lterum,
978 1336 1023 1388 si
1059 1338 1379 1390 substantia:
1407 1349 1459 1391 et
1494 1339 1805 1408 hypostasis
1844 1340 1987 1392 idem
2019 1347 2172 1404 sunt,
2214 1339 2406 1402 Filius,
2440 1340 2881 1409 quandoquidem
2916 1340 3076 1393 unius
3104 1346 3189 1393 est
3232 1353 3357 1391 cum
3401 1336 3563 1390 Patre
3588 1335 3939 1398 substantiae,

725 1446 838 1484 una
869 1417 1089 1501 quoque
1120 1449 1244 1486 cum
1276 1449 1340 1486 eo
1375 1435 1690 1501 hypostasis
1720 1435 1843 1487 erit.
1870 1434 1936 1487 Et
1978 1434 2218 1489 vicissim
2250 1434 2298 1489 si
2324 1436 2636 1506 hypostasis
2662 1444 2746 1489 est
2778 1435 2901 1499 alia,
2927 1435 3035 1487 erit
3071 1448 3291 1501 quoque
3314 1431 3566 1485 similiter
3592 1431 3700 1483 alia
3728 1438 3944 1491 natura,

722 1529 779 1576 et
814 1522 961 1575 sicut
996 1530 1082 1575 est
1112 1522 1359 1589 ejusdem
1394 1539 1456 1577 ac
1494 1522 1653 1577 Pater
1681 1525 2032 1587 substantiae,
2058 1524 2304 1593 ejusdem
2348 1541 2563 1593 quoque
2605 1540 2728 1579 cum
2762 1541 2825 1578 eo
2863 1522 3305 1594 Itypostasis’erit
3336 1542 3348 1575 :
3386 1532 3443 1575 et
3468 1522 3516 1574 si
3546 1522 3837 1590 bypostasi
3864 1521 3946 1574 di-

723 1625 923 1663 versus
955 1620 1060 1668 est,
1097 1611 1205 1664 erit
1240 1626 1461 1681 quoque
1497 1613 1804 1666 substantia
1830 1614 2100 1678 diversus,
2131 1612 2279 1681 quod
2311 1613 2468 1667 valde
2503 1614 2730 1681 impium
2762 1622 2864 1667 est.
2898 1614 2974 1666 Ila
3000 1615 3202 1681 pariter
3224 1612 3290 1665 de
3320 1612 3680 1665 humanitate.
3711 1610 3771 1662 Si
3801 1613 3944 1665 enim

725 1699 777 1754 id
809 1700 950 1769 quod
993 1700 1404 1754 subsistentiam
1435 1702 1617 1764 habet,
1656 1702 1968 1772 hypostasls
1992 1711 2109 1765 est,
2138 1704 2452 1756 humanitas
2492 1718 2613 1769 quae
2644 1704 3054 1757 subsistentiam
3093 1703 3274 1763 habet,
3306 1709 3360 1753 et
3388 1700 3548 1766 cujus
3581 1709 3780 1751 natura
3842 1717 3946 1756 una

726 1800 831 1852 est.
868 1793 974 1845 erit
1002 1792 1252 1846 similiter
1304 1794 1608 1863 hypostasis
1643 1808 1769 1846 una.
1802 1790 1955 1848 Sicut
1979 1794 2143 1848 etiam
2183 1793 2496 1848 humanitas
2533 1794 2831 1849 universim
2884 1801 3100 1863 sumpta
3136 1807 3243 1845 una
3277 1801 3474 1844 natura
3525 1798 3633 1851 est,
3667 1790 3745 1841 ita
3788 1792 3947 1844 etiam

724 1883 831 1936 erit
870 1897 977 1935 una
1016 1898 1273 1950 persona.

792 1972 846 2025 6-
884 1972 1041 2040 Quod
1078 1975 1125 2027 si
1166 1974 1374 2029 dicatis
1415 1978 1571 2034 aliter
1624 1976 1955 2051 loquentium
1997 1975 2065 2036 de
2110 1977 2399 2029 divinitate
2450 1986 2662 2043 sancta,
2729 1977 2889 2029 aliter
2936 1976 3004 2028 de
3058 1974 3453 2029 incarnationis
3486 1975 3775 2041 mysterio,
3808 1972 3952 2040 quod

727 2065 993 2127 Dominus
1020 2082 1242 2142 propter
1276 2089 1375 2128 nos
1404 2073 1766 2143 dispensavit,
1795 2076 1955 2129 nobis
2002 2067 2470 2141 interrogantibus
2501 2069 2829 2135 respondete
2861 2087 2873 2120 :
2919 2065 3055 2118 Num
3094 2074 3291 2119 natura
3322 2073 3375 2117 et
3419 2064 3741 2131 bypostasis
3781 2078 3952 2114 unum

729 2161 893 2217 sunt?
925 2160 982 2215 Si
1015 2163 1266 2217 dixeritis
1295 2163 1570 2217 Christum
1607 2181 1730 2220 esse
1762 2181 1827 2219 ex
1876 2164 2091 2219 duabus
2136 2165 2369 2227 naturis,
2406 2176 2473 2215 an
2510 2176 2621 2216 non
2672 2158 2978 2225 intelligitis
3006 2172 3068 2211 ea
3097 2153 3457 2223 responsione
3484 2152 3600 2220 cogi
3638 2167 3762 2217 vos,
3790 2162 3849 2203 ut
3877 2152 3955 2217 ip-

731 2264 854 2304 sum
889 2267 955 2306 ex
988 2253 1205 2307 duabus
1231 2270 1449 2322 quoque
1478 2255 1865 2322 hypostasihus
1892 2270 2013 2309 esse
2043 2254 2341 2309 asseratis?
2369 2255 2503 2307 Nam
2525 2254 2740 2308 etiamsi
2778 2248 2910 2306 illud
2942 2249 3006 2301 de
3036 2246 3259 2300 Citrile
3291 2259 3401 2295 ιιυῐι
3431 2242 3761 2303 εηιιηιὶοιῖεν
3793 2256 3957 2306 €030-

726 2340 863 2395 tuini
894 2349 1076 2397 tamen
1110 2358 1175 2397 ex
1206 2344 1274 2397 ils
1302 2361 1422 2419 qua:
1451 2346 1815 2413 pra-misistis,
1851 2346 1991 2400 duas
2023 2334 2244 2416 quoque
2272 2346 2539 2401 aﬁirmare
2568 2355 2813 2399 naturas.
2843 2345 3052 2413 Quippe
3076 2338 3121 2398 si
3153 2345 3352 2396 natura
3380 2345 3436 2395 et
3459 2334 3783 2419 ὶιγροειᾳξύξ
3807 2332 3956 2419 idet“

730 2439 879 2495 sunt,
908 2433 1265 2501 asseritisque
1304 2417 1647 2487 divinitatem
1683 2434 1888 2490 Christi
1926 2450 2048 2491 esse
2102 2446 2375 2501 naturam,
2412 2444 2466 2490 et
2493 2450 2693 2504 corpus
2723 2436 2863 2505 ejus,
2912 2445 3182 2500 naturam,
3226 2430 3391 2489 simul
3423 2430 3608 2485 dicitis
3652 2416 3958 2493 ὧνίηίυιίε

727 2523 849 2593 ejus
876 2538 997 2577 esse
1024 2524 1364 2592 hyposmsim
1405 2541 1591 2587 uuam,
1628 2534 1679 2579 et
1719 2527 2077 2582 humanitatis
2110 2527 2229 2597 ejus
2264 2541 2387 2581 esse
2421 2527 2757 2595 hypostasim
2792 2527 3044 2579 alteram.

798 2617 852 2669 τ.
887 2617 1041 2682 Quod
1070 2619 1115 2671 si
1152 2619 1468 2688 hypostasis
1498 2630 1550 2672 et
1581 2628 1776 2673 natura
1812 2621 1953 2674 idem
1994 2629 2151 2683 sunt,
2186 2620 2459 2683 Christus,
2506 2634 2628 2672 cum
2663 2621 2733 2673 sit
2771 2617 3257 2672 consubstantialis
3291 2617 3467 2680 Patri,
3494 2629 3559 2668 ac
3584 2611 3967 2669 consubstant

732 2707 880 2762 tialis
913 2708 1092 2773 nobis,
1133 2711 1238 2762 erit
1269 2710 1434 2763 etiam
1463 2710 1708 2776 ejusdem
1735 2726 1861 2765 cum
1898 2710 2060 2766 Patre
2099 2720 2151 2767 et
2189 2712 2348 2765 nobis
2375 2711 2691 2780 hypostasis
2722 2728 2733 2763 :
2768 2720 2879 2762 tutu
2919 2709 3152 2763 subinde
3195 2713 3524 2779 hypostases
3554 2705 3881 2760 divinitatis
3917 2710 3973 2757 et

731 2798 1094 2853 humanitatis
1130 2817 1235 2853 ttna
1274 2802 1584 2871 hypostasis
1643 2803 1792 2856 ﬁent.
1827 2803 1962 2857 Nam
1998 2807 2042 2858 si
2086 2805 2400 2873 hypostasis
2443 2814 2496 2856 ct
2530 2811 2722 2856 natura
2764 2818 2929 2855 unum
2977 2812 3033 2855 et
3077 2803 3217 2856 idem
3261 2811 3410 2866 sunt,
3443 2800 3694 2869 atquein
3738 2796 3972 2852 Christo

730 2891 1144 2945 distinctionem
1172 2892 1336 2961 399
1366 2902 1685 2947 naturarum
1718 2896 2087 2959 constituatis,
2124 2911 2233 2949 non
2264 2909 2392 2948 vero
2427 2893 2830 2962 bypostasium,
2862 2906 2955 2946 seu
2988 2907 3390 2960 personarum;
3418 2899 3614 2945 natura
3645 2887 3893 2956 proinde
3920 2896 3976 2939 et

733 2979 1045 3049 hypostasis
1099 2981 1241 3034 idem
1276 2996 1383 3035 non
1438 2992 1620 3037 erunt.
1652 2982 1827 3053 Hujus
1868 2999 1999 3038 vero
2041 2984 2346 3054 argumenti
2395 2981 2793 3036 demonstratio
2843 2981 3075 3033 maxime
3120 2980 3410 3048 perspicua
3456 2985 3541 3031 est
3572 2974 3837 3039 cuilibet,
3868 2972 3975 3028 nisi

733 3078 919 3125 mente
950 3071 1223 3124 caecutiat.

801 3162 857 3216 8.
891 3164 968 3217 Ac
1006 3174 1154 3218 certe
1177 3164 1395 3233 quidem
1454 3168 1674 3222 nomine
1702 3169 2071 3233 ὑποστάσεως,
2113 3160 2456 3240 signiilealur
2503 3184 2591 3224 res
2626 3182 2732 3221 una
2774 3167 3069 3236 singularis
3099 3163 3404 3219 secundum
3450 3162 3717 3228 seipsam.
3759 3158 3983 3227 Quippe

735 3266 934 3306 nomen
992 3254 1306 3323 hypostasis
1354 3270 1474 3308 cum
1537 3255 1967 3325 signiﬁcationes
2007 3258 2209 3312 habeat
2241 3258 2511 3321 diversas,
2548 3273 2735 3313 earum
2774 3271 2881 3309 una
2925 3264 3009 3309 est
3046 3255 3189 3323 quod
3220 3254 3468 3321 designet
3520 3248 3734 3317 aliquid
3790 3263 3897 3315 per
3926 3264 3985 3303 se

735 3346 1043 3401 subsistens
1071 3363 1085 3409 ;
1122 3346 1251 3408 alia,
1283 3347 1332 3400 id
1365 3348 1508 3416 quod
1537 3349 1591 3401 in
1612 3349 1721 3403 alio
1750 3366 1856 3403 non
1893 3350 2131 3413 exsistit,
2161 3359 2253 3404 aut
2284 3352 2341 3405 in
2369 3353 2480 3405 alio
2510 3359 2707 3422 praeter
2755 3350 2929 3419 ipsum
2963 3345 3377 3401 subsistentiam
3416 3356 3523 3394 non
3555 3340 3752 3402 habet,
3779 3347 3838 3391 et
3875 3352 3987 3390 non

735 3442 821 3491 est
845 3433 1125 3489 accidens.
1160 3432 1272 3489 lloc
1297 3444 1475 3488 autem
1505 3452 1702 3491 nomen
1733 3453 1855 3492 cum
1889 3448 2157 3507 usurpant
2207 3438 2397 3495 Patres
2436 3440 2505 3494 de
2558 3440 2865 3495 substantia
2917 3436 3203 3506 singulari,
3234 3435 3557 3504 plerumque
3609 3430 3903 3496 signiﬁcat
3938 3430 3989 3482 id

730 3530 881 3599 quod
915 3543 1021 3581 non
1054 3536 1139 3583 est
1177 3529 1229 3581 in
1272 3528 1540 3597 subjecto,
1570 3532 1830 3601 quodque
1860 3548 1971 3587 non
2001 3542 2085 3588 est
2112 3534 2371 3603 privatio,
2403 3549 2547 3604 saape
2582 3550 2799 3589 rursum
2840 3534 3115 3603 signiﬁcat
3145 3531 3450 3599 subjectum
3481 3529 3547 3582 de
3576 3540 3689 3596 quo
3725 3527 3992 3594 quaedam

740 3612 1132 3693 praedicantur.

811 3716 863 3769 9.
911 3715 1018 3768 \‘os
1042 3715 1211 3785 igitur
1232 3714 1250 3783 (
1275 3714 1702 3784 MonOphysitze)
1728 3715 1939 3769 relictis
1957 3716 2305 3787 ambagibus.
2335 3720 2379 3775 Α

2356 3720 2379 3774 ι
2479 3716 2545 3769 θ’.
2579 3755 2593 3771 .
2629 3756 2642 3769 .
2675 3754 2691 3769 .
2726 3754 2740 3769 .
2776 3755 2792 3769 .
2822 3732 2913 3776 τες
2946 3712 3123 3765 τοίνυν
3170 3711 3229 3771 τὸ
3278 3706 3601 3780 περισκελὲς
3627 3746 3643 3769 ,
3686 3704 3789 3756 τὸν
3834 3704 3997 3770 λόγον

742 3815 888 3862 recte
929 3815 1162 3860 tractato
1205 3806 1426 3859 verbum
1470 3806 1759 3868 veritatis;
1802 3822 1910 3861 non
1946 3809 2125 3873 enim,
2164 3808 2310 3862 sicut

2409 3808 2507 3876 τῆς
2562 3804 2818 3874 ἀληθείας
2870 3803 3269 3872 ὸρθοτομήσατε
3307 3814 3321 3829 ο
3375 3798 3436 3850 οὐ
3476 3797 3584 3865 γὰρ
3628 3794 3707 3856 ὡς
3739 3795 3794 3845 οἱ
3849 3795 4000 3860 ἅγιοι

741 3899 923 3955 sam-ti
967 3898 1221 3951 doctores
1258 3898 1551 3960 dixerunt,
1592 3897 1735 3951 idem
1775 3898 1961 3953 dicitis
1996 3912 2117 3953 esse
2152 3910 2309 3974 natu-

2414 3896 2651 3967 [Ιατέρες
2678 3897 2953 3965 εἰρήκασι,
2979 3894 3171 3952 ταυτὸν
3200 3891 3388 3959 λέγετε
3416 3889 3577 3955 φύσιν
3600 3888 3700 3938 καὶ
3750 3887 4006 3938 636m-

745 4006 858 4045 ram
891 3997 944 4044 et
977 3991 1313 4059 hypostasim
1343 4006 1359 4054 ;
1390 3990 1527 4056 quin
1562 3989 1744 4057 potius
1777 3998 2033 4060 naturam
2064 3990 2313 4059 particu-

2416 4004 2534 4039 O’W'
2598 3986 2827 4058 μερικὴν
2876 3984 2933 4037 δὲ
2981 3983 3177 4052 μᾶλλον
3215 3980 3313 4050 τὴν
3371 3981 3555 4047 φύσιν,
3613 3978 3692 4037 ὠς
3739 3977 3843 4029 καὶ
3904 3978 4006 4046 τὴν

746 4082 914 4135 larem
947 4091 1204 4148 tauquam
1229 4079 1564 4148 inpostasim
1596 4095 1688 4148 per
1719 4096 1777 4135 sc
1798 4081 2149 4135 essistentem
2179 4096 2313 4134 con-

2415 4080 2535 4131 κατ¹⁸
2566 4078 2695 4130 αὐτὸ
2717 4077 3024 4146 ὁμολογεῖτε
3056 4075 3373 4126 ὑπόστασιν.
3404 4072 3527 4122 Ὀτι
3558 4069 3617 4121 δὲ
3646 4069 3713 4120 οὐ
3751 4086 3823 4137 με
3836 4069 4004 4137 ρικὰς

751 4172 997 4225 titentini.
1054 4170 1161 4224 Sed
1217 4169 1361 4238 quod
1416 4186 1520 4224 non
1575 4180 1827 4239 oporteat
1867 4172 2051 4225 dicere
2090 4179 2315 4225 naturas

1975 4185 2051 4225 tre
2090 4179 2315 4225 naturas
2416 4171 2604 4237 φύσεις
2630 4169 2806 4234 λέγειν
2828 4167 3011 4235 ἐχρῆν,
3050 4156 3299 4216 ὲντεῦοεν
3335 4160 3616 4229 εἰσόμεθα.

750 4263 1118 4334 particulares
1141 4302 1155 4325 ,
1190 4260 1317 4314 hinc
1345 4262 1735 4330 intelligemus.
3507 4250 3510 4252 ⁷

822 4355 907 4406 10.
957 4351 1013 4405 Si
1057 4360 1285 4405 naturas
1326 4350 1687 4419 particulares
1727 4351 1781 4402 in
1830 4358 2023 4403 sancta
2052 4348 2319 4403 Trinitate

2490 4351 2540 4394 ι’.
2576 4340 2882 4411 Εῐμερικὰς
2900 4340 3085 4405 φύσεις
3117 4337 3206 4388 ἐπὶ
3225 4338 3324 4405 τῆς
3353 4335 3513 4400 ἁγίας
3560 4333 3803 4401 Τριάδος
3873 4335 4014 4399 ὀμο-

750 4443 1133 4505 conﬁtemini,
1194 4444 1425 4496 diversa:
1482 4443 1805 4494 substantia:
1855 4455 1977 4495 eam
2032 4440 2315 4501 censetis,

2420 4435 2643 4500 λογεῖτε,
2692 4430 3018 4499 ἐτεροούσιον
3074 4427 3275 4495 ταύτην
3321 4425 3607 4490 δοξάζετε,
3660 4424 3765 4475 καὶ
3841 4423 4018 4473 πάλιν

752 4549 1086 4603 rursumque
1120 4534 1258 4587 adeo
1293 4534 1453 4585 Arius
1480 4534 1753 4585 excitatus
1785 4540 1892 4585 est.
1929 4530 2084 4592 Quod
2122 4531 2167 4584 si
2205 4532 2321 4583 sin-

2424 4522 2717 4589 ὲγήγερται
2782 4522 3012 4585 Ἄρειος.
3072 4518 3133 4568 Et
3183 4517 3238 4568 δὲ
3277 4516 3480 4590 ἑκάστῃ
3530 4513 3640 4565 τῶν
3693 4514 3802 4579 τῆς
3840 4514 4022 4579 ἁγίας

752 4626 899 4697 gulis
928 4625 1182 4695 personis
1214 4623 1416 4677 divinis
1465 4631 1670 4676 sancta:
1720 4621 2009 4675 Trinitatis
2045 4621 2319 4688 propriam

2425 4613 2651 4683 Τριὰδος
2676 4610 2974 4679 Θεαρχικῶν
3020 4607 3365 4660 ὺποστὰσεων
3392 4606 3702 4669 ἰδιάζουσαν
3737 4604 3901 4657 δῶτε
3936 4605 4027 4656 0'3-

753 4692 1132 4775 substantiam
1168 4715 1449 4777 tribuitis,
1486 4728 1622 4782 quas
1652 4711 2161 4766 consubstantiales
2202 4725 2326 4763 esse

2428 4704 2568 4765 σέαν,
2602 4692 2913 4769 ὁμοοάςίους
2941 4699 2995 4749 δὲ
3024 4699 3220 4760 ταύτας
3248 4697 3386 4749 κατὰ
3413 4696 3508 4762 τὴν
3567 4695 3761 4762 κοινὴν
3815 4696 3891 4745 οὗ
3907 4695 4027 4745 τίμιαι

756 4810 1063 4865 secundum
1115 4821 1460 4860 communem
1510 4804 1872 4858 substantiam
1915 4801 2323 4865 conﬁteamini;

2426 4792 2783 4863 ὁμολογήσετε
2814 4807 2825 4819 ·
2860 4790 3049 4840 ταυτὸν
3083 4787 3137 4839 δὲ
3162 4787 3317 4838 οὐσία
3346 4784 3438 4837 καὶ
3466 4784 3797 4846 ὑπόστασις,
3860 4785 4032 4835 ἔσται

758 4902 900 4957 idem
934 4914 1061 4953 vero
1096 4898 1169 4950 sit
1203 4894 1509 4951 substantia
1543 4902 1599 4947 et
1634 4891 1946 4963 hypostasis
1974 4909 1986 4942 :
2023 4890 2132 4942 erit
2162 4888 2327 4957 igitur

2430 4879 2550 4935 καθ’
2578 4879 2727 4948 ὑμῶν
2759 4877 2951 4947 τετρὰς
2974 4876 3319 4927 ὖττοστὰσεων
3341 4888 3357 4902 ·
3383 4872 3547 4942 τριῶν
3582 4870 3682 4937 μὲν
3730 4872 4034 4939 μερικῶν,

756 4991 1021 5060 Opinione
1077 5000 1257 5042 vestra
1313 4986 1657 5055 quaternitas
1693 4982 2108 5053 hypostasium,
2164 4978 2327 5032 trium
2362 5047 2397 5064 ἢ

2436 4973 2561 5040 μιᾶς
2582 4969 2635 5020 δὲ
2657 4968 2859 5036 κοινῆς,
2882 4966 2973 5019 καὶ
3012 4964 3208 5016 οὐσιῶν
3240 4962 3440 5030 ὁμοίως
3468 4961 3687 5029 τετράς.
3726 4960 3857 5011 Καὶ
3894 4960 4036 5011 ἑκά·

759 5081 984 5153 quidem
1025 5077 1439 5147 particulariutn
1468 5115 1483 5139 ,
1523 5075 1692 5128 unius
1726 5089 1856 5127 vero
1886 5062 2197 5126 communis
2225 5088 2239 5134 ;
2276 5076 2330 5123 et
2362 5047 2400 5098 Β

2394 5051 2401 5096 ἶ
2432 5076 2531 5127 στη
2550 5060 2656 5110 τῶν
2677 5053 3149 5117 ὑποστάσεων,δύο
3178 5050 3391 5119 φύσεών
3407 5068 3467 5102 τε
3496 5050 3591 5102 καὶ
3615 5050 4035 5108 omnisse”.

2522 5151 2529 5153 _
2642 5148 2651 5153 .
2839 5138 2885 5153 _-
3024 5146 3047 5153 _
3099 5142 3138 5153 -.
3358 5140 3382 5150 -
3544 5138 3558 5153 ι
3615 5136 3637 5153 ..
3914 5142 3928 5153 .

762 5170 1020 5225 similiter
1049 5167 1389 5235 quaternitas
1417 5165 1853 5219 substantiarunt
1884 5180 1897 5227 ;
1929 5162 2039 5214 imo
2068 5175 2332 5229 unaquae-

2435 5151 2563 5219 μιᾶς
2601 5148 2695 5216 μὲν
2722 5138 2924 5215 κοινῆς,
2956 5146 3079 5213 μιᾶς
3096 5142 3150 5194 δὲ
3189 5140 3446 5211 μερικῆς.
3474 5138 3568 5191 καὶ
3614 5136 3853 5189 ἔσονται
3902 5142 4038 5206 ὄρθ’

762 5275 873 5331 que
899 5258 1211 5329 hypostasis
1241 5256 1474 5310 duarum
1511 5263 1833 5307 naturarum
1864 5260 1917 5305 et
1953 5228 2331 5320 hypostasium

2433 5243 2602 5294 ούσιοι
2636 5241 2728 5290 καὶ
2746 5236 3088 5306 ἐτεροούςιοι,
3124 5230 3521 5301 ὀμοῦπόστατοί
3580 5246 3639 5280 τε
3691 5228 3793 5279 καὶ
3826 5230 4038 5294 ἑτερο-

765 5351 902 5414 crit,
932 5348 1098 5401 unius
1127 5347 1346 5415 quidem
1376 5343 1689 5397 communis
1710 5384 1722 5406 ,
1753 5350 1806 5395 et
1840 5340 2007 5392 unius
2039 5336 2335 5405 particula-

2439 5332 2750 5385 ὒπόστατοι.
2771 5329 2879 5381 Καὶ
2897 5327 2977 5387 τες
3007 5326 3068 5376 οὐ
3096 5323 3408 5404 γελάσεται,
3432 5319 3633 5388 μᾶλλον
3650 5317 3715 5370 δὲ
3744 5319 3947 5371 ἁποδύ
3959 5335 4043 5386 ρε-

768 5439 881 5501 ris,
913 5446 1189 5503 eruntque
1228 5436 1393 5488 simul
1424 5433 1669 5501 ejusdem
1702 5440 1751 5484 et
1782 5430 2018 5482 diversae
2049 5426 2335 5490 essentia),

2428 5440 2515 5474 ται
2559 5420 2654 5488 τῆς
2721 5417 2912 5487 μανὲας
2955 5416 3051 5483 τὴν
3080 5413 3408 5483 ὑπερὸο).ήν;
3442 5409 3560 5463 Οὐκ
3596 5408 3714 5459 ἔστι
3766 5408 3957 5459 τοῦτο
3992 5410 4037 5458 εἰ

768 5527 1019 5597 ejusdem
1045 5535 1098 5581 et
1124 5527 1354 5580 diversae
1382 5523 1718 5594 hypostasis.
1749 5520 1951 5589 Ecquis
1980 5531 2086 5571 non
2120 5515 2294 5569 rideat
2324 5532 2338 5579 ;

2437 5514 2509 5582 μὴ
2542 5510 2810 5579 φλὴναςδος
2838 5506 2931 5557 καὶ
2955 5505 3187 5565 διανοίας
3211 5501 3553 5568 ἀνάπλασμα
3581 5498 3826 5551 κακοδαξ
3838 5513 4043 5567 μῆνας,

774 5624 886 5678 into
914 5633 1047 5674 vero
1078 5632 1187 5669 non
1222 5616 1346 5669 ﬂeat
1377 5614 1797 5669 immoderatum
1825 5611 2018 5665 horum
2055 5604 2339 5662 furorem?

2444 5600 2710 5669 δαιμόνων
2766 5600 2977 5666 εὕρημα
3034 5590 3341 5656 σκοτεινὸν,
3407 5589 3616 5658 καὶτῆς
3687 5584 4042 5655 Ἑλληνικῆς

850 5772 1095 5836 “.Iiasil.
1124 5772 1284 5841 epist.
1317 5769 1439 5823 59!.
