4156 6436
756 408 892 473 1413

1917 405 1975 462 S.
2016 404 2333 462 JUANNIS
2356 406 2780 465 DAMASCENI

3843 413 3977 474 ιιιι

750 532 814 571 ex
848 518 1049 587 quibus
1075 519 1375 584 composita
1399 524 1482 569 cst
1509 533 1523 567 ε
1554 528 1999 581 unamquamque
2025 528 2151 565 vero
2177 512 2309 565 sub-

2430 530 2586 575 ιατος
2607 530 2617 540 ·
2650 516 2681 581 ὴ
2711 514 2768 565 δὲ
2797 490 3033 583 ἔμψυχος
3075 517 3167 567 καὶ
3196 516 3391 588 λογικὴ
3428 515 3598 569 αὐτοῦ
3648 517 3814 583 σὰρξ,
3872 536 3985 569 tau-

754 606 1077 657 stautiarum
1110 604 1228 670 ejus
1254 643 1266 663 ,
1300 602 1698 661 ἐνυπόστατον,
1749 600 1855 651 hoc
1888 606 1974 652 est
2028 599 2082 650 in
2135 599 2305 666 hypo-

756 701 889 753 stasi
921 714 1060 750 csse.
1098 694 1309 746 [labent
1355 694 1497 745 cnim
1551 706 1899 743 communem
1953 704 2115 766 unam
2167 690 2312 742 illius

757 789 1093 858 bypostasim
1125 803 1139 836 :
1167 796 1222 836 ut
1250 785 1512 837 divinitas
1544 784 1787 852 quidem,
1821 781 1945 833 Filii
1974 781 2313 849 hypostasim

754 890 954 933 aeterne
998 878 1231 937 habeat,
1263 873 1716 942 quemadmodum
1751 880 1805 922 ct
1842 870 2016 923 Patris
2044 877 2097 922 et
2141 868 2313 935 Spiri-

756 977 843 1022 tus
876 970 1196 1037 bypostases
1225 983 1238 1029 ;
1270 958 1401 1015 carl)
1429 977 1556 1015 vero
1586 962 1705 1027 ejds
1737 960 1976 1012 animata
2006 966 2058 1011 et
2089 955 2318 1010 rationis

754 1058 1051 1125 particeps.
1080 1070 1173 1107 seu
1205 1052 1355 1120 quodl
1380 1051 1519 1101 idem
1554 1057 1667 1109 cst,
1727 1047 2091 1101 humanitatis
2119 1049 2312 1125 ipsius,

2415 603 2506 652 τὸν
2534 604 2597 670 δὴ
2626 606 2824 666 εἰπεῖν,
2850 608 2883 673 ἡ
2916 605 3023 677 [εὖ]
3052 608 3404 675 ἀνθρωπότης
3427 606 3593 661 αὑτοῧ
3651 612 3981 677 προσφάτως

2418 693 2475 742 ὲν
2527 694 2662 762 αὐτῇ
2726 695 3029 756 ὑποστᾶσα.
3080 702 3171 748 καὶ
3217 698 3383 765 αὐτὴν
3419 697 3828 765 κληρωσαμένη
3864 700 3985 749 ὖπὸο

2424 798 2630 832 στασιν.
2690 784 2878 846 Οῦτως
2920 785 3043 836 οὔτε
3094 786 3486 848 ἀνυπόστατος,
3530 787 3643 837 οὐθ’
3682 788 3853 852 ἑτέρα
3889 788 3983 834 τῷ)

2420 869 2515 920 τοῦ
2555 871 2791 938 Χριστοῦ
2825 872 3037 938 φύσεῶυ
3067 874 3232 937 ἐστιν,
3264 874 3387 925 οὔτε
3413 877 3620 941 ἑκάστη
3650 874 3779 926 καθ’
3820 876 3983 941 αὐτὴν

2420 957 2717 1013 ὑπόστασιν
2747 950 3026 1027 κέκτηται,
3054 960 3191 1012 ἀλλὰ
3216 962 3312 1031 τὴν
3352 963 3521 1032 αὐτὴν
3562 964 3658 1014 καὶ
3713 963 3851 1029 μίαν
3890 966 3989 1029 ἁμ-

2419 1048 2650 1115 φότερα⁹

754 1159 1009 1202 rccenter
1058 1147 1111 1198 in
1164 1158 1227 1196 ea
1276 1143 1577 1202 subsistat,
1627 1155 1859 1207 eamque
1900 1140 2002 1193 sibi
2048 1148 2210 1192 nacta
2255 1122 2327 1192 sit
2362 1140 2727 1208 hypostasitn.
2778 1143 2896 1209 Quo
2928 1144 2985 1197 ﬁt
3015 1153 3073 1198 ut
3106 1154 3297 1199 neutra
3335 1162 3402 1200 ex
3477 1146 3691 1204 Christi
3770 1150 3987 1202 naturis

755 1238 1035 1309 hypustasi
1071 1243 1293 1295 careat,
1329 1246 1431 1285 nec
1472 1230 1728 1299 quaelibet
1770 1245 1958 1283 carum
2011 1246 2106 1298 per
2151 1238 2321 1283 semet
2357 1231 2659 1297 subsistat,
2687 1233 2784 1286 sed
2812 1234 2984 1288 amba
3047 1250 3208 1311 unam
3261 1238 3617 1306 eamdemque
3647 1240 3986 1307 hypostasim

758 1330 1012 1381 habeant.

827 1417 914 1469 15.
950 1414 1159 1479 Quibus
1190 1414 1271 1466 sic
1303 1412 1659 1480 prazstitutis,
1711 1410 1777 1461 ad
1828 1409 2188 1478 quaestionem
2235 1423 2323 1459 ve-

758 1505 993 1558 niamus.
1045 1502 1316 1567 Quaeritur
1374 1517 1536 1570 ergo,
1596 1502 1740 1553 sitne
1796 1498 2055 1553 Christus
2114 1507 2325 1551 naturae

756 1596 879 1646 dum
909 1598 962 1644 et
988 1592 1040 1642 in
1076 1590 1289 1644 duabus
1320 1591 1529 1643 naturis
1552 1628 1566 1653 ,
1596 1603 1663 1640 an
1698 1602 1802 1639 una
1836 1596 2045 1640 tantum
2069 1628 2082 1649 ,
2114 1597 2169 1640 ut
2201 1590 2327 1654 pro-

2497 1412 2584 1472 ιγ’.
2651 1407 2868 1460 Τούτων
2918 1410 3060 1462 οὕτω
3097 1412 3596 1479 προδιωρισμένων,
3630 1414 3731 1463 ἐπὶ
3788 1415 3850 1463 τὸ
3896 1415 3987 1481 ζη-

2421 1499 2685 1567 τούμενον
2712 1501 2986 1570 ἔλθωμεν·
3018 1502 3175 1555 τοῦτο
3213 1504 3286 1595 δέ⁵
3307 1508 3454 1556 ἐστιν
3482 1521 3495 1533 ’
3552 1509 3603 1557 εί
3651 1506 3750 1557 δύο
3802 1508 3989 1572 φύσεις

2424 1590 2571 1639 ἐστὶν
2602 1592 2630 1641 ό
2661 1591 2916 1658 Χριστὸς,
2948 1592 3040 1643 καὶ
3068 1594 3127 1643 ὲν
3158 1590 3286 1643 δυσΐ
3312 1593 3556 1659 φύσεσιν,
3594 1594 3628 1661 ἢ
3671 1595 3796 1662 μία,
3852 1594 3991 1645 καθὰ

756 1683 973 1750 digiose
1007 1680 1230 1746 ﬁngitis.
1277 1679 1544 1743 Quocirca
1597 1692 1776 1744 operae
1821 1677 2054 1744 pretium
2102 1683 2218 1738 est,
2261 1676 2328 1730 de

2430 1678 2778 1744 τερατεύεσθε
2799 1694 2812 1706 ο
2844 1680 2949 1749 χρὴ
2975 1680 3261 1749 τοιγαροῦν
3286 1682 3374 1732 τὸν
3400 1682 3527 1749 περί
3546 1699 3694 1743 τινος
3738 1682 3990 1747 συλλογι-

756 1772 942 1839 aliquo
968 1769 1372 1838 disputantem,
1406 1783 1471 1821 ex
1501 1766 1887 1821 communibus
1931 1766 2182 1833 verisque
2227 1780 2324 1817 no-

2430 1766 2653 1835 ξάμενον
2669 1769 2734 1819 ἐκ
2759 1770 2953 1821 κοινῶν
2977 1772 3069 1821 καὶ
3115 1770 3334 1839 ἀληθῶν
3378 1772 3634 1824 ἐννοιῶν·
3680 1772 3892 1823 κοινῶν
3938 1772 3992 1822 δὲ

757 1861 1003 1933 tionibus
1058 1860 1365 1928 principia,
1421 1872 1515 1910 seu
1574 1855 1979 1922 propositiones
2032 1856 2320 1908 coniicere.

757 1950 1090 2005 Communes
1125 1961 1290 2015 porro
1319 1946 1475 2008 dico,
1512 1958 1633 2012 qua:
1666 1958 1695 1995 a
1732 1942 2158 2011 sapientioribus
2198 1949 2325 1998 sunt

757 2053 1055 2094 concessae.
1097 2036 1187 2091 Sic
1221 2037 1365 2090 enim
1397 2033 1650 2096 cﬁicitur,
1697 2040 1759 2087 ut
1802 2034 1855 2086 id
1906 2031 2053 2102 quod
2096 2033 2322 2094 texitur,

759 2130 1163 2199 argumentatio
1194 2128 1267 2183 sit
1288 2134 1388 2199 ,et
1416 2140 1527 2180 non
1558 2120 1775 2178 fallacia
1804 2140 1820 2189 ;
1854 2138 1983 2179 vera
2018 2122 2322 2188 conclusio,

759 2198 870 2271 non
900 2215 1159 2271 absurda.
1309 2198 1319 2208 ’

831 2304 920 2358 ﬂ.
958 2304 1128 2373 Igitur
1164 2301 1416 2356 confessa
1456 2314 1543 2355 res
1581 2308 1666 2355 est
1696 2299 1840 2370 apud
1874 2312 2066 2359 omnes
2098 2309 2322 2359 sanctos

758 2393 982 2459 Patres,
1010 2410 1076 2449 ex
1120 2394 1411 2448 divinitate
1448 2400 1502 2447 et
1532 2392 1868 2447 humanitate
1912 2391 2107 2446 factam
2155 2391 2327 2447 fuisse

759 2485 1057 2548 unionem,
1092 2482 1481 2550 Christumque
1534 2496 1657 2538 esse
1704 2482 1762 2535 in
1810 2482 2093 2537 divinitate
2146 2482 2327 2552 perfe-

759 2584 945 2640 ctum,
973 2582 1027 2631 et
1054 2574 1303 2629 eumdem
1339 2571 1639 2642 perfectum
1689 2572 1743 2624 in
1793 2573 2168 2636 humanitate,
2205 2588 2357 2642 quae-

760 2667 913 2725 nuila
943 2666 1029 2722 sui
1062 2672 1217 2735 parte
1246 2663 1555 2718 deﬁciatur.
1597 2662 1800 2716 Dicatis
1827 2678 1956 2731 ergo
1984 2662 2163 2727 nobis,
2195 2678 2325 2717 num

762 2756 879 2813 hac
907 2756 1068 2809 etiam
1099 2753 1256 2807 vobis
1287 2750 1612 2805 arrideant?
1657 2750 1799 2803 idem
1845 2753 2005 2819 plane
2050 2767 2148 2805 vos
2193 2766 2327 2805 con-

762 2845 1009 2900 fessuros
1051 2849 1206 2911 puto.
1267 2837 1561 2898 Jamvero,
1593 2837 1853 2905 quidnam
1902 2847 1985 2892 est
2028 2839 2328 2894 divinitas?

761 2933 895 3004 quid
926 2946 1147 2987 rursum
1176 2927 1532 2984 humanitas?
1562 2927 1869 2982 substantia
1888 2968 1904 2989 ,
1932 2942 1999 2981 an
2034 2928 2328 2982 accidens?

762 3030 983 3085 natura,
1017 3036 1086 3074 an
1121 3015 1477 3089 hypostasis?
1515 3014 1699 3079 credo,
1735 3016 1929 3069 dicetis
1958 3016 2323 3069 substantiam

2422 1860 2563 1925 λέγω
2591 1859 2699 1911 τῶν
2722 1860 2853 1929 παρ’
2886 1862 3213 1931 ἀμφοτέροις
3243 1862 3680 1932 ὡμολογημένων
3718 1878 3734 1891 ’
3765 1863 3869 1924 τὰς
3896 1864 3995 1929 ἁρ-

2422 1948 2547 2015 χὰς,
2570 1949 2690 2015 ἢτοι
2709 1950 2808 2010 τὰς
2841 1949 3133 2019 προτάσεις
3157 1951 3451 2007 ποιεῖσθαι.
3512 1952 3673 2004 Οὕτω
3709 1954 3831 2019 γαρ
3872 1951 3995 2004 συλ-

2422 2035 2703 2104 λογισμὸς,
2740 2038 2835 2088 καὶ
2859 2038 2921 2088 οὐ
2952 2038 3363 2108 παραλογισμδς
3409 2041 3471 2091 τὸ
3504 2040 3855 2109 πλεκόμενον
3885 2040 3992 2110 εἴη,

2422 2124 2483 2177 τό
2506 2141 2563 2177 τε
2593 2127 2963 2197 συμπέρασμα
2991 2128 3184 2197 ἀληθὲς
3212 2130 3305 2181 καὶ
3338 2130 3437 2181 οὐχ
3466 2130 3691 2183 ἄτοπον.

2498 2297 2582 2351 ιδ’.
2656 2299 3013 2369 ὀμολόγηται
3057 2301 3237 2354 τοίνυν
3278 2304 3407 2371 παρ’
3462 2304 3637 2356 ἃπασι
3666 2304 3787 2366 τοῖς
3820 2306 3997 2369 hiat;

2424 2389 2694 2460 Πατράσιν
2725 2390 2790 2442 ἐκ
2824 2389 3074 2459 θεότητος
3102 2391 3195 2444 καὶ
3218 2391 3636 2463 ἀνθρωπότητος
3657 2388 3997 2461 γεγενῆσθαι

2425 2481 2525 2548 τὴν
2558 2479 2773 2541 ἕνωσιν,
2806 2481 2897 2532 καὶ
2920 2480 3011 2532 τὸν
3032 2479 3265 2549 Χριστὸν
3296 2482 3355 2532 ὲν
3391 2480 3605 2548 θεότητι
3636 2481 3880 2543 τέλειον,
3905 2482 3998 2534 καὶ

2422 2568 2627 2621 τέλειον
2678 2570 2773 2621 καὶ
2815 2569 3071 2638 ἀνελλιπῆ
3136 2569 3225 2622 τὸν
3256 2570 3418 2623 αὐτὸν
3477 2571 3535 2622 ὲν
3582 2571 3997 2639 ἀνθρωπότητι.

2424 2659 2623 2713 Εἴπατε
2653 2661 2830 2713 τοίνυν
2855 2663 2988 2728 ἡμῖν
3007 2677 3021 2690 ·
3053 2660 3146 2713 καὶ
3169 2661 3296 2729 ὑμῖν
3325 2662 3496 2712 ταῦτα
3525 2660 3717 2725 δοκεῖς
3771 2678 4000 2729 συνομο-

2423 2746 2704 2815 λογήσετε,
2734 2744 2809 2807 ὥς
2839 2746 2903 2812 γέ
2940 2765 3027 2816 μοι
3051 2746 3216 2798 δοκεῖ.
3242 2746 3307 2797 Τί
3332 2746 3386 2798 δὲ
3427 2746 3638 2814 θεότης,
3672 2747 3776 2799 καὶ
3814 2748 3871 2797 τί
3908 2748 3999 2798 ἁν-

2426 2836 2953 2905 θρωπότηςςούσία,
2986 2836 3019 2904 ἢ
3057 2835 3436 2904 συμϐεϐηκόςς
3479 2836 3644 2903 φύσις
3682 2837 3719 2905 ἢ
3755 2836 4000 2888 ὑπόστα-

2426 2941 2538 2989 σις;
2580 2919 2748 2992 Οἶμαι
2771 2923 2956 2976 οὐσίαν
2981 2925 3075 2975 καὶ
3105 2925 3265 2989 φύσιν
3319 2926 3462 2993 ὑμᾶς
3499 2927 3647 2993 ἐρεῖν
3671 2941 3686 2955 ·
3748 2927 3836 2977 ὅτι
3904 2928 4002 2994 μὲν

2426 3017 2534 3084 γὰρ
2581 3016 2642 3066 οὑ
2692 3013 3052 3083 συμϐεϐηκὸς
3072 3014 3233 3065 παντί
3268 3030 3369 3066 που
3422 3014 3576 3082 δῆλον
3602 3031 3616 3042 ·
3677 3016 3769 3067 ὅτι
3800 3015 3860 3068 δὲ
3892 3016 3999 3068 095'

762 3124 818 3169 et
850 3122 1125 3169 naturain.
1159 3109 1293 3162 Nam
1326 3105 1474 3174 quod
1509 3113 1765 3159 neutrum
1796 3106 1868 3160 sit
1898 3106 2157 3160 accidens
2180 3142 2195 3168 ,
2225 3120 2324 3158 ne-

2430 3105 2740 3165 ὑπόστασις,
2776 3103 2970 3164 ἱκανῶς
2997 3104 3055 3156 ὲν
3093 3104 3206 3164 τοῖς
3233 3102 3540 3171 ἔμπροσθεν
3587 3104 3997 3159 ἀποδέδεικται.

764 3204 900 3260 mini
940 3216 1047 3257 non
1086 3198 1433 3253 manifestum
1469 3203 1573 3250 est.
1608 3194 1767 3258 Quod
1798 3200 1981 3249 autem
2018 3208 2117 3247 nec
2154 3193 2325 3261 hypoo

765 3294 937 3352 stasis
976 3294 1084 3353 sit,
1123 3289 1260 3343 satis
1309 3286 1541 3339 antehac
1588 3293 1872 3338 ostensum
1923 3282 2045 3340 fuit.
2098 3280 2230 3335 Nam
2279 3281 2324 3335 si

765 3398 966 3440 nomen
995 3376 1299 3434 divinitatis
1319 3412 1335 3436 ,
1360 3382 1415 3428 et
1446 3386 1645 3426 nomen
1688 3370 2043 3425 humanitatis
2073 3372 2327 3439 hyposta-

767 3476 868 3528 siin
906 3450 1256 3539 signiﬁcant,
1292 3464 1481 3517 dicere
1510 3460 1690 3530 possis
1722 3467 1834 3513 tres
1864 3459 2176 3513 divinitates
2202 3473 2329 3526 pro-

767 3574 889 3634 pter
916 3568 1029 3613 tres
1064 3558 1407 3626 hypostases,
1459 3559 1622 3617 atque
1662 3548 1904 3602 inﬁnitas
1944 3547 2325 3609 bumanitates,

766 3662 989 3724 propter
1012 3646 1277 3701 inﬁnitam
1308 3641 1685 3712 hypostasium
1714 3639 2118 3693 multitudinem
2137 3680 2149 3700 ,
2168 3637 2324 3707 ἀοι

768 3751 864 3799 aut
914 3738 1251 3811 hypostasim
1297 3736 1352 3788 in
1401 3730 1792 3803 hypostasibus
1842 3744 1984 3784 esse.
2036 3728 2151 3782 Hoc
2200 3744 2329 3782 vero

768 3833 891 3903 quis
913 3871 927 3895 ,
958 3844 1064 3883 non
1096 3824 1569 3902 sapiens’dixero,
1607 3820 1699 3875 sed
1732 3820 1815 3873 vel
1862 3819 2007 3872 laeva:
2037 3818 2327 3871 admodum

770 3921 971 3977 tuentis
994 3960 1011 3985 ,
1044 3918 1258 3972 eﬂ'utire
1290 3928 1528 3982 unquam
1562 3926 1731 3966 ausus
1767 3911 1858 3964 sit.
1894 3908 2157 3962 Naturam
2194 3922 2327 3975 ergo

770 4011 1065 4081 signiﬁcat,
1101 4020 1225 4060 cum
1264 4018 1460 4058 nomen
1488 4000 1826 4063 divinitatis,
1860 4008 1971 4051 tum
2002 4011 2196 4051 nomen
2227 3996 2331 4049 hu-

770 4099 1075 4154 manitatis.
1112 4095 1384 4149 liivinitas
1418 4093 1587 4161 igitur
1628 4097 1681 4144 et
1710 4090 2028 4143 humanitas
2071 4086 2331 4155 numquid

771 4205 880 4244 una
913 4194 1107 4241 natura
1139 4191 1305 4245 sunt,
1339 4195 1448 4234 non
1485 4180 1612 4233 dico
1661 4178 1716 4231 in
1756 4176 2008 4237 Christo.
2042 4176 2137 4230 scd
2172 4176 2334 4230 abso-

772 4278 930 4335 lute?
964 4290 1125 4330 nemo
1171 4272 1280 4326 nisi
1334 4284 1525 4324 amens
1574 4270 1679 4331 sit,
1731 4267 1932 4321 dixerit
1983 4281 2147 4320 unam
2184 4281 2331 4321 esse.

770 4368 1128 4438 Nequaquam
1161 4364 1305 4418 enltn
1340 4370 1593 4437 creatura
1633 4359 1774 4413 idem
1809 4366 1891 4411 est
1921 4373 2045 4431 cum
2086 4357 2333 4411 incrcato

771 4467 827 4515 et
855 4459 1116 4513 Creatore
1136 4496 1151 4521 ,
1187 4468 1365 4520 neque
1393 4465 1595 4520 corpus
1622 4463 1745 4502 cum
1776 4448 2128 4517 incorporeo,
2161 4460 2338 4514 neque

775 4550 907 4604 illud
936 4544 1083 4617 quod
1116 4542 1355 4611 incepit,
1392 4554 1514 4593 cum
1550 4553 1613 4593 eo
1647 4537 1793 4607 quod
1842 4535 2098 4605 principii
2139 4549 2339 4602 expers

773 4646 879 4695 est.
912 4638 1103 4705 itaque
1129 4632 1236 4687 alia
1266 4638 1352 4686 est
1380 4640 1579 4684 natura
1604 4625 1909 4680 divinitatis
1935 4664 1949 4688 ,
1984 4623 2341 4677 humanitatis

775 4730 906 4791 alia,
945 4733 1183 4794 suntque
1216 4732 1425 4777 natura:
1450 4720 1590 4773 duae.
1617 4717 1752 4771 Cum
1778 4731 1907 4785 ergo
1931 4714 2182 4770 Christus
2207 4729 2338 4768 con-

774 4828 881 4877 stet
911 4818 1201 4873 divinitate
1232 4824 1285 4869 ct
1318 4813 1659 4867 humanitate
1681 4848 1696 4873 ,
1746 4824 1812 4862 ex
1863 4806 2079 4861 duabus
2126 4806 2337 4860 naturis

773 4918 882 4967 est.
911 4908 1279 4975 Quamobrem
1307 4905 1352 4959 si
1391 4903 1673 4957 Christum
1710 4915 1776 4953 cx
1816 4898 2107 4951 divinitate
2146 4906 2198 4951 et
2238 4898 2339 4950 hu-

776 5002 1042 5056 manitate
1091 5012 1215 5052 esse
1259 4992 1629 5066 proﬁtemini,
1678 4990 1839 5045 velint
1890 4990 2089 5043 dicatis
2140 4989 2337 5042 nobis:

777 5094 931 5147 Istaec
963 5090 1075 5144 duo
1098 5130 1113 5154 ,
1144 5086 1404 5142 divinitas
1438 5084 1650 5139 scilicet
1685 5089 1737 5135 et
1772 5082 2086 5134 humanitas
2106 5121 2119 5143 ,
2145 5088 2343 5134 suntne

777 5185 832 5240 in
862 5184 1118 5247 Christo,
1153 5177 1379 5235 annon?
1402 5175 1642 5231 Omnino
1675 5174 1988 5228 concedetis
2008 5212 2023 5235 ,
2052 5173 2156 5226 nisi
2187 5173 2341 5241 peni-

780 5284 869 5328 tus
903 5272 1057 5343 impii
1086 5285 1211 5327 esse
1242 5268 1440 5323 velitis.
1473 5267 1709 5331 Quinam
1744 5264 1909 5333 igitur
1936 5278 2044 5317 non
2072 5263 2255 5343 dicitis
2287 5264 2339 5317 in

778 5338 1003 5421 Christo
1043 5371 1273 5419 naturas
1304 5361 1443 5414 duas
1473 5360 1496 5410 ’ἰ
1539 5356 1594 5410 Si
1621 5355 1780 5409 enim
1822 5352 2145 5407 allirmando
2175 5338 2339 5409 Chri-

779 5462 925 5512 stum
975 5470 1039 5509 ex
1093 5452 1386 5507 divinitate
1442 5457 1498 5504 et
1546 5449 1881 5502 humanitate
1930 5454 2214 5507 constare,
2274 5460 2340 5499 ex

2427 3195 2511 3249 Εί,
2536 3193 2644 3261 γὰρ
2699 3192 2992 3245 ὑπόστασιν
3018 3192 3079 3243 τὺ
3125 3195 3226 3261 τῆς
3271 3192 3521 3263 θεότητος
3554 3194 3654 3246 καὶ
3680 3196 3750 3246 τὸ
3770 3195 3881 3262 τῆς
3911 3197 4002 3247 ἀν-

2426 3281 2771 3350 θρωπὸτητος
2800 3281 3155 3350 σημαίνουσιν
3183 3281 3441 3350 ὀνόματα,
3484 3282 3605 3351 ὥρα
3667 3300 3755 3335 σοι
3823 3284 4003 3349 λέγειν

2426 3370 2521 3425 καὶ
2550 3374 2696 3441 τρεῖς
2727 3370 2987 3441 θεότητας
3016 3371 3105 3423 διὰ
3158 3371 3220 3422 τὸ
3268 3372 3541 3441 τριαδικὸν
3600 3373 3715 3424 τῶν
3754 3374 4002 3427 ὑποστά-

2430 3476 2586 3521 σεων,
2624 3459 2715 3510 καὶ
2745 3460 3004 3527 ἀπείρους
3027 3460 3127 3521 τὰς
3155 3459 3599 3530 ἀνθρωπότητας,
3629 3461 3720 3512 διὰ
3772 3463 3836 3512 τὸ
3898 3463 4003 3512 τῶν

2428 3552 2780 3603 ὑποστάσεων
2812 3552 3115 3619 ἇπειρον,ἢ
3151 3551 3445 3604 ὑπόστασιν
3501 3556 3557 3605 ὲν
3597 3554 4001 3615 ὑποστάσεσιν,

2428 3643 2456 3694 ὂ
2477 3645 2578 3707 τίς,
2600 3642 2720 3710 οὐχὶ
2751 3642 2932 3709 σοφὸς,
2957 3643 3089 3695 ἀλλὰ
3112 3644 3203 3695 καὶ
3231 3642 3352 3717 λίαν
3384 3645 3569 3705 σκαιὸς
3598 3647 3698 3713 τὴν
3732 3645 4001 3708 διάνοιαν,

2429 3734 2574 3803 ἐρεῖν
2604 3733 2902 3800 τετόλμηκε
2936 3732 3195 3797 πώποτε;
3239 3734 3394 3784 Ἐστι
3435 3734 3614 3785 τοίνυν
3645 3734 3876 3801 φύσεως
3910 3753 4004 3803 σηο

2433 3824 2693 3891 μαντικὸν
2737 3824 2963 3876 ἕκαστον
2988 3864 3003 3888 ,
3034 3824 3093 3876 τό
3121 3839 3180 3875 τε
3218 3823 3318 3891 τῆς
3352 3824 3602 3893 θεότητος
3630 3825 3869 3894 δηλαδὴ,
3911 3828 4004 3877 καὶ

2430 3915 2491 3967 τὸ
2517 3915 2614 3982 τῆς
2640 3913 3057 3983 ἁνθρωπότητος
3084 3914 3271 3983 όνομα.
3308 3913 3509 3981 Θεό-της
3550 3917 3739 3966 τοίνυν
3774 3917 3875 3967 αἰαὶ
3908 3918 4003 3967 ἀν·

2432 4004 2718 4072 θρωπὸτης
2764 4003 2859 4072 μία
2897 4005 3057 4071 φύσις
3105 4005 3295 4068 ἐστὶν,
3343 4005 3442 4055 οὐκ
3495 4005 3586 4055 ἐπὶ
3644 4005 3742 4056 τοῦ
3790 4005 4003 4073 Κυρίνου

2434 4096 2597 4165 φημὶ,
2629 4094 2743 4147 ἀλλ’
2781 4094 3094 4159 ἀπολύτωςς
3130 4095 3242 4147 Οὐκ
3280 4096 3395 4163 ἐρεῖ
3418 4112 3501 4156 τις
3536 4094 3608 4161 μὴ
3641 4095 4003 4162 μαινόμενος,

2433 4194 2493 4245 οὐ
2526 4186 2587 4238 τὸ
2612 4185 2827 4239 κτιστὺν
2857 4185 2933 4254 τῷ
2975 4185 3215 4253 ἁκτῑστῳ
3258 4187 3351 4236 καὶ
3398 4186 3588 4252 κτίστῃ
3642 4186 3769 4235 κατ’
3811 4186 4007 4237 οὑσῐαν

2436 4276 2649 4337 ταύτὸν,
2673 4275 2792 4328 οὐδὲ
2818 4276 2877 4327 τὸ
2908 4276 3065 4344 σῶμα
3084 4274 3161 4343 τῷ
3188 4274 3480 4343 ἀσωμάτῳ,
3516 4273 3634 4325 οὐδὲ
3667 4274 3727 4324 τὸ
3758 4272 3776 4310 ί
3805 4311 3823 4326 .
3844 4313 3859 4324 .
3886 4312 3903 4325 .
3920 4312 3936 4326 .
3957 4314 3972 4325 .
3992 4313 4006 4327 .

2439 4366 2515 4435 τῷ
2550 4366 2794 4435 ἁνάρχῳ,
2819 4365 2986 4434 Ἀλλη
3014 4364 3173 4433 φύσις
3210 4365 3302 4416 οὖν
3331 4368 3442 4415 ὲστι
3468 4365 3567 4432 τῆς
3598 4362 3889 4430 θεῦτητος,
3918 4367 4009 4415 καὶ

2439 4455 2729 4525 ἑτέραντῆς
2765 4455 3196 4525 ἀνθρωπότητος,
3227 4456 3318 4505 καὶ
3352 4453 3445 4505 δύο
3478 4452 3667 4520 φύσεις
3702 4454 3873 4506 εἰσῐν.
3918 4454 4010 4504 Ἐκ

2440 4547 2690 4615 θεότητος
2740 4547 2919 4598 τοίνυν
2957 4548 3050 4598 καὶ
3098 4544 3511 4613 ἁνθρωπὸτητος
3556 4543 3633 4594 ὢν
3674 4546 3702 4593 ὁ
3741 4544 4009 4611 Χριστος,

2439 4638 2502 4688 ἐκ
2525 4635 2619 4688 δύο
2648 4635 2867 4702 φύσεῴν
2894 4638 3057 4689 ἐστιν.
3085 4635 3144 4685 Et
3170 4630 3260 4685 οὖν
3288 4637 3349 4685 ὲκ
3385 4633 3635 4701 θεότητος
3660 4634 3762 4683 καὶ
3794 4636 4013 4699 ἀνθρω-

2445 4729 2680 4796 πότητος
2733 4726 2827 4779 καὶ⁵
2876 4728 2938 4776 ἐκ
2983 4725 3075 4776 δύο
3126 4723 3339 4788 φύσεων
3395 4721 3754 4791 τδνΧριστὺν
3794 4722 4010 4787 λέγετε,

2446 4816 2635 4868 εἴπατε
2668 4816 2799 4884 ἡμῖν
2823 4831 2835 4844 ’
2869 4817 2933 4866 τὰ
2962 4814 3051 4865 δύο
3080 4813 3270 4873 ταῦτα,
3302 4813 3417 4881 ἦτοι
3451 4812 3639 4879 θεότης
3670 4812 3773 4862 καὶ
3805 4812 4016 4878 ἀνθρω-

2445 4910 2612 4976 πότης
2633 4948 2647 4970 ,
2691 4909 2749 4960 ἐν
2781 4908 2858 4975 τῷ
2889 4905 3103 4975 Χριστῷ
3152 4907 3288 4957 εἰσιν
3312 4945 3326 4966 ,
3358 4905 3388 4973 ἦ
3438 4904 3498 4956 οὕ
3526 4921 3540 4966 ;
3585 4906 4011 4971 Καταερήσοετε.

2444 5002 2601 5065 εἴπερ
2660 5000 2733 5069 μὴ
2777 5000 2955 5050 τέλεον
3011 4997 3223 5050 ἀσεϐεῖν
3277 4995 3604 5067 αἱρήσοισθε.
3659 4996 3785 5056 Πῶς
3826 4995 3927 5047 οὖν
3960 4994 4015 5043 εἷο

2444 5091 2537 5143 δύο
2588 5091 2781 5158 φύσεις
2823 5092 2879 5142 ὲν
2917 5090 2993 5159 τῷ
3033 5087 3252 5159 Χριστῷ
3303 5088 3516 5153 λέγετε;
3552 5086 3611 5137 Ei
3641 5088 3755 5154 γὰρ
3794 5086 4019 5141 €2,056-

2447 5197 2607 5249 τητος
2656 5180 2750 5232 καὶ
2792 5179 3205 5244 ἀνθρωπότητος
3255 5177 3344 5227 τὸν
3378 5176 3608 5243 Χριστὸν
3656 5175 3923 5237 >.ἐγο-.τες
3961 5178 4019 5225 ὲκ

2447 5269 2539 5321 δύο
2582 5268 2799 5336 φύσεων
2821 5307 2835 5330 ,
2880 5268 3043 5320 αὑτὸν
3074 5266 3375 5336 ὁμολογεῖτε
3400 5304 3415 5328 ,

2446 5361 2669 5413 δύναται
2697 5359 2760 5412 τὸ
2788 5360 2851 5411 ὲκ
2874 5360 3124 5428 θεότητος
3149 5359 3240 5409 καὶ
3268 5357 3679 5426 ἀνθρωπότητος
3703 5356 3787 5423 τῷ
3823 5357 3891 5406 ἐκ
3925 5354 4017 5406 δίη

2448 5450 2685 5517 φύσεων,
2710 5448 2826 5513 πῶς
2854 5448 3198 5532 θεότηταυκαὶ
3228 5446 3618 5518 ἀνθρωπότητα
3658 5447 3751 5499 τὸν
3780 5446 4021 5516 Χριστὸν

3450 5265 3540 5317 καὶ
3570 5266 3681 5316 ἴσον
3714 5266 3853 5331 παρ’
3892 5266 4020 5331 ὑμῖν

2055 5599 2293 5656 VARIE
2328 5603 2730 5661 LECTIONES.

852 5727 873 5770 ί
914 5728 1057 5801 Lego
1090 5727 1407 5797 ἁργόμενον.
1444 5722 1608 5777 Turr.
1666 5734 1825 5787 neque
1878 5716 2014 5783 quod
2070 5713 2243 5781 coepit.
