4156 6436
147 414 172 473 1
185 413 284 476 ι-ιε

1316 421 1604 478 CONTRA
1662 421 2068 484 JACOBITAS-

3198 421 3330 483 1446

142 522 393 586 λέγοντες
431 522 519 571 καὶ
569 521 703 587 μετὰ
737 521 831 587 τὴν
875 520 1066 571 ἓ·.ωσιν
1089 558 1102 579 ,
1136 522 1226 571 καὶ
1270 523 1325 570 ὲν
1354 522 1562 589 Οεὸτητι
1593 523 1683 572 καὶ
1715 529 1755 582 Α

1715 529 1755 582 Α
1784 523 1993 577 duabus
2037 529 2246 581 naturis
2295 530 2470 596 ipsum
2524 544 2642 580 esse
2679 528 3043 586 conﬁtemini,
3079 526 3324 592 idemque

143 609 541 676 ἀνθρωπὸτητι,
575 611 632 658 οὐ
664 610 753 658 δύο
782 610 965 672 φύσεις
991 609 1149 658 αὑτὸν
1181 610 1270 658 καὶ
1303 610 1356 658 ἐν
1383 610 1531 659 δυσὶν
1559 610 1683 675 ὀμο-

141 697 402 766 λογήσετε
439 699 689 762 φύσεσιν;

1791 616 1931 678 apud
1968 633 2058 665 vos
2104 619 2241 667 \alrt
2279 635 2340 668 ex
2384 619 2670 668 divinitate
2707 629 2758 667 ct
2796 618 3137 667 humanitate
3173 629 3325 675 esse,

1792 711 1951 767 atque
2005 722 2066 755 ex
2129 709 2335 759 naturis
2395 699 2651 766 duabusf
2707 722 2909 771 quare,
2970 722 3089 756 cum
3131 704 3326 756 diezitis

140 789 421 841 Christum
453 787 789 836 divinitatem
827 782 1324 846 buunmitatemque
1365 797 1485 834 esse
1524 784 1681 833 etiam
1726 796 1846 847 post
1877 792 2208 854 unitionem,
2246 804 2296 843 ηι
2321 812 2403 846 ,ηιξ
2439 796 2490 844 in
2523 794 2807 844 (“\inilule
2869 803 2918 843 οι
2980 791 3326 865 immanitate,

138 895 255 931 non
296 879 467 944 ipsum
517 874 650 926 duas
695 882 949 932 naturas,
1001 883 1052 921 et
1097 873 1148 922 in
1194 872 1404 924 duabus
1450 870 1659 921 naturis
1697 868 1990 933 fateamini.

220 988 263 1021 ιε
287 1009 300 1020 .
343 971 402 1019 Εἰ
442 969 504 1019 οὑ
537 967 727 1018 ταύτὸν
763 965 950 1030 Οεότης
986 965 1077 1015 καὶ
1104 963 1453 1030 ἁνΟρωττότης
1477 1001 1488 1022 ,
1517 960 1589 1019 ὡς
1627 960 1683 1008 ἐν

138 1061 389 1126 ποιότητι
435 1058 632 1123 φυσικῇ
657 1093 669 1114 ,
717 1054 842 1105 ἄλλο
873 1053 927 1104 δὲ
962 1052 1055 1104 καὶ
1107 1051 1230 1103 ἄλλο
1252 1091 1263 1111 ,
1299 1052 1478 1116 ἕτερον
1509 1048 1564 1098 δὲ
1592 1048 1682 1098 καὶ

132 1150 359 1217 ἕτερον,
402 1146 670 1196 σκοπείτω
707 1145 809 1204 πᾶς
855 1159 936 1202 τις
980 1143 1039 1194 εὖ
1074 1141 1315 1209 φρονῶν,
1362 1143 1406 1190 εί
1446 1139 1503 1190 τὸ
1557 1137 1681 1189 ἄλλο

131 1236 286 1288 κατὰ
325 1235 482 1301 φύσιν
522 1235 614 1284 καὶ
654 1232 808 1296 ἄλλο,
857 1232 912 1282 ἓν
948 1234 1066 1283 κατ’
1095 1232 1312 1289 obsim,
1361 1231 1451 1279 καὶ
1493 1229 1549 1278 οὐ
1591 1227 1682 1278 δύο

132 1329 300 1385 εἰσὶν,
338 1327 386 1376 εί
412 1325 467 1376 δὲ
495 1324 604 1383 δύο,
640 1323 731 1374 καὶ
765 1324 860 1389 οὐχ
891 1323 968 1383 ἓν,
1012 1322 1198 1388 φύσεις
1228 1320 1424 1387 δηλαδή
1445 1336 1455 1347 ·
1491 1318 1548 1368 τὸ
1574 1319 1680 1384 γὰρ

131 1418 290 1478 ἄλλο,
336 1416 494 1480 φύσιν
524 1413 701 1480 δηλοῖ,
736 1413 807 1472 ὡς
843 1412 890 1462 ot
926 1413 1050 1479 περὶ
1093 1409 1260 1460 ταῦτα
1303 1410 1453 1473 σοφοὶ
1485 1408 1681 1473 διειλή-⁴

133 1522 295 1571 φασι.
331 1503 491 1563 Φύσις
518 1503 571 1553 δὲ
606 1503 697 1552 καὶ
724 1501 882 1568 φύσις
915 1501 1010 1566 μία
1045 1500 1210 1559 ἐστὶν,
1244 1499 1274 1565 ἢ
1306 1497 1394 1548 δύο
1422 1516 1435 1560 ;
1464 1497 1562 1546 Δύο
1591 1497 1681 1571 ὁῆέ

131 1595 252 1647 λον.
289 1595 400 1646 Μία
431 1593 535 1661 γὰρ
568 1592 659 1642 καὶ
692 1591 787 1658 μία
809 1629 820 1651 ,
861 1591 951 1641 καὶ
979 1592 1088 1650 τοῖς
1120 1589 1327 1655 νηπίοις
1370 1587 1525 1654 δῆλον
1546 1625 1560 1649 ,

132 1685 238 1736 δύο
268 1684 423 1735 είσίν.

214 1863 308 1919 ις’.
353 1857 413 1907 Et
441 1855 495 1906 δέ
524 1870 657 1921 φατε
687 1853 753 1904 τὰ
785 1850 1046 1920 ὲνοῦμενα
1078 1851 1134 1902 ἓν
1175 1845 1311 1902 εἶναι
1331 1865 1342 1878 ·
1385 1849 1496 1901 ἀλλ’
1520 1848 1685 1900 ἁκού-

136 1961 310 2005 σατε,
360 1946 441 1996 ὅτι
492 1944 560 1993 τὰ
603 1941 862 2009 ἐνούμενα
914 1942 975 1992 οὑ
1029 1941 1167 1992 κατὰ
1217 1941 1389 1992 πάντα
1436 1939 1492 1990 ’ἐν
1527 1941 1683 1998 εἰσιν,

133 2029 278 2082 ἀλλὰ.
300 2029 430 2080 καθὸ
460 2029 709 2097 ἧνωνται.
739 2029 798 2079 Et
837 2027 942 2096 γᾴρ
968 2027 1036 2079 τὰ
1059 2028 1318 2095 ὲνοὺμενα
1347 2027 1484 2079 κατὰ
1517 2026 1688 2077 πάντα

133 2119 201 2170 ἓν
234 2120 370 2169 εἰσιν
395 2158 408 2182 ,
455 2117 639 2185 ἐπειδὴ
694 2117 752 2181 ἐξ
789 2117 1053 2183 ἀνομοίων
1092 2118 1303 2184 φύσεων
1347 2119 1373 2169 ὁ
1404 2115 1685 2184 ἄνθρωπος

138 2209 448 2274 σύγκειται,
492 2209 700 2276 ἀνάγκη
745 2207 922 2273 λέγειν
962 2206 1035 2269 ὡς
1065 2207 1206 2275 ψυχὴ
1239 2207 1329 2257 καὶ
1361 2206 1518 2273 σῶμα
1548 2204 1685 2256 κατὰ

137 2300 321 2351 πάντα
351 2299 407 2350 ἓν
436 2300 558 2359 είσι,
590 2299 681 2348 καὶ
705 2297 856 2348 ἔσται
898 2296 956 2347 τὸ
982 2295 1264 2364 ἀσώματον
1293 2297 1470 2363 σῶμα,
1507 2295 1599 2347 καὶ
1627 2294 1686 2344 τὸ

140 2389 304 2457 σῶμα
350 2388 671 2456 ἀσώματον*
732 2385 825 2437 καὶ
869 2385 1056 2458 ρπειδὴ
1103 2374 1290 2453 ϐἐότης
1351 2383 1440 2443 καὶ
1480 2383 1687 2450 ἀνθρω-

141 2477 318 2546 πότης
361 2478 645 2545 ἦνωνται,
681 2474 888 2526 ἔσονται
942 2473 999 2525 ἓν
1074 2475 1211 2526 κατὰ
1284 2473 1381 2539 τὴν
1457 2471 1684 2540 οὑσιώδη

141 2567 424 2635 διαφορὰν,
458 2567 549 2617 καὶ
581 2565 614 2634 ἢ
644 2565 702 2617 τὸ
737 2564 875 2617 θεῖον
914 2563 1145 2624 κτιστδν,
1191 2562 1222 2630 ἦ
1271 2563 1331 2614 τὸ
1355 2562 1686 2632 ἀνθρώπινον
1715 2573 1719 2576 ·

141 2656 415 2709 ᾶκτιστὸν.

218 2911 303 2976 ιζ’.
341 2913 402 2965 Et
434 2913 500 2964 τὰ
544 2909 802 2978 ἑνοὺμενα
844 2906 904 2959 ἓν
937 2909 1041 2960 είσι
1085 2907 1225 2960 κατὰ
1275 2907 1483 2968 πάντα,
1526 2908 1586 2958 τὸ
1633 2908 1686 2958 δὲ

145 3003 306 3070 σῶμα
331 3000 389 3064 ἐξ
413 3000 667 3052 ἐναντίων
696 2997 994 3065 ποιοτήτων
1028 2996 1324 3062 σύγκειται,
1355 2994 1582 3064 ἐροῦμεν
1614 2995 1688 3057 ὡς

1862 966 1944 1018 15.
1992 969 2045 1019 Si
2083 969 2340 1020 divinitas
2380 978 2432 1021 et
2457 968 2765 1019 iniu-auitas
2798 967 2934 1018 idem
2965 981 3069 1017 non
3101 974 3225 1017 sunt
3260 968 3327 1018 ob
3382 966 3388 970 ’

1789 1056 2088 1106 naturalem
2120 1057 2434 1121 qualitatem
2466 1069 2652 1114 suam,
2703 1053 2796 1103 scd
2855 1053 2995 1101 :iliu.l
3048 1061 3099 1102 ct
3146 1052 3326 1110 aliud,

1789 1141 2060 1196 diversmn
2113 1153 2165 1196 ct
2217 1145 2528 1205 diversum;
2588 1143 2833 1193 advertat
2887 1141 3133 1208 quisquis
3188 1155 3330 1192 same

1791 1235 1988 1285 mentis
2019 1244 2134 1290 est.
2175 1251 2240 1285 au
2273 1234 2417 1285 aliud
2452 1241 2505 1284 et
2539 1232 2684 1282 aliud
2725 1232 3022 1282 secundum
3055 1242 3329 1290 naturam,

1790 1338 1955 1372 unum
2009 1334 2197 1372 natura
2248 1323 2393 1381 sint,
2441 1328 2493 1371 et
2546 1334 2649 1369 non
2701 1318 2826 1367 duo.
2885 1315 2975 1365 Sin
3010 1325 3188 1368 autem
3225 1315 3333 1366 duo

1787 1407 1891 1473 (de
1920 1411 2126 1461 naturis
2158 1409 2430 1474 loquor),
2464 1408 2621 1473 plaue
2667 1422 2771 1457 non
2819 1420 3000 1456 Unam.
3050 1403 3331 1470 Siquidem

1787 1497 1928 1547 aliud
1964 1507 2206 1548 naturam
2242 1497 2548 1562 significat,
2579 1505 2634 1546 ut
2663 1495 2929 1561 ejusmodi
2967 1510 3145 1545 rerum
3178 1494 3330 1560 periti

1792 1585 2156 1637 tradiderunt.
2197 1585 2446 1638 Jauivero
2503 1597 2693 1635 natura
2725 1593 2774 1635 et
2811 1593 3000 1634 natura
3025 1623 3038 1645 ,
3087 1583 3332 1648 nunquid

1792 1687 1898 1724 una
1933 1683 2012 1726 est
2035 1713 2048 1734 ,
2081 1684 2134 1725 et
2171 1688 2274 1724 non
2309 1673 2459 1724 duo?
2503 1673 2610 1723 duo
2655 1672 2919 1740 profecto.
2958 1672 3072 1724 Una
3104 1672 3245 1724 enim
3283 1677 3336 1722 et

1717 1774 1758 1826 Β
1791 1776 1893 1811 uua
1918 1800 1932 1822 ,
1970 1769 2025 1810 ut
2058 1761 2137 1812 vel
2172 1761 2321 1826 pueri
2356 1770 2585 1822 norunt,
2621 1760 2740 1811 dua:
2773 1769 2917 1812 sunt.

1857 1847 1940 1901 16.
1987 1849 2080 1900 Sin
2115 1858 2291 1900 autem
2329 1851 2508 1902 dicitis
2540 1865 2601 1902 ca
2634 1865 2751 1916 qua:
2788 1851 2936 1901 unita
2972 1857 3133 1909 sunt,
3171 1864 3334 1900 unum

1785 1951 1946 1999 CSse;
1978 1936 2159 1989 audite
2191 1945 2407 1998 tamen,
2446 1954 2506 1989 ea
2541 1954 2659 2004 qua:
2695 1940 2843 1988 unita
2880 1945 3040 1999 sunt,
3079 1953 3184 1988 non
3220 1951 3334 1987 om-

1788 2025 1950 2077 nibus
1987 2024 2163 2078 modis
2196 2041 2360 2076 unum
2397 2041 2538 2086 esse,
2572 2027 2662 2077 sed
2691 2015 2959 2090 quatenus
2989 2026 3136 2076 unita
3164 2033 3289 2078 sunt
3319 2041 3332 2074 :

1787 2113 1917 2167 Nam
1950 2116 2030 2178 si,
2068 2131 2188 2182 qua:
2227 2116 2374 2168 unita
2412 2125 2539 2170 sunt
2565 2155 2578 2178 ,
2627 2131 2720 2182 per
2750 2116 2929 2167 omnia
2968 2130 3129 2166 unum
3180 2122 3333 2177 sunt,

1786 2207 1913 2275 quia
1946 2209 2106 2259 homo
2131 2223 2194 2259 ex
2229 2207 2584 2259 dissimilibus
2617 2207 2827 2259 naturis
2851 2206 3187 2272 compositus
3220 2213 3335 2264 est,

1787 2309 2070 2348 necessum
2122 2295 2225 2347 erit
2275 2295 2494 2357 dicere,
2527 2297 2668 2362 quod
2712 2295 2885 2346 anima
2920 2305 2969 2345 et
3001 2309 3199 2361 corpus
3242 2308 3338 2361 per

1786 2384 1968 2436 omnia
1995 2399 2162 2435 unum
2191 2384 2298 2436 sint
2326 2402 2340 2435 :
2371 2383 2613 2450 adeoque
2645 2382 2788 2451 quod
2823 2384 3201 2448 incorporeum
3232 2389 3335 2445 est,

1788 2471 1921 2524 illud
1957 2486 2154 2538 corpus
2184 2472 2318 2531 erit,
2349 2479 2404 2523 et
2443 2486 2653 2538 corpus
2677 2511 2690 2534 ,
2736 2473 3131 2536 incorporeum.
3178 2466 3337 2522 Item-

1785 2576 1891 2629 que
1916 2562 2040 2628 quia
2067 2560 2324 2614 divinitas
2351 2572 2401 2614 ιιι
2433 2561 2741 2614 humanitas
2775 2562 2934 2612 unitzc
2964 2569 3110 2617 sunt,
3136 2560 3340 2612 idcirco

1787 2665 1956 2702 unum
1988 2659 2146 2702 erunt
2177 2652 2470 2701 secundum
2502 2651 2916 2702 substantialem
2944 2649 3298 2701 differentiam
3322 2687 3338 2712 ,

1787 2746 1848 2792 ut
1882 2739 2024 2806 quod
2047 2723 2299 2789 divinum
2331 2748 2446 2800 est,
2484 2752 2725 2792 creatum
2760 2739 2862 2800 sit,
2895 2746 2947 2790 et
2977 2737 3116 2805 quod
3148 2736 3341 2790 huma-

1788 2843 1948 2890 num,
1982 2828 2300 2880 increatum.

1859 2916 1943 2968 l7.
1989 2915 2042 2968 Si
2072 2933 2190 2985 qua:
2222 2918 2369 2968 unita
2398 2923 2524 2968 sunt
2550 2954 2562 2976 ,
2593 2915 2738 2966 omni
2778 2915 2938 2966 modo
2971 2929 3137 2966 unum
3172 2922 3335 2968 sunt:

1789 3021 1989 3075 corpus
2023 3022 2148 3060 vero
2172 3022 2235 3058 ex
2266 3005 2561 3058 contrariis
2587 3004 2949 3072 qualitatibus
2979 3005 3338 3070 compositum

144 3092 415 3161 θερμότης
445 3090 536 3142 καὶ
556 3089 712 3155 ψύξις
739 3088 951 3149 ταὺτὺν,
983 3089 1075 3139 καὶ
1104 3086 1331 3156 ξηρότης
1383 3081 1472 3138 κάὶ
1525 3085 1685 3153 ὑγρόο
1714 3084 1754 3141 C

1714 3084 1754 3141 (ἶ
1787 3106 1891 3158 est,
1913 3098 2199 3149 dicendum
2224 3097 2381 3149 nobis
2408 3097 2531 3155 erit,
2558 3096 2789 3146 calorem
2814 3102 2864 3145 et
2890 3092 3062 3162 frigus
3084 3095 3220 3147 idem
3251 3109 3339 3148 es-

140 3194 247 3246 της
300 3177 493 3246 ὁμοίως
561 3173 788 3226 ταὺτόν’
847 3173 942 3224 καὶ
1002 3174 1202 3242 Πέτρος
1259 3174 1352 3225 καὶ
1412 3171 1684 3238 Ἰωάννης,

144 3265 335 3332 ἐπειδὴ
360 3266 424 3332 τῇ
457 3262 612 3329 φύσει
639 3261 894 3329 ηνωνται,
919 3262 1026 3330 ἄρα
1057 3262 1151 3314 καὶ
1176 3264 1240 3330 τῇ
1266 3261 1554 3313 ὑποστάσει
1584 3256 1683 3326 εἷς,

79 3411 82 3414 ,
143 3354 210 3406 οὑ
249 3353 342 3405 δύο
386 3353 758 3420 τυγχάνουσιν.
819 3351 959 3403 Ἀλλ’
1004 3353 1102 3420 οὑχ
1139 3351 1283 3404 οὑτω
1327 3355 1437 3413 τοῖς
1466 3352 1526 3404 εὑ
1556 3367 1689 3418 φρο-

144 3440 298 3496 νοῦσι
316 3426 418 3494 ’καὶ
446 3444 508 3510 τῇ
535 3441 761 3510 ἁληοείᾳ
788 3441 933 3492 δοκεῖ
957 3457 970 3470 ·
1009 3441 1203 3510 μᾶλλον
1223 3442 1279 3494 δὲ
1307 3442 1374 3494 τὰ
1405 3441 1686 3508 ἑνούμενα,

147 3530 286 3584 καθὸ
315 3531 565 3599 ἦνωνται,
605 3531 661 3581 ἓν
689 3527 863 3581 εἶναι·
901 3530 1102 3599 Πέτρον
1135 3531 1231 3599 μὲν
1279 3531 1370 3582 καὶ
1417 3531 1687 3597 Ἰωάννην,

145 3617 338 3688 ιπειδὴ
369 3619 507 3672 κατὰ
541 3618 700 3697 φύσιν
724 3618 977 3686 ἠνωνται,
1009 3617 1283 3685 ὀμοούσιοι
1315 3618 1688 3686 τυγχάνοντες,

147 3708 212 3762 ἓν
252 3704 388 3762 εἷναι
432 3710 570 3762 κατὰ
617 3709 806 3776 φύσινο
855 3709 1030 3778 ψυχὴν
1062 3707 1116 3760 δὲ
1152 3709 1242 3760 καὶ
1274 3708 1462 3776 σῶμα,
1506 3707 1691 3776 ἐπειδὴ

147 3797 272 3851 καθ’
303 3797 591 3851 ὑπόστασιν
630 3797 902 3864 ἥνωνται,
941 3793 998 3845 ἓν
1029 3789 1168 3846 εῐναι
1218 3792 1334 3844 καθ’
1371 3793 1685 3844 ὑπόστασιν.

146 3883 229 3940 Οὐ
269 3884 374 3953 γὰρ
405 3882 542 3935 κατὰ
573 3882 732 3950 φύσιν
773 3881 829 3932 ἒν
858 3875 996 3932 εἶναι
1026 3879 1202 3949 ψυχὴν
1231 3879 1325 3931 καὶ
1357 3879 1514 3947 σῶμα
1547 3879 1690 3930 εἴποι

143 3990 233 4038 τις
268 3974 334 4027 ἂν
358 3974 538 4042 νήφων
562 3971 650 4023 τὸν
675 3968 951 4038 λογισμόν.

220 4240 309 4304 ιη’.
344 4235 404 4286 El
449 4233 511 4285 ὲκ
551 4231 642 4283 δύο
671 4229 941 4298 φύσεωνή
979 4228 1168 4289 ἓνωσις
1215 4229 1434 4294 γέγονεν
1461 4268 1474 4290 ,
1506 4227 1537 4295 ἢ
1584 4228 1689 4296 πρὸ

145 4325 250 4392 τῆς
274 4323 510 4384 ἑνώσεως
539 4319 673 4391 ἦσαν
703 4321 813 4384 δύο,
847 4320 878 4390 ἢ
921 4321 977 4369 ὲν
1022 4322 1085 4386 τῇ
1119 4317 1328 4379 ἑνώσει,
1363 4319 1395 4386 ἢ
1429 4318 1563 4386 μετὰ
1595 4318 1690 4385 τὴν

1791 3201 1870 3244 se.
1894 3187 2192 3240 siccitatem
2218 3200 2428 3252 quoque
2451 3193 2503 3239 et
2527 3183 2899 3235 humiditatem
2928 3183 3146 3248 perinde
3169 3183 3339 3249 idem;

1792 3272 1900 3324 imo
1930 3270 2124 3325 Petrus
2169 3281 2220 3324 et
2249 3271 2519 3330 Joannes,
2557 3273 2759 3338 quippe
2803 3271 2891 3337 qui
2948 3280 3141 3323 natura
3187 3265 3344 3325 ﬁnita

1793 3370 1961 3426 sunt,
2000 3378 2063 3415 ex
2097 3362 2450 3428 consequenti
2485 3362 2759 3428 liypostasi
2797 3361 2957 3412 etiam
3004 3375 3146 3412 unus
3182 3369 3342 3424 sunt,

1791 3457 1848 3501 et
1874 3465 1978 3502 non
2014 3450 2142 3502 duo.
2175 3450 2240 3502 At
2274 3465 2382 3501 non
2416 3451 2489 3501 ita
2519 3450 2775 3501 convenit
2809 3464 2931 3500 cum
2965 3451 3047 3502 lilS
3079 3451 3167 3516 qui
3202 3459 3347 3504 recte

1794 3540 2048 3608 sapiunt,
2081 3546 2133 3591 et
2166 3539 2435 3591 veritate:
2471 3539 2601 3606 quin
2635 3538 2814 3604 potius
2843 3553 2961 3605 qua:
2997 3539 3149 3590 unita
3185 3548 3307 3591 sunt
3330 3578 3344 3601 ,

1793 3637 2060 3695 quatenus
2109 3627 2257 3679 unita
2301 3633 2463 3688 sunt,
2513 3641 2680 3678 unum
2728 3640 2850 3679 esse
2901 3629 3181 3679 sentiunt:
3218 3637 3346 3695 puta

1794 3712 2008 3766 Petrum
2036 3721 2087 3765 et
2112 3711 2406 3775 Joannem,
2434 3712 2560 3781 quia
2592 3729 2755 3765 unum
2792 3723 2980 3765 natura
3013 3724 3172 3776 sunt,
3199 3715 3349 3783 ejus-

1794 3803 2028 3871 denique
2090 3804 2445 3865 substantiae,
2499 3819 2662 3856 unum
2703 3819 2825 3856 esse
2858 3805 3153 3857 secundum
3189 3816 3350 3858 uatu-

1795 3907 1945 3957 ram;
1983 3893 2215 3945 animam
2245 3908 2372 3945 vero
2408 3902 2458 3946 et
2482 3908 2679 3960 corpus
2701 3931 2714 3955 ,
2746 3901 3013 3960 quatenus
3047 3895 3352 3948 secundum

1797 3982 2128 4051 liypostasim
2161 3981 2442 4042 uninntur,
2481 3997 2646 4033 unum
2684 3980 2961 4048 hypostasi
2991 3997 3134 4036 esse.
3172 3981 3343 4036 Nemo

1795 4074 1989 4142 quippe
2025 4073 2243 4126 sobrius
2276 4072 2508 4137 dixerit,
2545 4072 2776 4124 animam
2827 4080 2880 4125 et
2925 4087 3126 4140 corpus
3181 4090 3347 4142 penes

1798 4173 1984 4217 natura
1997 4177 2045 4215 m
2081 4177 2198 4216 esse
2229 4178 2416 4214 unum.

1867 4252 2028 4322 402
2071 4252 2157 4304 18.
2201 4252 2256 4305 Si
2291 4267 2354 4305 ex
2390 4250 2600 4304 duabus
2638 4253 2851 4303 naturis
2888 4251 3016 4304 unio
3054 4253 3193 4303 facta
3231 4261 3347 4313 est,

1800 4352 1891 4395 aut
1913 4353 2038 4394 ante
2061 4341 2359 4394 unitionem
2387 4341 2504 4393 dua
2531 4353 2708 4404 erant,
2738 4349 2828 4392 aut
2862 4340 2911 4392 in
2946 4342 3057 4408 ipsa
3086 4343 3348 4405 unitione,

147 4415 359 4467 lvomv.
397 4412 506 4464 Kal.
554 4413 600 4464 ει
634 4411 728 4476 μὲν
777 4411 880 4478 πρὸ
926 4409 1026 4477 τῆς
1081 4408 1322 4471 ἑνώσεως
1354 4410 1687 4477 ὑπέστησαν,
1725 4405 1766 4458 D

1725 4405 1766 4458 θ
1800 4441 1890 4484 aut
1919 4437 2039 4498 post
2073 4429 2391 4483 unitionem.
2425 4429 2480 4481 Si
2513 4437 2636 4482 ante
2671 4405 2978 4481 unitionem
3010 4446 3100 4497 per
3130 4446 3185 4483 se
3222 4432 3348 4483 Sub-

147 4505 202 4556 τί
228 4502 502 4571 Νεστορίῳ
529 4500 885 4567 μεμφόμεοας
925 4500 986 4551 Εἰ
1011 4499 1066 4550 δὲ
1092 4499 1184 4550 καὶ
1213 4498 1349 4567 μετὰ
1378 4499 1472 4569 τὴν
1502 4501 1693 4552 ἕνωσιν

146 4595 182 4659 ὴ
211 4590 346 4660 σάρξ
377 4589 642 4656 ὑφέστηκε
667 4626 680 4647 ,
713 4587 763 4639 τί
809 4589 938 4655 ἡμῖν
978 4587 1254 4655 μέμφεσθε
1283 4605 1296 4651 ;
1331 4589 1391 4639 Et
1425 4588 1480 4639 δὲ
1525 4589 1581 4639 ὲν
1625 4591 1690 4656 τῇ

149 4679 342 4734 ἑνώσει
387 4679 551 4744 φατὲ,
587 4677 734 4746 μένει
762 4677 816 4728 δὲ
857 4678 888 4743 ἡ
930 4677 1118 4739 ἓνωσις
1143 4691 1157 4706 °
1203 4679 1293 4728 καὶ
1333 4677 1425 4729 νῦν
1478 4681 1570 4729 καὶ
1616 4681 1693 4740 εις

145 4772 246 4823 τὸν
286 4768 453 4821 αἰῶνα
500 4767 592 4818 δύο
616 4766 717 4818 etot
746 4782 804 4816 τε
835 4765 926 4818 καὶ
961 4765 1172 4818 ἔσονται
1199 4783 1210 4795 ⁸
1255 4770 1303 4818 εί
1332 4768 1387 4818 δὲ
1415 4767 1490 4835 τῷ
1521 4768 1694 4836 καιρῷ

145 4860 251 4926 τῆς
279 4856 370 4910 τοῦ
401 4857 570 4922 Λόγου
622 4853 944 4924 σαρκώσεως
978 4855 1037 4906 τὸ
1091 4855 1146 4908 ἓν
1194 4859 1256 4923 τῇ
1303 4855 1488 4907 ἑνώσει
1532 4856 1690 4922 φατὲ,

145 4949 246 5003 καὶ
280 4949 408 5016 πρὶν
448 4945 740 5009 ἑνωοῶσιν,
784 4941 920 5014 ἦσαν
950 4945 1062 5009 δύο,
1102 4949 1134 5014 ἢ
1168 4947 1462 5012 ὲνωθέντας
1496 4949 1556 4998 Εἰ
1593 4949 1689 5015 μὲν

143 5040 259 5108 γὰρ
288 5038 392 5108 πρὸ
420 5036 516 5105 τῆς
551 5037 790 5098 ἑνώσεως
831 5037 1074 5104 ὑπῆρξαν
1101 5039 1382 5108 ἀμφότερα.
1406 5081 1419 5102 ,
1473 5039 1530 5103 ἐξ
1560 5041 1690 5092 ὑπο-

149 5127 394 5181 στάσεων
444 5127 650 5194 ἀνάγκη
685 5126 864 5192 λέγειν
911 5126 1003 5179 δύο
1038 5128 1135 5195 τὴν
1166 5129 1356 5182 ἕνωσιν
1384 5147 1397 5161 ·
1448 5132 1495 5181 εί
1542 5131 1597 5183 δὲ
1636 5133 1694 5183 έν

148 5221 221 5289 τῇ
272 5217 456 5270 ἑνώσει
498 5218 588 5269 δύο
623 5217 776 5284 φατὲ,
820 5218 848 5268 ὁ
891 5217 946 5270 δὲ
981 5219 1211 5287 ἀριθμὸς
1241 5222 1356 5271 καθ’
1389 5223 1528 5289 ὑμᾶς
1557 5223 1692 5273 πάν-

153 5325 262 5369 τως
285 5347 297 5360 .
324 5343 375 5374 ._.
405 5347 417 5358 .
439 5309 464 5346 ⁸
494 5306 785 5376 διαίρεσιν,
837 5306 1148 5375 διαιρέσεως
1193 5312 1337 5362 αίτία
1387 5313 1418 5379 ἡ
1463 5313 1653 5373 ἓνωσις
1679 5329 1690 5342 ·

153 5398 250 5455 καὶ
279 5399 334 5448 ἐν
364 5399 426 5464 τῇ
459 5397 647 5448 ὲνώσει
669 5399 692 5436 h
719 5438 730 5449 .
761 5438 773 5450 .
804 5437 815 5450 .
845 5435 858 5449 .
888 5399 984 5466 τὴν
1013 5400 1219 5454 ἕνωσιν.

1802 4523 2078 4581 stiterunt,
2108 4519 2236 4588 quid
2269 4528 2350 4573 est
2377 4520 2520 4588 quod
2551 4519 2861 4573 Nestorium
2893 4523 3258 4573 accusamus?
3295 4523 3349 4574 Si

1804 4620 1981 4665 autem
2022 4619 2143 4678 post
2177 4611 2476 4663 unitionem
2509 4626 2637 4664 caro
2664 4612 2935 4673 constitit,
2971 4613 3111 4678 quod
3141 4621 3222 4665 est
3255 4629 3350 4665 cur

1802 4717 1901 4754 nos
1934 4700 2389 4768 reprehendatis?
2426 4700 2516 4753 Sin
2549 4701 2763 4753 demum
2815 4701 2865 4753 in
2920 4702 3031 4770 ipsa
3069 4703 3311 4755 unitiouc
3335 4742 3355 4768 ,

1803 4792 1929 4845 unio
1961 4805 2085 4843 vero
2119 4799 2464 4858 perseverat:
2501 4791 2663 4858 igitur
2696 4798 2747 4842 et
2787 4805 2930 4843 nunc
2965 4801 3018 4845 et
3061 4793 3111 4843 in
3156 4807 3348 4860 perpe-

1801 4888 1950 4932 tuum
1986 4880 2105 4932 dua:
2139 4886 2383 4943 sunt,,et
2418 4887 2602 4941 erunt.
2638 4878 2690 4931 Si
2728 4887 2906 4931 autem
2950 4880 3065 4946 ipso
3100 4880 3353 4933 incarna-

1801 4971 1965 5022 tioois
1989 4967 2148 5022 Verbi
2180 4977 2421 5036 tempore
2452 4984 2619 5020 unum
2654 4979 2874 5036 prepler
2904 4970 3200 5022 unitionem
3234 4986 3354 5025 esse

1798 5059 2001 5120 dicitis,
2028 5067 2316 5126 antequam
2344 5060 2650 5121 unireutur,
2685 5058 2806 5112 dua:
2837 5067 3025 5120 erant,
3060 5074 3124 5112 au
3157 5061 3355 5114 unitas?

1802 5149 1857 5203 Si
1889 5149 2007 5202 duae
2045 5149 2195 5217 prius
2239 5151 2597 5210 exstiterunt,
2633 5163 2794 5217 quam
2827 5150 3133 5214 unireutur,
3164 5164 3352 5204 neces-

1803 5254 1921 5294 sum
1951 5239 2052 5291 erit
2083 5238 2349 5291 affirmare
2379 5253 2443 5290 ex
2476 5237 2674 5304 duplici
2704 5237 2979 5304 liypostasi
3007 5235 3202 5289 fartam
3232 5254 3350 5292 esse

1805 5333 2053 5385 unionem
2083 5350 2093 5385 :
2131 5332 2214 5385 sin
2249 5332 2384 5385 duas
2418 5332 2601 5384 dicitis
2655 5333 2707 5382 lu
2761 5331 3044 5393 unitione;
3100 5348 3354 5386 numerus

1809 5438 1936 5476 vero
1974 5423 2027 5474 in
2064 5423 2319 5488 opinione
2348 5430 2527 5475 vestra
2561 5422 2868 5476 necessario
2904 5421 3226 5476 divisionem
3269 5424 3354 5476 in-

154 5489 343 5541 ducit:
372 5487 660 5542 divisionis
687 5503 816 5558 ergo
847 5504 1014 5543 causa
1046 5499 1131 5545 est
1165 5494 1366 5559 uuitio,
1396 5507 1447 5550 et
1483 5498 1534 5552 iu
1570 5502 1796 5569 ipsanlet
1829 5514 2028 5567 unione
2063 5487 2320 5567 uirimiiis
2357 5513 2631 5567 unionem.

1429 5587 1658 5646 VAlll/E
1693 5595 2092 5655 LECTIONES.

1143 5675 1304 5728 Al'ab-
1342 5679 1517 5744 a/ft‘rel
1550 5683 1872 5745 divisionem.
1917 5692 1942 5730 ιι
1978 5689 2104 5763 Leg.
2132 5693 2408 5763 διαιρεϊτε.
2441 5695 2600 5751 Turr.
2633 5695 2877 5753 Diriditis
2904 5698 3160 5752 unionem.
3189 5696 3349 5750 Arati.

153 5746 208 5792 τι
238 5750 354 5789 cum
385 5735 571 5789 unione
589 5733 843 5788 dividitur
876 5737 1016 5790 nmio.
