  <div class='ocr_page' id='page_1' title='image "/cluster/home/n/w/nwhite01/storage/ocr_20150623/94/nnc1.0046979999/731.png"; bbox 0 0 4156 6436; ppageno 0'>
   <div class='ocr_carea' id='block_1_1' title="bbox 734 382 866 447">
    <p class='ocr_par' dir='ltr' id='par_1_1' title="bbox 734 382 866 447">
     <span class='ocr_line' id='line_1_1' title="bbox 734 382 866 447; baseline -0.015 0"><span class='ocrx_word' id='word_1_1' title='bbox 734 382 866 447; x_wconf 70' lang='grc'>1447</span> 
     </span>
    </p>
   </div>
   <div class='ocr_carea' id='block_1_2' title="bbox 730 580 2302 651">
    <p class='ocr_par' dir='ltr' id='par_1_2' title="bbox 730 580 2302 651">
     <span class='ocr_line' id='line_1_2' title="bbox 730 580 2302 651; baseline -0.003 -13"><span class='ocrx_word' id='word_1_2' title='bbox 730 583 1014 645; x_wconf 90' lang='lat' dir='ltr'><strong>Christus,</strong></span> <span class='ocrx_word' id='word_1_3' title='bbox 1049 582 1327 651; x_wconf 90' lang='lat' dir='ltr'><strong>propriam</strong></span> <span class='ocrx_word' id='word_1_4' title='bbox 1361 580 1683 635; x_wconf 83' lang='lat' dir='ltr'><strong>substantia</strong></span> <span class='ocrx_word' id='word_1_5' title='bbox 1704 619 1718 644; x_wconf 96' lang='lat'><strong>,</strong></span> <span class='ocrx_word' id='word_1_6' title='bbox 1759 594 1855 634; x_wconf 89' lang='lat' dir='ltr'><strong>seu</strong></span> <span class='ocrx_word' id='word_1_7' title='bbox 1889 582 2177 643; x_wconf 88' lang='lat' dir='ltr'><strong>essentia,</strong></span> <span class='ocrx_word' id='word_1_8' title='bbox 2208 580 2302 634; x_wconf 86' lang='lat' dir='ltr'><strong>de-</strong></span> 
     </span>
    </p>
   </div>
   <div class='ocr_carea' id='block_1_3' title="bbox 735 670 2301 732">
    <p class='ocr_par' dir='ltr' id='par_1_3' title="bbox 735 670 2301 732">
     <span class='ocr_line' id='line_1_3' title="bbox 735 670 2301 732; baseline -0.004 -3"><span class='ocrx_word' id='word_1_9' title='bbox 735 676 1037 729; x_wconf 91' lang='lat' dir='ltr'><strong>ﬁnitionem</strong></span> <span class='ocrx_word' id='word_1_10' title='bbox 1070 679 1124 726; x_wconf 90' lang='lat' dir='ltr'><strong>et</strong></span> <span class='ocrx_word' id='word_1_11' title='bbox 1158 672 1423 724; x_wconf 86' lang='lat' dir='ltr'><strong>rationem</strong></span> <span class='ocrx_word' id='word_1_12' title='bbox 1471 678 1687 731; x_wconf 84' lang='lat' dir='ltr'><strong>servat,</strong></span> <span class='ocrx_word' id='word_1_13' title='bbox 1726 670 1891 723; x_wconf 91' lang='lat' dir='ltr'><strong>etiam</strong></span> <span class='ocrx_word' id='word_1_14' title='bbox 1945 671 1998 723; x_wconf 92' lang='lat' dir='ltr'><strong>in</strong></span> <span class='ocrx_word' id='word_1_15' title='bbox 2059 670 2301 732; x_wconf 84' lang='lat' dir='ltr'><strong>unione,</strong></span> 
     </span>
    </p>
   </div>
   <div class='ocr_carea' id='block_1_4' title="bbox 736 758 2306 832">
    <p class='ocr_par' dir='ltr' id='par_1_4' title="bbox 736 758 2306 832">
     <span class='ocr_line' id='line_1_4' title="bbox 736 758 2306 832; baseline -0.003 -16"><span class='ocrx_word' id='word_1_16' title='bbox 736 774 901 832; x_wconf 89' lang='lat' dir='ltr'><strong>atque</strong></span> <span class='ocrx_word' id='word_1_17' title='bbox 934 762 1041 814; x_wconf 89' lang='lat' dir='ltr'><strong>alia</strong></span> <span class='ocrx_word' id='word_1_18' title='bbox 1076 770 1161 815; x_wconf 83' lang='lat' dir='ltr'><strong>est</strong></span> <span class='ocrx_word' id='word_1_19' title='bbox 1198 760 1445 815; x_wconf 88' lang='lat' dir='ltr'><strong>deﬁnitio</strong></span> <span class='ocrx_word' id='word_1_20' title='bbox 1480 760 1788 813; x_wconf 75' lang='lat' dir='ltr'><strong>divinitatis</strong></span> <span class='ocrx_word' id='word_1_21' title='bbox 1826 759 2037 813; x_wconf 82' lang='lat' dir='ltr'><strong>Christi</strong></span> <span class='ocrx_word' id='word_1_22' title='bbox 2064 799 2078 821; x_wconf 93' lang='lat'><strong>,</strong></span> <span class='ocrx_word' id='word_1_23' title='bbox 2115 767 2168 812; x_wconf 90' lang='lat' dir='ltr'><strong>et</strong></span> <span class='ocrx_word' id='word_1_24' title='bbox 2199 758 2306 812; x_wconf 88' lang='lat' dir='ltr'><strong>alia</strong></span> 
     </span>
    </p>
   </div>
   <div class='ocr_carea' id='block_1_5' title="bbox 738 849 2308 919">
    <p class='ocr_par' dir='ltr' id='par_1_5' title="bbox 738 849 2308 919">
     <span class='ocr_line' id='line_1_5' title="bbox 738 849 2308 919; baseline -0.005 -11"><span class='ocrx_word' id='word_1_25' title='bbox 738 851 1131 915; x_wconf 87' lang='lat' dir='ltr'><strong>humanitatis;</strong></span> <span class='ocrx_word' id='word_1_26' title='bbox 1164 850 1475 919; x_wconf 88' lang='lat' dir='ltr'><strong>quomodo,</strong></span> <span class='ocrx_word' id='word_1_27' title='bbox 1521 864 1645 917; x_wconf 84' lang='lat' dir='ltr'><strong>qua</strong></span> <span class='ocrx_word' id='word_1_28' title='bbox 1696 864 1807 902; x_wconf 90' lang='lat' dir='ltr'><strong>non</strong></span> <span class='ocrx_word' id='word_1_29' title='bbox 1864 858 1992 902; x_wconf 91' lang='lat' dir='ltr'><strong>sunt</strong></span> <span class='ocrx_word' id='word_1_30' title='bbox 2045 849 2149 902; x_wconf 86' lang='lat' dir='ltr'><strong>sub</strong></span> <span class='ocrx_word' id='word_1_31' title='bbox 2199 861 2308 901; x_wconf 88' lang='lat' dir='ltr'><strong>una</strong></span> 
     </span>
    </p>
   </div>
   <div class='ocr_carea' id='block_1_6' title="bbox 735 941 2311 1013">
    <p class='ocr_par' dir='ltr' id='par_1_6' title="bbox 735 941 2311 1013">
     <span class='ocr_line' id='line_1_6' title="bbox 735 941 2311 1013; baseline -0.003 -15"><span class='ocrx_word' id='word_1_32' title='bbox 735 945 1035 1013; x_wconf 83' lang='lat' dir='ltr'><strong>eademque</strong></span> <span class='ocrx_word' id='word_1_33' title='bbox 1064 942 1383 997; x_wconf 90' lang='lat' dir='ltr'><strong>deﬁnitione</strong></span> <span class='ocrx_word' id='word_1_34' title='bbox 1418 941 1601 1009; x_wconf 91' lang='lat' dir='ltr'><strong>posita</strong></span> <span class='ocrx_word' id='word_1_35' title='bbox 1624 980 1638 1003; x_wconf 96' lang='lat'><strong>,</strong></span> <span class='ocrx_word' id='word_1_36' title='bbox 1672 950 1931 993; x_wconf 89' lang='lat' dir='ltr'><strong>naturam</strong></span> <span class='ocrx_word' id='word_1_37' title='bbox 1964 954 2128 994; x_wconf 87' lang='lat' dir='ltr'><strong>unam</strong></span> <span class='ocrx_word' id='word_1_38' title='bbox 2149 976 2164 1003; x_wconf 97' lang='lat'><strong>,</strong></span> <span class='ocrx_word' id='word_1_39' title='bbox 2198 953 2311 993; x_wconf 87' lang='lat' dir='ltr'><strong>non</strong></span> 
     </span>
    </p>
   </div>
   <div class='ocr_carea' id='block_1_7' title="bbox 732 1034 1297 1093">
    <p class='ocr_par' dir='ltr' id='par_1_7' title="bbox 732 1034 1297 1093">
     <span class='ocr_line' id='line_1_7' title="bbox 732 1034 1297 1093; baseline -0.011 -2"><span class='ocrx_word' id='word_1_40' title='bbox 732 1037 873 1093; x_wconf 84' lang='lat' dir='ltr'><strong>duas</strong></span> <span class='ocrx_word' id='word_1_41' title='bbox 906 1053 1031 1092; x_wconf 88' lang='lat' dir='ltr'><strong>esse</strong></span> <span class='ocrx_word' id='word_1_42' title='bbox 1065 1034 1297 1091; x_wconf 85' lang='lat' dir='ltr'><strong>dicitis?</strong></span> 
     </span>
    </p>
   </div>
   <div class='ocr_carea' id='block_1_8' title="bbox 802 1140 2309 1211">
    <p class='ocr_par' dir='ltr' id='par_1_8' title="bbox 802 1140 2309 1211">
     <span class='ocr_line' id='line_1_8' title="bbox 802 1140 2309 1211; baseline -0.002 -14"><span class='ocrx_word' id='word_1_43' title='bbox 802 1146 875 1198; x_wconf 76' lang='lat'><strong>20</strong></span> <span class='ocrx_word' id='word_1_44' title='bbox 916 1145 971 1198; x_wconf 86' lang='lat' dir='ltr'><strong>Si</strong></span> <span class='ocrx_word' id='word_1_45' title='bbox 1006 1157 1132 1198; x_wconf 85' lang='lat' dir='ltr'><strong>caro</strong></span> <span class='ocrx_word' id='word_1_46' title='bbox 1169 1140 1332 1195; x_wconf 87' lang='lat' dir='ltr'><strong>Verbi</strong></span> <span class='ocrx_word' id='word_1_47' title='bbox 1385 1140 1512 1203; x_wconf 87' lang='lat' dir='ltr'><strong>Dei,</strong></span> <span class='ocrx_word' id='word_1_48' title='bbox 1542 1147 1613 1211; x_wconf 74' lang='lat' dir='ltr'><strong>tut</strong></span> <span class='ocrx_word' id='word_1_49' title='bbox 1642 1148 1824 1195; x_wconf 87' lang='lat' dir='ltr'><strong>vestra</strong></span> <span class='ocrx_word' id='word_1_50' title='bbox 1856 1141 2129 1195; x_wconf 85' lang='lat' dir='ltr'><strong>sententia</strong></span> <span class='ocrx_word' id='word_1_51' title='bbox 2166 1142 2309 1203; x_wconf 74' lang='lat' dir='ltr'><strong>fert,</strong></span> 
     </span>
    </p>
   </div>
   <div class='ocr_carea' id='block_1_9' title="bbox 733 1232 2312 1305">
    <p class='ocr_par' dir='ltr' id='par_1_9' title="bbox 733 1232 2312 1305">
     <span class='ocr_line' id='line_1_9' title="bbox 733 1232 2312 1305; baseline -0.003 -14"><span class='ocrx_word' id='word_1_52' title='bbox 733 1236 979 1305; x_wconf 90' lang='lat' dir='ltr'><strong>ejusdem</strong></span> <span class='ocrx_word' id='word_1_53' title='bbox 1011 1233 1341 1288; x_wconf 85' lang='lat' dir='ltr'><strong>substantia</strong></span> <span class='ocrx_word' id='word_1_54' title='bbox 1368 1244 1453 1287; x_wconf 92' lang='lat' dir='ltr'><strong>est</strong></span> <span class='ocrx_word' id='word_1_55' title='bbox 1478 1247 1602 1285; x_wconf 91' lang='lat' dir='ltr'><strong>cum</strong></span> <span class='ocrx_word' id='word_1_56' title='bbox 1634 1232 1921 1287; x_wconf 73' lang='lat' dir='ltr'><strong>divinitate</strong></span> <span class='ocrx_word' id='word_1_57' title='bbox 1945 1234 2067 1301; x_wconf 87' lang='lat' dir='ltr'><strong>ejus</strong></span> <span class='ocrx_word' id='word_1_58' title='bbox 2098 1234 2312 1288; x_wconf 89' lang='lat' dir='ltr'><strong>increa-</strong></span> 
     </span>
    </p>
   </div>
   <div class='ocr_carea' id='block_1_10' title="bbox 737 1324 2311 1393">
    <p class='ocr_par' dir='ltr' id='par_1_10' title="bbox 737 1324 2311 1393">
     <span class='ocr_line' id='line_1_10' title="bbox 737 1324 2311 1393; baseline -0.002 -13"><span class='ocrx_word' id='word_1_59' title='bbox 737 1336 819 1388; x_wconf 90' lang='lat' dir='ltr'><strong>ta,</strong></span> <span class='ocrx_word' id='word_1_60' title='bbox 849 1324 1440 1380; x_wconf 63' lang='lat' dir='ltr'><strong>consubstantiationis</strong></span> <span class='ocrx_word' id='word_1_61' title='bbox 1471 1324 1793 1393; x_wconf 82' lang='lat' dir='ltr'><strong>Opinatione</strong></span> <span class='ocrx_word' id='word_1_62' title='bbox 1825 1338 1993 1393; x_wconf 88' lang='lat' dir='ltr'><strong>prava</strong></span> <span class='ocrx_word' id='word_1_63' title='bbox 2024 1325 2311 1379; x_wconf 83' lang='lat' dir='ltr'><strong>laboratis.</strong></span> 
     </span>
    </p>
   </div>
   <div class='ocr_carea' id='block_1_11' title="bbox 736 1414 2313 1483">
    <p class='ocr_par' dir='ltr' id='par_1_11' title="bbox 736 1414 2313 1483">
     <span class='ocr_line' id='line_1_11' title="bbox 736 1414 2313 1483; baseline -0.003 -13"><span class='ocrx_word' id='word_1_64' title='bbox 736 1416 917 1470; x_wconf 85' lang='lat' dir='ltr'><strong>Eccur</strong></span> <span class='ocrx_word' id='word_1_65' title='bbox 952 1430 1082 1469; x_wconf 90' lang='lat' dir='ltr'><strong>vero</strong></span> <span class='ocrx_word' id='word_1_66' title='bbox 1112 1415 1256 1483; x_wconf 88' lang='lat' dir='ltr'><strong>quod</strong></span> <span class='ocrx_word' id='word_1_67' title='bbox 1287 1414 1398 1482; x_wconf 90' lang='lat' dir='ltr'><strong>jam</strong></span> <span class='ocrx_word' id='word_1_68' title='bbox 1434 1414 1565 1467; x_wconf 94' lang='lat' dir='ltr'><strong>olim</strong></span> <span class='ocrx_word' id='word_1_69' title='bbox 1600 1414 1887 1480; x_wconf 84' lang='lat' dir='ltr'><strong>parturitis</strong></span> <span class='ocrx_word' id='word_1_70' title='bbox 1910 1453 1924 1476; x_wconf 91' lang='lat'><strong>,</strong></span> <span class='ocrx_word' id='word_1_71' title='bbox 1977 1428 2086 1466; x_wconf 90' lang='lat' dir='ltr'><strong>non</strong></span> <span class='ocrx_word' id='word_1_72' title='bbox 2132 1427 2313 1467; x_wconf 86' lang='lat' dir='ltr'><strong>emer-</strong></span> 
     </span>
    </p>
   </div>
   <div class='ocr_carea' id='block_1_12' title="bbox 739 1504 2314 1577">
    <p class='ocr_par' dir='ltr' id='par_1_12' title="bbox 739 1504 2314 1577">
     <span class='ocr_line' id='line_1_12' title="bbox 739 1504 2314 1577; baseline -0.001 -16"><span class='ocrx_word' id='word_1_73' title='bbox 739 1509 857 1577; x_wconf 75' lang='lat' dir='ltr'><strong>git?</strong></span> <span class='ocrx_word' id='word_1_74' title='bbox 890 1507 985 1560; x_wconf 87' lang='lat' dir='ltr'><strong>Sin</strong></span> <span class='ocrx_word' id='word_1_75' title='bbox 1022 1514 1203 1559; x_wconf 89' lang='lat' dir='ltr'><strong>autem</strong></span> <span class='ocrx_word' id='word_1_76' title='bbox 1239 1520 1347 1559; x_wconf 91' lang='lat' dir='ltr'><strong>non</strong></span> <span class='ocrx_word' id='word_1_77' title='bbox 1379 1513 1465 1559; x_wconf 89' lang='lat' dir='ltr'><strong>est</strong></span> <span class='ocrx_word' id='word_1_78' title='bbox 1497 1504 1744 1571; x_wconf 86' lang='lat' dir='ltr'><strong>ejusdem</strong></span> <span class='ocrx_word' id='word_1_79' title='bbox 1779 1505 2143 1569; x_wconf 87' lang='lat' dir='ltr'><strong>substantia,</strong></span> <span class='ocrx_word' id='word_1_80' title='bbox 2177 1520 2314 1573; x_wconf 92' lang='lat' dir='ltr'><strong>quo-</strong></span> 
     </span>
    </p>
   </div>
   <div class='ocr_carea' id='block_1_13' title="bbox 739 1594 2313 1666">
    <p class='ocr_par' dir='ltr' id='par_1_13' title="bbox 739 1594 2313 1666">
     <span class='ocr_line' id='line_1_13' title="bbox 739 1594 2313 1666; baseline -0.003 -13"><span class='ocrx_word' id='word_1_81' title='bbox 739 1614 865 1654; x_wconf 85' lang='lat' dir='ltr'><strong>nam</strong></span> <span class='ocrx_word' id='word_1_82' title='bbox 918 1605 1079 1666; x_wconf 86' lang='lat' dir='ltr'><strong>pacto</strong></span> <span class='ocrx_word' id='word_1_83' title='bbox 1130 1611 1252 1665; x_wconf 91' lang='lat' dir='ltr'><strong>qua</strong></span> <span class='ocrx_word' id='word_1_84' title='bbox 1300 1612 1405 1648; x_wconf 91' lang='lat' dir='ltr'><strong>non</strong></span> <span class='ocrx_word' id='word_1_85' title='bbox 1464 1602 1593 1649; x_wconf 88' lang='lat' dir='ltr'><strong>sunt</strong></span> <span class='ocrx_word' id='word_1_86' title='bbox 1648 1594 1895 1661; x_wconf 85' lang='lat' dir='ltr'><strong>ejusdem</strong></span> <span class='ocrx_word' id='word_1_87' title='bbox 1945 1596 2313 1659; x_wconf 84' lang='lat' dir='ltr'><strong>substantia,</strong></span> 
     </span>
    </p>
   </div>
   <div class='ocr_carea' id='block_1_14' title="bbox 736 1685 2305 1754">
    <p class='ocr_par' dir='ltr' id='par_1_14' title="bbox 736 1685 2305 1754">
     <span class='ocr_line' id='line_1_14' title="bbox 736 1685 2305 1754; baseline -0.003 -11"><span class='ocrx_word' id='word_1_88' title='bbox 736 1697 901 1743; x_wconf 88' lang='lat' dir='ltr'><strong>erunt</strong></span> <span class='ocrx_word' id='word_1_89' title='bbox 934 1688 1100 1741; x_wconf 92' lang='lat' dir='ltr'><strong>unius</strong></span> <span class='ocrx_word' id='word_1_90' title='bbox 1134 1687 1381 1741; x_wconf 85' lang='lat' dir='ltr'><strong>natura?</strong></span> <span class='ocrx_word' id='word_1_91' title='bbox 1413 1695 1508 1738; x_wconf 90' lang='lat' dir='ltr'><strong>aut</strong></span> <span class='ocrx_word' id='word_1_92' title='bbox 1542 1685 1822 1754; x_wconf 91' lang='lat' dir='ltr'><strong>quomodo</strong></span> <span class='ocrx_word' id='word_1_93' title='bbox 1851 1701 1972 1754; x_wconf 84' lang='lat' dir='ltr'><strong>qua</strong></span> <span class='ocrx_word' id='word_1_94' title='bbox 2007 1688 2171 1741; x_wconf 92' lang='lat' dir='ltr'><strong>unius</strong></span> <span class='ocrx_word' id='word_1_95' title='bbox 2206 1702 2305 1740; x_wconf 89' lang='lat' dir='ltr'><strong>na-</strong></span> 
     </span>
    </p>
   </div>
   <div class='ocr_carea' id='block_1_15' title="bbox 740 1776 2358 1846">
    <p class='ocr_par' dir='ltr' id='par_1_15' title="bbox 740 1776 2358 1846">
     <span class='ocr_line' id='line_1_15' title="bbox 740 1776 2358 1846; baseline 0 -15"><span class='ocrx_word' id='word_1_96' title='bbox 740 1788 880 1835; x_wconf 83' lang='lat' dir='ltr'><strong>tura</strong></span> <span class='ocrx_word' id='word_1_97' title='bbox 938 1787 1103 1843; x_wconf 90' lang='lat' dir='ltr'><strong>sunt,</strong></span> <span class='ocrx_word' id='word_1_98' title='bbox 1165 1778 1413 1846; x_wconf 89' lang='lat' dir='ltr'><strong>ejusdem</strong></span> <span class='ocrx_word' id='word_1_99' title='bbox 1469 1776 1795 1831; x_wconf 84' lang='lat' dir='ltr'><strong>substantia</strong></span> <span class='ocrx_word' id='word_1_100' title='bbox 1842 1792 1952 1831; x_wconf 90' lang='lat' dir='ltr'><strong>non</strong></span> <span class='ocrx_word' id='word_1_101' title='bbox 2006 1778 2181 1831; x_wconf 81' lang='lat' dir='ltr'><strong>sunt?</strong></span> <span class='ocrx_word' id='word_1_102' title='bbox 2240 1777 2358 1831; x_wconf 84' lang='lat' dir='ltr'><strong>Nisi</strong></span> 
     </span>
    </p>
   </div>
   <div class='ocr_carea' id='block_1_16' title="bbox 737 1868 2307 1937">
    <p class='ocr_par' dir='ltr' id='par_1_16' title="bbox 737 1868 2307 1937">
     <span class='ocr_line' id='line_1_16' title="bbox 737 1868 2307 1937; baseline -0.003 -12"><span class='ocrx_word' id='word_1_103' title='bbox 737 1881 857 1937; x_wconf 90' lang='lat' dir='ltr'><strong>est,</strong></span> <span class='ocrx_word' id='word_1_104' title='bbox 889 1871 1131 1923; x_wconf 77' lang='lat' dir='ltr'><strong>eannlem</strong></span> <span class='ocrx_word' id='word_1_105' title='bbox 1172 1869 1373 1921; x_wconf 88' lang='lat' dir='ltr'><strong>habere</strong></span> <span class='ocrx_word' id='word_1_106' title='bbox 1406 1868 1815 1931; x_wconf 89' lang='lat' dir='ltr'><strong>substantiam,</strong></span> <span class='ocrx_word' id='word_1_107' title='bbox 1850 1868 1961 1922; x_wconf 85' lang='lat' dir='ltr'><strong>sive</strong></span> <span class='ocrx_word' id='word_1_108' title='bbox 1989 1869 2307 1922; x_wconf 87' lang='lat' dir='ltr'><strong>essentiam.</strong></span> 
     </span>
    </p>
   </div>
   <div class='ocr_carea' id='block_1_17' title="bbox 809 1955 2317 2019">
    <p class='ocr_par' dir='ltr' id='par_1_17' title="bbox 809 1955 2317 2019">
     <span class='ocr_line' id='line_1_17' title="bbox 809 1955 2317 2019; baseline -0.003 -6"><span class='ocrx_word' id='word_1_109' title='bbox 809 1962 901 2014; x_wconf 73' lang='lat'><strong>2!.</strong></span> <span class='ocrx_word' id='word_1_110' title='bbox 944 1959 1000 2012; x_wconf 91' lang='lat' dir='ltr'><strong>Si</strong></span> <span class='ocrx_word' id='word_1_111' title='bbox 1033 1958 1289 2011; x_wconf 90' lang='lat' dir='ltr'><strong>Christus</strong></span> <span class='ocrx_word' id='word_1_112' title='bbox 1317 1966 1403 2010; x_wconf 92' lang='lat' dir='ltr'><strong>est</strong></span> <span class='ocrx_word' id='word_1_113' title='bbox 1431 1956 1930 2011; x_wconf 89' lang='lat' dir='ltr'><strong>consubstantialis</strong></span> <span class='ocrx_word' id='word_1_114' title='bbox 1980 1955 2127 2009; x_wconf 86' lang='lat' dir='ltr'><strong>Patri</strong></span> <span class='ocrx_word' id='word_1_115' title='bbox 2156 1995 2171 2019; x_wconf 96' lang='lat'><strong>,</strong></span> <span class='ocrx_word' id='word_1_116' title='bbox 2214 1969 2317 2009; x_wconf 84' lang='lat' dir='ltr'><strong>no-</strong></span> 
     </span>
    </p>
   </div>
   <div class='ocr_carea' id='block_1_18' title="bbox 736 2046 2316 2121">
    <p class='ocr_par' dir='ltr' id='par_1_18' title="bbox 736 2046 2316 2121">
     <span class='ocr_line' id='line_1_18' title="bbox 736 2046 2316 2121; baseline -0.004 -16"><span class='ocrx_word' id='word_1_117' title='bbox 736 2051 932 2121; x_wconf 90' lang='lat' dir='ltr'><strong>bisque</strong></span> <span class='ocrx_word' id='word_1_118' title='bbox 965 2050 1151 2103; x_wconf 88' lang='lat' dir='ltr'><strong>itidem</strong></span> <span class='ocrx_word' id='word_1_119' title='bbox 1186 2048 1681 2101; x_wconf 89' lang='lat' dir='ltr'><strong>eonsubstantialis</strong></span> <span class='ocrx_word' id='word_1_120' title='bbox 1720 2047 2029 2102; x_wconf 91' lang='lat' dir='ltr'><strong>secundum</strong></span> <span class='ocrx_word' id='word_1_121' title='bbox 2068 2046 2316 2100; x_wconf 83' lang='lat' dir='ltr'><strong>eamdem</strong></span> 
     </span>
    </p>
   </div>
   <div class='ocr_carea' id='block_1_19' title="bbox 742 2137 2318 2208">
    <p class='ocr_par' dir='ltr' id='par_1_19' title="bbox 742 2137 2318 2208">
     <span class='ocr_line' id='line_1_19' title="bbox 742 2137 2318 2208; baseline -0.005 -9"><span class='ocrx_word' id='word_1_122' title='bbox 742 2156 1031 2206; x_wconf 86' lang='lat' dir='ltr'><strong>naturam,</strong></span> <span class='ocrx_word' id='word_1_123' title='bbox 1070 2155 1169 2193; x_wconf 90' lang='lat' dir='ltr'><strong>nos</strong></span> <span class='ocrx_word' id='word_1_124' title='bbox 1205 2154 1428 2208; x_wconf 90' lang='lat' dir='ltr'><strong>quoque</strong></span> <span class='ocrx_word' id='word_1_125' title='bbox 1464 2138 1609 2190; x_wconf 83' lang='lat' dir='ltr'><strong>Patri</strong></span> <span class='ocrx_word' id='word_1_126' title='bbox 1664 2137 2177 2191; x_wconf 88' lang='lat' dir='ltr'><strong>consubstantiales</strong></span> <span class='ocrx_word' id='word_1_127' title='bbox 2223 2153 2318 2191; x_wconf 84' lang='lat' dir='ltr'><strong>su-</strong></span> 
     </span>
    </p>
   </div>
   <div class='ocr_carea' id='block_1_20' title="bbox 743 2228 2320 2298">
    <p class='ocr_par' dir='ltr' id='par_1_20' title="bbox 743 2228 2320 2298">
     <span class='ocr_line' id='line_1_20' title="bbox 743 2228 2320 2298; baseline -0.004 -9"><span class='ocrx_word' id='word_1_128' title='bbox 743 2251 888 2289; x_wconf 89' lang='lat' dir='ltr'><strong>mus.</strong></span> <span class='ocrx_word' id='word_1_129' title='bbox 924 2233 1055 2298; x_wconf 88' lang='lat' dir='ltr'><strong>Qua</strong></span> <span class='ocrx_word' id='word_1_130' title='bbox 1083 2232 1225 2284; x_wconf 90' lang='lat' dir='ltr'><strong>enim</strong></span> <span class='ocrx_word' id='word_1_131' title='bbox 1260 2230 1564 2284; x_wconf 87' lang='lat' dir='ltr'><strong>secundum</strong></span> <span class='ocrx_word' id='word_1_132' title='bbox 1599 2238 1851 2283; x_wconf 89' lang='lat' dir='ltr'><strong>naturam</strong></span> <span class='ocrx_word' id='word_1_133' title='bbox 1886 2229 2134 2283; x_wconf 88' lang='lat' dir='ltr'><strong>eamdem</strong></span> <span class='ocrx_word' id='word_1_134' title='bbox 2168 2228 2320 2296; x_wconf 90' lang='lat' dir='ltr'><strong>ejus-</strong></span> 
     </span>
    </p>
   </div>
   <div class='ocr_carea' id='block_1_21' title="bbox 743 2322 2319 2385">
    <p class='ocr_par' dir='ltr' id='par_1_21' title="bbox 743 2322 2319 2385">
     <span class='ocr_line' id='line_1_21' title="bbox 743 2322 2319 2385; baseline -0.004 -4"><span class='ocrx_word' id='word_1_135' title='bbox 743 2328 866 2381; x_wconf 90' lang='lat' dir='ltr'><strong>dem</strong></span> <span class='ocrx_word' id='word_1_136' title='bbox 896 2323 1215 2378; x_wconf 81' lang='lat' dir='ltr'><strong>substantia</strong></span> <span class='ocrx_word' id='word_1_137' title='bbox 1241 2329 1408 2385; x_wconf 89' lang='lat' dir='ltr'><strong>sunt,</strong></span> <span class='ocrx_word' id='word_1_138' title='bbox 1439 2337 1501 2374; x_wconf 90' lang='lat' dir='ltr'><strong>ea</strong></span> <span class='ocrx_word' id='word_1_139' title='bbox 1536 2322 1680 2376; x_wconf 90' lang='lat' dir='ltr'><strong>inter</strong></span> <span class='ocrx_word' id='word_1_140' title='bbox 1710 2337 1767 2376; x_wconf 93' lang='lat' dir='ltr'><strong>se</strong></span> <span class='ocrx_word' id='word_1_141' title='bbox 1796 2330 1924 2376; x_wconf 91' lang='lat' dir='ltr'><strong>sunt</strong></span> <span class='ocrx_word' id='word_1_142' title='bbox 1951 2322 2319 2375; x_wconf 81' lang='lat' dir='ltr'><strong>consubstan-</strong></span> 
     </span>
    </p>
   </div>
   <div class='ocr_carea' id='block_1_22' title="bbox 744 2410 2320 2472">
    <p class='ocr_par' dir='ltr' id='par_1_22' title="bbox 744 2410 2320 2472">
     <span class='ocr_line' id='line_1_22' title="bbox 744 2410 2320 2472; baseline -0.005 0"><span class='ocrx_word' id='word_1_143' title='bbox 744 2418 920 2472; x_wconf 88' lang='lat' dir='ltr'><strong>tialia.</strong></span> <span class='ocrx_word' id='word_1_144' title='bbox 972 2415 1029 2468; x_wconf 87' lang='lat' dir='ltr'><strong>Si</strong></span> <span class='ocrx_word' id='word_1_145' title='bbox 1081 2418 1261 2467; x_wconf 85' lang='lat' dir='ltr'><strong>autem</strong></span> <span class='ocrx_word' id='word_1_146' title='bbox 1307 2413 1611 2467; x_wconf 89' lang='lat' dir='ltr'><strong>secundum</strong></span> <span class='ocrx_word' id='word_1_147' title='bbox 1663 2412 2011 2465; x_wconf 80' lang='lat' dir='ltr'><strong>divinitatem</strong></span> <span class='ocrx_word' id='word_1_148' title='bbox 2049 2422 2133 2467; x_wconf 90' lang='lat' dir='ltr'><strong>est</strong></span> <span class='ocrx_word' id='word_1_149' title='bbox 2169 2410 2320 2465; x_wconf 81' lang='lat' dir='ltr'><strong>Patri</strong></span> 
     </span>
    </p>
   </div>
   <div class='ocr_carea' id='block_1_23' title="bbox 744 2502 2322 2567">
    <p class='ocr_par' dir='ltr' id='par_1_23' title="bbox 744 2502 2322 2567">
     <span class='ocr_line' id='line_1_23' title="bbox 744 2502 2322 2567; baseline -0.004 -7"><span class='ocrx_word' id='word_1_150' title='bbox 744 2504 1235 2561; x_wconf 84' lang='lat' dir='ltr'><strong>consubstantialis</strong></span> <span class='ocrx_word' id='word_1_151' title='bbox 1256 2544 1269 2567; x_wconf 94' lang='lat'><strong>,</strong></span> <span class='ocrx_word' id='word_1_152' title='bbox 1305 2502 1465 2555; x_wconf 89' lang='lat' dir='ltr'><strong>nobis</strong></span> <span class='ocrx_word' id='word_1_153' title='bbox 1498 2516 1626 2556; x_wconf 92' lang='lat' dir='ltr'><strong>vero</strong></span> <span class='ocrx_word' id='word_1_154' title='bbox 1656 2503 1959 2556; x_wconf 91' lang='lat' dir='ltr'><strong>secundum</strong></span> <span class='ocrx_word' id='word_1_155' title='bbox 2000 2503 2322 2555; x_wconf 88' lang='lat' dir='ltr'><strong>humanita-</strong></span> 
     </span>
    </p>
   </div>
   <div class='ocr_carea' id='block_1_24' title="bbox 746 2592 2320 2664">
    <p class='ocr_par' dir='ltr' id='par_1_24' title="bbox 746 2592 2320 2664">
     <span class='ocr_line' id='line_1_24' title="bbox 746 2592 2320 2664; baseline -0.006 -13"><span class='ocrx_word' id='word_1_156' title='bbox 746 2607 888 2657; x_wconf 90' lang='lat' dir='ltr'><strong>tem;</strong></span> <span class='ocrx_word' id='word_1_157' title='bbox 914 2609 1067 2664; x_wconf 77' lang='lat' dir='ltr'><strong>rugo,</strong></span> <span class='ocrx_word' id='word_1_158' title='bbox 1096 2593 1283 2656; x_wconf 87' lang='lat' dir='ltr'><strong>dicite,</strong></span> <span class='ocrx_word' id='word_1_159' title='bbox 1312 2600 1469 2645; x_wconf 86' lang='lat' dir='ltr'><strong>estne</strong></span> <span class='ocrx_word' id='word_1_160' title='bbox 1497 2592 1764 2646; x_wconf 82' lang='lat' dir='ltr'><strong>divinitas</strong></span> <span class='ocrx_word' id='word_1_161' title='bbox 1789 2602 1843 2646; x_wconf 90' lang='lat' dir='ltr'><strong>et</strong></span> <span class='ocrx_word' id='word_1_162' title='bbox 1872 2593 2189 2646; x_wconf 86' lang='lat' dir='ltr'><strong>humanitas</strong></span> <span class='ocrx_word' id='word_1_163' title='bbox 2215 2605 2320 2643; x_wconf 86' lang='lat' dir='ltr'><strong>una</strong></span> 
     </span>
    </p>
   </div>
   <div class='ocr_carea' id='block_1_25' title="bbox 749 2682 2323 2747">
    <p class='ocr_par' dir='ltr' id='par_1_25' title="bbox 749 2682 2323 2747">
     <span class='ocr_line' id='line_1_25' title="bbox 749 2682 2323 2747; baseline -0.005 -4"><span class='ocrx_word' id='word_1_164' title='bbox 749 2688 995 2742; x_wconf 84' lang='lat' dir='ltr'><strong>natura?</strong></span> <span class='ocrx_word' id='word_1_165' title='bbox 1026 2686 1092 2738; x_wconf 85' lang='lat' dir='ltr'><strong>At</strong></span> <span class='ocrx_word' id='word_1_166' title='bbox 1122 2686 1165 2739; x_wconf 92' lang='lat' dir='ltr'><strong>si</strong></span> <span class='ocrx_word' id='word_1_167' title='bbox 1196 2700 1303 2737; x_wconf 90' lang='lat' dir='ltr'><strong>una</strong></span> <span class='ocrx_word' id='word_1_168' title='bbox 1336 2693 1528 2736; x_wconf 88' lang='lat' dir='ltr'><strong>natura</strong></span> <span class='ocrx_word' id='word_1_169' title='bbox 1563 2698 1669 2736; x_wconf 91' lang='lat' dir='ltr'><strong>non</strong></span> <span class='ocrx_word' id='word_1_170' title='bbox 1702 2692 1825 2747; x_wconf 92' lang='lat' dir='ltr'><strong>est,</strong></span> <span class='ocrx_word' id='word_1_171' title='bbox 1862 2683 2176 2737; x_wconf 64' lang='lat' dir='ltr'><strong>nect-ssario</strong></span> <span class='ocrx_word' id='word_1_172' title='bbox 2204 2682 2323 2735; x_wconf 83' lang='lat' dir='ltr'><strong>dna</strong></span> 
     </span>
    </p>
   </div>
   <div class='ocr_carea' id='block_1_26' title="bbox 749 2774 2323 2847">
    <p class='ocr_par' dir='ltr' id='par_1_26' title="bbox 749 2774 2323 2847">
     <span class='ocr_line' id='line_1_26' title="bbox 749 2774 2323 2847; baseline -0.005 -13"><span class='ocrx_word' id='word_1_173' title='bbox 749 2788 917 2834; x_wconf 90' lang='lat' dir='ltr'><strong>sunt:</strong></span> <span class='ocrx_word' id='word_1_174' title='bbox 954 2787 1118 2847; x_wconf 82' lang='lat' dir='ltr'><strong>atque</strong></span> <span class='ocrx_word' id='word_1_175' title='bbox 1150 2777 1285 2829; x_wconf 88' lang='lat' dir='ltr'><strong>adeo</strong></span> <span class='ocrx_word' id='word_1_176' title='bbox 1328 2774 1446 2827; x_wconf 85' lang='lat' dir='ltr'><strong>dna:</strong></span> <span class='ocrx_word' id='word_1_177' title='bbox 1481 2782 1691 2829; x_wconf 89' lang='lat' dir='ltr'><strong>natura</strong></span> <span class='ocrx_word' id='word_1_178' title='bbox 1722 2774 1979 2828; x_wconf 82' lang='lat' dir='ltr'><strong>Christus</strong></span> <span class='ocrx_word' id='word_1_179' title='bbox 2009 2782 2133 2838; x_wconf 89' lang='lat' dir='ltr'><strong>est,</strong></span> <span class='ocrx_word' id='word_1_180' title='bbox 2180 2780 2233 2827; x_wconf 92' lang='lat' dir='ltr'><strong>et</strong></span> <span class='ocrx_word' id='word_1_181' title='bbox 2267 2774 2323 2826; x_wconf 87' lang='lat' dir='ltr'><strong>in</strong></span> 
     </span>
    </p>
   </div>
   <div class='ocr_carea' id='block_1_27' title="bbox 749 2864 2325 2934">
    <p class='ocr_par' dir='ltr' id='par_1_27' title="bbox 749 2864 2325 2934">
     <span class='ocr_line' id='line_1_27' title="bbox 749 2864 2325 2934; baseline -0.005 -9"><span class='ocrx_word' id='word_1_182' title='bbox 749 2872 967 2926; x_wconf 88' lang='lat' dir='ltr'><strong>duabus</strong></span> <span class='ocrx_word' id='word_1_183' title='bbox 1004 2868 1237 2923; x_wconf 88' lang='lat' dir='ltr'><strong>naturis.</strong></span> <span class='ocrx_word' id='word_1_184' title='bbox 1303 2864 1396 2918; x_wconf 88' lang='lat' dir='ltr'><strong>Sin</strong></span> <span class='ocrx_word' id='word_1_185' title='bbox 1458 2881 1588 2918; x_wconf 84' lang='lat' dir='ltr'><strong>vero</strong></span> <span class='ocrx_word' id='word_1_186' title='bbox 1620 2877 1709 2921; x_wconf 90' lang='lat' dir='ltr'><strong>est</strong></span> <span class='ocrx_word' id='word_1_187' title='bbox 1741 2880 1879 2929; x_wconf 88' lang='lat' dir='ltr'><strong>una,</strong></span> <span class='ocrx_word' id='word_1_188' title='bbox 1914 2864 2146 2934; x_wconf 87' lang='lat' dir='ltr'><strong>quinam</strong></span> <span class='ocrx_word' id='word_1_189' title='bbox 2195 2879 2325 2933; x_wconf 81' lang='lat' dir='ltr'><strong>ergo</strong></span> 
     </span>
    </p>
   </div>
   <div class='ocr_carea' id='block_1_28' title="bbox 750 2956 2328 3027">
    <p class='ocr_par' dir='ltr' id='par_1_28' title="bbox 750 2956 2328 3027">
     <span class='ocr_line' id='line_1_28' title="bbox 750 2956 2328 3027; baseline -0.007 -9"><span class='ocrx_word' id='word_1_190' title='bbox 750 2964 1034 3017; x_wconf 80' lang='lat' dir='ltr'><strong>differunt.</strong></span> <span class='ocrx_word' id='word_1_191' title='bbox 1086 2958 1219 3012; x_wconf 84' lang='lat' dir='ltr'><strong>Nam</strong></span> <span class='ocrx_word' id='word_1_192' title='bbox 1254 2973 1374 3027; x_wconf 85' lang='lat' dir='ltr'><strong>qua</strong></span> <span class='ocrx_word' id='word_1_193' title='bbox 1404 2957 1701 3019; x_wconf 80' lang='lat' dir='ltr'><strong>diﬁ&#39;erunt,</strong></span> <span class='ocrx_word' id='word_1_194' title='bbox 1735 2956 1817 3009; x_wconf 89' lang='lat' dir='ltr'><strong>vel</strong></span> <span class='ocrx_word' id='word_1_195' title='bbox 1861 2957 2184 3011; x_wconf 88' lang='lat' dir='ltr'><strong>substantia</strong></span> <span class='ocrx_word' id='word_1_196' title='bbox 2241 2972 2328 3010; x_wconf 87' lang='lat' dir='ltr'><strong>ra-</strong></span> 
     </span>
    </p>
   </div>
   <div class='ocr_carea' id='block_1_29' title="bbox 752 3046 2329 3116">
    <p class='ocr_par' dir='ltr' id='par_1_29' title="bbox 752 3046 2329 3116">
     <span class='ocr_line' id='line_1_29' title="bbox 752 3046 2329 3116; baseline -0.006 -6"><span class='ocrx_word' id='word_1_197' title='bbox 752 3057 903 3110; x_wconf 89' lang='lat' dir='ltr'><strong>tione</strong></span> <span class='ocrx_word' id='word_1_198' title='bbox 930 3052 1223 3114; x_wconf 86' lang='lat' dir='ltr'><strong>dilIerunt,</strong></span> <span class='ocrx_word' id='word_1_199' title='bbox 1261 3050 1344 3103; x_wconf 84' lang='lat' dir='ltr'><strong>vel</strong></span> <span class='ocrx_word' id='word_1_200' title='bbox 1386 3051 1597 3101; x_wconf 83' lang='lat' dir='ltr'><strong>ratione</strong></span> <span class='ocrx_word' id='word_1_201' title='bbox 1632 3047 1755 3116; x_wconf 90' lang='lat' dir='ltr'><strong>ejus</strong></span> <span class='ocrx_word' id='word_1_202' title='bbox 1805 3046 1952 3115; x_wconf 92' lang='lat' dir='ltr'><strong>quod</strong></span> <span class='ocrx_word' id='word_1_203' title='bbox 2005 3048 2329 3102; x_wconf 88' lang='lat' dir='ltr'><strong>substantia</strong></span> 
     </span>
    </p>
   </div>
   <div class='ocr_carea' id='block_1_30' title="bbox 752 3138 2326 3208">
    <p class='ocr_par' dir='ltr' id='par_1_30' title="bbox 752 3138 2326 3208">
     <span class='ocr_line' id='line_1_30' title="bbox 752 3138 2326 3208; baseline -0.006 -7"><span class='ocrx_word' id='word_1_204' title='bbox 752 3148 993 3201; x_wconf 79' lang='lat' dir='ltr'><strong>advenit.</strong></span> <span class='ocrx_word' id='word_1_205' title='bbox 1034 3145 1089 3197; x_wconf 89' lang='lat' dir='ltr'><strong>Si</strong></span> <span class='ocrx_word' id='word_1_206' title='bbox 1130 3143 1345 3195; x_wconf 89' lang='lat' dir='ltr'><strong>ratione</strong></span> <span class='ocrx_word' id='word_1_207' title='bbox 1374 3140 1496 3206; x_wconf 85' lang='lat' dir='ltr'><strong>ejus</strong></span> <span class='ocrx_word' id='word_1_208' title='bbox 1526 3139 1674 3208; x_wconf 91' lang='lat' dir='ltr'><strong>quod</strong></span> <span class='ocrx_word' id='word_1_209' title='bbox 1712 3138 1931 3193; x_wconf 87' lang='lat' dir='ltr'><strong>advenit</strong></span> <span class='ocrx_word' id='word_1_210' title='bbox 1965 3138 2326 3200; x_wconf 88' lang='lat' dir='ltr'><strong>substantia,</strong></span> 
     </span>
    </p>
   </div>
   <div class='ocr_carea' id='block_1_31' title="bbox 1916 379 2787 441">
    <p class='ocr_par' dir='ltr' id='par_1_31' title="bbox 1916 379 2787 441">
     <span class='ocr_line' id='line_1_31' title="bbox 1916 379 2787 441; baseline -0.003 -1"><span class='ocrx_word' id='word_1_211' title='bbox 1916 381 1975 440; x_wconf 93' lang='lat' dir='ltr'><strong>S.</strong></span> <span class='ocrx_word' id='word_1_212' title='bbox 1998 379 2319 441; x_wconf 74' lang='lat' dir='ltr'><strong>JOANNIS</strong></span> <span class='ocrx_word' id='word_1_213' title='bbox 2360 379 2787 439; x_wconf 58' lang='lat' dir='ltr'><strong>DAMASCENI</strong></span> 
     </span>
    </p>
   </div>
   <div class='ocr_carea' id='block_1_32' title="bbox 802 488 2375 559">
    <p class='ocr_par' dir='ltr' id='par_1_32' title="bbox 802 488 2375 559">
     <span class='ocr_line' id='line_1_32' title="bbox 802 488 2375 559; baseline -0.004 -12"><span class='ocrx_word' id='word_1_214' title='bbox 802 494 892 549; x_wconf 82' lang='lat' dir='ltr'><strong>l9.</strong></span> <span class='ocrx_word' id='word_1_215' title='bbox 933 491 987 547; x_wconf 91' lang='lat' dir='ltr'><strong>Si</strong></span> <span class='ocrx_word' id='word_1_216' title='bbox 1031 488 1458 559; x_wconf 81' lang='lat' dir='ltr'><strong>unumquodque</strong></span> <span class='ocrx_word' id='word_1_217' title='bbox 1496 503 1717 553; x_wconf 89' lang='lat' dir='ltr'><strong>eorum,</strong></span> <span class='ocrx_word' id='word_1_218' title='bbox 1757 503 1821 542; x_wconf 84' lang='lat' dir='ltr'><strong>ex</strong></span> <span class='ocrx_word' id='word_1_219' title='bbox 1860 492 2063 558; x_wconf 88' lang='lat' dir='ltr'><strong>quibus</strong></span> <span class='ocrx_word' id='word_1_220' title='bbox 2119 499 2301 543; x_wconf 76' lang='lat' dir='ltr'><strong>exstat</strong></span> <span class='ocrx_word' id='word_1_221' title='bbox 2334 498 2375 548; x_wconf 79' lang='grc' dir='ltr'><strong>Α</strong></span> 
     </span>
    </p>
   </div>
   <div class='ocr_carea' id='block_1_33' title="bbox 2478 477 3987 555">
    <p class='ocr_par' dir='ltr' id='par_1_33' title="bbox 2478 477 3987 555">
     <span class='ocr_line' id='line_1_33' title="bbox 2478 477 3987 555; baseline -0.002 -15"><span class='ocrx_word' id='word_1_222' title='bbox 2478 488 2562 541; x_wconf 75' lang='grc' dir='ltr'><strong>ιϐ’.</strong></span> <span class='ocrx_word' id='word_1_223' title='bbox 2596 487 2658 540; x_wconf 80' lang='grc' dir='ltr'><strong>Εἰ</strong></span> <span class='ocrx_word' id='word_1_224' title='bbox 2691 488 2945 555; x_wconf 66' lang='grc' dir='ltr'>φυλάττει</span> <span class='ocrx_word' id='word_1_225' title='bbox 2978 485 3209 539; x_wconf 80' lang='grc' dir='ltr'>ἕκαστον</span> <span class='ocrx_word' id='word_1_226' title='bbox 3246 486 3316 539; x_wconf 74' lang='grc' dir='ltr'>τὰ</span> <span class='ocrx_word' id='word_1_227' title='bbox 3358 486 3417 552; x_wconf 78' lang='grc' dir='ltr'><strong>ἐξ</strong></span> <span class='ocrx_word' id='word_1_228' title='bbox 3450 477 3525 538; x_wconf 77' lang='grc' dir='ltr'>ὧν</span> <span class='ocrx_word' id='word_1_229' title='bbox 3554 488 3584 539; x_wconf 87' lang='lat'><strong>6</strong></span> <span class='ocrx_word' id='word_1_230' title='bbox 3612 487 3856 554; x_wconf 70' lang='grc' dir='ltr'>Χριστὸς</span> <span class='ocrx_word' id='word_1_231' title='bbox 3898 488 3987 537; x_wconf 69' lang='grc' dir='ltr'>τὶν</span> 
     </span>
    </p>
   </div>
   <div class='ocr_carea' id='block_1_34' title="bbox 2404 578 3988 648">
    <p class='ocr_par' dir='ltr' id='par_1_34' title="bbox 2404 578 3988 648">
     <span class='ocr_line' id='line_1_34' title="bbox 2404 578 3988 648; baseline -0.003 -15"><span class='ocrx_word' id='word_1_232' title='bbox 2404 580 2541 633; x_wconf 84' lang='grc' dir='ltr'>ῑδιον</span> <span class='ocrx_word' id='word_1_233' title='bbox 2572 579 2670 646; x_wconf 79' lang='grc' dir='ltr'><strong>τῆς</strong></span> <span class='ocrx_word' id='word_1_234' title='bbox 2703 578 2890 640; x_wconf 77' lang='grc' dir='ltr'><strong>οὐσίας</strong></span> <span class='ocrx_word' id='word_1_235' title='bbox 2921 579 3044 648; x_wconf 85' lang='grc' dir='ltr'>ὅρον</span> <span class='ocrx_word' id='word_1_236' title='bbox 3074 594 3133 629; x_wconf 88' lang='grc' dir='ltr'><strong>τε</strong></span> <span class='ocrx_word' id='word_1_237' title='bbox 3176 580 3270 630; x_wconf 68' lang='grc' dir='ltr'><strong>καὶ</strong></span> <span class='ocrx_word' id='word_1_238' title='bbox 3299 578 3475 645; x_wconf 75' lang='grc' dir='ltr'>λόγον,</span> <span class='ocrx_word' id='word_1_239' title='bbox 3512 579 3615 631; x_wconf 74' lang='grc' dir='ltr'>κάν</span> <span class='ocrx_word' id='word_1_240' title='bbox 3654 581 3727 648; x_wconf 76' lang='grc' dir='ltr'>τῇ</span> <span class='ocrx_word' id='word_1_241' title='bbox 3771 579 3988 639; x_wconf 56' lang='lat' dir='ltr'><strong>Eminet,</strong></span> 
     </span>
    </p>
   </div>
   <div class='ocr_carea' id='block_1_35' title="bbox 2408 667 3991 737">
    <p class='ocr_par' dir='ltr' id='par_1_35' title="bbox 2408 667 3991 737">
     <span class='ocr_line' id='line_1_35' title="bbox 2408 667 3991 737; baseline 0 -16"><span class='ocrx_word' id='word_1_242' title='bbox 2408 670 2502 721; x_wconf 74' lang='grc' dir='ltr'><strong>καὶ</strong></span> <span class='ocrx_word' id='word_1_243' title='bbox 2528 668 2716 736; x_wconf 77' lang='grc' dir='ltr'>ἔτερος</span> <span class='ocrx_word' id='word_1_244' title='bbox 2750 667 2849 736; x_wconf 81' lang='grc' dir='ltr'><strong>μὲν</strong></span> <span class='ocrx_word' id='word_1_245' title='bbox 2888 670 2915 719; x_wconf 91' lang='lat'><strong>6</strong></span> <span class='ocrx_word' id='word_1_246' title='bbox 2954 667 3052 735; x_wconf 78' lang='grc' dir='ltr'><strong>τῆς</strong></span> <span class='ocrx_word' id='word_1_247' title='bbox 3082 667 3322 735; x_wconf 73' lang='grc' dir='ltr'>Χριστοῦ</span> <span class='ocrx_word' id='word_1_248' title='bbox 3362 668 3619 736; x_wconf 72' lang='grc' dir='ltr'><strong>θεότητος</strong></span> <span class='ocrx_word' id='word_1_249' title='bbox 3657 669 3789 737; x_wconf 77' lang='grc' dir='ltr'>ὄρος</span> <span class='ocrx_word' id='word_1_250' title='bbox 3820 671 3921 720; x_wconf 70' lang='grc' dir='ltr'><strong>καὶ</strong></span> <span class='ocrx_word' id='word_1_251' title='bbox 3964 673 3991 722; x_wconf 83' lang='lat'><strong>6</strong></span> 
     </span>
    </p>
   </div>
   <div class='ocr_carea' id='block_1_36' title="bbox 2406 758 3991 828">
    <p class='ocr_par' dir='ltr' id='par_1_36' title="bbox 2406 758 3991 828">
     <span class='ocr_line' id='line_1_36' title="bbox 2406 758 3991 828; baseline 0.003 -19"><span class='ocrx_word' id='word_1_252' title='bbox 2406 760 2507 828; x_wconf 75' lang='grc' dir='ltr'>τῆς</span> <span class='ocrx_word' id='word_1_253' title='bbox 2534 758 2952 827; x_wconf 76' lang='grc' dir='ltr'>ἀνθρωπότητος</span> <span class='ocrx_word' id='word_1_254' title='bbox 2990 759 3200 827; x_wconf 76' lang='grc' dir='ltr'>ἕτερος,</span> <span class='ocrx_word' id='word_1_255' title='bbox 3227 758 3280 811; x_wconf 82' lang='grc' dir='ltr'>τί</span> <span class='ocrx_word' id='word_1_256' title='bbox 3313 759 3379 811; x_wconf 69' lang='grc' dir='ltr'><strong>τὰ</strong></span> <span class='ocrx_word' id='word_1_257' title='bbox 3414 760 3489 827; x_wconf 76' lang='grc' dir='ltr'><strong>μὴ</strong></span> <span class='ocrx_word' id='word_1_258' title='bbox 3512 760 3619 811; x_wconf 71' lang='grc' dir='ltr'><strong>ὑπὸ</strong></span> <span class='ocrx_word' id='word_1_259' title='bbox 3647 761 3750 812; x_wconf 76' lang='grc' dir='ltr'><strong>ἕνα</strong></span> <span class='ocrx_word' id='word_1_260' title='bbox 3780 764 3880 810; x_wconf 70' lang='grc' dir='ltr'><strong>καὶ</strong></span> <span class='ocrx_word' id='word_1_261' title='bbox 3905 761 3991 813; x_wconf 61' lang='grc' dir='ltr'><strong>τὸν</strong></span> 
     </span>
    </p>
   </div>
   <div class='ocr_carea' id='block_1_37' title="bbox 2409 849 3991 919">
    <p class='ocr_par' dir='ltr' id='par_1_37' title="bbox 2409 849 3991 919">
     <span class='ocr_line' id='line_1_37' title="bbox 2409 849 3991 919; baseline 0 -16"><span class='ocrx_word' id='word_1_262' title='bbox 2409 850 2573 903; x_wconf 75' lang='grc' dir='ltr'>αὑτὸν</span> <span class='ocrx_word' id='word_1_263' title='bbox 2618 852 2745 919; x_wconf 82' lang='grc' dir='ltr'>ὅρον</span> <span class='ocrx_word' id='word_1_264' title='bbox 2790 850 3096 919; x_wconf 74' lang='grc' dir='ltr'><strong>ταττόμενα</strong></span> <span class='ocrx_word' id='word_1_265' title='bbox 3144 849 3299 919; x_wconf 79' lang='grc' dir='ltr'><strong>μίαν,</strong></span> <span class='ocrx_word' id='word_1_266' title='bbox 3363 851 3458 903; x_wconf 76' lang='grc' dir='ltr'><strong>καὶ</strong></span> <span class='ocrx_word' id='word_1_267' title='bbox 3520 852 3580 903; x_wconf 75' lang='grc' dir='ltr'>οὐ</span> <span class='ocrx_word' id='word_1_268' title='bbox 3639 850 3744 907; x_wconf 68' lang='grc' dir='ltr'>δύο</span> <span class='ocrx_word' id='word_1_269' title='bbox 3798 852 3991 919; x_wconf 71' lang='grc' dir='ltr'>φύσεις</span> 
     </span>
    </p>
   </div>
   <div class='ocr_carea' id='block_1_38' title="bbox 2410 942 2639 1009">
    <p class='ocr_par' dir='ltr' id='par_1_38' title="bbox 2410 942 2639 1009">
     <span class='ocr_line' id='line_1_38' title="bbox 2410 942 2639 1009; baseline 0 -16"><span class='ocrx_word' id='word_1_270' title='bbox 2410 942 2596 1009; x_wconf 83' lang='grc' dir='ltr'>λέγετε</span> <span class='ocrx_word' id='word_1_271' title='bbox 2622 957 2639 999; x_wconf 69' lang='grc' dir='ltr'>ς</span> 
     </span>
    </p>
   </div>
   <div class='ocr_carea' id='block_1_39' title="bbox 2479 1134 3987 1208">
    <p class='ocr_par' dir='ltr' id='par_1_39' title="bbox 2479 1134 3987 1208">
     <span class='ocr_line' id='line_1_39' title="bbox 2479 1134 3987 1208; baseline -0.001 -19"><span class='ocrx_word' id='word_1_272' title='bbox 2479 1137 2551 1192; x_wconf 84' lang='grc' dir='ltr'><strong>κ’.</strong></span> <span class='ocrx_word' id='word_1_273' title='bbox 2582 1138 2646 1191; x_wconf 79' lang='lat' dir='ltr'><strong>El</strong></span> <span class='ocrx_word' id='word_1_274' title='bbox 2676 1138 2961 1207; x_wconf 81' lang='grc' dir='ltr'>ὁμοούσιος</span> <span class='ocrx_word' id='word_1_275' title='bbox 2990 1137 3022 1206; x_wconf 83' lang='grc' dir='ltr'>ἡ</span> <span class='ocrx_word' id='word_1_276' title='bbox 3051 1134 3149 1189; x_wconf 82' lang='grc' dir='ltr'>τοῦ</span> <span class='ocrx_word' id='word_1_277' title='bbox 3181 1136 3317 1191; x_wconf 73' lang='grc' dir='ltr'>Θεοῦ</span> <span class='ocrx_word' id='word_1_278' title='bbox 3356 1138 3532 1204; x_wconf 80' lang='grc' dir='ltr'>Λόγου</span> <span class='ocrx_word' id='word_1_279' title='bbox 3562 1136 3706 1208; x_wconf 77' lang='grc' dir='ltr'>σὰρξ</span> <span class='ocrx_word' id='word_1_280' title='bbox 3736 1140 3806 1207; x_wconf 71' lang='grc' dir='ltr'>τῇ</span> <span class='ocrx_word' id='word_1_281' title='bbox 3836 1137 3987 1190; x_wconf 75' lang='grc' dir='ltr'>ἀκτί-</span> 
     </span>
    </p>
   </div>
   <div class='ocr_carea' id='block_1_40' title="bbox 2415 1230 3992 1301">
    <p class='ocr_par' dir='ltr' id='par_1_40' title="bbox 2415 1230 3992 1301">
     <span class='ocr_line' id='line_1_40' title="bbox 2415 1230 3992 1301; baseline -0.002 -17"><span class='ocrx_word' id='word_1_282' title='bbox 2415 1249 2526 1299; x_wconf 82' lang='grc' dir='ltr'><strong>στῳ</strong></span> <span class='ocrx_word' id='word_1_283' title='bbox 2552 1232 2719 1285; x_wconf 78' lang='grc' dir='ltr'>αὑτοῦ</span> <span class='ocrx_word' id='word_1_284' title='bbox 2753 1232 2967 1300; x_wconf 80' lang='grc' dir='ltr'>θεότητι</span> <span class='ocrx_word' id='word_1_285' title='bbox 3011 1230 3133 1284; x_wconf 78' lang='grc' dir='ltr'><strong>καθ’</strong></span> <span class='ocrx_word' id='word_1_286' title='bbox 3166 1231 3331 1301; x_wconf 73' lang='grc' dir='ltr'>ὑμᾶς,</span> <span class='ocrx_word' id='word_1_287' title='bbox 3365 1232 3731 1285; x_wconf 76' lang='grc' dir='ltr'>συνουσίωσιν</span> <span class='ocrx_word' id='word_1_288' title='bbox 3762 1232 3992 1283; x_wconf 81' lang='grc' dir='ltr'>νοσεῖτε.</span> 
     </span>
    </p>
   </div>
   <div class='ocr_carea' id='block_1_41' title="bbox 2421 1323 3995 1395">
    <p class='ocr_par' dir='ltr' id='par_1_41' title="bbox 2421 1323 3995 1395">
     <span class='ocr_line' id='line_1_41' title="bbox 2421 1323 3995 1395; baseline -0.003 -18"><span class='ocrx_word' id='word_1_289' title='bbox 2421 1325 2529 1377; x_wconf 70' lang='grc' dir='ltr'><strong>Καὶ</strong></span> <span class='ocrx_word' id='word_1_290' title='bbox 2556 1324 2610 1376; x_wconf 86' lang='grc' dir='ltr'>τί</span> <span class='ocrx_word' id='word_1_291' title='bbox 2644 1324 2718 1393; x_wconf 81' lang='grc' dir='ltr'><strong>μὴ</strong></span> <span class='ocrx_word' id='word_1_292' title='bbox 2750 1324 2812 1375; x_wconf 87' lang='grc' dir='ltr'>τδ</span> <span class='ocrx_word' id='word_1_293' title='bbox 2836 1323 3005 1376; x_wconf 84' lang='grc' dir='ltr'><strong>πάλαι</strong></span> <span class='ocrx_word' id='word_1_294' title='bbox 3031 1325 3161 1395; x_wconf 81' lang='grc' dir='ltr'>ὑμῖν</span> <span class='ocrx_word' id='word_1_295' title='bbox 3184 1323 3508 1393; x_wconf 81' lang='grc' dir='ltr'>ὼδινόμενον</span> <span class='ocrx_word' id='word_1_296' title='bbox 3532 1324 3995 1393; x_wconf 72' lang='grc' dir='ltr'>ἁπορῤήγνυται;</span> 
     </span>
    </p>
   </div>
   <div class='ocr_carea' id='block_1_42' title="bbox 2418 1412 3997 1485">
    <p class='ocr_par' dir='ltr' id='par_1_42' title="bbox 2418 1412 3997 1485">
     <span class='ocr_line' id='line_1_42' title="bbox 2418 1412 3997 1485; baseline -0.004 -15"><span class='ocrx_word' id='word_1_297' title='bbox 2418 1419 2479 1470; x_wconf 81' lang='grc' dir='ltr'><strong>Εἰ</strong></span> <span class='ocrx_word' id='word_1_298' title='bbox 2507 1417 2561 1469; x_wconf 87' lang='grc' dir='ltr'><strong>δὲ</strong></span> <span class='ocrx_word' id='word_1_299' title='bbox 2587 1418 2684 1485; x_wconf 74' lang='grc' dir='ltr'>οὐχ</span> <span class='ocrx_word' id='word_1_300' title='bbox 2712 1417 3019 1485; x_wconf 80' lang='grc' dir='ltr'>ὁμοούσιος,</span> <span class='ocrx_word' id='word_1_301' title='bbox 3060 1416 3178 1479; x_wconf 84' lang='grc' dir='ltr'><strong>πῶς</strong></span> <span class='ocrx_word' id='word_1_302' title='bbox 3219 1415 3291 1468; x_wconf 74' lang='grc' dir='ltr'>τὰ</span> <span class='ocrx_word' id='word_1_303' title='bbox 3332 1416 3407 1485; x_wconf 78' lang='grc' dir='ltr'><strong>μὴ</strong></span> <span class='ocrx_word' id='word_1_304' title='bbox 3447 1414 3715 1483; x_wconf 78' lang='grc' dir='ltr'>ὁμοούσια</span> <span class='ocrx_word' id='word_1_305' title='bbox 3773 1415 3907 1482; x_wconf 69' lang='grc' dir='ltr'><strong>μιᾶς</strong></span> <span class='ocrx_word' id='word_1_306' title='bbox 3934 1412 3997 1465; x_wconf 71' lang='grc' dir='ltr'><strong>ἂν</strong></span> 
     </span>
    </p>
   </div>
   <div class='ocr_carea' id='block_1_43' title="bbox 2416 1504 4000 1575">
    <p class='ocr_par' dir='ltr' id='par_1_43' title="bbox 2416 1504 4000 1575">
     <span class='ocr_line' id='line_1_43' title="bbox 2416 1504 4000 1575; baseline -0.004 -16"><span class='ocrx_word' id='word_1_307' title='bbox 2416 1510 2500 1574; x_wconf 78' lang='grc' dir='ltr'><strong>εἴη</strong></span> <span class='ocrx_word' id='word_1_308' title='bbox 2538 1504 2752 1573; x_wconf 77' lang='grc' dir='ltr'><strong>φύσεως</strong></span> <span class='ocrx_word' id='word_1_309' title='bbox 2777 1522 2790 1569; x_wconf 88' lang='lat'><strong>;</strong></span> <span class='ocrx_word' id='word_1_310' title='bbox 2820 1506 2854 1574; x_wconf 84' lang='grc' dir='ltr'>ἢ</span> <span class='ocrx_word' id='word_1_311' title='bbox 2895 1506 3015 1567; x_wconf 81' lang='grc' dir='ltr'><strong>πῶς</strong></span> <span class='ocrx_word' id='word_1_312' title='bbox 3048 1505 3118 1558; x_wconf 71' lang='grc' dir='ltr'>τὰ</span> <span class='ocrx_word' id='word_1_313' title='bbox 3154 1508 3280 1575; x_wconf 79' lang='grc' dir='ltr'>μιᾶς</span> <span class='ocrx_word' id='word_1_314' title='bbox 3310 1505 3525 1573; x_wconf 47' lang='lat' dir='ltr'><strong>quasso;</strong></span> <span class='ocrx_word' id='word_1_315' title='bbox 3558 1505 3683 1572; x_wconf 70' lang='grc' dir='ltr'>οὐχὶ</span> <span class='ocrx_word' id='word_1_316' title='bbox 3729 1505 3831 1555; x_wconf 78' lang='grc' dir='ltr'><strong>καὶ</strong></span> <span class='ocrx_word' id='word_1_317' title='bbox 3866 1505 4000 1571; x_wconf 75' lang='grc' dir='ltr'><strong>ὀμο-</strong></span> 
     </span>
    </p>
   </div>
   <div class='ocr_carea' id='block_1_44' title="bbox 2414 1595 4002 1667">
    <p class='ocr_par' dir='ltr' id='par_1_44' title="bbox 2414 1595 4002 1667">
     <span class='ocr_line' id='line_1_44' title="bbox 2414 1595 4002 1667; baseline -0.003 -17"><span class='ocrx_word' id='word_1_318' title='bbox 2414 1596 2572 1650; x_wconf 82' lang='grc' dir='ltr'>ούσια</span> <span class='ocrx_word' id='word_1_319' title='bbox 2600 1615 2613 1661; x_wconf 92' lang='grc'><strong>;</strong></span> <span class='ocrx_word' id='word_1_320' title='bbox 2636 1597 2699 1649; x_wconf 77' lang='grc' dir='ltr'><strong>Εἰ</strong></span> <span class='ocrx_word' id='word_1_321' title='bbox 2724 1597 2797 1666; x_wconf 77' lang='grc' dir='ltr'><strong>μὴ</strong></span> <span class='ocrx_word' id='word_1_322' title='bbox 2823 1598 2931 1667; x_wconf 75' lang='grc' dir='ltr'>γὰρ</span> <span class='ocrx_word' id='word_1_323' title='bbox 2961 1596 3255 1666; x_wconf 82' lang='grc' dir='ltr'>μεθύομεν,</span> <span class='ocrx_word' id='word_1_324' title='bbox 3282 1599 3704 1667; x_wconf 81' lang='grc' dir='ltr'>ὀμοουσιότητος</span> <span class='ocrx_word' id='word_1_325' title='bbox 3733 1597 3864 1667; x_wconf 81' lang='grc' dir='ltr'>ὄρος</span> <span class='ocrx_word' id='word_1_326' title='bbox 3888 1595 4002 1648; x_wconf 72' lang='grc' dir='ltr'>ἐστὶ</span> 
     </span>
    </p>
   </div>
   <div class='ocr_carea' id='block_1_45' title="bbox 2415 1687 3264 1757">
    <p class='ocr_par' dir='ltr' id='par_1_45' title="bbox 2415 1687 3264 1757">
     <span class='ocr_line' id='line_1_45' title="bbox 2415 1687 3264 1757; baseline 0 -18"><span class='ocrx_word' id='word_1_327' title='bbox 2415 1688 2485 1739; x_wconf 82' lang='grc' dir='ltr'>τὰ</span> <span class='ocrx_word' id='word_1_328' title='bbox 2517 1687 2613 1756; x_wconf 80' lang='grc' dir='ltr'>τὴν</span> <span class='ocrx_word' id='word_1_329' title='bbox 2641 1689 2810 1757; x_wconf 76' lang='grc' dir='ltr'>αὐτὴν</span> <span class='ocrx_word' id='word_1_330' title='bbox 2837 1688 3023 1739; x_wconf 71' lang='grc' dir='ltr'>οὐσίαν</span> <span class='ocrx_word' id='word_1_331' title='bbox 3052 1687 3264 1757; x_wconf 77' lang='grc' dir='ltr'>ἔχοντα.</span> 
     </span>
    </p>
   </div>
   <div class='ocr_carea' id='block_1_46' title="bbox 2414 1777 4003 1843">
    <p class='ocr_par' dir='ltr' id='par_1_46' title="bbox 2414 1777 4003 1843">
     <span class='ocr_line' id='line_1_46' title="bbox 2414 1777 4003 1843; baseline 0.001 -12"><span class='ocrx_word' id='word_1_332' title='bbox 2414 1779 2558 1831; x_wconf 82' lang='lat' dir='ltr'><strong>enim</strong></span> <span class='ocrx_word' id='word_1_333' title='bbox 2615 1778 2751 1832; x_wconf 89' lang='lat' dir='ltr'><strong>ebrii</strong></span> <span class='ocrx_word' id='word_1_334' title='bbox 2826 1794 3048 1843; x_wconf 91' lang='lat' dir='ltr'><strong>sumus,</strong></span> <span class='ocrx_word' id='word_1_335' title='bbox 3103 1777 3703 1834; x_wconf 86' lang='lat' dir='ltr'><strong>consubstantialitatis</strong></span> <span class='ocrx_word' id='word_1_336' title='bbox 3753 1777 4003 1833; x_wconf 88' lang='lat' dir='ltr'><strong>deﬁnitio</strong></span> 
     </span>
    </p>
   </div>
   <div class='ocr_carea' id='block_1_47' title="bbox 2499 1954 4005 2027">
    <p class='ocr_par' dir='ltr' id='par_1_47' title="bbox 2499 1954 4005 2027">
     <span class='ocr_line' id='line_1_47' title="bbox 2499 1954 4005 2027; baseline 0.001 -21"><span class='ocrx_word' id='word_1_337' title='bbox 2499 1954 2605 2008; x_wconf 84' lang='grc' dir='ltr'><strong>κα’.</strong></span> <span class='ocrx_word' id='word_1_338' title='bbox 2652 1955 2713 2007; x_wconf 79' lang='grc' dir='ltr'><strong>Εἰ</strong></span> <span class='ocrx_word' id='word_1_339' title='bbox 2753 1955 3039 2024; x_wconf 73' lang='grc' dir='ltr'>ὀμοούσιος</span> <span class='ocrx_word' id='word_1_340' title='bbox 3077 1956 3153 2027; x_wconf 82' lang='grc' dir='ltr'><strong>τῷ</strong></span> <span class='ocrx_word' id='word_1_341' title='bbox 3184 1958 3358 2027; x_wconf 70' lang='lat' dir='ltr'><strong>Ilath</strong></span> <span class='ocrx_word' id='word_1_342' title='bbox 3395 1959 3492 2010; x_wconf 76' lang='grc' dir='ltr'><strong>καὶ</strong></span> <span class='ocrx_word' id='word_1_343' title='bbox 3534 1956 3829 2026; x_wconf 76' lang='grc' dir='ltr'>ὁμοούσιος</span> <span class='ocrx_word' id='word_1_344' title='bbox 3876 1958 4005 2025; x_wconf 71' lang='grc' dir='ltr'><strong>ἡμῖν</strong></span> 
     </span>
    </p>
   </div>
   <div class='ocr_carea' id='block_1_48' title="bbox 2422 2046 4007 2119">
    <p class='ocr_par' dir='ltr' id='par_1_48' title="bbox 2422 2046 4007 2119">
     <span class='ocr_line' id='line_1_48' title="bbox 2422 2046 4007 2119; baseline -0.001 -19"><span class='ocrx_word' id='word_1_345' title='bbox 2422 2046 2563 2100; x_wconf 76' lang='grc' dir='ltr'><strong>κατὰ</strong></span> <span class='ocrx_word' id='word_1_346' title='bbox 2592 2048 2690 2116; x_wconf 74' lang='grc' dir='ltr'>τὴν</span> <span class='ocrx_word' id='word_1_347' title='bbox 2735 2048 2903 2119; x_wconf 69' lang='grc' dir='ltr'>αὐτὴν</span> <span class='ocrx_word' id='word_1_348' title='bbox 2954 2048 3115 2116; x_wconf 76' lang='grc' dir='ltr'>φύσιν</span> <span class='ocrx_word' id='word_1_349' title='bbox 3146 2050 3296 2102; x_wconf 78' lang='grc' dir='ltr'>ἐστὶν</span> <span class='ocrx_word' id='word_1_350' title='bbox 3324 2051 3353 2102; x_wconf 97' lang='lat'><strong>6</strong></span> <span class='ocrx_word' id='word_1_351' title='bbox 3387 2051 3625 2119; x_wconf 76' lang='grc' dir='ltr'>Χριστὸς</span> <span class='ocrx_word' id='word_1_352' title='bbox 3646 2092 3659 2112; x_wconf 90' lang='grc'><strong><em>,</em></strong></span> <span class='ocrx_word' id='word_1_353' title='bbox 3696 2051 3799 2101; x_wconf 75' lang='grc' dir='ltr'><strong>καὶ</strong></span> <span class='ocrx_word' id='word_1_354' title='bbox 3844 2052 4007 2118; x_wconf 71' lang='grc' dir='ltr'><strong>ἡμεῖς</strong></span> 
     </span>
    </p>
   </div>
   <div class='ocr_carea' id='block_1_49' title="bbox 2422 2140 4007 2212">
    <p class='ocr_par' dir='ltr' id='par_1_49' title="bbox 2422 2140 4007 2212">
     <span class='ocr_line' id='line_1_49' title="bbox 2422 2140 4007 2212; baseline 0.001 -21"><span class='ocrx_word' id='word_1_355' title='bbox 2422 2141 2486 2191; x_wconf 81' lang='grc' dir='ltr'><strong>ὲκ</strong></span> <span class='ocrx_word' id='word_1_356' title='bbox 2512 2140 2710 2203; x_wconf 73' lang='grc' dir='ltr'>παντὸς</span> <span class='ocrx_word' id='word_1_357' title='bbox 2739 2141 2817 2209; x_wconf 81' lang='grc' dir='ltr'>τῷ</span> <span class='ocrx_word' id='word_1_358' title='bbox 2854 2142 3029 2211; x_wconf 75' lang='grc' dir='ltr'>Πατρὶ</span> <span class='ocrx_word' id='word_1_359' title='bbox 3081 2142 3394 2211; x_wconf 76' lang='grc' dir='ltr'>ὁμοούσιοιο</span> <span class='ocrx_word' id='word_1_360' title='bbox 3452 2144 3520 2195; x_wconf 72' lang='grc' dir='ltr'>τὰ</span> <span class='ocrx_word' id='word_1_361' title='bbox 3575 2144 3690 2212; x_wconf 74' lang='grc' dir='ltr'>γὰρ</span> <span class='ocrx_word' id='word_1_362' title='bbox 3740 2141 3821 2210; x_wconf 81' lang='grc' dir='ltr'>τῷ</span> <span class='ocrx_word' id='word_1_363' title='bbox 3857 2142 4007 2209; x_wconf 65' lang='grc' dir='ltr'><strong>αὐτῷ</strong></span> 
     </span>
    </p>
   </div>
   <div class='ocr_carea' id='block_1_50' title="bbox 2421 2230 4008 2303">
    <p class='ocr_par' dir='ltr' id='par_1_50' title="bbox 2421 2230 4008 2303">
     <span class='ocr_line' id='line_1_50' title="bbox 2421 2230 4008 2303; baseline 0.001 -20"><span class='ocrx_word' id='word_1_364' title='bbox 2421 2231 2562 2283; x_wconf 75' lang='grc' dir='ltr'><strong>κατὰ</strong></span> <span class='ocrx_word' id='word_1_365' title='bbox 2599 2230 2697 2300; x_wconf 75' lang='grc' dir='ltr'>τὴν</span> <span class='ocrx_word' id='word_1_366' title='bbox 2730 2232 2898 2301; x_wconf 78' lang='grc' dir='ltr'>αὐτὴν</span> <span class='ocrx_word' id='word_1_367' title='bbox 2944 2233 3104 2300; x_wconf 80' lang='grc' dir='ltr'>φύσιν</span> <span class='ocrx_word' id='word_1_368' title='bbox 3133 2234 3416 2303; x_wconf 76' lang='grc' dir='ltr'><strong>ὀμοοὺσια,</strong></span> <span class='ocrx_word' id='word_1_369' title='bbox 3451 2235 3543 2287; x_wconf 79' lang='grc' dir='ltr'><strong>καὶ</strong></span> <span class='ocrx_word' id='word_1_370' title='bbox 3579 2236 3841 2303; x_wconf 74' lang='grc' dir='ltr'><strong>ἀλλήλοις</strong></span> <span class='ocrx_word' id='word_1_371' title='bbox 3871 2236 4008 2286; x_wconf 69' lang='grc' dir='ltr'>εἰσὶν</span> 
     </span>
    </p>
   </div>
   <div class='ocr_carea' id='block_1_51' title="bbox 2423 2321 4009 2396">
    <p class='ocr_par' dir='ltr' id='par_1_51' title="bbox 2423 2321 4009 2396">
     <span class='ocr_line' id='line_1_51' title="bbox 2423 2321 4009 2396; baseline 0.001 -21"><span class='ocrx_word' id='word_1_372' title='bbox 2423 2321 2708 2391; x_wconf 76' lang='grc' dir='ltr'><strong>ὀμοοὺσια.</strong></span> <span class='ocrx_word' id='word_1_373' title='bbox 2744 2324 2804 2375; x_wconf 77' lang='grc' dir='ltr'>Εἰ</span> <span class='ocrx_word' id='word_1_374' title='bbox 2845 2324 2902 2375; x_wconf 80' lang='grc' dir='ltr'><strong>δὲ</strong></span> <span class='ocrx_word' id='word_1_375' title='bbox 2948 2325 3085 2377; x_wconf 74' lang='grc' dir='ltr'><strong>κατὰ</strong></span> <span class='ocrx_word' id='word_1_376' title='bbox 3134 2324 3233 2395; x_wconf 73' lang='grc' dir='ltr'><strong>τὴν</strong></span> <span class='ocrx_word' id='word_1_377' title='bbox 3269 2326 3499 2395; x_wconf 75' lang='grc' dir='ltr'>θεότητα</span> <span class='ocrx_word' id='word_1_378' title='bbox 3528 2327 3606 2396; x_wconf 80' lang='grc' dir='ltr'><strong>τῷ</strong></span> <span class='ocrx_word' id='word_1_379' title='bbox 3640 2327 3825 2394; x_wconf 77' lang='grc' dir='ltr'>Πατρξ</span> <span class='ocrx_word' id='word_1_380' title='bbox 3864 2329 4009 2379; x_wconf 74' lang='grc' dir='ltr'>ἐστιν</span> 
     </span>
    </p>
   </div>
   <div class='ocr_carea' id='block_1_52' title="bbox 2420 2413 4009 2486">
    <p class='ocr_par' dir='ltr' id='par_1_52' title="bbox 2420 2413 4009 2486">
     <span class='ocr_line' id='line_1_52' title="bbox 2420 2413 4009 2486; baseline 0.003 -19"><span class='ocrx_word' id='word_1_381' title='bbox 2420 2413 2723 2482; x_wconf 78' lang='grc' dir='ltr'>ὀμοούσιος,</span> <span class='ocrx_word' id='word_1_382' title='bbox 2751 2416 2882 2483; x_wconf 80' lang='grc' dir='ltr'><strong>ἡμῖν</strong></span> <span class='ocrx_word' id='word_1_383' title='bbox 2915 2415 2970 2467; x_wconf 83' lang='grc' dir='ltr'>δὲ</span> <span class='ocrx_word' id='word_1_384' title='bbox 2996 2417 3135 2469; x_wconf 74' lang='grc' dir='ltr'>κατὰ</span> <span class='ocrx_word' id='word_1_385' title='bbox 3167 2418 3265 2486; x_wconf 77' lang='grc' dir='ltr'>τὴν</span> <span class='ocrx_word' id='word_1_386' title='bbox 3291 2417 3689 2486; x_wconf 71' lang='grc' dir='ltr'>ἀνθρωπότητα</span> <span class='ocrx_word' id='word_1_387' title='bbox 3723 2435 3737 2449; x_wconf 73' lang='grc' dir='ltr'>ι</span> <span class='ocrx_word' id='word_1_388' title='bbox 3788 2418 4009 2484; x_wconf 69' lang='grc' dir='ltr'>θεότης,</span> 
     </span>
    </p>
   </div>
   <div class='ocr_carea' id='block_1_53' title="bbox 2426 2504 4011 2583">
    <p class='ocr_par' dir='ltr' id='par_1_53' title="bbox 2426 2504 4011 2583">
     <span class='ocr_line' id='line_1_53' title="bbox 2426 2504 4011 2583; baseline 0.004 -27"><span class='ocrx_word' id='word_1_389' title='bbox 2426 2504 2642 2567; x_wconf 78' lang='grc' dir='ltr'>εἴπατε,</span> <span class='ocrx_word' id='word_1_390' title='bbox 2679 2507 2770 2558; x_wconf 70' lang='grc' dir='ltr'><strong>καὶ</strong></span> <span class='ocrx_word' id='word_1_391' title='bbox 2802 2507 3155 2579; x_wconf 80' lang='grc' dir='ltr'>ἀνθρωπότης</span> <span class='ocrx_word' id='word_1_392' title='bbox 3193 2508 3291 2577; x_wconf 79' lang='grc' dir='ltr'><strong>μία</strong></span> <span class='ocrx_word' id='word_1_393' title='bbox 3337 2509 3499 2579; x_wconf 64' lang='grc' dir='ltr'>φύσις</span> <span class='ocrx_word' id='word_1_394' title='bbox 3530 2511 3680 2583; x_wconf 54' lang='lat' dir='ltr'><strong>mg».</strong></span> <span class='ocrx_word' id='word_1_395' title='bbox 3710 2528 3726 2573; x_wconf 86' lang='lat'><strong>;</strong></span> <span class='ocrx_word' id='word_1_396' title='bbox 3777 2510 3927 2560; x_wconf 72' lang='grc' dir='ltr'><strong>Ἀλλ’</strong></span> <span class='ocrx_word' id='word_1_397' title='bbox 3968 2512 4011 2563; x_wconf 75' lang='grc' dir='ltr'>εξ</span> 
     </span>
    </p>
   </div>
   <div class='ocr_carea' id='block_1_54' title="bbox 2429 2596 4011 2668">
    <p class='ocr_par' dir='ltr' id='par_1_54' title="bbox 2429 2596 4011 2668">
     <span class='ocr_line' id='line_1_54' title="bbox 2429 2596 4011 2668; baseline 0.003 -21"><span class='ocrx_word' id='word_1_398' title='bbox 2429 2596 2530 2662; x_wconf 82' lang='grc' dir='ltr'><strong>μὲν</strong></span> <span class='ocrx_word' id='word_1_399' title='bbox 2563 2596 2621 2648; x_wconf 78' lang='grc' dir='ltr'><strong>οὐ</strong></span> <span class='ocrx_word' id='word_1_400' title='bbox 2673 2597 2805 2666; x_wconf 83' lang='grc' dir='ltr'><strong>μία,</strong></span> <span class='ocrx_word' id='word_1_401' title='bbox 2851 2598 2945 2649; x_wconf 74' lang='grc' dir='ltr'><strong>δύο</strong></span> <span class='ocrx_word' id='word_1_402' title='bbox 2992 2600 3211 2663; x_wconf 77' lang='grc' dir='ltr'><strong>πάντως</strong></span> <span class='ocrx_word' id='word_1_403' title='bbox 3264 2601 3359 2656; x_wconf 77' lang='grc' dir='ltr'><strong>καὶ</strong></span> <span class='ocrx_word' id='word_1_404' title='bbox 3412 2600 3505 2653; x_wconf 72' lang='grc' dir='ltr'><strong>δύο</strong></span> <span class='ocrx_word' id='word_1_405' title='bbox 3544 2601 3741 2668; x_wconf 71' lang='grc' dir='ltr'>φύσεις</span> <span class='ocrx_word' id='word_1_406' title='bbox 3802 2601 4011 2652; x_wconf 77' lang='grc' dir='ltr'>ὲστίνὸ</span> 
     </span>
    </p>
   </div>
   <div class='ocr_carea' id='block_1_55' title="bbox 2427 2686 4013 2760">
    <p class='ocr_par' dir='ltr' id='par_1_55' title="bbox 2427 2686 4013 2760">
     <span class='ocr_line' id='line_1_55' title="bbox 2427 2686 4013 2760; baseline 0.004 -23"><span class='ocrx_word' id='word_1_407' title='bbox 2427 2686 2683 2755; x_wconf 80' lang='grc' dir='ltr'>Χριστὸς,</span> <span class='ocrx_word' id='word_1_408' title='bbox 2719 2689 2812 2741; x_wconf 74' lang='grc' dir='ltr'><strong>καὶ</strong></span> <span class='ocrx_word' id='word_1_409' title='bbox 2858 2690 2915 2740; x_wconf 77' lang='grc' dir='ltr'><strong>ἐν</strong></span> <span class='ocrx_word' id='word_1_410' title='bbox 2942 2689 3035 2741; x_wconf 76' lang='grc' dir='ltr'>δύο</span> <span class='ocrx_word' id='word_1_411' title='bbox 3087 2691 3332 2759; x_wconf 74' lang='grc' dir='ltr'>φύσεσιν.</span> <span class='ocrx_word' id='word_1_412' title='bbox 3383 2692 3445 2743; x_wconf 86' lang='grc' dir='ltr'>Εἰ</span> <span class='ocrx_word' id='word_1_413' title='bbox 3471 2692 3528 2744; x_wconf 78' lang='grc' dir='ltr'><strong>δὲ</strong></span> <span class='ocrx_word' id='word_1_414' title='bbox 3565 2693 3686 2760; x_wconf 75' lang='grc' dir='ltr'><strong>μία,</strong></span> <span class='ocrx_word' id='word_1_415' title='bbox 3737 2692 3863 2753; x_wconf 75' lang='grc' dir='ltr'><strong>πῶς</strong></span> <span class='ocrx_word' id='word_1_416' title='bbox 3904 2692 4013 2743; x_wconf 69' lang='grc' dir='ltr'><strong>δια.</strong></span> 
     </span>
    </p>
   </div>
   <div class='ocr_carea' id='block_1_56' title="bbox 2425 2776 4010 2853">
    <p class='ocr_par' dir='ltr' id='par_1_56' title="bbox 2425 2776 4010 2853">
     <span class='ocr_line' id='line_1_56' title="bbox 2425 2776 4010 2853; baseline 0.003 -25"><span class='ocrx_word' id='word_1_417' title='bbox 2425 2776 2653 2847; x_wconf 81' lang='grc' dir='ltr'>φέρουσι</span> <span class='ocrx_word' id='word_1_418' title='bbox 2681 2796 2695 2844; x_wconf 88' lang='grc'>;</span> <span class='ocrx_word' id='word_1_419' title='bbox 2724 2780 2805 2831; x_wconf 85' lang='grc' dir='ltr'><strong>Τὰ</strong></span> <span class='ocrx_word' id='word_1_420' title='bbox 2833 2781 2941 2851; x_wconf 83' lang='grc' dir='ltr'>γὰρ</span> <span class='ocrx_word' id='word_1_421' title='bbox 2971 2782 3295 2851; x_wconf 77' lang='grc' dir='ltr'>διαφέροντα</span> <span class='ocrx_word' id='word_1_422' title='bbox 3315 2824 3329 2846; x_wconf 90' lang='grc'>,</span> <span class='ocrx_word' id='word_1_423' title='bbox 3364 2784 3397 2853; x_wconf 77' lang='grc' dir='ltr'>ἢ</span> <span class='ocrx_word' id='word_1_424' title='bbox 3429 2784 3702 2845; x_wconf 73' lang='grc' dir='ltr'>οὐσιωδῶς</span> <span class='ocrx_word' id='word_1_425' title='bbox 3735 2784 4010 2852; x_wconf 62' lang='grc' dir='ltr'>διαφέρει,</span> 
     </span>
    </p>
   </div>
   <div class='ocr_carea' id='block_1_57' title="bbox 2428 2866 4015 2943">
    <p class='ocr_par' dir='ltr' id='par_1_57' title="bbox 2428 2866 4015 2943">
     <span class='ocr_line' id='line_1_57' title="bbox 2428 2866 4015 2943; baseline 0.002 -24"><span class='ocrx_word' id='word_1_426' title='bbox 2428 2866 2461 2937; x_wconf 82' lang='grc' dir='ltr'>ἦ</span> <span class='ocrx_word' id='word_1_427' title='bbox 2492 2869 2865 2933; x_wconf 78' lang='grc' dir='ltr'><strong>ὲπουσιωδῶ;’</strong></span> <span class='ocrx_word' id='word_1_428' title='bbox 2902 2872 3018 2924; x_wconf 77' lang='grc' dir='ltr'><strong>ἀλλ’</strong></span> <span class='ocrx_word' id='word_1_429' title='bbox 3056 2875 3105 2925; x_wconf 73' lang='grc' dir='ltr'>εἰ</span> <span class='ocrx_word' id='word_1_430' title='bbox 3138 2873 3235 2943; x_wconf 82' lang='grc' dir='ltr'><strong>μὲν</strong></span> <span class='ocrx_word' id='word_1_431' title='bbox 3266 2875 3631 2937; x_wconf 78' lang='grc' dir='ltr'><strong>ὲπουσιωδῶς,</strong></span> <span class='ocrx_word' id='word_1_432' title='bbox 3670 2875 4015 2935; x_wconf 70' lang='grc' dir='ltr'>ὑποστάσεις</span> 
     </span>
    </p>
   </div>
   <div class='ocr_carea' id='block_1_58' title="bbox 2428 2953 4013 3032">
    <p class='ocr_par' dir='ltr' id='par_1_58' title="bbox 2428 2953 4013 3032">
     <span class='ocr_line' id='line_1_58' title="bbox 2428 2953 4013 3032; baseline 0.004 -24"><span class='ocrx_word' id='word_1_433' title='bbox 2428 2953 2655 3021; x_wconf 72' lang='grc' dir='ltr'>ἆνεῖεν,</span> <span class='ocrx_word' id='word_1_434' title='bbox 2684 2960 2775 3011; x_wconf 80' lang='grc' dir='ltr'><strong>καὶ</strong></span> <span class='ocrx_word' id='word_1_435' title='bbox 2805 2960 2864 3012; x_wconf 82' lang='grc' dir='ltr'><strong>οὐ</strong></span> <span class='ocrx_word' id='word_1_436' title='bbox 2897 2961 3123 3029; x_wconf 71' lang='grc' dir='ltr'>φύσειςο</span> <span class='ocrx_word' id='word_1_437' title='bbox 3158 2965 3204 3014; x_wconf 76' lang='grc' dir='ltr'><strong>εἰ</strong></span> <span class='ocrx_word' id='word_1_438' title='bbox 3240 2962 3295 3015; x_wconf 78' lang='grc' dir='ltr'>δὲ</span> <span class='ocrx_word' id='word_1_439' title='bbox 3332 2963 3629 3027; x_wconf 81' lang='grc' dir='ltr'>οὖσιωδῶς,</span> <span class='ocrx_word' id='word_1_440' title='bbox 3678 2964 3905 3032; x_wconf 69' lang='grc' dir='ltr'>φύσεις.</span> <span class='ocrx_word' id='word_1_441' title='bbox 3938 2965 4013 3015; x_wconf 70' lang='lat' dir='ltr'><strong>T‘z</strong></span> 
     </span>
    </p>
   </div>
   <div class='ocr_carea' id='block_1_59' title="bbox 2429 3046 4016 3125">
    <p class='ocr_par' dir='ltr' id='par_1_59' title="bbox 2429 3046 4016 3125">
     <span class='ocr_line' id='line_1_59' title="bbox 2429 3046 4016 3125; baseline 0.003 -26"><span class='ocrx_word' id='word_1_442' title='bbox 2429 3046 2538 3118; x_wconf 86' lang='grc' dir='ltr'><strong>γὰρ</strong></span> <span class='ocrx_word' id='word_1_443' title='bbox 2569 3048 2913 3121; x_wconf 79' lang='grc' dir='ltr'>διαφέροντα,</span> <span class='ocrx_word' id='word_1_444' title='bbox 2944 3052 3003 3103; x_wconf 82' lang='grc' dir='ltr'><strong>τὸ</strong></span> <span class='ocrx_word' id='word_1_445' title='bbox 3033 3052 3315 3121; x_wconf 72' lang='grc' dir='ltr'>ἐλάχιστον</span> <span class='ocrx_word' id='word_1_446' title='bbox 3357 3054 3481 3107; x_wconf 65' lang='lat'><strong>660&#39;</strong></span> <span class='ocrx_word' id='word_1_447' title='bbox 3527 3056 3587 3106; x_wconf 82' lang='grc' dir='ltr'><strong>τὸ</strong></span> <span class='ocrx_word' id='word_1_448' title='bbox 3614 3056 3729 3125; x_wconf 74' lang='grc' dir='ltr'>γὰρ</span> <span class='ocrx_word' id='word_1_449' title='bbox 3759 3056 3841 3111; x_wconf 74' lang='grc' dir='ltr'><strong>ἐν.</strong></span> <span class='ocrx_word' id='word_1_450' title='bbox 3880 3056 4016 3106; x_wconf 63' lang='grc' dir='ltr'>καθὸ</span> 
     </span>
    </p>
   </div>
   <div class='ocr_carea' id='block_1_60' title="bbox 2434 3136 4016 3216">
    <p class='ocr_par' dir='ltr' id='par_1_60' title="bbox 2434 3136 4016 3216">
     <span class='ocr_line' id='line_1_60' title="bbox 2434 3136 4016 3216; baseline 0.011 -28"><span class='ocrx_word' id='word_1_451' title='bbox 2434 3136 2512 3203; x_wconf 78' lang='grc' dir='ltr'><strong>ἓν,</strong></span> <span class='ocrx_word' id='word_1_452' title='bbox 2552 3138 2613 3191; x_wconf 78' lang='grc' dir='ltr'><strong>οὐ</strong></span> <span class='ocrx_word' id='word_1_453' title='bbox 2639 3140 2909 3211; x_wconf 73' lang='grc' dir='ltr'>διαφέρει.</span> <span class='ocrx_word' id='word_1_454' title='bbox 2942 3144 3324 3216; x_wconf 80' lang='grc' dir='ltr'>Συνεισφέρειν</span> <span class='ocrx_word' id='word_1_455' title='bbox 3354 3146 3463 3216; x_wconf 71' lang='grc' dir='ltr'>γὰρ</span> <span class='ocrx_word' id='word_1_456' title='bbox 3492 3142 3633 3199; x_wconf 72' lang='grc' dir='ltr'>οἶδεν</span> <span class='ocrx_word' id='word_1_457' title='bbox 3658 3144 3721 3210; x_wconf 76' lang='grc' dir='ltr'><strong>ἐξ</strong></span> <span class='ocrx_word' id='word_1_458' title='bbox 3764 3146 4016 3213; x_wconf 66' lang='grc' dir='ltr'>ἀνάγκης</span> 
     </span>
    </p>
   </div>
   <div class='ocr_carea' id='block_1_61' title="bbox 752 3221 2328 3307">
    <p class='ocr_par' dir='ltr' id='par_1_61' title="bbox 752 3224 2328 3307">
     <span class='ocr_line' id='line_1_61' title="bbox 752 3224 2328 3307; baseline -0.006 -18"><span class='ocrx_word' id='word_1_459' title='bbox 752 3237 1079 3307; x_wconf 84' lang='lat' dir='ltr'><strong>hypostases</strong></span> <span class='ocrx_word' id='word_1_460' title='bbox 1131 3230 1346 3292; x_wconf 78' lang='lat' dir='ltr'><strong>forent,</strong></span> <span class='ocrx_word' id='word_1_461' title='bbox 1416 3243 1521 3281; x_wconf 91' lang='lat' dir='ltr'><strong>non</strong></span> <span class='ocrx_word' id='word_1_462' title='bbox 1581 3236 1809 3280; x_wconf 87' lang='lat' dir='ltr'><strong>natura.</strong></span> <span class='ocrx_word' id='word_1_463' title='bbox 1868 3224 1974 3281; x_wconf 89' lang='lat' dir='ltr'><strong>Sed</strong></span> <span class='ocrx_word' id='word_1_464' title='bbox 2024 3224 2072 3281; x_wconf 90' lang='lat' dir='ltr'><strong>si</strong></span> <span class='ocrx_word' id='word_1_465' title='bbox 2120 3225 2328 3279; x_wconf 87' lang='lat' dir='ltr'><strong>ratione</strong></span> 
     </span>
    </p>
   </div>
   <div class='ocr_carea' id='block_1_62' title="bbox 2432 3221 3143 3307">
    <p class='ocr_par' dir='ltr' id='par_1_62' title="bbox 2436 3230 3143 3307">
     <span class='ocr_line' id='line_1_62' title="bbox 2436 3230 3143 3307; baseline 0.013 -26"><span class='ocrx_word' id='word_1_466' title='bbox 2436 3230 2527 3282; x_wconf 77' lang='grc' dir='ltr'><strong>τὸν</strong></span> <span class='ocrx_word' id='word_1_467' title='bbox 2562 3232 2793 3302; x_wconf 77' lang='grc' dir='ltr'>ἀριθμὸν</span> <span class='ocrx_word' id='word_1_468' title='bbox 2828 3236 2861 3303; x_wconf 77' lang='grc' dir='ltr'>ἡ</span> <span class='ocrx_word' id='word_1_469' title='bbox 2890 3235 3143 3307; x_wconf 80' lang='grc' dir='ltr'><strong>διαφορά.</strong></span> 
     </span>
    </p>
   </div>
   <div class='ocr_carea' id='block_1_63' title="bbox 754 3317 4015 3395">
    <p class='ocr_par' dir='ltr' id='par_1_63' title="bbox 754 3317 4015 3395">
     <span class='ocr_line' id='line_1_63' title="bbox 754 3317 4015 3395; baseline -0 -12"><span class='ocrx_word' id='word_1_470' title='bbox 754 3329 1080 3386; x_wconf 84' lang='lat' dir='ltr'><strong>substantia</strong></span> <span class='ocrx_word' id='word_1_471' title='bbox 1107 3326 1453 3392; x_wconf 86' lang='lat' dir='ltr'><strong>discrepant,</strong></span> <span class='ocrx_word' id='word_1_472' title='bbox 1482 3322 1589 3389; x_wconf 88' lang='lat' dir='ltr'><strong>jam</strong></span> <span class='ocrx_word' id='word_1_473' title='bbox 1623 3330 1833 3374; x_wconf 77' lang='lat' dir='ltr'><strong>natura</strong></span> <span class='ocrx_word' id='word_1_474' title='bbox 1863 3329 2012 3375; x_wconf 91' lang='lat' dir='ltr'><strong>sunt.</strong></span> <span class='ocrx_word' id='word_1_475' title='bbox 2078 3317 2214 3371; x_wconf 86' lang='lat' dir='ltr'><strong>Nam</strong></span> <span class='ocrx_word' id='word_1_476' title='bbox 2276 3335 2397 3388; x_wconf 87' lang='lat' dir='ltr'><strong>qua</strong></span> <span class='ocrx_word' id='word_1_477' title='bbox 2450 3323 2756 3379; x_wconf 80' lang='lat' dir='ltr'><strong>diﬁ&#39;erentia</strong></span> <span class='ocrx_word' id='word_1_478' title='bbox 2814 3338 2977 3395; x_wconf 86' lang='lat' dir='ltr'><strong>sunt,</strong></span> <span class='ocrx_word' id='word_1_479' title='bbox 3012 3339 3070 3385; x_wconf 87' lang='lat' dir='ltr'><strong>ut</strong></span> <span class='ocrx_word' id='word_1_480' title='bbox 3107 3332 3396 3387; x_wconf 88' lang='lat' dir='ltr'><strong>minimum</strong></span> <span class='ocrx_word' id='word_1_481' title='bbox 3436 3332 3544 3387; x_wconf 91' lang='lat' dir='ltr'><strong>duo</strong></span> <span class='ocrx_word' id='word_1_482' title='bbox 3605 3341 3767 3388; x_wconf 91' lang='lat' dir='ltr'><strong>sunt.</strong></span> <span class='ocrx_word' id='word_1_483' title='bbox 3833 3331 4015 3386; x_wconf 84' lang='lat' dir='ltr'><strong>Unum</strong></span> 
     </span>
    </p>
   </div>
   <div class='ocr_carea' id='block_1_64' title="bbox 753 3409 4017 3492">
    <p class='ocr_par' dir='ltr' id='par_1_64' title="bbox 753 3409 4017 3492">
     <span class='ocr_line' id='line_1_64' title="bbox 753 3409 4017 3492; baseline -0.004 -17"><span class='ocrx_word' id='word_1_484' title='bbox 753 3420 1026 3490; x_wconf 83' lang='lat' dir='ltr'><strong>siquidem</strong></span> <span class='ocrx_word' id='word_1_485' title='bbox 1091 3431 1201 3487; x_wconf 88' lang='lat' dir='ltr'><strong>qua</strong></span> <span class='ocrx_word' id='word_1_486' title='bbox 1245 3430 1412 3468; x_wconf 92' lang='lat' dir='ltr'><strong>unum</strong></span> <span class='ocrx_word' id='word_1_487' title='bbox 1468 3420 1583 3477; x_wconf 92' lang='lat' dir='ltr'><strong>est,</strong></span> <span class='ocrx_word' id='word_1_488' title='bbox 1634 3411 1930 3467; x_wconf 88' lang='lat' dir='ltr'><strong>discrimen</strong></span> <span class='ocrx_word' id='word_1_489' title='bbox 1980 3425 2089 3464; x_wconf 90' lang='lat' dir='ltr'><strong>non</strong></span> <span class='ocrx_word' id='word_1_490' title='bbox 2139 3409 2398 3465; x_wconf 90' lang='lat' dir='ltr'><strong>admittit.</strong></span> <span class='ocrx_word' id='word_1_491' title='bbox 2436 3412 2753 3473; x_wconf 84' lang='lat' dir='ltr'><strong>Diﬁ‘erentia</strong></span> <span class='ocrx_word' id='word_1_492' title='bbox 2787 3422 2989 3492; x_wconf 84' lang='lat' dir='ltr'><strong>quippe</strong></span> <span class='ocrx_word' id='word_1_493' title='bbox 3034 3425 3348 3480; x_wconf 66' lang='lat' dir='ltr'><strong>necessario</strong></span> <span class='ocrx_word' id='word_1_494' title='bbox 3396 3440 3692 3479; x_wconf 67' lang='lat' dir='ltr'><strong>numerum</strong></span> <span class='ocrx_word' id='word_1_495' title='bbox 3733 3424 4017 3478; x_wconf 53' lang='grc' dir='ltr'><strong>ίηίεημ-</strong></span> 
     </span>
    </p>
   </div>
   <div class='ocr_carea' id='block_1_65' title="bbox 752 3529 899 3569">
    <p class='ocr_par' dir='ltr' id='par_1_65' title="bbox 752 3529 899 3569">
     <span class='ocr_line' id='line_1_65' title="bbox 752 3529 899 3569; baseline -0.034 0"><span class='ocrx_word' id='word_1_496' title='bbox 752 3529 899 3569; x_wconf 86' lang='lat' dir='ltr'><strong>cum.</strong></span> 
     </span>
    </p>
   </div>
   <div class='ocr_carea' id='block_1_66' title="bbox 825 3616 2324 3689">
    <p class='ocr_par' dir='ltr' id='par_1_66' title="bbox 825 3616 2324 3689">
     <span class='ocr_line' id='line_1_66' title="bbox 825 3616 2324 3689; baseline -0.006 -10"><span class='ocrx_word' id='word_1_497' title='bbox 825 3626 917 3680; x_wconf 72' lang='lat'><strong>22.</strong></span> <span class='ocrx_word' id='word_1_498' title='bbox 959 3624 1092 3689; x_wconf 85' lang='lat' dir='ltr'><strong>Qua</strong></span> <span class='ocrx_word' id='word_1_499' title='bbox 1138 3618 1529 3676; x_wconf 86' lang='lat' dir='ltr'><strong>substantialia</strong></span> <span class='ocrx_word' id='word_1_500' title='bbox 1578 3626 1739 3683; x_wconf 87' lang='lat' dir='ltr'><strong>sunt,</strong></span> <span class='ocrx_word' id='word_1_501' title='bbox 1778 3618 2046 3672; x_wconf 90' lang='lat' dir='ltr'><strong>rationem</strong></span> <span class='ocrx_word' id='word_1_502' title='bbox 2077 3616 2324 3672; x_wconf 86' lang='lat' dir='ltr'><strong>eamdem</strong></span> 
     </span>
    </p>
   </div>
   <div class='ocr_carea' id='block_1_67' title="bbox 756 3710 2329 3786">
    <p class='ocr_par' dir='ltr' id='par_1_67' title="bbox 756 3710 2329 3786">
     <span class='ocr_line' id='line_1_67' title="bbox 756 3710 2329 3786; baseline -0.007 -12"><span class='ocrx_word' id='word_1_503' title='bbox 756 3718 1055 3786; x_wconf 89' lang='lat' dir='ltr'><strong>recipiunt.</strong></span> <span class='ocrx_word' id='word_1_504' title='bbox 1107 3712 1164 3767; x_wconf 90' lang='lat' dir='ltr'><strong>Si</strong></span> <span class='ocrx_word' id='word_1_505' title='bbox 1212 3727 1344 3781; x_wconf 78' lang='lat' dir='ltr'><strong>ergo</strong></span> <span class='ocrx_word' id='word_1_506' title='bbox 1374 3710 1632 3764; x_wconf 87' lang='lat' dir='ltr'><strong>Christus</strong></span> <span class='ocrx_word' id='word_1_507' title='bbox 1666 3718 1861 3763; x_wconf 89' lang='lat' dir='ltr'><strong>natura</strong></span> <span class='ocrx_word' id='word_1_508' title='bbox 1893 3725 2001 3763; x_wconf 84' lang='lat' dir='ltr'><strong>una</strong></span> <span class='ocrx_word' id='word_1_509' title='bbox 2034 3721 2117 3763; x_wconf 86' lang='lat' dir='ltr'><strong>est</strong></span> <span class='ocrx_word' id='word_1_510' title='bbox 2146 3711 2329 3763; x_wconf 87' lang='lat' dir='ltr'><strong>incar-</strong></span> 
     </span>
    </p>
   </div>
   <div class='ocr_carea' id='block_1_68' title="bbox 758 3799 2332 3874">
    <p class='ocr_par' dir='ltr' id='par_1_68' title="bbox 758 3799 2332 3874">
     <span class='ocr_line' id='line_1_68' title="bbox 758 3799 2332 3874; baseline -0.007 -11"><span class='ocrx_word' id='word_1_511' title='bbox 758 3818 885 3864; x_wconf 87' lang='lat' dir='ltr'><strong>nata</strong></span> <span class='ocrx_word' id='word_1_512' title='bbox 909 3849 922 3872; x_wconf 97' lang='lat'><strong>,</strong></span> <span class='ocrx_word' id='word_1_513' title='bbox 956 3816 1149 3874; x_wconf 91' lang='lat' dir='ltr'><strong>estque</strong></span> <span class='ocrx_word' id='word_1_514' title='bbox 1193 3804 1316 3857; x_wconf 73' lang='lat' dir='ltr'><strong>hac</strong></span> <span class='ocrx_word' id='word_1_515' title='bbox 1337 3801 1461 3869; x_wconf 91' lang='lat' dir='ltr'><strong>ejus</strong></span> <span class='ocrx_word' id='word_1_516' title='bbox 1489 3801 1748 3855; x_wconf 86' lang='lat' dir='ltr'><strong>essentia</strong></span> <span class='ocrx_word' id='word_1_517' title='bbox 1778 3799 2024 3853; x_wconf 91' lang='lat' dir='ltr'><strong>deﬁnitio</strong></span> <span class='ocrx_word' id='word_1_518' title='bbox 2045 3838 2060 3863; x_wconf 96' lang='lat'><strong>,</strong></span> <span class='ocrx_word' id='word_1_519' title='bbox 2108 3799 2332 3853; x_wconf 85' lang='lat' dir='ltr'><strong>aliunde</strong></span> 
     </span>
    </p>
   </div>
   <div class='ocr_carea' id='block_1_69' title="bbox 756 3888 2317 3958">
    <p class='ocr_par' dir='ltr' id='par_1_69' title="bbox 756 3888 2317 3958">
     <span class='ocr_line' id='line_1_69' title="bbox 756 3888 2317 3958; baseline -0.01 -4"><span class='ocrx_word' id='word_1_520' title='bbox 756 3914 888 3954; x_wconf 85' lang='lat' dir='ltr'><strong>vero</strong></span> <span class='ocrx_word' id='word_1_521' title='bbox 913 3891 1401 3950; x_wconf 84' lang='lat' dir='ltr'><strong>consubstantialis</strong></span> <span class='ocrx_word' id='word_1_522' title='bbox 1432 3898 1514 3944; x_wconf 89' lang='lat' dir='ltr'><strong>est</strong></span> <span class='ocrx_word' id='word_1_523' title='bbox 1541 3888 1689 3941; x_wconf 87' lang='lat' dir='ltr'><strong>Patri</strong></span> <span class='ocrx_word' id='word_1_524' title='bbox 1717 3896 1772 3942; x_wconf 86' lang='lat' dir='ltr'><strong>et</strong></span> <span class='ocrx_word' id='word_1_525' title='bbox 1802 3889 1962 3942; x_wconf 92' lang='lat' dir='ltr'><strong>nobis</strong></span> <span class='ocrx_word' id='word_1_526' title='bbox 1990 3905 2004 3941; x_wconf 90' lang='lat'>:</span> <span class='ocrx_word' id='word_1_527' title='bbox 2036 3895 2121 3942; x_wconf 92' lang='lat' dir='ltr'><strong>est</strong></span> <span class='ocrx_word' id='word_1_528' title='bbox 2148 3888 2317 3958; x_wconf 79' lang='lat' dir='ltr'><strong>igitur</strong></span> 
     </span>
    </p>
   </div>
   <div class='ocr_carea' id='block_1_70' title="bbox 758 3977 2258 4043">
    <p class='ocr_par' dir='ltr' id='par_1_70' title="bbox 758 3977 2258 4043">
     <span class='ocr_line' id='line_1_70' title="bbox 758 3977 2258 4043; baseline -0.009 0"><span class='ocrx_word' id='word_1_529' title='bbox 758 3987 922 4043; x_wconf 84' lang='lat' dir='ltr'><strong>Pater</strong></span> <span class='ocrx_word' id='word_1_530' title='bbox 950 3986 1237 4040; x_wconf 89' lang='lat' dir='ltr'><strong>nobiscum</strong></span> <span class='ocrx_word' id='word_1_531' title='bbox 1266 3994 1371 4033; x_wconf 90' lang='lat' dir='ltr'><strong>una</strong></span> <span class='ocrx_word' id='word_1_532' title='bbox 1397 3979 1702 4035; x_wconf 81' lang='lat' dir='ltr'><strong>divinitatis</strong></span> <span class='ocrx_word' id='word_1_533' title='bbox 1727 3987 1924 4030; x_wconf 90' lang='lat' dir='ltr'><strong>natura</strong></span> <span class='ocrx_word' id='word_1_534' title='bbox 1949 3977 2258 4031; x_wconf 86' lang='lat' dir='ltr'><strong>incarnata.</strong></span> 
     </span>
    </p>
   </div>
   <div class='ocr_carea' id='block_1_71' title="bbox 828 4194 2331 4267">
    <p class='ocr_par' dir='ltr' id='par_1_71' title="bbox 828 4194 2331 4267">
     <span class='ocr_line' id='line_1_71' title="bbox 828 4194 2331 4267; baseline -0.01 -5"><span class='ocrx_word' id='word_1_535' title='bbox 828 4207 924 4262; x_wconf 73' lang='lat'><strong>25.</strong></span> <span class='ocrx_word' id='word_1_536' title='bbox 964 4202 1274 4258; x_wconf 84' lang='lat' dir='ltr'><strong>Dill&#39;erentia</strong></span> <span class='ocrx_word' id='word_1_537' title='bbox 1306 4202 1415 4253; x_wconf 93' lang='lat' dir='ltr'><strong>duo</strong></span> <span class='ocrx_word' id='word_1_538' title='bbox 1446 4199 1637 4255; x_wconf 90' lang='lat' dir='ltr'><strong>saltem</strong></span> <span class='ocrx_word' id='word_1_539' title='bbox 1676 4197 1847 4251; x_wconf 81' lang='lat' dir='ltr'><strong>infert</strong></span> <span class='ocrx_word' id='word_1_540' title='bbox 1880 4212 2001 4267; x_wconf 87' lang='lat' dir='ltr'><strong>qua</strong></span> <span class='ocrx_word' id='word_1_541' title='bbox 2035 4194 2331 4257; x_wconf 78' lang='lat' dir='ltr'><strong>differant,</strong></span> 
     </span>
    </p>
   </div>
   <div class='ocr_carea' id='block_1_72' title="bbox 764 4284 2334 4357">
    <p class='ocr_par' dir='ltr' id='par_1_72' title="bbox 764 4284 2334 4357">
     <span class='ocr_line' id='line_1_72' title="bbox 764 4284 2334 4357; baseline -0.01 -4"><span class='ocrx_word' id='word_1_542' title='bbox 764 4301 878 4354; x_wconf 88' lang='lat' dir='ltr'><strong>sive</strong></span> <span class='ocrx_word' id='word_1_543' title='bbox 914 4304 1123 4349; x_wconf 81' lang='lat' dir='ltr'><strong>natura</strong></span> <span class='ocrx_word' id='word_1_544' title='bbox 1154 4294 1265 4345; x_wconf 91' lang='lat' dir='ltr'><strong>sint</strong></span> <span class='ocrx_word' id='word_1_545' title='bbox 1288 4334 1301 4355; x_wconf 98' lang='lat'><strong>,</strong></span> <span class='ocrx_word' id='word_1_546' title='bbox 1335 4290 1450 4343; x_wconf 87' lang='lat' dir='ltr'><strong>sive</strong></span> <span class='ocrx_word' id='word_1_547' title='bbox 1480 4288 1806 4357; x_wconf 86' lang='lat' dir='ltr'><strong>hypostases</strong></span> <span class='ocrx_word' id='word_1_548' title='bbox 1828 4325 1842 4349; x_wconf 96' lang='lat'><strong>,</strong></span> <span class='ocrx_word' id='word_1_549' title='bbox 1876 4286 1991 4340; x_wconf 91' lang='lat' dir='ltr'><strong>sive</strong></span> <span class='ocrx_word' id='word_1_550' title='bbox 2018 4284 2334 4355; x_wconf 85' lang='lat' dir='ltr'><strong>hypostasis</strong></span> 
     </span>
    </p>
   </div>
   <div class='ocr_carea' id='block_1_73' title="bbox 767 4376 2335 4453">
    <p class='ocr_par' dir='ltr' id='par_1_73' title="bbox 767 4376 2335 4453">
     <span class='ocr_line' id='line_1_73' title="bbox 767 4376 2335 4453; baseline -0.012 -9"><span class='ocrx_word' id='word_1_551' title='bbox 767 4405 873 4444; x_wconf 89' lang='lat' dir='ltr'><strong>una</strong></span> <span class='ocrx_word' id='word_1_552' title='bbox 912 4404 939 4439; x_wconf 91' lang='lat' dir='ltr'><strong>a</strong></span> <span class='ocrx_word' id='word_1_553' title='bbox 978 4390 1158 4453; x_wconf 87' lang='lat' dir='ltr'><strong>seipsa</strong></span> <span class='ocrx_word' id='word_1_554' title='bbox 1195 4384 1549 4449; x_wconf 89' lang='lat' dir='ltr'><strong>discrepans.</strong></span> <span class='ocrx_word' id='word_1_555' title='bbox 1581 4376 1637 4431; x_wconf 90' lang='lat' dir='ltr'><strong>Si</strong></span> <span class='ocrx_word' id='word_1_556' title='bbox 1667 4386 1893 4431; x_wconf 88' lang='lat' dir='ltr'><strong>naturas</strong></span> <span class='ocrx_word' id='word_1_557' title='bbox 1915 4416 1929 4441; x_wconf 95' lang='lat'><strong>,</strong></span> <span class='ocrx_word' id='word_1_558' title='bbox 1962 4376 2045 4429; x_wconf 86' lang='lat' dir='ltr'><strong>ha</strong></span> <span class='ocrx_word' id='word_1_559' title='bbox 2080 4376 2335 4431; x_wconf 90' lang='lat' dir='ltr'><strong>substan-</strong></span> 
     </span>
    </p>
   </div>
   <div class='ocr_carea' id='block_1_74' title="bbox 765 4464 2337 4547">
    <p class='ocr_par' dir='ltr' id='par_1_74' title="bbox 765 4464 2337 4547">
     <span class='ocr_line' id='line_1_74' title="bbox 765 4464 2337 4547; baseline -0.011 -13"><span class='ocrx_word' id='word_1_560' title='bbox 765 4483 971 4535; x_wconf 86' lang='lat' dir='ltr'><strong>tialiter</strong></span> <span class='ocrx_word' id='word_1_561' title='bbox 999 4476 1257 4531; x_wconf 71' lang='lat' dir='ltr'><strong>diﬁ‘erunt</strong></span> <span class='ocrx_word' id='word_1_562' title='bbox 1286 4492 1299 4538; x_wconf 88' lang='lat'><strong>;</strong></span> <span class='ocrx_word' id='word_1_563' title='bbox 1332 4473 1375 4525; x_wconf 93' lang='lat' dir='ltr'><strong>si</strong></span> <span class='ocrx_word' id='word_1_564' title='bbox 1412 4472 1771 4541; x_wconf 84' lang='lat' dir='ltr'><strong>hypostases,</strong></span> <span class='ocrx_word' id='word_1_565' title='bbox 1818 4466 2120 4523; x_wconf 89' lang='lat' dir='ltr'><strong>secundum</strong></span> <span class='ocrx_word' id='word_1_566' title='bbox 2176 4464 2337 4547; x_wconf 64' lang='lat'><strong>403</strong></span> 
     </span>
    </p>
   </div>
   <div class='ocr_carea' id='block_1_75' title="bbox 767 4546 2335 4641">
    <p class='ocr_par' dir='ltr' id='par_1_75' title="bbox 767 4546 2335 4641">
     <span class='ocr_line' id='line_1_75' title="bbox 767 4546 2335 4641; baseline -0.011 -16"><span class='ocrx_word' id='word_1_567' title='bbox 767 4574 820 4626; x_wconf 89' lang='lat' dir='ltr'><strong>id</strong></span> <span class='ocrx_word' id='word_1_568' title='bbox 857 4570 1002 4641; x_wconf 89' lang='lat' dir='ltr'><strong>quod</strong></span> <span class='ocrx_word' id='word_1_569' title='bbox 1052 4567 1306 4623; x_wconf 89' lang='lat' dir='ltr'><strong>essentia</strong></span> <span class='ocrx_word' id='word_1_570' title='bbox 1355 4561 1692 4631; x_wconf 89' lang='lat' dir='ltr'><strong>adjectitium</strong></span> <span class='ocrx_word' id='word_1_571' title='bbox 1736 4567 1864 4614; x_wconf 87' lang='lat' dir='ltr'><strong>est:</strong></span> <span class='ocrx_word' id='word_1_572' title='bbox 1904 4560 1950 4614; x_wconf 89' lang='lat' dir='ltr'><strong>si</strong></span> <span class='ocrx_word' id='word_1_573' title='bbox 1997 4546 2335 4628; x_wconf 81' lang='lat' dir='ltr'><strong>bypostasim</strong></span> 
     </span>
    </p>
   </div>
   <div class='ocr_carea' id='block_1_76' title="bbox 772 4650 2341 4731">
    <p class='ocr_par' dir='ltr' id='par_1_76' title="bbox 772 4650 2341 4731">
     <span class='ocr_line' id='line_1_76' title="bbox 772 4650 2341 4731; baseline -0.012 -11"><span class='ocrx_word' id='word_1_574' title='bbox 772 4682 934 4720; x_wconf 75' lang='lat' dir='ltr'><strong>unam</strong></span> <span class='ocrx_word' id='word_1_575' title='bbox 991 4677 1109 4731; x_wconf 83' lang='lat' dir='ltr'><strong>qua</strong></span> <span class='ocrx_word' id='word_1_576' title='bbox 1156 4677 1183 4713; x_wconf 92' lang='lat' dir='ltr'><strong>a</strong></span> <span class='ocrx_word' id='word_1_577' title='bbox 1238 4675 1297 4714; x_wconf 86' lang='lat' dir='ltr'><strong>se</strong></span> <span class='ocrx_word' id='word_1_578' title='bbox 1340 4658 1555 4711; x_wconf 88' lang='lat' dir='ltr'><strong>diversa</strong></span> <span class='ocrx_word' id='word_1_579' title='bbox 1598 4654 1705 4718; x_wconf 92' lang='lat' dir='ltr'><strong>sit,</strong></span> <span class='ocrx_word' id='word_1_580' title='bbox 1755 4667 1852 4722; x_wconf 91' lang='lat' dir='ltr'><strong>per</strong></span> <span class='ocrx_word' id='word_1_581' title='bbox 1896 4650 2258 4706; x_wconf 84' lang='lat' dir='ltr'><strong>variationem</strong></span> <span class='ocrx_word' id='word_1_582' title='bbox 2287 4656 2341 4702; x_wconf 93' lang='lat' dir='ltr'><strong>et</strong></span> 
     </span>
    </p>
   </div>
   <div class='ocr_carea' id='block_1_77' title="bbox 770 4740 2340 4812">
    <p class='ocr_par' dir='ltr' id='par_1_77' title="bbox 770 4740 2340 4812">
     <span class='ocr_line' id='line_1_77' title="bbox 770 4740 2340 4812; baseline -0.013 0"><span class='ocrx_word' id='word_1_583' title='bbox 770 4757 1128 4812; x_wconf 86' lang='lat' dir='ltr'><strong>mutationem</strong></span> <span class='ocrx_word' id='word_1_584' title='bbox 1156 4750 1457 4805; x_wconf 84' lang='lat' dir='ltr'><strong>secundum</strong></span> <span class='ocrx_word' id='word_1_585' title='bbox 1485 4745 1743 4800; x_wconf 86' lang='lat' dir='ltr'><strong>accidens</strong></span> <span class='ocrx_word' id='word_1_586' title='bbox 1768 4741 2107 4812; x_wconf 85' lang='lat' dir='ltr'><strong>separabile:</strong></span> <span class='ocrx_word' id='word_1_587' title='bbox 2142 4740 2340 4793; x_wconf 88' lang='lat' dir='ltr'><strong>horum</strong></span> 
     </span>
    </p>
   </div>
   <div class='ocr_carea' id='block_1_78' title="bbox 773 4829 2345 4920">
    <p class='ocr_par' dir='ltr' id='par_1_78' title="bbox 773 4829 2345 4920">
     <span class='ocr_line' id='line_1_78' title="bbox 773 4829 2345 4920; baseline -0.015 -17"><span class='ocrx_word' id='word_1_588' title='bbox 773 4852 1048 4920; x_wconf 80' lang='lat' dir='ltr'><strong>igiturque</strong></span> <span class='ocrx_word' id='word_1_589' title='bbox 1079 4844 1313 4896; x_wconf 87' lang='lat' dir='ltr'><strong>alterum</strong></span> <span class='ocrx_word' id='word_1_590' title='bbox 1346 4839 1561 4907; x_wconf 76' lang='lat' dir='ltr'><strong>eligite,</strong></span> <span class='ocrx_word' id='word_1_591' title='bbox 1604 4844 1665 4889; x_wconf 90' lang='lat' dir='ltr'><strong>ut</strong></span> <span class='ocrx_word' id='word_1_592' title='bbox 1694 4835 1777 4889; x_wconf 87' lang='lat' dir='ltr'><strong>vel</strong></span> <span class='ocrx_word' id='word_1_593' title='bbox 1814 4833 1949 4887; x_wconf 87' lang='lat' dir='ltr'><strong>duas</strong></span> <span class='ocrx_word' id='word_1_594' title='bbox 1979 4839 2103 4902; x_wconf 90' lang='lat' dir='ltr'><strong>post</strong></span> <span class='ocrx_word' id='word_1_595' title='bbox 2137 4829 2345 4884; x_wconf 86' lang='lat' dir='ltr'><strong>unitio-</strong></span> 
     </span>
    </p>
   </div>
   <div class='ocr_carea' id='block_1_79' title="bbox 774 4920 2346 5008">
    <p class='ocr_par' dir='ltr' id='par_1_79' title="bbox 774 4920 2346 5008">
     <span class='ocr_line' id='line_1_79' title="bbox 774 4920 2346 5008; baseline -0.015 -13"><span class='ocrx_word' id='word_1_596' title='bbox 774 4957 896 4995; x_wconf 82' lang='lat' dir='ltr'><strong>Item</strong></span> <span class='ocrx_word' id='word_1_597' title='bbox 928 4939 1257 5008; x_wconf 76' lang='lat' dir='ltr'><strong>hypostasos</strong></span> <span class='ocrx_word' id='word_1_598' title='bbox 1292 4946 1415 4986; x_wconf 89' lang='lat' dir='ltr'><strong>esse</strong></span> <span class='ocrx_word' id='word_1_599' title='bbox 1447 4928 1725 4983; x_wconf 86' lang='lat' dir='ltr'><strong>Christum</strong></span> <span class='ocrx_word' id='word_1_600' title='bbox 1762 4925 1995 4986; x_wconf 91' lang='lat' dir='ltr'><strong>dicatis,</strong></span> <span class='ocrx_word' id='word_1_601' title='bbox 2026 4922 2110 4975; x_wconf 89' lang='lat' dir='ltr'><strong>vel</strong></span> <span class='ocrx_word' id='word_1_602' title='bbox 2144 4920 2346 4976; x_wconf 80' lang='lat' dir='ltr'><strong>divini-</strong></span> 
     </span>
    </p>
   </div>
   <div class='ocr_carea' id='block_1_80' title="bbox 774 5012 2351 5093">
    <p class='ocr_par' dir='ltr' id='par_1_80' title="bbox 774 5012 2351 5093">
     <span class='ocr_line' id='line_1_80' title="bbox 774 5012 2351 5093; baseline -0.01 -12"><span class='ocrx_word' id='word_1_603' title='bbox 774 5039 941 5082; x_wconf 85' lang='lat' dir='ltr'><strong>tatem</strong></span> <span class='ocrx_word' id='word_1_604' title='bbox 972 5027 1095 5093; x_wconf 91' lang='lat' dir='ltr'><strong>ejus</strong></span> <span class='ocrx_word' id='word_1_605' title='bbox 1129 5025 1343 5076; x_wconf 83' lang='lat' dir='ltr'><strong>ratione</strong></span> <span class='ocrx_word' id='word_1_606' title='bbox 1380 5016 1691 5072; x_wconf 88' lang='lat' dir='ltr'><strong>accidentis</strong></span> <span class='ocrx_word' id='word_1_607' title='bbox 1722 5014 2048 5084; x_wconf 84' lang='lat' dir='ltr'><strong>separabilis</strong></span> <span class='ocrx_word' id='word_1_608' title='bbox 2081 5012 2148 5065; x_wconf 90' lang='lat' dir='ltr'><strong>ab</strong></span> <span class='ocrx_word' id='word_1_609' title='bbox 2178 5012 2351 5081; x_wconf 89' lang='lat' dir='ltr'><strong>ipsius</strong></span> 
     </span>
    </p>
   </div>
   <div class='ocr_carea' id='block_1_81' title="bbox 777 5104 2348 5179">
    <p class='ocr_par' dir='ltr' id='par_1_81' title="bbox 777 5104 2348 5179">
     <span class='ocr_line' id='line_1_81' title="bbox 777 5104 2348 5179; baseline -0.011 -8"><span class='ocrx_word' id='word_1_610' title='bbox 777 5117 1117 5171; x_wconf 85' lang='lat' dir='ltr'><strong>humanitate</strong></span> <span class='ocrx_word' id='word_1_611' title='bbox 1164 5113 1520 5179; x_wconf 87' lang='lat' dir='ltr'><strong>discrepare:</strong></span> <span class='ocrx_word' id='word_1_612' title='bbox 1560 5115 1788 5175; x_wconf 90' lang='lat' dir='ltr'><strong>tumque</strong></span> <span class='ocrx_word' id='word_1_613' title='bbox 1833 5104 1969 5158; x_wconf 84' lang='lat' dir='ltr'><strong>adeo</strong></span> <span class='ocrx_word' id='word_1_614' title='bbox 2011 5104 2348 5166; x_wconf 87' lang='lat' dir='ltr'><strong>incrcatum,</strong></span> 
     </span>
    </p>
   </div>
   <div class='ocr_carea' id='block_1_82' title="bbox 779 5194 2351 5278">
    <p class='ocr_par' dir='ltr' id='par_1_82' title="bbox 779 5194 2351 5278">
     <span class='ocr_line' id='line_1_82' title="bbox 779 5194 2351 5278; baseline -0.009 -19"><span class='ocrx_word' id='word_1_615' title='bbox 779 5206 1035 5278; x_wconf 72' lang='lat' dir='ltr'><strong>prinupii</strong></span> <span class='ocrx_word' id='word_1_616' title='bbox 1069 5218 1265 5273; x_wconf 80' lang='lat' dir='ltr'><strong>expers</strong></span> <span class='ocrx_word' id='word_1_617' title='bbox 1286 5241 1300 5261; x_wconf 95' lang='lat'><strong>,</strong></span> <span class='ocrx_word' id='word_1_618' title='bbox 1332 5198 1706 5269; x_wconf 89' lang='lat' dir='ltr'><strong>impassihile,</strong></span> <span class='ocrx_word' id='word_1_619' title='bbox 1738 5196 2087 5264; x_wconf 89' lang='lat' dir='ltr'><strong>omnipotens</strong></span> <span class='ocrx_word' id='word_1_620' title='bbox 2110 5233 2123 5257; x_wconf 92' lang='lat'><strong>,</strong></span> <span class='ocrx_word' id='word_1_621' title='bbox 2152 5202 2205 5248; x_wconf 91' lang='lat' dir='ltr'><strong>ct</strong></span> <span class='ocrx_word' id='word_1_622' title='bbox 2246 5194 2351 5246; x_wconf 89' lang='lat' dir='ltr'><strong>alia</strong></span> 
     </span>
    </p>
   </div>
   <div class='ocr_carea' id='block_1_83' title="bbox 778 5285 2347 5367">
    <p class='ocr_par' dir='ltr' id='par_1_83' title="bbox 778 5285 2347 5367">
     <span class='ocr_line' id='line_1_83' title="bbox 778 5285 2347 5367; baseline -0.012 -14"><span class='ocrx_word' id='word_1_623' title='bbox 778 5296 1051 5367; x_wconf 89' lang='lat' dir='ltr'><strong>ejusmodi</strong></span> <span class='ocrx_word' id='word_1_624' title='bbox 1078 5312 1095 5360; x_wconf 82' lang='lat'><strong>;</strong></span> <span class='ocrx_word' id='word_1_625' title='bbox 1128 5295 1369 5362; x_wconf 90' lang='lat' dir='ltr'><strong>itemque</strong></span> <span class='ocrx_word' id='word_1_626' title='bbox 1398 5298 1641 5344; x_wconf 86' lang='lat' dir='ltr'><strong>creatum</strong></span> <span class='ocrx_word' id='word_1_627' title='bbox 1668 5328 1682 5352; x_wconf 98' lang='lat'><strong>,</strong></span> <span class='ocrx_word' id='word_1_628' title='bbox 1719 5297 1961 5356; x_wconf 74' lang='lat' dir='ltr'><strong>captum</strong></span> <span class='ocrx_word' id='word_1_629' title='bbox 1982 5325 1996 5351; x_wconf 93' lang='lat'><strong>,</strong></span> <span class='ocrx_word' id='word_1_630' title='bbox 2043 5285 2311 5354; x_wconf 90' lang='lat' dir='ltr'><strong>passibile</strong></span> <span class='ocrx_word' id='word_1_631' title='bbox 2332 5322 2347 5347; x_wconf 91' lang='lat'><strong>,</strong></span> 
     </span>
    </p>
   </div>
   <div class='ocr_carea' id='block_1_84' title="bbox 780 5376 2349 5457">
    <p class='ocr_par' dir='ltr' id='par_1_84' title="bbox 780 5376 2349 5457">
     <span class='ocr_line' id='line_1_84' title="bbox 780 5376 2349 5457; baseline -0.011 -12"><span class='ocrx_word' id='word_1_632' title='bbox 780 5392 997 5457; x_wconf 87' lang='lat' dir='ltr'><strong>aliaque</strong></span> <span class='ocrx_word' id='word_1_633' title='bbox 1030 5387 1267 5449; x_wconf 88' lang='lat' dir='ltr'><strong>similia,</strong></span> <span class='ocrx_word' id='word_1_634' title='bbox 1300 5399 1363 5437; x_wconf 80' lang='lat' dir='ltr'><strong>ex</strong></span> <span class='ocrx_word' id='word_1_635' title='bbox 1398 5381 1600 5451; x_wconf 90' lang='lat' dir='ltr'><strong>quibus</strong></span> <span class='ocrx_word' id='word_1_636' title='bbox 1631 5378 1881 5434; x_wconf 88' lang='lat' dir='ltr'><strong>Christus</strong></span> <span class='ocrx_word' id='word_1_637' title='bbox 1916 5382 2169 5438; x_wconf 88' lang='lat' dir='ltr'><strong>constat,</strong></span> <span class='ocrx_word' id='word_1_638' title='bbox 2206 5376 2349 5429; x_wconf 89' lang='lat' dir='ltr'><strong>acci-</strong></span> 
     </span>
    </p>
   </div>
   <div class='ocr_carea' id='block_1_85' title="bbox 783 5466 2347 5542">
    <p class='ocr_par' dir='ltr' id='par_1_85' title="bbox 783 5466 2347 5542">
     <span class='ocr_line' id='line_1_85' title="bbox 783 5466 2347 5542; baseline -0.01 -6"><span class='ocrx_word' id='word_1_639' title='bbox 783 5482 967 5536; x_wconf 88' lang='lat' dir='ltr'><strong>dentia</strong></span> <span class='ocrx_word' id='word_1_640' title='bbox 996 5485 1190 5538; x_wconf 89' lang='lat' dir='ltr'><strong>erunt,</strong></span> <span class='ocrx_word' id='word_1_641' title='bbox 1230 5482 1283 5529; x_wconf 91' lang='lat' dir='ltr'><strong>et</strong></span> <span class='ocrx_word' id='word_1_642' title='bbox 1312 5474 1531 5542; x_wconf 89' lang='lat' dir='ltr'><strong>quidem</strong></span> <span class='ocrx_word' id='word_1_643' title='bbox 1564 5470 1922 5539; x_wconf 86' lang='lat' dir='ltr'><strong>separabilia,</strong></span> <span class='ocrx_word' id='word_1_644' title='bbox 1957 5466 2347 5536; x_wconf 89' lang='lat' dir='ltr'><strong>mutabiliaque</strong></span> 
     </span>
    </p>
   </div>
   <div class='ocr_carea' id='block_1_86' title="bbox 785 5560 2345 5630">
    <p class='ocr_par' dir='ltr' id='par_1_86' title="bbox 785 5560 2345 5630">
     <span class='ocr_line' id='line_1_86' title="bbox 785 5560 2345 5630; baseline -0.01 -2"><span class='ocrx_word' id='word_1_645' title='bbox 785 5582 841 5629; x_wconf 87' lang='lat' dir='ltr'><strong>et</strong></span> <span class='ocrx_word' id='word_1_646' title='bbox 869 5569 1154 5625; x_wconf 85' lang='lat' dir='ltr'><strong>variabilia</strong></span> <span class='ocrx_word' id='word_1_647' title='bbox 1190 5586 1202 5620; x_wconf 91' lang='lat'>:</span> <span class='ocrx_word' id='word_1_648' title='bbox 1235 5575 1327 5621; x_wconf 89' lang='lat' dir='ltr'><strong>aut</strong></span> <span class='ocrx_word' id='word_1_649' title='bbox 1378 5564 1665 5619; x_wconf 89' lang='lat' dir='ltr'><strong>nobiscum</strong></span> <span class='ocrx_word' id='word_1_650' title='bbox 1687 5602 1702 5628; x_wconf 95' lang='lat'><strong>,</strong></span> <span class='ocrx_word' id='word_1_651' title='bbox 1734 5570 1908 5630; x_wconf 90' lang='lat' dir='ltr'><strong>utque</strong></span> <span class='ocrx_word' id='word_1_652' title='bbox 1959 5560 2063 5615; x_wconf 75' lang='lat' dir='ltr'><strong>fert</strong></span> <span class='ocrx_word' id='word_1_653' title='bbox 2104 5561 2306 5615; x_wconf 81' lang='lat' dir='ltr'><strong>veritas</strong></span> <span class='ocrx_word' id='word_1_654' title='bbox 2330 5598 2345 5621; x_wconf 96' lang='lat'><strong>,</strong></span> 
     </span>
    </p>
   </div>
   <div class='ocr_carea' id='block_1_87' title="bbox 784 5653 2347 5723">
    <p class='ocr_par' dir='ltr' id='par_1_87' title="bbox 784 5653 2347 5723">
     <span class='ocr_line' id='line_1_87' title="bbox 784 5653 2347 5723; baseline -0.01 -3"><span class='ocrx_word' id='word_1_655' title='bbox 784 5664 1063 5720; x_wconf 88' lang='lat' dir='ltr'><strong>Christum</strong></span> <span class='ocrx_word' id='word_1_656' title='bbox 1094 5674 1218 5715; x_wconf 91' lang='lat' dir='ltr'><strong>esse</strong></span> <span class='ocrx_word' id='word_1_657' title='bbox 1260 5658 1397 5712; x_wconf 86' lang='lat' dir='ltr'><strong>duas</strong></span> <span class='ocrx_word' id='word_1_658' title='bbox 1444 5662 1672 5711; x_wconf 88' lang='lat' dir='ltr'><strong>naturas</strong></span> <span class='ocrx_word' id='word_1_659' title='bbox 1718 5653 2065 5723; x_wconf 85' lang='lat' dir='ltr'><strong>pradicetis.</strong></span> <span class='ocrx_word' id='word_1_660' title='bbox 2113 5667 2347 5722; x_wconf 90' lang='lat' dir='ltr'><strong>quarum</strong></span> 
     </span>
    </p>
   </div>
   <div class='ocr_carea' id='block_1_88' title="bbox 786 5744 2350 5820">
    <p class='ocr_par' dir='ltr' id='par_1_88' title="bbox 786 5744 2350 5820">
     <span class='ocr_line' id='line_1_88' title="bbox 786 5744 2350 5820; baseline -0.005 -13"><span class='ocrx_word' id='word_1_661' title='bbox 786 5753 1081 5809; x_wconf 89' lang='lat' dir='ltr'><strong>discrimen</strong></span> <span class='ocrx_word' id='word_1_662' title='bbox 1103 5746 1576 5820; x_wconf 88' lang='lat' dir='ltr'><strong>proﬁtemini.Qui</strong></span> <span class='ocrx_word' id='word_1_663' title='bbox 1600 5746 1746 5803; x_wconf 88' lang='lat' dir='ltr'><strong>enim</strong></span> <span class='ocrx_word' id='word_1_664' title='bbox 1775 5745 2207 5809; x_wconf 83' lang='lat' dir='ltr'><strong>substantiarum</strong></span> <span class='ocrx_word' id='word_1_665' title='bbox 2235 5744 2350 5799; x_wconf 88' lang='lat' dir='ltr'><strong>dis-</strong></span> 
     </span>
    </p>
   </div>
   <div class='ocr_carea' id='block_1_89' title="bbox 2502 3626 4017 3698">
    <p class='ocr_par' dir='ltr' id='par_1_89' title="bbox 2502 3626 4017 3698">
     <span class='ocr_line' id='line_1_89' title="bbox 2502 3626 4017 3698; baseline 0 -19"><span class='ocrx_word' id='word_1_666' title='bbox 2502 3626 2607 3697; x_wconf 83' lang='grc' dir='ltr'><strong>κβ’.</strong></span> <span class='ocrx_word' id='word_1_667' title='bbox 2633 3626 2715 3679; x_wconf 88' lang='grc' dir='ltr'><strong>Τὰ</strong></span> <span class='ocrx_word' id='word_1_668' title='bbox 2754 3626 3016 3696; x_wconf 82' lang='grc' dir='ltr'>ὀμοούσια</span> <span class='ocrx_word' id='word_1_669' title='bbox 3045 3630 3135 3682; x_wconf 83' lang='grc' dir='ltr'><strong>τὸν</strong></span> <span class='ocrx_word' id='word_1_670' title='bbox 3164 3629 3327 3681; x_wconf 81' lang='grc' dir='ltr'>αὐτὸν</span> <span class='ocrx_word' id='word_1_671' title='bbox 3377 3630 3688 3698; x_wconf 76' lang='grc' dir='ltr'><strong>ἐπιδέχεται</strong></span> <span class='ocrx_word' id='word_1_672' title='bbox 3720 3629 3913 3695; x_wconf 70' lang='grc' dir='ltr'>λόγον.</span> <span class='ocrx_word' id='word_1_673' title='bbox 3960 3631 4017 3680; x_wconf 72' lang='grc' dir='ltr'><strong>Ἐξ</strong></span> 
     </span>
    </p>
   </div>
   <div class='ocr_carea' id='block_1_90' title="bbox 2432 3718 4019 3791">
    <p class='ocr_par' dir='ltr' id='par_1_90' title="bbox 2432 3718 4019 3791">
     <span class='ocr_line' id='line_1_90' title="bbox 2432 3718 4019 3791; baseline 0.001 -20"><span class='ocrx_word' id='word_1_674' title='bbox 2432 3718 2527 3772; x_wconf 76' lang='grc' dir='ltr'><strong>οὖν</strong></span> <span class='ocrx_word' id='word_1_675' title='bbox 2556 3722 2584 3773; x_wconf 89' lang='lat'><strong>6</strong></span> <span class='ocrx_word' id='word_1_676' title='bbox 2620 3719 2855 3791; x_wconf 81' lang='grc' dir='ltr'>Χριστὸς</span> <span class='ocrx_word' id='word_1_677' title='bbox 2890 3721 2987 3791; x_wconf 82' lang='grc' dir='ltr'><strong>μία</strong></span> <span class='ocrx_word' id='word_1_678' title='bbox 3038 3720 3199 3789; x_wconf 78' lang='grc' dir='ltr'>φύσις</span> <span class='ocrx_word' id='word_1_679' title='bbox 3252 3722 3369 3774; x_wconf 74' lang='grc' dir='ltr'>ἐστὶ</span> <span class='ocrx_word' id='word_1_680' title='bbox 3420 3722 3826 3791; x_wconf 74' lang='grc' dir='ltr'>σεσαρκωμένη</span> <span class='ocrx_word' id='word_1_681' title='bbox 3854 3762 3870 3781; x_wconf 87' lang='lat'><strong>,</strong></span> <span class='ocrx_word' id='word_1_682' title='bbox 3930 3724 4019 3773; x_wconf 72' lang='lat' dir='ltr'><strong>nl</strong></span> 
     </span>
    </p>
   </div>
   <div class='ocr_carea' id='block_1_91' title="bbox 2438 3805 4019 3882">
    <p class='ocr_par' dir='ltr' id='par_1_91' title="bbox 2438 3805 4019 3882">
     <span class='ocr_line' id='line_1_91' title="bbox 2438 3805 4019 3882; baseline -0.004 -17"><span class='ocrx_word' id='word_1_683' title='bbox 2438 3805 2611 3875; x_wconf 71' lang='grc' dir='ltr'>οὗτος,</span> <span class='ocrx_word' id='word_1_684' title='bbox 2644 3811 2719 3874; x_wconf 82' lang='grc' dir='ltr'><strong>ὣς</strong></span> <span class='ocrx_word' id='word_1_685' title='bbox 2768 3829 2929 3880; x_wconf 83' lang='grc' dir='ltr'>φατε,</span> <span class='ocrx_word' id='word_1_686' title='bbox 2983 3814 3083 3881; x_wconf 83' lang='grc' dir='ltr'><strong>τῆς</strong></span> <span class='ocrx_word' id='word_1_687' title='bbox 3135 3811 3301 3865; x_wconf 81' lang='grc' dir='ltr'>αὐτοῦ</span> <span class='ocrx_word' id='word_1_688' title='bbox 3350 3812 3539 3873; x_wconf 80' lang='grc' dir='ltr'><strong>οὐσίας</strong></span> <span class='ocrx_word' id='word_1_689' title='bbox 3588 3813 3619 3863; x_wconf 89' lang='lat'><strong>6</strong></span> <span class='ocrx_word' id='word_1_690' title='bbox 3657 3812 3789 3882; x_wconf 74' lang='grc' dir='ltr'>ὄρος</span> <span class='ocrx_word' id='word_1_691' title='bbox 3832 3812 4019 3863; x_wconf 71' lang='grc' dir='ltr'>ἐστε-ι·</span> 
     </span>
    </p>
   </div>
   <div class='ocr_carea' id='block_1_92' title="bbox 2434 3902 4017 3973">
    <p class='ocr_par' dir='ltr' id='par_1_92' title="bbox 2434 3902 4017 3973">
     <span class='ocr_line' id='line_1_92' title="bbox 2434 3902 4017 3973; baseline -0.001 -19"><span class='ocrx_word' id='word_1_692' title='bbox 2434 3902 2719 3971; x_wconf 80' lang='grc' dir='ltr'>ὀμοούσιος</span> <span class='ocrx_word' id='word_1_693' title='bbox 2770 3902 2828 3955; x_wconf 83' lang='grc' dir='ltr'><em>δέ</em></span> <span class='ocrx_word' id='word_1_694' title='bbox 2861 3904 2977 3955; x_wconf 75' lang='grc' dir='ltr'>ἐστι</span> <span class='ocrx_word' id='word_1_695' title='bbox 3012 3904 3104 3955; x_wconf 70' lang='grc' dir='ltr'><strong>καὶ</strong></span> <span class='ocrx_word' id='word_1_696' title='bbox 3142 3904 3337 3973; x_wconf 77' lang='grc' dir='ltr'>Πατρὶ,</span> <span class='ocrx_word' id='word_1_697' title='bbox 3376 3904 3471 3955; x_wconf 72' lang='grc' dir='ltr'><strong>καὶ</strong></span> <span class='ocrx_word' id='word_1_698' title='bbox 3506 3904 3641 3971; x_wconf 73' lang='grc' dir='ltr'>ἡμῖν</span> <span class='ocrx_word' id='word_1_699' title='bbox 3687 3904 4017 3971; x_wconf 67' lang='grc' dir='ltr'><strong>ὀμοοῦσιοςο</strong></span> 
     </span>
    </p>
   </div>
   <div class='ocr_carea' id='block_1_93' title="bbox 2436 3993 4016 4065">
    <p class='ocr_par' dir='ltr' id='par_1_93' title="bbox 2436 3993 4016 4065">
     <span class='ocr_line' id='line_1_93' title="bbox 2436 3993 4016 4065; baseline -0.001 -20"><span class='ocrx_word' id='word_1_700' title='bbox 2436 3994 2543 4063; x_wconf 80' lang='grc' dir='ltr'><strong>ἄρα</strong></span> <span class='ocrx_word' id='word_1_701' title='bbox 2572 3994 2726 4046; x_wconf 76' lang='grc' dir='ltr'>ἔσται</span> <span class='ocrx_word' id='word_1_702' title='bbox 2753 3994 2846 4046; x_wconf 80' lang='grc' dir='ltr'><strong>καὶ</strong></span> <span class='ocrx_word' id='word_1_703' title='bbox 2892 3996 2919 4047; x_wconf 89' lang='lat'><strong>6</strong></span> <span class='ocrx_word' id='word_1_704' title='bbox 2948 3993 3136 4065; x_wconf 79' lang='grc' dir='ltr'>Πατὴρ</span> <span class='ocrx_word' id='word_1_705' title='bbox 3179 3994 3274 4047; x_wconf 71' lang='grc' dir='ltr'><strong>καὶ</strong></span> <span class='ocrx_word' id='word_1_706' title='bbox 3305 3996 3465 4064; x_wconf 77' lang='grc' dir='ltr'>ἡμεῖς</span> <span class='ocrx_word' id='word_1_707' title='bbox 3497 3995 3595 4063; x_wconf 84' lang='grc' dir='ltr'><strong>μία</strong></span> <span class='ocrx_word' id='word_1_708' title='bbox 3625 3994 3793 4062; x_wconf 67' lang='grc' dir='ltr'>φύσις</span> <span class='ocrx_word' id='word_1_709' title='bbox 3828 3994 4016 4059; x_wconf 64' lang='grc' dir='ltr'>θεότη-</span> 
     </span>
    </p>
   </div>
   <div class='ocr_carea' id='block_1_94' title="bbox 2435 4086 2981 4156">
    <p class='ocr_par' dir='ltr' id='par_1_94' title="bbox 2435 4086 2981 4156">
     <span class='ocr_line' id='line_1_94' title="bbox 2435 4086 2981 4156; baseline 0.005 -19"><span class='ocrx_word' id='word_1_710' title='bbox 2435 4102 2528 4148; x_wconf 83' lang='grc' dir='ltr'>τος</span> <span class='ocrx_word' id='word_1_711' title='bbox 2560 4086 2981 4156; x_wconf 78' lang='grc' dir='ltr'>σεσαρκωμένη.</span> 
     </span>
    </p>
   </div>
   <div class='ocr_carea' id='block_1_95' title="bbox 2512 4198 4019 4269">
    <p class='ocr_par' dir='ltr' id='par_1_95' title="bbox 2512 4198 4019 4269">
     <span class='ocr_line' id='line_1_95' title="bbox 2512 4198 4019 4269; baseline -0.001 -17"><span class='ocrx_word' id='word_1_712' title='bbox 2512 4206 2618 4268; x_wconf 80' lang='grc' dir='ltr'><strong>κγ’.</strong></span> <span class='ocrx_word' id='word_1_713' title='bbox 2660 4200 2725 4252; x_wconf 83' lang='grc' dir='ltr'><strong>Ἦ</strong></span> <span class='ocrx_word' id='word_1_714' title='bbox 2757 4198 2996 4269; x_wconf 83' lang='grc' dir='ltr'>διαφορά</span> <span class='ocrx_word' id='word_1_715' title='bbox 3019 4198 3371 4269; x_wconf 76' lang='grc' dir='ltr'>τούλάχιστον</span> <span class='ocrx_word' id='word_1_716' title='bbox 3417 4198 3513 4251; x_wconf 72' lang='grc' dir='ltr'><strong>δύο</strong></span> <span class='ocrx_word' id='word_1_717' title='bbox 3552 4200 3771 4267; x_wconf 75' lang='grc' dir='ltr'>εἰσάγει</span> <span class='ocrx_word' id='word_1_718' title='bbox 3804 4198 3876 4250; x_wconf 70' lang='grc' dir='ltr'>τὰ</span> <span class='ocrx_word' id='word_1_719' title='bbox 3910 4198 4019 4251; x_wconf 76' lang='lat'><strong>6::-</strong></span> 
     </span>
    </p>
   </div>
   <div class='ocr_carea' id='block_1_96' title="bbox 2441 4290 4019 4361">
    <p class='ocr_par' dir='ltr' id='par_1_96' title="bbox 2441 4290 4019 4361">
     <span class='ocr_line' id='line_1_96' title="bbox 2441 4290 4019 4361; baseline -0.003 -18"><span class='ocrx_word' id='word_1_720' title='bbox 2441 4291 2698 4361; x_wconf 75' lang='grc' dir='ltr'>φέροντα,</span> <span class='ocrx_word' id='word_1_721' title='bbox 2725 4291 2757 4360; x_wconf 80' lang='grc' dir='ltr'>ἢ</span> <span class='ocrx_word' id='word_1_722' title='bbox 2787 4291 3001 4358; x_wconf 85' lang='grc' dir='ltr'>φύσεις,</span> <span class='ocrx_word' id='word_1_723' title='bbox 3024 4291 3057 4359; x_wconf 81' lang='grc' dir='ltr'>ἢ</span> <span class='ocrx_word' id='word_1_724' title='bbox 3090 4290 3438 4352; x_wconf 82' lang='grc' dir='ltr'>ὑποστάσεις,</span> <span class='ocrx_word' id='word_1_725' title='bbox 3471 4290 3505 4360; x_wconf 84' lang='grc' dir='ltr'>ἢ</span> <span class='ocrx_word' id='word_1_726' title='bbox 3550 4290 3684 4359; x_wconf 70' lang='grc' dir='ltr'><strong>μίαν</strong></span> <span class='ocrx_word' id='word_1_727' title='bbox 3716 4291 4019 4343; x_wconf 72' lang='grc' dir='ltr'>ὑπόστασιν</span> 
     </span>
    </p>
   </div>
   <div class='ocr_carea' id='block_1_97' title="bbox 2440 4382 4015 4453">
    <p class='ocr_par' dir='ltr' id='par_1_97' title="bbox 2440 4382 4015 4453">
     <span class='ocr_line' id='line_1_97' title="bbox 2440 4382 4015 4453; baseline -0.003 -18"><span class='ocrx_word' id='word_1_728' title='bbox 2440 4382 2639 4451; x_wconf 81' lang='grc' dir='ltr'><strong>ἑαυτῆς</strong></span> <span class='ocrx_word' id='word_1_729' title='bbox 2672 4382 3035 4453; x_wconf 78' lang='grc' dir='ltr'>διαφέρουσαν</span> <span class='ocrx_word' id='word_1_730' title='bbox 3058 4400 3073 4414; x_wconf 80' lang='grc' dir='ltr'><strong>ο</strong></span> <span class='ocrx_word' id='word_1_731' title='bbox 3113 4383 3206 4434; x_wconf 72' lang='grc' dir='ltr'><strong>καὶ</strong></span> <span class='ocrx_word' id='word_1_732' title='bbox 3233 4383 3280 4433; x_wconf 68' lang='grc' dir='ltr'>εξ</span> <span class='ocrx_word' id='word_1_733' title='bbox 3316 4382 3411 4451; x_wconf 79' lang='grc' dir='ltr'><strong>μὲν</strong></span> <span class='ocrx_word' id='word_1_734' title='bbox 3448 4383 3661 4449; x_wconf 80' lang='grc' dir='ltr'>φύσεις,</span> <span class='ocrx_word' id='word_1_735' title='bbox 3697 4384 4015 4443; x_wconf 77' lang='grc' dir='ltr'>οὐσιωδῶς·</span> 
     </span>
    </p>
   </div>
   <div class='ocr_carea' id='block_1_98' title="bbox 2438 4472 4021 4541">
    <p class='ocr_par' dir='ltr' id='par_1_98' title="bbox 2438 4472 4021 4541">
     <span class='ocr_line' id='line_1_98' title="bbox 2438 4472 4021 4541; baseline 0 -18"><span class='ocrx_word' id='word_1_736' title='bbox 2438 4473 2564 4524; x_wconf 77' lang='grc' dir='ltr'>εἰδὲ</span> <span class='ocrx_word' id='word_1_737' title='bbox 2586 4474 2913 4535; x_wconf 77' lang='grc' dir='ltr'>ὑποστάσεις</span> <span class='ocrx_word' id='word_1_738' title='bbox 2932 4513 2944 4534; x_wconf 84' lang='grc'>,</span> <span class='ocrx_word' id='word_1_739' title='bbox 2977 4472 3324 4534; x_wconf 79' lang='grc' dir='ltr'><strong>ὲπουσιωδῶς</strong></span> <span class='ocrx_word' id='word_1_740' title='bbox 3350 4490 3364 4503; x_wconf 88' lang='grc'><strong>·</strong></span> <span class='ocrx_word' id='word_1_741' title='bbox 3396 4474 3442 4524; x_wconf 81' lang='grc' dir='ltr'>εἰ</span> <span class='ocrx_word' id='word_1_742' title='bbox 3473 4472 3529 4525; x_wconf 85' lang='grc' dir='ltr'><strong>δὲ</strong></span> <span class='ocrx_word' id='word_1_743' title='bbox 3556 4476 3687 4541; x_wconf 76' lang='grc' dir='ltr'><strong>μίαν</strong></span> <span class='ocrx_word' id='word_1_744' title='bbox 3719 4475 4021 4526; x_wconf 66' lang='grc' dir='ltr'>ὑπὸστασυ</span> 
     </span>
    </p>
   </div>
   <div class='ocr_carea' id='block_1_99' title="bbox 2441 4563 4023 4633">
    <p class='ocr_par' dir='ltr' id='par_1_99' title="bbox 2441 4563 4023 4633">
     <span class='ocr_line' id='line_1_99' title="bbox 2441 4563 4023 4633; baseline -0.001 -18"><span class='ocrx_word' id='word_1_745' title='bbox 2441 4564 2833 4633; x_wconf 79' lang='grc' dir='ltr'><strong>ἀλλοιουμένην</strong></span> <span class='ocrx_word' id='word_1_746' title='bbox 2854 4564 2943 4615; x_wconf 74' lang='grc' dir='ltr'><strong>καὶ</strong></span> <span class='ocrx_word' id='word_1_747' title='bbox 2976 4563 3476 4633; x_wconf 76' lang='grc' dir='ltr'><strong>μεταϐαλλομένην,</strong></span> <span class='ocrx_word' id='word_1_748' title='bbox 3493 4564 3636 4615; x_wconf 79' lang='grc' dir='ltr'><strong>κατά</strong></span> <span class='ocrx_word' id='word_1_749' title='bbox 3655 4564 3717 4615; x_wconf 82' lang='grc' dir='ltr'><strong>τὸ</strong></span> <span class='ocrx_word' id='word_1_750' title='bbox 3751 4566 4023 4633; x_wconf 58' lang='grc' dir='ltr'>χωριστὴν</span> 
     </span>
    </p>
   </div>
   <div class='ocr_carea' id='block_1_100' title="bbox 2447 4652 4023 4727">
    <p class='ocr_par' dir='ltr' id='par_1_100' title="bbox 2447 4652 4023 4727">
     <span class='ocr_line' id='line_1_100' title="bbox 2447 4652 4023 4727; baseline 0.001 -20"><span class='ocrx_word' id='word_1_751' title='bbox 2447 4652 2828 4724; x_wconf 74' lang='grc' dir='ltr'><strong>συμϐεϐηκός·</strong></span> <span class='ocrx_word' id='word_1_752' title='bbox 2879 4654 3066 4707; x_wconf 69' lang='grc' dir='ltr'>ἕλεσθε</span> <span class='ocrx_word' id='word_1_753' title='bbox 3109 4656 3398 4726; x_wconf 81' lang='grc' dir='ltr'>τοιγαροῦν</span> <span class='ocrx_word' id='word_1_754' title='bbox 3439 4658 3649 4709; x_wconf 74' lang='grc' dir='ltr'>τούτων</span> <span class='ocrx_word' id='word_1_755' title='bbox 3697 4658 3961 4727; x_wconf 77' lang='grc' dir='ltr'>θάτερον,</span> <span class='ocrx_word' id='word_1_756' title='bbox 3994 4661 4023 4725; x_wconf 75' lang='grc' dir='ltr'><strong>ἦ</strong></span> 
     </span>
    </p>
   </div>
   <div class='ocr_carea' id='block_1_101' title="bbox 2445 4744 4029 4815">
    <p class='ocr_par' dir='ltr' id='par_1_101' title="bbox 2445 4744 4029 4815">
     <span class='ocr_line' id='line_1_101' title="bbox 2445 4744 4029 4815; baseline -0.002 -17"><span class='ocrx_word' id='word_1_757' title='bbox 2445 4744 2539 4798; x_wconf 80' lang='grc' dir='ltr'><strong>δύο</strong></span> <span class='ocrx_word' id='word_1_758' title='bbox 2587 4745 2915 4807; x_wconf 82' lang='grc' dir='ltr'>ὑποστάσεις</span> <span class='ocrx_word' id='word_1_759' title='bbox 2970 4746 3106 4814; x_wconf 84' lang='grc' dir='ltr'>μετὰ</span> <span class='ocrx_word' id='word_1_760' title='bbox 3150 4745 3248 4813; x_wconf 80' lang='grc' dir='ltr'>τὴν</span> <span class='ocrx_word' id='word_1_761' title='bbox 3300 4746 3497 4798; x_wconf 72' lang='grc' dir='ltr'>ἕνωσιν</span> <span class='ocrx_word' id='word_1_762' title='bbox 3551 4747 3645 4798; x_wconf 83' lang='grc' dir='ltr'><strong>τὸν</strong></span> <span class='ocrx_word' id='word_1_763' title='bbox 3676 4747 3928 4815; x_wconf 76' lang='grc' dir='ltr'>Χριστὸν</span> <span class='ocrx_word' id='word_1_764' title='bbox 3960 4748 4029 4799; x_wconf 77' lang='grc' dir='ltr'><strong>εἰ-</strong></span> 
     </span>
    </p>
   </div>
   <div class='ocr_carea' id='block_1_102' title="bbox 2448 4833 4029 4903">
    <p class='ocr_par' dir='ltr' id='par_1_102' title="bbox 2448 4833 4029 4903">
     <span class='ocr_line' id='line_1_102' title="bbox 2448 4833 4029 4903; baseline -0.002 -18"><span class='ocrx_word' id='word_1_765' title='bbox 2448 4850 2624 4894; x_wconf 82' lang='grc' dir='ltr'>πατε,</span> <span class='ocrx_word' id='word_1_766' title='bbox 2664 4833 2698 4901; x_wconf 81' lang='grc' dir='ltr'>ἢ</span> <span class='ocrx_word' id='word_1_767' title='bbox 2737 4833 2876 4884; x_wconf 78' lang='grc' dir='ltr'><strong>κατὰ</strong></span> <span class='ocrx_word' id='word_1_768' title='bbox 2924 4834 2985 4884; x_wconf 86' lang='grc' dir='ltr'><strong>τὸ</strong></span> <span class='ocrx_word' id='word_1_769' title='bbox 3028 4833 3294 4901; x_wconf 78' lang='grc' dir='ltr'>χωριστὸν</span> <span class='ocrx_word' id='word_1_770' title='bbox 3345 4833 3692 4902; x_wconf 72' lang='grc' dir='ltr'><strong>συμϐεϐηκὸς</strong></span> <span class='ocrx_word' id='word_1_771' title='bbox 3739 4836 4029 4903; x_wconf 58' lang='grc' dir='ltr'>διαφέρειν</span> 
     </span>
    </p>
   </div>
   <div class='ocr_carea' id='block_1_103' title="bbox 2450 4918 4032 4991">
    <p class='ocr_par' dir='ltr' id='par_1_103' title="bbox 2450 4918 4032 4991">
     <span class='ocr_line' id='line_1_103' title="bbox 2450 4918 4032 4991; baseline 0.003 -22"><span class='ocrx_word' id='word_1_772' title='bbox 2450 4918 2547 4988; x_wconf 81' lang='grc' dir='ltr'>τὴν</span> <span class='ocrx_word' id='word_1_773' title='bbox 2582 4919 2809 4987; x_wconf 85' lang='grc' dir='ltr'>θεότητα</span> <span class='ocrx_word' id='word_1_774' title='bbox 2860 4919 3025 4972; x_wconf 80' lang='grc' dir='ltr'>αὑτοῦ</span> <span class='ocrx_word' id='word_1_775' title='bbox 3060 4920 3158 4989; x_wconf 83' lang='grc' dir='ltr'><strong>τῆς</strong></span> <span class='ocrx_word' id='word_1_776' title='bbox 3205 4921 3368 4973; x_wconf 73' lang='grc' dir='ltr'>αὐτοῦ</span> <span class='ocrx_word' id='word_1_777' title='bbox 3420 4922 3888 4991; x_wconf 77' lang='grc' dir='ltr'>ἁνθρωπότητος,</span> <span class='ocrx_word' id='word_1_778' title='bbox 3945 4927 4032 4975; x_wconf 64' lang='grc' dir='ltr'><strong>καὶ</strong></span> 
     </span>
    </p>
   </div>
   <div class='ocr_carea' id='block_1_104' title="bbox 2450 5009 4033 5079">
    <p class='ocr_par' dir='ltr' id='par_1_104' title="bbox 2450 5009 4033 5079">
     <span class='ocr_line' id='line_1_104' title="bbox 2450 5009 4033 5079; baseline 0 -18"><span class='ocrx_word' id='word_1_779' title='bbox 2450 5009 2603 5061; x_wconf 77' lang='grc' dir='ltr'>ἔσται</span> <span class='ocrx_word' id='word_1_780' title='bbox 2638 5009 2699 5061; x_wconf 85' lang='grc' dir='ltr'><strong>τὸ</strong></span> <span class='ocrx_word' id='word_1_781' title='bbox 2727 5009 2979 5061; x_wconf 85' lang='grc' dir='ltr'>ἇκτιστον</span> <span class='ocrx_word' id='word_1_782' title='bbox 3001 5048 3015 5072; x_wconf 86' lang='grc'><em>,</em></span> <span class='ocrx_word' id='word_1_783' title='bbox 3061 5012 3156 5061; x_wconf 73' lang='grc' dir='ltr'><strong>καὶ</strong></span> <span class='ocrx_word' id='word_1_784' title='bbox 3192 5011 3427 5079; x_wconf 82' lang='grc' dir='ltr'>ἄναρχον</span> <span class='ocrx_word' id='word_1_785' title='bbox 3450 5050 3465 5073; x_wconf 88' lang='grc'><em>,</em></span> <span class='ocrx_word' id='word_1_786' title='bbox 3515 5012 3606 5062; x_wconf 78' lang='grc' dir='ltr'><strong>καὶ</strong></span> <span class='ocrx_word' id='word_1_787' title='bbox 3636 5010 3859 5073; x_wconf 77' lang='grc' dir='ltr'><strong>ἀπαθὲς</strong></span> <span class='ocrx_word' id='word_1_788' title='bbox 3890 5050 3906 5073; x_wconf 95' lang='lat'><strong>,</strong></span> <span class='ocrx_word' id='word_1_789' title='bbox 3947 5015 4033 5063; x_wconf 67' lang='grc' dir='ltr'>κεί</span> 
     </span>
    </p>
   </div>
   <div class='ocr_carea' id='block_1_105' title="bbox 2451 5099 4036 5169">
    <p class='ocr_par' dir='ltr' id='par_1_105' title="bbox 2451 5099 4036 5169">
     <span class='ocr_line' id='line_1_105' title="bbox 2451 5099 4036 5169; baseline -0.001 -16"><span class='ocrx_word' id='word_1_790' title='bbox 2451 5099 2859 5169; x_wconf 81' lang='grc' dir='ltr'>παντοδύναμον</span> <span class='ocrx_word' id='word_1_791' title='bbox 2888 5140 2903 5163; x_wconf 90' lang='lat'><strong>,</strong></span> <span class='ocrx_word' id='word_1_792' title='bbox 2947 5101 3044 5152; x_wconf 66' lang='grc' dir='ltr'><strong>καὶ</strong></span> <span class='ocrx_word' id='word_1_793' title='bbox 3072 5102 3139 5154; x_wconf 80' lang='grc' dir='ltr'>τὰ</span> <span class='ocrx_word' id='word_1_794' title='bbox 3180 5100 3431 5164; x_wconf 81' lang='grc' dir='ltr'>τοιαῦτα,</span> <span class='ocrx_word' id='word_1_795' title='bbox 3481 5101 3680 5169; x_wconf 78' lang='grc' dir='ltr'><strong>ὁμοίως</strong></span> <span class='ocrx_word' id='word_1_796' title='bbox 3727 5101 3787 5152; x_wconf 82' lang='grc' dir='ltr'>δὲ</span> <span class='ocrx_word' id='word_1_797' title='bbox 3839 5105 3942 5155; x_wconf 69' lang='grc' dir='ltr'><strong>καὶ</strong></span> <span class='ocrx_word' id='word_1_798' title='bbox 3981 5104 4036 5153; x_wconf 55' lang='grc' dir='ltr'>τὸ</span> 
     </span>
    </p>
   </div>
   <div class='ocr_carea' id='block_1_106' title="bbox 2451 5183 4032 5256">
    <p class='ocr_par' dir='ltr' id='par_1_106' title="bbox 2451 5183 4032 5256">
     <span class='ocr_line' id='line_1_106' title="bbox 2451 5183 4032 5256; baseline 0.003 -17"><span class='ocrx_word' id='word_1_799' title='bbox 2451 5187 2692 5247; x_wconf 84' lang='grc' dir='ltr'>κτιστδν,</span> <span class='ocrx_word' id='word_1_800' title='bbox 2721 5189 2814 5239; x_wconf 71' lang='grc' dir='ltr'><strong>καὶ</strong></span> <span class='ocrx_word' id='word_1_801' title='bbox 2840 5187 3133 5256; x_wconf 76' lang='grc' dir='ltr'>ἠργμένον,</span> <span class='ocrx_word' id='word_1_802' title='bbox 3154 5188 3247 5239; x_wconf 76' lang='grc' dir='ltr'><strong>καὶ</strong></span> <span class='ocrx_word' id='word_1_803' title='bbox 3270 5187 3533 5256; x_wconf 77' lang='grc' dir='ltr'>παθητὸν,</span> <span class='ocrx_word' id='word_1_804' title='bbox 3561 5183 3749 5241; x_wconf 65' lang='grc' dir='ltr'><strong>καῖ’τὰ</strong></span> <span class='ocrx_word' id='word_1_805' title='bbox 3776 5192 4032 5247; x_wconf 71' lang='grc' dir='ltr'>τοιαῦτα,</span> 
     </span>
    </p>
   </div>
   <div class='ocr_carea' id='block_1_107' title="bbox 2457 5277 4037 5349">
    <p class='ocr_par' dir='ltr' id='par_1_107' title="bbox 2457 5277 4037 5349">
     <span class='ocr_line' id='line_1_107' title="bbox 2457 5277 4037 5349; baseline 0.003 -20"><span class='ocrx_word' id='word_1_806' title='bbox 2457 5277 2868 5347; x_wconf 77' lang='grc' dir='ltr'><strong>συμὸεόηκότα,</strong></span> <span class='ocrx_word' id='word_1_807' title='bbox 2902 5280 2993 5331; x_wconf 70' lang='grc' dir='ltr'><strong>καὶ</strong></span> <span class='ocrx_word' id='word_1_808' title='bbox 3022 5278 3192 5331; x_wconf 80' lang='grc' dir='ltr'><strong>ταῦτα</strong></span> <span class='ocrx_word' id='word_1_809' title='bbox 3236 5282 3499 5348; x_wconf 78' lang='grc' dir='ltr'>χωριστὰ,</span> <span class='ocrx_word' id='word_1_810' title='bbox 3531 5280 3624 5332; x_wconf 78' lang='grc' dir='ltr'><strong>καὶ</strong></span> <span class='ocrx_word' id='word_1_811' title='bbox 3657 5284 3909 5349; x_wconf 70' lang='grc' dir='ltr'>τρεπτὰ,</span> <span class='ocrx_word' id='word_1_812' title='bbox 3952 5288 4037 5335; x_wconf 63' lang='grc' dir='ltr'><strong>κεί</strong></span> 
     </span>
    </p>
   </div>
   <div class='ocr_carea' id='block_1_108' title="bbox 2454 5366 4035 5444">
    <p class='ocr_par' dir='ltr' id='par_1_108' title="bbox 2454 5366 4035 5444">
     <span class='ocr_line' id='line_1_108' title="bbox 2454 5366 4035 5444; baseline 0 -21"><span class='ocrx_word' id='word_1_813' title='bbox 2454 5370 2717 5423; x_wconf 82' lang='grc' dir='ltr'><strong>ἀλλοιωτὰ</strong></span> <span class='ocrx_word' id='word_1_814' title='bbox 2744 5370 2802 5434; x_wconf 76' lang='grc' dir='ltr'>ἐξ</span> <span class='ocrx_word' id='word_1_815' title='bbox 2828 5366 2902 5423; x_wconf 81' lang='grc' dir='ltr'>ὧν</span> <span class='ocrx_word' id='word_1_816' title='bbox 2929 5373 2956 5422; x_wconf 91' lang='lat'><strong>6</strong></span> <span class='ocrx_word' id='word_1_817' title='bbox 2981 5372 3235 5440; x_wconf 71' lang='grc' dir='ltr'>Χριστὸς,</span> <span class='ocrx_word' id='word_1_818' title='bbox 3270 5370 3301 5439; x_wconf 83' lang='grc' dir='ltr'><strong>ἦ</strong></span> <span class='ocrx_word' id='word_1_819' title='bbox 3332 5370 3428 5423; x_wconf 72' lang='grc' dir='ltr'>δύο</span> <span class='ocrx_word' id='word_1_820' title='bbox 3451 5371 3641 5439; x_wconf 69' lang='grc' dir='ltr'>φύσεις</span> <span class='ocrx_word' id='word_1_821' title='bbox 3670 5372 3768 5425; x_wconf 74' lang='grc' dir='ltr'><strong>τὸν</strong></span> <span class='ocrx_word' id='word_1_822' title='bbox 3797 5374 4035 5444; x_wconf 62' lang='grc' dir='ltr'>Χριετίν</span> 
     </span>
    </p>
   </div>
   <div class='ocr_carea' id='block_1_109' title="bbox 2458 5458 4035 5535">
    <p class='ocr_par' dir='ltr' id='par_1_109' title="bbox 2458 5458 4035 5535">
     <span class='ocr_line' id='line_1_109' title="bbox 2458 5458 4035 5535; baseline -0.027 22"><span class='ocrx_word' id='word_1_823' title='bbox 2458 5464 2575 5533; x_wconf 74' lang='grc' dir='ltr'>μεθ’</span> <span class='ocrx_word' id='word_1_824' title='bbox 2610 5464 2769 5532; x_wconf 61' lang='grc' dir='ltr'><strong>ἡμῶν</strong></span> <span class='ocrx_word' id='word_1_825' title='bbox 2804 5464 2897 5515; x_wconf 53' lang='grc' dir='ltr'><strong>ναὶ</strong></span> <span class='ocrx_word' id='word_1_826' title='bbox 2947 5466 3046 5532; x_wconf 72' lang='grc' dir='ltr'><strong>τῆς</strong></span> <span class='ocrx_word' id='word_1_827' title='bbox 3076 5463 3332 5531; x_wconf 77' lang='grc' dir='ltr'><strong>ἀληθείας</strong></span> <span class='ocrx_word' id='word_1_828' title='bbox 3364 5463 3662 5533; x_wconf 76' lang='grc' dir='ltr'><strong>κηρύξατε.</strong></span> <span class='ocrx_word' id='word_1_829' title='bbox 3695 5458 3775 5516; x_wconf 77' lang='grc' dir='ltr'>ὧν</span> <span class='ocrx_word' id='word_1_830' title='bbox 3944 5471 4035 5535; x_wconf 42' lang='grc' dir='ltr'>τι,</span> 
     </span>
    </p>
   </div>
   <div class='ocr_carea' id='block_1_110' title="bbox 2455 5552 4031 5625">
    <p class='ocr_par' dir='ltr' id='par_1_110' title="bbox 2455 5552 4031 5625">
     <span class='ocr_line' id='line_1_110' title="bbox 2455 5552 4031 5625; baseline 0.002 -20"><span class='ocrx_word' id='word_1_831' title='bbox 2455 5553 2717 5625; x_wconf 77' lang='grc' dir='ltr'>διαφορὰν</span> <span class='ocrx_word' id='word_1_832' title='bbox 2738 5556 3071 5621; x_wconf 82' lang='grc' dir='ltr'>ὁμολογεῖτε.</span> <span class='ocrx_word' id='word_1_833' title='bbox 3096 5553 3308 5605; x_wconf 79' lang='grc' dir='ltr'>Οὑσιῶν</span> <span class='ocrx_word' id='word_1_834' title='bbox 3333 5552 3440 5624; x_wconf 72' lang='grc' dir='ltr'>γᾶρ</span> <span class='ocrx_word' id='word_1_835' title='bbox 3462 5553 3728 5624; x_wconf 62' lang='grc' dir='ltr'>διαφορὰν</span> <span class='ocrx_word' id='word_1_836' title='bbox 3753 5556 4031 5623; x_wconf 70' lang='grc' dir='ltr'>λέγοντες,</span> 
     </span>
    </p>
   </div>
   <div class='ocr_carea' id='block_1_111' title="bbox 2458 5644 4031 5714">
    <p class='ocr_par' dir='ltr' id='par_1_111' title="bbox 2458 5644 4031 5714">
     <span class='ocr_line' id='line_1_111' title="bbox 2458 5644 4031 5714; baseline 0 -17"><span class='ocrx_word' id='word_1_837' title='bbox 2458 5645 2632 5697; x_wconf 78' lang='grc' dir='ltr'>οὐσῶν</span> <span class='ocrx_word' id='word_1_838' title='bbox 2670 5644 2848 5711; x_wconf 81' lang='grc' dir='ltr'>λέγειν</span> <span class='ocrx_word' id='word_1_839' title='bbox 2897 5645 2987 5697; x_wconf 75' lang='grc' dir='ltr'><strong>καὶ</strong></span> <span class='ocrx_word' id='word_1_840' title='bbox 3022 5646 3344 5712; x_wconf 66' lang='grc' dir='ltr'>σωζομένων</span> <span class='ocrx_word' id='word_1_841' title='bbox 3374 5646 3890 5714; x_wconf 72' lang='grc' dir='ltr'>ἀναγκασθήσεσθε.</span> <span class='ocrx_word' id='word_1_842' title='bbox 3934 5648 4031 5699; x_wconf 63' lang='grc' dir='ltr'>Τεῦ</span> 
     </span>
    </p>
   </div>
   <div class='ocr_carea' id='block_1_112' title="bbox 2460 5737 4030 5809">
    <p class='ocr_par' dir='ltr' id='par_1_112' title="bbox 2460 5737 4030 5809">
     <span class='ocr_line' id='line_1_112' title="bbox 2460 5737 4030 5809; baseline 0.003 -20"><span class='ocrx_word' id='word_1_843' title='bbox 2460 5740 2566 5806; x_wconf 72' lang='grc' dir='ltr'><strong>γὰρ</strong></span> <span class='ocrx_word' id='word_1_844' title='bbox 2600 5737 2672 5807; x_wconf 81' lang='grc' dir='ltr'><strong>μὴ</strong></span> <span class='ocrx_word' id='word_1_845' title='bbox 2715 5738 2862 5799; x_wconf 68' lang='grc' dir='ltr'>ὄντος</span> <span class='ocrx_word' id='word_1_846' title='bbox 2892 5738 3011 5788; x_wconf 65' lang='grc' dir='ltr'>οὔτε</span> <span class='ocrx_word' id='word_1_847' title='bbox 3047 5738 3276 5806; x_wconf 53' lang='grc' dir='ltr'><strong>διαφορά</strong></span> <span class='ocrx_word' id='word_1_848' title='bbox 3311 5738 3374 5789; x_wconf 72' lang='grc' dir='ltr'><strong>ἂν</strong></span> <span class='ocrx_word' id='word_1_849' title='bbox 3404 5739 3506 5806; x_wconf 78' lang='grc' dir='ltr'>εἴη.</span> <span class='ocrx_word' id='word_1_850' title='bbox 3545 5738 3667 5800; x_wconf 78' lang='grc' dir='ltr'><strong>Πῶς</strong></span> <span class='ocrx_word' id='word_1_851' title='bbox 3701 5742 3816 5809; x_wconf 73' lang='grc' dir='ltr'><strong>γὰρ</strong></span> <span class='ocrx_word' id='word_1_852' title='bbox 3844 5740 4030 5800; x_wconf 56' lang='grc' dir='ltr'><strong>διασέ-</strong></span> 
     </span>
    </p>
   </div>
  </div>
