4156 6436
253 418 385 483 1449

1506 418 1800 477 CONTRA
1838 419 1870 476 J
1880 419 2254 478 ACOBITAS.

3353 428 3486 493 1450

251 549 401 603 ρουσι
429 532 496 584 τὰ
531 531 605 601 μὴ
657 530 936 601 σωζόμενα
964 570 975 590 ,
1018 530 1064 580 εἰ
1106 529 1159 580 δὲ
1191 531 1358 580 ὅντως
1393 529 1681 595 σώζονται,
1716 531 1799 583 καὶ

1912 533 2117 583 crimen
2185 529 2441 584 asseritis
2463 573 2476 594 ,
2508 532 2749 601 integras
2782 534 3013 589 subinde
3047 536 3338 606 salvasque
3369 554 3490 592 eas-

246 623 370 693 ἀριθ
380 622 706 691 μείσθωσαν.

1864 627 1867 631 ’
1921 621 2254 689 demdicere
2278 623 2568 690 cogcmini.
2602 622 2735 692 Ejus
2761 625 2904 677 enim
2931 629 3074 695 quod
3105 644 3211 681 non
3240 638 3355 693 est,
3386 646 3487 682 nec

244 717 552 804 tliﬂe‘rentia
576 730 699 771 esse
735 717 925 783 possit.
950 714 1071 778 Quo
1092 713 1294 766 etenim
1324 720 1483 779 pacto
1515 711 1769 765 diﬂ‘erant
1822 728 1944 776 qum
1996 716 2141 767 salva
2174 729 2281 767 non
2320 718 2575 768 exstant?
2635 715 2795 781 Quod
2877 721 2921 771 si
2967 736 3096 773 vero
3135 722 3283 775 salva
3333 731 3486 781 sunt,

242 824 375 876 ergo
409 814 463 861 et
490 812 866 883 numerantur.

316 900 414 950 κδ’.
467 897 528 948 Εἰ
569 895 626 947 δέ
661 911 796 963 φατε
827 932 841 955 ,
887 893 963 954 ὼς
1000 894 1064 943 ὲκ
1117 890 1210 943 δύο
1244 889 1458 957 φύσεων
1507 889 1603 958 μία
1643 888 1805 956 φύσις

243 988 580 1059 ἐχρημάτισε
614 985 896 1049 σύνθετος,
928 985 1118 1037 εἴπατε
1150 983 1284 1049 ἡμῖν
1314 980 1430 1043 πῶς
1465 978 1807 1035 συντίθεσθαι

241 1087 311 1131 τα
346 1078 419 1148 μὴ
453 1076 808 1146 συντιθέμενα
836 1075 1048 1144 πέφυκε
1076 1090 1089 1137 ;
1140 1073 1255 1125 Μία
1285 1072 1392 1141 γὰρ
1422 1071 1584 1139 φύσις
1620 1069 1806 1122 σύνθε-

241 1188 334 1234 τος
359 1173 422 1224 ἐκ
441 1168 713 1239 διαφόρων
744 1167 1052 1220 συνίσταται
1085 1166 1320 1232 φύσεων,
1357 1165 1481 1216 ὅταν
1503 1163 1804 1232 ἑνουμένων

242 1262 483 1329 φύσεων,
515 1260 701 1330 ἕτερόν
745 1276 800 1311 τι
831 1257 980 1327 παρὰ
1017 1258 1084 1308 τὰ
1113 1255 1381 1309 ὲνωθέντα
1421 1253 1482 1306 τὸ
1514 1252 1806 1307 ἀποτελού-

246 1370 406 1421 μενον
445 1352 682 1420 γίνηται,
715 1350 807 1402 καὶ
840 1350 975 1418 μήτε
1005 1347 1164 1400 τοῦτο
1186 1345 1409 1414 κυρίως,
1447 1344 1585 1413 μήτε
1610 1345 1805 1404 ἐκεῖνο,

241 1445 355 1496 ἀλλ’
388 1444 571 1513 ἕτερον
606 1442 789 1512 νοῆται
815 1440 910 1492 καὶ
938 1439 1189 1509 λέγηται⁸
1223 1436 1298 1501 ὼς
1331 1436 1437 1490 ἀπὸ
1471 1436 1579 1489 τῶν
1611 1436 1808 1488 τεσσά-

242 1552 354 1605 ρων
396 1533 671 1603 στοιχείων
697 1571 712 1597 ,
742 1532 910 1602 πυρός
942 1547 1105 1599 φημι,
1146 1528 1236 1581 καὶ
1263 1527 1421 1599 ἀέρος
1447 1571 1460 1594 ,
1492 1528 1593 1598 γῆς
1627 1544 1684 1578 τε
1716 1528 1811 1579 καὶ

240 1628 450 1689 ὓδατος,
488 1624 719 1703 συσταίη
753 1622 931 1690 σῶμα,
985 1620 1284 1690 ὲνουμένων
1317 1619 1517 1689 δηλαδὴ
1545 1617 1654 1669 τῶν
1683 1633 1809 1668 τεσ-

241 1720 424 1787 σᾶιρων
464 1718 558 1769 καὶ
595 1714 1062 1784 συγκιρναμὲνων.
1098 1711 1208 1763 Καὶ
1248 1711 1309 1762 τὸ
1353 1708 1801 1776 ἀποτελούμενον,

235 1807 364 1860 οὗτε
392 1806 501 1875 πῦρ
531 1809 695 1866 ἐστιν,
728 1802 849 1857 οὔτε
875 1803 1113 1871 λέγεται,
1147 1801 1269 1853 οὕτε
1320 1800 1446 1868 ἀὴρ,
1479 1797 1599 1850 ὀῦτε
1628 1799 1798 1867 ὕδωρ,

236 1898 361 1950 οὔτε
387 1898 477 1965 γῆ,
512 1895 624 1948 ἀλλ’
645 1896 710 1947 ὲκ
734 1893 937 1947 τούτων
966 1892 1122 1962 παρὰ
1150 1891 1323 1943 ταῦτα
1346 1890 1548 1959 ἕτερον.
1568 1889 1796 1958 ἰίιμοίως

234 1989 345 2041 ἀπὸ
378 1989 544 2039 ἵππου
574 1986 669 2038 καὶ
703 1986 824 2037 ὅνου
859 1983 1085 2053 ἡμίονος
1110 2025 1124 2048 ,
1164 1983 1257 2035 καὶ
1288 1981 1395 2034 οὐδ’
1438 1981 1602 2043 ἵππος
1626 2023 1639 2045 ,
1678 1981 1798 2033 οὐδὲ

234 2078 357 2141 ὄνος
375 2079 542 2139 ἐστὶν,
573 2076 693 2129 οὐδὲ
719 2075 958 2143 λέγεται,
987 2074 1100 2127 ἀλλ’
1128 2076 1191 2127 ὲκ
1214 2074 1417 2127 τούτων
1450 2072 1597 2142 παρὰ
1623 2070 1793 2123 ταῦτα

231 2169 440 2239 ἓτερον.
509 2167 570 2222 Ὀ
607 2167 917 2237 δεΚύριος
982 2166 1139 2236 ἡμῶν
1202 2164 1409 2233 Ἰησοῦς
1445 2164 1676 2233 Χριστὸς
1734 2164 1797 2213 ὲκ

231 2259 484 2327 θεότητος
527 2258 600 2311 ὣν
633 2259 725 2311 καὶ
752 2257 1169 2329 ἀνθρωπότητος
1189 2295 1203 2318 ,
1246 2258 1302 2307 ὲν
1334 2254 1548 2329 θεότητί
1596 2254 1653 2307 τέ
1682 2254 1796 2305 ἐστι

230 2351 328 2403 καὶ
376 2348 755 2420 ἀνθρωπότητι
790 2347 1032 2410 τέλειος,
1078 2346 1171 2400 καὶ
1202 2346 1334 2408 Θεὸς
1371 2346 1464 2399 καὶ
1516 2345 1796 2415 ἄνθρωπος

234 2445 353 2496 ἐστι
378 2459 435 2496 τε
467 2444 562 2496 καὶ
592 2443 831 2509 λέγεται,
863 2442 955 2494 καί
993 2440 1127 2504 ὅλως
1151 2440 1281 2503 Θεὸς
1308 2441 1398 2494 καὶ
1422 2440 1556 2503 ὅλως
1590 2440 1795 2507 ἄνθρω-

231 2552 334 2598 πος
363 2538 414 2575 ίο
453 2536 591 2605 ὅπερ
636 2536 729 2589 ἐπὶ
772 2537 870 2604 τῆς
922 2534 1178 2588 συνθέτου
1235 2534 1451 2603 φύσεως
1489 2534 1590 2587 ούκ
1646 2534 1792 2585 ἔστιν

230 2625 430 2695 εὑρεῖν.
465 2625 538 2677 Οὐ
573 2624 680 2695 γὰρ
715 2624 834 2677 ὅλον
871 2625 933 2676 τὸ
980 2624 1139 2695 σῶμα
1168 2625 1301 2695 πῦρ,
1336 2625 1444 2677 οὐδ’
1472 2625 1607 2686 ὅλως
1639 2626 1666 2676 ό
1700 2624 1792 2676 ἄνα

231 2716 449 2783 θρωπος
478 2714 624 2785 ψυχὴ
652 2753 667 2779 ,
716 2714 747 2784 ἢ
778 2714 941 2777 ἵππος
974 2715 1068 2785 ὅλη
1102 2715 1249 2767 ἐστὶν
1282 2716 1315 2783 ἠ
1340 2713 1586 2784 ἡμίονος.
1615 2713 1705 2766 Διὸ
1730 2713 1791 2766 ού

232 2804 331 2873 μία
364 2804 613 2866 σύνθετος
639 2804 797 2873 φύσις
827 2804 972 2857 ἐστὶν
1010 2805 1037 2856 ὁ
1068 2802 1302 2874 Χριστὸς
1323 2842 1338 2868 ,
1368 2804 1505 2857 ἀλλὰ
1534 2804 1628 2874 μία
1658 2806 1791 2857 ὑπό-

230 2911 419 2957 στασις
445 2895 695 2959 σύνθετος
714 2912 737 2951 ,·
768 2897 869 2949 οὔκ
895 2895 956 2959 ἐξ
988 2895 1192 2963 ἐτέρων
1218 2895 1408 2964 ἑτέρα,
1439 2895 1553 2949 ἀλλ’
1585 2896 1644 2960 ὲξ
1669 2897 1787 2949 ἑτέ-

234 3001 342 3054 ρων
374 2986 441 3037 τὰ
468 2985 608 3038 αὑτά
634 3000 646 3013 ·
700 2986 763 3037 ἐκ
791 2984 1043 3055 θεότητος
1072 2987 1179 3053 γὰρ
1220 2985 1312 3037 καὶ
1352 2984 1788 3055 ἀνθρωπότητος,

227 3074 363 3137 Θεός
384 3076 440 3127 τὲ
463 3078 575 3128 ἐστι
603 3077 695 3130 καὶ
719 3076 1002 3145 ἄνθρωπος
1020 3076 1222 3138 τέλειος
1243 3091 1255 3105 ⁸
1280 3075 1373 3128 δύο
1399 3075 1580 3145 μέντοι
1603 3076 1790 3145 φύσεις
1822 3116 1867 3178 C

229 3166 289 3216 ὲν
324 3168 419 3236 μιᾷ
461 3165 699 3235 συνθέτῳ
737 3167 1054 3233 ὑποστάσει,
1091 3166 1185 3219 καὶ
1223 3167 1281 3218 ὲν
1318 3164 1438 3218 δυσὶ
1468 3166 1663 3234 φύσεσι
1698 3169 1794 3236 μία

233 3256 532 3319 ὑπόστασις
561 3255 839 3318 σύνθετος.

303 3436 399 3489 κε’.
432 3437 493 3489 El
516 3437 763 3507 ὀμοφυὴς
788 3440 815 3491 ὁ
845 3437 1097 3507 Χριστὸς,
1131 3438 1224 3492 καὶ
1257 3438 1540 3508 ὀμοούσιος
1563 3439 1641 3509 τῷ
1683 3441 1796 3492 [Ια-

231 3528 322 3596 τρὶ
383 3527 557 3596 ἁπλῆς
614 3527 727 3581 ὅντι
788 3529 1046 3597 φύσεως,
1100 3527 1213 3597 ἔχει
1269 3527 1326 3582 δὲ
1379 3528 1473 3581 καὶ
1534 3528 1794 3581 σύνθετον

231 3616 428 3683 φύσιν,
468 3616 568 3671 δύο
600 3617 712 3682 ἕξει
745 3618 932 3687 φύσεις
955 3658 970 3682 ,
1011 3618 1137 3689 μίαν
1183 3618 1359 3691 ἁπλῆν
1384 3620 1476 3672 καὶ
1505 3620 1632 3689 μίαν
1667 3621 1795 3673 σύν-

230 3706 404 3761 θετον.
892 3752 897 3759 .

301 3805 409 3861 κς¹.
449 3799 511 3849 Εἰ
551 3798 803 3861 ἄκτιστος
836 3800 928 3850 καὶ
975 3798 1208 3869 ἄναρχος
1238 3801 1270 3869 ἡ
1299 3800 1538 3869 Χριστοῦ
1573 3800 1786 3870 θεότης,

228 3889 422 3957 κτιστὴ
475 3888 533 3940 δὲ
605 3890 697 3941 καὶ
754 3889 1004 3959 ἠργμένη
1073 3892 1106 3959 ἡ
1180 3890 1541 3958 ἀνθρωπότης
1596 3890 1786 3955 αὐτοῦ,

228 3976 347 4038 πῶς
388 3977 448 4028 τὸ
486 3977 718 4046 ἄναρχον
762 3978 855 4029 κα)⁸
906 3976 965 4028 τὸ
1006 3976 1283 4047 ἠργμένον
1329 3979 1457 4047 μιᾶς
1506 3977 1658 4031 ἔσται
1690 3978 1793 4047 φύ-

228 4079 367 4129 σεως
385 4084 400 4131 ;

300 4154 399 4218 κζ’.
442 4157 504 4208 El
559 4157 656 4225 μία
713 4156 967 4218 σύνθετος
1014 4156 1173 4224 φύσις
1225 4161 1253 4211 ὁ
1304 4158 1578 4228 Χριστὸς,
1628 4160 1689 4212 τὸ
1730 4160 1784 4213 δὲ

232 4249 436 4304 ἁπλοῦν
492 4251 677 4303 καὶτὸ
728 4252 980 4308 σύνθετον
1025 4255 1123 4307 οὐκ
1170 4253 1306 4305 εἰσιν
1350 4254 1629 4322 ὀμοούσια,
1672 4256 1701 4307 ὁ
1731 4255 1788 4307 δὲ

230 4341 421 4411 Πατὴρ
447 4341 623 4411 ἁπλῆς
650 4342 860 4409 φύσεώς
884 4344 1031 4396 ἐστιν
1058 4360 1072 4374 ’
1098 4343 1197 4395 οὐκ
1218 4342 1363 4395 ἐστιν
1382 4343 1491 4413 ἄρα
1513 4344 1787 4413 ὁΧριστὸς

224 4431 509 4501 ὁμοούσιος
532 4432 610 4501 τῷ
640 4432 835 4501 Πατρί.

296 4520 404 4590 κη’.
449 4490 511 4573 Ei
551 4490 647 4590 μία
678 4490 839 4589 φύσις
893 4521 1146 4586 σύνθετός
1180 4524 1328 4577 ἐστιν
1364 4526 1392 4578 ό
1439 4524 1672 4595 Χριστὸς
1717 4523 1782 4576 ὲκ
1813 4490 1860 4545 D

223 4612 477 4681 θεότητος
532 4613 626 4666 καὶ
678 4612 1133 4682 ἀνθρωπότητος,
1174 4613 1273 4665 οὐκ
1320 4614 1385 4665 ὲκ
1435 4613 1686 4683 θεότητος
1724 4612 1781 4666 δὲ

220 4703 317 4755 καὶ
362 4702 776 4771 ἀνθρωπότητος
805 4704 837 4771 ἡ
874 4701 1064 4755 τούτου
1095 4702 1294 4771 Μήτηρ
1327 4702 1472 4754 ἐστὶν
1498 4743 1512 4766 ,
1564 4702 1684 4754 οὐδὲ
1713 4705 1780 4772 τῇ

219 4791 404 4862 Μητρί
438 4793 584 4845 ἐστιν
617 4792 901 4861 ὅμοούσιος
923 4809 935 4821 ·
968 4793 1064 4845 καὶ
1095 4793 1465 4861 μετηνέγκατε
1494 4795 1619 4864 ὅρια
1644 4795 1778 4847 αἰώ-

220 4900 330 4945 νια,
358 4882 392 4935 ἃ
417 4884 467 4935 οἱ
509 4882 747 4951 Πατὲρες
771 4883 928 4953 ἡμῶν
959 4883 1160 4948 ἔθεντο,
1216 4884 1498 4953 ὁμοούσιον
1527 4885 1618 4937 τὸν
1648 4886 1781 4955 Χρι-

224 4972 349 5025 στὸν
377 4973 619 5035 εἰπόντες
645 4973 725 5043 τῷ
755 4974 928 5042 Πατρὶ
966 4973 1106 5025 κατὰ
1138 4972 1236 5043 τὴν
1271 4973 1502 5044 θεότητα
1535 4977 1627 5033 καὶ
1653 4976 1780 5044 opo-

220 5062 403 5115 ούσιον
423 5064 488 5131 τῇ
518 5062 701 5132 Μητρὶ
729 5061 870 5114 κατὰ
893 5061 990 5131 τὴν
1019 5059 1435 5133 ἀνθρωπότητα.

289 5243 391 5298 κθ’.
428 5245 491 5297 El
517 5243 573 5296 δὲ
602 5243 722 5295 κατ’
753 5242 997 5297 ἐπίνοιαν
1028 5242 1122 5296 τοῦ
1165 5244 1404 5313 Χριστοῦ
1451 5244 1548 5307 τὰς
1582 5244 1777 5310 φύσεις

214 5335 402 5404 λέγετε
448 5335 540 5388 καὶ
574 5333 844 5404 θεωρίαν,
892 5333 1085 5386 εἴπατε
1135 5336 1268 5404 ἡμῖν
1305 5336 1353 5387 οί
1402 5334 1511 5387 τῶν
1560 5334 1776 5403 φύσεων

2005 887 2095 939 24.
2130 884 2185 939 Si
2222 901 2348 951 vero
2398 887 2544 948 aitis,
2576 904 2640 941 ex
2677 890 2893 944 duabus
2952 894 3166 945 naturis
3229 906 3477 949 naturam

1909 993 2073 1031 unam
2135 976 2334 1043 factam
2395 993 2515 1033 esse
2594 983 2972 1049 compo’sitam,
3029 984 3228 1038 dicatis
3294 989 3473 1049 nobis,

1909 1069 2131 1133 amabo,
2158 1069 2247 1137 qui
2275 1078 2649 1137 comparatum
2677 1072 2768 1135 sit,
2804 1080 2862 1124 ut
2885 1088 3003 1140 qua:
3036 1089 3141 1127 non
3178 1078 3472 1143 ουιιψοεὶιτ.

1906 1169 2057 1229 sunt,
2097 1162 2540 1229 componantur?
2573 1160 2686 1215 Una
2722 1163 2923 1232 quippe
2953 1174 3144 1217 natura
3173 1168 3473 1231 composita

1907 1267 1977 1306 ex
2030 1251 2269 1306 diversis
2325 1252 2705 1318 constituitur,
2748 1254 2992 1324 quando,
3032 1256 3201 1310 unitis
3236 1258 3469 1318 naturis,

1908 1340 2055 1395 aliud
2098 1342 2227 1411 quid
2290 1349 2485 1410 praeter
2546 1342 2697 1395 unita
2731 1344 2986 1398 eﬂ‘ectum
3037 1353 3144 1410 est,
3182 1356 3240 1399 ut
3299 1364 3476 1417 nequc

1908 1430 2011 1485 hoc
2039 1430 2281 1501 proprie,
2338 1445 2517 1499 neque
2553 1430 2710 1491 illud.
2744 1431 2838 1486 sed
2874 1434 3151 1489 diversum
3205 1436 3476 1505 intelliga-

1909 1533 1998 1577 tur
2043 1533 2096 1577 ct
2125 1524 2444 1578 enuntietur
2480 1542 2491 1576 :
2528 1535 2654 1592 puta
2689 1525 2735 1577 si
2778 1540 2845 1579 ex
2887 1535 3127 1595 quatuor
3160 1529 3473 1593 elementis,

1904 1616 2028 1686 igne
2083 1615 2318 1680 scilicet,
2362 1628 2509 1675 aere.
2558 1623 2705 1669 terra
2752 1622 2805 1670 et
2836 1631 2999 1685 aqua,
3039 1632 3238 1686 corpus
3269 1622 3475 1674 consti-

1904 1713 2112 1770 tuatur,
2146 1707 2198 1760 id
2227 1706 2368 1775 quod
2402 1721 2465 1759 ex
2502 1717 2741 1774 quatuor
2769 1709 2912 1772 istis,
2943 1711 3134 1776 eisque
3165 1712 3473 1766 commistis

1837 1777 1876 1831 Β
1907 1799 2161 1854 effectum
2196 1797 2321 1862 fuit,
2369 1814 2470 1852 nec
2499 1798 2641 1868 ignis
2680 1806 2784 1865 est,
2823 1815 2925 1853 nec
2958 1802 3181 1866 dicitur,
3217 1818 3319 1858 nec
3354 1819 3472 1865 aer,

1906 1905 2011 1945 nec
2055 1905 2217 1960 aqua,
2280 1906 2459 1960 neque
2492 1898 2662 1956 terra,
2705 1891 2801 1946 sed
2841 1908 2909 1945 ex
2941 1892 3067 1947 istis
3093 1894 3242 1947 aliud
3277 1905 3475 1963 praeter

1906 1982 2033 2038 ista.
2067 1980 2330 2036 Similiter
2361 1983 2542 2036 mulus
2586 1983 2655 2037 ab
2707 1998 2850 2053 equo
2895 1992 3059 2055 atque
3085 1986 3242 2040 asino
3273 1985 3474 2039 distin-

1904 2074 2117 2145 guitur;
2177 2088 2301 2127 nam
2362 2089 2461 2129 nec
2523 2088 2696 2143 equus
2741 2084 2827 2129 est
2863 2083 2957 2129 aut
3004 2090 3063 2130 re
3096 2084 3192 2130 aut
3254 2078 3472 2131 nomine

1905 2180 2008 2219 nec
2041 2164 2254 2229 asinus,
2301 2164 2394 2219 sed
2436 2163 2647 2235 aliquid
2691 2164 2911 2219 tertium
2940 2179 3003 2219 ex
3047 2165 3159 2219 illis
3202 2168 3470 2222 constitu-

1907 2271 2041 2314 tum.
2074 2258 2237 2328 Atqui
2276 2257 2541 2314 Dominus
2574 2265 2763 2312 noster
2808 2256 2970 2313 Jesus
2999 2256 3282 2322 Christus,
3341 2262 3469 2328 quia

1904 2365 1970 2404 ex
2017 2349 2302 2404 divinitate
2329 2357 2384 2404 ct
2431 2350 2774 2404 humanitate
2809 2357 3051 2413 constat,
3095 2348 3150 2401 in
3181 2348 3472 2404 divinitate

1903 2449 1987 2495 est
2010 2450 2065 2495 et
2095 2442 2149 2494 in
2185 2440 2529 2495 humanitate
2559 2440 2864 2510 perfectus,
2920 2439 3171 2510 Deusque
3210 2448 3263 2495 ct
3306 2441 3468 2494 homo

1901 2538 1985 2586 est
2017 2540 2070 2586 et
2096 2531 2324 2595 dicitur,
2357 2540 2616 2602 totusque
2645 2532 2787 2587 Deus
2815 2540 2868 2587 et
2889 2540 3039 2586 totus
3074 2535 3282 2599 homo;
3320 2536 3466 2602 quod

1902 2623 2123 2693 quidem
2174 2622 2229 2676 in
2259 2624 2564 2693 composita
2597 2630 2795 2676 natura
2845 2639 3189 2693 nequaquam
3222 2626 3467 2693 reperia-

1905 2709 2009 2784 tur,
2041 2712 2156 2768 Non
2192 2714 2335 2769 enim
2365 2721 2539 2767 totum
2571 2728 2775 2783 corpus
2810 2715 2950 2783 ignis
2974 2724 3077 2776 cst,
3111 2729 3292 2783 neque
3318 2723 3469 2773 totus

1899 2805 2063 2879 homo
2088 2813 2173 2860 est
2192 2805 2394 2868 anima,
2423 2811 2515 2859 aut
2546 2811 2692 2859 totus
2731 2805 2911 2859 mulus
2931 2820 3106 2873 equus
3134 2812 3238 2859 est.
3267 2803 3469 2871 Quam-

1898 2899 2087 2952 obrem
2142 2911 2251 2951 non
2317 2911 2424 2951 una
2482 2896 2783 2966 composita
2833 2905 3025 2950 natura
3074 2909 3158 2952 est
3190 2896 3464 2957 Christus,

1899 2988 1990 3041 sed
2026 3001 2129 3039 una
2165 2987 2474 3057 bypustasis
2508 2988 2845 3055 composita;
2889 3003 2997 3041 non
3024 3002 3086 3041 ex
3137 2988 3259 3042 aliis
3294 2987 3464 3052 aliud,

1899 3076 1993 3131 sed
2032 3091 2095 3130 ex
2127 3077 2253 3130 aliis
2286 3077 2497 3141 eadem,
2530 3092 2598 3130 ex
2627 3077 2919 3130 divinitate
2960 3076 3235 3145 siquidem
3283 3086 3336 3129 et
3360 3077 3465 3129 hu-

1903 3168 2185 3229 inanitate,
2211 3166 2355 3222 Deus
2419 3175 2474 3222 et
2500 3168 2661 3222 homo
2689 3174 2773 3223 est
2795 3166 3070 3237 perfectus
3104 3183 3117 3219 :
3147 3168 3266 3221 dua:
3302 3182 3466 3237 porro

1900 3266 2114 3311 natura:
2152 3259 2206 3310 in
2245 3272 2352 3312 una
2407 3244 2697 3328 hypostasi
2744 3259 3079 3326 composita,
3120 3265 3173 3312 et
3205 3258 3466 3328 hyposta-

1898 3349 1975 3403 sis
2000 3363 2106 3402 una
2125 3351 2432 3418 composita
2460 3350 2515 3403 in
2539 3349 2754 3403 naturis
2784 3349 3018 3404 duabus.

1965 3439 2055 3493 25.
2092 3438 2150 3491 Si
2211 3439 2462 3494 Christus
2513 3447 2728 3495 naturae
2774 3440 3018 3508 ejusdem
3052 3451 3106 3496 et
3136 3442 3465 3497 substantia:

1895 3541 1980 3585 est
2020 3546 2083 3584 ac
2115 3529 2276 3583 Pater
2303 3533 2394 3599 qui
2437 3531 2705 3599 simplicis
2752 3540 2962 3585 naturae
2984 3541 3090 3597 est,
3137 3533 3299 3586 habet
3334 3549 3465 3586 vero

1895 3621 2119 3689 insuper
2142 3620 2501 3688 compositam
2536 3628 2823 3685 naturam;
2866 3620 3004 3675 duas
3035 3622 3264 3690 proinde
3294 3622 3463 3676 habe-

1895 3707 1974 3762 bit
1992 3717 2239 3770 naturas,
2261 3721 2423 3759 unam
2453 3706 2783 3775 simplicem,
2819 3715 2873 3762 et
2892 3723 3052 3761 unam
3073 3710 3461 3777 compositam.

1961 3799 2053 3853 26.
2114 3797 2170 3852 Si
2229 3813 2411 3869 neque
2450 3807 2633 3852 creata
2686 3806 2793 3863 est,
2855 3814 2957 3853 nec
3014 3800 3234 3854 initium
3266 3802 3462 3855 habuit

1896 3889 2101 3945 Christi
2138 3888 2349 3952 Deitas,
2375 3899 2557 3944 creata
2599 3904 2730 3944 vero
2776 3889 2902 3952 fuit,
2925 3898 2979 3944 et
3002 3906 3125 3945 esse
3151 3892 3318 3960 cccpit
3341 3892 3461 3960 ejus

1891 3981 2240 4044 humanitas;
2266 3980 2539 4049 quomodo
2571 3978 2707 4032 illud
2747 3979 2894 4048 quod
2934 3988 3175 4049 emptum
3210 3996 3319 4035 non
3350 3990 3457 4044 est,

1889 4079 1943 4125 et
1974 4069 2028 4124 id
2057 4072 2200 4139 quod
2228 4078 2467 4140 emptum
2489 4077 2595 4135 est,
2630 4070 2801 4124 unius
2831 4080 3043 4124 natura:
3078 4071 3279 4126 erunt?

1954 4161 2043 4223 27,
2068 4160 2122 4212 Si
2161 4174 2267 4211 una
2306 4162 2499 4212 natura
2531 4160 2835 4226 composita
2870 4159 3127 4216 Christus
3148 4170 3233 4217 est
3262 4181 3279 4231 ;
3326 4167 3455 4221 sim-

1887 4253 2011 4320 plex
2065 4258 2244 4305 autem
2306 4259 2361 4304 et
2396 4249 2761 4318 compositum
2798 4252 3295 4308 consubstantialia
3350 4272 3457 4312 non

1888 4349 2036 4402 sunt,
2095 4340 2261 4395 Pater
2298 4354 2430 4395 vero
2482 4340 2756 4409 simplicis
2810 4348 2899 4395 est
2923 4348 3138 4397 natura:
3181 4361 3193 4396 :
3237 4360 3348 4398 non
3374 4356 3458 4401 est

1881 4435 2047 4505 igitur
2070 4432 2325 4486 Christus
2365 4430 2852 4486 consubstantialis
2879 4429 3051 4486 Patri.

1956 4524 2045 4577 28.
2079 4521 2134 4575 Si
2167 4521 2423 4575 Christus
2446 4531 2531 4575 est
2560 4535 2667 4574 una
2705 4529 2902 4574 natura
2935 4524 3243 4591 composita
3272 4539 3339 4577 ex
3367 4524 3456 4577 di-

1890 4611 2113 4665 vinitate
2141 4621 2196 4665 et
2248 4610 2611 4673 humanitate,
2648 4624 2756 4663 non
2808 4621 2991 4664 autem
3022 4613 3146 4680 ejus
3180 4613 3353 4668 Mater
3372 4631 3451 4669 -ex

1890 4702 2175 4756 divinitate
2240 4709 2295 4754 et
2350 4701 2694 4755 humanitate
2762 4711 3155 4769 constat;nec
3218 4706 3453 4760 subinde

1888 4791 2133 4857 ejusdem
2172 4792 2331 4860 cujus
2365 4791 2556 4857 Mater,
2589 4791 2913 4846 substantias
2946 4792 3112 4847 fuerit
3152 4812 3164 4848 :
3202 4795 3450 4863 adeoque

1880 4880 2244 4935 transtulistis
2278 4882 2541 4936 terminos
2587 4888 2844 4946 aeternos,
2876 4897 3016 4950 quos
3054 4890 3238 4951 patres
3287 4884 3452 4955 404

1878 4974 2055 5027 nostri
2093 4982 2431 5040 statuerunt,
2493 4975 2913 5043 pronuntiando
2962 4974 3243 5028 Christum
3298 4974 3445 5028 Patri

1781 5108 1785 5115 ,
1877 5062 2400 5118 consubstantialem
2449 5078 2571 5117 esse
2613 5062 2919 5118 secundum
2974 5064 3339 5128 divinitatem,
3392 5072 3446 5117 et

1884 5152 2406 5206 consubstantialem
2456 5151 2611 5203 Matri
2668 5151 2973 5205 secundum
3017 5152 3440 5206 humanitatem.

1952 5242 2040 5295 29.
2074 5241 2228 5306 Quod
2262 5243 2307 5297 si
2339 5250 2567 5295 naturas
2613 5241 2823 5297 Christi
2858 5242 3188 5310 cogitatione
3212 5257 3275 5295 ac
3306 5256 3442 5297 con-

1883 5333 2239 5403 templatione
2266 5344 2423 5388 tenus
2448 5331 2679 5397 effertis,
2712 5333 2880 5387 dicite
2906 5332 3086 5394 nobis,
3110 5341 3438 5387 naturarum

1500 5446 1730 5502 VARI/IS
1777 5445 2190 5503 LECTIONES..

294 5541 311 5580 ί
347 5538 640 5614 Legocum
676 5538 967 5614 Turriauo,
1000 5538 1118 5614 ὅλος
1149 5536 1298 5605 Θεὸς,
1340 5542 1433 5594 καὶ
1463 5541 1579 5614 ὅλος
1612 5541 1799 5614 ἄνθρω·

1900 5583 1913 5606 ,
1967 5550 2105 5594 totus
2141 5540 2401 5614 Deus._r_et_
2438 5548 2576 5614 totus
2608 5539 2783 5595 homo.
2827 5538 2919 5593 Sic
2976 5538 3437 5614 interpr._A_rabs.

211 5607 348 5680 Nam
382 5606 641 5680 Christus
662 5623 761 5680 nec
786 5609 1048 5680 in_to_tum
1087 5606 1254 5680 Deus,
1292 5626 1468 5680 neque
1510 5612 1563 5666 in
1619 5606 1792 5665 totum
1830 5612 1993 5665 homo
2036 5618 2141 5671 est,
2179 5623 2237 5663 ut
2273 5611 2403 5680 alibi
2456 5608 2891 5680 Nostermonet;
2934 5607 3032 5680 sed
3074 5606 3238 5680 simul
3271 5608 3419 5680 Deus

213 5685 269 5728 et
299 5678 460 5750 homo
490 5676 789 5750 perlectds.
823 5676 979 5732 Unde
1014 5678 1286 5746 sequitur,
1318 5675 1392 5731 οὺ’
1437 5682 1543 5750 γὰρ
1582 5681 1699 5733 ὅλον
1750 5682 1799 5734 τὶ

1895 5680 2020 5749 ῶμα
2064 5681 2192 5749 πῦρ,
2245 5678 2351 5731 οὐδ’
2383 5679 2500 5742 ὅλος
2545 5682 2572 5732 ό
2624 5678 2904 5747 ἅνθρωπος
2959 5677 3139 5746 ψυχὴ.
3183 5678 3215 5747 ἢ
3270 5675 3430 5738 ἵππος

209 5749 311 5814 ὅλη
343 5746 487 5800 ἔστιν
515 5747 546 5813 ἠ
574 5746 813 5815 ἡμίονος.

538 5842 804 5900 ΡΑτιιοι..
848 5838 963 5899 Gn.
1004 5838 1215 5899 XCIV.

2888 5838 2958 5897 4'3
