4156 6436
172 475 307 541 1ό53

1393 464 1681 523 CONTRA
1716 460 2123 520 JACOBITAS.

3211 448 3340 510 14ῦά

172 595 453 659 λέγοντες,
493 588 551 639 οὑ
585 585 676 639 δύο
733 584 917 651 φύσεις
969 583 1297 648 ὁμολογεῖτε.
1352 581 1413 630 ει
1466 580 1571 647 γὰρ
1616 579 1712 647 μία
1741 583 1785 637 Α

1695 597 1712 628 ι
1741 583 1785 637 Α
1814 576 2249 646 pronuntiantes.
2281 584 2385 623 non
2419 570 2552 625 duas
2602 578 2821 622 naturas
2875 566 3161 620 fatemini?
3204 564 3336 615 Nam

169 679 294 733 καθ’
336 678 476 746 ὑμᾶς
525 675 683 740 φύσις
730 668 978 730 σύνθετός
1026 670 1141 718 ἐστι
1192 667 1327 731 μετὰ
1358 667 1454 735 τὴν
1490 666 1700 728 ἕνωσιν,

169 768 279 821 ἔδει
303 768 443 835 ὑμᾶς
475 764 649 829 λέγειν
670 798 684 822 ,
730 760 790 811 οὑ
827 758 1036 826 φύσεων
1064 758 1324 826 διαφορὰν
1347 796 1361 819 ,
1411 756 1544 808 ἀλλὰ
1578 755 1703 822 μιᾶς

171 860 385 925 φύσεως
412 853 545 923 πρὸς
593 849 789 918 ἑαυτὴν
838 848 1126 915 διαφοράν·
1188 848 1321 914 ὅπερ
1369 843 1555 911 ὑμῶν,
1610 844 1705 910 οὐχ

177 946 329 1015 ἡμῶν
382 943 525 995 ἐστιν
585 941 754 991 εἰπεῖν
805 938 899 990 καὶ
948 936 1227 1005 φρονῆσαι.
1292 935 1353 985 Ἦ
1408 934 1541 1002 αὐτὴ
1599 932 1706 998 γὰρ

174 1035 336 1101 φύσις
399 1028 627 1097 οὐσιώδη
695 1027 951 1093 διαφορὰν
1001 1024 1135 1091 προς
1197 1021 1391 1090 ἑαυτὴν
1449 1021 1547 1088 οὑχ
1600 1017 1707 1080 ἕξει

175 1124 327 1179 ποτέ.

247 1210 340 1264 λε’.
381 1209 440 1260 Et
478 1208 574 1274 μία
627 1205 783 1272 φύσις
808 1194 921 1256 ἐστὶ
958 1201 1051 1257 τοῦ
1084 1200 1337 1269 Χριστοῦ,
1368 1200 1553 1249 εἴπατε
1582 1198 1710 1264 ἡμῖν

174 1297 239 1349 τὸ
277 1295 477 1362 ταύτης
506 1293 693 1360 όνομα.
724 1291 841 1361 Χρὴ
872 1291 978 1358 γὰρ
1011 1290 1070 1340 τὸ
1097 1289 1178 1350 ὃν,
1213 1289 1306 1338 καὶ
1335 1285 1709 1355 ὀνομάζεσθαι,

179 1389 274 1439 καὶ
300 1386 508 1445 οἰκείως
538 1379 913 1449 ὀνομάζεσθαι,
945 1379 1129 1445 ὥσπερ
1161 1377 1293 1428 Θεοῦ
1322 1377 1477 1443 φύσις
1504 1377 1710 1443 θεότης,

175 1474 273 1526 καὶ
318 1468 596 1539 ἀνθρώπου
649 1466 1019 1534 ἁνθρωπότης.
1065 1465 1184 1525 Πῶς
1217 1462 1308 1516 οὖν
1339 1461 1437 1528 τὴν
1484 1457 1712 1525 Χριστοῦ

176 1559 341 1626 φύσιν
396 1555 727 1624 ὀνομάσομεν
764 1570 779 1617 ;
820 1552 1196 1623 Χριστότητα;
1246 1548 1360 1601 ἀλλ’
1392 1546 1560 1607 οὐδεὶς
1608 1545 1714 1595 τῶν

176 1642 544 1700 θεοπνεύστων
584 1644 767 1711 εἴρηκε
807 1640 960 1692 τοῦτο
985 1654 998 1669 ’
1042 1638 1176 1691 ἀλλὰ
1224 1633 1713 1704 θεοτήτοανθρωπό⁹

175 1754 317 1804 τητα
344 1754 358 1799 ;
398 1734 507 1786 ἀλλ’
539 1733 655 1784 οὑδὲ
687 1730 860 1783 τοῦτο.
893 1730 956 1781 Τί
986 1729 1041 1780 δὲ
1094 1729 1220 1796 ἡμῖν
1252 1725 1410 1792 φύσιν
1435 1724 1712 1789 ἀνώνυμον

180 1825 514 1891 είσκομίζετε
550 1838 564 1885 ;
591 1821 650 1873 Εἰ
680 1820 735 1871 δέ
758 1836 913 1887 φατε,
944 1818 1022 1869 ὅτι
1051 1815 1488 1883 καινοτομοῦνται
1511 1814 1714 1882 φύσεις,

179 1916 282 1968 καὶ
317 1913 392 1977 τῷ
426 1912 558 1979 ξένῳ
582 1910 674 1961 τοῦ
720 1908 1010 1977 μυστηρίου
1047 1906 1190 1971 ξένον
1236 1922 1285 1956 τι
1333 1904 1572 1971 γίνεται·
1608 1902 1716 1953 ἀλλ’

179 2002 334 2053 οὐδὲν
369 2000 464 2067 τῆς
511 1998 602 2054 τοῦ
644 1995 775 2049 Θεοῦ
827 1997 1037 2063 φύσεως
1071 1992 1427 2061 ἁληπτὸτερον
1459 1992 1489 2061 ἦ
1525 1990 1719 2059 ὑψηλό-

118 2087 127 2095 ’
180 2107 361 2161 τερον,
393 2089 484 2140 καὶ
531 2089 678 2156 ὅμως
710 2086 769 2137 τὸ
814 2085 968 2153 μόνον
1018 2083 1251 2151 ἄληπτον
1304 2081 1552 2149 ἠνέσχετο
1590 2080 1719 2147 πρὸς

183 2180 342 2250 ἡμῶν
368 2176 733 2246 ὀνομάζεσθαι.
771 2177 840 2227 Ἦ
865 2175 1039 2229 τοίνυν
1068 2173 1399 2240 ὑψηλοτέραν
1424 2174 1513 2221 καὶ
1542 2170 1719 2235 κρείτ-

181 2285 313 2322 τονα
355 2269 449 2336 τῆς
492 2266 735 2335 θεότητος
783 2254 880 2331 τὴν
922 2264 1051 2332 πρὸς
1106 2264 1258 2331 ἡμῶν
1330 2262 1721 2331 σχεδιασθείσαν

186 2359 349 2423 φύσιν
375 2358 578 2415 εἴπατε,
609 2355 699 2407 καὶ
732 2354 886 2420 ἀρκεῖ
913 2353 1059 2420 ἡμῖν.
1095 2351 1163 2401 Ἢ
1193 2348 1389 2415 ταύτης
1429 2349 1593 2414 ὄνομα
1626 2348 1720 2413 ὲμ-

188 2446 465 2512 φανίσατε,
512 2443 545 2511 ἦ
600 2442 736 2509 μετὰ
763 2440 870 2493 τῶν
898 2438 1147 2507 κηρύκων
1175 2440 1270 2507 τῆς
1311 2435 1558 2502 ἀληθείας
1609 2434 1722 2485 θεό-

184 2550 327 2603 τητα
358 2532 449 2584 καὶ
498 2530 883 2600 ἁνθρωπότητα
920 2530 1016 2590 τὰς
1046 2528 1232 2594 φύσεις
1259 2524 1486 2593 Χριστοῦ
1515 2525 1721 2586 εἴπατε,

189 2624 284 2676 καὶ
311 2624 367 2674 οὑ
397 2622 491 2693 τὴν
520 2620 696 2688 φύσιν.
747 2619 944 2687 Θεότης
984 2618 1092 2686 γὰρ
1125 2617 1216 2673 καὶ
1252 2615 1597 2687 ἀνθρωπότης
1631 2614 1725 2683 μία

190 2710 351 2780 φύσις
381 2710 479 2762 οὑκ
504 2708 665 2761 ἐστιν.

264 2970 368 3032 λς’.
417 2968 473 3018 Et
516 2968 575 3015 ἐκ
610 2965 853 3030 θεότητος
890 2961 983 3012 καὶ
1012 2958 1415 3027 ἀνθρωπότητος
1443 2957 1537 3023 μία
1572 2954 1725 3020 φύσις

198 3059 312 3111 ἐστὶ
352 3057 442 3107 τοῦ
486 3051 736 3122 Χριστοῦ,
792 3050 951 3119 μέρος
1000 3047 1250 3124 φύσεως,¹
1286 3048 1377 3097 καὶ
1432 3046 1492 3097 οὑ
1550 3045 1726 3095 τελεία

1804 666 1848 718 si
1884 664 2177 716 secundum
2220 676 2315 716 vos
2362 676 2463 713 una
2506 661 2799 728 composita
2855 667 3041 710 natura
3073 665 3173 716 est,
3217 667 3337 723 post

1806 752 2098 804 nnitionem
2133 752 2310 802 dicere
2348 765 2439 801 vos
2476 750 2777 816 oportebat.
2834 762 2941 798 non
2984 744 3340 795 diiTert-nliam

1807 851 2139 903 naturarum,
2164 840 2255 893 sed
2292 841 2450 891 unius
2477 846 2679 889 natura:
2701 852 2727 887 a
2760 838 2930 903 seipsa
2963 854 2974 886 :
3004 835 3157 904 405
3200 834 3341 899 quod

1806 931 2020 999 quidem
2080 941 2316 982 vestrum
2372 937 2474 989 est,
2534 943 2638 979 non
2701 935 2962 983 nostrum.
3013 928 3090 977 sic
3120 926 3258 990 loqui
3290 935 3343 974 et.

1808 1020 2027 1072 sentire.
2058 1016 2365 1069 Eademmet
2403 1016 2542 1068 enim
2573 1022 2761 1066 natura
2790 1013 3072 1066 essentiale
3102 1031 3128 1062 a
3153 1028 3207 1062 si:
3232 1012 3340 1076 ipsa

1809 1108 2098 1159 discrimen
2143 1119 2417 1170 nunquam
2444 1104 2719 1154 hahnerit.

1880 1198 1964 1248 555.
2005 1195 2059 1247 Si
2091 1209 2193 1245 una
2221 1192 2424 1246 Christi
2467 1203 2653 1243 natum
2691 1198 2792 1253 est,
2831 1191 2947 1257 ejus
2975 1191 3128 1241 nobis
3153 1204 3342 1240 nomen

1811 1285 2047 1336 dii-itote.
2092 1282 2222 1335 Nam
2256 1283 2304 1334 id
2333 1282 2476 1350 quod
2508 1290 2609 1341 est,
2665 1282 2822 1332 etiam
2858 1281 3165 1332 nominetur
3188 1282 3346 1346 opor-

1814 1384 1906 1434 tet,
1956 1382 2006 1428 et
2040 1372 2257 1440 proprie
2293 1373 2626 1431 nominetur;
2674 1370 2748 1420 nti
2804 1377 2995 1420 natura
3059 1368 3143 1419 Dei
3176 1368 3345 1417 deitas

1814 1462 2132 1529 appellatur,
2191 1467 2247 1513 et
2298 1470 2487 1511 natura
2527 1458 2780 1519 hominis,
2838 1457 3161 1507 humanitas.
3231 1457 3345 1517 Quo

1817 1550 1975 1616 igitur
2008 1548 2223 1600 nomine
2245 1544 2444 1599 Christi
2477 1554 2721 1598 naturam
2742 1544 3067 1599 oneramus?
3099 1560 3161 1594 an
3189 1543 3311 1593 Chri
3339 1576 3343 1579 Α

1818 1638 2060 1691 stitatis?
2094 1646 2147 1689 at
2189 1652 2345 1689 nemo
2407 1650 2592 1688 eorum
2633 1636 2722 1702 qui
2754 1636 2935 1687 divino
2971 1635 3146 1685 alllatn
3181 1634 3343 1683 locuti

1819 1736 1963 1788 sunt,
1997 1727 2101 1778 tale
2129 1726 2254 1791 quid
2296 1724 2679 1791 pronuntiavit.
2721 1726 2798 1774 Au
2837 1722 3345 1773 divino-lmmanita-

1821 1817 1929 1868 tis?
1972 1816 2190 1867 minime
2259 1830 2383 1866 vero
2447 1815 2609 1865 istud.
2670 1813 2868 1879 Ecquid
2935 1827 3062 1878 ergo
3104 1820 3345 1862 naturam

1820 1907 2021 1960 nullius
2053 1906 2285 1957 nominis
2327 1904 2710 1957 intreulucitis?
2746 1904 2839 1954 Sin
2876 1903 3157 1969 reponitis.
3192 1902 3348 1951 inno-

1821 1998 1928 2048 vari
1984 2003 2226 2057 naturas,
2264 2003 2315 2047 et
2375 2010 2511 2046 novo
2544 1994 2801 2062 mysterio
2835 2008 3027 2043 novum
3062 1991 3259 2057 aliquid
3300 2001 3351 2043 et

1822 2086 2160 2155 peregrinum
2192 2085 2323 2137 eiliei
2352 2102 2363 2135 :
2393 2093 2445 2135 at
2474 2098 2600 2135 vero
2628 2084 2758 2134 nihil
2790 2083 3096 2137 sublimius.
3131 2090 3179 2133 et
3208 2083 3347 2147 quo!

1821 2176 2000 2226 minus
2029 2174 2408 2241 comprehtmdi
2454 2174 2643 2239 possit,
2686 2188 2843 2239 quam
2896 2181 3087 2223 natura
3146 2171 3254 2231 Dei,
3301 2182 3349 2217 ct

1822 2272 1999 2316 tamen
2038 2263 2166 2316 illud
2226 2278 2389 2314 unum
2448 2264 2729 2327 solumque
2777 2262 2915 2327 quod
2968 2258 3349 2326 comprehendi

1824 2362 2074 2419 ncqneat,
2104 2366 2129 2403 a
2168 2352 2321 2403 nobis
2355 2351 2620 2403 nominari
2662 2350 2847 2401 voluit.
2886 2348 2974 2401 Vel
3006 2350 3165 2415 igitur
3201 2358 3353 2398 natu-

1824 2460 1933 2495 ram
1961 2459 2119 2510 quam
2144 2441 2483 2502 obtrudistis,
2518 2443 2755 2493 altiorem
2781 2448 2831 2491 et
2865 2440 3134 2491 ini-liorem
3160 2439 3353 2490 deitatn.

1823 2548 1942 2585 esse
1982 2533 2182 2597 dicite;
2216 2534 2454 2600 Satisque
2500 2533 2654 2584 nobis
2683 2534 2803 2585 erit.
2842 2530 2931 2582 Vel
2987 2546 3176 2583 nomen
3206 2530 3350 2581 illius

1825 2620 2082 2689 proferte,
2144 2621 2224 2674 vel
2251 2636 2370 2673 cum
2416 2621 2656 2673 veritatis
2688 2620 3134 2686 praedicatoribus
3166 2619 3356 2671 divini--

1827 2717 1983 2761 tatem
2018 2718 2071 2762 et
2118 2711 2502 2762 humanitatem
2557 2709 2779 2770 Christi,
2834 2718 3056 2761 naturas
3084 2726 3198 2761 esse
3235 2726 3354 2775 pro-

1827 2798 2093 2857 nuntiate;
2121 2815 2226 2851 non
2263 2810 2528 2855 naturam.
2563 2798 2742 2852 Deitas
2773 2800 3035 2867 siquidem
3076 2808 3124 2849 et
3167 2777 3352 2848 huma-

1828 2888 1967 2946 nitas
1993 2902 2098 2938 non
2132 2897 2254 2939 sunt
2286 2904 2387 2939 una
2417 2897 2630 2940 natura.

1897 2973 1983 3029 36.
2021 2973 2075 3027 Si
2130 2990 2194 3027 ex
2249 2976 2523 3027 divinitate
2559 2984 2610 3028 et
2638 2975 2966 3028 immanitate
3024 2990 3125 3026 una
3156 2976 3353 3028 Christi

1829 3071 2017 3114 natura
2048 3070 2149 3121 est,
2184 3062 2436 3117 divinitas
2474 3078 2596 3130 pars
2630 3075 2833 3115 natura:
2863 3063 3143 3126 duntaxat,
3174 3075 3223 3114 et
3248 3082 3351 3116 non

193 3146 356 3214 φύσις
391 3147 423 3212 ὴ
453 3142 699 3209 θεότητος
736 3142 791 3191 ὲν
834 3137 909 3207 τῷ
952 3136 1189 3207 Χριστῷ,
1242 3135 1436 3204 ὁμοίως
1488 3134 1577 3186 καὶ
1631 3136 1724 3185 ἀν·
1755 3167 1834 3239 C]

1712 3162 1724 3172 '
1755 3181 1797 3239 Ο
1830 3151 2063 3218 perfecta
2098 3160 2285 3203 natura
2315 3152 2416 3205 erit
2457 3154 2507 3203 in
2558 3152 2794 3215 Christo,
2838 3153 3084 3204 similiter
3114 3154 3271 3205 etiam
3304 3168 3353 3207 ct

195 3233 495 3304 θρωπὸτης.

269 3323 361 3384 λζ’.
395 3322 454 3372 Εἰ
492 3322 522 3388 ὴ
563 3318 808 3378 σύνθετος
851 3317 1000 3384 ὑμῶν
1044 3316 1220 3382 φύσις,
1260 3315 1375 3366 οὐδὲ
1427 3314 1501 3382 τῷ
1560 3315 1729 3382 “arpi.

194 3412 422 3464 καθόλου
453 3411 595 3461 ἐστὶν
647 3407 945 3477 ὁμοούσιος,
978 3408 1095 3458 οὐδὲ
1125 3410 1188 3475 τῇ
1219 3406 1422 3475 Μητρὶ,
1450 3406 1508 3455 τὸ
1534 3404 1587 3454 δὲ
1614 3404 1729 3456 ὅλον

196 3504 343 3554 ἐστὶν
375 3505 401 3553 ὁ
424 3498 651 3568 Χριστός
674 3516 684 3527 ·
709 3500 736 3548 ὁ
768 3497 1010 3565 Χριστὸς,
1108 3495 1357 3565 Χριστὸς,
1389 3493 1558 3544 οὐδενί
1590 3495 1731 3543 ἐστιν

197 3587 496 3660 ὁμοούσιος.
555 3587 661 3641 Καὶ
703 3589 750 3638 εἰ
796 3584 971 3646 τοῦτο,
1007 3585 1093 3636 ὅτε
1123 3582 1235 3634 ἐστί
1295 3599 1398 3635 τινι
1430 3581 1726 3653 όμοούσιος,

199 3681 303 3733 οὐκ
333 3681 443 3731 ἐστι
468 3679 693 3746 Χριστὸς
724 3676 1002 3745 ὁμοούσιος
1030 3692 1043 3705 ο
1068 3675 1159 3727 οῦν
1183 3673 1257 3725 ὢν
1303 3673 1378 3742 τῷ
1410 3675 1581 3741 Πατρὶ
1633 3675 1730 3724 οὑκ

199 3772 317 3823 ἔστι
342 3771 586 3840 Χριστός.
621 3770 853 3835 Ἀνάγκη
873 3768 1044 3819 τοίνυν
1061 3766 1200 3817 δυοῖν
1230 3765 1469 3835 θάτερον,
1492 3765 1522 3833 ἢ
1544 3764 1730 3832 όμοού-

201 3874 316 3910 σιον
348 3857 471 3908 ὄντα
514 3856 590 3915 τῷ
632 3856 823 3923 Πατρὶ,
880 3854 953 3924 μὴ
984 3849 1117 3908 εῖναι
1146 3851 1453 3922 Χριστὸν,ἢ
1504 3850 1729 3921 Χριστὸν

197 3942 349 4004 ὄντα,
396 3942 467 4014 μὴ
497 3938 631 3996 εἶναι
655 3943 730 4011 τῷ
760 3944 929 4013 lli:th
954 3944 1248 4012 όμοούσιον.

271 4199 370 4267 λη’.
397 4199 475 4250 Τὰ
525 4197 872 4265 συντιθέμενα
909 4197 967 4259 ἐξ
997 4198 1244 4251 ἐναντίων
1288 4200 1606 4264 συντίθεται,
1652 4204 1733 4254 οὑ-

198 4288 295 4356 σίᾳ
327 4288 381 4339 δὲ
417 4289 554 4339 κατὰ
609 4288 732 4348 τοὺς
783 4285 1039 4353 φυσικοὺς
1088 4286 1236 4338 οὐδέν
1266 4290 1408 4340 ἐστιν
1456 4291 1724 4343 ἐναντίων.

211 4374 489 4429 ’Δδύνατον
520 4374 610 4426 οῦν
637 4371 773 4427 εἶναι
796 4374 977 4428 οὐσίαν
1003 4375 1060 4437 ἐξ
1086 4374 1280 4427 οὐσιῶν
1313 4377 1586 4429 σύνθετον.

269 4546 365 4601 λθ’.
396 4548 505 4610 Τὰς
540 4547 725 4614 φύσεις
753 4586 766 4610 ,
791 4549 907 4614 ἦτοι
965 4548 1166 4611 οὐσίας,
1200 4550 1256 4601 αἱ
1293 4550 1564 4613 οὑσιὼδεις
1611 4554 1731 4602 σῦν-

198 4635 383 4691 ιστῶσι
412 4636 659 4703 διαφοραί
690 4650 703 4665 ⁸
737 4637 784 4686 εί
810 4635 900 4690 οὖν
929 4636 991 4687 ἑκ
1035 4636 1282 4704 θεότητος
1330 4639 1422 4690 καὶ
1454 4639 1730 4707 ἀνθρωπό-

193 4742 355 4794 τητος
392 4726 484 4795 μία
505 4725 661 4793 φύσις
705 4727 1046 4794 συνέστηκεν,
1074 4725 1280 4779 ἔσονται
1313 4728 1496 4797 θεότης
1527 4730 1616 4780 καὶ
1645 4732 1731 4781 ἀν-

197 4814 481 4885 θρωπότης
511 4816 569 4867 οὐ
588 4816 797 4888 φύσεις,
835 4814 946 4869 ἀλλ’
974 4814 1244 4877 οὺσιώδεις
1276 4817 1545 4887 διαφοραί.

273 4907 345 4975 μ’.
373 4907 451 4958 Τὰ
481 4909 603 4973 μιᾶς
638 4906 764 4958 ὅντα
791 4907 992 4970 οὐσίας,
1027 4908 1448 4974 ὲτεροῦπόστατα
1482 4910 1690 4970 πάντως
1716 4926 1730 4939 ο

193 4994 343 5048 τὰδὲ
390 4996 515 5060 μιᾶς
569 4996 911 5056 ὑποστάσεως
973 4996 1298 5065 ὲτεροούσια.
1357 4998 1466 5065 Τὴν
1512 4996 1733 5065 θεότητα

193 5082 482 5151 τοιγαροῦν
508 5084 598 5135 καὶ
626 5084 722 5151 τὴν
750 5082 1131 5152 ἀνθρωπότητα
1150 5085 1239 5135 τοῦ
1270 5086 1520 5154 Χριστοῦ,
1551 5088 1583 5155 ἦ
1610 5091 1734 5154 μιᾶς

191 5169 383 5230 οὐσίας
416 5171 676 5237 λέγοντες,
704 5169 888 5223 εἴπατε
912 5170 1073 5239 ἄλλης
1094 5173 1186 5222 καλ⁸
1202 5170 1365 5239 ἄλλης
1395 5174 1734 5235 ὑποστάσεως

191 5254 418 5326 σῖναι,ἢ
465 5261 587 5326 μιᾶς
616 5260 955 5323 ὑποστάσεως
1004 5259 1265 5324 λέγοντες,
1318 5260 1409 5311 δύο
1435 5260 1637 5327 φύσεις,
1676 5262 1733 5313 οὑ

196 5346 328 5418 μίαν
364 5348 743 5419 ὁμολογήσατε.
789 5348 954 5400 Ἔνθα
1001 5349 1105 5415 γὰρ
1144 5348 1204 5398 τὸ
1235 5348 1583 5417 ἐτεροούσιον,
1636 5350 1729 5415 μία

193 5437 359 5504 φύσις
381 5438 476 5515 οὑκ
505 5437 647 5488 ἔστιν
682 5452 695 5465 ·
729 5437 760 5504 ἢ
795 5436 884 5489 οὖν
915 5436 1192 5505 όμοούσιον
1223 5438 1407 5490 εἴπατέ
1435 5439 1531 5508 τὴν
1558 5442 1729 5507 σάρκα

189 5527 265 5593 τῇ
295 5523 387 5577 τοῦ
446 5525 616 5590 Λόγου
651 5525 882 5593 θεότητι,
922 5525 953 5596 ἢ
1002 5526 1304 5595 ἐτεροούσια
1333 5527 1597 5594 λέγοντες,
1638 5530 1729 5581 δύο

191 5611 386 5679 φύσεις
407 5613 791 5681 όμολογήσατε.

1830 3239 2158 3291 humanitas.
2239 3270 2242 3274 η

1896 3326 1982 3379 57.
2019 3325 2075 3378 Si
2103 3335 2291 3377 natura
2354 3335 2527 3379 vestra
2578 3328 2893 3396 composita,
2931 3346 3102 3398 neque
3127 3331 3267 3382 Patri
3304 3331 3353 3382 in

1829 3427 2000 3470 totum
2029 3417 2510 3470 consubstantialis
2542 3429 2642 3480 est,
2695 3434 2867 3486 neque
2898 3422 3077 3483 Matii,
3111 3422 3354 3472 Christus

1830 3524 1955 3559 vero
1998 3516 2167 3558 tolutn
2215 3508 2342 3558 illud
2372 3517 2453 3558 est
2485 3527 2496 3560 :
2524 3508 2772 3560 Christus
2806 3520 3071 3574 quatenus
3101 3512 3352 3563 Christus

1829 3606 1930 3659 est,
1968 3597 2099 3649 nulli
2137 3596 2608 3649 consubstantialis
2637 3607 2736 3650 est.
2771 3600 2918 3661 Quod
2951 3601 2992 3651 si
3027 3601 3094 3651 ita
3118 3611 3217 3660 est,
3252 3617 3357 3667 qua

1830 3695 1978 3752 parte
2011 3685 2167 3762 alicui
2190 3685 2677 3749 consubstantialis
2699 3697 2797 3747 est,
2829 3688 2932 3752 iam
2969 3699 3176 3740 nonest
3204 3687 3360 3740 Chri-

1833 3782 1968 3826 stus.
2014 3771 2178 3841 igitur
2211 3781 2481 3841 quatenus
2511 3773 2753 3841 ejusdem
2788 3768 2869 3828 est
2903 3793 2961 3829 ac
2998 3777 3153 3828 Pater
3182 3794 3359 3829 essen»

1831 3863 1939 3923 tim,
1984 3876 2091 3914 non
2142 3872 2223 3914 est
2251 3860 2521 3915 Christus.
2575 3864 2841 3925 Quocirca
2871 3866 3097 3917 duorum
3132 3869 3354 3918 alterum

1834 3954 2195 4005 necessarium
2262 3959 2363 4011 est,
2406 3960 2496 4003 aut
2538 3951 2812 4005 Christum
2846 3971 2949 4006 non
2981 3971 3117 4015 esse,
3149 3958 3236 4019 qui
3262 3956 3363 4006 Pa-

1834 4041 1899 4092 tri
1958 4038 2438 4093 eon-substantialis
2466 4041 2554 4099 sit,
2599 4052 2689 4094 aut
2723 4043 2813 4110 qui
2853 4043 3101 4097 Christus
3136 4047 3226 4106 sit,
3256 4062 3356 4097 non

1834 4144 1951 4182 esse
1973 4127 2116 4179 Patri
2134 4127 2700 4179 ‘consubstantialem.

1898 4216 1985 4269 38.
2018 4214 2146 4279 Qua:
2206 4216 2497 4281 composita
2547 4228 2688 4273 sunt.
2729 4232 2788 4268 ex
2834 4221 3117 4273 contrariis
3147 4236 3360 4289 campo.

1834 4310 2055 4363 nuntur,
2120 4300 2433 4354 substantia:
2514 4310 2688 4354 autem
2764 4305 3053 4357 secundum
3113 4310 3361 4376 physicos

1835 4388 1965 4439 nihil
2022 4390 2352 4439 contrarium
2403 4397 2484 4439 est
2522 4405 2533 4439 :
2578 4387 2687 4442 ﬁeri
2744 4389 2906 4457 igitur
2958 4388 3065 4445 non
3100 4404 3274 4460 potest
3305 4409 3361 4450 ut

1763 4492 1805 4544 ι)
1833 4477 2130 4540 substantia
2161 4491 2221 4529 ex
2285 4476 2602 4530 substantiis
2637 4481 2928 4544 composita
2970 4483 3057 4535 sit.

1902 4566 1987 4617 39.
2042 4564 2296 4626 Naturas,
2358 4566 2469 4616 sive
2524 4567 2855 4619 substantias
2887 4569 3210 4624 diiTerentite
3238 4576 3361 4627 sub-

1834 4654 2111 4708 stantiales
2175 4658 2533 4706 constituunt.
2574 4654 2928 4717 Quamobrem
2960 4662 3003 4709 si
3049 4678 3107 4713 ex
3169 4664 3362 4715 (lcitum

1833 4753 1883 4797 et
1924 4742 2250 4795 humanitate
2290 4752 2477 4793 natura
2498 4759 2599 4794 una
2632 4747 2899 4809 consistit,
2930 4758 3085 4800 erunt
3120 4750 3288 4804 duitas
3311 4760 3361 4802 et

1837 4833 2159 4895 humanitas,
2180 4847 2284 4883 non
2311 4841 2534 4894 natum,
2563 4832 2652 4884 sed
2687 4837 2999 4889 essentiales
3028 4838 3356 4896 ditl'erentia-,

1904 4921 1987 4973 40.
2030 4919 2157 4983 Quae
2197 4922 2358 4972 unius
2398 4929 2521 4973 sunt
2560 4924 2828 4986 essentiae,
2877 4925 3208 4979 diversarum
3249 4931 3361 4997 pla-

1835 5025 1900 5061 ne
1976 5009 2344 5076 hypostasittm
2382 5016 2506 5060 sunt
2546 5029 2555 5060 :
2592 5024 2709 5075 quae
2757 5026 2880 5061 vero
2912 5016 3069 5063 unius
3112 5022 3233 5064 sunt
3266 5016 3359 5081 hy-

1836 5095 2089 5163 postasis,
2129 5094 2462 5146 diversarum
2528 5109 2839 5147 naturarum
2874 5101 3160 5150 exsistunt.
3198 5101 3361 5166 Igitur

1836 5183 1927 5250 qui
1960 5182 2299 5235 divinitatem
2340 5192 2392 5235 et
2422 5184 2804 5237 humanitatem
2840 5187 3035 5238 Christi
3085 5182 3160 5239 vel
3205 5191 3361 5239 unius

1839 5286 1960 5323 esse
2027 5280 2229 5321 natura:
2280 5270 2485 5333 dicitis,
2527 5274 2746 5325 alterius
2788 5286 2943 5341 atque
2981 5278 3201 5327 alterius
3233 5278 3360 5329 Sui:-

1837 5359 2046 5410 stantiaa
2069 5374 2185 5411 esse
2213 5358 2376 5409 dicite
2410 5375 2421 5409 :
2453 5362 2531 5411 vel
2566 5362 2792 5413 dicendo
2834 5365 2992 5415 unius
3029 5381 3145 5417 esse
3188 5366 3351 5432 hypo-

1836 5444 2020 5504 stasis,
2078 5452 2298 5497 naturas
2333 5445 2484 5507 duas,
2548 5463 2654 5499 non
2716 5466 2871 5501 unam
2930 5452 3222 5505 fateamini.
3263 5453 3357 5505 l‘hi

1834 5532 1976 5583 enim
2027 5538 2108 5585 est
2171 5533 2485 5587 substantia:
2537 5539 2842 5601 diversitas,
2885 5558 2987 5593 non
3047 5554 3125 5595 est
3164 5552 3359 5599 natura

1838 5635 1957 5671 una.
2016 5621 2121 5672 Aut
2150 5622 2310 5688 igitur
2358 5640 2572 5678 carnem
2613 5628 2875 5681 divinitati
2936 5632 3086 5683 Verbi
3123 5636 3359 5687 consul.»

191 5703 506 5765 stantialem
535 5718 654 5760 esse
677 5704 855 5769 dicite,
892 5713 982 5759 aut
1017 5704 1242 5761 diversa:
1269 5720 1389 5759 esse
1420 5708 1738 5763 substantia:
1788 5712 2161 5779 prteilicantes,
2194 5714 2328 5765 duas
2374 5729 2592 5772 naturas
2661 5724 3008 5776 conﬁtemini.
