4156 6436
795 348 944 415 -1455

1983 368 2044 425 s.
2064 368 2378 428 JOANNIS
2408 371 2830 464 DAMASCENI

3873 396 3991 458 M56

878 469 960 518 Η.
1006 467 1103 532 Qui
1133 484 1288 523 unam
1325 471 1626 527 divinitatis
1659 476 1885 539 Christi,
1915 483 2205 550 carnisque
2234 485 2340 553 ejus

2525 491 2719 556 μα’.Οί
2750 495 2876 561 μίαν
2909 497 3066 562 φύσιν
3112 501 3206 566 τῆς
3230 500 3475 569 θεότητος
3508 505 3596 556 τοῦ
3635 511 3876 575 Χριστοῦ
3910 518 3992 563 nl

810 561 1052 602 naturam
1084 555 1230 616 aitis,
1273 557 1494 612 dicitote
1528 562 1709 624 nobis,
1740 579 1846 631 qua
1882 566 2099 620 tandem
2154 579 2347 622 natura

805 642 1053 694 tlhristus
1127 660 1318 709 passus
1351 650 1473 700 est?
1507 649 1818 720 Composita
1879 657 2086 724 utique,
2133 674 2350 726 repone-

808 726 896 776 tis.
951 727 1122 780 Unam
1161 735 1362 802 quippe
1380 736 1633 801 dicendo,
1676 743 1981 807 passionem
2015 747 2062 797 ei
2093 761 2345 802 necessa-

803 815 882 863 rio
929 818 1134 885 eilingis
1170 836 1179 868 :
1215 831 1377 889 atque
1409 825 1546 878 adeo
1587 828 1652 880 de
1684 837 1862 881 vestra
1917 835 2205 900 sententia,
2237 845 2343 888 tam

802 901 1079 966 divinitas,
1130 924 1290 976 quam
1327 913 1636 967 humanitas
1670 917 1872 970 Christi
1926 919 2156 972 obnoxia
2223 937 2344 990 pas-

802 993 942 1045 sioni
984 993 1169 1050 fuerit.

870 1134 954 1186 49..
979 1135 1162 1188 Solent
1199 1139 1287 1205 qui
1326 1155 1414 1192 res
1478 1142 1877 1211 philosophicas
1904 1154 2161 1209 tractant,
2189 1148 2347 1219 506

800 1240 1106 1279 sermonem
1176 1231 1326 1295 prius
1360 1229 1426 1283 de
1478 1236 1785 1299 quantitate
1839 1236 2146 1299 instituere,
2183 1254 2344 1306 quam

800 1315 862 1366 de
894 1315 1173 1380 Qualitate.
1215 1317 1383 1384 Cujus
1415 1334 1633 1378 causam
1672 1323 1810 1376 hanc
1842 1325 2165 1392 adiungunt,
2200 1329 2342 1396 quod

799 1404 890 1455 ubi
928 1406 1168 1471 qualitas
1201 1406 1383 1470 fuerit,
1436 1407 1548 1460 illi:
1598 1413 1821 1464 omnino
1873 1416 2150 1481 quantitas
2181 1417 2340 1469 etiam

799 1493 1572 1549 consideretur.‘Diﬂerentia
1639 1500 1907 1569 siquidem
1976 1502 2341 1557 differentium

796 1581 1105 1633 differentia
1165 1584 1267 1637 es't.
1310 1584 1620 1648 Quomodo.
1655 1588 1838 1655 igitur,
1866 1605 1989 1643 cum
2016 1594 2361 1660 qualitatum

794 1671 1169 1723 essentialitlm
1237 1672 1529 1726 discrimen
1593 1676 1918 1742 praedicetis,
1981 1693 2167 1732 eorum
2219 1697 2340 1749 qua

789 1763 1165 1814 .ossentialit‘cr
1187 1763 1399 1819 diversa
1423 1775 1569 1827 sunt,
1592 1756 1872 1820 numerum
1904 1783 2009 1822 non
2030 1769 2341 1824 fateamini?

863 1891 946 1941 47..
1007 1890 1060 1942 Si
1101 1901 1185 1944 est
1226 1907 1330 1944 una
1366 1892 1579 1946 .Christi
1646 1905 1837 1948 natura
1890 1901 2210 1967 composita,
2245 1908 2340 1953 aut

787 1980 1134 2032 solummodo
1195 1983 1434 2048 patibilis
1481 1985 1608 2045 erit,
1669 1993 1759 2037 aut
1793 2002 1899 2040 non
1934 1988 2192 2054 patibilis,
2247 1997 2341 2041 aut

795 2068 955 2119 simul
1020 2071 1258 2137 patibilis
1291 2083 1343 2125 et
1375 2089 1481 2125 non
1538 2074 1805 2140 patibilis,
1841 2083 1894 2129 et
1931 2084 2223 2145 utrumque
2252 2093 2340 2131 se-

792 2160 1028 2212 cundum
1077 2161 1212 2213 idem
1241 2178 1256 2224 ;
1296 2174 1390 2215 aut
1420 2163 1723 2223 mutabilis,
1756 2170 1808 2214 et
1840 2163 2170 2233 quandoque
2201 2166 2340 2234 pati-

793 2251 938 2313 bilis,
966 2250 1291 2318 quandoque
1320 2266 1537 2305 rursum
1568 2266 1670 2304 non
1703 2253 1965 2319 patibilis,
1997 2265 2090 2307 aut
2121 2254 2336 2308 domum

792 2355 917 2404 pars
947 2339 1066 2406 ejus
1094 2339 1331 2406 patiendi
1387 2353 1551 2407 capax
1590 2342 1762 2394 altera
1791 2355 1820 2393 a
1857 2343 2203 2410 passionibus
2234 2344 2337 2396 im-

792 2429 971 2481 munis
1007 2447 1016 2479 :
1057 2442 1217 2496 quam
1254 2443 1384 2497 ergo
1416 2442 1480 2482 ex
1510 2429 1594 2483 his
1628 2431 2000 2495 impietatibus
2035 2430 2338 2484 malueritis

755 2497 986 2585 eligite.
1045 2516 1100 2567 Si
1135 2517 1275 2570 enim
1334 2519 1508 2572 solum
1569 2519 1832 2587 patibilis,
1872 2518 2126 2574 Christus
2195 2520 2337 2574 Deus

789 2618 897 2658 non
930 2612 1012 2658 ost
1047 2621 1059 2657 :
1094 2604 1137 2656 si
1172 2606 1280 2672 pati
1316 2606 1556 2670 nescius,
1584 2622 1686 2658 non
1720 2615 1802 2660 est
1831 2606 1994 2686 homo
2029 2623 2040 2657 :
2081 2608 2125 2662 si
2159 2622 2336 2676 quan-

789 2697 963 2764 doque
995 2696 1254 2763 patibilis,
1286 2696 1613 2764 quandoque
1639 2711 1746 2749 non
1769 2698 2033 2764 patibilis,
2085 2705 2335 2750 neutrum

790 2796 982 2841 natura
1053 2787 1210 2839 fuerit
1241 2824 1255 2847 ,
1293 2787 1422 2854 quin
1457 2787 1637 2854 potius
1699 2800 1792 2853 per
1850 2786 2126 2840 accidens.
2179 2785 2334 2850 Quod

776 2877 930 2928 enim
967 2882 1156 2926 natura
1198 2873 1420 2926 insitum
1453 2882 1555 2936 est,
1587 2887 1691 2924 non
1742 2879 2002 2925 mutatur.
2035 2873 2132 2925 Sin
2159 2881 2334 2926 autem

783 2979 920 3031 pars
967 2964 1084 3029 ejus
1153 2963 1320 3014 altera
1372 2960 1610 3028 patiendi
1642 2975 1811 3027 capax
1865 2968 1966 3024 est,
2005 2961 2232 3028 incaan
2264 2961 2338 3012 al-

788 3065 899 3106 tera
937 3069 947 3102 :
984 3060 1175 3119 suapte
1200 3067 1326 3106 vero
1347 3059 1538 3103 natura
1570 3057 1859 3119 utrumque
1885 3059 1969 3104 est
2033 3051 2165 3104 illud
2193 3050 2333 3118 quod

2450 581 2547 646 τῆς
2583 584 2777 649 σαρκὸς
2801 585 2961 637 αὑτοῦ
3001 587 3262 652 λέγοντες,
3294 593 3476 644 εἴπατε
3521 597 3649 662 ἡμῖν
3691 601 3815 664 ποῖα
3844 601 3990 662 eam

2448 669 2476 717 ὁ
2513 668 2740 736 Χριστὸς
2760 674 2986 726 πέπονθε
3013 693 3027 738 ;
3057 678 3133 744 Τῇ
3168 679 3418 748 συνθέτῳ,
3451 684 3604 751 δῆλον
3627 687 3825 751 ἐρεῖτε.
3862 689 3991 739 Μίαν

2449 754 2554 822 γὰρ
2579 756 2839 823 λέγοντες,
2877 761 2933 822 ἐξ
2957 763 3195 832 ἀνάγκης
3224 766 3356 835 αὐτῇ
3389 773 3477 819 καὶ
3520 773 3580 822 τὸ
3614 773 3783 832 πάθος
3842 775 3992 839 ipsa.

2448 843 2630 909 άψετε,
2661 847 2751 896 καὶ
2784 846 2933 900 ἔσται
2978 851 3096 901 καθ’
3136 853 3271 920 ὑμᾶς
3302 856 3389 906 καὶ
3421 858 3453 924 ἡ
3499 858 3686 926 θεότης
3718 862 3813 912 καὶ
3847 865 3881 927 ἡ
3912 863 3992 910 ἀι-

2448 930 2730 1002 θρωπὰτης
2756 934 2845 986 τοῦ
2879 937 3110 1005 Χριστοῦ
3135 941 3362 1010 nom-

2519 1152 2622 1218 p.32
2669 1154 2987 1220 Προτάττειν
3013 1158 3233 1227 σύνηθες
3398 1162 3668 1230 φιλοσόφῳ
3711 1164 3859 1230 λόγῳ
3915 1167 3997 1214 τὸν

2446 1240 2572 1305 περὶ
2624 1241 2917 1308 ποσότητος
2969 1245 3120 1309 λόγον
3149 1247 3240 1297 τοῦ
3273 1250 3397 1314 περὶ
3441 1253 3740 1318 τωιότητος,
3781 1255 3878 1303 καὶ
3909 1256 3994 1320 τὴν

2446 1328 2621 1378 αἰτίαν
2672 1329 3038 1397 προστίθησιν,
3084 1333 3157 1393 ὡς
3179 1333 3306 1386 ἔνθα
3353 1338 3593 1402 ποιότης,
3623 1341 3719 1389 καὶ
3767 1340 3994 1403 Romae

2445 1415 2653 1476 παντως
2687 1417 3106 1487 θεωρηθήσεται.
3146 1423 3205 1472 Ἠ
3229 1424 3332 1490 γὰρ
3362 1426 3589 1493 διαφορὰ
3634 1428 3995 1495 διαφερόντων

2443 1504 2557 1554 ἐστὶ
2587 1504 2835 1575 διαφορά.
2864 1507 2985 1570 Πῶς
3009 1505 3099 1560 οὖν
3133 1513 3426 1579 ποιοτήτων
3441 1515 3716 1565 οὐσιωδῶν
3737 1515 3993 1581 διαφορὰν

2442 1593 2705 1661 λέγοντες,
2751 1595 2858 1646 τῶν
2910 1598 3178 1660 οὖσιωδῶς
3230 1601 3590 1670 διαφερόντων
3618 1604 3712 1654 τὸν
3767 1605 3997 1672 ἀριθμζν

2441 1683 2500 1732 οὐ
2507 1699 2537 1749 χ
2558 1683 2862 1750 ὁμολογεῖτε
2888 1703 2902 1749 ;

2510 1900 2617 1960 μγ’.
2667 1895 2727 1948 El
2780 1896 2878 1964 μία
2905 1899 3062 1965 φύσις
3099 1900 3344 1962 σύνθετος
3401 1903 3490 1953 ἐπὶ
3537 1904 3629 1954 τοῦ
3666 1905 3933 1972 Χριστοῦ,
3966 1908 3995 1973 ἢ

2438 1983 2652 2052 παθητὴ
2687 1984 2836 2037 ἔσται
2871 1987 3048 2055 μόνον,
3096 1989 3127 2056 ἦ
3181 1991 3412 2056 ἀπαθὴς,
3469 1993 3501 2059 ἥ
3548 1993 3996 2062 παθητοατωθὴς.

2438 2075 2530 2124 καὶ
2554 2075 2671 2125 κατ’
2699 2075 2857 2128 αὑτὸν
2888 2077 3172 2148 ἀμφότερα
3198 2097 3210 2109 ο
3239 2081 3270 2149 ἦ
3302 2084 3526 2158 τρεπτὴ,
3585 2085 3678 2134 καὶ
3707 2084 3844 2134 ποτὲ
3901 2085 3996 2150 μὲν

2435 2163 2671 2234 παθητὴ,
2705 2166 2834 2217 ποτὲ
2890 2159 2965 2219 δὲΔ
3001 2167 3234 2238 ἀπαθὴς,
3262 2171 3294 2240 ἢ
3339 2171 3498 2241 μέρος
3526 2173 3693 2240 αὐτῆς
3725 2174 3992 2245 παθητὸν,

2437 2254 2527 2315 καὶ
2563 2256 2727 2325 μέρος
2785 2258 2954 2324 αὐτῆς
3009 2259 3215 2322 ἀπαθές
3243 2278 3256 2292 ο
3289 2262 3404 2314 οἷαν
3447 2258 3538 2313 οὖν
3572 2263 3827 2329 βούλεσθε
3887 2264 3991 2313 τῶν

2435 2343 2695 2396 ἀσεϐειῶν
2724 2345 2928 2399 ἕλεσθε.
2987 2349 3049 2399 Et
3079 2348 3185 2418 γὰρ
3213 2351 3426 2423 παθητῂ
3459 2352 3635 2418 μόνον,
3677 2354 3740 2404 οὗ
3786 2353 3928 2414 Θεὸς
3969 2354 3995 2401 ό

2435 2433 2665 2501 Χριστός
2697 2452 2709 2464 '
2751 2437 2798 2486 εί
2824 2435 2878 2487 δὲ
2911 2437 3124 2508 ἀπαθὴς
3158 2439 3334 2506 μόνον,
3369 2441 3464 2491 οὐκ
3505 2441 3787 2510 ἄνθρωπος
3810 2461 3824 2471 ο
3863 2445 3913 2492 εἰ
3941 2445 3993 2494 δὲ

2434 2523 2564 2573 ποτὲ
2611 2523 2708 2591 μὲν
2746 2524 2980 2594 παθητὴ.
3023 2527 3149 2580 ποτὲ
3189 2527 3244 2579 δὲ
3277 2528 3507 2596 ἀπαθὴς,
3558 2532 3664 2581 οὐδ’
3727 2532 3994 2598 ὁπότερον

2435 2608 2612 2675 φύσει,
2663 2609 2801 2662 κατὰ
2839 2611 3180 2680 συμϐεϐηκὸς
3234 2615 3288 2665 δὲ
3333 2617 3526 2683 μᾶλλόν
3575 2619 3708 2671 ἐστι.
3755 2618 3833 2669 Τὸ
3891 2621 3995 2687 γὰρ

2435 2696 2591 2764 φύσει
2631 2700 2890 2764 πεφυκὸς,
2934 2701 2993 2750 οὑ
3039 2688 3382 2769 μεθίσταται(
3427 2707 3486 2756 Εἰ
3539 2707 3594 2757 δὲ
3625 2709 3789 2775 μέρος
3823 2709 3996 2775 αὐτῆς

2435 2785 2692 2853 παθητὸν,
2729 2788 2822 2838 καὶ
2855 2790 3014 2856 μέρος
3035 2790 3260 2852 ἀπαθὲς,
3302 2791 3457 2859 φύσει
3490 2795 3542 2844 δὲ
3575 2795 3844 2864 ἑκάτερόν
3873 2799 3985 2850 ἐστι

2433 2875 2578 2926 τοῦθ’
2609 2877 2745 2946 ὅπερ
2775 2877 2910 2941 ἐστὶ,
2947 2879 3006 2930 οὐ
3042 2880 3242 2948 ταύτης
3270 2882 3417 2935 ἔσται
3457 2884 3524 2934 τὰ
3577 2886 3718 2954 μέρη
3747 2888 3995 2952 φύσεως,

2434 2963 2526 3012 καὶ
2556 2962 2696 3015 οὕτω
2727 2963 2818 3016 δύο
2843 2965 3030 3032 φύσεις
3075 2967 3224 3019 ἔσται
3253 2971 3282 3020 ὁ
3327 2972 3552 3037 Χριστός
3586 2989 3599 3003 ⁸
3623 2974 3680 3034 ὃς
3732 2977 3795 3026 οὐ
3835 2978 3995 3042 φύσις

2438 3049 2532 3117 μία
2554 3051 2719 3112 ἐστὶν,
2748 3051 2863 3133 ἀλλ’
2889 3054 3183 3120 ὑπόστασις
3225 3059 3322 3125 μία
3345 3057 3592 3123 σύνθετος
3622 3063 3687 3115 ὲκ
3740 3065 3840 3116 δύο
3895 3067 3995 3133 ea-

786 3152 892 3206 est,
926 3158 1033 3195 non
1069 3149 1226 3194 erunt
1279 3150 1458 3209 partes
1491 3139 1739 3208 ejusdem
1793 3148 1999 3193 natura:
2027 3157 2039 3192 :
2069 3147 2230 3210 atque
2257 3141 2332 3193 ita

2438 3155 2592 3203 σεων,
2625 3141 2719 3193 καὶ
2747 3131 2804 3195 ὲν
2829 3144 2948 3196 δυσὶ⁷
2995 3146 3206 3213 φύσεσι,
3245 3150 3451 3202 καὶδύο
3483 3154 3690 3218 φύσεις.
3723 3155 3843 3224 Τὴν
3889 3129 3995 3226 κὰρ

786 3233 1039 3287 Christus
1068 3233 1170 3286 erit
1205 3231 1323 3284 diue
1353 3239 1584 3292 natura,
1624 3231 1753 3300 quia
1788 3248 1896 3287 non
1929 3239 2012 3286 est
2041 3247 2146 3285 una
2176 3241 2332 3284 natu-

788 3337 870 3384 ra,
902 3323 994 3375 sed
1023 3337 1129 3374 una
1173 3321 1485 3389 hypostasis
1526 3322 1827 3390 composita
1859 3337 1923 3375 ex
1960 3323 2171 3376 naturis
2201 3321 2333 3375 dua-

785 3413 908 3465 bus.
943 3412 1194 3464 Eamdcm
1244 3412 1438 3480 quippe
1479 3422 1737 3464 naturam
1775 3412 1937 3464 simul
1969 3422 2022 3465 et
2055 3412 2329 3480 patibilem

2434 3231 2602 3298 αὐτὴν
2623 3233 2781 3298 φύσιν
2809 3234 3058 3304 παθητὴν
3090 3236 3206 3305 ἅμα
3245 3239 3337 3290 καὶ
3370 3240 3550 3309 ἀπαθῆ
3578 3239 3720 3294 εἶναι
3761 3245 3989 3312 ἀμήχα-

2436 3336 2523 3372 νον
2549 3337 2562 3350 ο
2595 3321 2701 3373 τῶν
2737 3323 2987 3375 ἐναντίων
3013 3325 3120 3393 γὰρ
3142 3327 3413 3380 οὑσιωδῶν
3454 3329 3728 3398 διαφορῶν
3763 3332 3998 3400 δεκτικὴ

2436 3406 2572 3463 εἶναι
2610 3412 2705 3477 μία
2740 3414 2833 3466 καὶ
2855 3417 2887 3483 ἡ
2924 3415 3060 3484 αὐτὴ
3095 3417 3251 3483 φύσις
3269 3419 3328 3470 οὐ
3358 3419 3597 3475 δύναται.

769 3517 909 3554 .cssc
940 3510 992 3553 ct
1024 3516 1129 3553 non
1165 3501 1441 3569 patibilem
1489 3502 1828 3570 impossibile
1862 3509 1944 3556 est
1975 3522 1986 3555 :
2023 3517 2125 3555 una
2191 3499 2456 3570 siquidem
2525 3497 2821 3574 eademque
2865 3514 3057 3560 natura
3100 3511 3405 3563 contrarias
3460 3511 3798 3568 differentias
3868 3515 3998 3568 sub-

772 3589 1069 3643 stantiales
1099 3589 1340 3658 recipere
1367 3603 1471 3641 non
1501 3596 1698 3655 potest.

856 3762 944 3816 Η.
981 3763 1038 3815 In
1091 3761 1238 3815 omni
1293 3759 1516 3824 uniOne,
1548 3776 1672 3830 quae
1735 3764 2021 3828 uuiuntur,
2079 3764 2328 3831 quamvis

770 3851 1214 3916 confundantur,
1268 3851 1516 3918 quamvis
1569 3851 2018 3919 permisceantur,
2084 3859 2328 3916 manent,

785 3949 892 3996 uta
941 3948 1132 3993 natura
1185 3938 1399 4008 prapria
1457 3939 1592 3992 nihil
1639 3940 1968 3994 desciscant.
2003 3938 2155 3994 Licet
2183 3941 2327 3994 enim

785 4031 972 4085 vinum
1005 4026 1372 4092 admisceatur
1405 4041 1578 4096 aquae,
1614 4027 1965 4081 duaenaturre
1996 4037 2123 4082 sunt
2155 4029 2209 4081 in
2237 4029 2327 4081 illa

783 4119 1181 4188 temperatione
1213 4135 1226 4169 :
1269 4131 1394 4171 cera
1451 4132 1669 4187 quoquc
1704 4127 1756 4171 et
1782 4118 1870 4186 pix
1907 4118 2034 4172 licet
2086 4117 2334 4172 confuse

778 4211 917 4273 sint,
965 4215 1218 4263 neutrum
1261 4213 1441 4260 tamen
1501 4221 1531 4259 α
1559 4216 1752 4260 natura
1782 4223 1878 4262 sua
1908 4210 2128 4272 excidit,
2151 4211 2246 4264 sed
2278 4211 2332 4264 in

780 4298 1032 4353 mistiono
1058 4296 1398 4351 natm-induat
1418 4297 1736 4364 persistunt.
1755 4296 1995 4353 Tametsi
2020 4300 2165 4352 enim
2184 4300 2333 4352 unita

778 4394 929 4449 sunt,
962 4399 1062 4439 nec
1090 4383 1379 4451 quodlibet
1397 4397 1585 4438 eorum
1623 4385 2009 4450 proprietatem
2035 4401 2190 4438 suam
2218 4401 2316 4454 pu-

2505 3779 2606 3848 μδν.
2651 3780 2771 3834 Ἐπὶ
2796 3781 2972 3850 πάσης
3015 3782 3277 3848 ὲνὼσεως,
3327 3785 3586 3853 ἐνούμενα
3619 3789 3721 3838 κᾶν
3751 3795 3999 3856 συγκέη-

2432 3860 2543 3929 ται,
2569 3865 2669 3920 κᾶν
2701 3871 3075 3938 συγκιρνᾶται,
3114 3870 3262 3939 μένει
3289 3873 3387 3940 τῆς
3414 3872 3616 3934 οἰκείας
3648 3874 3724 3944 μὴ
3766 3876 3996 3938 ἐξιστα-

2437 3971 2570 4024 μενα
2593 3956 2821 4034 φύσεως.
2847 3957 2963 4011 Κᾶν
2986 3975 3045 4010 τε
3067 3958 3174 4026 γὰρ
3202 3956 3340 4022 alvo;
3379 3961 3529 4014 ὕδατι
3564 3964 3761 4033 κρατῇ,
3790 3968 3854 4017 αἱ
3907 3967 3997 4016 δύο

2433 4045 2621 4110 φύσεις
2645 4046 2782 4097 εἰσὶν
2803 4046 2862 4097 ἐν
2893 4045 2970 4114 τῷ
2991 4047 3230 4115 κράματι
3263 4063 3277 4078 ο
3317 4049 3409 4100 καὶ
3453 4049 3618 4118 κηρὸς
3655 4052 3748 4101 καὶ
3795 4053 3996 4114 πίσσα,

2435 4135 2482 4184 εί
2507 4133 2601 4184 καὶ⁸
2622 4133 2968 4201 συγκέχυται,
2997 4132 3113 4187 ἀλλ’
3130 4134 3405 4203 οὐδέτερον
3427 4137 3522 4205 τῆς
3562 4139 3764 4201 οἰκείας
3788 4139 3997 4209 ὲξέστη

2435 4219 2667 4286 φύσεως,
2693 4221 2808 4273 ἀλλ’
2827 4224 2886 4273 ἐν
2899 4221 2975 4292 τῷ
2999 4223 3226 4292 μίγματι
3248 4227 3305 4278 αἱ
3329 4225 3422 4278 δύο
3440 4227 3750 4296 διαμένουσι
3774 4230 3997 4296 φύσεις.

2436 4307 2498 4360 Εἰ
2523 4310 2629 4379 γὰρ
2652 4312 2747 4363 καὶ
2773 4311 3027 4380 ῆνωνται,
3057 4312 3150 4364 καὶ
3181 4313 3279 4383 τὴν
3302 4316 3506 4366 οἰκείαν
3542 4316 3772 4369 ἕκαστον
3826 4318 3999 4370 ινδιξ-

2438 4412 2626 4447 κνυται
2671 4397 2902 4466 ίδιότητα
2926 4399 3167 4466 καθαρὰν
3194 4401 3286 4454 καὶ
3317 4401 3590 4470 ἀλώϐητον
3621 4403 3708 4455 διὰ
3729 4404 3833 4472 τὴν
3859 4407 3998 4474 πρὸς

780 4491 892 4529 ram
935 4486 989 4528 et
1039 4475 1298 4542 integram
1345 4473 1617 4539 perbibet,
1673 4481 1892 4541 propter
1948 4472 2326 4528 conlusionem

2433 4486 2493 4535 τὸ
2543 4484 2739 4537 ἑνωθὲν
2773 4484 3028 4554 σύγχυσίν
3051 4503 3109 4538 τε
3139 4489 3232 4541 καὶ
3281 4488 3602 4558 σύγκρασιν,
3657 4491 3775 4543 ἀλλ’
3822 4472 3998 4560 ὅμως

777 4564 1323 4630 commistionemque
1372 4577 1494 4614 cum
1541 4577 1606 4614 eo
1639 4563 1726 4615 cui
1759 4564 1971 4615 unitum
1997 4573 2100 4624 est,
2131 4564 2329 4618 nihilo-

778 4654 958 4707 minus
1012 4651 1433 4720 unumquodque
1480 4651 1611 4704 illud
1660 4660 1744 4704 est
1800 4654 1946 4718 quod
2006 4654 2157 4719 prius
2187 4640 2344 4717 erat,

777 4740 1020 4808 adeoque
1055 4741 1173 4793 dua:
1227 4751 1458 4803 naturae,
1511 4756 1619 4794 non
1665 4755 1791 4801 una,
1837 4753 2132 4795 censentur
2166 4743 2322 4796 abiis

773 4830 865 4897 qui
899 4823 1289 4897 taliajudicare
1322 4840 1543 4882 nerunt.
1606 4826 1805 4896 Ecquis
1828 4830 1969 4882 enim
2009 4831 2236 4899 ignorat,
2269 4833 2324 4884 in

774 4921 898 4970 vino
927 4926 980 4970 et
1044 4931 1182 4984 aqua
1233 4917 1411 4971 mistis
1455 4917 1592 4970 duas
1628 4925 1853 4972 naturas
1889 4933 2012 4971 esse
2039 4920 2060 4970 ?
2084 4919 2239 4983 Quod
2273 4923 2316 4975 si

770 5009 935 5075 igitur
989 5006 1102 5058 haec
1159 5006 1232 5057 ita
1272 5021 1328 5058 se
1361 5005 1582 5068 habent,
1629 5019 1736 5073 qua
1798 5004 1862 5058 de
1900 5019 2066 5058 causa
2107 5023 2201 5060 vos
2226 5010 2315 5076 qui

768 5077 1064 5148 discrimen
1091 5095 1301 5159 sciatis,
1334 5104 1769 5163 naturarumque
1805 5096 2160 5163 pmprietates
2189 5112 2318 5150 con-

771 5185 1047 5245 ﬁteamini,
1102 5198 1264 5235 unam
1316 5194 1368 5236 et
1401 5198 1504 5235 non
1543 5183 1679 5236 duas
1729 5184 2192 5249 pra'dicetis?cur
2222 5200 2319 5239 nec

768 5271 929 5322 rebus
968 5285 1088 5337 qua:
1129 5270 1276 5321 nullo
1304 5279 1462 5336 pacto
1497 5268 1930 5332 confunduntur,
1964 5286 2024 5323 ea
2055 5272 2312 5323 concedi-

2388 4602 2392 4605 -
2434 4572 2572 4623 κατὰ
2599 4571 2757 4638 φύσιν
2775 4572 3023 4632 ἕκαστον,
3047 4575 3181 4644 ὅπερ
3202 4571 3269 4642 ἦν
3308 4576 3464 4628 τοῦτό
3483 4578 3614 4639 ἔστι,
3639 4579 3732 4629 καὶ
3757 4578 3862 4629 δύο
3893 4580 4003 4645 φύ-

2434 4674 2567 4718 σεις,
2592 4660 2652 4708 οὑ
2688 4657 2804 4725 μία,
2847 4663 2958 4721 τοῖς
2987 4663 3149 4713 εἰδόσι
3180 4664 3382 4731 κρίνειν
3413 4663 3482 4715 τὰ
3514 4667 3689 4718 τοιάδε
3734 4666 3998 4731 λογίζον-

2428 4762 2539 4797 ται.
2568 4747 2663 4806 Τίς
2700 4749 2806 4817 γὰρ
2833 4749 2931 4800 οὐκ
2950 4745 3106 4814 οἶδεν,
3136 4750 3211 4812 ὼς
3227 4755 3284 4803 ἐν
3318 4751 3395 4820 τῷ
3423 4753 3480 4818 ἐξ
3505 4756 3642 4806 οἴνου
3674 4757 3764 4806 καὶ
3795 4756 4001 4820 ὓδατος

2428 4834 2668 4901 κράματι
2694 4836 2788 4888 δύο
2809 4839 2997 4904 φύσεις
3027 4840 3161 4895 είσίν
3184 4858 3196 4905 ;
3222 4843 3284 4893 Et
3313 4842 3404 4894 οὖν
3437 4843 3608 4894 ταῦτα
3640 4844 3818 4905 οὕτως
3853 4846 3994 4914 ἔχει,

2428 4923 2542 4985 πῶς
2567 4924 2724 4992 ὑμεῖς
2753 4928 2845 4978 καὶ
2883 4929 2980 4997 τὴν
3004 4930 3263 4999 διαφορὰν
3281 4917 3495 4994 ειδότες,
3524 4932 3615 4983 καὶ
3641 4932 3740 4993 τὰς
3789 4933 4001 5001 ἰδιότη-

2425 5030 2521 5074 τας
2545 5014 2930 5080 ὁμολογοῦντες
2958 5018 3064 5069 τῶν
3097 5018 3328 5084 φύσεων,
3363 5021 3488 5087 μίαν
3541 5019 3742 5084 ταύτην
3789 5023 3900 5073 καὶ
3932 5025 3995 5075 οὐ

2423 5100 2512 5152 δύο
2572 5103 2904 5170 κηρύττετες
2956 5106 3050 5158 καὶ⁵
3084 5107 3202 5158 οὐδὲ
3245 5109 3311 5158 τὰ
3348 5107 3448 5173 τῆς
3507 5108 3825 5174 συγχύσεως
3877 5113 3998 5171 τοὶς

2421 5188 2739 5256 ἀσυγχύτοις
2763 5192 2997 5256 etwa-:5;
3035 5194 3190 5245 Ἀλλὰ
3210 5195 3389 5261 δῆλον,
3413 5195 3486 5255 ὡς
3503 5196 3706 5263 τροπὴν
3725 5197 3823 5246 καὶ
3847 5198 3994 5263 ἀφα-

2371 5334 2373 5337 .
2414 5277 2622 5344 νισμὸν,
2661 5281 2754 5330 καὶ
2781 5283 3135 5334 συνουσίωσιν
3156 5285 3370 5335 ὠδίνετε
3399 5285 3513 5349 μὲν,
3557 5285 3633 5343 είς
3665 5284 3993 5351 τούμφανὲς

766 5361 856 5420 tis,
915 5374 1034 5427 qua:
1094 5359 1338 5412 confusis
1395 5358 1906 5411 conveniunt?sed
1959 5359 2306 5412 manifestum

2428 5365 2465 5414 se
2494 5365 2752 5434 προάγειν
2776 5368 3004 5437 ὲντροπῇ
3039 5369 3148 5436 τῆς
3172 5370 3424 5430 ἀσεϐείας
3452 5370 3511 5421 οὐ
3548 5368 3838 5435 βούλεσθε.

764 5455 844 5499 est
877 5461 991 5508 vos,
1024 5447 1464 5507 demutationem,
1516 5445 2062 5516 exstinctionemque,
2105 5455 2159 5500 ct
2182 5461 2340 5501 consu

2428 5453 2800 5507 Iantiationem
2833 5457 3154 5522 parturire;
3223 5456 3278 5509 in
3332 5462 3576 5524 apertum
3652 5462 3790 5510 vero
3859 5469 3993 5525 pro-

758 5540 904 5593 ferre
946 5555 1048 5588 non
1087 5539 1268 5602 vultis,
1298 5539 1593 5608 impietatis
1628 5547 1809 5592 notam
1843 5540 2015 5592 veriti.

831 5625 918 5677 λὺ.
950 5627 1076 5688 Quae
1103 5626 1384 5705 uniuntur,
1411 5625 1650 5679 unitione
1676 5625 1808 5680 fiunt
1832 5641 2022 5691 unum,
2051 5641 2152 5681 non
2179 5635 2300 5695 post

2477 5635 2577 5696 με’.
2619 5627 2697 5680 Τὰ
2724 5628 3004 5700 ἑνούμενα,
3037 5632 3098 5701 τῆ
3138 5626 3333 5682 lubeat
3365 5629 3572 5697 γίνεται
3612 5629 3690 5695 ἓν,
3729 5629 3798 5682 οὐ
3838 5628 3982 5696 μετὰ
