4156 6436
727 391 886 460 1459

1928 396 1988 454 S.
2024 390 2344 455 JOANNIS
2377 390 2805 451 DAMASCENI

3871 381 3991 443 1460

740 507 1050 570 σῖὶεὶιυιιςιιι
1066 504 1207 559 alius
1229 502 1530 559 secundant
1548 504 1864 570 sesit,sicut
1891 515 1971 560 est
1992 508 2106 575 ipsa
2130 519 2320 559 nume-

2424 499 2604 560 άπτει,
2638 498 2752 552 ἀλλ’
2787 497 3073 567 ἀμφότερα
3106 495 3318 564 δέχεται
3341 512 3355 524 ”
3401 486 3512 545 οἷον
3541 494 3576 560 ὴ
3613 491 3773 553 δυὰς,
3804 491 3855 542 εί
3905 492 3991 558 μὲν

745 595 787 644 ri
827 600 1025 645 natura
1050 629 1067 656 ,
1099 589 1243 645 alius
1274 590 1329 645 in
1362 592 1628 645 relatione
1658 603 1714 647 et
1746 592 1799 646 in
1832 595 1947 663 ipsa
1973 609 2029 648 re
2058 594 2313 648 conside-

744 689 920 745 retur,
971 680 1121 735 sicut
1156 681 1341 736 album
1378 690 1485 744 est,
1514 695 1640 736 cum
1680 683 1873 738 albetlo
1909 688 2050 753 ipsa,
2086 694 2199 739 tum
2226 700 2314 742 res

744 769 1039 835 uealbata;
1087 771 1206 840 ipsa
1237 771 1421 840 itaque
1470 772 1682 826 numeri
1719 780 1911 825 natura
1960 788 2060 826 nec
2087 773 2311 839 dividit,

745 877 847 917 nec
881 862 1139 933 copulat,
1172 861 1267 919 sed
1303 869 1596 933 utrumque
1622 864 1815 933 recipit
1844 883 1857 918 :
1892 877 1951 917 ut
1998 875 2126 935 puta
2163 865 2315 921 bina-

745 955 888 1021 rius,
913 954 1183 1024 siquidem
1215 954 1460 1011 unitates
1491 970 1556 1009 ex
1586 956 1791 1025 quibus
1816 967 2058 1020 constat,
2079 968 2314 1028 spectes,

748 1046 806 1099 in
854 1061 950 1102 eas
1004 1047 1290 1101 dividitur.
1332 1048 1450 1102 Duo
1482 1048 1628 1102 enim
1682 1049 2006 1105 dividuntur
2041 1053 2095 1106 in
2146 1067 2313 1105 unum

746 1143 801 1188 et
841 1152 1033 1190 unum.
1068 1137 1164 1192 Sin
1199 1153 1328 1191 vero
1354 1138 1550 1192 harum
1587 1154 1859 1195 summam
1904 1143 2199 1211 inspicias,
2248 1160 2315 1197 ex

748 1224 838 1280 his
883 1226 1067 1296 potius
1112 1227 1417 1296 colligatur.
1473 1225 1653 1282 Unum
1703 1230 1969 1299 siquidem
2019 1238 2073 1285 et
2125 1248 2313 1298 unum,

750 1314 861 1368 duo
901 1323 1051 1369 sunt.
1103 1314 1219 1368 Duo
1250 1324 1303 1368 et
1338 1316 1449 1370 duo
1471 1356 1485 1382 ,
1515 1328 1768 1386 quatuor.
1825 1316 2180 1387 Rursumque
2212 1336 2317 1372 nu—

750 1420 933 1459 merus
971 1420 1079 1459 non
1111 1414 1196 1460 est
1235 1406 1467 1470 divisio,
1506 1408 1598 1460 sed
1629 1406 1845 1476 signum
1878 1424 1989 1477 quo
2038 1413 2318 1479 quantitas

749 1494 1131 1562 stthjectorum
1155 1495 1489 1561 declaratur,
1516 1495 1632 1549 sive
1652 1497 1825 1563 unita,
1848 1500 2155 1554 sivedivisa
2179 1500 2317 1566 sint;

748 1584 952 1653 quippe
1006 1600 1124 1652 qua:
1161 1583 1319 1662 aliam
1367 1584 1439 1638 ob
1485 1599 1749 1649 causam,
1783 1602 1889 1640 non
1933 1603 2059 1642 vero
2100 1598 2319 1658 pmpter

754 1690 1080 1740 numerum,
1137 1675 1459 1730 dividuntur
1517 1686 1609 1729 aut
1661 1681 2008 1747 copulantur.
2068 1680 2319 1737 Dicentes

750 1766 897 1820 enim
922 1807 937 1829 ,
972 1768 1157 1821 decem
1193 1768 1407 1821 cubitos
1450 1768 1613 1837 hujus
1641 1770 1767 1838 ligni
1790 1788 1839 1823 v.
1864 1787 1928 1840 gr
1968 1773 2113 1842 quod
2143 1776 2318 1828 conti-

2416 593 2515 653 τὰς
2556 589 2810 659 μονάδας,
2847 588 2905 654 ἐξ
2931 581 3005 640 ὧν
3035 587 3369 645 συνίσταται,
3411 584 3655 645 σκοπεῖς,
3696 583 3782 643 είς
3836 578 3991 632 ταῦτα

2416 681 2721 753 διαιρεῖται.
2758 682 2799 733 Τ
2805 682 2837 733 ὰ
2885 681 2995 750 γὰρ
3037 680 3151 739 δύο,
3178 678 3469 747 διαιρεῖται
3497 677 3578 737 εἰς
3607 674 3667 727 ἓν
3694 673 3795 725 καὶ
3826 672 3907 725 ἐν.
3939 670 3989 723 ΕΙ

2416 778 2472 829 δὲ
2501 776 2704 828 τούτων
2735 774 2834 843 τὴν
2862 772 3034 841 opaea
3062 770 3305 838 θεωρεῖς,
3330 770 3392 820 ἐκ
3411 766 3619 820 τούτων
3652 762 3863 834 μᾶλλον
3886 779 3993 814 σαν-

2418 869 2651 920 ἀπτεται
2672 882 2685 895 ·
2719 864 2776 917 ἓν
2802 864 2909 932 γὰρ
2938 862 3030 913 καὶ
3053 860 3133 923 ἓν,
3164 859 3258 912 δύο
3277 875 3290 888 ⁸
3326 859 3420 911 δύο
3461 857 3560 910 οιαὶ
3585 856 3706 918 δύο,
3738 855 3991 922 τέσσαρα.

2416 956 2528 1008 Καὶ
2566 954 2727 1007 πάλιν
2759 956 2785 1005 δ
2814 950 3066 1022 ἀριθμὸς,
3096 949 3157 1002 οὐ
3210 947 3473 1016 διαίρεσίς
3519 948 3693 1008 ἐστιν,
3728 943 3870 995 ἀλλά
3913 959 3992 1011 ση-

2422 1048 2571 1117 μεῖον
2618 1043 2913 1115 δηλωτικὸν
2946 1041 3040 1095 τοῦ
3084 1040 3251 1092 ποσοῦ
3298 1038 3407 1091 τῶν
3453 1036 3867 1107 προκειμένων,
3897 1034 3993 1086 εὔιε

2420 1136 2731 1206 ἡνωμένων,
2764 1135 2872 1187 εἴτε
2907 1130 3275 1202 διῃρημένων,
3303 1127 3463 1181 ἄλλου
3495 1126 3679 1194 λόγου,
3710 1126 3810 1178 καὶ
3831 1125 3891 1176 οὐ
3912 1122 3994 1175 τοῦ

2420 1227 2653 1300 ἀριθμοῦ
2681 1226 2852 1279 ταῦτα
2875 1224 3232 1295 διαιροῦντος,
3255 1223 3289 1291 ἢ
3316 1221 3704 1280 συνάπτοντος.
3732 1217 3879 1269 Δὲκα
3901 1214 3996 1283 γὰρ

2422 1322 2615 1388 πήχεις
2663 1315 2909 1383 λέγοντες
2963 1313 3114 1367 τοῦδε
3159 1311 3254 1365 τοῦ
3310 1311 3465 1375 ξύλου
3511 1308 3700 1377 τυχὸν,
3754 1303 3998 1373 συνεχοῦς

2420 1411 2590 1473 δντος,
2622 1410 2682 1460 ού
2721 1404 3132 1476 συνδιαιροῦμεν
3177 1401 3254 1473 τῷ
3283 1401 3503 1471 ἀριθμῷ
3546 1401 3640 1452 καὶ
3693 1398 3801 1466 τὴν
3845 1398 3903 1447 ἐν
3931 1394 3997 1462 τῷ

2420 1502 2716 1569 δεκαπήχει
2762 1497 2905 1566 ξύλῳ
2956 1497 3182 1565 ἑνότητα
3204 1509 3217 1522 ·
3270 1493 3363 1545 καὶ
3398 1491 3562 1543 πάλιν
3591 1490 3730 1541 δέκα
3761 1487 3999 1554 φοίνικας

2421 1593 2689 1660 λέγοντες,
2715 1591 2772 1641 ἐν
2797 1586 3062 1658 διαιρέσει
3086 1585 3309 1646 τούτους
3342 1580 3687 1650 ἐπιστάμεθα
3705 1597 3722 1609 ο
3771 1580 3871 1630 καὶ
3918 1578 4001 1630 ἕνα

2427 1685 2625 1755 μόδιον,
2662 1681 2807 1735 σίτου
2855 1678 3036 1747 τυχὸν,
3078 1677 3110 1747 ἢ
3147 1676 3425 1742 φοινίκων,
3455 1672 3732 1738 λέγοντες,
3766 1672 3827 1721 ἐν
3875 1669 3999 1721 διαι-

2426 1781 2570 1851 ρέσει
2614 1779 2740 1838 τοὺς
2784 1775 2861 1844 τῷ
2893 1773 3059 1845 μοδίῳ
3100 1770 3460 1841 ἀνεχομένους
3491 1770 3727 1828 κόκκους
3761 1766 3998 1833 οἴδαμεν.

751 1872 922 1910 nuum
958 1864 1078 1921 est,
1120 1872 1230 1911 non
1282 1857 1510 1925 proinde
1540 1859 1843 1918 dividimus
1886 1865 2152 1919 unitatem
2186 1866 2312 1935 ligni

2422 1836 2531 1921 ίίαὶ
2578 1869 2627 1920 εί
2684 1836 2781 1935 μέν
2893 1836 3143 1933 ’ἀριθμὸς
3197 1836 3539 1929 ἐπιφημισθῇ
3572 1854 3830 1923 φύσεσιν,
3862 1854 3923 1905 οὺ
3952 1855 4003 1905 τὺ

753 1948 1230 2002 decemcubitalis.
1273 1949 1351 2003 Ac
1385 1964 1577 2005 rursus
1609 1966 1732 2005 cum
1774 1952 1958 2008 decem
1993 1957 2205 2027 palmas
2234 1959 2316 2011 di-

754 2040 974 2105 cimus,
1010 2039 1216 2094 divisas
1271 2054 1365 2095 eas
1417 2044 1714 2098 novimus:
1751 2046 1991 2115 itemque
2040 2064 2162 2103 curn
2207 2068 2319 2103 ηιθ-

751 2130 900 2183 dium
943 2145 1146 2195 unum,
1176 2131 1345 2184 tritici
1383 2141 1543 2199 puta,
1584 2134 1667 2187 vel
1718 2135 2088 2205 dactylorum.
2132 2141 2317 2196 divisa

755 2222 1030 2275 contineri
1051 2236 1221 2292 grana
1240 2221 1295 2274 in
1319 2224 1499 2277 modio
1517 2225 1746 2279 scimus.
1768 2227 2035 2291 Quocirca
2056 2232 2100 2285 si
2127 2248 2317 2288 nume-

752 2327 850 2365 rus
878 2311 1045 2382 ωε
1078 2312 1145 2371 de
1177 2314 1388 2369 naturis
1431 2318 1770 2379 enuntiatur,
1805 2335 1912 2373 non
1949 2326 2315 2390 quantitatem

751 2416 940 2457 earum
964 2405 1362 2473 principaliter,
1390 2407 1482 2461 sed
1505 2411 1723 2476 generis
1746 2411 2040 2468 disrrimen
2058 2420 2315 2472 ostendit.

752 2495 887 2548 Cum
921 2496 1067 2549 enim
1104 2496 1282 2562 bovis,
1318 2499 1552 2567 exempli
1601 2503 1798 2569 gratia,
1839 2513 1892 2556 et
1925 2508 2048 2574 equi
2092 2519 2317 2566 naturas

752 2586 892 2639 duas
934 2586 1207 2648 dicimus,
1242 2605 1355 2643 non
1401 2590 1730 2646 divisionem
1783 2611 1969 2649 eorum
2015 2604 2318 2657 secundum

753 2677 1149 2745 quantitatem,
1174 2680 1270 2738 sed
1304 2683 1609 2750 specierum
1636 2685 2008 2742 diversitatem
2040 2692 2319 2761 signiﬁca-

754 2781 897 2822 mus.
928 2767 1067 2824 Trcs
1108 2786 1240 2825 vero
1281 2788 1452 2840 equos
1489 2783 1584 2828 aut
1630 2777 1884 2833 homines
1935 2780 2188 2847 dicendo,
2228 2784 2324 2839 Pe-

755 2860 922 2920 trum,
983 2875 1033 2913 v.
1066 2876 1173 2929 gr.,
1225 2858 1492 2917 Iacobum
1523 2902 1536 2924 ,
1566 2873 1619 2918 et
1646 2863 1911 2921 Joannem
1939 2911 1953 2933 ,
1991 2868 2319 2927 divisionem

754 2948 929 3010 magis
983 2963 1171 3002 eorum
1219 2949 1603 3014 declaramus,
1639 2954 1899 3023 quodque
1948 2955 2001 3009 hi
2056 2967 2134 3010 tot
2176 2960 2320 3024 sint,

753 3050 859 3089 non
894 3040 1036 3105 quod
1070 3039 1181 3094 sint
1226 3041 1564 3096 istiusmodi.
1612 3041 1726 3095 lmo
1758 3044 1810 3097 in
1844 3053 2033 3100 sancta
2082 3056 2134 3101 et
2190 3067 2323 3104 eun-

2417 1958 2583 2012 ποσὸν
2628 1954 2810 2008 αὐτῶν
2856 1953 3303 2023 προηγουμένως,
3331 1949 3391 2002 τὸ
3433 1948 3490 2000 δὲ
3524 1945 3820 2012 ἁλλογενές
3857 1961 4005 2013 παρα

2422 2051 2622 2119 ίστησι.
2658 2046 2786 2108 Βοδς
2818 2046 2927 2115 γὰρ
2957 2044 3122 2113 τυχὸν
3154 2042 3247 2094 καὶ
3276 2041 3446 2092 ἵππου
3483 2037 3575 2090 δύο
3619 2037 3883 2104 λέγοντες
3913 2036 4007 2104 qi;-

2420 2160 2551 2208 σεις,
2585 2141 2645 2194 ού
2676 2141 2775 2210 τὴν
2806 2139 2946 2192 κατὰ
2966 2136 3027 2189 τὸ
3055 2134 3217 2189 ποσὸν
3249 2132 3427 2185 αὐτῶν
3458 2131 3749 2200 διαίρεσιν,
3779 2126 3923 2181 ἀλλὰ
3949 2128 4006 2177 τὸ

2419 2234 2563 2287 καεᾶ
2605 2230 2663 2283 τὸ
2711 2225 2850 2291 εἶδος
2876 2225 3328 2297 παρηλλαγμένον
3358 2222 3718 2292 σημαίνομεν.
3757 2221 3927 2289 Τρεῖς
3953 2218 4007 2270 δὲ

2421 2326 2622 2385 ἵππους
2677 2319 2709 2391 ἢ
2761 2318 3078 2387 ἀνθρώπους
3126 2315 3397 2383 λέγοντες,
3430 2312 3635 2381 Πέτρον
3690 2309 3888 2378 τυχὸν,
3916 2309 4009 2361 καὶ

2434 2414 2709 2475 Ἰάκωεον,
2743 2412 2835 2463 καὶ
2874 2410 3147 2476 Ἰωάννην,
3174 2406 3238 2459 τὸ
3285 2403 3613 2474 διῃρημένον
3652 2400 3865 2470 μᾶλλον
3912 2399 4009 2451 αὕ-

2421 2509 2550 2568 τῶν,
2580 2508 2673 2560 καὶ
2719 2504 2793 2566 ὡς
2833 2503 2893 2556 οὐ
2932 2499 3145 2562 τοιοίδε,
3176 2498 3323 2551 τόσοι
3367 2496 3423 2548 δέ
3466 2492 3666 2564 μᾶλλον
3713 2490 4009 2560 δηλοῦμεν.

2424 2602 2530 2654 Καὶ
2561 2602 2653 2652 ἐπὶ
2684 2598 2781 2668 μὲν
2806 2596 2905 2663 τῆς
2934 2594 3095 2661 ἁγίας
3128 2591 3223 2644 καὶ
3260 2588 3545 2658 ὁμοουσίου
3591 2584 3831 2656 Τριάδος
3866 2585 4012 2651 τρεξ

2421 2693 2518 2753 τὰς
2546 2690 2872 2749 ὑποστάσεις
2896 2684 3274 2755 κηρύττοντες,
3304 2679 3433 2749 μίαν
3460 2677 3666 2730 τούτων
3698 2675 3901 2727 οὐσίαν
3924 2674 4016 2723 καὶ

2424 2781 2583 2850 φύσιν
2617 2774 3007 2845 ὁμολογοῦμεν.
3026 2773 3149 2825 Ἐπὶ
3187 2768 3243 2822 δέ
3276 2785 3339 2836 γε
3368 2771 3466 2836 τῆς
3497 2765 3773 2836 σωτηρίου
3801 2765 4009 2815 οἰκονο-

2428 2873 2572 2940 μίας,
2607 2867 2699 2919 δύο
2738 2865 2988 2932 λέγοντες
3032 2860 3243 2929 φύσεις,
3270 2859 3333 2910 τὸ
3366 2855 3664 2925 ἑτεροειδὲς
3713 2852 3931 2914 αὐτῶν,
3956 2850 4014 2902 οὗ

2423 2962 2484 3013 τὸ
2517 2955 2917 3028 κεχωρισμένον
2952 2951 3312 3021 σημαίνομεν,
3348 2948 3422 3010 ὡς
3453 2948 3631 2998 ἐκεῖσε
3666 2944 3780 2995 τῶν
3815 2941 4017 2994 οὐσιῶν

2423 3054 2513 3106 τὸν
2557 3048 2810 3119 ἀριθμὸν,
2843 3042 2944 3097 κᾶν
2993 3040 3232 3112 μηδεμία
3280 3038 3579 3097 ὑπόστασις
3610 3036 3701 3103 εἴη
3735 3033 4015 3095 ἀνούσιος,

752 3129 1101 3182 substantiali
1131 3130 1409 3183 Triuitate
1444 3133 1526 3186 sic
1558 3142 1670 3187 tres
1707 3134 2028 3203 hypostases
2056 3142 2319 3207 pradica-

2425 3144 2566 3197 οὕτω
2598 3136 2877 3193 κάνταῦθα
2900 3133 3007 3186 τῶν
3036 3130 3404 3193 ὑποστάσεων,
3435 3128 3537 3180 κᾶν
3570 3125 3825 3195 μηδεμία
3858 3123 4019 3191 φύσις

753 3234 896 3279 mus,
930 3228 988 3272 ut
1021 3236 1182 3273 unam
1213 3234 1400 3275 earum
1434 3231 1684 3277 naturam
1722 3235 1775 3279 et
1804 3227 2166 3283 substantiam
2192 3250 2308 3288 con-

2431 3235 2797 3290 ἀνυπόστατος
2830 3225 2933 3295 εἴη,
2972 3222 3195 3283 δικαίως
3223 3217 3592 3277 ἐκϐάλλοντες.

650 4944 657 4950 ⁷
753 4946 899 5012 jecta
928 4945 1070 4998 inter
1096 4960 1259 4999 unam
1293 4957 1347 4998 et
1378 4944 1515 4999 duas
1546 4954 1879 5013 assumatur,
1911 4948 2049 5004 hanc
2075 4950 2322 5005 declara-

753 3315 1028 3369 ﬁteamur.
1060 3316 1327 3381 Quocirca
1364 3320 1417 3371 in
1470 3319 1696 3373 salutari
1748 3322 2161 3393 incarnatione,
2225 3347 2321 3386 cun

2424 3341 2655 3387 naturas
2718 3326 2852 3378 duas
2920 3318 3288 3389 proferimus,
3344 3312 3723 3367 diversitatem
3790 3319 4011 3360 earum.

752 3424 862 3461 "0"
938 3410 1334 3478 separali‘mem
1413 3411 1823 3480 εῑεηίίίοθηιιιες
1886 3424 1946 3469 ul
2012 3424 2465 3487 quemadmodum
2538 3421 2653 3475 illic
2744 3400 3037 3470 nttmerum'
3112 3406 3545 3479 substantiarum
3629 3399 4015 3453 excludimus.

752 3500 963 3553 ίθωθίδί
1016 3500 1166 3553 "una
1224 3502 1537 3571 ¹¹ΥΡ⁰ει³είε
1592 3504 1917 3559 substantiae
1968 3523 2161 3578 expers
2206 3514 2315 3577 sit,
2392 3511 2758 3569 consimiliter
2811 3515 3099 3557 numerum
3152 3497 3529 3569 hypostasium
3601 3492 3695 3545 hic
3739 3490 3879 3557 jure
3931 3504 4022 3541 ex-

751 3591 1060 3658 plodimus,
1108 3593 1363 3660 quamvis
1392 3593 1540 3646 nulla
1598 3605 1793 3649 natura
1853 3597 1925 3653 sit
1967 3600 2086 3654 sine
2141 3602 2439 3671 hypustasi.

824 3682 912 3739 51.
973 3680 1030 3736 Si
1092 3699 1355 3738 numerus
1424 3684 1657 3737 duarum
1712 3695 2034 3742 naturarum
2094 3690 2319 3747 divisio-

754 3788 875 3827 nem
929 3771 1140 3838 infert,
1188 3782 1242 3827 et
1275 3775 1483 3828 idcirco
1513 3782 1836 3828 naturarum
1888 3793 2179 3833 numerum
2232 3782 2319 3835 fu-

755 3864 924 3931 gitis,
995 3878 1165 3932 quare
1237 3880 1525 3918 numerum
1586 3867 1989 3934 proprietatum
2048 3887 2158 3923 non
2228 3873 2321 3927 de—

753 3954 975 4008 clinatis
1004 3954 1028 4006 ?

824 4045 911 4099 5%.
965 4044 1135 4098 Unam
1168 4055 1417 4098 naturam
1471 4046 1564 4099 Dei
1601 4044 1761 4101 Verbi
1813 4049 2145 4104 incarnatam
2193 4067 2322 4106 con-

755 4136 1016 4199 titemini,
1053 4136 1322 4205 nobisque
1376 4146 1429 4189 et
1485 4137 1645 4192 vobis
1687 4142 1998 4196 communis
2041 4142 2153 4196 itare
2196 4159 2320 4197 sen-

755 4226 923 4280 tentia
972 4234 1055 4280 est
1088 4245 1101 4280 :
1138 4228 1341 4296 quippe
1390 4242 1513 4279 cum
1555 4228 1661 4282 hoc
1718 4228 1939 4284 Patrum
1980 4232 2198 4285 ell‘atum
2230 4236 2318 4287 sit.

756 4314 863 4370 Sed
904 4317 949 4370 si
995 4316 1134 4370 duas
1171 4327 1399 4370 naturas
1444 4332 1509 4371 eo
1548 4316 1829 4374 declarare
1884 4322 2083 4381 vultis,
2119 4320 2323 4376 l‘rusua

758 4406 958 4460 bellum
986 4421 1109 4461 cum
1144 4406 1371 4460 veritate
1400 4408 1606 4474 geritis.
1659 4406 1755 4462 Sin
1804 4417 1982 4463 autem
2027 4413 2161 4473 hoc,
2198 4421 2320 4465 tan-

755 4510 920 4563 quam
968 4511 1133 4549 unam
1185 4496 1513 4563 simpliciter
1559 4505 1809 4550 naturam
1850 4500 2146 4567 exprimat,
2184 4502 2323 4554 veri-

756 4583 853 4636 tati
883 4590 1081 4636 contra
1111 4581 1346 4636 dicendo
1377 4581 1643 4638 adversus
1669 4585 1807 4640 duas
1836 4595 2065 4642 naturas
2090 4588 2323 4656 opponi-

756 4675 869 4739 tis,
926 4688 1190 4743 prospere
1241 4674 1397 4729 vobis
1446 4689 1556 4727 non
1639 4674 1783 4730 cedit
1832 4676 2117 4746 interjecta
2176 4695 2320 4743 vox,

757 4770 1107 4819 incantatam.
1152 4765 1248 4820 Sin
1290 4781 1423 4820 vero
1472 4782 1647 4835 neque
1699 4782 1861 4821 unam
1915 4769 2197 4835 absolute,
2235 4787 2323 4825 ne-

756 4869 863 4923 que
888 4854 1024 4908 duas
1056 4856 1242 4909 unitas
1275 4863 1653 4922 repraesentat,
1685 4872 2041 4925 quaecumque
2069 4874 2194 4927 pars
2224 4860 2321 4913 ad-

2497 3708 2561 3743 va
2584 3726 2596 3742 .
2640 3688 2700 3740 Ei
2730 3689 2763 3755 ἡ
2796 3684 2923 3745 δυὰς
2965 3680 3183 3743 πάντως
3227 3678 3437 3743 εἰσάγει
3478 3674 3773 3743 διαίρεσιν,
3808 3671 3913 3723 κει)⁵
3940 3670 4023 3720 διὰ

2428 3782 2584 3834 τοῦτο
2612 3777 2702 3830 τὸν
2731 3774 2961 3845 ἀριθμὸν
2989 3770 3096 3822 τῶν
3122 3768 3336 3833 φύσεων
3368 3764 3622 3832 φεύγετε,
3655 3761 3712 3811 τί
3754 3759 3874 3811 τῶν
3906 3759 4025 3809 ἰδιο-

2428 3872 2604 3939 τήτων
2634 3866 2725 3918 τὸν
2757 3860 2991 3931 ἀριθμὸν
3019 3859 3119 3910 οὐκ
3143 3855 3421 3909 ἐκκλίνετε
3448 3870 3463 3917 ;

2497 4048 2592 4117 νβ’.
2636 4045 2792 4099 Μίαν
2838 4042 3025 4109 φύσιν
3066 4036 3174 4091 τοῦ
3205 4034 3353 4089 Θεοῦ
3382 4033 3577 4101 Λόγου
3621 4028 4025 4098 σεσαρκωμέ-

2426 4155 2542 4203 νην
2573 4135 2906 4205 ὁμολογεῖτε,
2938 4129 3031 4183 καὶ
3077 4127 3230 4196 κοινὴ
3277 4125 3407 4194 ὑμῖν
3442 4122 3537 4176 καὶ
3581 4121 3719 4190 ἡμῖν
3770 4121 3808 4188 ἠ
3852 4118 3987 4183 δόξα
4009 4134 4021 4144 ·

2427 4229 2657 4297 Πατρῶν
2695 4225 2804 4294 γὰρ
2827 4225 2855 4274 ὀ
2884 4221 3039 4288 λόγος
3078 4218 3245 4272 ἐστίν.
3264 4214 3404 4269 Ἀλλ’
3438 4215 3483 4266 εί
3519 4212 3619 4282 μὲν
3649 4210 3750 4264 δύο
3782 4211 3898 4273 τὰς
3928 4210 4029 4277 φύ-

2431 4338 2541 4383 σεις
2570 4317 2762 4386 δηλοῦν
2794 4317 2881 4368 διὰ
2902 4312 3095 4366 τούτου
3126 4307 3401 4377 βούλεσθε,
3432 4306 3638 4365 εἰκαῖος
3664 4303 3803 4373 ὑμῖν
3831 4304 3865 4355 ὁ
3888 4302 4030 4370 πρὸς

2429 4411 2529 4480 τὴν
2561 4407 2819 4477 ἀλήθειαν
2845 4403 3097 4470 πόλεμος.
3137 4401 3199 4451 Ei
3243 4398 3299 4449 δὲ
3347 4397 3420 4458 ὡς
3473 4395 3603 4462 μιᾶς
3646 4394 4027 4461 ἐμφαντικὸν,

2429 4501 2586 4554 τοῦτο
2634 4496 2823 4557 ἁπλῶς
2855 4488 3251 4558 ἀντιφαντικῶς
3294 4487 3438 4539 κατὰ
3482 4482 3592 4535 τῶν
3636 4480 3737 4534 δύο
3765 4483 4031 4551 προῖσχευ

2355 4553 2399 4606 D
2432 4590 2545 4649 σθε,
2585 4589 2762 4656 μάτην
2806 4553 2933 4653 ύμῖν
2963 4553 3045 4643 τδ,
3083 4574 3553 4645 σεσαρκωμένην
3582 4573 3682 4640 (2),
3736 4573 4029 4643 παρὲῥρι-

2432 4698 2580 4733 πται.
2614 4679 2673 4729 Ei
2718 4677 2774 4730 δὲ
2826 4676 2958 4744 μήτε
2999 4673 3127 4740 μίαν
3170 4667 3378 4731 ἁπλῶς,
3414 4666 3551 4734 μήτε
3596 4661 3693 4715 δύο
3721 4663 4031 4732 ἡνωμένας

2432 4771 2744 4839 παρίστησι,
2782 4766 2997 4824 πάντως
3039 4763 3067 4814 ὃ
3107 4760 3158 4812 τί
3189 4776 3318 4811 ποτε
3343 4755 3629 4825 ἐπιμόριον
3659 4754 3891 4823 μεταξὺ
3933 4753 4031 4818 τῆς

2434 4864 2559 4922 μιᾶς
2587 4860 2677 4912 καὶ
2705 4858 2811 4909 τῶν
2836 4856 2928 4907 δύο
2958 4850 3311 4923 παραληφθῇ,
3336 4848 3494 4899 τοῦτο
3518 4846 3649 4915 ἡμῖν
3669 4840 3932 4911 δηλώσει
3952 4844 4028 4901 τὸ,

2430 4945 2927 5016 σεσαρκωμένηνο
2988 4942 3097 4995 εἴτε
3151 4940 3418 5009 δίμοιρον,
3461 4936 3571 4989 εἴτε
3617 4935 3801 5003 ἥμισυ
3870 4933 4031 4985 τοῖνδε

2431 5040 2614 5101 ποσοῦ,
2639 5038 2799 5106 ὑμεῖς
2829 5033 2894 5088 ἂν
2926 5033 3075 5101 εἴητε
3110 5031 3319 5100 κύριοι⁸
3345 5030 3481 5081 ὅπου
3509 5043 3573 5094 γε
3597 5028 3649 5078 oi
3682 5026 3975 5094 μακάριοι
4008 5027 4035 5072 ὁ

2443 5128 2752 5189 Ἀθανάσιός
2780 5142 2839 5178 τε
2861 5125 2951 5178 καὶ
2978 5121 3242 5192 Κύριλλος
3270 5117 3505 5173 ἐνταῦθα
3524 5131 3862 5186 καταχρηστ
3873 5117 4031 5175 ικῶς.

2287 5259 2519 5315 NOTAE.

830 5359 905 5422 (Ξ)
940 5354 1140 5409 Eodem
1173 5354 1334 5408 modo
1367 5352 1745 5426 Theodoretus
1777 5355 1989 5421 Dial.2,
2012 5358 2323 5421 Athanasii,
2449 5354 2598 5409 Verbi
2630 5352 3010 5426 nnvimus._sed
3040 5351 3212 5426 edocti
3250 5365 3453 5426 sumus,
3474 5346 4028 5426 -εανηεῃιλαιίετξιςε

760 5428 811 5497 ni
842 5416 843 5419 “
869 5414 1069 5497 fallo_r._
1108 5439 1303 5497 nomen
1350 5424 1639 5497 reveritus,
1683 5414 1988 5481 Eranistam
2027 5414 2321 5497 dicentem,

2434 5441 2545 5479 esse
2568 5434 2798 5497 naturae.
2820 5424 3006 5497 ῘΑλλη
3035 5422 3131 5497 μὲν
3159 5423 3190 5490 ἠ
3225 5418 3566 5497 σαρκωθετσα
3594 5415 3700 5497 iro-2
3731 5414 3905 5497 9:05_
3926 5417 4028 5497 Ad:

765 5490 933 5548 Unam
976 5484 1918 5569 Dei.Verbipatunginéynatam,
1942 5497 2180 5569 excipiti:
2220 5484 2321 5548 Νθέ

2434 5496 2731 5569 χουῌφύσις,
2750 5493 2881 5569 ἄλλῃ
2907 5493 2963 5545 δὲ
2987 5484 3144 5569 ἧξτῆς
3162 5484 3382 5569 σαρκὸς,
3399 5484 3851 5569 ἢνᾲναλαδοῦσα
3878 5487 3915 5555 ἡ

760 5580 858 5631 que
887 5582 1002 5625 nos,
1025 5581 1053 5635 ο
1081 5563 1231 5625 bone,
1256 5561 1387 5635 duas
1411 5562 1507 5635 Dei
1546 5561 1696 5635 verbi
1730 5554 1947 5627 naturas
1976 5554 2086 5635 esse
2141 5568 2320 5617 incar-

2424 5554 2767 5635 ῥεούίΛόγου
2797 5554 2981 5635 φύσις,
3007 5554 3315 5635 ’ἐσαρκῶθη
3344 5575 3357 5588 ·
3416 5554 3539 5610 Alia
3564 5557 3880 5635 {inagna
3902 5554 3913 5555 ί
3932 5554 4023 5607 Dei

763 5621 916 5686 natas
939 5621 1228 5705 dicimus}:
1260 5632 1403 5705 Μίαν
1425 5632 1559 5705 -γὰρ
1586 5632 1753 5705 ἔσμεν
1784 5621 1880 5703 τῆν
1911 5635 2007 5687 τοῦ
2049 5634 2183 5686 Θεοῦ
2205 5636 2320 5705 Λό-

2432 5633 2583 5686 Verbi
2617 5621 2829 5705 natura,
2868 5621 2978 5705 alia
3003 5621 3205 5691 carnis,
3231 5621 3387 5705 quam
3412 5643 3531 5705 cum
3561 5623 3661 5705 pei
3707 5621 3880 5704 Ver-9i
3925 5640 4024 5677 u-

760 5718 857 5773 -ςου
889 5702 1070 5773 φύσιν,
1099 5701 1232 5773 ἀλλα
1254 5701 1350 5771 τὴν
1376 5694 1553 5773 cap-xui
1637 5694 1979 5773 ip'qadqlsvo;
2011 5704 2318 5773 ἐσαρκώθη,

2424 5713 2545 5755 tura
2578 5694 2858 5773 accepisset
2889 5742 2903 5763 ,
2940 5694 3252 5773 incarnatus
3293 5696 3522 5773 fuit._D_e
3554 5694 3861 5773 Athanasii
3889 5705 4029 5749 vero

764 5762 951 5844 ἐτέρας
973 5762 1109 5826 εἶναι
1142 5762 1355 5839 φύσεως
1391 5762 1775 5843 esurialis-3'
1822 5762 1993 5827 'Uuatit
2038 5762 2172 5827 enim
2228 5762 2320 5827 nét

2429 5762 2753 5828 auctoritate
2771 5762 3153 5827 dissertatione
3178 5762 3438 5838 singulari
3471 5766 3685 5821 dicetur

759 5036 839 5089 bit
894 5034 1025 5089 illud
1051 5076 1064 5098 ,
1098 5037 1430 5088 incarnatam
1454 5076 1468 5101 ,
1504 5036 1619 5090 sive
1673 5036 1837 5108 dupla
1889 5054 2015 5108 pars
2052 5042 2163 5105 sit,
2209 5042 2323 5097 sive

758 5123 1004 5188 dimidia,
1051 5123 1335 5194 quantitas
1376 5138 1542 5193 penes
1573 5132 1812 5183 vestrum
1864 5130 2159 5183 arbitrium
2217 5133 2323 5185 erit
