4156 6436
668 4795 674 4802 .
742 4749 849 4800 sic
900 4744 1139 4813 loquitur

714 354 855 422 1463

1876 360 1937 420 S.
1980 360 2301 421 JOANNIS
2348 359 2777 419 DAMASCENI

3861 358 3990 421 HM

706 477 833 533 est,
884 467 983 524 sed
1040 481 1147 521 non
1204 465 1393 521 itidem
1447 472 1647 520 natura
1682 466 1773 523 est
1802 468 2137 539 hypostasis.
2178 468 2294 523 Non

2422 487 2490 522 ται
2515 487 2529 501 ο
2578 471 2698 523 ἀλλ’
2729 469 2928 523 εἰδέναι
2977 470 3082 541 χρὴ
3110 470 3184 533 ὡς
3223 472 3311 525 διὰ
3336 472 3397 524 τὸ
3420 470 3683 537 δεκτικὴν
3720 466 3871 521 εἶναι
3898 471 3991 535 τὴν

714 560 863 615 enim
922 559 1323 628 reciprocatur.
1382 556 1724 612 Universalia
1754 561 1955 629 quippe
2002 560 2069 614 de
2128 562 2295 630 parti-

710 650 995 705 cularibus
1020 651 1422 720 praedicantur;
1450 664 1559 705 non
1584 666 1716 706 vero
1742 651 2097 721 partieularia
2118 666 2292 705 enun-

711 744 922 794 tiuntttr
959 740 1027 795 de
1053 738 1485 795 universalibus.
1515 738 1671 805 Quod
1705 739 1749 793 si
1785 738 1931 793 ferro
1976 737 2289 808 ignescente

712 839 911 885 natura
957 831 1087 885 ferri
1122 831 1281 901 ignea
1314 830 1458 886 facta
1491 830 1715 893 dicitur,
1750 829 2160 885 observandum
2204 838 2287 882 ta-

708 938 834 977 men
861 932 945 977 est
970 923 1021 977 id
1048 922 1185 989 ﬁeri,
1215 927 1345 994 quia
1373 929 1571 977 natura
1604 921 1734 976 ferri
1770 936 1941 990 capax
1968 928 2053 975 est
2078 920 2289 975 inﬂam-

710 1014 995 1080 mationis,
1018 1022 1072 1069 et
1103 1013 1466 1069 inﬂammatio
1509 1028 1649 1082 opus
1671 1020 1881 1067 natura:
1902 1019 2023 1088 ‘est.
2063 1012 2161 1065 Ast
2195 1012 2277 1063 in-

713 1113 940 1160 carnato
975 1105 1155 1160 Verbo
1185 1120 1323 1175 opus
1354 1116 1566 1159 natura:
1595 1121 1700 1159 non
1724 1113 1808 1159 est
1840 1104 2167 1166 incarnatio,
2195 1103 2287 1157 sed

713 1196 910 1252 modus
948 1198 1369 1269 dispensatoriae
1421 1198 1974 1252 accommodationis.
2034 1195 2149 1248 Non
2188 1196 2291 1264 igi-

714 1295 806 1340 tur
838 1289 1020 1344 dicere
1072 1291 1221 1353 licet,
1259 1306 1424 1345 unam
1461 1290 1693 1345 Deitatis
1746 1288 2082 1359 hypostasim
2120 1286 2286 1356 quid-

716 1396 877 1447 quam
927 1383 1155 1444 habere,
1183 1382 1328 1451 quod
1374 1397 1570 1436 omnes
1610 1396 1715 1434 non
1766 1380 2021 1443 habeant,
2052 1386 2283 1447 excepto

2402 562 2561 629 φύσιν
2589 561 2684 614 τοῦ
2722 560 2943 631 σιδήρου
2976 561 3296 633 πυρώσεως,
3323 566 3421 617 καὶ
3447 563 3537 615 διὰ
3570 563 3631 614 τὸ
3658 561 3889 628 φύσεως
3915 562 3993 628 ἔρα

2400 665 2493 715 γον
2523 645 2664 703 εἶναι
2694 650 2791 721 τὴν
2831 652 3097 724 πύρωσιν.
3118 654 3240 709 Ἐπὶ
3268 656 3326 709 δὲ
3359 655 3459 723 τῆς
3506 653 3604 706 τοῦ
3632 653 3819 718 Λόγου
3859 668 3989 718 σι’-ιβ’

2399 739 2641 805 κὼσεως,
2674 744 2734 795 οὑ
2784 743 3002 813 φύσεως
3036 746 3195 817 ἔργον
3220 748 3252 817 ἡ
3282 748 3580 815 σάρκωσις,
3608 743 3755 796 ἀλλὰ
3784 743 3990 811 τρόπος

2394 833 2742 903 οἰκονομικῆς
2772 836 3251 902 συματαὸάσεως.
3283 839 3397 890 Οὑκ
3440 830 3739 903 βστιν,οὖν
3789 833 3987 891 εἰπεῖν,

2399 923 2530 989 μίαν
2580 924 2690 977 τῶν
2741 928 2837 993 τῆς
2890 925 3142 996 θεότητος
3172 928 3523 980 ὑποστάσεων
3551 926 3701 993 ἔχειν
3748 940 3828 984 τι,
3857 923 3991 987 ὅπερ

2387 1016 2507 1085 οὑχὶ
2541 1018 2712 1069 πᾶσαι
2743 1020 2799 1069 αι
2827 1018 3157 1081 ὑποστάσεις
3190 1022 3510 1087 κέκτηνται,
3545 1018 3690 1085 πλὴν
3722 1014 3825 1066 τοὺ
3862 1013 3985 1080 τρό-

2398 1124 2500 1158 που
2532 1106 2627 1175 τῆς
2666 1107 2973 1177 ὑπάρξεως.
3021 1110 3130 1161 Καὶ
3158 1112 3189 1180 ἡ
3219 1111 3497 1179 σάρκωσις
3536 1110 3594 1161 δὲ
3627 1109 3838 1176 τρόπος
3883 1105 3994 1156 δευ-

2399 1197 2563 1267 τέρας
2614 1197 2901 1267 ὑπάρξεως
2956 1200 3191 1267 πέφυκε,
3228 1202 3372 1270 μόνῳ
3420 1200 3501 1269 τῷ
3535 1200 3830 1268 μονογενεῖ
3883 1194 3993 1261 1·Ξῷ

2399 1289 2492 1341 καὶ
2534 1288 2693 1358 Λόγῳ
2738 1290 3073 1360 ἁρμόζουσα,
3101 1293 3175 1355 ὠς
3226 1294 3292 1345 ἂν
3339 1292 3537 1360 ἰδιότης
3589 1290 3756 1360 μείνῃ
3804 1288 3993 1353 ἀκίνη-

2391 1396 2501 1443 τος.

719 1474 1019 1527 ιιχεῐειοιιάί
1050 1474 1231 1528 modo.
1270 1473 1372 1526 Sed
1403 1474 1709 1527 incarnatio
1743 1472 1999 1527 secundae
2025 1472 2363 1525 exsistentia:
2399 1472 2593 1528 modus
2628 1483 2736 1539 est,
2778 1478 2872 1545 qui
2939 1478 3039 1532 soli
3104 1476 3387 1547 unigenito
3452 1474 3593 1528 Filio
3665 1472 3991 1533 conveniat,

718 1577 773 1617 ut
804 1565 1099 1617 immobilis
1129 1562 1435 1632 proprietas
1464 1571 1703 1615 maneat.

789 1656 877 1709 53.
913 1655 1170 1707 Fortasse
1202 1667 1333 1707 vero
1377 1652 1634 1722 quaeretis
1673 1669 1684 1703 :
1718 1650 1939 1720 quinam
1970 1664 2103 1718 ergo
2148 1648 2299 1701 dica-
2328 1652 2373 1710 Β

721 1764 842 1803 mus
886 1757 1137 1801 naturam
1172 1747 1367 1798 ’caruis
1427 1742 1736 1797 deillcatam
1787 1755 2121 1808 passamque
2157 1756 2300 1805 esse,

721 1849 781 1893 ut
808 1854 916 1894 non
947 1840 1013 1893 de
1044 1836 1296 1891 omnibus
1348 1834 1710 1887 humanitatis
1748 1832 2140 1903 hypostasibus
2189 1831 2303 1885 haec

723 1930 1091 1991 aﬂlrmemus;
1142 1925 1373 1981 dicendo
1430 1940 1555 1979 vero
1634 1931 1887 1977 naturam
1927 1923 2073 1977 verbi
2125 1922 2305 1975 incar-

724 2033 905 2078 natam
940 2036 1060 2074 esse
1092 2060 1104 2082 ,
1137 2018 1569 2072 incarnationem
1599 2014 1666 2070 ad
1707 2014 1918 2069 Patrem
1955 2021 2008 2068 et
2040 2014 2303 2084 Spiritum

725 2110 1065 2169 referamus?
1128 2109 1396 2175 Quoniam
1474 2108 1655 2161 omnis
1736 2107 2016 2161 hominum
2111 2113 2308 2158 natura

725 2220 898 2274 capax
959 2211 1042 2257 est
1091 2216 1277 2255 eorum
1318 2214 1437 2268 quae
1491 2206 1701 2252 natura!
1748 2206 2111 2249 consentanea
2157 2202 2305 2257 sunt,

728 2309 961 2364 qumque
1000 2301 1194 2363 praeter
1222 2299 1473 2344 naturam
1495 2331 1511 2355 ,
1545 2298 1600 2341 et
1630 2303 1793 2354 super
1844 2296 2123 2347 naturam,
2171 2286 2307 2338 citra

731 2392 940 2462 natura:
1006 2380 1454 2434 demutationem.
1525 2376 1727 2430 Natura
1796 2394 1926 2431 vero
1981 2375 2166 2430 divina
2243 2374 2310 2427 ab

731 2468 878 2525 omni
933 2470 1239 2524 mutatione
1293 2477 1347 2524 et
1393 2469 1705 2522 aceretione
1759 2467 2017 2521 immunis
2051 2473 2156 2521 est.
2208 2464 2310 2519 Ne-

735 2579 840 2629 que
884 2562 989 2615 hoc
1032 2560 1246 2623 solum,
1284 2559 1379 2613 sed
1426 2559 1553 2627 quia
1584 2572 1713 2611 caro
1760 2557 1851 2609 illa
1911 2557 2162 2626 primitiae
2210 2553 2312 2607 l‘uit

738 2668 931 2707 massa:
970 2664 1192 2715 nostrae,
1241 2665 1341 2704 nec
1375 2648 1686 2719 hypostasis
1750 2662 1847 2716 per
1900 2661 1959 2700 se
2001 2641 2312 2699 consistens

738 2746 878 2801 facta
915 2754 1020 2805 est,
1055 2744 1147 2799 sed
1182 2752 1375 2797 natura
1408 2743 1460 2794 in
1492 2742 1772 2811 hypostasi
1808 2747 2053 2800 exstans,
2093 2751 2315 2804 compo-

740 2840 898 2893 sitam
927 2834 1090 2907 4ιο
1124 2834 1327 2887 Christi
1357 2832 1639 2901 complens
1668 2828 2039 2899 hypostasim,
2073 2834 2126 2880 et
2174 2825 2317 2892 scip-

739 2943 878 2989 sam,
908 2936 961 2977 ct
989 2941 1095 2978 non
1120 2925 1203 2977 sui
1230 2924 1400 2991 ipsius
1427 2937 1577 2991 ergo,
1607 2919 1700 2973 sed
1724 2928 1944 2988 propter
1969 2928 2316 2971 communem

2474 1658 2570 1721 νγ’.
2606 1654 2744 1707 Ἀλλ’
2775 1656 2952 1725 ἐρεῖτε
2983 1652 3141 1721 τυχόν
3162 1669 3173 1680 ·
3219 1650 3341 1714 Πῶς
3362 1650 3454 1703 οὖν
3484 1664 3665 1717 φαμεν
3692 1648 3795 1714 τὴν
3832 1644 3998 1711 φύσιν

2402 1744 2501 1812 τῆς
2524 1747 2725 1815 σαρκὸς
2752 1744 3051 1798 τεθεῶσθαι
3081 1744 3172 1795 καὶ
3202 1741 3552 1801 πεπονθέναι,
3581 1738 3656 1806 μὴ
3683 1736 3867 1789 ταῦτα
3896 1753 3999 1785 πα-

2356 1884 2364 1899 ,
2406 1837 2513 1889 σῶν
2566 1837 2673 1889 τῶν
2724 1838 2824 1905 τῆς
2871 1835 3289 1905 ἁνθρωπότητος
3334 1833 3691 1885 ὑποστάσεων
3738 1828 3998 1890 καταςάο

2408 1944 2661 1990 σκοντες·
2706 1927 2805 1996 τὴν
2833 1926 2889 1980 δὲ
2924 1927 3085 1994 φύσιν
3131 1923 3224 1976 τοῦ
3260 1924 3432 1991 Λόγου
3484 1918 3879 1988 σεσαρκῶσθαι
3916 1918 3999 1967 λέ-

2409 2036 2615 2086 γοντες,
2646 2020 2737 2071 ἐπὶ
2766 2018 2855 2071 τὸν
2884 2017 3103 2087 Πατέρα
3127 2017 3223 2068 καὶ
3251 2014 3311 2067 τδ
3334 2014 3555 2082 Πνεῦμα
3582 2012 3681 2078 τὴν
3712 2011 4003 2078 σάρκωσιν

2408 2111 2779 2181 ἁναφὲρομενς
2836 2110 2958 2163 Ὀτι
3005 2110 3157 2161 πᾶσα
3222 2109 3256 2177 ἠ
3320 2106 3426 2157 τῶν
3471 2102 3781 2172 ἀνθρώπων
3835 2098 4004 2165 φύσις

2410 2201 2632 2269 δεκτική
2676 2202 2792 2251 ἐστι
2830 2199 2939 2251 τῶν
2975 2200 3113 2251 κατὰ
3147 2196 3329 2265 φύσιν,
3360 2196 3453 2247 καὶ
3494 2193 3647 2261 παρὰ
3678 2190 3874 2259 φύσιν,
3913 2192 4005 2240 καὶ

2412 2292 2552 2361 ὑπὲρ
2593 2291 2777 2360 φύσιν,
2807 2291 2868 2344 οὑ
2907 2290 3177 2361 μεταϐολῇ
3213 2287 3526 2356 φύσεως.ἹΙ
3574 2285 3630 2337 δὲ
3666 2283 3795 2335 θεία
3838 2282 4007 2349 φύσις

2413 2383 2592 2449 πάσης
2620 2381 2957 2443 ἀλλοιώσεως
2980 2380 3075 2433 καὶ
3095 2377 3415 2449 προσθήκης
3440 2378 3590 2428 ἐστὶν
3616 2374 4001 2431 ἁνεπίδεκτος·

2413 2476 2474 2529 οὑ
2525 2476 2686 2544 μόνον
2728 2472 2807 2531 δὲ,
2840 2470 2955 2524 ἀλλ’
2986 2472 3068 2523 ὅτι
3113 2468 3208 2522 καὶ
3251 2467 3473 2534 ἀπαρχὴ
3511 2465 3760 2532 ὑπῆρχεν
3794 2464 3833 2530 ἠ
3870 2459 4010 2529 σὰρξ

2417 2566 2601 2635 ἐκείνη
2629 2563 2721 2617 τοῦ
2751 2561 3023 2633 ἡμετέρου
3056 2560 3399 2629 φυράματος,
3439 2557 3532 2609 καὶ
3560 2557 3660 2623 οὐχ
3696 2554 4009 2614 ὑπόστασις

2422 2656 2787 2717 ίδιοσὺστατος
2816 2654 3078 2721 ἐγεγόνει,
3114 2650 3250 2703 ἀλλὰ
3278 2651 3437 2719 φύσις
3465 2649 3837 2706 ἐνυπόστατος
3862 2662 4009 2713 συμ-

2420 2745 2740 2817 πληρωτικὴ
2770 2746 2871 2814 τῆς
2906 2743 3160 2796 συνθέτου
3209 2741 3300 2793 τοῦ
3348 2738 3586 2808 Χριστοῦ
3620 2738 4009 2798 ὑποστάσεως,

2421 2838 2512 2890 καὶ
2538 2838 2635 2905 οὑχ
2666 2838 2864 2901 ἑαυτῆς
2893 2835 3076 2895 ἕνεκα,
3102 2833 3236 2886 ἀλλὰ
3262 2833 3358 2899 τῆς
3386 2832 3572 2897 κοινῆς
3599 2830 3888 2897 σωτηρίας
3910 2830 4009 2895 τῆς

2424 2927 2635 2994 φύσεως
2666 2924 2846 2995 ήνώθη
2873 2922 2951 2993 τῷ
2976 2922 3097 2990 Θεῷ
3132 2922 3287 2989 Λόγῳ
3313 2937 3323 2949 '
3359 2920 3540 2987 φαμὲν
3564 2918 3753 2969 τοίνυν
3780 2918 3887 2985 τὴν
3910 2917 4011 2982 φύ-

743 3029 953 3073 natura:
984 3018 1212 3071 salutem
1244 3015 1397 3067 unita
1431 3012 1610 3067 Verbo
1639 3020 1743 3065 est.
1777 3010 2140 3075 Quamobrem
2178 3008 2314 3062 dici-

2423 2993 2506 3071 σιν
2533 3018 2631 3086 τῆς
2662 2993 2911 3085 θεότητος
2942 3012 3179 3083 ἡνῶσθαι
3218 3014 3282 3080 τῇ
3327 3011 3485 3076 φύσει
3520 3008 3621 3077 τῆς
3647 3007 4017 3077 άνθρωπότητ

740 3127 863 3166 mus
905 3118 1155 3163 naturam
1186 3105 1403 3161 deitatis
1437 3104 1643 3158 unitam
1670 3116 1791 3155 esse
1823 3110 2029 3153 natura:
2057 3098 2311 3151 humani-

745 3202 903 3261 tatis.
937 3200 1280 3253 incarnatam
1332 3210 1460 3249 vero
1508 3192 1846 3265 hypostasim
1904 3188 2088 3242 Verbi.
2132 3188 2316 3242 lucar-

746 3292 861 3345 uari
895 3289 1167 3359 siquidem
1216 3298 1299 3342 est
1323 3300 1542 3340 carnem
1579 3297 1861 3339 assumere
1885 3322 1898 3345 ,
1951 3279 2317 3351 hypostasim—

745 3399 851 3452 que
886 3383 1041 3435 carni
1092 3382 1229 3435 ﬁeri.
1254 3379 1397 3434 Unio
1424 3392 1556 3431 vero
1598 3384 1681 3431 est
1714 3387 2018 3427 concursus
2060 3380 2115 3425 et
2154 3370 2318 3423 coitio

745 3475 976 3529 duarum
1007 3482 1330 3527 naturarum
1360 3470 1412 3523 in
1446 3483 1609 3523 unum
1632 3475 1687 3523 et
1708 3467 1870 3521 idem.

742 3566 747 3571 ’
824 3566 911 3621 54.
941 3564 1260 3633 Exemplum
1294 3562 1537 3616 hominis
1561 3599 1576 3623 ,
1628 3559 1673 3614 si
1719 3557 1786 3612 de
1814 3557 1996 3626 specie
2029 3565 2083 3610 et
2124 3561 2318 3608 natura

750 3658 883 3711 illud
946 3656 1267 3726 accipiatis,
1321 3655 1376 3707 in
1419 3652 1641 3709 Christo
1685 3652 1865 3704 locum
1914 3663 2023 3703 non
2078 3646 2318 3700 habebit.

750 3750 1094 3804 Christorum
1142 3747 1342 3816 quippe
1367 3744 1606 3814 speciem
1640 3754 1919 3810 nunquam
1954 3738 2265 3792 audivimus
2309 3753 2320 3788 :

756 3841 898 3895 unde
924 3855 1019 3894 nec
1045 3839 1299 3894 Christus
1328 3846 1526 3891 natura
1565 3844 1645 3889 est
1670 3874 1683 3896 ,
1726 3832 1819 3887 sed
1855 3830 2184 3901 bypostasis.
2218 3827 2326 3897 Cy-

758 3934 879 3987 rillo
902 3933 1046 3987 enim
1076 3939 1322 3992 auctore,
1354 3941 1550 3982 nomen
1580 3924 1820 3989 Christi,
1846 3936 1950 3976 nec
1996 3920 2105 3973 vim
2132 3917 2327 3972 delini-

758 4006 927 4080 tionis
957 4023 1119 4077 habet
1141 4061 1155 4085 ,
1189 4035 1290 4075 nec
1317 4018 1553 4086 alicujus
1584 4014 1886 4071 essentiam
1918 4011 2182 4067 declarat.
2233 4006 2330 4062 Sin

759 4129 892 4168 vero
920 4114 1073 4166 illum
1098 4108 1387 4179 accipiatis
1414 4105 1481 4161 de
1523 4104 1782 4175 quopiam
1814 4101 2061 4164 homine,
2095 4098 2189 4169 qui
2242 4096 2335 4167 by-

762 4204 995 4273 postasis
1020 4204 1110 4267 sit,
1142 4200 1446 4269 exemplum
1484 4198 1749 4252 absonum
1782 4208 1889 4247 non
1913 4192 2033 4247 est?
2066 4190 2329 4245 Caeterum

769 4309 933 4349 nosse
958 4280 1174 4355 attinet,
1211 4306 1320 4344 non
1352 4299 1628 4358 oportere,
1662 4292 1723 4349 ut
1745 4280 1995 4350 exempla
2044 4275 2333 4332 omnifarie

767 4386 966 4443 similia
1017 4383 1129 4437 sint
1174 4381 1282 4435 illis
1313 4394 1437 4433 cum
1469 4376 1671 4446 quibus
1709 4376 2151 4440 componuntur;
2200 4365 2335 4434 quin

770 4473 953 4543 potius
999 4471 1178 4538 aliqua
1243 4474 1399 4535 parte
1461 4463 1530 4517 ab
1579 4461 1649 4515 iis
1695 4458 2057 4525 discrepare:
2132 4450 2338 4519 alioqui

767 4546 1087 4633 exemplum‘
1102 4574 1209 4615 non
1235 4558 1396 4613 foret.
1422 4554 1690 4621 Quocirca
1712 4548 1962 4605 Justinus
1979 4543 2339 4617 philosophus

769 4665 823 4710 et
875 4663 1103 4724 martyr,
1168 4652 1224 4706 in
1264 4646 1623 4718 Expositione
1683 4650 1847 4696 rectae
1885 4635 2252 4693 confessionis
2295 4633 2339 4663 ¹⁸

1192 4755 1207 4793 :
1258 4758 1277 4791 ι
1327 4735 1589 4793 Nonnulli
1671 4733 1926 4787 unionem
1985 4728 2133 4781 illam
2193 4724 2345 4778 velut

777 4836 969 4889 animae
1027 4846 1150 4886 cum
1208 4842 1440 4897 corpore
1508 4823 1910 4891 intelligentes,
1956 4819 2036 4873 sic
2082 4815 2351 4885 explicue.

778 4916 928 4974 runt.
963 4918 1160 4985 Aptum
1201 4914 1406 4983 quippe
1463 4909 1772 4979 exemplum
1804 4918 1910 4971 est,
1967 4907 2069 4960 etsi
2120 4919 2229 4958 non
2284 4917 2352 4958 ex

777 5013 924 5067 omni
954 5020 1105 5077 parte
1126 5049 1141 5073 ,
1168 5009 1520 5077 aliquatenus
1553 5014 1754 5058 tamen.
1788 5000 1921 5055 Nam
1946 5040 1960 5062 ,
1998 4997 2355 5068 quemadmo-

779 5108 906 5159 dum
926 5105 1090 5158 homo
1115 5115 1258 5156 unus
1273 5109 1376 5161 cst,
1406 5098 1543 5153 duas
1574 5110 1704 5151 vero
1734 5104 1956 5147 naturas
1997 5092 2174 5155 habet,
2198 5107 2217 5140 ι
2250 5095 2357 5143 etc.

853 5198 941 5251 55.
988 5190 1347 5251 Considerate
1398 5204 1548 5255 vero,
1582 5202 1706 5243 eum
1756 5200 1864 5239 non
1905 5184 2145 5246 dixisse,
2187 5193 2358 5233 unum

786 5288 1062 5343 hominem
1111 5298 1231 5339 esse
1275 5296 1341 5337 ex
1380 5281 1597 5335 duabus
1648 5278 1897 5341 naturis,
1946 5273 2075 5337 sed,
2136 5281 2362 5325 naturas

786 5376 1206 5437 duashahere,
1238 5385 1297 5427 ut
1343 5380 1467 5441 post
1516 5369 1813 5423 unitionem
1852 5367 2085 5420 duarum
2133 5372 2361 5416 natura-

790 5481 933 5531 rum,
978 5454 1203 5519 naturas
1235 5463 1373 5517 duas
1406 5462 1605 5515 habere
1650 5459 1924 5513 hominem
1968 5453 2361 5524 pronuntiave-

794 5558 886 5611 rit.
923 5573 942 5607 ι
984 5554 1141 5609 Sicut
1164 5554 1306 5608 enim
1344 5565 1486 5605 unus
1507 5550 1667 5603 homo
1692 5557 1791 5612 est,
1831 5546 2029 5616 inquit,
2065 5542 2203 5597 duas
2227 5554 2357 5595 vero

2420 3127 2532 3173 τος,
2571 3106 2958 3176 σεσαρκῶσθαι
2987 3105 3041 3156 δὲ
3072 3103 3167 3172 τὴν
3192 3102 3285 3153 τοῦ
3314 3102 3489 3166 Λόγου
3514 3099 3850 3150 ὑπόστασιν.
3879 3097 4015 3165 Σάρ-

2422 3218 2590 3262 κωσις
2619 3198 2719 3268 μὲν
2751 3198 2878 3267 γὰρ,
2908 3195 3109 3265 σαρκὸς
3140 3192 3465 3263 πρόσληψις,
3497 3192 3593 3244 καὶ
3620 3190 3684 3243 τὸ
3715 3190 3892 3258 σαρκὶ
3925 3205 4015 3253 γε-

2423 3289 2611 3342 νέσθαι
2646 3286 3203 3347 ὑπόστασις.”Ενωσις
3231 3282 3308 3346 δὲ,
3326 3281 3422 3334 δύο
3446 3280 3611 3333 τινῶν
3645 3279 3903 3340 σύνοδος,
3928 3279 4017 3329 καὶ

2426 3381 2504 3442 είς
2533 3378 2728 3432 ταυτὸν
2764 3376 3089 3433 συνέλευσις.

2500 3552 2591 3605 νδ’.
2637 3550 2709 3603 Τὸ
2737 3550 2831 3603 τοῦ
2861 3548 3147 3617 ἀνθρώπου
3176 3548 3543 3614 παράδειγμα,
3572 3546 3640 3596 ἂν
3675 3544 3781 3612 μὲν
3810 3545 3912 3595 ἐπὶ
3930 3542 4019 3594 τοῦ

2428 3643 2601 3703 εἴδους
2644 3640 2735 3692 καὶ
2781 3639 2877 3707 τῆς
2912 3637 3125 3704 φύσεως
3169 3634 3390 3701 λάϐητε,
3422 3635 3503 3694 είς
3546 3630 3792 3699 Χριστὸν
3840 3631 4021 3697 χώραν

2429 3730 2526 3798 οὑχ
2554 3728 2685 3793 ἕξει.
2705 3722 2853 3786 Εἶδος
2879 3726 2985 3795 γάρ
3018 3724 3263 3793 Χριστῶν
3292 3722 3501 3774 οὐδέπω
3522 3720 3617 3772 καὶ
3646 3720 3747 3770 νῦν
3774 3720 4024 3787 ἀκηκόα-

2437 3837 2535 3890 μεν
2555 3834 2567 3849 ·
2604 3817 2685 3869 διὸ
2711 3815 2834 3868 οὔτε
2863 3815 3021 3882 φύσις
3046 3817 3074 3866 ό
3095 3814 3343 3882 Χριστὸς,
3370 3811 3486 3864 ἀλλ’
3514 3811 3845 3871 ὑπόστασις.
3870 3811 4025 3861 Κατὶ

2433 3909 2543 3977 γὰρ
2558 3907 2649 3960 τὸν
2678 3904 2946 3976 μακάριον
2978 3903 3260 3972 Κύριλλον,
3288 3904 3351 3953 τὸ
3381 3902 3635 3967 Χριστὸς
3664 3901 3874 3966 δνομα,
3899 3898 4019 3949 οὔτε

2436 4002 2561 4070 ὅρου
2592 3997 2824 4066 δύναμιν
2852 3995 2983 4064 ἔχει.
3014 3993 3138 4047 οὔτε
3188 3994 3286 4063 τήν
3331 4008 3475 4051 τινος
3514 3991 3711 4042 οὑσὶαν
3742 3990 4025 4057 δηλοῖ.Ἃν

2437 4088 2495 4141 δὲ
2525 4086 2617 4139 ἐπὶ
2641 4084 2735 4137 τοῦ
2768 4100 2913 4146 τινος
2942 4081 3252 4152 ἀνθρώπου,
3286 4079 3585 4139 ὑπόστασις
3615 4079 3671 4129 δὲ
3705 4073 3899 4138 οὗτος,
3936 4076 4029 4128 οὑκ

2439 4177 2874 4232 άτοπον.Ἰστέον
2899 4175 2976 4238 δὲ,
3009 4174 3083 4233 ὡς
3112 4173 3210 4225 οὑκ
3244 4173 3451 4239 ἀνάγκη
3496 4170 3563 4222 τὰ
3596 4169 4031 4236 παραδείγματα

2441 4270 2684 4332 καθόλως
2730 4270 2842 4330 τοῖς
2888 4264 3409 4337 παραδεικνυμένοις
3454 4260 3726 4317 ἑοικέναι,
3778 4257 3934 4325 ἔχειν
3978 4254 4029 4303 δὲ

2447 4362 2645 4433 μᾶλλον
2680 4358 2825 4411 κατά
2869 4375 2922 4409 τι
2970 4357 3061 4407 καὶ
3104 4355 3164 4406 τὸ
3209 4351 3465 4411 ἀπεοικός
3490 4366 3505 4381 ·
3542 4349 3667 4399 ἐπεὶ
3710 4347 3819 4398 οὑκ
3855 4345 3925 4397 ἂν
3952 4345 4031 4409 εἴη

2445 4453 2813 4523 παράδειγμα,
2833 4450 3115 4507 ’ῐουστῖνος
3145 4445 3324 4496 τοίνυν
3356 4444 3384 4494 ὁ
3428 4440 3722 4507 φιλόσοφος
3762 4438 3864 4489 καὶ
3897 4437 4029 4503 μάρ-

2447 4562 2541 4607 τυς
2556 4543 2697 4596 οὑτω
2717 4541 2880 4611 φησιν
2904 4540 2962 4591 ὲν
2982 4540 3047 4607 τῇ
3076 4535 3322 4597 Ἐκθέσει
3344 4536 3410 4603 τῇ
3429 4532 3557 4601 περὶ
3582 4530 3680 4599 τῆς
3704 4528 3891 4597 ὀρθῆς
3914 4531 4032 4595 ὁμο-

2448 4636 2629 4704 λογίας
2650 4652 2663 4666 ·
2693 4652 2711 4685 ι
2740 4631 2895 4693 Τινὲς
2920 4630 3017 4699 μὲν
3044 4630 3141 4697 τὴν
3168 4627 3362 4679 ἕνωσιν
3388 4623 3460 4685 ὡς
3490 4622 3669 4689 ψυχῆς
3705 4619 3856 4688 πρὸς
3884 4618 4033 4684 σῶμα

2450 4727 2758 4795 νοήσαντες,
2792 4720 2961 4782 οὑτως
2990 4715 3319 4771 ὲκδεδώκασι
3342 4730 3356 4745 ο
3407 4712 3502 4763 καὶ
3536 4709 3806 4779 ἁρμόδιον
3839 4707 3956 4775 γὰρ
3987 4707 4035 4755 τὸ

2451 4815 2800 4886 παράδειγμα
2822 4827 2834 4840 ·
2868 4810 2916 4861 εί
2950 4809 3040 4862 καὶ
3071 4807 3143 4877 μὴ
3176 4804 3316 4858 κατὰ
3350 4802 3543 4855 πάντα.
3577 4798 3745 4852 Κατά
3780 4814 3839 4849 τι
3872 4796 4030 4862 γοῦν

2453 4884 2544 4967 ὠς-
2572 4903 2679 4973 γὰρ
2729 4896 2807 4963 εἷς
2854 4898 2952 4969 μέν
2995 4900 3141 4949 ἐστιν
3187 4896 3215 4947 ό
3262 4891 3563 4961 ἄνθρωπος,
3596 4887 3716 4958 ἔχει
3748 4886 3809 4939 δὲ
3849 4884 4035 4953 φύσεις

2455 4997 2567 5051 δύο.
2594 5014 2611 5045 ι

2528 5180 2619 5224 νε’.
2660 5166 2917 5222 Σκοπεῖτέ
2950 5182 3007 5216 τε
3039 5164 3114 5224 ὡς
3136 5162 3236 5214 οὑκ
3266 5155 3437 5225 εἶπεν,
3466 5152 3556 5219 Εἷς
3593 5160 3747 5209 ἐστιν
3777 5156 3807 5206 ὁ
3831 5153 4036 5221 ἂνθρω-

2459 5282 2558 5327 πος
2588 5266 2649 5315 ὲκ
2683 5261 2775 5313 δύο
2804 5258 3038 5326 φύσεων,
3070 5254 3205 5317 ἀλλ’,
3225 5254 3376 5321 Ἔχει
3410 5252 3598 5318 φύσεις
3634 5246 3755 5309 δύο,
3784 5246 3935 5298 ὥστε
3957 5245 4037 5294 καὶ

2462 5355 2597 5425 μετὰ
2626 5354 2723 5422 τὴν
2768 5350 2877 5402 τῶν
2922 5346 3015 5399 δύο
3059 5344 3273 5413 φύσεων
3298 5345 3513 5404 ἕνωσιν,
3544 5337 3636 5390 δύο
3668 5337 3872 5403 φύσεις
3908 5335 4035 5401 ἔχειν

2456 5447 2545 5500 τὸν
2574 5444 2857 5512 ἄνθρωπον
2888 5439 3109 5507 ἔφησεν.
3147 5454 3165 5486 ι
3187 5436 3274 5496 Ὠς
3306 5433 3413 5503 γὰρ
3445 5427 3524 5493 εἷς
3553 5430 3651 5499 μέν
3679 5428 3824 5486 ἐστι,
3856 5425 4032 5493 φησιν.

2458 5541 2485 5592 ὁ
2511 5536 2815 5605 ἄνθρωπος,
2846 5530 2953 5599 ἔχει
2988 5529 3040 5581 δὲ
3072 5528 3261 5597 φύσεις
3309 5524 3399 5577 δύο
3433 5524 3487 5574 ὲν
3523 5520 3670 5587 αὑτῷ
3724 5516 4031 5584 διαφόρους.

872 5732 912 5763 ³⁸
945 5729 1226 5797 Expositio
1257 5729 1379 5785 lidci
1412 5738 1549 5782 inter
1574 5742 1735 5795 opera
1768 5724 1965 5779 Justitu
2001 5723 2253 5791 martyris
2289 5720 2354 5775 de
2391 5730 2499 5789 qua
2532 5716 2743 5770 dicetur
2793 5711 2953 5766 intra.
