4156 6436
232 433 364 499 1165

1491 438 1788 498 CONTRA
1829 437 2244 499 JACOBl'l‘AS.

3206 492 3209 497 .
3315 436 3370 506 1i
3378 442 3444 503 60

216 549 309 601 καὶ
360 544 478 599 κατ’
509 544 637 599 ἄλλο
668 543 765 615 μὲν
813 544 1105 613 λογίζεται,
1152 544 1270 598 κατ’
1295 546 1423 600 ἄλλο
1453 546 1508 600 δὲ
1546 548 1606 600 τὸ
1635 549 1772 616 λογι-

1882 557 2108 602 naturas
2156 548 2212 600 in
2245 546 2427 615 seipse
2460 544 2710 600 diversas
2764 544 2948 609 habet,
2983 554 3041 601 ut
3072 547 3177 601 alia
3219 550 3443 619 quidem

218 638 342 689 σθὲν
384 638 624 705 ἐνεργεῖ·
667 635 811 706 ψυχῇ
855 637 953 706 μὲν
992 636 1101 707 γὰρ
1127 638 1287 708 νοερᾷ
1326 637 1696 707 λογισάμενος,
1728 639 1777 690 εἰ

214 727 366 796 τύχοι
404 726 499 779 τοῦ
541 727 729 780 πλοίου
757 727 856 798 τὴν
887 727 1179 797 σύμπηξιν,
1213 730 1367 798 χερσὶ
1388 728 1451 781 τὸ
1481 727 1670 799 νοηθὲν
1697 730 1777 792 εἰς

211 821 389 890 πέρας
413 820 536 886 ἄγει
558 836 570 850 ·
596 818 770 882 οὕτως
812 822 840 872 6
881 820 1027 885 Υἱὸς,
1058 813 1138 882 εἷς
1162 819 1258 882 ὢν,
1295 820 1388 872 καὶ
1431 819 1523 872 δύο
1567 820 1773 887 φύσεις,

211 911 335 963 κατ’
357 910 521 979 ἄλλην
550 912 647 980 μὲν
677 911 772 976 τάς
795 912 1117 981 θεοσημείας
1142 911 1451 981 ἐργάζεται,
1474 913 1590 964 κατ’
1613 911 1775 980 ἄλλην

210 1002 269 1053 δὲ
320 1002 387 1055 τά
431 1003 663 1055 ταπεινὰ
708 997 1171 1075 παραδέχεταιῘῌ
1204 1005 1299 1073 μὲν
1329 1003 1436 1073 γὰρ
1479 1004 1541 1056 ἐκ
1568 1004 1777 1072 Πατρὸς

212 1092 306 1145 καὶ
330 1092 481 1157 Θεὸς,
513 1094 723 1163 ἐνεργεῖ
748 1096 813 1149 τὰ
838 1098 1033 1165 σημεῖα
1052 1111 1066 1125 ο
1159 1094 1213 1146 δὲ
1244 1096 1307 1147 ὲκ
1328 1093 1602 1164 Παρθένου
1631 1096 1723 1146 καὶ
1749 1094 1778 1144 6

209 1182 519 1253 ἄνθρωπος,
549 1183 639 1236 τὸν
668 1184 915 1253 σταυρὸν,
948 1185 1042 1236 καὶ
1067 1185 1133 1236 τὰ
1166 1186 1334 1253 πάθη,
1364 1184 1459 1236 καὶ
1500 1184 1568 1237 τὰ
1595 1200 1774 1252 παρα-

210 1273 418 1343 πλήσια
453 1274 697 1342 φυσικῶς
725 1275 921 1328 ἐθέλων
950 1274 1229 1344 ὑπέμεινε.
1258 1294 1275 1324 ι
1304 1275 1421 1326 Τίνι
1453 1273 1769 1340 καταφαίνε·

208 1367 302 1417 ταί
356 1382 436 1417 σοι
490 1369 805 1437 συνηγορεῖν
854 1366 914 1419 τὸ
962 1366 1343 1437 παράδειγμα;
1383 1367 1494 1427 τοῖς
1527 1364 1652 1433 μίαν
1685 1365 1777 1416 ἐπὶ

209 1457 447 1526 Χριστοῦ
478 1458 641 1525 φύσιν
669 1458 848 1525 λέγειν
878 1457 1137 1526 τολμῶσι,
1175 1457 1206 1526 ἢ
1236 1458 1342 1519 τοῖς
1367 1455 1460 1507 δύο
1481 1452 1776 1525 όρθοδόξως

208 1550 546 1617 ἀσυγχύτους
578 1551 668 1602 καὶ
708 1550 1042 1620 ἁδιαιρέτους
1076 1549 1464 1619 κηρύττουσιν;
1513 1548 1571 1599 ὐ
1598 1547 1777 1600 θεολό-

207 1656 303 1705 γος
329 1640 773 1713 Γρηγόριοςετάδε
805 1642 937 1710 φησι
961 1659 976 1674 ο
1008 1660 1029 1692 ι.
1050 1641 1241 1704 Φύσεις
1275 1642 1372 1710 μὲν
1395 1641 1497 1710 γὰρ
1515 1640 1624 1705 δύο,
1644 1638 1775 1700 Θεὸς

207 1727 305 1778 καὶ
332 1728 616 1799 ἄνθρωπος
635 1747 648 1759 ·
683 1730 803 1782 ἐπεὶ
834 1730 927 1782 καὶ
956 1729 1099 1799 ψυχὴ
1136 1731 1227 1782 καὶ
1259 1728 1417 1797 σῶμα
1443 1745 1454 1758 ·
1498 1729 1600 1780 υἱοὶ
1631 1728 1685 1780 δὲ
1713 1728 1771 1779 οἶδ

204 1816 324 1883 δύο,
353 1818 472 1872 οὐδὲ
499 1819 628 1873 θεοί.
662 1839 680 1871 ι

276 2002 384 2060 νς’.
402 1996 523 2050 ’Ότι
537 1996 593 2049 δὲ
611 1997 859 2052 πλεῖστον
881 1996 992 2067 ἔχει
1012 1997 1073 2050 τὸ
1096 1999 1340 2061 ἀπεικὸς,
1363 2001 1475 2052 ὲντε
1486 1998 1610 2052 ὖθεν
1628 2000 1768 2052 εἰσό-

204 2087 367 2155 μεθα.
412 2089 503 2141 Ἐκ
537 2088 695 2142 τινων
737 2089 869 2155 φατὲ
913 2091 1275 2142 συντεθεῖσθαι
1319 2090 1410 2143 τὸν
1453 2090 1768 2160 ἄνθρωπον;

214 2178 310 2230 Ἐκ
333 2178 510 2248 ψυχῆς
549 2178 748 2249 δηλαδὴ
776 2180 870 2232 καὶ
904 2180 1166 2250 σώματος.
1202 2180 1267 2233 Τί
1297 2175 1390 2234 οὖν
1438 2180 1511 2251 μὴ
1543 2182 1605 2233 ὲκ
1638 2181 1772 2234 Θεοῦ

198 2267 299 2319 καὶ
330 2267 613 2336 ἀνθρώπου
640 2269 729 2321 τὸν
748 2269 980 2337 Χριστὸν
1008 2270 1313 2339 ὁμολογεῖτε
1336 2288 1350 2336 ;
1381 2271 1411 2341 ἤ
1442 2272 1584 2333 τίνος
1612 2272 1772 2326 ἕνεκα

204 2358 282 2426 μὴ
317 2360 380 2410 ὲκ
423 2358 723 2428 ψυχότητος
769 2360 858 2413 τὸν
904 2361 1189 2431 ἄνθρωπον
1230 2364 1321 2416 καὶ
1370 2363 1770 2434 σωματότητος,

199 2450 393 2521 ὥσπερ
419 2450 510 2503 τὸν
538 2452 770 2521 Χριστὸν
799 2453 864 2506 ἐκ
903 2452 1152 2525 θεότητος
1186 2456 1276 2509 καὶ
1317 2455 1770 2527 ἀνθρωπότητος;

198 2540 306 2593 Διά
330 2542 381 2594 τί
404 2542 459 2594 δὲ
486 2543 515 2594 6
537 2544 822 2613 ἄνθρωπος
848 2545 922 2615 μὴ
948 2546 1066 2609 ὅλος
1091 2546 1235 2616 ψυχὴ
1261 2548 1352 2599 καὶ
1376 2547 1495 2611 ὅλος
1521 2548 1679 2618 σῶμα
1696 2547 1774 2599 λέ-

197 2647 375 2695 γοιτο,
406 2631 482 2691 ὡς
504 2631 736 2701 Χριστὸς
764 2633 883 2695 ὅλος
911 2633 1042 2696 Θεὸς
1077 2636 1172 2688 καὶ
1196 2635 1314 2698 ὅλος
1341 2634 1435 2688 ἄνθ
1446 2652 1653 2705 ρωπος;
1679 2636 1773 2687 καὶ

192 2723 324 2784 ὅλος
351 2723 409 2775 ὲν
424 2722 687 2793 ψυχότητι
708 2723 928 2788 τέλειος,
950 2725 1043 2778 καὶ
1062 2725 1179 2787 ὅλος
1204 2725 1262 2777 ὲν
1290 2724 1668 2796 ἀνθρωπότητι
1688 2724 1774 2778 τέ-

198 2813 367 2876 λειος,
399 2813 475 2875 ὡς
502 2814 531 2865 ὅ
556 2814 789 2883 Χριστὸς
816 2816 935 2883 ὅλος
977 2817 1034 2868 ὲν
1060 2815 1272 2884 θεότητι
1304 2814 1505 2879 τέλειος
1536 2816 1628 2868 καὶ
1655 2814 1773 2878 ὅλος

200 2904 265 2952 ὲν
316 2903 691 2975 άνθρωπότητι
730 2904 963 2968 τέλειος⁶
1015 2904 1109 2959 καὶ
1155 2906 1273 2969 ὅλος
1315 2905 1461 2975 ψυχὴ
1512 2907 1646 2975 μετὰ
1679 2905 1772 2959 τοῦ

201 2992 477 3062 σώματος,
506 2996 597 3048 καὶ
624 2995 741 3057 ὅλος
775 2995 933 3064 σῶμα
968 2996 1105 3065 μετά
1132 2995 1231 3065 τῆς
1267 2996 1460 3066 ψυχῆς,
1494 2996 1568 3059 ὠς
1590 2997 1618 3048 6
1637 2998 1679 3048 Χ
1690 3013 1773 3066 ρι-

201 3081 330 3143 στὸς
356 3082 475 3144 ὅλος
499 3083 627 3146 Θεὸς
664 3083 800 3152 μετὰ
830 3084 927 3153 τῆς
954 3085 1156 3154 σαρκὸς
1186 3084 1372 3147 αὐτοῦ,
1408 3086 1502 3136 καὶ
1537 3084 1654 3145 ὅλος
1676 3083 1772 3136 ἄν·

202 3173 420 3241 θρωπος
441 3173 579 3242 μετὰ
603 3174 703 3242 τῆς
728 3174 890 3227 αὑτοῦ
910 3176 1144 3245 άνάρχου
1166 3176 1413 3245 θεότητος
1430 3194 1445 3241 ;
1461 3177 1519 3229 ’0
1544 3175 1641 3246 μὲν
1664 3175 1772 3246 γὰρ

199 3262 489 3329 ἄνθρωπος
538 3264 601 3314 ὲκ
645 3264 819 3333 ψυχῆς
872 3265 965 3318 καὶ
1010 3265 1255 3335 σώματος
1298 3268 1483 3337 ἕτερόν
1528 3284 1579 3319 τι
1622 3268 1772 3338 παρὰ

197 3352 375 3405 ταῦτα
405 3354 693 3424 γεγένηται
718 3364 761 3419 ι’,
791 3355 909 3424 ἦτοι
954 3355 1263 3426 ἄνθρωπος’
1310 3360 1338 3411 6
1365 3358 1421 3410 δὲ
1451 3359 1683 3428 Χριστὸς
1713 3359 1772 3423 ἐξ

200 3441 405 3510 ἐτέρων
459 3444 527 3497 τά
578 3445 747 3497 αὑτά·
798 3447 861 3498 ἐκ
906 3446 1153 3514 θεότητος
1202 3448 1296 3500 καὶ
1335 3449 1768 3521 ἀνθρωπότητος,

199 3532 337 3592 Θεός
369 3550 427 3584 τε
475 3535 566 3587 καὶ
607 3534 908 3604 ἄνθρωπος.
936 3537 997 3588 Et
1039 3536 1095 3589 δὲ
1138 3538 1280 3591 κατὰ
1304 3539 1481 3591 πάντα
1522 3539 1633 3609 ἔχει
1672 3540 1771 3608 τὴν

199 3621 516 3690 ὁμοιότητα,
552 3622 657 3675 ἔδει
687 3625 780 3676 καὶ
813 3625 1176 3691 Χριστότητα
1203 3626 1300 3694 τὴν
1341 3625 1588 3680 σύνθετον
1619 3625 1771 3695 ὑμῶν

204 3707 559 3779 ὀνομάζεσθαι
584 3714 765 3781 φύσιν,
787 3714 975 3783 ὥσπερ
995 3714 1349 3785 ἀνθρωπότης
1375 3717 1407 3784 ἠ
1438 3716 1544 3768 τῶν
1565 3715 1772 3787 ἀνθρώ-

203 3818 326 3854 πων
353 3803 512 3871 φύσις
541 3804 655 3857 ἐστι
684 3822 744 3857 τε
778 3806 873 3858 καὶ
899 3805 1138 3874 λέγεται.

277 4059 373 4123 vC'.
408 4059 615 4123 Ἀλλως
635 4062 691 4114 δὲ
725 4064 817 4114 καὶ
855 4064 887 4132 ή
922 4063 1066 4132 ψυχὴ
1092 4065 1195 4116 ὑπὸ
1224 4064 1332 4116 τῶν
1379 4064 1470 4117 τοῦ
1521 4065 1771 4134 σώματος

204 4151 656 4220 προκατεχομένη
682 4153 891 4216 παθῶν,
921 4156 1014 4205 καὶ
1046 4154 1354 4223 προπάσχει
1391 4156 1652 4219 πολλάκις
1675 4156 1769 4210 τοῦ

204 4239 478 4309 σώματος,
512 4243 821 4311 συμπάσχει
846 4245 903 4296 δὲ
929 4246 1211 4313 διηνεκῶς.
1251 4247 1481 4316 Ἀγωνιᾷ
1511 4248 1617 4317 γὰρ
1650 4248 1771 4299 πολ-

200 4330 363 4391 λάκις
393 4333 492 4402 τὴν
517 4332 609 4385 τοῦ
645 4332 892 4401 σώματος
927 4336 1121 4405 τομὴν,
1149 4336 1241 4388 καί
1278 4336 1383 4405 πρὸ
1424 4336 1518 4389 τοῦ
1567 4337 1770 4401 πάθους

199 4420 301 4474 τοῦ
329 4422 575 4491 σώματος
619 4425 816 4493 πάσχει
841 4466 855 4489 ,
880 4425 975 4477 καὶ
1023 4426 1326 4478 ἀλλοιοῦται
1351 4444 1364 4456 ο
1390 4428 1484 4479 καὶ
1515 4428 1652 4496 μετὰ
1675 4430 1770 4498 τὴν

203 4514 377 4583 τομὴν
399 4515 549 4566 οὐδὲν
579 4511 739 4586 ἧττον
770 4515 860 4575 τοῦ
893 4517 1140 4585 σώματος
1164 4518 1229 4570 τά
1250 4518 1349 4586 τῆς
1383 4519 1570 4587 ὀδύνης
1591 4521 1770 4586 ἐμπα-

202 4602 317 4663 θῶς
339 4603 721 4671 παραδέχεται.
752 4604 927 4669 Ὅπερ
965 4603 1057 4654 ἐπὶ
1088 4604 1185 4671 τῆς
1214 4603 1308 4655 τοῦ
1356 4605 1558 4673 Κυρίου
1587 4605 1773 4676 θεότη-

198 4709 297 4754 τος
331 4694 428 4745 οὐκ
448 4693 511 4745 ἄν
541 4710 623 4755 τις
654 4692 728 4763 μὴ
753 4691 1044 4763 παραπλὴξ
1069 4694 1167 4762 τὴν
1198 4694 1432 4747 διάνοιαν
1462 4694 1592 4767 εἴπῃ
1620 4699 1768 4751 ποτέ.

201 4784 271 4835 Εἰ
304 4778 395 4835 οὖν
446 4783 536 4834 καὶ
573 4785 701 4851 μιᾶς
749 4782 961 4850 φύσεως
984 4786 1011 4837 6
1060 4783 1344 4855 ἄνθρωπος
1373 4784 1628 4852 λέγεται,
1656 4788 1770 4840 ἀλλ’

196 4874 281 4935 ὡς
315 4870 473 4934 εἶδος,
495 4875 591 4941 οὐχ
630 4874 704 4935 ὡς
731 4873 1045 4937 ὑπόστασις.
1080 4876 1249 4927 Ὅταν
1288 4877 1385 4944 μὲν
1419 4875 1527 4946 γὰρ
1560 4877 1769 4946 ἄνθρω-

204 4982 309 5023 πος
338 4964 471 5033 πρὸς
500 4965 782 5030 ἄνθρωπον
807 4968 1081 5037 κρίνηται,
1104 4967 1229 5035 μιᾶς
1253 4965 1463 5033 φύσεως
1482 4966 1557 5028 ὡς
1576 4969 1770 5035 ὁμοού·

204 5068 316 5103 σιοι
351 5052 615 5117 λέγονται,
648 5056 741 5106 καὶ
789 5057 864 5117 ὡς
899 5057 985 5123 ὑφ’
1024 5056 1080 5107 ἓν
1117 5052 1255 5118 εἶδος
1288 5057 1640 5123 ταττόμενοι·
1680 5060 1767 5111 ὅτε

197 5141 263 5192 δὲ
294 5147 689 5210 φυσιογενεῖται
723 5146 751 5197 6
784 5145 1067 5215 ἄνθρωπος
1088 5186 1102 5209 ,
1128 5145 1220 5197 δύο
1268 5146 1354 5198 ἐπ’
1384 5147 1547 5199 αὑτοῦ
1580 5149 1769 5215 φύσεις

203 5231 670 5301 θεωρηθήσονται,
698 5235 875 5305 ψυχῆς
917 5236 1058 5303 λέγω
1108 5238 1202 5289 καὶ
1239 5236 1508 5305 σώματος.
1545 5237 1632 5290 Ἐν
1663 5241 1767 5309 γὰρ

202 5324 275 5390 τῇ
317 5323 415 5391 τῆς
435 5324 612 5393 ψυχῆς
653 5328 786 5396 πρὸς
818 5328 879 5379 τὸ
931 5328 1087 5396 σῶμα
1136 5328 1454 5394 συγκρίσει,
1487 5329 1569 5390 τίς
1606 5330 1775 5393 οὕτως

202 5413 455 5477 οινόητος,
482 5414 556 5477 ὡς
600 5416 726 5483 μίαν
753 5418 1077 5486 ἀμφοτέρων
1107 5416 1270 5483 φύσιν
1301 5418 1500 5479 εἰπεῖνς
1527 5418 1775 5486 Χριστών

291 5568 332 5593 τ⁸
365 5566 514 5635 Epist.
582 5569 644 5619 .Itl
685 5568 835 5622 (llud.

1882 637 2257 701 ratiocinetur,
2311 636 2415 687 alia
2452 651 2582 690 vero
2609 634 3031 705 id‘exsequatur
3059 639 3206 708 quod
3236 645 3447 695 ratione

1878 728 2149 796 digessit(
2204 727 2387 780 animo
2437 726 2751 795 siquidem,
2789 728 2993 796 navigii
3038 739 3167 798 puta
3221 745 3445 801 compa-

1878 832 1997 886 gem
2038 818 2378 887 complexus,
2418 824 2741 885 conceptam
2793 824 2973 871 mente
3012 826 3341 873 structuram
3376 819 3441 875 ad

1878 908 2037 963 ﬁnem
2071 910 2320 978 perducit
2351 910 2407 979 );
2448 910 2525 963 ita
2560 908 2734 964 Filius
2766 925 2892 964 cum
2930 926 3072 965 unus
3101 913 3201 977 sit,
3232 920 3287 968 et
3319 912 3444 967 dua:

1877 1006 2122 1063 naturae;
2169 1001 2339 1053 altera
2379 1001 2560 1055 divina
2598 1000 2861 1054 miracula
2911 1001 3044 1067 edit,
3070 1002 3239 1055 altera
3263 1011 3459 1057 autem'

1877 1091 2106 1160 suscipit
2158 1090 2410 1144 humilia.
2467 1091 2749 1157 Quatenus
2804 1102 2890 1144 est
2936 1089 3206 1145 eX'Patre
3265 1091 3439 1154 Deus,

1877 1182 2122 1252 prodigia
2141 1190 2399 1251 operatur
2427 1197 2441 1246 ;
2476 1193 2747 1252 quatenus
2772 1193 2900 1237 vero
2927 1196 2993 1236 ex
3026 1180 3247 1251 Virgine
3278 1184 3443 1238 homo

1876 1282 1977 1337 est,
2009 1288 2251 1339 crucem,
2286 1274 2808 1343 perpessionesque,
2845 1281 2904 1328 et
2931 1270 3134 1328 similia
3177 1276 3443 1327 naturali-

1879 1374 1960 1418 ter
2010 1373 2062 1419 et
2098 1372 2291 1433 sponte
2339 1363 2623 1420 sustinuit.
2669 1382 2686 1415 ι
2748 1364 2848 1418 Cui
2883 1379 3078 1419 censes
3133 1367 3439 1433 exemplum

1878 1457 2249 1524 patrocinari?
2297 1457 2363 1511 iis
2390 1456 2482 1525 qui
2522 1470 2685 1509 unam
2727 1456 2781 1508 in
2802 1455 3021 1511 Christo
3057 1464 3309 1510 naturam
3360 1455 3443 1509 di-

1877 1550 1998 1602 cere
2030 1546 2308 1602 audeant?
2331 1564 2399 1601 an
2429 1547 2538 1601 illis
2580 1546 2674 1616 qui
2704 1547 2842 1602 duas
2862 1588 2876 1614 ,
2904 1556 2960 1600 ut
2993 1555 3142 1602 recta
3186 1547 3437 1602 doctrina

1878 1638 2001 1704 fert,
2034 1654 2141 1692 non
2204 1638 2466 1695 confusas
2488 1680 2502 1702 ,
2538 1656 2713 1709 neque
2751 1640 2957 1695 divisas
3000 1639 3333 1709 praedicant?
3359 1637 3438 1692 Ad

1878 1730 1992 1783 haec
2024 1729 2321 1799 Gregorius
2357 1730 2665 1799 Theologus
2684 1731 2758 1783 ait
2783 1730 2824 1762 ¹⁸
2861 1748 2877 1785 :
2908 1750 2926 1783 ι
2964 1730 3184 1783 Naturae
3216 1730 3439 1799 quidem

1877 1819 2017 1882 dure,
2046 1820 2186 1873 Deus
2234 1828 2287 1873 et
2348 1820 2546 1884 homo,
2587 1821 2848 1890 quoniam
2886 1822 3065 1874 anima
3114 1832 3168 1876 et
3194 1834 3439 1891 corpus;

1805 1883 1846 1939 Β
1874 1909 2119 1964 ﬁliivero
2153 1925 2257 1963 non
2286 1909 2415 1975 duo,
2450 1883 2624 1978 neque
2654 1909 2749 1963 dii.
2790 1929 2808 1961 ι

1945 2002 2032 2056 56.
2056 2001 2210 2067 Quod
2280 2015 2408 2054 vero
2468 2001 2766 2053 maximum
2819 1999 2931 2055 illic
2976 2000 3283 2055 discrimen
3344 1999 3438 2063 sit,

1873 2096 2070 2149 exinde
2151 2093 2491 2147 noverimus.
2555 2094 2633 2146 Ex
2685 2094 3021 2162 quibusnam
3075 2093 3438 2161 compositum

1873 2196 1997 2235 esse
2018 2180 2292 2234 hominem
2327 2178 2554 2233 dicitis?
2581 2194 2648 2234 ex
2685 2180 2865 2233 anima
2887 2180 3073 2249 utique
3099 2188 3154 2233 et
3185 2194 3434 2247 corpore.

1875 2270 2053 2325 Eccur
2079 2270 2246 2340 igitur
2275 2284 2382 2323 non
2416 2269 2693 2324 fateamini
2728 2268 3010 2326 Christum
3050 2284 3174 2326 esse
3210 2285 3435 2338 compo-

1874 2361 2039 2415 situm
2080 2374 2147 2413 ex
2183 2358 2294 2414 Deo
2337 2368 2392 2414 et
2433 2359 2698 2414 homine?
2747 2359 2959 2425 Quidve
2984 2374 3167 2415 causa;
3208 2370 3334 2424 est,
3380 2365 3439 2412 ut

1874 2466 1983 2506 non
2004 2466 2067 2505 ex
2083 2450 2367 2504 animitate
2396 2458 2449 2504 et
2475 2447 2865 2519 corporalitate
2887 2459 3142 2504 constare
3165 2449 3436 2504 hominem

1875 2542 2273 2612 pronuntietis,
2321 2541 2491 2596 veluti
2540 2540 2818 2596 Christum
2857 2555 2925 2595 ex
2975 2540 3062 2595 dei
3089 2547 3175 2595 ate
3233 2547 3287 2594 et
3340 2539 3437 2592 hu-

1878 2632 2187 2686 manitate?
2215 2630 2400 2697 Quare
2426 2632 2589 2687 homo
2631 2646 2741 2686 non
2770 2639 2917 2686 totus
2945 2632 3129 2685 anima
3149 2671 3164 2694 ,
3197 2645 3300 2686 nec
3351 2637 3438 2685 to-

1874 2731 1963 2779 tus
1992 2738 2194 2793 corpus
2240 2724 2466 2789 dicitur,
2503 2728 2657 2780 sicut
2707 2724 2963 2779 Christus
3009 2731 3159 2780 totus
3196 2723 3338 2779 Deus
3384 2734 3441 2780 et

1874 2822 2021 2868 totus
2048 2814 2255 2868 homo?
2293 2829 2400 2867 non
2435 2821 2586 2869 totus
2620 2815 2673 2868 in
2707 2815 2997 2868 animitate
3041 2801 3349 2882 perfectus,
3383 2822 3439 2868 et

1873 2912 2027 2959 totus
2083 2904 2139 2957 in
2170 2906 2560 2972 corporalitate
2608 2905 2885 2974 perfectus
2929 2923 2944 2960 :
2986 2905 3131 2960 sicut
3185 2904 3440 2960 Christus

1874 3002 2026 3050 totus
2069 2994 2124 3059 in
2165 2994 2455 3050 divinitate
2495 2997 2794 3065 perfectus,
2817 3006 2872 3051 et
2893 3005 3041 3051 totus
3082 2998 3137 3049 in
3183 2996 3437 3050 humani-

1873 3092 1983 3140 tate
2009 3085 2285 3155 perfectus
2309 3126 2323 3149 ,
2354 3100 2456 3145 nec
2482 3094 2634 3139 totus
2676 3087 2858 3139 anima
2892 3100 2999 3139 una
3022 3100 3150 3139 eum
3173 3099 3434 3155 corpore,

1873 3186 1926 3231 et
1964 3183 2115 3230 totus
2157 3191 2363 3245 corpus
2409 3191 2516 3230 uua
2562 3190 2687 3231 cum
2730 3178 2945 3242 anima,
3007 3180 3150 3233 sicut
3184 3177 3441 3233 Christus

1879 3273 2025 3318 totus
2057 3263 2200 3319 Deus
2232 3278 2355 3317 eum
2377 3278 2475 3317 sua
2502 3279 2692 3328 carne,
2723 3273 2777 3318 et
2794 3274 2942 3319 totus
2979 3266 3144 3319 homo
3170 3282 3295 3319 cum
3330 3268 3438 3320 dei-

1877 3360 1985 3408 tate
2011 3367 2132 3416 sua,
2163 3367 2287 3422 quae
2311 3352 2528 3406 initium
2557 3367 2671 3407 non
2697 3354 2908 3408 habuit.
2942 3354 3119 3411 Homo
3146 3356 3444 3426 siquidem,-

1876 3459 1942 3497 ex
1973 3444 2153 3496 anima
2192 3450 2250 3497 et
2284 3457 2514 3510 corpore
2555 3451 2847 3508 constans,
2890 3444 3039 3499 aliud
3070 3446 3198 3516 quid
3244 3456 3441 3515 praeter

1880 3536 1993 3588 haec
2015 3532 2247 3589 effectus
2293 3532 2451 3603 411
2486 3542 2603 3598 est,
2650 3550 2843 3604 nempe
2897 3536 3060 3591 homo
3117 3554 3132 3591 :
3183 3537 3441 3593 Christus

1878 3639 2006 3678 vero
2034 3639 2097 3679 ex
2122 3625 2375 3685 diversis.
2408 3624 2600 3678 eadem
2630 3643 2644 3678 :
2686 3641 2752 3678 ex
2783 3625 3071 3681 divinitate
3099 3634 3154 3681 et
3182 3627 3439 3679 humani-

1877 3723 2007 3770 tate.
2057 3713 2207 3768 Deus
2227 3713 2391 3768 simul
2420 3722 2475 3766 et
2511 3713 2695 3767 homo.
2728 3714 2785 3767 Si
2816 3723 2995 3768 autem
3043 3732 3135 3785 per
3157 3718 3337 3771 omnia
3362 3718 3441 3771 si-

1876 3804 2002 3857 mile
2032 3802 2341 3871 exemplum
2398 3801 2570 3865 foret,
2605 3805 2981 3856 necessarium
3015 3812 3161 3858 esset
3202 3814 3439 3858 vestram

1877 3894 2024 3946 illam
2057 3894 2414 3961 compositam
2449 3904 2704 3946 naturam
2740 3894 3023 3948 nominare
3055 3892 3438 3958 Christitatem,

1877 3976 2024 4030 velut
2053 3984 2247 4029 natura
2279 3974 2564 4028 hominum
2596 3985 2680 4028 est
2709 3986 2763 4029 et
2795 3977 2998 4030 dicitur
3031 3978 3366 4032 humanitas.

1946 4066 2036 4122 57.
2077 4065 2376 4128 Praeterea,
2427 4064 2610 4118 anima
2675 4066 3122 4134 perpessionibus
3189 4067 3437 4135 corporis

1877 4162 2277 4225 prmoccupata,
2308 4168 2543 4222 corpore
2573 4155 2727 4222 prius
2766 4169 2908 4223 saepe
2957 4156 3202 4225 patitur;
3245 4172 3438 4226 perpe-
3490 4220 3498 4226 ί

1877 4257 1971 4300 tuo
2014 4260 2147 4300 vero
2174 4259 2279 4297 una
2329 4244 2556 4313 patitur.
2610 4243 2763 4313 Saepe
2811 4245 3078 4313 siquidem
3110 4246 3330 4313 accidit,
3382 4257 3441 4301 ut

1876 4344 2093 4407 propter
2135 4336 2383 4405 corporis
2422 4336 2715 4390 sectionem
2765 4345 3016 4404 angatur,
3058 4345 3113 4391 et
3144 4342 3277 4391 ante
3347 4354 3440 4409 pa-

1878 4429 2061 4491 tiatur,
2100 4442 2262 4497 quam
2294 4441 2494 4496 corpus
2520 4426 2732 4489 doleat,
2769 4436 2930 4495 atque
2966 4429 3318 4482 mutationem
3344 4444 3437 4482 ca-

1806 4549 1847 4603 D
1876 4518 2010 4587 piat.
2035 4516 2154 4578 Ast,
2196 4524 2346 4570 secto
2378 4529 2643 4582 corpore,
2704 4516 3061 4570 nihilominus
3105 4532 3266 4584 quam
3314 4532 3437 4570 cor-

1876 4623 2003 4677 pus,
2033 4606 2239 4661 doloris
2267 4618 2430 4659 sensu
2452 4604 2680 4658 aﬂicitur
2719 4623 2733 4659 :
2772 4605 2917 4676 quod
2946 4613 3128 4660 tamen
3170 4610 3220 4660 in
3244 4608 3441 4660 divini-

1876 4706 1986 4751 tate
2019 4695 2234 4749 Domini
2275 4709 2435 4748 nemo
2469 4710 2637 4749 sanus
2668 4696 2919 4751 evenisse
2948 4697 3167 4750 dixerit.
3202 4696 3316 4752 Etsi
3348 4713 3441 4752 er-

1874 4800 1941 4856 go
1974 4783 2137 4837 unius
2184 4791 2394 4836 natura:
2440 4782 2601 4836 homo
2643 4782 2885 4848 dicitur;
2935 4792 2990 4835 at
3038 4798 3148 4837 non
3179 4792 3438 4852 tanquam

1877 4874 2208 4945 hypostasis,
2259 4872 2354 4928 sed
2387 4880 2647 4941 tanquam
2675 4872 2905 4942 species.
2940 4870 3073 4926 Nam
3110 4888 3235 4927 cum
3278 4874 3440 4927 homo

1875 4982 1997 5020 cum
2036 4965 2258 5018 homine
2313 4963 2614 5027 confertur,
2668 4964 2834 5019 unius
2878 4972 3107 5027 naturae,
3165 4980 3263 5021 ceu
3306 4981 3439 5020 con-

1875 5054 2262 5109 substantiales
2314 5052 2626 5120 ejusdemve
2668 5053 2989 5107 substantia:
3037 5054 3317 5118 dicuntur,
3386 5063 3440 5109 et

1875 5155 2131 5212 tauquam
2184 5144 2285 5197 sub
2331 5157 2435 5196 una
2483 5143 2666 5211 specie
2722 5144 2995 5197 collocati.
3051 5142 3281 5209 Quando
3312 5160 3441 5199 vero

1874 5235 1939 5288 de
1982 5243 2176 5287 natura
2222 5231 2456 5286 hominis
2488 5230 2827 5301 disputatur,
2867 5234 2987 5287 dua:
3020 5233 3074 5286 in
3127 5249 3192 5287 eo
3234 5242 3441 5288 natura:

1883 5331 2226 5393 spectantur},
2261 5322 2455 5376 animae
2514 5322 2725 5376 scilicet
2779 5330 2831 5376 et
2875 5325 3143 5392 corporis.
3191 5324 3246 5377 Si
3295 5326 3437 5378 enim

1901 5419 2066 5471 mima
2098 5430 2218 5469 cum
2244 5427 2471 5483 corpore
2523 5423 2891 5481 comparetur,
2937 5416 3061 5483 quis
3098 5415 3172 5467 ita
3217 5414 3437 5469 demens

1485 5661 1716 5715 νΑιιιιΕ
1754 5659 2148 5717 LECTIONES.

296 5780 302 5796 ί
338 5768 489 5821 iuri.
524 5772 683 5825 vertit
708 5774 907 5839 genitus
932 5782 1027 5837 est,
1061 5788 1123 5829 ac
1156 5774 1200 5829 si
1238 5774 1425 5846 legerit
1448 5775 1788 5842 γεγέννηται.
1836 5774 1996 5830 Arab.
2028 5789 2150 5833 vero
2194 5774 2387 5840 posuit,
2414 5774 2535 5842 fuit,
2576 5774 2747 5843 [actus
2771 5784 2865 5829 est.
2908 5774 3218 5846 γεγένηται.
