4156 6436
195 476 212 538 l
230 475 322 538 £60

1444 474 1742 534 CONTRA
1766 473 2180 533 JACOBITAS.

3308 473 3435 539 1470

187 589 278 641 καὶ
309 587 464 639 ἄλλο
500 587 593 638 ἐπὶ
631 586 726 654 τῆς
776 585 1088 655 οἰκονομίας
1118 584 1204 637 ἀεὶ
1233 583 1329 647 τὰς
1358 584 1548 652 φύσεις
1597 585 1764 654 δηλώ-

1870 591 1924 636 et
1953 583 2098 635 aliud
2127 588 2184 635 et
2217 582 2365 634 aliud
2407 583 2460 635 in
2498 581 2919 636 iucarnationue
2953 596 3168 654 semper
3211 592 3441 640 naturas

191 697 286 732 σει.

259 768 350 832 Es'.
381 769 455 821 Τὸ
475 768 604 822 ἄλλο
631 771 697 838 τῇ
738 768 895 837 φύσει
925 769 1119 831 εἰπεῖν,
1142 769 1238 821 καὶ
1275 768 1336 820 τὸ
1368 767 1536 836 ἄλλην
1578 769 1762 836 φύσιν,

181 858 398 910 ταυτόν.
432 860 493 911 El
519 855 612 912 οὖν
646 859 706 911 τὸ
736 859 951 928 πρῶτον
994 859 1081 912 ἀεὶ
1123 859 1215 910 ἐπὶ
1247 859 1345 926 τῆς
1379 858 1630 928 θεότητος
1673 860 1767 912 τοῦ

184 950 422 1018 Χριστοῦ
467 951 562 1004 καὶ
615 952 714 1020 τῆς
769 951 1191 1020 ἀνθρωπότητος
1237 949 1424 1014 αὐτοῦ,
1457 950 1542 1003 ἀεὶ
1574 953 1665 1002 καὶ
1709 953 1770 1003 τὸ

184 1038 454 1110 δεύτερον.
494 1041 662 1110 Ἀλλη
686 1041 741 1093 δὲ
780 1040 874 1093 καλ⁵
922 1041 1054 1107 ἄλλη
1104 1039 1263 1107 φύσις
1286 1079 1298 1103 ,
1331 1042 1430 1092 οὐκ
1460 1039 1610 1092 ἔσται
1648 1041 1765 1110 μία.

257 1221 363 1284 Eg’.
405 1221 470 1272 Τί
525 1222 652 1289 ὑμῖν
703 1219 956 1288 βούλεται
987 1220 1018 1286 ἠ
1052 1219 1304 1281 σύνθετος
1335 1219 1494 1286 φύσις
1530 1235 1544 1282 ;
1584 1219 1769 1284 Ἐνικῇ

184 1312 438 1381 προφορᾷ
461 1310 552 1363 δύο
583 1310 840 1380 σημαίνει
870 1310 1201 1377 πράγματα·
1240 1310 1314 1370 ὡς
1348 1309 1499 1376 παρὰ
1524 1310 1635 1369 τοῖς
1667 1307 1772 1357 lla.‘

184 1404 379 1472 τράσιν
409 1405 440 1473 ή
488 1403 638 1472 διττὴ
669 1447 683 1467 ,
712 1402 806 1454 καὶ
845 1403 878 1470 ἡ
911 1401 1069 1469 διπλῆ
1105 1400 1265 1469 φύσις
1293 1441 1308 1465 ,
1344 1399 1439 1452 καὶ
1474 1398 1560 1460 ,ὼς
1589 1393 1769 1467 χορὸς⁹

186 1495 283 1545 καὶ
314 1495 462 1556 λαὸς,
497 1494 529 1562 ἢ
570 1493 908 1563 πληθυντικῇ
942 1493 1192 1561 προφορᾷ
1229 1491 1387 1559 μίαν,
1413 1489 1487 1552 ὡς
1527 1487 1772 1556 Ἀθῆναι,

186 1585 390 1652 Θῆϐαι,
445 1584 640 1638 καὶτὰ
692 1583 936 1637 τοιαῦτα.
971 1584 1031 1635 Ei
1095 1583 1195 1651 μὲν
1248 1580 1340 1635 οὑν
1373 1581 1432 1633 τὸ
1482 1581 1768 1649 πρότερον,

188 1675 446 1741 περιττὸν
473 1676 535 1728 τὸ
583 1676 711 1745 μίαν
744 1676 928 1742 λέγειν
959 1690 972 1704 ·
1006 1674 1125 1726 οὐδὲ
1159 1673 1266 1742 γὰρ
1289 1673 1338 1725 oi
1363 1671 1610 1740 Πατέρες
1637 1669 1766 1738 μίαν

188 1763 363 1820 εἷπον.
399 1768 463 1820 El
501 1766 557 1818 δὲ
579 1767 639 1818 τὸ
661 1767 932 1837 δεύτερον,
962 1764 1211 1834 περιττὸν
1239 1763 1299 1816 τὸ
1330 1762 1580 1814 σύνθετον
1603 1777 1614 1791 ·
1640 1778 1773 1813 ταυ-

188 1856 285 1907 τὸν
319 1856 426 1928 γὰρ
467 1857 596 1925 ὑμῖν
627 1856 690 1908 ἐκ
719 1874 777 1908 τε
808 1856 908 1925 τῆς
952 1855 1129 1922 ἁπλῆς
1159 1855 1370 1922 καὶτῆς
1395 1851 1646 1905 συνθέτου
1670 1868 1769 1920 ση-

193 1947 469 2016 μαίνεται.
499 1948 561 1999 El
589 1947 647 2000 δὲ
667 1947 852 2016 ἕτερόν
875 1964 928 1999 τι
979 1945 1130 2016 παρὰ
1169 1945 1238 1997 τὰ
1274 1945 1563 2014 εἰρημένα,
1597 1944 1763 2012 ἀλλην

189 2037 326 2105 ἡμῖν
366 2035 781 2106 συγκεχυμένην
808 2035 1147 2105 εἰσκομίζετε
1176 2035 1355 2101 φύσιν,
1387 2032 1576 2102 ὥσπερ
1601 2034 1764 2101 ἡμίο-

188 2145 305 2191 νον,
339 2128 433 2180 καὶ
477 2127 574 2196 τὴν
628 2127 759 2198 παρ’
794 2127 1048 2195 Ἕλλησιν
1090 2125 1194 2178 τῶν
1228 2124 1585 2194 πολυμόρφων
1613 2122 1766 2187 ζώων

185 2218 496 2285 τερατείαν.

264 2329 360 2395 ξςο.
404 2330 468 2380 Ἦ
521 2328 619 2398 μία
675 2327 1066 2398 σεσαρκωμένη
1121 2326 1386 2396 φύσις,ἢ
1445 2325 1518 2387 ὡς
1580 2325 1763 2394 σχῆμα

187 2420 291 2489 τὴν
337 2419 515 2490 σάρκα
578 2417 905 2488 περίκειται,
944 2415 1038 2469 καὶ
1075 2414 1171 2486 μία
1202 2415 1318 2467 ἐστὶ
1351 2415 1444 2466 καὶ
1483 2430 1763 2482 σεσαρκω-

192 2512 370 2581 μένη,
411 2507 499 2564 οἷα
541 2511 739 2581 χαλκὸς
779 2509 1091 2577 ἀνδριάντος
1145 2507 1574 2578 μεμορφωμένος
1630 2507 1761 2575 σχή-

193 2602 416 2670 ματι,ἢ
451 2601 549 2669 τῆς
601 2601 800 2669 σαρκὸς
850 2600 1150 2670 τραπείσης
1197 2599 1296 2666 τῆς
1327 2597 1764 2667 προσληφθείσης

189 2693 277 2753 εἰς
326 2691 424 2760 τὴν
473 2688 568 2741 τοῦ
625 2687 1068 2759 προσλαϐομένου
1120 2686 1300 2754 φύσιν,
1339 2684 1371 2753 ἢ
1418 2684 1493 2744 ὼς
1541 2683 1642 2750 τῆς
1670 2679 1764 2732 τοῦ

193 2781 596 2850 προσλαϐόντος
651 2780 866 2848 φύσεως
922 2776 1349 2848 μεταϐληθείσ-ης
1399 2776 1479 2837 είς
1525 2773 1624 2844 τὴν
1671 2772 1764 2825 τοῦ

190 2874 619 2945 προσλήμματος
650 2875 811 2940 φύσιν
830 2912 845 2934 ,
873 2873 966 2925 καὶ
994 2873 1092 2941 τῆς
1121 2868 1322 2931 οἰκείας
1351 2869 1535 2930 οὐσίας
1565 2884 1763 2920 πεπον-

189 2962 350 3025 θυίας
377 2961 651 3024 ἔκστασιν,
680 2962 712 3032 ἢ
739 2961 893 3013 οὐσία
914 2962 1070 3031 οὐσίᾳ
1100 2962 1324 3032 ἥνωται,
1345 2961 1437 3013 καὶ
1462 2959 1557 3011 δύο
1587 2958 1723 3011 εἰσίν
1747 2972 1760 2986 ·

186 3048 305 3106 οἷον
340 3050 434 3106 οὖν
457 3053 716 3124 αἱρεῖσθε,
750 3052 1043 3122 κηρύξατε,
1065 3051 1098 3121 ἢ
1124 3050 1215 3103 δύο
1241 3052 1430 3118 φύσεις
1455 3053 1483 3101 ό
1509 3048 1761 3118 Χριστὸς,

187 3146 222 3214 ἢ
256 3145 529 3207 παντελῶς
563 3146 623 3197 οὐ
653 3144 763 3197 δύο.
793 3143 874 3195 Τὰ
927 3144 1034 3212 γὰρ
1072 3142 1442 3210 ἀντιφατικῶς
1472 3141 1762 3206 λεγόμενα,

187 3239 388 3299 ὀλικῶς
435 3238 755 3290 ἀντίκειται·
793 3236 825 3304 ἦ
862 3235 1039 3288 τοίνυν
1087 3235 1179 3286 δύο
1207 3235 1524 3303 κηρύττετε,
1564 3232 1594 3299 ἢ
1636 3230 1762 3300 μίαν

187 3327 471 3391 ἀπολύτως
519 3329 728 3380 εἴπατε.
776 3326 841 3378 Τί
901 3327 1009 3396 γὰρ
1065 3325 1208 3388 λέξιν
1264 3320 1664 3392 προδάλλεσθε,
1694 3315 1761 3387 ἧς

190 3418 442 3487 ὰρνείσθε
471 3421 570 3487 τὴν
598 3418 826 3488 δύναμιν
871 3417 1007 3487 πρὸς
1039 3415 1312 3483 ὲξαπάτην
1336 3413 1442 3465 τῶν
1469 3409 1764 3464 ἁπλουστέ-

192 3524 302 3576 ρων
327 3524 340 3569 ;

262 3717 362 3788 ξη’.
398 3719 542 3771 Μίαν
583 3717 744 3784 φύσιν
784 3716 877 3768 τοῦ
932 3714 1069 3767 Θεοῦ
1119 3715 1290 3780 Λόγου
1338 3708 1762 3779 σεσαρκωμένην

187 3809 462 3876 λέγοντες,
501 3809 533 3879 ἢ
566 3807 680 3873 τοῦ,
713 3806 1181 3874 σεσαρκωμένην
1202 3844 1216 3868 ,
1243 3801 1493 3872 ἀρνεῖσθε
1528 3801 1626 3869 τὴν
1670 3800 1761 3852 δύ-

186 3917 373 3968 ναμιν,
399 3898 431 3967 ἦ
465 3898 523 3962 ἐξ
543 3898 804 3967 ὀνόματος
834 3896 927 3948 καὶ
948 3895 1074 3963 ὅρου
1099 3895 1190 3946 δύο
1218 3895 1407 3962 φύσεις
1437 3890 1581 3943 κατὰ
1608 3889 1764 3960 περί·

187 4010 391 4063 φρασιν
423 3992 607 4058 λέγετε
632 4008 643 4022 ·
678 3991 804 4060 μίαν
834 3990 932 4058 μὲν
956 3989 1115 4057 φύσιν
1144 3987 1449 4055 ἀναφανδὸν
1473 3984 1764 4055 ὀνομάζον-

186 4100 300 4145 τες,
338 4087 432 4151 τὴν
480 4083 534 4134 δὲ
586 4082 780 4152 ἑτέραν
807 4082 866 4144 ἐξ
903 4083 1030 4150 ὅρου
1087 4078 1396 4148 μηνύοντες.
1428 4076 1599 4147 Εἴπερ
1632 4075 1764 4146 σὰρξ

187 4174 520 4244 ἐψυχωμένη
542 4174 686 4243 ψυχῇ
721 4173 913 4241 λογικῇ
942 4173 1032 4224 καὶ
1067 4171 1251 4240 νοερᾷ,
1280 4167 1570 4239 ἀνθρώπου
1602 4165 1763 4233 φύσις

188 4266 331 4318 ιστί.

266 4377 356 4440 ξθ’.
384 4377 463 4430 Τὰ
494 4373 810 4445 ὲτεροοὺσια
866 4373 1055 4425 ἐνώσει
1099 4371 1307 4438 γίνεται
1341 4371 1419 4434 ἓν,
1453 4369 1547 4420 καὶ
1574 4367 1634 4418 οὐ
1659 4364 1763 4432 φύ-

191 4485 298 4520 σει.
327 4467 490 4518 Φύσει
513 4467 622 4535 γὰρ
655 4465 712 4515 ἓν
741 4464 809 4516 τὰ
834 4463 1114 4532 ὁμοούσια.
1141 4462 1366 4530 Ἕτερον
1402 4459 1580 4511 τοίνυν
1605 4455 1765 4524 φύσις

190 4555 289 4608 καὶ
332 4555 519 4623 ἕτερον
567 4553 781 4614 ἓνωσις,
809 4553 902 4603 καὶ
935 4551 996 4601 τὸ
1030 4549 1088 4612 ἐξ
1135 4548 1364 4601 ἑκάστου
1397 4542 1761 4612 ἀποτελούμε-

187 4663 281 4698 νον
334 4644 392 4696 ἓν
437 4645 655 4712 ἕτερον·
689 4643 751 4705 ἐξ
804 4640 1221 4709 ὀμοουσιότητος
1276 4639 1372 4706 μὲν
1424 4636 1583 4704 φύσις
1636 4634 1735 4703 μία

189 4737 258 4786 ὲκ
304 4733 361 4785 δὲ
403 4733 502 4802 τῆς
553 4732 675 4786 καθ’
711 4729 1004 4783 ὑπόστασιν
1057 4727 1336 4791 ὲνώσεως,
1374 4726 1473 4796 μία
1524 4723 1765 4777 ὑπόστα-

188 4841 297 4886 σις.

261 5057 322 5103 0'.
354 5049 426 5101 Τὸ
451 5048 705 5115 Χριστὸς
738 5047 930 5115 ὄνομα,
967 5043 1106 5098 κατὰ
1139 5044 1230 5096 τὸν
1261 5041 1531 5111 μακάριον
1556 5037 1761 5109 Κύριλ-

183 5145 304 5201 λον,
340 5139 462 5193 οὔτε
517 5140 746 5209 δύναμιν
778 5140 904 5208 ὅρου
935 5137 1068 5208 ἔχει,
1097 5134 1221 5188 οὔτε
1255 5135 1353 5204 τήν
1397 5149 1544 5194 τινος
1579 5130 1764 5183 οὐσίαν

184 5231 360 5298 δηλοῖ.
395 5232 457 5283 El
497 5229 553 5284 δὲ
611 5231 685 5300 μὴ
717 5230 904 5282 οὐσίαν
933 5229 1103 5298 δηλοῖ,
1134 5226 1224 5280 καὶ
1258 5227 1384 5296 ὅρου
1410 5225 1637 5292 δύναμιν
1665 5224 1763 5274 οὐκ

191 5317 332 5385 ἔχει,
359 5318 654 5378 ὑπόστασις
687 5317 754 5371 ἂν
795 5318 879 5386 είη
912 5318 1006 5370 καλ⁹
1035 5316 1095 5368 οὐ
1133 5313 1311 5382 φύσις.
1341 5316 1492 5384 Ὅρῳ
1515 5313 1612 5382 μὲν
1657 5311 1763 5382 γὰρ

185 5409 350 5460 οὐσία
400 5410 494 5462 καλ⁹
539 5409 702 5476 φύσις
738 5407 1029 5477 δηλοῦσθαι
1062 5407 1325 5473 πέφυκεν,
1359 5405 1649 5472 ὑπογραφῇ
1684 5403 1760 5467 δὲ,

188 5501 488 5568 πρόσωπον
527 5504 620 5554 καὶ
653 5501 971 5563 ὑπόστασις,
1001 5498 1214 5566 εἵπερ’ό
1245 5497 1343 5566 μὲν
1373 5496 1430 5558 ἐξ
1469 5493 1759 5556 οὐσιωδῶν,

187 5592 229 5661 ἦ
253 5593 308 5644 δὲ
345 5592 404 5655 ἐξ
441 5591 782 5645 ὲπουσιωδῶν
829 5591 1134 5657 σύγκειται.
1167 5588 1240 5640 Τὸ
1292 5589 1346 5639 δὲ
1391 5587 1533 5649 Θεὸς
1569 5585 1760 5652 ὄνομα,

187 5681 489 5751 ζηλωτικδν
527 5679 708 5742 οὐσίας
725 5681 877 5732 ἐστίν
911 5696 921 5706 ·
956 5677 1215 5738 ὡσαύτως
1245 5677 1300 5727 δὲ
1325 5677 1416 5727 καὶ
1445 5675 1504 5727 τὸ
1545 5673 1763 5741 ἄνθρω-

1869 672 2246 728 declarabunt.

1937 767 2026 820 65.
2083 765 2313 826 Dicere,
2360 764 2508 818 aliud
2565 773 2797 827 natura,
2856 773 2912 817 et
2962 775 3216 820 naturam
3273 765 3438 819 aliam

1870 857 2071 920 dicere,
2105 859 2246 912 idem
2280 873 2506 926 prorsus
2527 867 2627 911 est.
2665 855 2722 909 Si
2770 871 2901 924 ergo
2931 858 3171 926 primum
3210 858 3265 912 in
3297 858 3440 912 divi-

1869 950 2042 1004 nitate
2064 950 2270 1004 Christi
2323 958 2378 1002 et
2406 949 2750 1002 humanitate
2775 948 2955 1001 locum
2999 951 3196 1014 habet;
3227 965 3443 1018 semper

1870 1047 2033 1096 etiam
2061 1042 2380 1096 secundum.
2429 1042 2498 1094 At
2547 1056 2677 1096 vero
2701 1041 2806 1094 alia
2834 1052 2888 1096 et
2939 1043 3042 1094 alia
3083 1050 3280 1096 natura
3331 1057 3440 1096 non

1870 1135 1975 1188 erit
2005 1148 2133 1187 una.

1941 1223 2029 1277 66.
2067 1222 2208 1288 Quid
2252 1225 2357 1278 sibi
2396 1224 2612 1279 videtur
2643 1225 2784 1292 apud
2828 1240 2924 1279 vos
2970 1234 3169 1279 natura
3219 1240 3443 1294 compo-

1873 1316 2020 1370 sita?
2081 1317 2343 1384 singulari
2403 1331 2536 1371 voce
2580 1331 2669 1370 res
2717 1315 2836 1368 duae
2878 1316 3180 1385 signiﬁcari
3243 1317 3440 1378 solent,

1873 1416 1931 1460 ut
1969 1406 2110 1475 apud
2177 1406 2364 1460 Patres
2418 1407 2548 1460 bina
2596 1413 2649 1460 et
2673 1406 2872 1474 duplex
2917 1415 3146 1469 natura,
3185 1415 3239 1460 et
3299 1407 3444 1459 velut

1874 1500 2096 1561 chorus,
2128 1509 2180 1552 et
2205 1499 2441 1568 populus
2469 1517 2482 1564 ;
2531 1507 2624 1551 aut
2650 1499 2869 1567 plurali,
2910 1514 3018 1552 una
3044 1538 3059 1559 ,
3083 1498 3230 1552 velut
3276 1497 3445 1552 Athe-

1874 1606 1976 1655 nae,
2003 1591 2222 1652 Thebae,
2258 1599 2312 1644 et
2347 1590 2570 1644 similia.
2609 1590 2665 1643 Si
2700 1591 2924 1659 quidem
2955 1591 3141 1658 prius,
3173 1604 3440 1658 superva-

1873 1690 2101 1728 caneum
2149 1681 2231 1729 est
2258 1689 2424 1726 unam
2471 1673 2657 1728 dicere
2700 1693 2712 1728 :
2753 1690 3025 1743 nusquam
3075 1675 3220 1730 enim
3253 1673 3442 1727 Patres

1876 1782 2033 1818 unam
2059 1767 2264 1820 dixere.
2296 1764 2393 1818 Sin
2425 1775 2557 1818 vero
2580 1767 2872 1833 posterius,
2899 1766 3103 1820 frustra
3138 1766 3444 1835 composita

1874 1858 2097 1911 dicitur.
2123 1857 2269 1912 Idem
2302 1858 2506 1926 quippe
2545 1858 2703 1912 vobis
2744 1859 2980 1927 simplici
3022 1867 3184 1926 atque
3215 1871 3442 1925 compo-

1867 1950 1971 2005 sita
2031 1958 2226 2004 natura
2261 1949 2626 2018 signiﬁcatur.
2674 1947 2769 2002 Sin
2819 1960 2998 2004 autem
3051 1950 3196 2002 aliud
3244 1957 3443 2016 printer

1869 2043 1994 2107 ista,
2022 2044 2180 2097 aliam
2216 2050 2467 2095 naturam
2511 2041 2671 2094 nobis
2710 2041 2997 2094 confusam
3051 2038 3438 2102 introducitis,

1868 2135 1945 2187 uti
1981 2135 2210 2195 mulum,
2239 2139 2333 2186 aut
2371 2131 2798 2201 prodigioSailla
2847 2131 3081 2185 diversa:
3103 2129 3290 2184 formai
3317 2128 3440 2180 ani-

1869 2227 2092 2291 mantia,
2119 2241 2242 2294 qua:
2269 2240 2298 2279 a
2329 2225 2631 2295 gentilibus
2662 2222 2839 2277 ellicta
2873 2231 3024 2277 sunt.

1937 2339 2026 2395 67.
2065 2338 2184 2393 Una
2238 2338 2328 2393 illa
2384 2338 2690 2408 composita
2747 2344 2943 2390 natura
2991 2343 3098 2399 est,
3153 2335 3236 2389 vel
3300 2335 3437 2405 quia

1866 2445 2031 2485 carne
2069 2429 2292 2484 habitus
2336 2429 2512 2483 instar
2557 2427 2827 2490 induitur,
2879 2426 3126 2496 adeoque
3177 2441 3289 2480 una
3336 2438 3439 2494 est,

1867 2522 2171 2591 quamlibet
2198 2522 2508 2583 incarnata,
2545 2527 2603 2572 ut
2628 2527 2758 2588 puta
2792 2533 2866 2573 res
2904 2519 2957 2572 in
2989 2526 3183 2572 statuae
3212 2519 3442 2587 ﬁguram

1867 2612 2276 2668 conformatum
2330 2631 2343 2665 :
2392 2613 2478 2666 vel
2529 2611 2658 2681 quia
2714 2621 3000 2681 assumpta
3058 2626 3191 2665 caro
3235 2618 3443 2664 mutata

1869 2705 1973 2759 fuit
2019 2706 2075 2759 in
2105 2713 2355 2759 naturam
2391 2705 2536 2759 illius
2580 2720 2609 2758 a
2645 2719 2755 2772 quo
2808 2710 3027 2772 sumpta
3056 2711 3174 2767 est,
3207 2703 3293 2757 vel
3349 2718 3446 2772 per

1867 2805 2073 2850 natura:
2118 2794 2454 2849 assumentis
2509 2795 2564 2848 in
2609 2794 2878 2863 assumpti
2920 2801 3171 2847 naturam
3218 2804 3444 2848 conver'

1867 2888 2098 2953 sionem,
2130 2887 2203 2940 ita
2237 2895 2294 2940 ut
2326 2901 2357 2940 a
2386 2885 2706 2941 substantia
2755 2885 2975 2956 propria
3026 2885 3238 2939 moveri
3283 2898 3444 2952 passa

1868 2980 1984 3032 sit:
2023 2977 2107 3032 vel
2157 2977 2376 3032 demum
2427 2988 2701 3046 quatenus
2763 2977 3072 3032 substantia
3123 2976 3446 3032 substantim.

1867 3068 2022 3121 unita
2057 3066 2181 3129 fuit,
2209 3075 2262 3121 et
2293 3067 2414 3121 duae
2467 3070 2803 3121 consistunt.
2844 3067 3001 3132 Quod
3052 3069 3246 3122 horum
3289 3068 3446 3123 vobis

1870 3162 2145 3222 arriserit,
2197 3161 2401 3215 edicite
2443 3179 2454 3213 ε
2498 3160 2584 3214 vel
2618 3160 2748 3214 dum
2795 3170 3000 3212 natura:
3030 3160 3289 3214 Christus
3339 3167 3442 3224 est,

1790 3285 1834 3345 ο
1864 3253 1948 3306 vel
1989 3267 2334 3321 nequaquam
2366 3251 2508 3305 duae.
2549 3249 2683 3303 Nam
2731 3265 2852 3318 quae
2893 3267 2988 3319 per
3039 3249 3445 3305 c'ontradictio-

1865 3355 1986 3394 nem
2020 3341 2402 3403 enuntiantur,
2454 3338 2714 3392 omnibus
2767 3337 2944 3393 modis
2992 3338 3246 3407 Opposita
3291 3343 3442 3391 sunt.

1865 3430 1963 3484 Vel
1995 3445 2125 3499 ergo
2153 3430 2290 3484 duas
2326 3438 2557 3484 naturas
2604 3428 2920 3499 praedicata,
2970 3428 3052 3483 vel
3076 3443 3240 3483 unam
3284 3427 3440 3481 abso-

1868 3523 1978 3574 lute
2005 3520 2190 3574 dicite.
2216 3519 2356 3585 Quid
2412 3521 2556 3574 enim
2584 3519 2884 3574 dictionem
2919 3519 3249 3588 producitis,
3280 3518 3444 3587 cujus

1865 3614 1969 3666 vim
1997 3613 2280 3682 abnegatis
2313 3612 2378 3665 ad
2407 3611 2768 3680 simpliciores
2795 3609 3185 3678 decipiendos?

1934 3725 2023 3779 68.
2061 3725 2196 3778 Cum
2228 3733 2480 3777 naturam
2531 3739 2694 3776 unam
2752 3722 2846 3778 Dei
2877 3722 3043 3777 Verbi
3099 3723 3444 3777 incarnatam

1865 3817 2070 3879 dicitis,
2098 3823 2194 3869 aut
2229 3816 2336 3868 vim
2367 3816 2536 3880 vocis,
2571 3817 2940 3877 incarnatam,
2971 3815 3312 3876 inﬁciamini,
3353 3821 3447 3868 aut

1866 3924 1963 3978 per
2017 3908 2568 3963 circumlocutionem
2633 3923 2699 3963 eo
2731 3906 2954 3960 nomine
2985 3914 3038 3960 et
3082 3905 3317 3959 termino
3355 3920 3450 3957 na-

1868 4010 2025 4055 turas
2088 3996 2226 4055 duas
2281 3999 2536 4064 effertis;
2585 4013 2749 4051 uuam
2779 3997 2996 4067 quidem
3031 4006 3220 4065 aperte
3274 3997 3448 4050 nomi-

1867 4104 2088 4155 nantes,
2118 4091 2282 4146 aliam
2319 4106 2452 4146 vero
2500 4090 2766 4158 adiuncto
2816 4090 3054 4144 termino
3086 4089 3394 4142 indicantes
3434 4108 3445 4142 :

1865 4186 1910 4238 si
1947 4185 2169 4254 quidem
2193 4198 2323 4236 caro
2376 4183 2558 4235 anima
2618 4182 2854 4234 rationis
2889 4180 3159 4249 participe
3208 4181 3445 4232 animata

1866 4274 2316 4350 egintelligente,
2351 4272 2590 4327 hominis
2622 4281 2819 4324 natura
2847 4272 2945 4324 sit.

1927 4364 2028 4443 ‘69.
2064 4389 2197 4454 Quae
2234 4395 2365 4442 sunt
2397 4387 2627 4442 diversae
2665 4384 3025 4445 substantias,
3058 4383 3265 4436 unione
3311 4382 3449 4436 ﬁunt

1866 4494 2060 4542 unum,
2113 4486 2168 4533 et
2215 4493 2323 4532 non
2391 4487 2608 4530 natura.
2672 4474 2880 4528 Natura
2939 4473 3142 4541 quippe
3185 4487 3266 4525 .ea
3325 4487 3449 4539 quae

1869 4572 1997 4620 sunt
2024 4562 2269 4630 ejusdem
2299 4560 2652 4622 substantiae,
2697 4573 2862 4612 unum
2889 4567 3038 4620 sunt,
3080 4557 3240 4610 Aliud
3280 4558 3449 4626 igitur

1757 4688 1771 4706 .
1809 4669 1851 4722 ι)
1879 4664 1964 4709 est
1990 4660 2210 4714 natura,
2247 4659 2301 4705 et
2334 4649 2484 4703 aliud
2527 4651 2682 4713 unio,
2726 4659 2782 4704 et
2819 4647 2967 4701 aliud
2999 4647 3141 4715 quod
3181 4662 3245 4700 ex
3276 4647 3447 4714 pluri-

1873 4747 1975 4800 bus
2032 4743 2288 4798 efﬁcitur.
2320 4742 2688 4808 Quamobrem
2747 4755 2811 4794 ex
2868 4737 3447 4793 consubstantialitate

1875 4852 1979 4890 una
2018 4842 2210 4888 natura
2232 4842 2316 4888 est
2354 4853 2367 4888 :
2399 4848 2465 4887 ex
2492 4831 2695 4885 unione
2739 4843 2911 4900 penes
2944 4828 3302 4898 hypostasim,
3347 4827 3444 4897 hy-

1875 4928 2111 4998 postasis
2137 4941 2265 4979 una.

1938 5036 2202 5107 41370.
2222 5035 2430 5091 Nomen
2457 5036 2676 5098 Christi,
2705 5043 2757 5088 ut
2785 5034 2979 5087 beatus
3001 5030 3236 5101 Cyrillus
3269 5030 3312 5061 "
3344 5043 3445 5082 au-

1871 5136 1990 5180 ctor
2008 5136 2113 5188 est,
2146 5142 2325 5197 neque
2358 5129 2465 5180 vim
2497 5123 2845 5181 deﬁnitionis
2871 5123 3054 5186 habet,
3077 5136 3176 5175 nec
3204 5119 3440 5186 alicujus

1868 5220 2163 5274 essentiam
2189 5219 2460 5273 declarat.
2495 5217 2650 5283 Quod
2686 5217 2730 5269 si
2753 5230 2853 5269 nec
2878 5212 3175 5268 essentiam
3200 5209 3442 5263 declarat

1871 5309 2126 5377 alicujus,
2188 5324 2290 5363 nec
2337 5311 2442 5362 vim
2477 5308 2642 5361 habet
2697 5305 3066 5364 deﬁnitionis,
3124 5297 3442 5370 bypostasis

1873 5399 1996 5461 erit,
2031 5413 2136 5452 non
2169 5408 2386 5451 natura.
2424 5396 2757 5451 Deﬁnitione
2800 5395 2946 5448 enim
2975 5390 3222 5446 essentia
3255 5387 3439 5443 decla-

1872 5502 2022 5544 ratur
2051 5509 2064 5544 :
2109 5490 2481 5558 descriptione
2524 5502 2677 5550 vero,
2715 5500 2954 5555 persona
2986 5491 3041 5538 et
3072 5480 3392 5554 hypostasis
3420 5497 3437 5533 :

1870 5580 2315 5649 quandoquidem
2361 5577 2610 5631 definitio
2656 5591 2720 5630 ex
2776 5572 3163 5628 essentialibus
3211 5581 3437 5636 compo-

1871 5672 2052 5738 nitur;
2081 5669 2378 5737 descriptio
2414 5683 2541 5722 vero
2573 5683 2637 5722 ex
2669 5667 2734 5719 iis
2767 5680 2885 5734 qua:
2932 5670 3062 5719 sunt
3089 5661 3144 5716 in
3176 5659 3430 5716 substan-

272 5862 312 5892 ¹⁹
342 5860 526 5930 Cyrill.
568 5861 620 5914 in
653 5859 821 5913 schol.
864 5858 1012 5910 citat.
1060 5873 1086 5907 τι
1122 5854 1178 5909 S.
1216 5855 1378 5921 Mam,
1408 5855 1566 5922 eplal.
1608 5854 1627 5906 l
1659 5853 1722 5907 ad
1747 5851 1991 5906 Thalass.
2032 5849 2186 5904 Tom.
2223 5847 2284 5915 ll,
2330 5866 2380 5918 ρ.
2424 5849 2544 5900 9.77.
