4156 6436
146 401 288 469 1473

1389 401 1677 461 CONTRA
1720 404 2125 463 J.-\(‘.(ii‘iiT.-\S.

3188 416 3316 477 HM

213 514 309 577 σε’.
344 511 419 564 τι,
442 512 548 564 τῶν
578 510 912 579 πραγμάτων
941 508 1123 571 ποσὸν,
1154 510 1211 559 οὐ
1263 511 1419 576 μόνον
1451 511 1687 578 ὡρισμέ-
1716 552 1723 569 Α

1748 546 1757 570 ι
1855 513 1940 564 77.
1975 508 2262 577 Quantitas
2291 528 2467 565 rerum
2498 528 2602 566 non
2640 518 2814 569 solum
2848 517 3066 569 deﬁnito
3098 537 3318 575 nnnn-ro

135 617 234 664 νος
261 601 489 670 ἀριθμὸς
521 600 845 669 παρίστησιν
868 635 883 659 ,
905 597 1038 649 ἀλλὰ
1071 596 1134 665 δὴ
1173 598 1263 648 καὶ
1301 599 1327 648 ὁ
1360 598 1624 665 ἀόριστος,
1654 602 1682 649 6

1785 609 2220 664 repra‘sentatur,
2248 616 2433 653 verum
2451 603 2608 654 etiam
2633 602 2941 668 indelinito;
2980 617 3057 668 ul,
3093 624 3177 659 ex.
3211 627 3317 677 gn,

136 688 313 745 πολλά
338 689 515 758 τυχὸν,
550 688 643 739 καὶ
672 687 824 753 ὀλίγα
846 725 860 745 .
886 688 979 739 καὶ
1007 685 1240 748 πλείονα,
1271 687 1359 737 καὶ
1388 687 1641 738 ἐλάττονα
1668 702 1678 713 ⁸
1717 722 1723 728 ι

137 778 240 828 καὶ
290 778 323 846 ἡ
356 775 615 842 ἀναλογία
651 774 707 826 δὲ
741 776 935 829 ταυτὸν
966 772 1071 828 οἶδε
1114 777 1368 838 πολλάκις
1392 781 1580 841 ποιεῖν,
1610 781 1682 839 ὼς

138 867 208 916 τὸ
246 864 429 933 μεῖζον
460 865 551 916 καὶ
592 866 705 917 ἴσον
746 865 840 917 καὶ
879 861 1067 934 ἥττον’
1095 866 1226 919 ἀλλά
1271 868 1362 918 καὶ
1388 869 1418 935 ἠ
1444 868 1683 934 δεικτικὴ

139 952 320 1023 φωνὴ,
347 952 522 1007 τοῦτό
549 971 710 1023 φημι,
738 953 995 1019 κάκεῖνο,
1016 956 1108 1009 καὶ⁵
1150 956 1351 1016 ταῦτα,
1387 957 1480 1007 καὶ
1510 956 1681 1017 ἄλλο,

137 1040 243 1094 καὶ
264 1025 490 1109 ἕτερον·
518 1043 610 1094 καὶ
639 1042 677 1107 ἡ
728 1040 914 1106 τάξις,
956 1042 1030 1103 ὡς
1069 1044 1178 1109 πρὸ
1221 1043 1413 1103 τοῦδε,
1443 1044 1533 1094 καὶ
1558 1043 1685 1110 μετ’

1785 687 1973 738 multis
2001 696 2052 737 et
2089 690 2301 754 paucis,
2334 689 2581 755 pluribus
2616 699 2668 743 et
2698 694 3069 757 paucioribus.
3095 697 3319 764 Coum..-

1786 774 1923 824 ratio
1975 775 2111 827 idem
2164 792 2377 843 quoque
2432 790 2685 844 prmstare
2729 782 2898 844 snlet,
2935 792 2989 832 nt
3030 786 3200 845 majus
3226 827 3237 843 .
3272 797 3319 837 et

1785 856 2009 931 :equale,
2046 874 2097 917 et
2138 868 2314 918 minus
2347 889 2356 919 :
2388 868 2493 919 into
2529 877 2579 919 et
2616 884 2715 919 vox
2746 871 3170 930 demonstrandi,
3206 876 3320 930 hoc.

1787 952 2029 1019 inquam,
2073 966 2123 1007 ct
2174 956 2327 1013 illud,
2374 963 2424 1008 el
2476 956 2683 1016 mmet
2746 959 2909 1017 aliud,
2961 967 3014 1011 et
3068 960 3324 1020 alterum;

1787 1041 2019 1108 itemque
2069 1042 2229 1103 ordo;
2267 1051 2322 1092 ut
2368 1053 2486 1095 ante
2538 1045 2646 1105 hoc,
2696 1054 2770 1101 et.
2819 1058 2929 1111 past
2979 1050 3133 1109 illud,
3170 1062 3242 1111 et,
3294 1072 3324 1103 ιι

135 1129 370 1191 ἐκεῖνο,
402 1130 495 1181 καὶ
523 1130 621 1183 ἀπ’
666 1129 877 1197 ἀρχῆς,
906 1130 997 1181 καὶ
1026 1129 1293 1195 ὕστερον,
1321 1132 1413 1182 καὶ⁵
1434 1130 1606 1199 ἕτεροι
1631 1130 1686 1181 δὲ

1785 1129 2056 1192 principio,
2082 1138 2155 1191 et,
2190 1139 2391 1195 poslca,
2429 1133 2627 1199 aliique
2660 1132 2907 1187 fortassis
2938 1139 3102 1189 modi.
3132 1139 3184 1189 Si
3225 1142 3322 1207 igi—

137 1218 337 1286 τρόποι
374 1218 549 1286 τυχόν.
566 1218 626 1270 El
655 1219 752 1286 μὲν
779 1215 869 1272 οὖν
895 1221 1097 1280 πάντας
1122 1220 1243 1281 τοὺς
1267 1219 1496 1287 τρόπους
1518 1220 1687 1288 δηλω-

136 1305 332 1372 saxei);
368 1306 465 1374 τῆς
488 1306 595 1357 τῶν
624 1306 958 1375 πραγμάτων
984 1309 1302 1375 ποσότητος,
1332 1308 1687 1376 διαιρετικοίις

138 1394 353 1462 λέγετε,
380 1394 609 1462 ἐγγύθεν
637 1397 665 1446 6
712 1394 947 1464 ἔλεγχος.
980 1397 1121 1448 Μίαν
1167 1397 1271 1464 γὰρ
1311 1398 1403 1448 καὶ
1442 1398 1566 1464 μίαν
1590 1397 1689 1464 φύ-

139 1482 458 1551 σινδίτερόν
504 1501 563 1536 τε
610 1486 704 1536 καὶ
750 1486 970 1553 ἕτερον,
1005 1488 1095 1538 καὶ
1136 1487 1259 1537 ἄλλο
1293 1488 1384 1538 καὶ
1426 1487 1571 1545 ἄλλο.
1600 1488 1691 1537 καὶ

139 1573 340 1639 φύσεις
377 1573 639 1643 ἀορίστως
666 1574 754 1625 καὶ
791 1574 1071 1643 ίδιότητας,
1102 1575 1191 1627 καὶ
1217 1575 1397 1643 μεῖζον
1423 1575 1515 1627 καὶ
1535 1574 1689 1628 ἔλατ-

138 1677 262 1727 τον,
287 1664 378 1716 καὶ
411 1665 671 1732 πρότερον
703 1663 796 1715 καὶ
842 1662 1064 1732 ὕστερον
1098 1663 1305 1730 λέγετε.
1344 1664 1405 1716 Ei
1432 1663 1488 1715 δὲ
1535 1665 1690 1731 μόνον

138 1747 241 1802 τὸν
282 1747 580 1818 ὡρισμένον
615 1749 862 1818 ἀριθμὸν,
897 1751 989 1802 καὶ
1046 1751 1277 1819 μάλιστα
1326 1740 1424 1819 τῆς
1466 1750 1687 1811 δυάδος,

1788 1223 1875 1264 ιιιι·
1898 1229 2085 1267 omnes
2113 1218 2316 1277 modos,
2351 1218 2546 1284 quibus
2579 1221 2852 1284 quantitas
2879 1238 3054 1275 rerum
3092 1227 3326 1278 dei-Iura-

1788 1311 1895 1361 tur,
1932 1303 2258 1355 divisionem
2304 1304 2559 1356 inducere
2596 1308 2803 1364 dicitis.
2844 1310 3000 1362 obvia
3040 1311 3326 1379 facilisque

1788 1392 2096 1442 confutalio
2147 1401 2253 1444 est.
2314 1394 2485 1445 Unam
2523 1395 2720 1461 quippe
2764 1405 2923 1464 atque
2977 1415 3135 1451 unam
3174 1414 3325 1452 natu—

1768 1493 1927 1539 -ram,
1964 1478 2239 1531 diversum
2272 1482 2397 1530 item
2433 1489 2486 1533 et
2533 1483 2833 1545 diversum,
2877 1487 3021 1537 aliud
3055 1498 3107 1539 et
3139 1490 3281 1541 aliud
3312 1531 3323 1543 .

1791 1574 2016 1621 naturas
2042 1569 2205 1621 etiam
2244 1568 2542 1632 indeﬁnite,
2579 1580 2631 1624 et
2663 1575 3039 1640 proprietates,
3072 1580 3243 1643 majus
3275 1589 3326 1629 ιιι

1790 1657 1995 1717 minus,
2028 1656 2181 1723 prius
2213 1664 2265 1707 et
2294 1658 2567 1725 posterius
2598 1659 2800 1713 dicitis.
2842 1661 2936 1713 Sin
2970 1678 3095 1715 vero
3129 1667 3325 1716 solum-

1791 1744 1952 1796 modo
1985 1760 2269 1798 numerum
2297 1744 2601 1809 deﬁnitum,
2632 1756 2683 1799 et
2714 1751 3003 1802 maximum
3037 1753 3325 1811 binnrium,

138 1811 380 1906 διαιριίν
418 1811 860 1909 ύποτίθεσθεῖτῆς
899 1811 1141 1905 ἐξουσίας
1170 1856 1183 1869 ·
1223 1840 1304 1901 τίς
1345 1811 1452 1909 γάρ
1492 1842 1524 1908 ή
1554 1841 1687 1893 ἀπο-
1721 1812 1723 1818 Υ

1748 1814 1760 1863 ⁵
1790 1834 2028 1888 dividere
2060 1836 2283 1903 ponitis,
2320 1836 2419 1888 hoc
2450 1845 2640 1889 vestrae
2674 1838 2901 1892 licentiae,
2933 1841 3059 1892 erit.
3098 1841 3327 1905 Quinam

144 1927 463 1999 κλήρωσιςι
498 1930 599 1999 τῆς
641 1929 894 1998 ἀληθείας
932 1931 1128 2000 ἑτέρως
1170 1930 1426 1998 ὲχούσηςς
1461 1929 1521 1981 Ἦ
1566 1931 1693 1992 δυὰς

143 2017 261 2090 γὰρ
283 2020 374 2071 καὶ
400 2019 467 2073 τὰ
487 2018 578 2071 δύο
604 2019 736 2088 όμοῦ
758 2019 825 2072 τὰ
853 2020 1219 2088 ἀριθμούμενα
1252 2020 1577 2089 συλληπτικῇ
1608 2020 1695 2071 δυ·

144 2109 313 2178 νάμει
339 2108 737 2179 παρίστησιν,ἢ
775 2111 874 2177 τῆς
914 2112 1040 2178 μιᾶς
1080 2110 1226 2179 ὑμῶν
1259 2110 1287 2161 ό
1321 2109 1694 2178 διαλελυμένος

145 2198 406 2269 ἀριθμὸς,
442 2199 536 2252 καὶ
565 2198 685 2252 καθ’
709 2198 895 2252 ἑαυτὸν
936 2200 1319 2272 θεωρούμενος.

222 2360 323 2442 ιη’.
358 2372 480 2425 Ἐπὶ
509 2375 638 2426 πᾶσι
663 2373 820 2427 τοῦτο
843 2376 971 2444 ἡμῖν
987 2377 1343 2443 ἀπαγγείλατε
1364 2394 1377 2408 ο
1413 2377 1523 2447 ἔχει
1550 2377 1698 2455 θείαν

151 2460 316 2532 φύσιν
342 2464 621 2533 ὀΧριστὸς
659 2466 754 2519 καὶ
800 2465 938 2534 μετὰ
977 2466 1072 2536 τὴν
1103 2468 1319 2532 ἓνωσιν;
1343 2468 1468 2531 Ναὶ,
1499 2469 1692 2537 ἐρεῖτε.

154 2551 312 2621 ’Βχει
339 2552 395 2604 δὲ
433 2554 525 2605 καὶ
557 2554 901 2624 ἀνθρωπίνην
938 2572 951 2619 ;
984 2557 1091 2613 Καὶ
1136 2555 1290 2609 τοῦτο
1336 2557 1695 2627 συνομολογή-

154 2651 299 2701 aeu,
320 2635 375 2688 εί
394 2654 458 2704 γε
478 2641 551 2707 μὴ
573 2642 752 2709 γυμνῇ
774 2643 838 2709 τῇ
863 2643 1067 2710 κεφαλῇ
1091 2642 1301 2693 ἀσεϐεῖν
1330 2643 1692 2711 βουληθείητε.

152 2724 318 2787 δύσις
344 2722 437 2781 οὖν
467 2728 584 2780 θεία
624 2729 718 2781 καὶ
761 2728 916 2797 φύσις
962 2730 1291 2800 ἀνθρωπίνη,
1328 2732 1427 2800 μία
1460 2734 1633 2801 φύσις,
1661 2736 1693 2804 ἢ

152 2812 251 2867 δύο
284 2816 454 2879 είσίνς
500 2816 637 2869 Ἀλλ’
667 2820 715 2870 εί
741 2818 837 2886 μὲν
871 2820 997 2888 μίαν
1033 2820 1241 2889 εἴπητε,
1272 2822 1425 2876 ἔσται
1452 2827 1481 2875 6
1510 2827 1695 2895 Πατὴρ

154 2909 291 2977 ἡμῖν
318 2908 598 2977 ὁμοούσιος
618 2926 634 2941 ·
663 2912 711 2962 εί
742 2910 796 2963 δὲ
825 2911 916 2963 δύο
945 2912 1038 2963 καὶ
1075 2912 1134 2963 οὐ
1170 2914 1285 2982 μία,
1312 2914 1364 2965 τί
1391 2915 1465 2983 μὴ
1494 2914 1582 2987 τὸν
1608 2915 1697 2968 τύο

158 3013 261 3064 φον
285 2997 381 3050 σὺν
410 2999 489 3066 τῷ
516 2998 704 3051 τούτου
727 3002 1007 3070 γεννήτορι
1041 3003 1251 3072 μακρὰν
1275 2996 1694 3073 ἀπορρίψαντες,

1790 1926 1934 1977 enim
1967 1919 2035 1977 id'
2066 1928 2292 1978 sortitus
2327 1927 2433 1987 sit,
2475 1928 2688 1994 quando
2720 1930 2925 1982 veritas
2964 1931 3117 1983 aliter
3146 1948 3202 1984 se
3234 1933 3328 1984 lia-

1793 2013 1923 2066 bet?
1970 2012 2215 2066 Dualitas
2247 2015 2446 2081 quippe
2485 2029 2537 2067 et
2578 2015 2684 2068 duo
2709 2056 2722 2077 ,
2771 2032 2831 2069 ea
2871 2034 2987 2084 qua:
3041 2036 3329 2072 numeran-

1794 2111 1905 2165 tur,
1954 2104 2005 2156 vi
2056 2102 2287 2171 quadam
2338 2104 2659 2173 colligente,
2706 2107 2863 2159 simul
2911 2122 3327 2176 repraesentant;

1793 2194 1935 2247 sicut
1960 2202 2011 2247 et
2038 2193 2198 2247 unius
2225 2202 2275 2245 et
2312 2194 2493 2255 unius,
2522 2196 2578 2247 iit
2608 2211 2705 2250 vos
2736 2198 3041 2265 loquimini,
3075 2216 3331 2255 numerus

1792 2284 2030 2344 solutus,
2068 2291 2122 2337 et
2162 2283 2214 2335 in
2254 2298 2311 2336 se
2346 2285 2747 2339 consideratus.

1863 2371 1950 2424 78.
1987 2372 2188 2426 Prester
2226 2373 2340 2425 hmo
2373 2374 2574 2434 omnia,
2610 2383 2828 2428 narrate
2861 2378 3019 2431 nobis
3051 2397 3061 2429 :
3088 2378 3331 2433 llabetne

1793 2460 2048 2517 Christus
2076 2460 2312 2513 divinam
2360 2468 2612 2516 naturain
2651 2474 2770 2534 post
2809 2468 3103 2520 unionem?
3146 2471 3333 2522 Omni-

1795 2566 1885 2613 no,
1922 2552 2103 2605 aietis.
2140 2550 2383 2604 Habetne
2423 2568 2550 2606 vero
2584 2554 2741 2605 etiam
2781 2556 3119 2611 humanam?
3147 2568 3198 2611 et
3230 2560 3333 2613 hoc

1794 2642 1984 2709 utique
2019 2640 2430 2700 coniitebimini,
2458 2642 2561 2696 nisi
2591 2652 2777 2712 aperto
2799 2646 2975 2713 capite
3007 2648 3333 2715 impietatem

1796 2739 2087 2788 ostentare.
2127 2731 2326 2784 velitis.
2380 2729 2567 2783 Divina
2605 2747 2735 2802 ergo
2761 2743 2959 2787 natura
2993 2746 3045 2789 et
3077 2737 3333 2800 humana,

1796 2835 1973 2873 unane
2004 2828 2220 2883 natura,
2250 2835 2317 2872 an
2353 2820 2473 2874 dua:
2516 2821 2684 2874 sunt?
2729 2821 2879 2886 Quod
2911 2825 2956 2877 si
2996 2840 3156 2878 unam
3187 2826 3337 2879 dixe-

1748 2959 1758 2974 ,
1796 2908 1952 2971 ritis;
1977 2909 2081 2961 erit
2109 2909 2273 2975 igitur
2306 2909 2467 2963 Pater
2499 2908 2659 2962 nobis
2693 2913 3177 2966 consulistantialis
3205 2934 3215 2966 :
3250 2917 3333 2967 sin

1798 3010 1946 3058 vero,
1978 3010 2076 3049 cur
2106 2996 2246 3056 duas.
2281 3009 2379 3048 nec
2411 3010 2515 3047 una
2565 2996 2786 3049 solum?
2833 3015 2929 3051 cur
2976 3016 3079 3052 non
3128 3001 3335 3069 alijecta

161 3087 285 3155 μεθ’
311 3088 467 3158 ἡμῶν
502 3089 597 3141 ινα
623 3089 873 3160 Χριστὸν,
894 3090 990 3144 ἕνα
1020 3091 1273 3154 Υίδν,ἒνα
1307 3093 1530 3162 Κύριον,
1568 3095 1723 3160 μίαν

1748 3108 1764 3163 ι
1798 3086 1987 3153 procul
2022 3087 2276 3153 superbia
2305 3100 2427 3139 cum
2459 3087 2579 3153 ejus
2621 3097 2862 3156 parente,
2898 3105 3002 3142 non
3044 3107 3210 3143 unum
3240 3106 3338 3145 no-

161 3176 454 3230 ὑπόστασιν
477 3177 537 3228 ὲκ
589 3178 681 3231 δύο
730 3178 959 3246 φύσεων,
1010 3181 1101 3232 καὶ
1141 3178 1233 3233 δύο
1279 3179 1488 3247 φύσεις,
1520 3183 1610 3233 καὶ
1640 3184 1698 3234 ἑν

159 3266 281 3319 δυσὶ
306 3266 519 3333 φύσεσι,
558 3267 695 3336 μετά
732 3268 832 3337 τὴν
860 3268 1046 3320 ἕνωσιν
1077 3268 1473 3337 όμολογήσετε;
1509 3270 1571 3321 Ei
1602 3271 1698 3337 μὲν

160 3355 274 3425 γὰρ
330 3355 575 3409 οὐδεποτε
622 3356 713 3408 δύο
762 3356 970 3423 φύσεων
1006 3356 1095 3408 τὸν
1154 3356 1385 3424 Χριστόν
1441 3374 1614 3425 φατε,
1647 3357 1697 3409 τί

163 3446 337 3513 μάτην
366 3446 493 3513 μιᾶς
532 3445 691 3497 αὐτὸν
724 3445 933 3513 φύσεως
964 3446 1098 3514 μετά
1124 3445 1219 3515 τὴν
1248 3446 1439 3499 ἕνωσιν
1469 3445 1653 3511 λέγετε
1682 3461 1696 3509 ;

162 3536 229 3588 El
244 3533 297 3587 δὶ
319 3536 424 3604 πρὸ
444 3535 542 3603 τῆς
572 3534 812 3596 ὲνώσεως
839 3536 931 3587 δύο
954 3535 1163 3603 φύσεων
1187 3535 1347 3588 αὐτὸν
1380 3538 1698 3604 φάσκοντες,

165 3624 296 3692 μιᾶς
322 3624 642 3693 ὁμολογεῖτε.
663 3625 799 3692 μετά
821 3625 918 3693 τὴν
945 3618 1418 3695 ἓνωσιν,ἀντικρῦς
1445 3626 1577 3696 πρὸς
1604 3626 1701 3694 τὴν

160 3712 416 3782 ἀλήθειαν
455 3712 819 3782 ἀπομάχεσθε.
864 3713 976 3781 Πρὸ
1000 3712 1106 3781 γὰρ
1148 3712 1247 3781 τῆς
1286 3713 1557 3778 ἑνώσεως,
1584 3716 1698 3783 ἦτοι

160 3801 263 3869 τῆς
283 3800 430 3864 θείας
453 3801 796 3870 σαρκώσεως,
825 3804 949 3870 μιᾶς
973 3803 1207 3870 ’φύσεως
1248 3804 1443 3873 ἁπλῆς,
1465 3803 1579 3871 ἦτοι
1605 3804 1703 3871 τῆς

163 3892 335 3955 θείας,
372 3891 469 3961 μία
521 3892 687 3944 τελῶν
731 3891 1022 3955 ὑπόστασις
1044 3934 1059 3955 ,
1092 3893 1210 3944 οὐδὲ
1240 3893 1470 3960 Χριστὸς
1516 3888 1602 3962 ἦν.
1634 3894 1702 3945 Ἢ

159 3979 338 4033 τοίνυν
372 3979 645 4041 παντελῶς
682 3979 779 4041 τὰς
811 3979 903 4032 δύο
934 3980 1117 4047 φύσεις
1157 3980 1245 4031 ἐπὶ
1277 3980 1509 4049 Χριστοῦ
1526 3983 1701 4072 ⁸ἀναι-

166 4070 378 4138 ρήσετε,
418 4069 451 4138 ἢ
495 4068 659 4136 διφυᾶ
694 4069 798 4138 πρὸ
825 4070 921 4139 τῆς
954 4071 1018 4121 kx
1044 4068 1313 4137 Παρθένου
1341 4070 1430 4124 τὸν
1472 4068 1703 4142 Χριστρν

164 4158 493 4225 σαρκώσεως
519 4156 724 4222 λέξετε,
751 4158 825 4227 μὴ
853 4157 1050 4210 διδόναι
1086 4156 1232 4225 αὐτῷ
1260 4157 1355 4221 τὰς
1388 4159 1586 4227 κυρίως
1615 4156 1704 4209 οὗ·

163 4243 267 4301 σας
294 4240 456 4295 αὑτοῦ
482 4241 577 4293 δύο
607 4241 797 4309 φύσεις
825 4242 959 4311 μετά
992 4242 1089 4310 τὴν
1128 4243 1316 4294 ἕνωσιν
1369 4241 1699 4311 ἀνεχόμενοι.

177 4330 368 4399 Ἡμεῖς
394 4330 501 4401 γάρ
532 4331 591 4381 ιν
640 4328 717 4398 τῷ
744 4329 919 4397 λιμένι
956 4330 1052 4399 τῆς
1082 4329 1358 4392 εὐσεϐείας
1404 4331 1699 4399 ἱστάμενοι,

1795 3176 2006 3227 biscum
2033 3174 2335 3238 Christum,
2377 3191 2544 3228 unum
2579 3175 2798 3238 Filium,
2836 3194 2998 3231 unum
3033 3179 3336 3243 Dominum.

1795 3278 1958 3317 unam
1991 3264 2327 3333 hypostasim
2363 3279 2426 3317 ex
2478 3264 2693 3319 duabus
2727 3270 2963 3333 naturis,
3006 3279 3339 3340 naturasque

1796 3353 1934 3406 duas
1964 3360 2017 3406 et
2045 3353 2100 3404 in
2122 3352 2334 3405 duabus
2365 3353 2575 3406 naturis
2610 3365 2730 3421 post
2757 3356 3007 3407 unionem
3032 3355 3343 3411 fateamini?

1798 3443 1842 3495 si
1870 3441 2012 3496 enim
2046 3440 2324 3493 Christum
2353 3457 2626 3510 nunquam
2657 3451 2973 3495 naturarum
2998 3444 3227 3497 duarum
3254 3448 3339 3500 di-

1798 3529 1944 3593 citis,
1968 3543 2193 3582 curnam
2227 3529 2402 3597 ipsum
2443 3538 2651 3582 natura:
2684 3532 2844 3584 unius
2880 3541 3002 3598 post
3040 3533 3335 3587 unitionem

1798 3631 1933 3671 vane
1992 3617 2389 3685 pronuntiatis?
2411 3618 2452 3671 si
2486 3633 2611 3670 vero
2632 3634 2751 3670 eum
2773 3619 2999 3671 duarum
3031 3632 3341 3676 naturarum

1800 3714 1925 3759 ante
1958 3707 2212 3759 unionem
2244 3706 2494 3769 dicendo,
2547 3723 2607 3761 ea
2640 3717 2879 3775 peracta,
2925 3712 3084 3763 unius
3136 3722 3343 3765 natura:

1799 3809 1922 3849 esse
1946 3794 2305 3858 conﬁtemini,
2330 3798 2488 3865 plane
2507 3813 2626 3850 cum
2661 3798 2885 3851 veritate
2916 3802 3185 3867 pugnatis.
3210 3800 3340 3854 Nam

1800 3892 1925 3939 ante
1951 3884 2228 3949 unionem,
2258 3884 2309 3937 id
2332 3893 2431 3946 est.
2467 3898 2589 3939 ante
2615 3888 2857 3940 divinam
2890 3891 3337 3949 incarnationem.

1799 3987 1923 4025 cum
1950 3988 2058 4025 una
2090 3980 2299 4024 natura:
2333 3976 2491 4026 unius
2519 3975 2804 4042 simplicis,
2839 3978 2953 4030 sive
2992 3978 3206 4041 divinat,
3241 3980 3336 4047 liv-

1801 4061 2034 4131 postasis
2061 4068 2228 4123 esset,
2269 4076 2334 4116 ne
2359 4062 2577 4131 quidem
2604 4073 2725 4118 erat
2750 4065 3023 4120 Christus.
3045 4071 3148 4120 Aut
3175 4069 3341 4135 igitur

1799 4152 1940 4204 duas
1970 4151 2025 4203 in
2064 4148 2287 4205 Christo
2326 4160 2552 4207 naturas
2602 4155 2825 4219 tolletis,
2857 4166 2949 4208 aut
2978 4158 3215 4225 duplicis
3247 4174 3341 4210 na-

1801 4247 1936 4292 turae
1958 4237 2240 4292 Christum
2280 4249 2405 4293 ante
2452 4251 2721 4309 sumptam
2750 4259 2811 4297 ex
2851 4244 3073 4316 Virgine
3124 4262 3338 4302 carnem

1800 4330 2014 4393 dicetis,
2061 4329 2199 4385 duas
2253 4331 2359 4398 ipsi
2412 4343 2533 4401 post
2576 4336 2875 4390 unitionem
2935 4348 3179 4401 naturas,
3221 4356 3341 4407 qua:

164 4417 264 4472 καὶ
284 4419 461 4487 πάσης
496 4418 778 4487 αίρετικῆς
808 4419 1088 4479 κακονοίας
1118 4420 1540 4488 ἀποκρουόμενοι
1569 4436 1695 4473 κατ-

1748 4416 1976 4485 )ἱρεὶιιε
2010 4416 2230 4485 proprie
2277 4418 2405 4478 sint,
2458 4419 2627 4471 tribui
2668 4436 2774 4473 non
2826 4424 3180 4479 sustinentes.
3234 4426 3343 4481 Nos

162 4507 382 4574 ικιγίδα⁹
424 4509 541 4571 ταῖς
572 4506 765 4576 αὔραις
809 4506 901 4559 τοῦ
946 4506 1287 4575 Πνεύματος,
1318 4508 1407 4559 επὶ
1462 4508 1561 4576 μὶν
1602 4510 1698 4575 τῆς

160 4594 325 4661 ἁγίας
369 4595 462 4647 καὶ
515 4596 891 4663 ύπερυμνήτου
943 4595 1167 4663 Τριάδος
1213 4595 1339 4664 μίαν
1375 4595 1563 4647 οὐσίαν
1604 4595 1699 4647 καὶ

161 4681 328 4752 φύσιν
347 4682 617 4753 θεότητος,
638 4685 785 4752 τρεῖς
812 4684 867 4735 δὲ
909 4673 1111 4744 τελείας
1139 4684 1235 4744 τάς
1275 4683 1604 4745 ὑποστάσεις.
1620 4684 1703 4735 σέ-

162 4774 373 4842 σομεν,
411 4773 674 4842 μηδεμίαν
727 4772 894 4835 αὑτὰς
947 4773 1080 4841 πρὸς
1122 4772 1351 4841 ἀλλήλας
1408 4772 1699 4840 κεκτῆσθαι

159 4860 424 4928 οιαφοράν
446 4859 827 4928 ὁμολογοῦντες
848 4876 861 4891 ο
881 4844 1070 4921 ’πάσας
1100 4860 1153 4911 δὲ
1188 4860 1377 4922 κοινῶς
1398 4898 1413 4923 ,
1440 4862 1529 4912 καὶ
1570 4877 1699 4911 rau-

160 4949 297 5011 πῶς,
323 4949 415 5001 καὶ
440 4948 642 5011 ἅπλῶς,
669 4949 763 5001 καὶ
793 4950 1029 5017 ἀμερῶς,
1056 4951 1149 5001 καὶ
1177 4950 1367 5011 ὑλικῶς
1395 4951 1489 5011 τὰς
1510 4950 1704 5003 θεωνυ-

164 5036 302 5107 μίας
331 5037 424 5090 ἐπὶ
460 5037 638 5104 πάσης
681 5036 777 5105 τῆς
811 5036 1059 5105 θεότητος
1106 5037 1511 5106 ἐκλαμϐάνομεν
1537 5077 1550 5099 ,
1586 5039 1702 5107 ἢτοι

157 5124 277 5177 τῶν
307 5124 472 5193 τριῶν
502 5125 843 5177 ὑποπάσεων
890 5126 987 5193 τὴν
1035 5125 1236 5188 οὐσίαν,
1267 5128 1372 5177 εἴτε
1399 5122 1487 5178 οὖν
1521 5126 1699 5193 φύσιν,

160 5212 268 5281 τὴν
316 5213 628 5282 κυριότητα,
662 5214 755 5265 καὶ
799 5213 898 5281 τὴν
949 5213 1231 5280 ἀγιότητα,
1264 5215 1358 5281 τὴν
1408 5213 1701 5280 βασιλείαν,

158 5300 268 5370 τὴν
321 5299 565 5370 δῦναμιν,
596 5288 693 5369 τὴν
749 5301 1021 5369 ἐνέργειαν
1045 5338 1059 5365 ,
1093 5300 1189 5368 τὴν
1234 5300 1465 5368 θέλησιν,
1500 5300 1595 5369 τὴν
1622 5303 1705 5365 ἐξ-

161 5388 354 5443 ουσίαν
376 5402 392 5418 °
421 5387 841 5457 διακεκριμένως
860 5390 912 5440 δὲ
941 5389 1001 5442 τὸ
1029 5387 1245 5455 Πατὴρ.
1270 5390 1327 5440 τὸ
1358 5391 1508 5455 Υἱὸς,
1539 5392 1631 5443 καὶ
1648 5393 1706 5443 τὸ

1801 4508 1944 4559 enim
1990 4507 2083 4574 qui
2120 4507 2176 4559 in
2212 4513 2370 4573 portu
2405 4506 2633 4561 sincera:
2683 4509 2900 4574 pietatis
2949 4528 3244 4578 versamur,
3286 4525 3339 4568 et

1804 4594 2045 4663 dispulsa
2072 4609 2165 4663 per
2201 4593 2434 4662 Spiritus
2464 4596 2633 4651 sancti
2662 4596 2870 4651 aliiatus
2895 4602 3040 4653 omni
3079 4602 3341 4657 haeretica:

1805 4683 2062 4751 nequitia:
2090 4681 2349 4749 procella,
2386 4683 2440 4735 in
2486 4693 2671 4737 sancta
2707 4694 2759 4739 et
2793 4700 3119 4754 supraquam
3155 4689 3341 4742 iauda~

1808 4769 1901 4824 bili
1929 4768 2201 4824 Trinitate
2221 4771 2583 4825 substantiam
2617 4789 2776 4825 unam
2815 4783 3176 4845 naturamque
3205 4779 3343 4833 divi-

1806 4860 2017 4924 nitatis,
2070 4868 2183 4915 tres
2228 4861 2353 4914 item
2409 4863 2678 4931 perfectas
2722 4865 3040 4933 liypostases
3090 4869 3339 4932 colimus,

1809 4950 2010 5003 nullam
2065 4964 2159 5003 eas
2213 4950 2353 5003 inter
2411 4966 2471 5004 se
2515 4952 2875 5007 differentiam
2932 4956 3343 5012 substantialem

1811 5036 2010 5091 habere
2061 5037 2422 5103 conﬁtentes;
2487 5042 2579 5095 sed
2637 5044 2817 5096 omnia
2874 5045 3053 5098 divina
3123 5049 3344 5101 nomina

1808 5127 2186 5187 communiter,
2215 5136 2265 5179 et
2284 5129 2456 5191 unite.
2481 5132 2773 5199 eodemque
2803 5135 2979 5197 modo,
3006 5136 3341 5203 simpliciter,

1810 5214 2107 5277 indivisim,
2153 5225 2206 5269 et
2239 5218 2530 5273 universim
2563 5221 2631 5275 de
2661 5231 2772 5275 tota
2806 5223 3089 5277 divinitate
3140 5226 3344 5293 accipi-

1810 5319 1957 5367 mus;
1995 5303 2355 5358 substantiam
2386 5318 2533 5375 puta,
2572 5326 2668 5364 seu
2713 5322 2980 5374 naturam,
3018 5316 3177 5367 trium
3226 5329 3345 5381 per-

1813 5407 2092 5457 sonarum,
2124 5394 2543 5453 dominationem
2567 5441 2581 5465 ,
2614 5410 2667 5455 et
2698 5406 3063 5467 sanctitatem,
3099 5419 3344 5475 regnum,

1413 5539 1645 5595 νΑῘὶΙιΕ
1683 5542 2077 5602 LECTIONES.

245 5650 271 5680 “
303 5637 567 5705 Δηθῑους
601 5650 793 5721 legisse
819 5650 1029 5705 videtur
1050 5693 1064 5718 ,
1105 5658 1163 5703 ut
1208 5646 1512 5706 Turrianus
1534 5689 1549 5717 ,
1595 5653 1723 5706 ἀπω

1748 5655 1998 5723 λήρωσις,
2062 5657 2291 5711 sortitio.
