4156 6436
824 406 1005 467 “H75

2032 396 2090 453 Β.
2120 396 2351 453 JOANN
2366 396 2431 450 lS
2466 394 2887 453 DAMASCENI

3891 398 3992 463 ΜΒ

868 516 1182 581 potentiam,
1244 508 1631 578 operationem.
1696 507 2051 565 voluntatem,
2111 506 2483 564 auctorita-A

2352 519 2408 553 a-
2441 512 2483 564 Α
2514 502 2749 569 Πνεῦμα
2763 487 3095 568 γινώσκομεν
3115 517 3127 530 '
3149 503 3207 552 τὸ
3225 501 3511 568 ἀγέννητόν
3535 520 3696 571 φημι,
3728 506 3813 555 καὶ
3838 506 3889 556 τὸ
3907 524 3993 574 γιν-

865 611 975 657 tetn
1007 621 1018 653 :
1049 600 1320 653 discretim
1349 600 1562 651 demum
1592 595 1971 663 cognoscimus
2003 593 2216 645 Patrem
2247 601 2300 645 et
2330 592 2411 643 Fi-

870 692 999 743 lium
1031 698 1082 741 et
1115 689 1383 755 Spiritum
1419 694 1701 747 sanctum;
1734 684 2055 751 ingenitum,
2090 682 2330 748 inquam,
2362 690 2413 731 et

870 780 1123 845 genitum,
1159 786 1208 827 et
1240 775 1397 843 [‘15
1440 774 1857 841 procedentem;
1889 773 1964 823 uti
2000 771 2173 823 solum
2210 770 2412 837 ingeni-

871 876 981 916 tum
1023 865 1260 924 Patrem,
1291 865 1464 915 solum
1495 863 1735 930 genitum
1768 859 1983 921 Filium,
2011 859 2188 910 solum
2223 872 2410 921 procc-

869 956 1082 1005 ilentem
1116 953 1377 1019 Spiritum
1412 960 1681 1009 sanctum,
1736 948 1993 1007 sciamus,
2041 961 2146 997 non
2197 946 2412 997 inversa

871 1049 961 1093 aut
994 1041 1203 1091 dimota
1242 1039 1668 1103 uniuscujusque
1716 1033 2042 1101 proprietate
2098 1049 2111 1082 :
2164 1035 2413 1082 novimus

870 1130 1013 1181 enim
1042 1143 1106 1179 ea
1138 1127 1464 1183 accidentia,
1495 1138 1600 1175 non
1636 1136 1757 1174 esse
1787 1121 1947 1187 (nihil
1989 1119 2187 1188 quippe
2218 1119 2414 1172 accidit

872 1215 1025 1279 Deo),
1058 1212 1149 1264 sed
1178 1226 1299 1263 esse
1337 1210 1699 1275 proprietates
1725 1205 1925 1272 quibus
1956 1219 2287 1271 unaqnaaquc
2319 1204 2415 1271 hy-

872 1303 1108 1370 postasis
1137 1300 1411 1366 sigillatur
1436 1316 1449 1349 :
1482 1296 1645 1349 Deum
1672 1294 1966 1362 perfectum
1989 1292 2221 1353 Patrem,
2247 1290 2412 1343 Denin

808 1386 811 1391 λ
873 1390 1168 1456 perfectum
1229 1386 1423 1436 Filium
1466 1382 1705 1455 “Deum
1782 1382 2080 1449 perlectum
2149 1378 2410 1445 Spiritum

871 1484 1121 1529 sanctum
1179 1493 1191 1525 :
1256 1473 1419 1525 Deum
1474 1479 1527 1525 et
1586 1470 1750 1522 Deum
1804 1475 1857 1521 et
1911 1466 2113 1529 Deum,
2168 1465 2262 1520 sed
2309 1466 2410 1517 tria

874 1567 1035 1618 lteum
1067 1579 1251 1623 unum,
1282 1561 1441 1613 simul
1467 1546 1739 1611 intellecta
1774 1564 1827 1609 et
1861 1555 2099 1624 cognita,
2134 1569 2240 1606 non
2284 1569 2412 1607 cnn-

872 1664 1040 1707 tracta
1088 1656 1138 1705 in
1194 1664 1474 1719 personam
1519 1662 1681 1699 unam
1729 1658 1783 1699 et
1831 1659 1993 1697 unam
2047 1644 2407 1712 hypostasim,

874 1743 1048 1797 absit!
1102 1742 1192 1793 sed
1238 1738 1303 1789 ad
1354 1751 1519 1789 unum
1573 1734 1901 1803 principium
1954 1732 2167 1785 Patrem
2219 1732 2408 1785 relatis

2512 591 2686 656 νητὸν,
2715 592 2805 642 καὶ
2836 591 2894 641 τὸ
2923 592 3268 659 ὲκπορευτόν·
3303 591 3459 658 μόνον
3486 592 3775 659 ἀγέννητον
3810 594 3887 643 τὸν
3910 597 3992 648 III.

2511 680 2641 746 τέρα
2662 679 2878 739 εἰδότες,
2908 680 3064 746 μόνον
3103 681 3351 747 γεννητὸν
3380 680 3471 731 τὸν
3496 680 3621 731 Υίὸν
3646 720 3659 741 ,
3695 680 3845 747 μόνον
3871 685 3995 736 iam.

2516 766 2700 833 ρευτὸν
2727 766 2786 816 τὸ
2832 766 3050 833 Πνεῦμα
3090 767 3149 818 τὸ
3190 768 3340 833 ἅγιον
3368 807 3383 831 ,
3420 768 3491 837 μὴ
3547 770 3993 841 μεταπιπτούσηςῇ

2513 853 2833 919 κινουμένης
2862 854 2957 918 τῆς
2985 855 3209 906 ἑκάστου
3242 855 3493 923 ἰδιότητος
3512 872 3525 883 ·
3563 858 3623 907 οὑ
3675 858 3997 925 συμὸεεηιότε

2511 938 2680 988 ταῦτα
2733 940 3086 1004 γινώσκοντες
3113 956 3125 967 ·
3150 941 3295 997 οὐδὲν
3344 942 3453 1009 γάρ
3500 943 3867 1007 ὲπισυμὸαίνει
3893 945 3995 1014 Θεῷ,

2513 1025 2647 1076 ἀλλὰ
2672 1028 3136 1096 χαρακτηριστικὰ
3158 1030 3252 1096 τῆς
3286 1030 3513 1080 ἑκάστου
3537 1030 3866 1092 ὑποστάσεως
3894 1034 3998 1084 i593-

2516 1128 2656 1176 ματα
2682 1128 2695 1140 ⁸
2741 1112 2871 1163 Θεὸν
2902 1112 3103 1164 τέλειον
3150 1114 3237 1165 τὸν
3272 1114 3515 1183 Πατέρα,
3556 1116 3689 1167 Θεὸν
3723 1118 3908 1169 τέλειον
3934 1120 3999 1172 τὸν

2514 1200 2658 1263 Υἱὸν,
2694 1200 2825 1253 Θεὸν
2854 1201 3054 1254 τέλειον
3108 1202 3166 1253 τὸ
3194 1202 3411 1271 Πνεῦμα
3459 1204 3519 1255 τὸ
3558 1204 3714 1270 ἆγιον
3736 1222 3749 1234 ·
3772 1205 3891 1257 Θεὸν
3931 1212 3999 1261 ut

2513 1290 2642 1341 Θεὸν
2674 1292 2765 1341 καὶ
2791 1290 2944 1351 Θεὸν,
2974 1292 3091 1343 ἀλλ’
3110 1292 3202 1344 ἕνα
3224 1293 3289 1344 τὰ
3325 1292 3448 1360 τρία
3483 1292 3635 1354 Θεὸν,
3670 1294 3764 1347 σὺν
3801 1294 3997 1361 ἀλλήλας

2513 1382 2774 1447 νοούμενά
2801 1396 2859 1431 τε
2889 1382 2981 1459 καὶε
3013 1384 3399 1449 γινωσκόμενα,
3438 1382 3497 1433 οὐ
3528 1382 3929 1450 συναλειφόμενα
3944 1387 4001 1444 είς

2512 1466 2569 1519 ἓν
2600 1469 2884 1535 πρόσωπον
2917 1470 3007 1520 καὶ
3050 1470 3175 1535 μίαν
3230 1470 3547 1521 ὑπόστασιν·
3579 1470 3757 1536 ἄπαγε
3784 1490 3791 1499 ·
3827 1470 4001 1532 άλλ“ιίς

2512 1557 2569 1606 ἒν
2606 1557 2773 1608 αἴτιον
2804 1557 2892 1607 τὸν
2934 1558 3145 1625 Πατέρα
3188 1560 3682 1627 συναναφερομένου
3719 1559 3839 1610 rio-3
3862 1576 3912 1610 τε
3934 1563 4003 1613 ui

2512 1645 2843 1711 Πνεύματος.
2878 1640 2967 1706 Εἷς
3008 1646 3113 1716 γάρ
3155 1646 3317 1710 Θεὸς,
3343 1648 3527 1716 ἐπειδὴ
3585 1648 3683 1715 μία
3727 1648 3927 1716 θεότης,
3957 1651 4001 1700 οὑ

2514 1737 2660 1805 τρεῖς
2688 1734 2743 1786 δὲ
2774 1734 2901 1795 Θεοὶ,
2934 1735 3117 1804 ὥσπερ
3136 1740 3277 1806 τρεῖς
3303 1737 3570 1803 ἄνθρωποι
3592 1754 3604 1766 ⁸
3631 1737 3749 1789 οὑδὲ
3775 1737 4004 1813 γάροὺσίφ

873 1833 1004 1884 Filio
1056 1842 1107 1881 et
1148 1828 1352 1895 Spiritu
1404 1835 1622 1878 sancto.
1676 1823 1823 1875 Unus
1864 1827 2061 1889 quippe
2112 1820 2252 1875 Deus
2304 1828 2407 1882 est,
2442 1807 2514 1860 Βι

2367 1828 2407 1882 l,
2442 1807 2480 1860 Β
2508 1824 2789 1891 τέμνονται
2818 1864 2831 1886 ,
2858 1825 2917 1875 οὐ
2971 1825 3191 1893 δυνάμει
3230 1826 3546 1894 χωρίζονται
3578 1867 3592 1889 ,
3634 1829 3693 1881 οὑ
3738 1807 4002 1894 comma}

871 1921 995 1988 quia
1031 1934 1135 1970 una
1169 1916 1463 1977 divinitas;
1497 1928 1605 1966 non
1638 1921 1746 1965 tres
1773 1911 1868 1973 dii,
1899 1911 2061 1964 sicuti
2090 1918 2202 1963 tres
2234 1910 2408 1962 homi-

873 2026 983 2064 nes.
1042 2007 1470 2073 Haudquaquam
1518 2006 1660 2056 enim
1714 2000 2021 2054 substantia
2069 1998 2405 2059 dividuntur,

872 2105 978 2151 non
1009 2098 1339 2149 dirimuntur
1369 2098 1651 2161 potestate,
1688 2102 1795 2141 non
1826 2088 1967 2149 loco,
1996 2100 2102 2139 non
2136 2084 2407 2151 Operatio-

872 2204 958 2246 ne,
984 2202 1086 2238 non
1114 2186 1393 2236 voluntate
1417 2186 1765 2248 separantur,
1792 2176 2055 2228 habentes
2086 2174 2407 2226 indivulsam

872 2278 923 2328 in
981 2274 1173 2340 seipsis
1221 2280 1406 2323 mutuo
1452 2268 1783 2321 mansionem
1837 2274 1889 2316 et
1940 2261 2413 2317 circuminsessio—

882 2380 1026 2417 nem.
1084 2359 1314 2414 Ubinam
1371 2357 1633 2424 siquidem
1690 2362 1873 2415 erunt,
1934 2353 2037 2404 nisi
2088 2365 2146 2405 se
2184 2350 2411 2404 invicem

869 2450 1201 2522 pervadant?
1236 2448 1435 2514 alioqui
1462 2458 1691 2514 persona
1718 2442 1972 2510 quaelibet
1992 2440 2410 2506 circumscripta

870 2546 1031 2599 foret.
1075 2541 1221 2595 Unus
1274 2542 1453 2607 itaque
1503 2544 1586 2590 est
1640 2534 1779 2586 Deus
1824 2548 1886 2587 ex
1937 2530 2195 2600 perlectis
2236 2528 2412 2582 tribus

2511 1912 2769 1982 ἐνεργείᾳ,
2792 1915 2852 1966 οὑ
2888 1914 3131 1982 βουλήσει
3155 1916 3478 1984 μερίζονται,
3500 1918 3871 1985 άνεκφοίτητον
3890 1918 4003 1986 ἔχον-

2510 2018 2599 2062 τες
2642 2002 2740 2070 τὴν
2785 2003 2843 2054 ἐν
2878 2004 3121 2073 ἀλλήλοις
3158 2005 3362 2073 ῖδρυσίν
3403 2022 3462 2056 τε
3515 2006 3608 2058 καὶ
3661 2005 4003 2073 περιχὼρησιν.

2513 2090 2621 2143 Ποῦ
2655 2091 2762 2159 γάρ
2798 2091 3025 2158 ἔσονται,
3072 2093 3143 2162 μὴ
3199 2095 3255 2145 ὲν
3304 2095 3550 2163 ἀλλήλοις
3611 2094 3862 2163 μένοντα;
3890 2110 4008 2161 περι-

2514 2180 2754 2245 γραπτὸν
2803 2180 2868 2232 ἂν
2920 2182 3004 2249 εἴη
3045 2182 3210 2243 οὓτως
3249 2182 3520 2249 ἑκάτερον.
3556 2178 3651 2243 Εἷς
3686 2178 3780 2233 οὖν
3814 2181 3929 2241 Θεὸς
3961 2183 4007 2235 ἐκ

2518 2267 2680 2335 τριῶν
2734 2268 2953 2320 τελείων
3000 2270 3107 2321 τῶν
3146 2272 3521 2330 ὑποστάσεων,
3552 2272 3641 2321 ἵνα
3676 2270 3751 2338 μὴ
3804 2268 4008 2329 σύνθετος

2518 2354 2577 2418 ἐξ
2610 2357 2860 2407 άτελείων
2906 2357 3064 2423 φύσις
3097 2358 3383 2426 νομίζοιτο,
3429 2358 3525 2427 μία
3568 2358 3625 2410 δὲ
3670 2360 3735 2409 ἑκ
3766 2357 3914 2427 τριιῖιν
3942 2372 4009 2408 τι·

2518 2443 2673 2497 λείων
2716 2445 2863 2514 ἁττλῆ
2907 2448 2999 2500 καὶ
3041 2446 3362 2511 άσύνθετος,
3387 2448 3684 2517 ὑπερτελὴς
3731 2448 3821 2500 καὶ
3856 2444 4009 2513 spurio

2518 2534 2676 2596 λειος.

874 2632 1276 2705 hypostasibns,
1318 2644 1385 2683 ne
1417 2636 1609 2679 natura
1643 2640 1709 2678 ex
1751 2620 2081 2690 imperfectis
2111 2619 2409 2692 composita
2445 2633 2767 2677 censeatur:
2795 2640 2901 2679 una
2936 2642 3063 2680 vero
3117 2642 3182 2680 ex
3247 2626 3420 2680 tribus
3466 2626 3747 2694 perfectis,
3794 2628 3987 2697 simplex

874 2736 930 2783 et
962 2720 1371 2788 compositionis
1422 2729 1633 2784 expers,
1684 2726 1851 2779 supra
1886 2710 2105 2763 modum
2136 2709 2398 2777 perlecta,
2439 2720 2491 2762 et
2526 2712 2875 2778 perfectionis
2904 2716 3074 2783 origo,

942 2814 1028 2867 79.
1064 2811 1118 2864 In
1158 2810 1529 2863 incarnatione
1577 2820 1705 2860 vero
1755 2803 2003 2865 salutari,
2050 2814 2170 2868 quae
2216 2798 2415 2850 intelli-

874 2906 1105 2973 gentiam
1162 2916 1372 2954 omnem
1432 2903 1676 2962 superat,
1728 2894 2053 2948 conﬁtemur
2106 2904 2279 2943 unum
2350 2889 2415 2941 de

875 2993 1161 3055 'l‘rinitate,
1221 2990 1584 3057 unigenitum,
1643 2986 1837 3037 Filium
1890 2980 2243 3046 Verbumque
2297 2977 2413 3039 Dei,

2587 2804 2680 2855 οϐ’.
2731 2805 2851 2855 Ἐπὶ
2883 2806 2939 2857 δέ
2971 2823 3032 2871 γε
3059 2807 3154 2875 τῆς
3190 2811 3449 2878 σωτηρίου
3491 2812 3801 2879 οἰκονομίας
3829 2814 3913 2865 καὶ
3938 2817 4012 2866 πα·

2521 2907 2619 2943 σαν
2649 2892 3044 2962 ὑπεραιρούσης
3074 2895 3397 2963 κατάληψιν,
3428 2898 3795 2966 ὁμολογοῦμεν
3832 2900 3913 2951 τὸν
3944 2901 4011 2955 ινα

2521 2981 2614 3048 τῆς
2642 2982 2800 3047 ἁγίας
2822 2984 3063 3051 Τριάδος.
3098 2985 3186 3035 τὸν
3207 2987 3464 3053 μονογενῆ
3494 2988 3619 3039 Υίὸν
3648 2990 3741 3041 καὶ
3778 2990 3931 3054 Λόγον
3946 2990 4011 3043 τοῦ

876 3081 1213 3149 beneplacito
1261 3078 1433 3130 l‘azris
1488 3076 1830 3128 incarnatum
1870 3070 1938 3123 de
1975 3068 2180 3136 Spiritu
2221 3073 2413 3119 sancto
2442 3076 2484 3132 ο

2371 3079 2413 3117 L0
2442 3076 2484 3132 ο
2522 3071 2672 3133 Θεοῦ,
2704 3072 2916 3143 εὐδοκία
2949 3074 3039 3125 τοῦ
3078 3077 3282 3146 Πατρὸς
3313 3078 3684 3145 σεσαρκῶσθαι
3718 3082 3781 3130 ὲκ
3810 3082 4012 3146 Πνεῦμα·

876 3186 1019 3229 esse.
1043 3179 1094 3223 et
1127 3185 1191 3222 ex
1218 3178 1405 3219 saneta
1433 3178 1643 3231 semper
1679 3159 1901 3228 Virgine
1930 3166 1982 3212 et
2018 3157 2109 3210 Dei
2142 3155 2417 3211 Genitrice

881 3259 1046 3313 Maria
1074 3278 1087 3312 :
1122 3259 1362 3324 duasque
1408 3256 1525 3323 ejus
1558 3251 1945 3322 generationes
1973 3248 2224 3307 colimus,
2257 3255 2417 3298 unam

881 3358 1005 3401 ante
1042 3347 1240 3399 smcula
1292 3352 1345 3396 et
1400 3352 1681 3400 aeternam,
1738 3339 1881 3391 nulla
1928 3350 2116 3399 causa,
2148 3350 2212 3387 ex
2264 3335 2419 3387 Patre

880 3438 997 3489 sine
1028 3444 1233 3487 matre:
1263 3442 1314 3484 et
1336 3446 1496 3483 unam
1535 3446 1599 3483 ex
1636 3429 1838 3495 virgine
1869 3434 2068 3483 matre,
2102 3426 2220 3477 sine
2251 3434 2416 3491 patre.

883 3531 1103 3594 propter
1145 3528 1385 3575 nostram
1432 3520 1684 3572 salutem.
1734 3514 1917 3582 Neque
1948 3515 2290 3565 incarnatum
2324 3511 2420 3563 Pa-

882 3624 1038 3675 trem,
1070 3626 1240 3678 neque
1295 3617 1607 3677 generatum
1654 3604 1907 3665 dicimus,
1944 3617 2118 3669 neque
2155 3600 2414 3667 Spiritum

880 3709 1152 3754 sanctum.
1184 3697 1491 3765 Proprietas
1525 3694 1664 3745 enim
1696 3690 1973 3743 ﬁliatiouis
2004 3688 2417 3761 immobilisest.

884 3788 1053 3841 Filius
1108 3786 1272 3854 igitur
1323 3797 1445 3835 cuin
1478 3776 1643 3841 esset.
1678 3777 1847 3831 Filius
1882 3778 2062 3831 denuo
2093 3775 2266 3829 iactus
2294 3784 2415 3829 est:

882 3878 1051 3932 Filius
1084 3890 1315 3943 namque
1349 3873 1439 3927 Dei
1471 3882 1525 3926 et
1570 3871 1767 3933 Patris,
1804 3869 2042 3923 hominis
2073 3868 2218 3922 ﬁlius
2245 3867 2419 3920 lactus

880 3977 980 4023 est.
1012 3981 1228 4032 unaque
1266 3979 1330 4017 ex
1374 3962 1583 4015 naturis
1612 3961 1823 4014 duabus
1857 3959 2170 4030 hypostasis
2199 3971 2421 4025 compo-

877 4057 1006 4107 sita.
1043 4054 1179 4106 Cum
1233 4052 1374 4103 enim
1435 4050 1742 4118 hypostasis
1794 4056 1940 4101 esset
2000 4050 2052 4100 in
2116 4046 2420 4100 substantia

874 4146 1170 4213 exsistens,
1204 4150 1455 4192 naturam
1489 4140 1825 4192 substantem
1876 4139 2193 4205 assumpsit,
2231 4128 2421 4189 massae

882 4240 1081 4283 nostra:
1110 4230 1393 4297 primitias.
1432 4226 1782 4280 Snbstantem
1830 4240 1991 4293 porro
2029 4224 2284 4286 dicimus,
2314 4240 2419 4277 non

876 4332 1138 4388 tanquam
1183 4318 1432 4370 habuerit
1469 4317 1740 4383 propriam
1786 4315 2137 4383 hypostasim.
2175 4315 2267 4367 sed
2304 4328 2421 4383 qua:

2517 3178 2607 3225 τος
2651 3163 2805 3229 ἁγίου
2846 3165 2935 3215 καὶ
2973 3166 3185 3235 Μαρίας
3234 3166 3332 3233 τῆς
3373 3168 3529 3234 ἁγίας
3573 3168 3921 3234 άειπαρθένου
3948 3172 4014 3223 ut

2518 3252 2814 3305 Θεοτόκουο
2875 3256 2965 3306 κα)⁵
3015 3255 3107 3307 δύο
3155 3246 3332 3307 αὐτοῦ’
3363 3251 3471 3317 τὰς
3496 3260 3774 3325 γεννήσεις
3809 3257 4011 3325 σέϐομεν,

2522 3342 2648 3409 μίαν
2674 3342 2771 3409 τὴν
2796 3345 3110 3411 προαιώνιον
3140 3345 3231 3397 καὶ
3256 3346 3439 3406 ἀΐδιον,
3463 3348 3739 3409 ἀναιτίως,
3764 3348 3827 3398 ἐκ
3850 3349 4014 3414 Πατρὸς

2520 3433 2645 3483 ἄνευ
2682 3432 2901 3499 μητρὸς,
2942 3435 3035 3484 καὶ
3061 3424 3311 3501 μίαντὴν
3335 3436 3395 3485 ὲκ
3417 3435 3513 3501 τῆς
3547 3436 3826 3502 Παρθένου
3857 3439 4013 3503 μητρὸς

2518 3521 2644 3571 ἄνευ
2682 3522 2883 3586 πατρὸς
2926 3522 3011 3572 διὰ
3054 3524 3150 3589 τὴν
3185 3524 3449 3591 ἡμετέραν
3470 3525 3768 3591 σωτηρίαν,
3801 3525 3923 3575 Οὔτε
3953 3525 4013 3574 τὸν

2520 3608 2734 3675 Πατέρα
2757 3608 3130 3675 σεσαρκῶσθαι
3155 3610 3246 3660 καὶ
3265 3608 3619 3676 γεγεννῆσθαι
3648 3609 3909 3675 λέγοντες,
3926 3607 4013 3659 οὔτε

2516 3696 2578 3745 τὸ
2606 3695 2824 3763 Πνεῦμα
2850 3696 3030 3761 ᾶγιον·
3065 3698 3097 3764 ἡ
3120 3699 3224 3766 γὰρ
3254 3697 3445 3764 ίδιότης
3476 3698 3733 3765 ἀκίνητος
3764 3699 3858 3766 τῆς
3880 3698 4015 3771 uim-1;.

2516 3774 2625 3845 τος.
2653 3784 2777 3847 mg
2804 3784 2896 3839 οὖν
2923 3786 3194 3853 ὑπάρχων,
3214 3786 3335 3847 Υίὸς
3362 3786 3521 3838 πάλιν
3542 3787 3786 3853 γέγονεν.
3810 3787 3925 3847 Tui;
3941 3786 4015 3851 γὰρ

2517 3874 2591 3926 ὢν
2622 3873 2715 3925 τοῦ
2745 3874 2877 3926 Θεοῦ
2919 3877 3011 3926 καὶ
3054 3876 3282 3943 Πατρὸς,
3335 3875 3446 3937 υίὸς
3499 3875 3793 3943 ἀνθρώπου
3823 3876 4013 3941 ἑγένειη.

2518 3964 2579 4015 ὲκ
2607 3963 2698 4015 δύο
2728 3962 2937 4031 φύσεων
2963 3964 3058 4031 μία
3100 3964 3386 4024 ὑπόστασις
3419 3962 3689 4023 σύνθετος.
3740 3962 4016 4021 Ὕπόστσσις

2517 4050 2621 4123 γάρ
2647 4051 2901 4119 ὑπάρχων
2929 4050 3177 4111 ὲνούσιος,
3206 4051 3362 4116 φύσιν
3390 4050 3647 4107 ἀνέλαϐεν
3679 4050 4014 4103 hominem.

2517 4138 2768 4209 ἀπαρχὴν
2794 4137 2887 4189 τοῦ
2918 4138 3181 4206 ἡμετέρου
3208 4138 3537 4205 φυράματος.
3580 4137 3957 4188 Ἐνυπόστατον
3980 4135 4015 4186 ἂί

2519 4245 2715 4295 φαμεν,
2739 4229 2835 4295 οὑχ
2856 4228 2931 4288 ὠς
2956 4228 3087 4279 ἰδίαν
3113 4231 3400 4295 ἐσχηκυῖαν
3430 4227 3750 4285 ὑπόστασιν,
3783 4226 3890 4279 ἀλλ’
3909 4228 3955 4276 ὲν
3972 4226 4014 4289 τῇ

2516 4317 2611 4369 τοῦ
2640 4318 2812 4386 Λόγου
2862 4318 3147 4369 ὑποστάσει
3197 4316 3525 4384 ὑπάρξασαν.
3577 4318 3733 4383 ’Δμα
3769 4316 3872 4380 γὰρ
3900 4312 4013 4382 σὰρξ,

876 4407 1148 4459 exstiterit
1185 4406 1236 4456 in
1276 4403 1553 4471 hypostasi
1584 4400 1766 4455 Verbi.
1814 4400 1987 4453 Simul
2023 4402 2223 4469 quippe
2270 4415 2417 4463 caro,
2452 4407 2494 4460 ι)

2371 4415 2417 4463 o,
2452 4407 2494 4460 ι)
2522 4405 2638 4472 ἅμα
2691 4403 2825 4456 Θεοῦ
2856 4404 3022 4470 Λόγου
3059 4404 3227 4474 σάρξ·
3269 4406 3381 4473 ἅμα
3416 4404 3547 4471 σάρξ
3573 4404 3823 4472 ἔμψυχος
3850 4405 4012 4468 λογικὴν

877 4496 1041 4550 simul
1070 4494 1161 4547 Dei
1193 4487 1353 4547 Verbi
1393 4506 1541 4555 caro,
1574 4492 1733 4546 simul
1764 4506 1888 4545 caro
1912 4492 2147 4545 animata
2191 4490 2418 4545 rationis

877 4583 1177 4651 particeps,
1216 4580 1433 4633 minime
1464 4580 1677 4633 sublata
1714 4587 1937 4647 propter
1977 4579 2228 4632 unionem
2262 4577 2415 4631 diﬂ‘e-

880 4671 1051 4724 rentia
1106 4678 1425 4721 naturarum
1475 4667 1931 4735 (quandoquidem
1984 4682 2047 4720 ea
2094 4680 2160 4719 ex
2220 4666 2419 4733 quibus

879 4776 1021 4814 unus
1065 4760 1316 4813 Christus
1364 4765 1417 4810 et
1470 4756 1734 4810 Dominus
1782 4764 2018 4819 constat,
2066 4756 2288 4808 immota
2322 4770 2419 4807 nec

878 4856 1179 4917 permutata
1213 4854 1571 4912 manserunt),
1607 4846 1698 4899 sed
1730 4847 1839 4899 illis
1874 4847 1925 4898 in
1959 4862 2120 4899 unam
2163 4846 2418 4914 hyposta-

878 4939 980 4991 sim
1005 4922 1356 5003 composnam
1388 4936 1851 4988 concurrentibus
1872 4936 1995 4989 sine
2018 4934 2345 5002 confusione
2367 4945 2419 4989 et

830 5032 833 5035 ’
876 5026 1239 5093 sejunctione.
1300 5024 1559 5079 Unionem
1592 5026 1731 5079 enim
1764 5013 2057 5079 secundum
2087 5024 2416 5095 hypostasim

877 5116 1132 5168 dicimus.
1164 5116 1394 5166 Atvero
1425 5115 1552 5167 unio
1579 5114 1881 5167 secundum
1917 5115 2249 5182 hypostasim
2284 5128 2418 5167 con-

877 5204 1214 5258 currentium
1238 5218 1456 5271 quoque
1484 5212 1802 5257 naturarum
1823 5204 2117 5257 discrimen
2149 5210 2347 5263 servat,
2370 5210 2421 5254 et

879 5296 1138 5347 unitatem
1186 5302 1394 5345 naturae
1433 5294 1688 5347 custodit.
1725 5294 1780 5346 Si
1816 5294 1962 5347 enim
1995 5293 2233 5348 Verbum
2268 5294 2418 5347 carni

876 5384 1341 5437 consubstantiale
1378 5399 1482 5436 non
1510 5392 1613 5447 est,
1638 5399 1737 5438 nec
1766 5385 2062 5440 discretum
2088 5386 2155 5439 ab
2182 5398 2249 5438 eo
2277 5383 2417 5453 quod

878 5473 1039 5524 simul
1075 5486 1195 5524 cum
1224 5486 1287 5524 eo
1318 5474 1588 5537 subsistit,
1620 5488 1719 5527 nec
1748 5490 1910 5527 unam
1942 5475 2172 5542 proinde
2214 5475 2264 5527 in
2303 5476 2418 5542 ipso

878 5561 1057 5613 dicere
1092 5568 1340 5612 naturam
1378 5563 1519 5626 licet,
1555 5580 1729 5632 neque
1757 5564 1893 5619 duas
1919 5565 2263 5634 hypostases.
2300 5564 2421 5618 llmc

878 5651 1146 5720 Siquidem
1177 5651 1491 5720 hypostases
1526 5656 1907 5710 constituunt:
1950 5665 2006 5709 ut
2057 5656 2421 5711 consubstan-

2519 4492 2632 4558 ἃμα
2664 4490 2796 4542 Θεοῦ
2817 4490 2985 4556 Λόγου
3019 4490 3153 4557 σάρξ
3182 4489 3415 4559 ἔμψυχος
3440 4490 3662 4557 λογικήο
3698 4489 3935 4556 οὐδαμῶς
3951 4488 4015 4551 τῆς

2517 4580 2624 4631 τῶν
2653 4578 2862 4646 φύσεων
2890 4580 3143 4647 διαφορᾶς
3196 4579 3534 4648 ἀνῃρημένης
3562 4578 3654 4631 διὰ
3705 4580 3807 4645 τὴν
3838 4580 4013 4629 ἕνωσιν·

2522 4669 2815 4737 μεμένηκε·
2842 4668 2949 4736 γάρ
2984 4669 3047 4720 τά
3082 4669 3137 4733 ἐξ
3185 4665 3256 4720 ὢν
3298 4671 3325 4720 ό
3353 4668 3581 4735 Χριστός
3622 4684 3687 4717 τε
3721 4668 3814 4718 καί
3842 4666 4014 4733 Κύρικ.

2518 4752 2759 4828 ἆτρετττα
2794 4759 2885 4810 καὶ
2914 4758 3287 4826 άμετάὸλητα·
3327 4758 3438 4810 ἀλλ’
3484 4760 3561 4818 είς
3603 4758 3740 4826 μίαν
3774 4758 4017 4809 ὑπόστασιν

2521 4852 2768 4906 σύνθετον
2799 4854 3209 4923 συνδραμουσῶν
3238 4852 3547 4919 άσυγχύτως
3580 4852 3680 4902 καὶ
3708 4850 4013 4919 ἀδιαιρέτως·

2521 4944 2639 4996 καθ’
2671 4943 2963 4995 ὑπόστασιν
2997 4944 3100 5011 γάρ
3119 4942 3213 5011 τὴν
3244 4942 3434 4993 ἕνωσίν
3460 4941 3881 5007 δογματίζομεν.
3913 4936 4015 4989 Ἡδὲ

2519 5031 2637 5084 καθ’
2672 5032 2961 5083 ὑπόστασιν
2988 5032 3193 5093 ἓνωσις,
3224 5032 3315 5081 καὶ
3342 5029 3448 5081 τῶν
3472 5028 3846 5079 συνελθουσῶν
3869 5026 4015 5077 οὐσιῶν

2520 5121 2771 5187 φυλάττει
2817 5120 2912 5190 τὴν
2943 5122 3219 5188 διαφορὰν,
3275 5120 3363 5170 καὶ
3414 5118 3507 5169 τοῦ
3552 5118 3851 5188 προσώπου
3879 5115 4013 5183 τηρεῖι

2518 5207 2626 5263 οἶδε
2653 5213 2749 5281 τὴν
2784 5211 3022 5278 ἑνότητα.
3066 5211 3127 5261 Et
3158 5210 3262 5277 γὰρ
3305 5209 3399 5277 οὐχ
3426 5206 3717 5275 ὁμοούσιος
3749 5209 3778 5258 ό
3809 5202 4013 5269 Λόγοςτῇ

2522 5300 2700 5369 σαρκὶ,
2746 5298 2867 5351 οὗτε
2896 5295 3285 5369 κεῖίωρισμένος
3316 5297 3425 5354 τοῦ,
3454 5296 3866 5361 συνυφεστῶτός
3891 5297 4010 5344 ἐστιν.

2494 5389 2639 5440 τοῦτε
2669 5387 2794 5455 μίαν
2826 5389 2912 5439 ἐπ’
2942 5388 3101 5439 αὑτοῦ
3135 5386 3289 5452 φύσιν
3326 5384 3499 5451 λέγειν
3538 5382 3788 5449 θεμιτὸν,
3826 5381 3931 5432 οὔτε
3954 5375 4013 5426 δίο

2520 5478 2615 5538 τὰς
2644 5476 2982 5536 ὑποστάσεις.
3018 5475 3196 5527 Ταῦτα
3234 5473 3350 5546 γάρ⁸
3382 5472 3476 5532 τάς
3526 5471 3855 5530 ὑποστάσεις
3883 5465 4012 5519 ποιεῖ·

2521 5567 2578 5618 τὸ
2611 5565 2717 5633 γὰρ
2746 5564 3041 5633 ὀμοούσιον,
3072 5564 3129 5614 τὸ
3171 5564 3226 5613 ἓν
3256 5564 3349 5628 μὲν
3372 5562 3460 5612 καὶ
3487 5558 3692 5610 ταυτὸν
3725 5559 3843 5610 κατ’
3882 5553 4015 5605 obsint

2522 5656 2684 5725 δηλοῖ.
2712 5655 2784 5709 Τὸ
2814 5654 2931 5708 καθ’
2955 5655 3239 5707 ὑπόστασιν
3264 5651 3337 5715 δὲ,
3365 5650 3646 5717 διάφορον·
3684 5645 3961 5715 τοῦμπαλιν
3980 5639 4016 5691 δὲ
