4156 6436
164 456 286 520 “77

1385 458 1409 513 ί
1427 458 1569 515 ΟΝΤ
1582 459 1678 514 HA
1708 460 2111 515 JAlZUBt'J'AS.

3171 447 3314 512 1478

160 568 217 618 τὸ
240 567 584 636 ἑτεροούσιον,
617 567 675 617 τὸ
704 566 820 619 καθ’
844 564 1134 617 ὑπόστασιν
1168 565 1283 632 μὲν,
1313 566 1525 628 ταυτὸν,
1553 565 1684 617 τοδε
1713 576 1756 629 Α
1787 574 1801 617 t

1669 569 1684 616 ί
1713 576 1756 629 Α
1787 564 1923 618 tiale
1953 576 2116 614 unum
2150 560 2397 624 idemque
2423 560 2720 612 secundum
2753 559 3111 612 substantiam
3142 560 3310 612 deela-

159 654 289 709 κατὰ
323 653 498 719 φύσιν,
534 654 594 705 τὸ
621 653 866 720 διάφορον
893 652 999 703 τῶν
1029 654 1337 723 ἡνωμένων.

1795 660 1900 710 ret.
1931 664 2149 717 unaque
2177 647 2540 700 diversitatem
2586 662 2751 714 penes
2782 647 3112 715 hypostasim
3149 663 3162 697 :
3191 660 3311 697 cort-

161 755 239 798 tra
288 760 416 798 vero
461 746 686 799 diversae
726 745 1043 802 substantia
1072 761 1227 810 csse,
1266 764 1427 802 unum
1461 749 1674 817 quidem
1713 746 2010 801 secundum
2056 741 2391 811 hypostasim
2426 740 2628 802 eﬂerat,
2665 742 2933 795 diversam
3001 756 3131 794 vero
3196 740 3316 793 uni-

156 848 333 894 torum
369 847 639 890 naturam.

224 929 297 982 π’.
323 929 504 988 Οὕτως
532 930 627 979 οὑκ
659 928 800 980 ἔστιν
822 930 971 992 ἄλλος
995 931 1085 982 καὶ
1108 930 1263 992 ἄλλος
1289 934 1315 984 ὁ
1336 934 1583 1001 Χριστὸς.
1606 936 1691 987 ἵνα

154 1020 230 1089 μὴ
257 1018 468 1085 τετράδι
501 1016 860 1085 λατρεύωμεν,
895 1017 1019 1070 ἄλλο
1048 1019 1104 1070 δὲ
1133 1021 1225 1070 καὶ
1251 1019 1393 1084 ἄλλο,
1420 1022 1504 1073 ἵνα
1528 1024 1600 1090 μὴ
1625 1025 1689 1092 τῇ

153 1107 363 1173 θεότητι
396 1106 453 1156 τὸ
502 1104 667 1166 πάθος
699 1106 1115 1175 προσάπτωμεν.
1149 1108 1211 1159 Ei
1261 1108 1356 1175 μὲν
1402 1110 1506 1176 γὰρ
1538 1110 1692 1172 ἄλλος

150 1195 248 1248 καὶ
286 1192 460 1254 ἄλλος,
497 1193 667 1261 μάτην
698 1191 1160 1261 μεγαλαυχοῦμεν,
1183 1197 1277 1262 τὴν
1303 1196 1398 1263 τῆς
1427 1198 1692 1266 ἡμετέρας

152 1283 366 1349 φύσεως
399 1280 588 1332 θέωσιν
625 1282 708 1333 δή
740 1282 836 1349 τῆς
868 1282 961 1333 τοῦ
990 1282 1171 1361 ,Λόγου
1205 1285 1525 1352 γεγενῆσθαι
1559 1302 1690 1355 σαρ-

151 1370 396 1429 κώσεως.
430 1369 489 1419 El
516 1369 685 1437 γαμή
716 1368 873 1421 ἄλλου
906 1370 963 1421 ἐν
991 1370 1133 1438 ἄλλῳ
1161 1372 1449 1439 ἐνοίκησις,
1483 1374 1691 1444 σάρκω-

153 1472 262 1519 σις,
288 1457 539 1519 πλείστας
571 1457 865 1525 σαρκώσεις
892 1462 918 1510 ὀ
944 1457 1072 1519 Θεὸς
1103 1460 1410 1529 ὑπέμεινεν.
1460 1480 1480 1512 ε
1532 1463 1693 1513 Ἐνοι-

148 1544 309 1612 κήσω
327 1546 449 1614 γὰρ,
476 1548 653 1613 φησὶν,
676 1548 730 1597 ὲν
752 1548 895 1615 ὑμῖν,
921 1547 1015 1599 καὶ
1041 1550 1485 1618 ὲμπεριπατήσω.
1515 1569 1533 1601 ›
1564 1550 1691 1603 Καίο

158 1650 177 1682 ι
210 1634 327 1683 Οὐκ
360 1633 531 1685 οῐδατε
558 1634 633 1683 ὅτι
669 1634 781 1684 ναοὶ
812 1633 944 1686 Θεοῦ
980 1636 1118 1694 ἐστε,
1154 1637 1245 1685 καί
1272 1636 1331 1687 τὸ
1361 1636 1577 1705 Πνεῦμα
1601 1635 1693 1689 τοῦ

148 1719 293 1771 Θεοῦ
321 1723 515 1772 ἐνοικεῖ
534 1723 588 1771 ὲν
617 1721 767 1788 ύμῖνς
800 1738 816 1770 ι
857 1721 914 1772 Et
939 1720 992 1772 δὲ
1029 1722 1102 1789 μὴ
1127 1723 1251 1774 ἄλλο
1286 1726 1377 1776 καὶ
1407 1725 1550 1789 ἄλλο,
1569 1740 1696 1777 ταυ-

146 1806 247 1859 τὸν
278 1797 414 1859 κατὰ
445 1807 600 1875 φύσιν
629 1811 661 1877 ὴ
705 1808 838 1875 σὰρξ
868 1809 961 1860 κοιλ⁵
990 1809 1197 1877 θεότης,
1228 1812 1319 1863 καὶ
1353 1813 1525 1864 πάντα
1565 1827 1693 1877 συγ-

1864 934 1947 988 80
1988 932 2098 985 lloc
2128 941 2284 1001 pacto
2311 932 2560 993 ellicitur,
2594 940 2649 983 ut
2684 948 2787 985 non
2820 934 2889 985 sit
2923 933 3060 985 alius
3098 941 3150 985 et
3179 935 3316 985 alius

1786 1022 2061 1083 Christus,
2089 1036 2155 1073 ne
2178 1022 2525 1086 quaternitati
2568 1020 2868 1073 serviamus
2894 1038 2906 1070 ε
2942 1020 3085 1073 aliud
3114 1037 3239 1073 vero
3270 1030 3321 1071 et

1790 1110 1934 1163 aliud
1968 1110 2060 1171 sil,
2087 1123 2156 1162 ne
2185 1108 2456 1161 divinitati
2495 1110 2804 1176 passionem
2852 1109 3228 1160 aduectamus.
3266 1111 3319 1158 Si

1786 1198 1928 1249 enim
1954 1196 2105 1249 «alius
2139 1205 2192 1249 et
2223 1196 2383 1261 alius,
2432 1210 2566 1247 vane
2616 1194 2925 1260 frustraque
2974 1194 3325 1261 gloriarentur

1785 1282 1948 1352 416
1972 1281 2171 1335 factam
2199 1296 2319 1336 esse
2346 1296 2440 1350 per
2479 1280 2638 1334 Verbi
2666 1282 3093 1335 incarnationem
3123 1290 3324 1333 natura:

1788 1381 1986 1423 nostrae
2015 1372 2425 1424 deitlcalionem.
2463 1370 2672 1422 Etenim
2706 1372 2748 1423 si
2782 1366 2921 1424 alius
2954 1371 3007 1421 in
3036 1372 3140 1423 alio
3172 1371 3326 1422 inha~

1789 1458 1986 1511 bitatio
2016 1460 2320 1511 incarnatio
2348 1468 2454 1524 est,
2489 1461 2745 1527 plurimas
2790 1462 3011 1510 omnino
3058 1458 3197 1512 Deus
3246 1462 3323 1510 in-

1788 1548 2128 1602 carnationes
2153 1548 2493 1607 sustinuerit.
2518 1567 2535 1596 ι
2566 1547 2899 1610 luhabitabo,
2934 1548 3130 1616 inquit,
3157 1549 3209 1599 in
3240 1564 3328 1595 ιε.-

1790 1635 1899 1697 bis,
1933 1642 1985 1691 et
2014 1636 2363 1690 inambulabo
2398 1637 2463 1692 ".
2502 1656 2519 1687 ι
2561 1636 2623 1688 Et
2654 1655 2666 1689 :
2707 1654 2726 1686 ι
2764 1636 2997 1691 Nescitis
3028 1636 3171 1704 quod
3198 1645 3327 1688 tem-

1797 1724 1943 1791 plum
1965 1722 2056 1777 Dei
2086 1726 2245 1787 estis,
2266 1732 2318 1779 et
2341 1724 2578 1792 Spiritus
2603 1725 2692 1780 Dei
2724 1726 2927 1778 habitat
2949 1728 2999 1779 in
3028 1726 3182 1779 vobis
3209 1726 3278 1776 "?
3312 1738 3329 1768 ι

1800 1812 1894 1865 Sin
1932 1827 2061 1866 vero
2092 1823 2308 1867 nonest
2347 1814 2491 1867 aliud
2518 1825 2569 1867 et
2597 1815 2764 1874 aliud,
2806 1815 2941 1867 idem
2977 1826 3168 1866 natura
3204 1824 3330 1866 sunt

149 1898 382 1966 κέχυται
413 1898 502 1948 καὶ
525 1897 918 1966 συμπέφυρται.
958 1896 1017 1948 Εί
1051 1898 1147 1964 μὲν
1167 1897 1258 1951 οῦν
1286 1900 1383 1951 οὐκ
1421 1901 1575 1961 ἄλλος
1605 1901 1696 1952 καὶ
1729 1912 1767 1965 Β

1687 1917 1696 1951 ι
1729 1912 1767 1965 Β
1796 1918 1926 1957 caro
1952 1912 2007 1957 et
2038 1904 2323 1964 divinitas,
2354 1904 2643 1969 omniaque
2672 1903 2896 1955 confusa
2942 1910 2992 1954 et
3042 1904 3328 1955 commista

145 1988 335 2049 ἄλλος,
366 1982 443 2049 εἷς
468 1990 496 2039 ὁ
515 1987 760 2055 Χριστὸς,
788 1986 881 2039 καὶ
912 1987 1007 2056 μία
1031 1987 1319 2049 ὑπόστασις
1346 2005 1357 2016 ·
1383 1989 1535 2047 ἄλλος
1564 1989 1690 2058 γὰρ,

147 2077 184 2143 ὴ
222 2073 539 2135 ὑπόστασις.
580 2076 639 2126 Ei
690 2075 745 2126 δὶ
791 2075 915 2128 ἄλλο
942 2075 1035 2127 καὶ
1082 2074 1225 2137 ἄλλο,
1266 2076 1362 2127 οὐκ
1412 2076 1467 2133 ἓν
1497 2076 1693 2145 δηλαδὴ

144 2161 301 2213 κατὰ
325 2161 502 2228 φύσιν.
534 2162 589 2211 Ei
633 2161 686 2211 δὲ
728 2160 799 2231 μὴ
839 2161 914 2221 ἓν,
942 2161 1101 2213 παντί
1148 2177 1248 2212 που
1274 2163 1444 2229 δῆλον,
1478 2162 1551 2224 ὡς
1582 2162 1690 2219 δύο.

147 2244 249 2310 Εἷς
284 2250 376 2302 οῦν
410 2251 520 2301 ἐστι
568 2251 683 2301 καθ’
716 2250 1024 2311 ὑπόστασιν,
1072 2250 1205 2318 πρὸς
1245 2252 1431 2302 ἑαυτὸν
1458 2249 1696 2313 ταυτιζό-

148 2355 345 2406 μενος,
375 2339 479 2390 τῶν
510 2340 552 2390 δ’
575 2340 757 2407 ἄκρων
779 2341 889 2401 τοῖς
911 2343 1419 2409 χαρακτηριστικοὶς
1444 2341 1695 2409 ἀφοριζόο

150 2445 325 2494 μενος
356 2427 652 2497 ίδιώμασιν.
690 2430 749 2480 El
785 2429 891 2500 γὰρ
917 2430 1010 2481 καὶ
1056 2428 1162 2482 τῶν
1192 2429 1695 2500 χαρακτηριστικῶν

149 2515 467 2583 ἰδιωμάτων
504 2517 536 2585 ἡ
586 2516 712 2581 ἁγία
738 2515 897 2567 αὑτοῦ
926 2514 1062 2585 σὰρξ
1086 2517 1183 2568 οὐκ
1203 2517 1425 2587 ἄμοιρος
1450 2513 1538 2587 ἦν,
1566 2517 1699 2570 ἀλλά

146 2619 216 2670 γε
242 2603 449 2656 τούτων
476 2604 535 2656 τὸ
567 2605 850 2674 ἄθροισμα,
886 2604 976 2659 καὶ
1003 2608 1101 2675 τῆς
1134 2606 1327 2675 σαρκὸς
1347 2609 1379 2675 ὴ
1411 2607 1699 2668 ὑπόστασις

144 2705 211 2740 τε
246 2690 347 2742 καὶ
373 2690 659 2758 σύμπηξις,
680 2691 739 2741 ού
764 2689 884 2742 καθ’
904 2691 1091 2759 αὐτὴν,
1118 2692 1231 2743 ἀλλ’
1253 2693 1309 2743 ιν
1329 2695 1393 2761 τῇ
1413 2694 1505 2745 τοῦ
1526 2692 1696 2758 Λόγου

146 2777 457 2829 ὑποστάσει
514 2782 817 2846 γεγένηται,
872 2778 969 2830 καὶ
1022 2779 1188 2847 αὐτὴν
1235 2779 1331 2832 οὐκ
1384 2779 1513 2833 ίδίαν
1548 2780 1699 2849 ἔσχεν

147 2865 479 2919 ὑπόστασιν.
547 2865 815 2918 Ἐντεῦθεν
876 2864 996 2918 οὔτε
1052 2868 1405 2930 ὲνυπόστατος
1440 2864 1526 2938 ἦν,
1579 2868 1700 2926 οὒτε

151 2954 309 3005 ίδίαν
356 2952 509 3022 ἔσχεν
575 2954 891 3006 ὑπόστασινο
955 2953 1045 3007 δύο
1102 2953 1159 3029 δὲ
1211 2957 1398 3023 φύσεις
1448 2956 1700 3026 ὑπάρχει,

1792 2000 1940 2044 sunt.
1982 1988 2037 2043 Si
2078 1992 2259 2058 itaque
2302 2006 2410 2044 non
2461 2000 2545 2045 est
2597 1993 2737 2044 alius
2782 2001 2833 2044 et
2868 1993 3027 2051 «lius,
3065 2008 3203 2045 unus
3250 2002 3333 2044 est

1790 2078 2064 2145 Christus,
2095 2092 2147 2134 et
2176 2096 2278 2133 una
2305 2081 2612 2148 hypostasis
2638 2098 2651 2133 :
2686 2080 2824 2133 alius
2858 2080 2998 2132 enim
3024 2080 3333 2148 Ityposlasis

1791 2178 1893 2223 est.
1921 2169 1976 2223 Si
2014 2185 2139 2224 vero
2163 2179 2248 2223 est
2272 2170 2416 2223 aliud
2442 2178 2495 2222 et
2520 2169 2663 2222 aliud
2690 2187 2704 2233 ;
2740 2170 2897 2238 plane
2926 2185 3030 2222 non
3063 2179 3146 2223 est
3171 2184 3334 2221 unum

1794 2260 2091 2312 secundum
2121 2269 2390 2312 naturam.
2430 2258 2581 2324 Quod
2615 2260 2658 2311 si
2701 2274 2803 2311 non
2836 2268 2918 2311 est
2960 2274 3147 2318 unum,
3177 2272 3335 2311 nemo

1794 2346 2143 2412 dubitaverit,
2184 2346 2314 2415 quin
2365 2346 2472 2399 duo
2524 2348 2653 2399 sint.
2714 2344 2865 2400 Unus
2925 2357 3009 2398 est
3064 2358 3215 2412 ergo,
3276 2352 3333 2395 ut

1798 2436 1938 2489 idem
1974 2437 2246 2506 hypostasi
2284 2436 2375 2497 sit,
2407 2444 2776 2489 extremorum
2808 2442 2987 2486 tamen
3037 2434 3338 2501 proprieta-

1798 2522 1944 2577 tibus
2005 2522 2469 2576 characleristicis
2531 2522 2822 2577 discretus.
2877 2519 3008 2572 Nam
3060 2519 3165 2572 etsi
3218 2519 3338 2585 ejus

1798 2621 1983 2664 sancta
2036 2625 2163 2663 caro
2226 2611 2619 2679 praprietalum
2681 2608 2876 2675 quibus
2951 2606 3337 2675 sigillaretur,

1798 2712 1994 2765 expers
2023 2711 2128 2750 non
2172 2697 2309 2772 fuit;
2341 2697 2530 2750 harum
2587 2696 2941 2748 nihilominus
2986 2695 3254 2753 collectio,
3288 2701 3341 2745 et

1798 2785 1977 2837 carnis
2008 2785 2382 2846 consistentia,
2412 2782 2862 2849 constitutioque,
2910 2794 3002 2846 per
3033 2793 3091 2831 se
3123 2777 3341 2829 minime

1798 2870 2073 2932 substitit,
2106 2872 2200 2923 sed
2233 2870 2289 2922 in
2328 2868 2602 2939 hyposlasi
2654 2865 2836 2929 Verbi,
2872 2873 2924 2918 ut
2962 2865 3131 2931 ipsam
3179 2860 3335 2914 Verbi

1800 2950 2163 3027 hyimstasim,
2196 2971 2304 3011 non
2362 2958 2631 3027 pr0priam
2685 2969 2836 3008 suam
2908 2952 3179 3005 habuerit.
3219 2950 3340 3015 Quo

145 3043 537 3112 ὸμοουσιότητι
564 3044 659 3111 μὲν
684 3044 791 3095 τῶν
815 3044 1015 3113 ἄκρων,
1062 3045 1480 3115 ἑτεροουσιότητι
1514 3045 1568 3098 δὲ
1596 3046 1703 3098 τῶν

1801 3046 2001 3099 lat-tum
2032 3052 2134 3109 est,
2180 3053 2237 3097 ut
2270 3045 2389 3098 sine
2425 3044 2711 3113 hypostasi
2760 3057 2867 3095 non
2922 3042 3216 3104 exstiterit,
3244 3035 3362 3092 nec‘

149 3130 378 3201 μερῶν,
409 3133 686 3201 ἑνούμενός
718 3149 777 3185 τε
800 3134 891 3185 κα)⁹
916 3132 1280 3203 διαιρούμενος
1308 3142 1353 3186 ν.

1803 3135 2082 3203 hypostasi
2154 3133 2372 3201 propria
2431 3131 2655 3201 praedita
2716 3131 2805 3184 sit.
2856 3128 2948 3183 Est
3010 3144 3170 3196 porro
3225 3127 3344 3179 dua:

146 3230 402 3285 naturae,
434 3224 526 3292 qui
564 3233 927 3277 extremorum
1011 3224 1616 3289 consubstantialitate,
1674 3238 1738 3278 ac
1811 3225 2045 3292 partium
2106 3222 2436 3283 diversitate,
2499 3235 2621 3275 cum
2693 3220 2898 3281 unitus,
2959 3226 3072 3270 tum
3134 3219 3341 3272 discre-

150 3323 254 3370 tus
296 3323 403 3367 est.
3199 3295 3216 3315 ⁸

230 3413 354 3457 παπ
396 3404 495 3455 Δύο
526 3402 578 3455 δὲ
621 3401 807 3469 φύσεις
850 3400 1112 3468 λέγοντες,
1168 3402 1224 3453 ού
1275 3401 1579 3470 διαιροῦμεν
1610 3403 1705 3472 τὴν
1733 3410 1777 3470 C

1703 3422 1705 3440 ι
1733 3410 1777 3470 C
1877 3407 1963 3460 8i.
1998 3404 2232 3459 Naturas
2262 3406 2397 3459 duas
2430 3404 2682 3467 dicendo,
2712 3402 2962 3455 unionem
2999 3416 3106 3454 non
3138 3401 3344 3455 divelli-

144 3498 383 3557 lvwctv,
408 3494 504 3561 τὴν
533 3492 585 3542 δὲ
612 3490 813 3559 τροπὴν
858 3491 949 3541 καὶ
972 3489 1069 3558 τὴν
1112 3490 1367 3558 σύγχυσιν
1421 3491 1704 3560 φεύγομεν,

1696 3532 1704 3545 .
1811 3510 1953 3559 mus,
1983 3495 2074 3548 sed
2103 3494 2509 3548 conversionem
2558 3502 2609 3545 et
2658 3490 3036 3544 confusionem
3088 3492 3337 3544 vitamus.

149 3581 337 3648 Λόγῳ
371 3581 476 3649 γὰρ
501 3582 590 3631 καὶ
614 3578 794 3648 τρόπῳ
825 3581 919 3646 τῆς
956 3578 1211 3647 διαφορᾶς
1238 3579 1433 3640 ταύτας
1462 3580 1709 3650 ἀριθμεῖο

1699 3608 1709 3623 ι
1810 3580 2036 3635 Ratione
2087 3581 2231 3634 enim
2277 3588 2332 3633 et
2371 3579 2531 3631 modo
2560 3578 2875 3631 differentiae
2924 3578 3019 3629 has
3069 3578 3340 3629 numerari

150 3668 300 3735 σθαι
328 3668 678 3735 γινώσκομεν.
710 3668 801 3718 Ὃν
828 3664 932 3733 γὰρ
957 3665 1152 3736 τρόπον
1177 3668 1271 3735 τὴν
1302 3671 1558 3736 σύγχυσιν
1586 3667 1711 3734 φεύ-

1698 3696 1711 3708 ·
1808 3669 2080 3724 novimus.
2114 3666 2574 3734 Quemadmodum
2616 3665 2759 3717 enim
2792 3663 3170 3717 confusionem
3203 3663 3339 3732 lngi-

149 3775 364 3830 γομεν,
400 3756 537 3808 οὕτω
562 3756 649 3809 καὶ
677 3755 773 3824 τὴν
802 3754 1058 3824 διαίρεσιν
1087 3756 1512 3825 παραιτούμεθα,
1542 3757 1631 3809 ἐπί
1653 3773 1710 3807 τε

1699 3773 1710 3807 ε
1809 3771 1949 3822 mus,
1980 3756 2059 3810 sic
2086 3770 2301 3824 quoquc
2340 3754 2741 3822 sejunctionem
2788 3752 3169 3816 exhorremus,
3219 3768 3340 3804 cum

149 3849 277 3914 τῆς
314 3846 471 3913 ἁγίας
524 3845 615 3897 καὶ
652 3844 943 3914 θεαρχικῆς
988 3845 1232 3914 Τριάδος,
1273 3848 1363 3898 καὶ
1386 3847 1475 3898 ἐπὶ
1496 3847 1593 3915 τῆς
1619 3845 1711 3899 τοῦ

1703 3846 1711 3896 i
1808 3843 1862 3897 in
1894 3850 2077 3897 sancta
2104 3843 2391 3911 divinaque
2421 3838 2709 3901 Trinitate,
2739 3849 2853 3891 tum
2887 3838 2938 3890 in
2968 3838 3344 3891 incarnatione

148 3937 293 3998 ἑνὸς
323 3935 417 4002 τῆς
434 3934 588 4001 ἁγίας
605 3933 825 4001 Τριάδος
844 3934 1169 4002 οίκονομίας.
1208 3936 1290 3995 Ὠς
1321 3935 1425 4004 γὰρ
1441 3936 1712 4003 ὲκεῖτρεῐς

1697 3952 1712 3997 ;
1810 3937 1971 3988 unius
1996 3933 2062 3987 de
2101 3942 2282 3986 sancta
2332 3929 2619 3983 Trinitate.
2652 3928 2782 3981 Nam
2816 3927 2955 3981 sicut
2986 3935 3094 3979 tres
3126 3926 3338 3992 quidem

148 4025 274 4095 μὲν
318 4024 632 4084 ὑποστάσεις
668 4022 1049 4091 ὁμολογοῦμεν,
1106 4023 1232 4093 μίαν
1286 4023 1339 4075 δὲ
1390 4023 1573 4075 οὐσίαν
1620 4025 1713 4075 καὶ

1699 4028 1713 4075 ι
1808 4025 1919 4079 illic
1945 4024 2265 4094 hypostases
2298 4021 2642 4082 conﬁtemur,
2680 4032 2948 4084 unamque
2988 4018 3340 4085 praedicamus

146 4114 342 4184 φύσιν
379 4113 733 4182 κηρύττωμεν,
763 4111 868 4163 οὔδ’
903 4111 1162 4180 ὁποτέραν
1204 4112 1299 4178 μὲν
1342 4111 1449 4163 τῶν
1484 4111 1715 4164 ὑποστά-

1698 4139 1715 4153 -
1810 4115 2169 4171 substantiam
2221 4120 2274 4167 et
2326 4119 2601 4173 naturam,
2657 4117 2713 4162 ut
2767 4108 2968 4160 nullam
3006 4122 3223 4175 prorsus
3276 4122 3339 4168 ex

147 4218 321 4255 σεων
351 4201 542 4261 είδότες
569 4199 808 4252 ’ἀνούσιον
828 4215 842 4228 ’
876 4199 985 4251 ἀλλ’
1013 4200 1070 4251 ού
1106 4200 1273 4268 ταύτῃ
1299 4201 1481 4252 οὐσίαν
1513 4200 1712 4271 ἑκάστῃ

1696 4218 1712 4271 1
1809 4204 1984 4257 tribus
2030 4203 2141 4256 illis
2174 4200 2579 4270 hypostasibus,
2611 4197 2917 4252 substantia
2957 4210 3141 4248 carere
3175 4210 3337 4265 agno-

144 4292 478 4359 ῐδιαιρέτως
500 4291 901 4360 προσνέμοντες,
928 4291 1032 4343 οὐδ’
1055 4293 1396 4359 ἀφοριστικδν
1422 4293 1713 4359 ποσότητος

1697 4310 1713 4355 ;
1810 4308 2045 4354 scamus,
2115 4291 2224 4344 imo
2270 4304 2368 4344 nec
2424 4289 2717 4355 unicuique
2772 4285 3135 4339 substantiam
3189 4300 3338 4336 suam

141 4381 410 4451 ἀριθμὸν
440 4381 629 4432 οὐσιῶν
652 4381 1121 4447 καταγγέλλοντες,
1147 4381 1230 4433 ἵνα
1255 4382 1403 4451 μὴτὸ
1433 4383 1715 4452 ὲτεροφυὲς

1699 4401 1715 4445 ;
1812 4382 2115 4451 specialiter
2167 4378 2487 4440 tribuamus,
2551 4385 2644 4429 aut
2696 4375 2975 4429 delinilum
3027 4374 3340 4442 quantitatis

138 4473 261 4525 καὶ
301 4472 628 4539 ἑτεροούσιον
659 4469 957 4536 εἰσάγωμεν
979 4484 991 4498 ·
1024 4468 1162 4521 οὕτω
1193 4471 1483 4533 κάνταῦθα,
1516 4471 1605 4522 δύο
1634 4471 1715 4522 λέ-

1698 4499 1715 4510 -
1812 4470 2235 4525 8ubstantiarum
2287 4483 2569 4522 numerum
2626 4467 2889 4527 dicamus,
2947 4480 3009 4515 ne
3057 4464 3339 4515 diversitas

136 4575 367 4630 γοντες
400 4558 603 4627 φύσεις,
651 4558 711 4609 οὐ
763 4556 1072 4626 διαιροῦμεν
1109 4558 1205 4627 τὴν
1251 4557 1370 4611 καθ’
1423 4559 1712 4612 ὑπόστασιν

1695 4579 1712 4612 υ
1812 4567 2125 4611 naturarum
2186 4557 2717 4624 substantiarumque
2776 4553 3154 4605 introducatur
3200 4569 3210 4603 :
3262 4552 3336 4603 sic

132 4653 391 4711 ἕνωσιν,
430 4647 534 4698 οὐδ’
559 4645 898 4698 ὑποστάσεων
933 4644 1158 4714 ἀριθμὸν
1201 4648 1632 4716 συνεισφέρομεν,
1665 4650 1711 4699 εί

1698 4650 1711 4699 ί
1811 4649 1995 4710 etiam,
2038 4662 2159 4699 cum
2193 4646 2281 4699 hic
2316 4646 2453 4698 duas
2488 4651 2709 4697 naturas
2748 4643 3186 4711 prouuntimuns,
3233 4654 3337 4691 non

134 4739 261 4792 καὶ
305 4735 378 4805 μὴ
412 4736 762 4789 ἀνυπόστατοι
789 4731 893 4786 εἶεν
912 4751 925 4765 ο
951 4734 1012 4787 τὸ
1044 4737 1330 4805 ἑτεροειδὲς
1357 4736 1410 4788 δὲ
1451 4737 1710 4805 δηλοῦμεν
1741 4722 1775 4779 Π

1697 4755 1710 4788 ι
1741 4722 1786 4779 θ
1812 4736 2103 4790 dividimus
2132 4734 2525 4803 hypostaticam
2572 4734 2848 4791 unionem,
2884 4745 3054 4797 neque
3086 4730 3338 4796 hyposta-

130 4826 260 4880 καὶ
296 4824 645 4892 ὲτεροούσιον.
680 4822 882 4894 Ὠσπερ
907 4824 1013 4893 γὰρ
1049 4825 1163 4876 ἐκεῖ
1188 4826 1217 4875 ὁ
1244 4826 1347 4877 τῶν
1372 4826 1710 4878 ὑποστάσεων

1701 4842 1710 4874 ν
1813 4827 1951 4881 sium
2008 4840 2290 4879 numerum
2342 4824 2645 4883 inferimus,
2698 4822 2909 4873 tametsi
2968 4828 3171 4871 naturae
3228 4817 3342 4869 ista:

129 4912 410 4985 ἀριθμὸς
444 4913 500 4963 τὸ
522 4912 796 4979 ὁμοούσιον
828 4913 887 4964 οὐ
925 4913 1256 4982 λυμαίνεται,
1290 4914 1406 4965 οὐδὲ
1456 4915 1549 4983 τὴν
1576 4918 1710 4967 κατὰ

1699 4934 1710 4967 ι
1813 4916 2178 4970 subsistentia:
2211 4913 2433 4966 tninime
2465 4916 2574 4966 sint
2607 4919 2889 4978 expertes;
2924 4909 3014 4962 sed
3052 4907 3340 4959 discrimen

129 5003 345 5071 φύσιν
387 5001 644 5076 διαίρεσιν
692 5002 895 5068 είσάγει
926 5003 1041 5063 ταῖς
1064 5002 1438 5065 ὁποστάσεσιν,
1491 5002 1622 5054 ἀλλὰ
1652 5002 1711 5054 τὸ

1699 5015 1711 5054 l
1815 5016 2128 5059 naturarum
2174 5003 2597 5056 essentiarumve
2632 5000 2994 5054 declaramus.
3034 4996 3163 5048 Nam
3203 4996 3340 5046 velut

127 5092 283 5143 τῶν
320 5089 659 5140 ὑποστάσεων
691 5090 984 5157 σημαίνων,
1001 5091 1061 5140 τὸ
1088 5092 1282 5143 ἔνιαῖον
1319 5091 1413 5159 τῆς
1442 5090 1622 5151 οὐσίας
1648 5092 1708 5143 οὐ

1699 5112 1708 5142 ν
1813 5092 1924 5145 illic
1947 5105 2201 5145 numerus
2224 5089 2584 5158 hypostasium
2611 5086 2923 5141 substantia:
2957 5084 3211 5134 unitatem
3237 5094 3340 5129 non

122 5178 473 5244 διατέμνειο
502 5178 670 5238 οὕτως
695 5171 813 5240 ὧδε,
836 5178 867 5245 ἡ
898 5179 1124 5247 ποσότης
1146 5179 1249 5231 τῶν
1274 5179 1484 5247 φύσεων
1510 5180 1568 5231 τὸ
1589 5196 1712 5232 ταυ-

1698 5209 1712 5219 -
1817 5180 1981 5245 laedit,
2014 5194 2114 5233 nec
2145 5189 2361 5247 propter
2390 5178 2705 5247 hypostases
2735 5183 2939 5227 natura
2973 5170 3339 5224 diversitatem

126 5272 255 5322 τὸν
294 5264 477 5317 καὶτὸ
514 5266 705 5317 ἐνιαϊον
758 5267 813 5319 οὐ
855 5266 1049 5335 διαιρεῖ
1072 5270 1178 5319 τῶν
1224 5270 1587 5334 ύποστάσεων,
1616 5270 1712 5337 τὴν

1701 5288 1712 5319 ρ
1818 5267 2053 5331 inducit;
2102 5266 2229 5334 quin
2259 5267 2434 5333 potius
2470 5265 2781 5333 hyposlascs
2813 5260 3182 5329 significando.
3226 5256 3342 5306 nni-

200 5420 296 5451 ~'°
328 5419 494 5473 Lerit.
531 5436 673 5480 mn,
718 5420 802 5481 Η,
830 5420 927 5482 Ιῖς
959 5418 995 5470 ll
1018 5420 1147 5473 Cor.
1179 5437 1250 5484 vr,
1281 5422 1362 5475 16.
1471 5423 1508 5452 ’³
1539 5419 1555 5471 1
1585 5418 1808 5478 Cor.ttt.
1840 5419 1920 5470 l6.

1472 5542 1690 5597 VARI/li
1724 5541 2114 5596 LECTIONES.

230 5674 299 5711 να
325 5660 531 5713 Clarius
567 5661 792 5726 interpr.
822 5654 980 5708 ιιι-31).
1009 5673 1019 5705 ;
1046 5652 1233 5722 Estque
1255 5654 1488 5707 Christus
1518 5666 1717 5706 natura:
1742 5653 1874 5713 dum,
1903 5657 2073 5703 imitus
2098 5660 2142 5703 et
2165 5650 2413 5703 discretus
2438 5666 2453 5701 :
2478 5649 2649 5701 unims
2680 5641 3201 5711 urtilatc/typostasis,
3235 5644 3339 5693 ai:-

118 5754 154 5790 ι
171 5754 191 5785 r
207 5748 275 5788 ei
295 5748 357 5781 us
396 5731 689 5781 dircrsilate
729 5734 1052 5777 naturarum.
