  <div class='ocr_page' id='page_1' title='image "/cluster/home/n/w/nwhite01/storage/ocr_20150623/94/nnc1.0046979999/747.png"; bbox 0 0 4156 6436; ppageno 0'>
   <div class='ocr_carea' id='block_1_1' title="bbox 760 406 894 475">
    <p class='ocr_par' dir='ltr' id='par_1_1' title="bbox 760 406 894 475">
     <span class='ocr_line' id='line_1_1' title="bbox 760 406 894 475; baseline 0.015 -2"><span class='ocrx_word' id='word_1_1' title='bbox 760 406 894 475; x_wconf 76' lang='lat' dir='ltr'><strong>M79</strong></span> 
     </span>
    </p>
   </div>
   <div class='ocr_carea' id='block_1_2' title="bbox 1935 400 2809 460">
    <p class='ocr_par' dir='ltr' id='par_1_2' title="bbox 1935 400 2809 460">
     <span class='ocr_line' id='line_1_2' title="bbox 1935 400 2809 460; baseline -0.002 -1"><span class='ocrx_word' id='word_1_2' title='bbox 1935 401 1995 459; x_wconf 93' lang='lat' dir='ltr'><strong>S.</strong></span> <span class='ocrx_word' id='word_1_3' title='bbox 2026 402 2344 460; x_wconf 68' lang='lat' dir='ltr'><strong>JO.\\&#39;.\&#39;IS</strong></span> <span class='ocrx_word' id='word_1_4' title='bbox 2386 400 2809 457; x_wconf 64' lang='lat' dir='ltr'><strong>DAMASCENI</strong></span> 
     </span>
    </p>
   </div>
   <div class='ocr_carea' id='block_1_3' title="bbox 3887 398 4003 459">
    <p class='ocr_par' dir='ltr' id='par_1_3' title="bbox 3887 398 4003 459">
     <span class='ocr_line' id='line_1_3' title="bbox 3887 398 4003 459; baseline -0.034 0"><span class='ocrx_word' id='word_1_5' title='bbox 3887 399 3909 459; x_wconf 89' lang='lat' dir='ltr'>l</span> <span class='ocrx_word' id='word_1_6' title='bbox 3920 398 4003 458; x_wconf 58' lang='lat' dir='ltr'><strong>L83</strong></span> 
     </span>
    </p>
   </div>
   <div class='ocr_carea' id='block_1_4' title="bbox 758 508 2324 579">
    <p class='ocr_par' dir='ltr' id='par_1_4' title="bbox 758 509 2323 579">
     <span class='ocr_line' id='line_1_4' title="bbox 758 509 2323 579; baseline -0.006 -8"><span class='ocrx_word' id='word_1_7' title='bbox 758 528 923 571; x_wconf 85' lang='lat' dir='ltr'><strong>tatem</strong></span> <span class='ocrx_word' id='word_1_8' title='bbox 942 512 1262 569; x_wconf 66' lang='lat' dir='ltr'><strong>substantia:</strong></span> <span class='ocrx_word' id='word_1_9' title='bbox 1282 525 1390 564; x_wconf 90' lang='lat' dir='ltr'><strong>non</strong></span> <span class='ocrx_word' id='word_1_10' title='bbox 1421 510 1660 563; x_wconf 90' lang='lat' dir='ltr'><strong>scindit:</strong></span> <span class='ocrx_word' id='word_1_11' title='bbox 1690 509 1759 562; x_wconf 87' lang='lat' dir='ltr'><strong>ita</strong></span> <span class='ocrx_word' id='word_1_12' title='bbox 1793 510 2015 579; x_wconf 87' lang='lat' dir='ltr'><strong>perinde</strong></span> <span class='ocrx_word' id='word_1_13' title='bbox 2039 512 2126 565; x_wconf 90' lang='lat' dir='ltr'><strong>hic</strong></span> <span class='ocrx_word' id='word_1_14' title='bbox 2152 526 2323 579; x_wconf 88' lang='lat' dir='ltr'><strong>quan—</strong></span> 
     </span>
    </p>
   </div>
   <div class='ocr_carea' id='block_1_5' title="bbox 2427 508 4007 579">
    <p class='ocr_par' dir='ltr' id='par_1_5' title="bbox 2427 508 4007 579">
     <span class='ocr_line' id='line_1_5' title="bbox 2427 508 4007 579; baseline -0.001 -20"><span class='ocrx_word' id='word_1_15' title='bbox 2427 510 2498 571; x_wconf 81' lang='grc' dir='ltr'>ὡς</span> <span class='ocrx_word' id='word_1_16' title='bbox 2525 512 2580 562; x_wconf 81' lang='grc' dir='ltr'>ὲν</span> <span class='ocrx_word' id='word_1_17' title='bbox 2613 510 2873 579; x_wconf 78' lang='grc' dir='ltr'><strong>ποσότητι</strong></span> <span class='ocrx_word' id='word_1_18' title='bbox 2898 509 2954 562; x_wconf 78' lang='grc' dir='ltr'>δὲ</span> <span class='ocrx_word' id='word_1_19' title='bbox 2990 512 3189 578; x_wconf 77' lang='grc' dir='ltr'>φυσικῇ</span> <span class='ocrx_word' id='word_1_20' title='bbox 3215 509 3501 578; x_wconf 69' lang='grc' dir='ltr'>διαφορὰν,</span> <span class='ocrx_word' id='word_1_21' title='bbox 3545 510 3645 563; x_wconf 71' lang='grc' dir='ltr'><strong>καὶ</strong></span> <span class='ocrx_word' id='word_1_22' title='bbox 3680 508 3801 560; x_wconf 82' lang='grc' dir='ltr'><strong>τῶν</strong></span> <span class='ocrx_word' id='word_1_23' title='bbox 3840 509 4007 559; x_wconf 55' lang='lat' dir='ltr'><strong>sumi-</strong></span> 
     </span>
    </p>
   </div>
   <div class='ocr_carea' id='block_1_6' title="bbox 757 599 2324 667">
    <p class='ocr_par' dir='ltr' id='par_1_6' title="bbox 757 599 2324 667">
     <span class='ocr_line' id='line_1_6' title="bbox 757 599 2324 667; baseline -0.005 -8"><span class='ocrx_word' id='word_1_24' title='bbox 757 611 907 667; x_wconf 83' lang='lat' dir='ltr'><strong>titas,</strong></span> <span class='ocrx_word' id='word_1_25' title='bbox 953 604 1068 661; x_wconf 83' lang='lat' dir='ltr'><strong>sive</strong></span> <span class='ocrx_word' id='word_1_26' title='bbox 1119 616 1383 655; x_wconf 90' lang='lat' dir='ltr'><strong>numerus</strong></span> <span class='ocrx_word' id='word_1_27' title='bbox 1416 608 1738 653; x_wconf 92' lang='lat' dir='ltr'><strong>naturarum</strong></span> <span class='ocrx_word' id='word_1_28' title='bbox 1792 614 1954 653; x_wconf 90' lang='lat' dir='ltr'><strong>unam</strong></span> <span class='ocrx_word' id='word_1_29' title='bbox 1991 608 2043 654; x_wconf 85' lang='lat' dir='ltr'><strong>et</strong></span> <span class='ocrx_word' id='word_1_30' title='bbox 2077 599 2324 653; x_wconf 82' lang='lat' dir='ltr'><strong>eamdem</strong></span> 
     </span>
    </p>
   </div>
   <div class='ocr_carea' id='block_1_7' title="bbox 757 691 2324 767">
    <p class='ocr_par' dir='ltr' id='par_1_7' title="bbox 757 691 2324 767">
     <span class='ocr_line' id='line_1_7' title="bbox 757 691 2324 767; baseline -0.004 -17"><span class='ocrx_word' id='word_1_31' title='bbox 757 693 1095 767; x_wconf 79' lang='lat' dir='ltr'><strong>hypostasim</strong></span> <span class='ocrx_word' id='word_1_32' title='bbox 1132 706 1239 745; x_wconf 89' lang='lat' dir='ltr'><strong>non</strong></span> <span class='ocrx_word' id='word_1_33' title='bbox 1278 692 1506 754; x_wconf 88' lang='lat' dir='ltr'><strong>dirimit,</strong></span> <span class='ocrx_word' id='word_1_34' title='bbox 1540 691 1633 745; x_wconf 86' lang='lat' dir='ltr'><strong>sed</strong></span> <span class='ocrx_word' id='word_1_35' title='bbox 1687 692 1833 745; x_wconf 82' lang='lat' dir='ltr'><strong>velut</strong></span> <span class='ocrx_word' id='word_1_36' title='bbox 1892 693 1947 745; x_wconf 89' lang='lat' dir='ltr'><strong>in</strong></span> <span class='ocrx_word' id='word_1_37' title='bbox 1998 699 2324 761; x_wconf 71' lang='lat' dir='ltr'><strong>naturarum</strong></span> 
     </span>
    </p>
   </div>
   <div class='ocr_carea' id='block_1_8' title="bbox 756 782 2327 856">
    <p class='ocr_par' dir='ltr' id='par_1_8' title="bbox 756 782 2327 856">
     <span class='ocr_line' id='line_1_8' title="bbox 756 782 2327 856; baseline -0.004 -15"><span class='ocrx_word' id='word_1_38' title='bbox 756 787 1087 856; x_wconf 86' lang='lat' dir='ltr'><strong>quantitate,</strong></span> <span class='ocrx_word' id='word_1_39' title='bbox 1123 782 1425 837; x_wconf 83' lang='lat' dir='ltr'><strong>discrimen</strong></span> <span class='ocrx_word' id='word_1_40' title='bbox 1466 784 1897 853; x_wconf 87' lang='lat' dir='ltr'><strong>congeriemque</strong></span> <span class='ocrx_word' id='word_1_41' title='bbox 1942 784 2207 852; x_wconf 84' lang='lat' dir='ltr'><strong>exprimit</strong></span> <span class='ocrx_word' id='word_1_42' title='bbox 2232 796 2327 836; x_wconf 89' lang='lat' dir='ltr'><strong>eo-</strong></span> 
     </span>
    </p>
   </div>
   <div class='ocr_carea' id='block_1_9' title="bbox 757 868 2328 945">
    <p class='ocr_par' dir='ltr' id='par_1_9' title="bbox 757 868 2328 945">
     <span class='ocr_line' id='line_1_9' title="bbox 757 868 2328 945; baseline -0.001 -16"><span class='ocrx_word' id='word_1_43' title='bbox 757 892 874 929; x_wconf 91' lang='lat' dir='ltr'><strong>rum</strong></span> <span class='ocrx_word' id='word_1_44' title='bbox 908 890 1028 945; x_wconf 72' lang='lat' dir='ltr'><strong>qua:</strong></span> <span class='ocrx_word' id='word_1_45' title='bbox 1061 875 1224 930; x_wconf 85' lang='lat' dir='ltr'><strong>simul</strong></span> <span class='ocrx_word' id='word_1_46' title='bbox 1255 876 1486 928; x_wconf 87' lang='lat' dir='ltr'><strong>colvere.</strong></span> <span class='ocrx_word' id='word_1_47' title='bbox 1517 868 2070 940; x_wconf 51' lang='lat' dir='ltr'><strong>Quamobrem,&#39;cum</strong></span> <span class='ocrx_word' id='word_1_48' title='bbox 2099 890 2163 929; x_wconf 78' lang='lat' dir='ltr'><strong>ex</strong></span> <span class='ocrx_word' id='word_1_49' title='bbox 2192 873 2328 927; x_wconf 91' lang='lat' dir='ltr'><strong>dua-</strong></span> 
     </span>
    </p>
   </div>
   <div class='ocr_carea' id='block_1_10' title="bbox 758 964 2327 1035">
    <p class='ocr_par' dir='ltr' id='par_1_10' title="bbox 758 964 2327 1035">
     <span class='ocr_line' id='line_1_10' title="bbox 758 964 2327 1035; baseline -0.002 -14"><span class='ocrx_word' id='word_1_50' title='bbox 758 970 859 1021; x_wconf 95' lang='lat' dir='ltr'><strong>bus</strong></span> <span class='ocrx_word' id='word_1_51' title='bbox 892 966 1107 1021; x_wconf 91' lang='lat' dir='ltr'><strong>naturis</strong></span> <span class='ocrx_word' id='word_1_52' title='bbox 1141 966 1399 1035; x_wconf 81' lang='lat' dir='ltr'><strong>perfectis</strong></span> <span class='ocrx_word' id='word_1_53' title='bbox 1438 966 1698 1019; x_wconf 87' lang='lat' dir='ltr'><strong>unionem</strong></span> <span class='ocrx_word' id='word_1_54' title='bbox 1754 981 1875 1020; x_wconf 88' lang='lat' dir='ltr'><strong>esse</strong></span> <span class='ocrx_word' id='word_1_55' title='bbox 1935 964 2140 1019; x_wconf 88' lang='lat' dir='ltr'><strong>factam</strong></span> <span class='ocrx_word' id='word_1_56' title='bbox 2188 964 2327 1019; x_wconf 89' lang='lat' dir='ltr'><strong>dici-</strong></span> 
     </span>
    </p>
   </div>
   <div class='ocr_carea' id='block_1_11' title="bbox 760 1055 2329 1119">
    <p class='ocr_par' dir='ltr' id='par_1_11' title="bbox 760 1055 2329 1119">
     <span class='ocr_line' id='line_1_11' title="bbox 760 1055 2329 1119; baseline -0.001 -11"><span class='ocrx_word' id='word_1_57' title='bbox 760 1073 905 1119; x_wconf 91' lang='lat' dir='ltr'><strong>mus,</strong></span> <span class='ocrx_word' id='word_1_58' title='bbox 932 1072 1052 1111; x_wconf 90' lang='lat' dir='ltr'><strong>eam</strong></span> <span class='ocrx_word' id='word_1_59' title='bbox 1078 1070 1201 1109; x_wconf 83' lang='lat' dir='ltr'><strong>non</strong></span> <span class='ocrx_word' id='word_1_60' title='bbox 1240 1055 1418 1107; x_wconf 87' lang='lat' dir='ltr'><strong>aimus</strong></span> <span class='ocrx_word' id='word_1_61' title='bbox 1443 1069 1567 1109; x_wconf 89' lang='lat' dir='ltr'><strong>esse</strong></span> <span class='ocrx_word' id='word_1_62' title='bbox 1610 1057 1813 1109; x_wconf 89' lang='lat' dir='ltr'><strong>factam</strong></span> <span class='ocrx_word' id='word_1_63' title='bbox 1858 1056 2161 1109; x_wconf 89' lang='lat' dir='ltr'><strong>secundum</strong></span> <span class='ocrx_word' id='word_1_64' title='bbox 2196 1068 2329 1107; x_wconf 80' lang='lat' dir='ltr'><strong>con-</strong></span> 
     </span>
    </p>
   </div>
   <div class='ocr_carea' id='block_1_12' title="bbox 759 1144 2323 1210">
    <p class='ocr_par' dir='ltr' id='par_1_12' title="bbox 759 1144 2323 1210">
     <span class='ocr_line' id='line_1_12' title="bbox 759 1144 2323 1210; baseline -0.001 -12"><span class='ocrx_word' id='word_1_65' title='bbox 759 1148 1096 1210; x_wconf 79' lang='lat' dir='ltr'><strong>versionem,</strong></span> <span class='ocrx_word' id='word_1_66' title='bbox 1134 1156 1225 1198; x_wconf 90' lang='lat' dir='ltr'><strong>aut</strong></span> <span class='ocrx_word' id='word_1_67' title='bbox 1258 1144 1663 1209; x_wconf 81' lang='lat' dir='ltr'><strong>confusionem,</strong></span> <span class='ocrx_word' id='word_1_68' title='bbox 1714 1153 1809 1197; x_wconf 91' lang='lat' dir='ltr'><strong>aut</strong></span> <span class='ocrx_word' id='word_1_69' title='bbox 1870 1145 2323 1207; x_wconf 91' lang='lat' dir='ltr'><strong>demutationem,</strong></span> 
     </span>
    </p>
   </div>
   <div class='ocr_carea' id='block_1_13' title="bbox 761 1234 2327 1309">
    <p class='ocr_par' dir='ltr' id='par_1_13' title="bbox 761 1234 2327 1309">
     <span class='ocr_line' id='line_1_13' title="bbox 761 1234 2327 1309; baseline -0.004 -18"><span class='ocrx_word' id='word_1_70' title='bbox 761 1246 854 1291; x_wconf 88' lang='lat' dir='ltr'><strong>aut</strong></span> <span class='ocrx_word' id='word_1_71' title='bbox 881 1238 1324 1307; x_wconf 88' lang='lat' dir='ltr'><strong>permistionem,</strong></span> <span class='ocrx_word' id='word_1_72' title='bbox 1363 1250 1539 1305; x_wconf 87' lang='lat' dir='ltr'><strong>neque</strong></span> <span class='ocrx_word' id='word_1_73' title='bbox 1584 1236 1889 1309; x_wconf 79' lang='lat' dir='ltr'><strong>secundum</strong></span> <span class='ocrx_word' id='word_1_74' title='bbox 1922 1234 2200 1299; x_wconf 70' lang='lat' dir='ltr'><strong>allectum,</strong></span> <span class='ocrx_word' id='word_1_75' title='bbox 2232 1242 2327 1287; x_wconf 88' lang='lat' dir='ltr'><strong>aut</strong></span> 
     </span>
    </p>
   </div>
   <div class='ocr_carea' id='block_1_14' title="bbox 758 1322 2326 1395">
    <p class='ocr_par' dir='ltr' id='par_1_14' title="bbox 758 1322 2326 1395">
     <span class='ocr_line' id='line_1_14' title="bbox 758 1322 2326 1395; baseline -0.003 -15"><span class='ocrx_word' id='word_1_76' title='bbox 758 1328 1101 1395; x_wconf 84' lang='lat' dir='ltr'><strong>dignitatem,</strong></span> <span class='ocrx_word' id='word_1_77' title='bbox 1143 1330 1240 1377; x_wconf 90' lang='lat' dir='ltr'><strong>aut</strong></span> <span class='ocrx_word' id='word_1_78' title='bbox 1272 1323 1491 1378; x_wconf 90' lang='lat' dir='ltr'><strong>demum</strong></span> <span class='ocrx_word' id='word_1_79' title='bbox 1524 1339 1620 1393; x_wconf 86' lang='lat' dir='ltr'><strong>per</strong></span> <span class='ocrx_word' id='word_1_80' title='bbox 1651 1324 2099 1377; x_wconf 85' lang='lat' dir='ltr'><strong>communionem</strong></span> <span class='ocrx_word' id='word_1_81' title='bbox 2131 1322 2326 1375; x_wconf 91' lang='lat' dir='ltr'><strong>volun-</strong></span> 
     </span>
    </p>
   </div>
   <div class='ocr_carea' id='block_1_15' title="bbox 758 1400 2326 1485">
    <p class='ocr_par' dir='ltr' id='par_1_15' title="bbox 758 1400 2326 1485">
     <span class='ocr_line' id='line_1_15' title="bbox 758 1400 2326 1485; baseline -0.001 -16"><span class='ocrx_word' id='word_1_82' title='bbox 758 1420 889 1471; x_wconf 83' lang='lat' dir='ltr'><strong>tatis</strong></span> <span class='ocrx_word' id='word_1_83' title='bbox 919 1400 1187 1485; x_wconf 89' lang='lat' dir='ltr'><strong>ejusdem,</strong></span> <span class='ocrx_word' id='word_1_84' title='bbox 1244 1417 1332 1469; x_wconf 86' lang='lat' dir='ltr'><strong>vel</strong></span> <span class='ocrx_word' id='word_1_85' title='bbox 1381 1416 1645 1477; x_wconf 89' lang='lat' dir='ltr'><strong>nominis,</strong></span> <span class='ocrx_word' id='word_1_86' title='bbox 1694 1416 1778 1469; x_wconf 86' lang='lat' dir='ltr'><strong>vel</strong></span> <span class='ocrx_word' id='word_1_87' title='bbox 1824 1415 2132 1485; x_wconf 74' lang='lat' dir='ltr'><strong>dignitatis,</strong></span> <span class='ocrx_word' id='word_1_88' title='bbox 2184 1416 2326 1469; x_wconf 81' lang='lat' dir='ltr'><strong>sicut</strong></span> 
     </span>
    </p>
   </div>
   <div class='ocr_carea' id='block_1_16' title="bbox 756 1504 2326 1575">
    <p class='ocr_par' dir='ltr' id='par_1_16' title="bbox 756 1504 2326 1575">
     <span class='ocr_line' id='line_1_16' title="bbox 756 1504 2326 1575; baseline -0.001 -15"><span class='ocrx_word' id='word_1_89' title='bbox 756 1509 894 1560; x_wconf 78' lang='lat' dir='ltr'><strong>dixit</strong></span> <span class='ocrx_word' id='word_1_90' title='bbox 928 1507 1127 1574; x_wconf 88' lang='lat' dir='ltr'><strong>impius</strong></span> <span class='ocrx_word' id='word_1_91' title='bbox 1163 1504 1449 1561; x_wconf 88' lang='lat' dir='ltr'><strong>Nestorius</strong></span> <span class='ocrx_word' id='word_1_92' title='bbox 1478 1525 1491 1559; x_wconf 90' lang='lat'><strong>:</strong></span> <span class='ocrx_word' id='word_1_93' title='bbox 1529 1507 1662 1575; x_wconf 90' lang='lat' dir='ltr'><strong>quin</strong></span> <span class='ocrx_word' id='word_1_94' title='bbox 1695 1508 1876 1575; x_wconf 87' lang='lat' dir='ltr'><strong>potius</strong></span> <span class='ocrx_word' id='word_1_95' title='bbox 1906 1507 2165 1559; x_wconf 91' lang='lat' dir='ltr'><strong>unionem</strong></span> <span class='ocrx_word' id='word_1_96' title='bbox 2196 1505 2326 1560; x_wconf 88' lang='lat' dir='ltr'><strong>sub-</strong></span> 
     </span>
    </p>
   </div>
   <div class='ocr_carea' id='block_1_17' title="bbox 757 1594 2323 1667">
    <p class='ocr_par' dir='ltr' id='par_1_17' title="bbox 757 1594 2323 1667">
     <span class='ocr_line' id='line_1_17' title="bbox 757 1594 2323 1667; baseline 0.001 -17"><span class='ocrx_word' id='word_1_97' title='bbox 757 1598 1052 1651; x_wconf 86' lang='lat' dir='ltr'><strong>stantivam</strong></span> <span class='ocrx_word' id='word_1_98' title='bbox 1086 1604 1140 1650; x_wconf 91' lang='lat' dir='ltr'><strong>et</strong></span> <span class='ocrx_word' id='word_1_99' title='bbox 1168 1596 1467 1651; x_wconf 91' lang='lat' dir='ltr'><strong>secundum</strong></span> <span class='ocrx_word' id='word_1_100' title='bbox 1498 1594 1835 1667; x_wconf 75' lang='lat' dir='ltr'><strong>hypostasit‘n</strong></span> <span class='ocrx_word' id='word_1_101' title='bbox 1871 1604 2021 1651; x_wconf 90' lang='lat' dir='ltr'><strong>recta</strong></span> <span class='ocrx_word' id='word_1_102' title='bbox 2053 1597 2157 1651; x_wconf 84' lang='lat' dir='ltr'><strong>ﬁde</strong></span> <span class='ocrx_word' id='word_1_103' title='bbox 2181 1611 2323 1666; x_wconf 70' lang='lat' dir='ltr'><strong>pra:-</strong></span> 
     </span>
    </p>
   </div>
   <div class='ocr_carea' id='block_1_18' title="bbox 757 1686 2321 1752">
    <p class='ocr_par' dir='ltr' id='par_1_18' title="bbox 757 1686 2321 1752">
     <span class='ocr_line' id='line_1_18' title="bbox 757 1686 2321 1752; baseline 0.001 -12"><span class='ocrx_word' id='word_1_104' title='bbox 757 1688 1053 1741; x_wconf 87' lang='lat' dir='ltr'><strong>dicamus:</strong></span> <span class='ocrx_word' id='word_1_105' title='bbox 1094 1700 1203 1738; x_wconf 90' lang='lat' dir='ltr'><strong>non</strong></span> <span class='ocrx_word' id='word_1_106' title='bbox 1257 1695 1316 1739; x_wconf 82' lang='lat' dir='ltr'><strong>ut</strong></span> <span class='ocrx_word' id='word_1_107' title='bbox 1364 1686 1484 1740; x_wconf 63' lang='lat' dir='ltr'><strong>duae</strong></span> <span class='ocrx_word' id='word_1_108' title='bbox 1526 1687 1836 1752; x_wconf 67' lang='lat' dir='ltr'><strong>subtantim,</strong></span> <span class='ocrx_word' id='word_1_109' title='bbox 1883 1688 2000 1741; x_wconf 83' lang='lat' dir='ltr'><strong>sive</strong></span> <span class='ocrx_word' id='word_1_110' title='bbox 2046 1688 2321 1748; x_wconf 77' lang='lat' dir='ltr'><strong>essentiac,</strong></span> 
     </span>
    </p>
   </div>
   <div class='ocr_carea' id='block_1_19' title="bbox 755 1777 2322 1843">
    <p class='ocr_par' dir='ltr' id='par_1_19' title="bbox 755 1777 2322 1843">
     <span class='ocr_line' id='line_1_19' title="bbox 755 1777 2322 1843; baseline 0.001 -14"><span class='ocrx_word' id='word_1_111' title='bbox 755 1779 1049 1831; x_wconf 76' lang='lat' dir='ltr'><strong>essentiam</strong></span> <span class='ocrx_word' id='word_1_112' title='bbox 1083 1793 1245 1831; x_wconf 91' lang='lat' dir='ltr'><strong>unam</strong></span> <span class='ocrx_word' id='word_1_113' title='bbox 1296 1777 1652 1843; x_wconf 85' lang='lat' dir='ltr'><strong>compositam</strong></span> <span class='ocrx_word' id='word_1_114' title='bbox 1707 1777 2075 1843; x_wconf 84' lang='lat' dir='ltr'><strong>perfecerint;</strong></span> <span class='ocrx_word' id='word_1_115' title='bbox 2129 1777 2221 1832; x_wconf 89' lang='lat' dir='ltr'><strong>sed</strong></span> <span class='ocrx_word' id='word_1_116' title='bbox 2263 1787 2322 1831; x_wconf 91' lang='lat' dir='ltr'><strong>ut</strong></span> 
     </span>
    </p>
   </div>
   <div class='ocr_carea' id='block_1_20' title="bbox 758 1865 2318 1922">
    <p class='ocr_par' dir='ltr' id='par_1_20' title="bbox 758 1865 2318 1922">
     <span class='ocr_line' id='line_1_20' title="bbox 758 1865 2318 1922; baseline -0.001 -1"><span class='ocrx_word' id='word_1_117' title='bbox 758 1867 928 1921; x_wconf 69' lang='lat' dir='ltr'><strong>unita:</strong></span> <span class='ocrx_word' id='word_1_118' title='bbox 961 1868 1101 1921; x_wconf 88' lang='lat' dir='ltr'><strong>inter</strong></span> <span class='ocrx_word' id='word_1_119' title='bbox 1120 1883 1179 1922; x_wconf 91' lang='lat' dir='ltr'><strong>se</strong></span> <span class='ocrx_word' id='word_1_120' title='bbox 1204 1866 1410 1920; x_wconf 80' lang='lat' dir='ltr'><strong>fuerint</strong></span> <span class='ocrx_word' id='word_1_121' title='bbox 1437 1865 1738 1919; x_wconf 88' lang='lat' dir='ltr'><strong>secundum</strong></span> <span class='ocrx_word' id='word_1_122' title='bbox 1765 1867 2050 1920; x_wconf 83' lang='lat' dir='ltr'><strong>veritatem</strong></span> <span class='ocrx_word' id='word_1_123' title='bbox 2078 1867 2130 1920; x_wconf 93' lang='lat' dir='ltr'><strong>in</strong></span> <span class='ocrx_word' id='word_1_124' title='bbox 2155 1883 2318 1921; x_wconf 91' lang='lat' dir='ltr'><strong>unam</strong></span> 
     </span>
    </p>
   </div>
   <div class='ocr_carea' id='block_1_21' title="bbox 760 1957 2321 2029">
    <p class='ocr_par' dir='ltr' id='par_1_21' title="bbox 760 1957 2321 2029">
     <span class='ocr_line' id='line_1_21' title="bbox 760 1957 2321 2029; baseline 0.001 -18"><span class='ocrx_word' id='word_1_125' title='bbox 760 1959 851 2011; x_wconf 82' lang='lat' dir='ltr'><strong>Dei</strong></span> <span class='ocrx_word' id='word_1_126' title='bbox 887 1957 1009 2012; x_wconf 82' lang='lat' dir='ltr'><strong>Filii</strong></span> <span class='ocrx_word' id='word_1_127' title='bbox 1040 1958 1396 2027; x_wconf 88' lang='lat' dir='ltr'><strong>compositam</strong></span> <span class='ocrx_word' id='word_1_128' title='bbox 1429 1958 1768 2028; x_wconf 74' lang='lat' dir='ltr'><strong>hypostasim</strong></span> <span class='ocrx_word' id='word_1_129' title='bbox 1802 1973 1815 2009; x_wconf 90' lang='lat'><strong>:</strong></span> <span class='ocrx_word' id='word_1_130' title='bbox 1847 1973 2154 2029; x_wconf 86' lang='lat' dir='ltr'><strong>earumque</strong></span> <span class='ocrx_word' id='word_1_131' title='bbox 2186 1959 2321 2013; x_wconf 91' lang='lat' dir='ltr'><strong>adeo</strong></span> 
     </span>
    </p>
   </div>
   <div class='ocr_carea' id='block_1_22' title="bbox 759 2048 2320 2104">
    <p class='ocr_par' dir='ltr' id='par_1_22' title="bbox 759 2048 2320 2104">
     <span class='ocr_line' id='line_1_22' title="bbox 759 2048 2320 2104; baseline 0 -4"><span class='ocrx_word' id='word_1_132' title='bbox 759 2050 1177 2103; x_wconf 89' lang='lat' dir='ltr'><strong>substantialem</strong></span> <span class='ocrx_word' id='word_1_133' title='bbox 1210 2048 1581 2102; x_wconf 72' lang='lat' dir='ltr'><strong>differentiam</strong></span> <span class='ocrx_word' id='word_1_134' title='bbox 1613 2056 1818 2101; x_wconf 89' lang='lat' dir='ltr'><strong>sartam</strong></span> <span class='ocrx_word' id='word_1_135' title='bbox 1871 2056 2069 2103; x_wconf 89' lang='lat' dir='ltr'><strong>tectam</strong></span> <span class='ocrx_word' id='word_1_136' title='bbox 2117 2050 2320 2104; x_wconf 86' lang='lat' dir='ltr'><strong>servari</strong></span> 
     </span>
    </p>
   </div>
   <div class='ocr_carea' id='block_1_23' title="bbox 755 2137 2321 2209">
    <p class='ocr_par' dir='ltr' id='par_1_23' title="bbox 755 2137 2321 2209">
     <span class='ocr_line' id='line_1_23' title="bbox 755 2137 2321 2209; baseline -0.001 -16"><span class='ocrx_word' id='word_1_137' title='bbox 755 2137 918 2209; x_wconf 70' lang='grc'><strong>417</strong></span> <span class='ocrx_word' id='word_1_138' title='bbox 958 2138 1268 2193; x_wconf 80' lang='lat' dir='ltr'><strong>definimus.</strong></span> <span class='ocrx_word' id='word_1_139' title='bbox 1306 2137 1506 2191; x_wconf 81' lang='lat' dir='ltr'><strong>Mansit</strong></span> <span class='ocrx_word' id='word_1_140' title='bbox 1537 2137 2133 2205; x_wconf 86' lang='lat' dir='ltr'><strong>enimvero_creatum,</strong></span> <span class='ocrx_word' id='word_1_141' title='bbox 2177 2140 2321 2207; x_wconf 88' lang='lat' dir='ltr'><strong>quod</strong></span> 
     </span>
    </p>
   </div>
   <div class='ocr_carea' id='block_1_24' title="bbox 758 2228 2320 2293">
    <p class='ocr_par' dir='ltr' id='par_1_24' title="bbox 758 2228 2320 2293">
     <span class='ocr_line' id='line_1_24' title="bbox 758 2228 2320 2293; baseline 0 -12"><span class='ocrx_word' id='word_1_142' title='bbox 758 2237 1005 2283; x_wconf 88' lang='lat' dir='ltr'><strong>creatum</strong></span> <span class='ocrx_word' id='word_1_143' title='bbox 1034 2237 1175 2291; x_wconf 90' lang='lat' dir='ltr'><strong>erat,</strong></span> <span class='ocrx_word' id='word_1_144' title='bbox 1205 2238 1259 2283; x_wconf 90' lang='lat' dir='ltr'><strong>et</strong></span> <span class='ocrx_word' id='word_1_145' title='bbox 1298 2245 1403 2281; x_wconf 88' lang='lat' dir='ltr'><strong>non</strong></span> <span class='ocrx_word' id='word_1_146' title='bbox 1438 2236 1686 2281; x_wconf 79' lang='lat' dir='ltr'><strong>creatum</strong></span> <span class='ocrx_word' id='word_1_147' title='bbox 1710 2266 1725 2291; x_wconf 95' lang='lat'><strong>,</strong></span> <span class='ocrx_word' id='word_1_148' title='bbox 1759 2228 1905 2293; x_wconf 88' lang='lat' dir='ltr'><strong>quod</strong></span> <span class='ocrx_word' id='word_1_149' title='bbox 1937 2238 2178 2283; x_wconf 90' lang='lat' dir='ltr'><strong>creatum</strong></span> <span class='ocrx_word' id='word_1_150' title='bbox 2212 2245 2320 2282; x_wconf 91' lang='lat' dir='ltr'><strong>non</strong></span> 
     </span>
    </p>
   </div>
   <div class='ocr_carea' id='block_1_25' title="bbox 758 2321 2314 2389">
    <p class='ocr_par' dir='ltr' id='par_1_25' title="bbox 758 2321 2314 2389">
     <span class='ocr_line' id='line_1_25' title="bbox 758 2321 2314 2389; baseline -0.001 -15"><span class='ocrx_word' id='word_1_151' title='bbox 758 2331 916 2374; x_wconf 85' lang='lat' dir='ltr'><strong>erat:</strong></span> <span class='ocrx_word' id='word_1_152' title='bbox 950 2322 1180 2374; x_wconf 89' lang='lat' dir='ltr'><strong>mortale</strong></span> <span class='ocrx_word' id='word_1_153' title='bbox 1220 2321 1347 2374; x_wconf 91' lang='lat' dir='ltr'><strong>item</strong></span> <span class='ocrx_word' id='word_1_154' title='bbox 1381 2321 1528 2389; x_wconf 89' lang='lat' dir='ltr'><strong>quod</strong></span> <span class='ocrx_word' id='word_1_155' title='bbox 1562 2322 1794 2374; x_wconf 82' lang='lat' dir='ltr'><strong>mortale</strong></span> <span class='ocrx_word' id='word_1_156' title='bbox 1833 2329 1975 2382; x_wconf 89' lang='lat' dir='ltr'><strong>erat,</strong></span> <span class='ocrx_word' id='word_1_157' title='bbox 2007 2328 2062 2374; x_wconf 88' lang='lat' dir='ltr'><strong>et</strong></span> <span class='ocrx_word' id='word_1_158' title='bbox 2092 2321 2314 2373; x_wconf 82' lang='lat' dir='ltr'><strong>immor-</strong></span> 
     </span>
    </p>
   </div>
   <div class='ocr_carea' id='block_1_26' title="bbox 762 2407 2323 2479">
    <p class='ocr_par' dir='ltr' id='par_1_26' title="bbox 762 2407 2323 2479">
     <span class='ocr_line' id='line_1_26' title="bbox 762 2407 2323 2479; baseline 0 -18"><span class='ocrx_word' id='word_1_159' title='bbox 762 2410 870 2463; x_wconf 87' lang='lat' dir='ltr'><strong>tale</strong></span> <span class='ocrx_word' id='word_1_160' title='bbox 910 2410 1055 2477; x_wconf 91' lang='lat' dir='ltr'><strong>quod</strong></span> <span class='ocrx_word' id='word_1_161' title='bbox 1084 2410 1422 2462; x_wconf 84' lang='lat' dir='ltr'><strong>immortale.</strong></span> <span class='ocrx_word' id='word_1_162' title='bbox 1464 2407 1645 2462; x_wconf 89' lang='lat' dir='ltr'><strong>Unutn</strong></span> <span class='ocrx_word' id='word_1_163' title='bbox 1678 2410 1897 2479; x_wconf 80' lang='lat' dir='ltr'><strong>quidem</strong></span> <span class='ocrx_word' id='word_1_164' title='bbox 1925 2417 2178 2463; x_wconf 89' lang='lat' dir='ltr'><strong>coruscat</strong></span> <span class='ocrx_word' id='word_1_165' title='bbox 2224 2410 2323 2461; x_wconf 85' lang='lat' dir='ltr'><strong>mi—</strong></span> 
     </span>
    </p>
   </div>
   <div class='ocr_carea' id='block_1_27' title="bbox 729 2498 2322 2574">
    <p class='ocr_par' dir='ltr' id='par_1_27' title="bbox 729 2498 2322 2574">
     <span class='ocr_line' id='line_1_27' title="bbox 729 2498 2322 2574; baseline 0 -22"><span class='ocrx_word' id='word_1_166' title='bbox 729 2506 732 2515; x_wconf 85' lang='lat'><em>‘</em></span> <span class='ocrx_word' id='word_1_167' title='bbox 762 2500 985 2562; x_wconf 89' lang='lat' dir='ltr'><strong>raculis,</strong></span> <span class='ocrx_word' id='word_1_168' title='bbox 1035 2499 1184 2552; x_wconf 91' lang='lat' dir='ltr'><strong>aliud</strong></span> <span class='ocrx_word' id='word_1_169' title='bbox 1221 2500 1531 2553; x_wconf 84' lang='lat' dir='ltr'><strong>succumbit</strong></span> <span class='ocrx_word' id='word_1_170' title='bbox 1564 2501 1805 2567; x_wconf 87' lang='lat' dir='ltr'><strong>injuriis.</strong></span> <span class='ocrx_word' id='word_1_171' title='bbox 1839 2498 1952 2553; x_wconf 87' lang='lat' dir='ltr'><strong>Etsi</strong></span> <span class='ocrx_word' id='word_1_172' title='bbox 1985 2501 2130 2574; x_wconf 72' lang='lat' dir='ltr'><strong>enim</strong></span> <span class='ocrx_word' id='word_1_173' title='bbox 2178 2515 2322 2552; x_wconf 89' lang='lat' dir='ltr'><strong>unus</strong></span> 
     </span>
    </p>
   </div>
   <div class='ocr_carea' id='block_1_28' title="bbox 762 2588 2320 2658">
    <p class='ocr_par' dir='ltr' id='par_1_28' title="bbox 762 2588 2320 2658">
     <span class='ocr_line' id='line_1_28' title="bbox 762 2588 2320 2658; baseline -0.002 -15"><span class='ocrx_word' id='word_1_174' title='bbox 762 2598 846 2643; x_wconf 82' lang='lat' dir='ltr'><strong>est</strong></span> <span class='ocrx_word' id='word_1_175' title='bbox 872 2590 963 2658; x_wconf 89' lang='lat' dir='ltr'><strong>qui</strong></span> <span class='ocrx_word' id='word_1_176' title='bbox 1012 2588 1127 2642; x_wconf 70' lang='lat' dir='ltr'><strong>haec</strong></span> <span class='ocrx_word' id='word_1_177' title='bbox 1170 2590 1395 2656; x_wconf 88' lang='lat' dir='ltr'><strong>patitur.</strong></span> <span class='ocrx_word' id='word_1_178' title='bbox 1431 2597 1485 2642; x_wconf 91' lang='lat' dir='ltr'><strong>et</strong></span> <span class='ocrx_word' id='word_1_179' title='bbox 1526 2589 1632 2641; x_wconf 88' lang='lat' dir='ltr'><strong>alia</strong></span> <span class='ocrx_word' id='word_1_180' title='bbox 1678 2588 2005 2654; x_wconf 71' lang='lat' dir='ltr'><strong>mirabiliter</strong></span> <span class='ocrx_word' id='word_1_181' title='bbox 2042 2598 2320 2657; x_wconf 81' lang='lat' dir='ltr'><strong>operatur,</strong></span> 
     </span>
    </p>
   </div>
   <div class='ocr_carea' id='block_1_29' title="bbox 762 2679 2319 2749">
    <p class='ocr_par' dir='ltr' id='par_1_29' title="bbox 762 2679 2319 2749">
     <span class='ocr_line' id='line_1_29' title="bbox 762 2679 2319 2749; baseline -0.001 -16"><span class='ocrx_word' id='word_1_182' title='bbox 762 2690 821 2733; x_wconf 77' lang='lat' dir='ltr'><strong>ut</strong></span> <span class='ocrx_word' id='word_1_183' title='bbox 849 2688 1080 2749; x_wconf 89' lang='lat' dir='ltr'><strong>utraque</strong></span> <span class='ocrx_word' id='word_1_184' title='bbox 1115 2680 1425 2733; x_wconf 88' lang='lat' dir='ltr'><strong>communia</strong></span> <span class='ocrx_word' id='word_1_185' title='bbox 1467 2683 1632 2733; x_wconf 87' lang='lat' dir='ltr'><strong>unius</strong></span> <span class='ocrx_word' id='word_1_186' title='bbox 1670 2679 1874 2734; x_wconf 89' lang='lat' dir='ltr'><strong>fuerint</strong></span> <span class='ocrx_word' id='word_1_187' title='bbox 1908 2697 1921 2735; x_wconf 89' lang='lat'><strong>:</strong></span> <span class='ocrx_word' id='word_1_188' title='bbox 1954 2681 2103 2733; x_wconf 87' lang='lat' dir='ltr'><strong>aliud</strong></span> <span class='ocrx_word' id='word_1_189' title='bbox 2135 2690 2319 2733; x_wconf 87' lang='lat' dir='ltr'><strong>tamen</strong></span> 
     </span>
    </p>
   </div>
   <div class='ocr_carea' id='block_1_30' title="bbox 764 2768 2321 2836">
    <p class='ocr_par' dir='ltr' id='par_1_30' title="bbox 764 2768 2321 2836">
     <span class='ocr_line' id='line_1_30' title="bbox 764 2768 2321 2836; baseline -0.001 -14"><span class='ocrx_word' id='word_1_190' title='bbox 764 2768 899 2822; x_wconf 89' lang='lat' dir='ltr'><strong>illud</strong></span> <span class='ocrx_word' id='word_1_191' title='bbox 948 2776 1055 2830; x_wconf 85' lang='lat' dir='ltr'><strong>est,</strong></span> <span class='ocrx_word' id='word_1_192' title='bbox 1088 2783 1151 2819; x_wconf 76' lang='lat' dir='ltr'><strong>ex</strong></span> <span class='ocrx_word' id='word_1_193' title='bbox 1198 2782 1306 2836; x_wconf 89' lang='lat' dir='ltr'><strong>quo</strong></span> <span class='ocrx_word' id='word_1_194' title='bbox 1355 2768 1751 2821; x_wconf 86' lang='lat' dir='ltr'><strong>contumeliosa</strong></span> <span class='ocrx_word' id='word_1_195' title='bbox 1799 2770 2108 2821; x_wconf 87' lang='lat' dir='ltr'><strong>communia</strong></span> <span class='ocrx_word' id='word_1_196' title='bbox 2144 2776 2321 2832; x_wconf 89' lang='lat' dir='ltr'><strong>erant,</strong></span> 
     </span>
    </p>
   </div>
   <div class='ocr_carea' id='block_1_31' title="bbox 764 2858 2321 2927">
    <p class='ocr_par' dir='ltr' id='par_1_31' title="bbox 764 2858 2321 2927">
     <span class='ocr_line' id='line_1_31' title="bbox 764 2858 2321 2927; baseline -0.002 -16"><span class='ocrx_word' id='word_1_197' title='bbox 764 2868 817 2911; x_wconf 77' lang='lat' dir='ltr'><strong>et</strong></span> <span class='ocrx_word' id='word_1_198' title='bbox 852 2858 997 2911; x_wconf 93' lang='lat' dir='ltr'><strong>aliud</strong></span> <span class='ocrx_word' id='word_1_199' title='bbox 1030 2858 1077 2910; x_wconf 91' lang='lat' dir='ltr'><strong>id</strong></span> <span class='ocrx_word' id='word_1_200' title='bbox 1106 2873 1171 2910; x_wconf 77' lang='lat' dir='ltr'><strong>ex</strong></span> <span class='ocrx_word' id='word_1_201' title='bbox 1205 2872 1313 2925; x_wconf 89' lang='lat' dir='ltr'><strong>quo</strong></span> <span class='ocrx_word' id='word_1_202' title='bbox 1343 2859 1653 2909; x_wconf 85' lang='lat' dir='ltr'><strong>communia</strong></span> <span class='ocrx_word' id='word_1_203' title='bbox 1691 2859 1952 2925; x_wconf 62' lang='lat' dir='ltr'><strong>praecisa</strong></span> <span class='ocrx_word' id='word_1_204' title='bbox 2003 2873 2234 2927; x_wconf 69' lang='lat' dir='ltr'><strong>quaeque</strong></span> <span class='ocrx_word' id='word_1_205' title='bbox 2257 2859 2321 2908; x_wconf 81' lang='lat'><strong>“.</strong></span> 
     </span>
    </p>
   </div>
   <div class='ocr_carea' id='block_1_32' title="bbox 763 2946 2325 3007">
    <p class='ocr_par' dir='ltr' id='par_1_32' title="bbox 763 2946 2325 3007">
     <span class='ocr_line' id='line_1_32' title="bbox 763 2946 2325 3007; baseline 0 -6"><span class='ocrx_word' id='word_1_206' title='bbox 763 2949 1030 3001; x_wconf 74' lang='lat' dir='ltr'><strong>Caeterum</strong></span> <span class='ocrx_word' id='word_1_207' title='bbox 1059 2946 1206 3000; x_wconf 90' lang='lat' dir='ltr'><strong>aliud</strong></span> <span class='ocrx_word' id='word_1_208' title='bbox 1237 2955 1290 3000; x_wconf 91' lang='lat' dir='ltr'><strong>et</strong></span> <span class='ocrx_word' id='word_1_209' title='bbox 1323 2946 1491 3007; x_wconf 89' lang='lat' dir='ltr'><strong>aliud,</strong></span> <span class='ocrx_word' id='word_1_210' title='bbox 1532 2948 1745 3001; x_wconf 90' lang='lat' dir='ltr'><strong>ratione</strong></span> <span class='ocrx_word' id='word_1_211' title='bbox 1791 2954 1846 3001; x_wconf 89' lang='lat' dir='ltr'><strong>et</strong></span> <span class='ocrx_word' id='word_1_212' title='bbox 1884 2948 2047 3002; x_wconf 91' lang='lat' dir='ltr'><strong>modo</strong></span> <span class='ocrx_word' id='word_1_213' title='bbox 2078 2949 2325 3003; x_wconf 72' lang='lat' dir='ltr'><strong>diii‘eren-</strong></span> 
     </span>
    </p>
   </div>
   <div class='ocr_carea' id='block_1_33' title="bbox 766 3036 2325 3105">
    <p class='ocr_par' dir='ltr' id='par_1_33' title="bbox 766 3036 2325 3105">
     <span class='ocr_line' id='line_1_33' title="bbox 766 3036 2325 3105; baseline 0.002 -17"><span class='ocrx_word' id='word_1_214' title='bbox 766 3039 853 3090; x_wconf 75' lang='lat' dir='ltr'><strong>tia:</strong></span> <span class='ocrx_word' id='word_1_215' title='bbox 885 3056 907 3097; x_wconf 33' lang='grc' dir='ltr'><strong>τη</strong></span> <span class='ocrx_word' id='word_1_216' title='bbox 934 3038 1244 3090; x_wconf 86' lang='lat' dir='ltr'><strong>communia</strong></span> <span class='ocrx_word' id='word_1_217' title='bbox 1297 3050 1425 3089; x_wconf 87' lang='lat' dir='ltr'><strong>vero</strong></span> <span class='ocrx_word' id='word_1_218' title='bbox 1484 3036 1775 3104; x_wconf 85' lang='lat' dir='ltr'><strong>utriusque</strong></span> <span class='ocrx_word' id='word_1_219' title='bbox 1819 3044 2078 3105; x_wconf 70' lang='lat' dir='ltr'><strong>utraque,</strong></span> <span class='ocrx_word' id='word_1_220' title='bbox 2160 3037 2325 3093; x_wconf 89' lang='lat' dir='ltr'><strong>modo</strong></span> 
     </span>
    </p>
   </div>
   <div class='ocr_carea' id='block_1_34' title="bbox 2428 598 4007 670">
    <p class='ocr_par' dir='ltr' id='par_1_34' title="bbox 2428 598 4007 670">
     <span class='ocr_line' id='line_1_34' title="bbox 2428 598 4007 670; baseline -0.003 -17"><span class='ocrx_word' id='word_1_221' title='bbox 2428 601 2627 653; x_wconf 83' lang='grc' dir='ltr'>θόντων</span> <span class='ocrx_word' id='word_1_222' title='bbox 2645 600 2744 670; x_wconf 83' lang='grc' dir='ltr'>τὴν</span> <span class='ocrx_word' id='word_1_223' title='bbox 2784 600 3017 669; x_wconf 86' lang='grc' dir='ltr'>σωρείαν</span> <span class='ocrx_word' id='word_1_224' title='bbox 3050 600 3216 670; x_wconf 86' lang='grc' dir='ltr'>δηλοῖ.</span> <span class='ocrx_word' id='word_1_225' title='bbox 3248 602 3338 651; x_wconf 86' lang='grc' dir='ltr'>Διὸ</span> <span class='ocrx_word' id='word_1_226' title='bbox 3357 600 3421 669; x_wconf 79' lang='grc' dir='ltr'>δὴ</span> <span class='ocrx_word' id='word_1_227' title='bbox 3450 602 3514 652; x_wconf 81' lang='grc' dir='ltr'>ἐκ</span> <span class='ocrx_word' id='word_1_228' title='bbox 3544 599 3643 651; x_wconf 74' lang='grc' dir='ltr'><strong>δύο</strong></span> <span class='ocrx_word' id='word_1_229' title='bbox 3675 598 3905 666; x_wconf 69' lang='grc' dir='ltr'>φύσεων</span> <span class='ocrx_word' id='word_1_230' title='bbox 3936 613 4007 648; x_wconf 63' lang='lat' dir='ltr'><strong>rs-</strong></span> 
     </span>
    </p>
   </div>
   <div class='ocr_carea' id='block_1_35' title="bbox 2425 685 4009 759">
    <p class='ocr_par' dir='ltr' id='par_1_35' title="bbox 2425 685 4009 759">
     <span class='ocr_line' id='line_1_35' title="bbox 2425 685 4009 759; baseline -0.004 -18"><span class='ocrx_word' id='word_1_231' title='bbox 2425 690 2582 742; x_wconf 85' lang='grc' dir='ltr'>λείων</span> <span class='ocrx_word' id='word_1_232' title='bbox 2606 687 2705 759; x_wconf 82' lang='grc' dir='ltr'>τὴν</span> <span class='ocrx_word' id='word_1_233' title='bbox 2738 688 2931 742; x_wconf 71' lang='grc' dir='ltr'>ἕνωσιν</span> <span class='ocrx_word' id='word_1_234' title='bbox 2954 685 3284 756; x_wconf 80' lang='grc' dir='ltr'>γεγενῆσθαι</span> <span class='ocrx_word' id='word_1_235' title='bbox 3304 689 3576 751; x_wconf 84' lang='grc' dir='ltr'>λέγοντες,</span> <span class='ocrx_word' id='word_1_236' title='bbox 3610 685 3859 745; x_wconf 66' lang='grc' dir='ltr'>οἱα-κατὰ</span> <span class='ocrx_word' id='word_1_237' title='bbox 3890 703 4009 753; x_wconf 58' lang='lat' dir='ltr'><strong>go;-</strong></span> 
     </span>
    </p>
   </div>
   <div class='ocr_carea' id='block_1_36' title="bbox 2429 769 4005 849">
    <p class='ocr_par' dir='ltr' id='par_1_36' title="bbox 2429 769 4005 849">
     <span class='ocr_line' id='line_1_36' title="bbox 2429 769 4005 849; baseline -0.004 -17"><span class='ocrx_word' id='word_1_238' title='bbox 2429 781 2547 849; x_wconf 87' lang='grc' dir='ltr'>μὸν,</span> <span class='ocrx_word' id='word_1_239' title='bbox 2578 778 2611 849; x_wconf 83' lang='grc' dir='ltr'>ἢ</span> <span class='ocrx_word' id='word_1_240' title='bbox 2641 778 2923 847; x_wconf 82' lang='grc' dir='ltr'>σύγχυσιν,</span> <span class='ocrx_word' id='word_1_241' title='bbox 2955 780 2987 848; x_wconf 82' lang='grc' dir='ltr'>ἢ</span> <span class='ocrx_word' id='word_1_242' title='bbox 3021 777 3248 847; x_wconf 76' lang='grc' dir='ltr'>τροπὴν,</span> <span class='ocrx_word' id='word_1_243' title='bbox 3280 778 3313 846; x_wconf 80' lang='grc' dir='ltr'><strong>ἢ</strong></span> <span class='ocrx_word' id='word_1_244' title='bbox 3358 769 3670 846; x_wconf 65' lang='grc' dir='ltr'>άιὶάκρασιν</span> <span class='ocrx_word' id='word_1_245' title='bbox 3702 775 4005 843; x_wconf 72' lang='grc' dir='ltr'>ςάσκομεν-</span> 
     </span>
    </p>
   </div>
   <div class='ocr_carea' id='block_1_37' title="bbox 2425 866 4006 941">
    <p class='ocr_par' dir='ltr' id='par_1_37' title="bbox 2425 866 4006 941">
     <span class='ocr_line' id='line_1_37' title="bbox 2425 866 4006 941; baseline -0.009 -14"><span class='ocrx_word' id='word_1_246' title='bbox 2425 874 2533 927; x_wconf 80' lang='grc' dir='ltr'>οὐδ’</span> <span class='ocrx_word' id='word_1_247' title='bbox 2558 870 2624 926; x_wconf 80' lang='grc' dir='ltr'>αὖ</span> <span class='ocrx_word' id='word_1_248' title='bbox 2645 872 2807 925; x_wconf 89' lang='grc' dir='ltr'>πάλιν</span> <span class='ocrx_word' id='word_1_249' title='bbox 2831 871 3213 941; x_wconf 82' lang='grc' dir='ltr'>προσωπικὴν,</span> <span class='ocrx_word' id='word_1_250' title='bbox 3236 869 3268 938; x_wconf 79' lang='grc' dir='ltr'>ἢ</span> <span class='ocrx_word' id='word_1_251' title='bbox 3300 871 3577 938; x_wconf 77' lang='grc' dir='ltr'><strong>σχετικὴν,</strong></span> <span class='ocrx_word' id='word_1_252' title='bbox 3602 870 3644 936; x_wconf 77' lang='grc' dir='ltr'><strong>ἦ</strong></span> <span class='ocrx_word' id='word_1_253' title='bbox 3677 869 3810 919; x_wconf 80' lang='grc' dir='ltr'>κατ’</span> <span class='ocrx_word' id='word_1_254' title='bbox 3843 866 4006 928; x_wconf 76' lang='grc' dir='ltr'>ἀξίαν,</span> 
     </span>
    </p>
   </div>
   <div class='ocr_carea' id='block_1_38' title="bbox 2425 955 4009 1034">
    <p class='ocr_par' dir='ltr' id='par_1_38' title="bbox 2425 955 4009 1034">
     <span class='ocr_line' id='line_1_38' title="bbox 2425 955 4009 1034; baseline -0.008 -17"><span class='ocrx_word' id='word_1_255' title='bbox 2425 966 2458 1034; x_wconf 82' lang='grc' dir='ltr'>ἢ</span> <span class='ocrx_word' id='word_1_256' title='bbox 2494 961 2897 1025; x_wconf 80' lang='grc' dir='ltr'>ταυτοσουλίαν,</span> <span class='ocrx_word' id='word_1_257' title='bbox 2929 962 2962 1031; x_wconf 79' lang='grc' dir='ltr'>ἦ</span> <span class='ocrx_word' id='word_1_258' title='bbox 2998 960 3399 1028; x_wconf 84' lang='grc' dir='ltr'>ταυτωνυμίαν,</span> <span class='ocrx_word' id='word_1_259' title='bbox 3429 960 3461 1028; x_wconf 83' lang='grc' dir='ltr'>ἢ</span> <span class='ocrx_word' id='word_1_260' title='bbox 3492 957 3810 1027; x_wconf 76' lang='grc' dir='ltr'>ὁμοτιμίαν</span> <span class='ocrx_word' id='word_1_261' title='bbox 3832 995 3847 1015; x_wconf 94' lang='grc'><strong>,</strong></span> <span class='ocrx_word' id='word_1_262' title='bbox 3894 955 4009 1012; x_wconf 63' lang='grc' dir='ltr'>ὡςὸ</span> 
     </span>
    </p>
   </div>
   <div class='ocr_carea' id='block_1_39' title="bbox 2428 1046 4009 1124">
    <p class='ocr_par' dir='ltr' id='par_1_39' title="bbox 2428 1046 4009 1124">
     <span class='ocr_line' id='line_1_39' title="bbox 2428 1046 4009 1124; baseline -0.009 -16"><span class='ocrx_word' id='word_1_263' title='bbox 2428 1054 2723 1124; x_wconf 84' lang='grc' dir='ltr'>θεοστυγὴς</span> <span class='ocrx_word' id='word_1_264' title='bbox 2769 1052 2870 1122; x_wconf 78' lang='grc' dir='ltr'><strong>ἔφη</strong></span> <span class='ocrx_word' id='word_1_265' title='bbox 2927 1052 3255 1121; x_wconf 85' lang='grc' dir='ltr'>Νεστόριος⁶</span> <span class='ocrx_word' id='word_1_266' title='bbox 3306 1048 3537 1117; x_wconf 80' lang='grc' dir='ltr'>οὑσιώδη</span> <span class='ocrx_word' id='word_1_267' title='bbox 3566 1048 3626 1100; x_wconf 82' lang='grc' dir='ltr'>δὲ</span> <span class='ocrx_word' id='word_1_268' title='bbox 3663 1046 3884 1115; x_wconf 77' lang='grc' dir='ltr'>μᾶλλον</span> <span class='ocrx_word' id='word_1_269' title='bbox 3930 1048 4009 1096; x_wconf 72' lang='grc' dir='ltr'><strong>καὶ</strong></span> 
     </span>
    </p>
   </div>
   <div class='ocr_carea' id='block_1_40' title="bbox 2426 1134 4009 1210">
    <p class='ocr_par' dir='ltr' id='par_1_40' title="bbox 2426 1134 4009 1210">
     <span class='ocr_line' id='line_1_40' title="bbox 2426 1134 4009 1210; baseline -0.007 -11"><span class='ocrx_word' id='word_1_270' title='bbox 2426 1144 2549 1199; x_wconf 85' lang='grc' dir='ltr'>καθ’</span> <span class='ocrx_word' id='word_1_271' title='bbox 2579 1145 2876 1197; x_wconf 82' lang='grc' dir='ltr'><strong>ὑπόστασιν</strong></span> <span class='ocrx_word' id='word_1_272' title='bbox 2908 1141 3203 1209; x_wconf 82' lang='grc' dir='ltr'>όρθοδόξως</span> <span class='ocrx_word' id='word_1_273' title='bbox 3247 1134 3628 1210; x_wconf 67' lang='grc' dir='ltr'>κηρύττομειί·</span> <span class='ocrx_word' id='word_1_274' title='bbox 3666 1140 3772 1207; x_wconf 70' lang='grc' dir='ltr'><strong>οὐχ</strong></span> <span class='ocrx_word' id='word_1_275' title='bbox 3808 1138 3887 1197; x_wconf 82' lang='grc' dir='ltr'><strong>ὡς</strong></span> <span class='ocrx_word' id='word_1_276' title='bbox 3918 1138 4009 1188; x_wconf 73' lang='grc' dir='ltr'><strong>τῶν</strong></span> 
     </span>
    </p>
   </div>
   <div class='ocr_carea' id='block_1_41' title="bbox 2425 1229 4008 1304">
    <p class='ocr_par' dir='ltr' id='par_1_41' title="bbox 2425 1229 4008 1304">
     <span class='ocr_line' id='line_1_41' title="bbox 2425 1229 4008 1304; baseline -0.006 -16"><span class='ocrx_word' id='word_1_277' title='bbox 2425 1236 2519 1289; x_wconf 86' lang='grc' dir='ltr'>δύο</span> <span class='ocrx_word' id='word_1_278' title='bbox 2542 1237 2739 1289; x_wconf 78' lang='grc' dir='ltr'><strong>οὐσιῶν</strong></span> <span class='ocrx_word' id='word_1_279' title='bbox 2770 1236 2899 1304; x_wconf 83' lang='grc' dir='ltr'>μίαν</span> <span class='ocrx_word' id='word_1_280' title='bbox 2928 1233 3115 1286; x_wconf 75' lang='grc' dir='ltr'>οὐσίαν</span> <span class='ocrx_word' id='word_1_281' title='bbox 3146 1232 3561 1285; x_wconf 87' lang='grc' dir='ltr'>ἀποτελεσασῶν</span> <span class='ocrx_word' id='word_1_282' title='bbox 3589 1230 3887 1289; x_wconf 85' lang='grc' dir='ltr'>σύνθετον,</span> <span class='ocrx_word' id='word_1_283' title='bbox 3914 1229 4008 1279; x_wconf 60' lang='grc' dir='ltr'>ἀλλ’</span> 
     </span>
    </p>
   </div>
   <div class='ocr_carea' id='block_1_42' title="bbox 2427 1320 4007 1395">
    <p class='ocr_par' dir='ltr' id='par_1_42' title="bbox 2427 1320 4007 1395">
     <span class='ocr_line' id='line_1_42' title="bbox 2427 1320 4007 1395; baseline -0.005 -16"><span class='ocrx_word' id='word_1_284' title='bbox 2427 1324 2730 1379; x_wconf 82' lang='grc' dir='ltr'>ένωθεισῶν</span> <span class='ocrx_word' id='word_1_285' title='bbox 2760 1323 3009 1395; x_wconf 74' lang='grc' dir='ltr'>ἀλλήλοις</span> <span class='ocrx_word' id='word_1_286' title='bbox 3044 1322 3163 1376; x_wconf 85' lang='grc' dir='ltr'>κατ’</span> <span class='ocrx_word' id='word_1_287' title='bbox 3194 1322 3455 1391; x_wconf 82' lang='grc' dir='ltr'>ἀλήθειαν</span> <span class='ocrx_word' id='word_1_288' title='bbox 3482 1324 3563 1382; x_wconf 86' lang='grc' dir='ltr'>εἱς</span> <span class='ocrx_word' id='word_1_289' title='bbox 3597 1320 3740 1391; x_wconf 85' lang='grc' dir='ltr'>μίαν</span> <span class='ocrx_word' id='word_1_290' title='bbox 3778 1320 4007 1372; x_wconf 78' lang='grc' dir='ltr'>ὑπόστα-</span> 
     </span>
    </p>
   </div>
   <div class='ocr_carea' id='block_1_43' title="bbox 2430 1410 4007 1487">
    <p class='ocr_par' dir='ltr' id='par_1_43' title="bbox 2430 1410 4007 1487">
     <span class='ocr_line' id='line_1_43' title="bbox 2430 1410 4007 1487; baseline -0.006 -20"><span class='ocrx_word' id='word_1_291' title='bbox 2430 1432 2512 1467; x_wconf 90' lang='grc' dir='ltr'><strong>σιν</strong></span> <span class='ocrx_word' id='word_1_292' title='bbox 2546 1413 2799 1487; x_wconf 80' lang='grc' dir='ltr'>σύνθετον</span> <span class='ocrx_word' id='word_1_293' title='bbox 2824 1412 2915 1465; x_wconf 83' lang='grc' dir='ltr'>τοῦ</span> <span class='ocrx_word' id='word_1_294' title='bbox 2946 1412 3076 1465; x_wconf 87' lang='grc' dir='ltr'><strong>Υἱοῦ</strong></span> <span class='ocrx_word' id='word_1_295' title='bbox 3103 1411 3198 1465; x_wconf 82' lang='grc' dir='ltr'>τοῦ</span> <span class='ocrx_word' id='word_1_296' title='bbox 3216 1412 3373 1475; x_wconf 84' lang='grc' dir='ltr'><strong>Θεοῦ,</strong></span> <span class='ocrx_word' id='word_1_297' title='bbox 3402 1412 3681 1474; x_wconf 74' lang='grc' dir='ltr'>σώζεσθαι</span> <span class='ocrx_word' id='word_1_298' title='bbox 3713 1410 3908 1462; x_wconf 69' lang='grc' dir='ltr'>αὐτῶν</span> 
     </span>
    </p>
   </div>
   <div class='ocr_carea' id='block_1_44' title="bbox 2426 1502 4009 1575">
    <p class='ocr_par' dir='ltr' id='par_1_44' title="bbox 2426 1502 4009 1575">
     <span class='ocr_line' id='line_1_44' title="bbox 2426 1502 4009 1575; baseline -0.003 -18"><span class='ocrx_word' id='word_1_299' title='bbox 2426 1504 2655 1574; x_wconf 74' lang='grc' dir='ltr'>οὐσιώδη</span> <span class='ocrx_word' id='word_1_300' title='bbox 2690 1504 2954 1575; x_wconf 73' lang='grc' dir='ltr'>διαφορὰν</span> <span class='ocrx_word' id='word_1_301' title='bbox 2983 1502 3296 1574; x_wconf 79' lang='grc' dir='ltr'>ὁριζόμεθα.</span> <span class='ocrx_word' id='word_1_302' title='bbox 3340 1505 3641 1572; x_wconf 85' lang='grc' dir='ltr'>Μεμὲνηκε</span> <span class='ocrx_word' id='word_1_303' title='bbox 3676 1504 3795 1571; x_wconf 80' lang='grc' dir='ltr'><strong>γὰρ</strong></span> <span class='ocrx_word' id='word_1_304' title='bbox 3822 1502 3886 1553; x_wconf 82' lang='grc' dir='ltr'><strong>τὸ</strong></span> <span class='ocrx_word' id='word_1_305' title='bbox 3917 1519 4009 1554; x_wconf 79' lang='grc' dir='ltr'>κτι-</span> 
     </span>
    </p>
   </div>
   <div class='ocr_carea' id='block_1_45' title="bbox 2430 1593 4011 1664">
    <p class='ocr_par' dir='ltr' id='par_1_45' title="bbox 2430 1593 4011 1664">
     <span class='ocr_line' id='line_1_45' title="bbox 2430 1593 4011 1664; baseline -0.004 -16"><span class='ocrx_word' id='word_1_306' title='bbox 2430 1596 2552 1648; x_wconf 86' lang='grc' dir='ltr'>στδν</span> <span class='ocrx_word' id='word_1_307' title='bbox 2577 1596 2697 1664; x_wconf 80' lang='grc' dir='ltr'>μὲν,</span> <span class='ocrx_word' id='word_1_308' title='bbox 2735 1594 2969 1655; x_wconf 85' lang='grc' dir='ltr'>κτιστὸν,</span> <span class='ocrx_word' id='word_1_309' title='bbox 3004 1594 3065 1647; x_wconf 82' lang='grc' dir='ltr'><strong>τὸ</strong></span> <span class='ocrx_word' id='word_1_310' title='bbox 3097 1595 3152 1646; x_wconf 88' lang='grc' dir='ltr'>δὲ</span> <span class='ocrx_word' id='word_1_311' title='bbox 3184 1593 3437 1647; x_wconf 83' lang='grc' dir='ltr'>άκτιστον</span> <span class='ocrx_word' id='word_1_312' title='bbox 3463 1632 3477 1653; x_wconf 85' lang='grc'><strong>,</strong></span> <span class='ocrx_word' id='word_1_313' title='bbox 3519 1594 3791 1646; x_wconf 83' lang='grc' dir='ltr'>άκτιστον</span> <span class='ocrx_word' id='word_1_314' title='bbox 3816 1610 3831 1623; x_wconf 86' lang='grc'><strong>·</strong></span> <span class='ocrx_word' id='word_1_315' title='bbox 3863 1608 4011 1658; x_wconf 51' lang='grc' dir='ltr'>γενη-</span> 
     </span>
    </p>
   </div>
   <div class='ocr_carea' id='block_1_46' title="bbox 2426 1681 4012 1752">
    <p class='ocr_par' dir='ltr' id='par_1_46' title="bbox 2426 1681 4012 1752">
     <span class='ocr_line' id='line_1_46' title="bbox 2426 1681 4012 1752; baseline -0.004 -14"><span class='ocrx_word' id='word_1_316' title='bbox 2426 1686 2514 1739; x_wconf 82' lang='grc' dir='ltr'><strong>τὸν</strong></span> <span class='ocrx_word' id='word_1_317' title='bbox 2545 1699 2593 1749; x_wconf 75' lang='grc' dir='ltr'>ι,</span> <span class='ocrx_word' id='word_1_318' title='bbox 2625 1684 2688 1737; x_wconf 83' lang='grc' dir='ltr'><strong>τὸ</strong></span> <span class='ocrx_word' id='word_1_319' title='bbox 2720 1682 2931 1752; x_wconf 81' lang='grc' dir='ltr'>θνητὸν,</span> <span class='ocrx_word' id='word_1_320' title='bbox 2964 1682 3059 1734; x_wconf 79' lang='grc' dir='ltr'>καὶ</span> <span class='ocrx_word' id='word_1_321' title='bbox 3088 1682 3377 1742; x_wconf 82' lang='grc' dir='ltr'>ἀθάνατον,</span> <span class='ocrx_word' id='word_1_322' title='bbox 3402 1682 3463 1734; x_wconf 83' lang='grc' dir='ltr'><strong>τὸ</strong></span> <span class='ocrx_word' id='word_1_323' title='bbox 3494 1681 3781 1735; x_wconf 80' lang='grc' dir='ltr'>ἀθάνατον</span> <span class='ocrx_word' id='word_1_324' title='bbox 3804 1698 3820 1711; x_wconf 80' lang='lat'><strong><em>°</em></strong></span> <span class='ocrx_word' id='word_1_325' title='bbox 3853 1681 3946 1732; x_wconf 74' lang='grc' dir='ltr'><strong>καὶ</strong></span> <span class='ocrx_word' id='word_1_326' title='bbox 3964 1683 4012 1732; x_wconf 67' lang='grc' dir='ltr'><strong>τὸ</strong></span> 
     </span>
    </p>
   </div>
   <div class='ocr_carea' id='block_1_47' title="bbox 2428 1769 4011 1844">
    <p class='ocr_par' dir='ltr' id='par_1_47' title="bbox 2428 1769 4011 1844">
     <span class='ocr_line' id='line_1_47' title="bbox 2428 1769 4011 1844; baseline -0.004 -16"><span class='ocrx_word' id='word_1_327' title='bbox 2428 1776 2524 1844; x_wconf 82' lang='grc' dir='ltr'>μὲν</span> <span class='ocrx_word' id='word_1_328' title='bbox 2556 1774 2854 1841; x_wconf 85' lang='grc' dir='ltr'>διαλάμπει</span> <span class='ocrx_word' id='word_1_329' title='bbox 2878 1774 2990 1834; x_wconf 83' lang='grc' dir='ltr'>τοῖς</span> <span class='ocrx_word' id='word_1_330' title='bbox 3014 1771 3277 1841; x_wconf 80' lang='grc' dir='ltr'>θαύμασι,</span> <span class='ocrx_word' id='word_1_331' title='bbox 3300 1770 3360 1823; x_wconf 83' lang='grc' dir='ltr'><strong>τὸ</strong></span> <span class='ocrx_word' id='word_1_332' title='bbox 3383 1771 3439 1824; x_wconf 65' lang='grc' dir='ltr'>δὲ</span> <span class='ocrx_word' id='word_1_333' title='bbox 3468 1773 3591 1833; x_wconf 82' lang='grc' dir='ltr'>ταῖς</span> <span class='ocrx_word' id='word_1_334' title='bbox 3617 1769 3873 1840; x_wconf 71' lang='grc' dir='ltr'>ὕϐρεσιν</span> <span class='ocrx_word' id='word_1_335' title='bbox 3900 1772 4011 1821; x_wconf 76' lang='grc' dir='ltr'>ὐπο-</span> 
     </span>
    </p>
   </div>
   <div class='ocr_carea' id='block_1_48' title="bbox 2424 1856 4010 1931">
    <p class='ocr_par' dir='ltr' id='par_1_48' title="bbox 2424 1856 4010 1931">
     <span class='ocr_line' id='line_1_48' title="bbox 2424 1856 4010 1931; baseline -0.004 -15"><span class='ocrx_word' id='word_1_336' title='bbox 2424 1865 2727 1917; x_wconf 77' lang='grc' dir='ltr'>πέπτωκεν.</span> <span class='ocrx_word' id='word_1_337' title='bbox 2764 1864 2827 1914; x_wconf 81' lang='lat' dir='ltr'><strong>Ei</strong></span> <span class='ocrx_word' id='word_1_338' title='bbox 2853 1863 2962 1931; x_wconf 86' lang='grc' dir='ltr'>γὰρ</span> <span class='ocrx_word' id='word_1_339' title='bbox 2983 1863 3077 1914; x_wconf 88' lang='grc' dir='ltr'><strong>καί</strong></span> <span class='ocrx_word' id='word_1_340' title='bbox 3110 1856 3190 1924; x_wconf 76' lang='grc' dir='ltr'>εἷς</span> <span class='ocrx_word' id='word_1_341' title='bbox 3218 1864 3245 1914; x_wconf 96' lang='lat'><strong>6</strong></span> <span class='ocrx_word' id='word_1_342' title='bbox 3277 1860 3447 1914; x_wconf 79' lang='grc' dir='ltr'>ταῦτα</span> <span class='ocrx_word' id='word_1_343' title='bbox 3489 1862 3749 1930; x_wconf 81' lang='grc' dir='ltr'>πάσχων,</span> <span class='ocrx_word' id='word_1_344' title='bbox 3790 1861 4010 1911; x_wconf 71' lang='grc' dir='ltr'>κάκεῖνα</span> 
     </span>
    </p>
   </div>
   <div class='ocr_carea' id='block_1_49' title="bbox 2424 1949 4013 2021">
    <p class='ocr_par' dir='ltr' id='par_1_49' title="bbox 2424 1949 4013 2021">
     <span class='ocr_line' id='line_1_49' title="bbox 2424 1949 4013 2021; baseline -0.005 -16"><span class='ocrx_word' id='word_1_345' title='bbox 2424 1950 2857 2021; x_wconf 86' lang='grc' dir='ltr'>θαυματουργῶν</span> <span class='ocrx_word' id='word_1_346' title='bbox 2881 1990 2896 2014; x_wconf 90' lang='grc'><strong>,</strong></span> <span class='ocrx_word' id='word_1_347' title='bbox 2945 1950 3039 2007; x_wconf 75' lang='grc' dir='ltr'><strong>καὶ</strong></span> <span class='ocrx_word' id='word_1_348' title='bbox 3080 1950 3233 2001; x_wconf 87' lang='grc' dir='ltr'>κοινὰ</span> <span class='ocrx_word' id='word_1_349' title='bbox 3264 1949 3358 2001; x_wconf 84' lang='grc' dir='ltr'>τοῦ</span> <span class='ocrx_word' id='word_1_350' title='bbox 3394 1950 3510 2011; x_wconf 85' lang='grc' dir='ltr'>ένὸς</span> <span class='ocrx_word' id='word_1_351' title='bbox 3542 1949 3809 2017; x_wconf 73' lang='grc' dir='ltr'>ὑπῆρχεν</span> <span class='ocrx_word' id='word_1_352' title='bbox 3857 1949 4013 2015; x_wconf 57' lang='grc' dir='ltr'><strong>ἀμφνὲ</strong></span> 
     </span>
    </p>
   </div>
   <div class='ocr_carea' id='block_1_50' title="bbox 2422 2032 4013 2109">
    <p class='ocr_par' dir='ltr' id='par_1_50' title="bbox 2422 2032 4013 2109">
     <span class='ocr_line' id='line_1_50' title="bbox 2422 2032 4013 2109; baseline -0.004 -14"><span class='ocrx_word' id='word_1_353' title='bbox 2422 2059 2578 2109; x_wconf 86' lang='grc' dir='ltr'>τερα,</span> <span class='ocrx_word' id='word_1_354' title='bbox 2610 2039 2725 2094; x_wconf 83' lang='grc' dir='ltr'>ἀλλ’</span> <span class='ocrx_word' id='word_1_355' title='bbox 2755 2039 2942 2108; x_wconf 70' lang='grc' dir='ltr'>ἕτερον</span> <span class='ocrx_word' id='word_1_356' title='bbox 2961 2038 3019 2102; x_wconf 64' lang='grc' dir='ltr'><strong>ἐξ</strong></span> <span class='ocrx_word' id='word_1_357' title='bbox 3039 2032 3101 2092; x_wconf 75' lang='grc' dir='ltr'>οὗ</span> <span class='ocrx_word' id='word_1_358' title='bbox 3124 2038 3281 2091; x_wconf 80' lang='grc' dir='ltr'>κοινὰ</span> <span class='ocrx_word' id='word_1_359' title='bbox 3306 2040 3374 2093; x_wconf 83' lang='grc' dir='ltr'>τὰ</span> <span class='ocrx_word' id='word_1_360' title='bbox 3407 2043 3503 2109; x_wconf 81' lang='grc' dir='ltr'>τῆς</span> <span class='ocrx_word' id='word_1_361' title='bbox 3546 2039 3798 2109; x_wconf 75' lang='grc' dir='ltr'>ὕϐρεως,</span> <span class='ocrx_word' id='word_1_362' title='bbox 3846 2040 3943 2089; x_wconf 71' lang='grc' dir='ltr'><strong>καὶ</strong></span> <span class='ocrx_word' id='word_1_363' title='bbox 3965 2039 4013 2105; x_wconf 65' lang='grc' dir='ltr'><strong>ἐξ</strong></span> 
     </span>
    </p>
   </div>
   <div class='ocr_carea' id='block_1_51' title="bbox 2423 2128 4013 2200">
    <p class='ocr_par' dir='ltr' id='par_1_51' title="bbox 2423 2128 4013 2200">
     <span class='ocr_line' id='line_1_51' title="bbox 2423 2128 4013 2200; baseline -0.006 -12"><span class='ocrx_word' id='word_1_364' title='bbox 2423 2128 2483 2188; x_wconf 70' lang='grc' dir='ltr'>οὗ</span> <span class='ocrx_word' id='word_1_365' title='bbox 2517 2133 2670 2187; x_wconf 80' lang='grc' dir='ltr'>κοινὰ</span> <span class='ocrx_word' id='word_1_366' title='bbox 2720 2132 2787 2185; x_wconf 83' lang='grc' dir='ltr'><strong>τά</strong></span> <span class='ocrx_word' id='word_1_367' title='bbox 2839 2132 3151 2200; x_wconf 81' lang='grc' dir='ltr'><strong>αὐχήματα,</strong></span> <span class='ocrx_word' id='word_1_368' title='bbox 3184 2131 3401 2199; x_wconf 70' lang='grc' dir='ltr'>ἕτερον·</span> <span class='ocrx_word' id='word_1_369' title='bbox 3442 2131 3631 2199; x_wconf 75' lang='grc' dir='ltr'>ἕτερον</span> <span class='ocrx_word' id='word_1_370' title='bbox 3688 2131 3888 2198; x_wconf 73' lang='grc' dir='ltr'>μέντοι</span> <span class='ocrx_word' id='word_1_371' title='bbox 3938 2134 4013 2181; x_wconf 73' lang='grc' dir='ltr'><strong>καὶ</strong></span> 
     </span>
    </p>
   </div>
   <div class='ocr_carea' id='block_1_52' title="bbox 2423 2223 4011 2295">
    <p class='ocr_par' dir='ltr' id='par_1_52' title="bbox 2423 2223 4011 2295">
     <span class='ocr_line' id='line_1_52' title="bbox 2423 2223 4011 2295; baseline -0.002 -18"><span class='ocrx_word' id='word_1_372' title='bbox 2423 2226 2607 2295; x_wconf 76' lang='grc' dir='ltr'>ἕτερον</span> <span class='ocrx_word' id='word_1_373' title='bbox 2639 2224 2781 2293; x_wconf 90' lang='grc' dir='ltr'>λόγῳ</span> <span class='ocrx_word' id='word_1_374' title='bbox 2812 2223 2902 2276; x_wconf 76' lang='grc' dir='ltr'>καὶ</span> <span class='ocrx_word' id='word_1_375' title='bbox 2932 2224 3118 2293; x_wconf 83' lang='grc' dir='ltr'>τρόπῳ</span> <span class='ocrx_word' id='word_1_376' title='bbox 3142 2223 3240 2290; x_wconf 86' lang='grc' dir='ltr'><strong>τῆς</strong></span> <span class='ocrx_word' id='word_1_377' title='bbox 3265 2223 3553 2292; x_wconf 77' lang='grc' dir='ltr'>διαφορᾶς,</span> <span class='ocrx_word' id='word_1_378' title='bbox 3592 2224 3759 2275; x_wconf 80' lang='grc' dir='ltr'>κοινὰ</span> <span class='ocrx_word' id='word_1_379' title='bbox 3804 2223 3866 2275; x_wconf 74' lang='grc' dir='ltr'>δὲ</span> <span class='ocrx_word' id='word_1_380' title='bbox 3894 2225 4011 2274; x_wconf 74' lang='grc' dir='ltr'>ἑκα-</span> 
     </span>
    </p>
   </div>
   <div class='ocr_carea' id='block_1_53' title="bbox 2422 2311 4013 2386">
    <p class='ocr_par' dir='ltr' id='par_1_53' title="bbox 2422 2311 4013 2386">
     <span class='ocr_line' id='line_1_53' title="bbox 2422 2311 4013 2386; baseline -0.003 -18"><span class='ocrx_word' id='word_1_381' title='bbox 2422 2316 2563 2386; x_wconf 89' lang='grc' dir='ltr'>τέρῳ</span> <span class='ocrx_word' id='word_1_382' title='bbox 2584 2316 2817 2385; x_wconf 77' lang='grc' dir='ltr'>ἑκάτερα</span> <span class='ocrx_word' id='word_1_383' title='bbox 2853 2311 2930 2383; x_wconf 83' lang='grc' dir='ltr'>τῷ</span> <span class='ocrx_word' id='word_1_384' title='bbox 2966 2314 3152 2384; x_wconf 89' lang='grc' dir='ltr'>τρόπῳ</span> <span class='ocrx_word' id='word_1_385' title='bbox 3180 2314 3281 2383; x_wconf 81' lang='grc' dir='ltr'>τῆς</span> <span class='ocrx_word' id='word_1_386' title='bbox 3313 2313 3661 2375; x_wconf 81' lang='grc' dir='ltr'>ἀντιδόσεως,</span> <span class='ocrx_word' id='word_1_387' title='bbox 3691 2312 3786 2364; x_wconf 72' lang='grc' dir='ltr'>διὰ</span> <span class='ocrx_word' id='word_1_388' title='bbox 3813 2313 3917 2382; x_wconf 71' lang='grc' dir='ltr'>τὴν</span> <span class='ocrx_word' id='word_1_389' title='bbox 3945 2316 4013 2373; x_wconf 79' lang='grc' dir='ltr'>εἰς</span> 
     </span>
    </p>
   </div>
   <div class='ocr_carea' id='block_1_54' title="bbox 2423 2402 4013 2475">
    <p class='ocr_par' dir='ltr' id='par_1_54' title="bbox 2423 2402 4013 2475">
     <span class='ocr_line' id='line_1_54' title="bbox 2423 2402 4013 2475; baseline -0.003 -17"><span class='ocrx_word' id='word_1_390' title='bbox 2423 2405 2625 2475; x_wconf 83' lang='grc' dir='ltr'>ἄλληλα</span> <span class='ocrx_word' id='word_1_391' title='bbox 2657 2405 2765 2457; x_wconf 72' lang='grc' dir='ltr'><strong>τῶν</strong></span> <span class='ocrx_word' id='word_1_392' title='bbox 2793 2403 2973 2474; x_wconf 89' lang='grc' dir='ltr'>μερῶν</span> <span class='ocrx_word' id='word_1_393' title='bbox 3002 2402 3375 2474; x_wconf 82' lang='grc' dir='ltr'>περιχώρησιν</span> <span class='ocrx_word' id='word_1_394' title='bbox 3396 2444 3409 2467; x_wconf 88' lang='grc'><strong>,</strong></span> <span class='ocrx_word' id='word_1_395' title='bbox 3440 2403 3533 2455; x_wconf 83' lang='grc' dir='ltr'>καὶ</span> <span class='ocrx_word' id='word_1_396' title='bbox 3572 2403 3677 2471; x_wconf 82' lang='grc' dir='ltr'><strong>τὴν</strong></span> <span class='ocrx_word' id='word_1_397' title='bbox 3722 2404 3856 2455; x_wconf 77' lang='grc' dir='ltr'>καθ’</span> <span class='ocrx_word' id='word_1_398' title='bbox 3888 2404 4013 2455; x_wconf 71' lang='grc' dir='ltr'>ὑπό-</span> 
     </span>
    </p>
   </div>
   <div class='ocr_carea' id='block_1_55' title="bbox 2425 2492 4013 2563">
    <p class='ocr_par' dir='ltr' id='par_1_55' title="bbox 2425 2492 4013 2563">
     <span class='ocr_line' id='line_1_55' title="bbox 2425 2492 4013 2563; baseline -0.001 -16"><span class='ocrx_word' id='word_1_399' title='bbox 2425 2512 2612 2549; x_wconf 87' lang='grc' dir='ltr'>στασιν</span> <span class='ocrx_word' id='word_1_400' title='bbox 2664 2494 2876 2548; x_wconf 69' lang='grc' dir='ltr'>ἕνωσιν.</span> <span class='ocrx_word' id='word_1_401' title='bbox 2924 2493 3165 2563; x_wconf 83' lang='grc' dir='ltr'>Ἐνεργεῖ</span> <span class='ocrx_word' id='word_1_402' title='bbox 3221 2493 3321 2561; x_wconf 82' lang='grc' dir='ltr'>γὰρ</span> <span class='ocrx_word' id='word_1_403' title='bbox 3370 2492 3602 2563; x_wconf 59' lang='grc' dir='ltr'><strong>ἑκατέρᾳ⁴</strong></span> <span class='ocrx_word' id='word_1_404' title='bbox 3652 2496 3848 2561; x_wconf 61' lang='grc' dir='ltr'>μορφῇ</span> <span class='ocrx_word' id='word_1_405' title='bbox 3886 2496 4013 2561; x_wconf 77' lang='grc' dir='ltr'><strong>μετὰ</strong></span> 
     </span>
    </p>
   </div>
   <div class='ocr_carea' id='block_1_56' title="bbox 2425 2582 4014 2657">
    <p class='ocr_par' dir='ltr' id='par_1_56' title="bbox 2425 2582 4014 2657">
     <span class='ocr_line' id='line_1_56' title="bbox 2425 2582 4014 2657; baseline -0.001 -20"><span class='ocrx_word' id='word_1_406' title='bbox 2425 2588 2523 2657; x_wconf 80' lang='grc' dir='ltr'><strong>τῆς</strong></span> <span class='ocrx_word' id='word_1_407' title='bbox 2556 2585 2787 2655; x_wconf 86' lang='grc' dir='ltr'>θατέρου</span> <span class='ocrx_word' id='word_1_408' title='bbox 2821 2583 3128 2646; x_wconf 82' lang='grc' dir='ltr'>κοινωνίας,</span> <span class='ocrx_word' id='word_1_409' title='bbox 3151 2582 3301 2636; x_wconf 79' lang='grc' dir='ltr'>τοῦθ’</span> <span class='ocrx_word' id='word_1_410' title='bbox 3330 2583 3467 2653; x_wconf 80' lang='grc' dir='ltr'>ὅπερ</span> <span class='ocrx_word' id='word_1_411' title='bbox 3502 2583 3635 2655; x_wconf 59' lang='grc' dir='ltr'>[διον</span> <span class='ocrx_word' id='word_1_412' title='bbox 3673 2584 3911 2650; x_wconf 63' lang='grc' dir='ltr'>ἔσχηκε·</span> <span class='ocrx_word' id='word_1_413' title='bbox 3942 2584 4014 2635; x_wconf 72' lang='grc' dir='ltr'><strong>διὸ</strong></span> 
     </span>
    </p>
   </div>
   <div class='ocr_carea' id='block_1_57' title="bbox 2422 2670 4013 2746">
    <p class='ocr_par' dir='ltr' id='par_1_57' title="bbox 2422 2670 4013 2746">
     <span class='ocr_line' id='line_1_57' title="bbox 2422 2670 4013 2746; baseline -0.004 -17"><span class='ocrx_word' id='word_1_414' title='bbox 2422 2678 2486 2746; x_wconf 83' lang='grc' dir='ltr'>δὴ</span> <span class='ocrx_word' id='word_1_415' title='bbox 2515 2677 2606 2729; x_wconf 81' lang='grc' dir='ltr'>καὶ</span> <span class='ocrx_word' id='word_1_416' title='bbox 2629 2678 2657 2728; x_wconf 97' lang='lat'><strong>6</strong></span> <span class='ocrx_word' id='word_1_417' title='bbox 2692 2674 2893 2745; x_wconf 83' lang='grc' dir='ltr'>Κύριος</span> <span class='ocrx_word' id='word_1_418' title='bbox 2919 2676 3018 2743; x_wconf 82' lang='grc' dir='ltr'><strong>τῆς</strong></span> <span class='ocrx_word' id='word_1_419' title='bbox 3043 2671 3199 2741; x_wconf 80' lang='grc' dir='ltr'>δόξης</span> <span class='ocrx_word' id='word_1_420' title='bbox 3226 2671 3605 2742; x_wconf 66' lang='grc' dir='ltr'>ἐσταυρῶσθαι</span> <span class='ocrx_word' id='word_1_421' title='bbox 3636 2670 3897 2737; x_wconf 74' lang='grc' dir='ltr'>λέγεται,</span> <span class='ocrx_word' id='word_1_422' title='bbox 3930 2672 4013 2737; x_wconf 65' lang='grc' dir='ltr'>διτ-</span> 
     </span>
    </p>
   </div>
   <div class='ocr_carea' id='block_1_58' title="bbox 2424 2762 4009 2837">
    <p class='ocr_par' dir='ltr' id='par_1_58' title="bbox 2424 2762 4009 2837">
     <span class='ocr_line' id='line_1_58' title="bbox 2424 2762 4009 2837; baseline -0.006 -18"><span class='ocrx_word' id='word_1_423' title='bbox 2424 2766 2575 2837; x_wconf 75' lang='grc' dir='ltr'>λαδὴ,</span> <span class='ocrx_word' id='word_1_424' title='bbox 2604 2767 2679 2827; x_wconf 84' lang='grc' dir='ltr'>ὡς</span> <span class='ocrx_word' id='word_1_425' title='bbox 2708 2766 2767 2817; x_wconf 86' lang='grc' dir='ltr'><strong>οὐ</strong></span> <span class='ocrx_word' id='word_1_426' title='bbox 2800 2765 3040 2835; x_wconf 88' lang='grc' dir='ltr'>θεότητι,</span> <span class='ocrx_word' id='word_1_427' title='bbox 3080 2762 3217 2815; x_wconf 79' lang='grc' dir='ltr'>ἀλλὰ</span> <span class='ocrx_word' id='word_1_428' title='bbox 3240 2765 3305 2833; x_wconf 78' lang='grc' dir='ltr'>τῇ</span> <span class='ocrx_word' id='word_1_429' title='bbox 3340 2762 3797 2831; x_wconf 69' lang='grc' dir='ltr'>συνυφεστηκυίᾳ</span> <span class='ocrx_word' id='word_1_430' title='bbox 3829 2766 4009 2831; x_wconf 50' lang='lat' dir='ltr'><strong>caput?</strong></span> 
     </span>
    </p>
   </div>
   <div class='ocr_carea' id='block_1_59' title="bbox 2426 2848 4013 2925">
    <p class='ocr_par' dir='ltr' id='par_1_59' title="bbox 2426 2848 4013 2925">
     <span class='ocr_line' id='line_1_59' title="bbox 2426 2848 4013 2925; baseline -0.006 -14"><span class='ocrx_word' id='word_1_431' title='bbox 2426 2860 2519 2912; x_wconf 74' lang='grc' dir='ltr'>καὶ</span> <span class='ocrx_word' id='word_1_432' title='bbox 2554 2861 2582 2911; x_wconf 89' lang='grc' dir='ltr'><strong>ό</strong></span> <span class='ocrx_word' id='word_1_433' title='bbox 2620 2858 2745 2920; x_wconf 87' lang='grc' dir='ltr'>Υἱὸς</span> <span class='ocrx_word' id='word_1_434' title='bbox 2775 2856 2872 2909; x_wconf 83' lang='grc' dir='ltr'>τοῦ</span> <span class='ocrx_word' id='word_1_435' title='bbox 2927 2855 3213 2925; x_wconf 85' lang='grc' dir='ltr'>ἀνθρώπου</span> <span class='ocrx_word' id='word_1_436' title='bbox 3259 2853 3641 2922; x_wconf 76' lang='grc' dir='ltr'>ἀνεληλυθέναι</span> <span class='ocrx_word' id='word_1_437' title='bbox 3679 2853 3822 2906; x_wconf 73' lang='grc' dir='ltr'>ὅπου</span> <span class='ocrx_word' id='word_1_438' title='bbox 3854 2848 3923 2920; x_wconf 70' lang='grc' dir='ltr'>ἦν</span> <span class='ocrx_word' id='word_1_439' title='bbox 3962 2855 4013 2902; x_wconf 71' lang='grc' dir='ltr'><strong>τὸ</strong></span> 
     </span>
    </p>
   </div>
   <div class='ocr_carea' id='block_1_60' title="bbox 2428 2940 4013 3023">
    <p class='ocr_par' dir='ltr' id='par_1_60' title="bbox 2428 2940 4013 3023">
     <span class='ocr_line' id='line_1_60' title="bbox 2428 2940 4013 3023; baseline -0.007 -20"><span class='ocrx_word' id='word_1_440' title='bbox 2428 2940 2688 3023; x_wconf 77' lang='grc' dir='ltr'>πρότερον</span> <span class='ocrx_word' id='word_1_441' title='bbox 2738 2951 3084 3020; x_wconf 77' lang='grc' dir='ltr'><strong>γέγραπται⁸</strong></span> <span class='ocrx_word' id='word_1_442' title='bbox 3127 2940 3283 3018; x_wconf 84' lang='grc' dir='ltr'>οὐχῇ</span> <span class='ocrx_word' id='word_1_443' title='bbox 3324 2944 3382 2995; x_wconf 87' lang='grc' dir='ltr'><strong>τὸ</strong></span> <span class='ocrx_word' id='word_1_444' title='bbox 3412 2945 3682 3015; x_wconf 65' lang='grc' dir='ltr'>πρότερον</span> <span class='ocrx_word' id='word_1_445' title='bbox 3718 2943 4013 3012; x_wconf 74' lang='grc' dir='ltr'>ἇνθρωπες</span> 
     </span>
    </p>
   </div>
   <div class='ocr_carea' id='block_1_61' title="bbox 2426 3032 4015 3113">
    <p class='ocr_par' dir='ltr' id='par_1_61' title="bbox 2426 3032 4015 3113">
     <span class='ocr_line' id='line_1_61' title="bbox 2426 3032 4015 3113; baseline -0.009 -19"><span class='ocrx_word' id='word_1_446' title='bbox 2426 3036 2521 3113; x_wconf 72' lang='grc' dir='ltr'>ἦν,</span> <span class='ocrx_word' id='word_1_447' title='bbox 2546 3042 2659 3096; x_wconf 81' lang='grc' dir='ltr'>ἀλλ’</span> <span class='ocrx_word' id='word_1_448' title='bbox 2690 3040 2818 3092; x_wconf 80' lang='grc' dir='ltr'>ἔνθα</span> <span class='ocrx_word' id='word_1_449' title='bbox 2841 3040 2916 3101; x_wconf 83' lang='grc' dir='ltr'>ὡς</span> <span class='ocrx_word' id='word_1_450' title='bbox 2942 3039 3073 3100; x_wconf 87' lang='grc' dir='ltr'>Θεὸς</span> <span class='ocrx_word' id='word_1_451' title='bbox 3098 3037 3329 3105; x_wconf 80' lang='grc' dir='ltr'>ὑπῆρχε,</span> <span class='ocrx_word' id='word_1_452' title='bbox 3355 3034 3447 3087; x_wconf 80' lang='grc' dir='ltr'>καὶ</span> <span class='ocrx_word' id='word_1_453' title='bbox 3474 3033 3567 3085; x_wconf 79' lang='grc' dir='ltr'>τοῦ</span> <span class='ocrx_word' id='word_1_454' title='bbox 3597 3032 3827 3101; x_wconf 77' lang='grc' dir='ltr'>[ἰατρὸς</span> <span class='ocrx_word' id='word_1_455' title='bbox 3853 3033 4015 3083; x_wconf 71' lang='grc' dir='ltr'>ἀδιαί-</span> 
     </span>
    </p>
   </div>
   <div class='ocr_carea' id='block_1_62' title="bbox 768 3123 2324 3211">
    <p class='ocr_par' dir='ltr' id='par_1_62' title="bbox 768 3127 2322 3195">
     <span class='ocr_line' id='line_1_62' title="bbox 768 3127 2322 3195; baseline 0.002 -16"><span class='ocrx_word' id='word_1_456' title='bbox 768 3136 967 3181; x_wconf 69' lang='lat' dir='ltr'><strong>mutua:</strong></span> <span class='ocrx_word' id='word_1_457' title='bbox 1016 3127 1536 3181; x_wconf 88' lang='lat' dir='ltr'><strong>communicationis</strong></span> <span class='ocrx_word' id='word_1_458' title='bbox 1570 3136 1795 3195; x_wconf 85' lang='lat' dir='ltr'><strong>propter</strong></span> <span class='ocrx_word' id='word_1_459' title='bbox 1844 3127 2322 3183; x_wconf 63' lang='lat' dir='ltr'><strong>circutulnSe-ssio-</strong></span> 
     </span>
    </p>
   </div>
   <div class='ocr_carea' id='block_1_63' title="bbox 2427 3123 4010 3211">
    <p class='ocr_par' dir='ltr' id='par_1_63' title="bbox 2433 3123 4010 3204">
     <span class='ocr_line' id='line_1_63' title="bbox 2433 3123 4010 3204; baseline -0.008 -20"><span class='ocrx_word' id='word_1_460' title='bbox 2433 3150 2607 3204; x_wconf 85' lang='grc' dir='ltr'>ρετος.</span> <span class='ocrx_word' id='word_1_461' title='bbox 2639 3131 2774 3185; x_wconf 75' lang='grc' dir='ltr'>Οὔτε</span> <span class='ocrx_word' id='word_1_462' title='bbox 2808 3132 2916 3199; x_wconf 83' lang='grc' dir='ltr'>γὰρ</span> <span class='ocrx_word' id='word_1_463' title='bbox 2948 3130 3043 3198; x_wconf 77' lang='grc' dir='ltr'><strong>τὴν</strong></span> <span class='ocrx_word' id='word_1_464' title='bbox 3073 3126 3303 3195; x_wconf 85' lang='grc' dir='ltr'>θεότητα</span> <span class='ocrx_word' id='word_1_465' title='bbox 3356 3123 3625 3193; x_wconf 70' lang='grc' dir='ltr'>παθητὴν,</span> <span class='ocrx_word' id='word_1_466' title='bbox 3682 3123 3717 3190; x_wconf 82' lang='grc' dir='ltr'>ἢ</span> <span class='ocrx_word' id='word_1_467' title='bbox 3777 3124 4010 3189; x_wconf 64' lang='grc' dir='ltr'>πάσχειν</span> 
     </span>
    </p>
   </div>
   <div class='ocr_carea' id='block_1_64' title="bbox 767 3218 2317 3286">
    <p class='ocr_par' dir='ltr' id='par_1_64' title="bbox 767 3218 2317 3286">
     <span class='ocr_line' id='line_1_64' title="bbox 767 3218 2317 3286; baseline 0.001 -16"><span class='ocrx_word' id='word_1_468' title='bbox 767 3234 887 3271; x_wconf 86' lang='lat' dir='ltr'><strong>nem</strong></span> <span class='ocrx_word' id='word_1_469' title='bbox 924 3222 1156 3286; x_wconf 85' lang='lat' dir='ltr'><strong>partium</strong></span> <span class='ocrx_word' id='word_1_470' title='bbox 1193 3219 1246 3271; x_wconf 93' lang='lat' dir='ltr'><strong>in</strong></span> <span class='ocrx_word' id='word_1_471' title='bbox 1296 3232 1354 3271; x_wconf 91' lang='lat' dir='ltr'><strong>se</strong></span> <span class='ocrx_word' id='word_1_472' title='bbox 1409 3218 1664 3283; x_wconf 82' lang='lat' dir='ltr'><strong>invicem,</strong></span> <span class='ocrx_word' id='word_1_473' title='bbox 1695 3228 1747 3270; x_wconf 92' lang='lat' dir='ltr'><strong>et</strong></span> <span class='ocrx_word' id='word_1_474' title='bbox 1787 3226 2010 3286; x_wconf 90' lang='lat' dir='ltr'><strong>propter</strong></span> <span class='ocrx_word' id='word_1_475' title='bbox 2067 3218 2317 3271; x_wconf 89' lang='lat' dir='ltr'><strong>unionem</strong></span> 
     </span>
    </p>
   </div>
   <div class='ocr_carea' id='block_1_65' title="bbox 768 3307 2315 3377">
    <p class='ocr_par' dir='ltr' id='par_1_65' title="bbox 768 3307 2315 3377">
     <span class='ocr_line' id='line_1_65' title="bbox 768 3307 2315 3377; baseline 0.001 -16"><span class='ocrx_word' id='word_1_476' title='bbox 768 3310 1194 3377; x_wconf 86' lang='lat' dir='ltr'><strong>hypostaticam.</strong></span> <span class='ocrx_word' id='word_1_477' title='bbox 1240 3309 1363 3377; x_wconf 78' lang='lat' dir='ltr'><strong>Agit</strong></span> <span class='ocrx_word' id='word_1_478' title='bbox 1392 3309 1538 3362; x_wconf 90' lang='lat' dir='ltr'><strong>enim</strong></span> <span class='ocrx_word' id='word_1_479' title='bbox 1571 3316 1800 3375; x_wconf 88' lang='lat' dir='ltr'><strong>utraque</strong></span> <span class='ocrx_word' id='word_1_480' title='bbox 1828 3308 1998 3361; x_wconf 90' lang='lat' dir='ltr'><strong>forma</strong></span> <span class='ocrx_word' id='word_1_481' title='bbox 2035 3323 2156 3362; x_wconf 86' lang='lat' dir='ltr'><strong>cum</strong></span> <span class='ocrx_word' id='word_1_482' title='bbox 2189 3307 2315 3362; x_wconf 79' lang='lat' dir='ltr'><strong>alte-</strong></span> 
     </span>
    </p>
   </div>
   <div class='ocr_carea' id='block_1_66' title="bbox 768 3398 2326 3469">
    <p class='ocr_par' dir='ltr' id='par_1_66' title="bbox 768 3398 2326 3469">
     <span class='ocr_line' id='line_1_66' title="bbox 768 3398 2326 3469; baseline 0 -18"><span class='ocrx_word' id='word_1_483' title='bbox 768 3401 884 3454; x_wconf 84' lang='lat' dir='ltr'><strong>rius</strong></span> <span class='ocrx_word' id='word_1_484' title='bbox 913 3401 1317 3462; x_wconf 81' lang='lat' dir='ltr'><strong>communione,</strong></span> <span class='ocrx_word' id='word_1_485' title='bbox 1356 3398 1503 3469; x_wconf 91' lang='lat' dir='ltr'><strong>quod</strong></span> <span class='ocrx_word' id='word_1_486' title='bbox 1541 3400 1823 3467; x_wconf 90' lang='lat' dir='ltr'><strong>proprium</strong></span> <span class='ocrx_word' id='word_1_487' title='bbox 1860 3399 2023 3454; x_wconf 85' lang='lat' dir='ltr'><strong>habet</strong></span> <span class='ocrx_word' id='word_1_488' title='bbox 2061 3421 2072 3455; x_wconf 90' lang='lat'><strong>:</strong></span> <span class='ocrx_word' id='word_1_489' title='bbox 2106 3416 2215 3469; x_wconf 87' lang='lat' dir='ltr'><strong>quo</strong></span> <span class='ocrx_word' id='word_1_490' title='bbox 2268 3398 2326 3452; x_wconf 86' lang='lat' dir='ltr'><strong>lit</strong></span> 
     </span>
    </p>
   </div>
   <div class='ocr_carea' id='block_1_67' title="bbox 771 3491 2323 3561">
    <p class='ocr_par' dir='ltr' id='par_1_67' title="bbox 771 3491 2323 3561">
     <span class='ocr_line' id='line_1_67' title="bbox 771 3491 2323 3561; baseline 0.002 -19"><span class='ocrx_word' id='word_1_491' title='bbox 771 3501 827 3542; x_wconf 94' lang='lat' dir='ltr'><strong>ut</strong></span> <span class='ocrx_word' id='word_1_492' title='bbox 861 3491 1124 3543; x_wconf 81' lang='lat' dir='ltr'><strong>Dominus</strong></span> <span class='ocrx_word' id='word_1_493' title='bbox 1167 3491 1356 3558; x_wconf 81' lang='lat' dir='ltr'><strong>gloria:</strong></span> <span class='ocrx_word' id='word_1_494' title='bbox 1392 3491 1691 3544; x_wconf 77' lang='lat' dir='ltr'><strong>crucifixus</strong></span> <span class='ocrx_word' id='word_1_495' title='bbox 1726 3491 1942 3545; x_wconf 88' lang='lat' dir='ltr'><strong>dicatur</strong></span> <span class='ocrx_word' id='word_1_496' title='bbox 1972 3492 2017 3523; x_wconf 83' lang='lat'>&quot;</span> <span class='ocrx_word' id='word_1_497' title='bbox 2043 3491 2323 3561; x_wconf 78' lang='lat' dir='ltr'><strong>(nimirum</strong></span> 
     </span>
    </p>
   </div>
   <div class='ocr_carea' id='block_1_68' title="bbox 766 3579 2321 3651">
    <p class='ocr_par' dir='ltr' id='par_1_68' title="bbox 766 3579 2321 3651">
     <span class='ocr_line' id='line_1_68' title="bbox 766 3579 2321 3651; baseline 0.003 -19"><span class='ocrx_word' id='word_1_498' title='bbox 766 3594 874 3633; x_wconf 91' lang='lat' dir='ltr'><strong>non</strong></span> <span class='ocrx_word' id='word_1_499' title='bbox 914 3580 1136 3643; x_wconf 83' lang='lat' dir='ltr'><strong>deitate,</strong></span> <span class='ocrx_word' id='word_1_500' title='bbox 1189 3579 1283 3632; x_wconf 90' lang='lat' dir='ltr'><strong>sed</strong></span> <span class='ocrx_word' id='word_1_501' title='bbox 1318 3594 1485 3632; x_wconf 86' lang='lat' dir='ltr'><strong>carne</strong></span> <span class='ocrx_word' id='word_1_502' title='bbox 1524 3595 1629 3632; x_wconf 88' lang='lat' dir='ltr'><strong>una</strong></span> <span class='ocrx_word' id='word_1_503' title='bbox 1666 3594 1791 3633; x_wconf 91' lang='lat' dir='ltr'><strong>cum</strong></span> <span class='ocrx_word' id='word_1_504' title='bbox 1826 3580 1920 3634; x_wconf 91' lang='lat' dir='ltr'><strong>illa</strong></span> <span class='ocrx_word' id='word_1_505' title='bbox 1945 3582 2321 3651; x_wconf 86' lang='lat' dir='ltr'><strong>subsistente),</strong></span> 
     </span>
    </p>
   </div>
   <div class='ocr_carea' id='block_1_69' title="bbox 765 3669 2326 3742">
    <p class='ocr_par' dir='ltr' id='par_1_69' title="bbox 765 3669 2326 3742">
     <span class='ocr_line' id='line_1_69' title="bbox 765 3669 2326 3742; baseline 0.004 -21"><span class='ocrx_word' id='word_1_506' title='bbox 765 3678 821 3722; x_wconf 91' lang='lat' dir='ltr'><strong>et</strong></span> <span class='ocrx_word' id='word_1_507' title='bbox 855 3669 995 3722; x_wconf 79' lang='lat' dir='ltr'><strong>[ilius</strong></span> <span class='ocrx_word' id='word_1_508' title='bbox 1028 3670 1264 3727; x_wconf 86' lang='lat' dir='ltr'><strong>hominis</strong></span> <span class='ocrx_word' id='word_1_509' title='bbox 1291 3672 1609 3725; x_wconf 85' lang='lat' dir='ltr'><strong>ascendisse</strong></span> <span class='ocrx_word' id='word_1_510' title='bbox 1638 3674 1880 3742; x_wconf 87' lang='lat' dir='ltr'><strong>scriptus</strong></span> <span class='ocrx_word' id='word_1_511' title='bbox 1905 3673 1976 3739; x_wconf 84' lang='lat' dir='ltr'><strong>sit</strong></span> <span class='ocrx_word' id='word_1_512' title='bbox 2007 3674 2074 3737; x_wconf 75' lang='lat'><strong>&quot;,</strong></span> <span class='ocrx_word' id='word_1_513' title='bbox 2099 3675 2326 3727; x_wconf 88' lang='lat' dir='ltr'><strong>ubierat</strong></span> 
     </span>
    </p>
   </div>
   <div class='ocr_carea' id='block_1_70' title="bbox 766 3759 2320 3831">
    <p class='ocr_par' dir='ltr' id='par_1_70' title="bbox 766 3759 2320 3831">
     <span class='ocr_line' id='line_1_70' title="bbox 766 3759 2320 3831; baseline 0.004 -21"><span class='ocrx_word' id='word_1_514' title='bbox 766 3759 939 3827; x_wconf 83' lang='lat' dir='ltr'><strong>prius.</strong></span> <span class='ocrx_word' id='word_1_515' title='bbox 972 3759 1089 3813; x_wconf 83' lang='lat' dir='ltr'><strong>Non</strong></span> <span class='ocrx_word' id='word_1_516' title='bbox 1124 3760 1213 3812; x_wconf 88' lang='lat' dir='ltr'><strong>ubi</strong></span> <span class='ocrx_word' id='word_1_517' title='bbox 1244 3762 1391 3828; x_wconf 91' lang='lat' dir='ltr'><strong>prius</strong></span> <span class='ocrx_word' id='word_1_518' title='bbox 1422 3762 1585 3813; x_wconf 90' lang='lat' dir='ltr'><strong>homo</strong></span> <span class='ocrx_word' id='word_1_519' title='bbox 1615 3768 1751 3825; x_wconf 85' lang='lat' dir='ltr'><strong>erat,</strong></span> <span class='ocrx_word' id='word_1_520' title='bbox 1799 3763 1891 3815; x_wconf 89' lang='lat' dir='ltr'><strong>sed</strong></span> <span class='ocrx_word' id='word_1_521' title='bbox 1943 3763 2031 3814; x_wconf 88' lang='lat' dir='ltr'><strong>ubi</strong></span> <span class='ocrx_word' id='word_1_522' title='bbox 2064 3773 2320 3831; x_wconf 86' lang='lat' dir='ltr'><strong>tanquam</strong></span> 
     </span>
    </p>
   </div>
   <div class='ocr_carea' id='block_1_71' title="bbox 770 3837 2323 3919">
    <p class='ocr_par' dir='ltr' id='par_1_71' title="bbox 770 3837 2323 3919">
     <span class='ocr_line' id='line_1_71' title="bbox 770 3837 2323 3919; baseline 0.003 -20"><span class='ocrx_word' id='word_1_523' title='bbox 770 3847 911 3902; x_wconf 89' lang='lat' dir='ltr'><strong>Deus</strong></span> <span class='ocrx_word' id='word_1_524' title='bbox 946 3850 1262 3913; x_wconf 80' lang='lat' dir='ltr'><strong>exsistebat,</strong></span> <span class='ocrx_word' id='word_1_525' title='bbox 1318 3837 1625 3905; x_wconf 84' lang='lat' dir='ltr'><strong>indivulsus</strong></span> <span class='ocrx_word' id='word_1_526' title='bbox 1679 3864 1706 3901; x_wconf 85' lang='lat' dir='ltr'><strong>a</strong></span> <span class='ocrx_word' id='word_1_527' title='bbox 1760 3848 1937 3903; x_wconf 82' lang='lat' dir='ltr'><strong>Patre.</strong></span> <span class='ocrx_word' id='word_1_528' title='bbox 1968 3849 2323 3919; x_wconf 84' lang='lat' dir='ltr'><strong>Nequaquam</strong></span> 
     </span>
    </p>
   </div>
   <div class='ocr_carea' id='block_1_72' title="bbox 766 3938 2327 4009">
    <p class='ocr_par' dir='ltr' id='par_1_72' title="bbox 766 3938 2327 4009">
     <span class='ocr_line' id='line_1_72' title="bbox 766 3938 2327 4009; baseline 0.003 -18"><span class='ocrx_word' id='word_1_529' title='bbox 766 3939 910 3991; x_wconf 87' lang='lat' dir='ltr'><strong>enim</strong></span> <span class='ocrx_word' id='word_1_530' title='bbox 941 3938 1195 3991; x_wconf 87' lang='lat' dir='ltr'><strong>deitatem</strong></span> <span class='ocrx_word' id='word_1_531' title='bbox 1234 3940 1475 4007; x_wconf 85' lang='lat' dir='ltr'><strong>patiendi</strong></span> <span class='ocrx_word' id='word_1_532' title='bbox 1527 3955 1820 4008; x_wconf 89' lang='lat' dir='ltr'><strong>capacem,</strong></span> <span class='ocrx_word' id='word_1_533' title='bbox 1862 3949 1955 3993; x_wconf 89' lang='lat' dir='ltr'><strong>aut</strong></span> <span class='ocrx_word' id='word_1_534' title='bbox 1994 3956 2160 3995; x_wconf 90' lang='lat' dir='ltr'><strong>carne</strong></span> <span class='ocrx_word' id='word_1_535' title='bbox 2204 3956 2327 4009; x_wconf 83' lang='lat' dir='ltr'><strong>pas-</strong></span> 
     </span>
    </p>
   </div>
   <div class='ocr_carea' id='block_1_73' title="bbox 768 4028 2325 4097">
    <p class='ocr_par' dir='ltr' id='par_1_73' title="bbox 768 4028 2325 4097">
     <span class='ocr_line' id='line_1_73' title="bbox 768 4028 2325 4097; baseline 0.001 -16"><span class='ocrx_word' id='word_1_536' title='bbox 768 4044 885 4082; x_wconf 87' lang='lat' dir='ltr'><strong>sam</strong></span> <span class='ocrx_word' id='word_1_537' title='bbox 917 4028 1177 4082; x_wconf 89' lang='lat' dir='ltr'><strong>docemus</strong></span> <span class='ocrx_word' id='word_1_538' title='bbox 1206 4046 1219 4092; x_wconf 88' lang='lat'>;</span> <span class='ocrx_word' id='word_1_539' title='bbox 1253 4044 1429 4097; x_wconf 90' lang='lat' dir='ltr'><strong>neque</strong></span> <span class='ocrx_word' id='word_1_540' title='bbox 1462 4046 1712 4093; x_wconf 89' lang='lat' dir='ltr'><strong>carnem,</strong></span> <span class='ocrx_word' id='word_1_541' title='bbox 1744 4033 1858 4085; x_wconf 87' lang='lat' dir='ltr'><strong>sive</strong></span> <span class='ocrx_word' id='word_1_542' title='bbox 1907 4031 2325 4095; x_wconf 80' lang='lat' dir='ltr'><strong>humanitatem,</strong></span> 
     </span>
    </p>
   </div>
   <div class='ocr_carea' id='block_1_74' title="bbox 769 4119 2329 4188">
    <p class='ocr_par' dir='ltr' id='par_1_74' title="bbox 769 4119 2329 4188">
     <span class='ocr_line' id='line_1_74' title="bbox 769 4119 2329 4188; baseline 0.002 -18"><span class='ocrx_word' id='word_1_543' title='bbox 769 4125 897 4171; x_wconf 91' lang='lat' dir='ltr'><strong>ante</strong></span> <span class='ocrx_word' id='word_1_544' title='bbox 926 4119 1127 4171; x_wconf 67' lang='lat' dir='ltr'><strong>smcula</strong></span> <span class='ocrx_word' id='word_1_545' title='bbox 1156 4126 1371 4173; x_wconf 84' lang='lat' dir='ltr'><strong>exstare</strong></span> <span class='ocrx_word' id='word_1_546' title='bbox 1396 4121 1723 4172; x_wconf 83' lang='lat' dir='ltr'><strong>confitemur</strong></span> <span class='ocrx_word' id='word_1_547' title='bbox 1757 4138 1769 4172; x_wconf 92' lang='lat'>:</span> <span class='ocrx_word' id='word_1_548' title='bbox 1798 4119 1893 4173; x_wconf 88' lang='lat' dir='ltr'><strong>sed</strong></span> <span class='ocrx_word' id='word_1_549' title='bbox 1928 4135 2053 4173; x_wconf 91' lang='lat' dir='ltr'><strong>eum</strong></span> <span class='ocrx_word' id='word_1_550' title='bbox 2084 4121 2177 4188; x_wconf 89' lang='lat' dir='ltr'><strong>qui</strong></span> <span class='ocrx_word' id='word_1_551' title='bbox 2215 4136 2329 4173; x_wconf 92' lang='lat' dir='ltr'><strong>am-</strong></span> 
     </span>
    </p>
   </div>
   <div class='ocr_carea' id='block_1_75' title="bbox 770 4206 2329 4279">
    <p class='ocr_par' dir='ltr' id='par_1_75' title="bbox 770 4206 2329 4279">
     <span class='ocr_line' id='line_1_75' title="bbox 770 4206 2329 4279; baseline 0.003 -19"><span class='ocrx_word' id='word_1_552' title='bbox 770 4208 888 4271; x_wconf 83' lang='lat' dir='ltr'><strong>bas,</strong></span> <span class='ocrx_word' id='word_1_553' title='bbox 939 4206 1079 4261; x_wconf 92' lang='lat' dir='ltr'><strong>hanc</strong></span> <span class='ocrx_word' id='word_1_554' title='bbox 1131 4218 1186 4261; x_wconf 90' lang='lat' dir='ltr'><strong>et</strong></span> <span class='ocrx_word' id='word_1_555' title='bbox 1236 4210 1405 4273; x_wconf 84' lang='lat' dir='ltr'><strong>illam,</strong></span> <span class='ocrx_word' id='word_1_556' title='bbox 1437 4209 1622 4272; x_wconf 86' lang='lat' dir='ltr'><strong>habet,</strong></span> <span class='ocrx_word' id='word_1_557' title='bbox 1654 4210 1946 4278; x_wconf 85' lang='lat' dir='ltr'><strong>aliquando</strong></span> <span class='ocrx_word' id='word_1_558' title='bbox 1991 4211 2210 4279; x_wconf 86' lang='lat' dir='ltr'><strong>quidem</strong></span> <span class='ocrx_word' id='word_1_559' title='bbox 2264 4228 2329 4264; x_wconf 74' lang='lat' dir='ltr'><strong>ex</strong></span> 
     </span>
    </p>
   </div>
   <div class='ocr_carea' id='block_1_76' title="bbox 772 4296 2328 4369">
    <p class='ocr_par' dir='ltr' id='par_1_76' title="bbox 772 4296 2328 4369">
     <span class='ocr_line' id='line_1_76' title="bbox 772 4296 2328 4369; baseline 0.001 -20"><span class='ocrx_word' id='word_1_560' title='bbox 772 4306 1000 4366; x_wconf 88' lang='lat' dir='ltr'><strong>utraque</strong></span> <span class='ocrx_word' id='word_1_561' title='bbox 1037 4296 1321 4351; x_wconf 90' lang='lat' dir='ltr'><strong>Christum</strong></span> <span class='ocrx_word' id='word_1_562' title='bbox 1364 4302 1741 4365; x_wconf 84' lang='lat' dir='ltr'><strong>nominamus,</strong></span> <span class='ocrx_word' id='word_1_563' title='bbox 1793 4299 2087 4369; x_wconf 87' lang='lat' dir='ltr'><strong>aliquando</strong></span> <span class='ocrx_word' id='word_1_564' title='bbox 2112 4314 2238 4351; x_wconf 85' lang='lat' dir='ltr'><strong>vero</strong></span> <span class='ocrx_word' id='word_1_565' title='bbox 2266 4316 2328 4352; x_wconf 81' lang='lat' dir='ltr'><strong>ex</strong></span> 
     </span>
    </p>
   </div>
   <div class='ocr_carea' id='block_1_77' title="bbox 770 4382 2330 4457">
    <p class='ocr_par' dir='ltr' id='par_1_77' title="bbox 770 4382 2330 4457">
     <span class='ocr_line' id='line_1_77' title="bbox 770 4382 2330 4457; baseline 0.003 -20"><span class='ocrx_word' id='word_1_566' title='bbox 770 4388 937 4439; x_wconf 85' lang='lat' dir='ltr'><strong>altera</strong></span> <span class='ocrx_word' id='word_1_567' title='bbox 970 4389 1228 4454; x_wconf 92' lang='lat' dir='ltr'><strong>partium,</strong></span> <span class='ocrx_word' id='word_1_568' title='bbox 1250 4400 1417 4457; x_wconf 91' lang='lat' dir='ltr'><strong>atque</strong></span> <span class='ocrx_word' id='word_1_569' title='bbox 1443 4405 1505 4441; x_wconf 82' lang='lat' dir='ltr'><strong>ex</strong></span> <span class='ocrx_word' id='word_1_570' title='bbox 1547 4389 1833 4442; x_wconf 76' lang='lat' dir='ltr'><strong>divinitate</strong></span> <span class='ocrx_word' id='word_1_571' title='bbox 1857 4389 2103 4457; x_wconf 89' lang='lat' dir='ltr'><strong>quidem,</strong></span> <span class='ocrx_word' id='word_1_572' title='bbox 2139 4382 2330 4456; x_wconf 86' lang='lat' dir='ltr'><strong>Deum,</strong></span> 
     </span>
    </p>
   </div>
   <div class='ocr_carea' id='block_1_78' title="bbox 2432 3212 4013 3291">
    <p class='ocr_par' dir='ltr' id='par_1_78' title="bbox 2432 3212 4013 3291">
     <span class='ocr_line' id='line_1_78' title="bbox 2432 3212 4013 3291; baseline -0.008 -20"><span class='ocrx_word' id='word_1_573' title='bbox 2432 3224 2595 3291; x_wconf 74' lang='grc' dir='ltr'>σαρκὶ</span> <span class='ocrx_word' id='word_1_574' title='bbox 2624 3218 3089 3287; x_wconf 77' lang='grc' dir='ltr'>καταγγέλλομεν,</span> <span class='ocrx_word' id='word_1_575' title='bbox 3121 3215 3244 3269; x_wconf 76' lang='grc' dir='ltr'>οὔτε</span> <span class='ocrx_word' id='word_1_576' title='bbox 3268 3214 3366 3283; x_wconf 80' lang='grc' dir='ltr'><strong>τὴν</strong></span> <span class='ocrx_word' id='word_1_577' title='bbox 3400 3215 3596 3283; x_wconf 81' lang='grc' dir='ltr'>σάρκα,</span> <span class='ocrx_word' id='word_1_578' title='bbox 3626 3214 3751 3282; x_wconf 70' lang='grc' dir='ltr'>ἦτοι</span> <span class='ocrx_word' id='word_1_579' title='bbox 3797 3212 3904 3281; x_wconf 73' lang='grc' dir='ltr'><strong>τὴν</strong></span> <span class='ocrx_word' id='word_1_580' title='bbox 3928 3213 4013 3262; x_wconf 65' lang='grc' dir='ltr'><strong>ἀνθ</strong></span> 
     </span>
    </p>
   </div>
   <div class='ocr_carea' id='block_1_79' title="bbox 2428 3300 4011 3378">
    <p class='ocr_par' dir='ltr' id='par_1_79' title="bbox 2428 3300 4011 3378">
     <span class='ocr_line' id='line_1_79' title="bbox 2428 3300 4011 3378; baseline -0.008 -16"><span class='ocrx_word' id='word_1_581' title='bbox 2428 3310 2771 3378; x_wconf 86' lang='grc' dir='ltr'>θρωπότητα,</span> <span class='ocrx_word' id='word_1_582' title='bbox 2800 3305 3128 3375; x_wconf 85' lang='grc' dir='ltr'>προαιώνιον</span> <span class='ocrx_word' id='word_1_583' title='bbox 3165 3302 3553 3373; x_wconf 80' lang='grc' dir='ltr'>ὁμολογοῦμεν,</span> <span class='ocrx_word' id='word_1_584' title='bbox 3591 3300 3738 3352; x_wconf 80' lang='grc' dir='ltr'>ἀλλὰ</span> <span class='ocrx_word' id='word_1_585' title='bbox 3770 3301 3879 3352; x_wconf 70' lang='grc' dir='ltr'>τὰς</span> <span class='ocrx_word' id='word_1_586' title='bbox 3911 3302 4011 3367; x_wconf 78' lang='grc' dir='ltr'><strong>ἁμ-</strong></span> 
     </span>
    </p>
   </div>
   <div class='ocr_carea' id='block_1_80' title="bbox 2427 3391 4011 3469">
    <p class='ocr_par' dir='ltr' id='par_1_80' title="bbox 2427 3391 4011 3469">
     <span class='ocr_line' id='line_1_80' title="bbox 2427 3391 4011 3469; baseline -0.006 -18"><span class='ocrx_word' id='word_1_587' title='bbox 2427 3402 2679 3469; x_wconf 83' lang='grc' dir='ltr'>φοτέρας,</span> <span class='ocrx_word' id='word_1_588' title='bbox 2711 3398 2913 3467; x_wconf 82' lang='grc' dir='ltr'>ταύτην</span> <span class='ocrx_word' id='word_1_589' title='bbox 2939 3414 2998 3448; x_wconf 88' lang='grc' dir='ltr'><strong>τε</strong></span> <span class='ocrx_word' id='word_1_590' title='bbox 3029 3395 3290 3465; x_wconf 83' lang='grc' dir='ltr'>κάκείνην</span> <span class='ocrx_word' id='word_1_591' title='bbox 3319 3394 3530 3463; x_wconf 76' lang='grc' dir='ltr'>ἔχοντα,</span> <span class='ocrx_word' id='word_1_592' title='bbox 3564 3394 3654 3444; x_wconf 85' lang='grc' dir='ltr'>ὅτε</span> <span class='ocrx_word' id='word_1_593' title='bbox 3692 3392 3797 3461; x_wconf 78' lang='grc' dir='ltr'>μὲν</span> <span class='ocrx_word' id='word_1_594' title='bbox 3830 3393 3898 3443; x_wconf 82' lang='grc' dir='ltr'>ὲκ</span> <span class='ocrx_word' id='word_1_595' title='bbox 3924 3391 4011 3442; x_wconf 72' lang='grc' dir='ltr'>τοῦ</span> 
     </span>
    </p>
   </div>
   <div class='ocr_carea' id='block_1_81' title="bbox 2429 3483 4013 3559">
    <p class='ocr_par' dir='ltr' id='par_1_81' title="bbox 2429 3483 4013 3559">
     <span class='ocr_line' id='line_1_81' title="bbox 2429 3483 4013 3559; baseline -0.005 -18"><span class='ocrx_word' id='word_1_596' title='bbox 2429 3488 2859 3559; x_wconf 73' lang='grc' dir='ltr'>συναμφοτέρου,</span> <span class='ocrx_word' id='word_1_597' title='bbox 2903 3485 3139 3555; x_wconf 82' lang='grc' dir='ltr'>Χριστὸν</span> <span class='ocrx_word' id='word_1_598' title='bbox 3168 3485 3526 3554; x_wconf 74' lang='grc' dir='ltr'>ὀνομάζομεν,</span> <span class='ocrx_word' id='word_1_599' title='bbox 3575 3484 3665 3534; x_wconf 82' lang='grc' dir='ltr'>ὅτε</span> <span class='ocrx_word' id='word_1_600' title='bbox 3695 3483 3750 3534; x_wconf 86' lang='grc' dir='ltr'>δὲ</span> <span class='ocrx_word' id='word_1_601' title='bbox 3804 3483 3870 3545; x_wconf 79' lang='grc' dir='ltr'><strong>ἐξ</strong></span> <span class='ocrx_word' id='word_1_602' title='bbox 3902 3484 4013 3542; x_wconf 66' lang='grc' dir='ltr'>ἑνὸς</span> 
     </span>
    </p>
   </div>
   <div class='ocr_carea' id='block_1_82' title="bbox 2425 3574 4013 3647">
    <p class='ocr_par' dir='ltr' id='par_1_82' title="bbox 2425 3574 4013 3647">
     <span class='ocr_line' id='line_1_82' title="bbox 2425 3574 4013 3647; baseline -0.003 -17"><span class='ocrx_word' id='word_1_603' title='bbox 2425 3580 2532 3630; x_wconf 82' lang='grc' dir='ltr'><strong>τῶν</strong></span> <span class='ocrx_word' id='word_1_604' title='bbox 2563 3579 2767 3647; x_wconf 89' lang='grc' dir='ltr'>μερῶν,</span> <span class='ocrx_word' id='word_1_605' title='bbox 2791 3578 2854 3629; x_wconf 79' lang='grc' dir='ltr'>ὲκ</span> <span class='ocrx_word' id='word_1_606' title='bbox 2888 3576 2986 3647; x_wconf 79' lang='grc' dir='ltr'><strong>μὲν</strong></span> <span class='ocrx_word' id='word_1_607' title='bbox 3015 3576 3267 3645; x_wconf 77' lang='grc' dir='ltr'>θεότητος</span> <span class='ocrx_word' id='word_1_608' title='bbox 3290 3576 3443 3638; x_wconf 82' lang='grc' dir='ltr'>Θεὸν,</span> <span class='ocrx_word' id='word_1_609' title='bbox 3484 3574 3780 3643; x_wconf 81' lang='grc' dir='ltr'>ἄνθρωπον</span> <span class='ocrx_word' id='word_1_610' title='bbox 3815 3575 3876 3625; x_wconf 78' lang='grc' dir='ltr'>δὲ</span> <span class='ocrx_word' id='word_1_611' title='bbox 3926 3578 4013 3626; x_wconf 67' lang='grc' dir='ltr'>παι</span> 
     </span>
    </p>
   </div>
   <div class='ocr_carea' id='block_1_83' title="bbox 2427 3660 4013 3737">
    <p class='ocr_par' dir='ltr' id='par_1_83' title="bbox 2427 3660 4013 3737">
     <span class='ocr_line' id='line_1_83' title="bbox 2427 3660 4013 3737; baseline -0.007 -17"><span class='ocrx_word' id='word_1_612' title='bbox 2427 3668 2507 3720; x_wconf 86' lang='grc' dir='ltr'><strong>λιν</strong></span> <span class='ocrx_word' id='word_1_613' title='bbox 2531 3668 2589 3731; x_wconf 77' lang='grc' dir='ltr'>ἐξ</span> <span class='ocrx_word' id='word_1_614' title='bbox 2612 3667 3033 3737; x_wconf 84' lang='grc' dir='ltr'>ἀνθρωπότητος</span> <span class='ocrx_word' id='word_1_615' title='bbox 3066 3665 3365 3732; x_wconf 85' lang='grc' dir='ltr'>φάσκομεν.</span> <span class='ocrx_word' id='word_1_616' title='bbox 3395 3662 3503 3715; x_wconf 74' lang='grc' dir='ltr'>Καὶ</span> <span class='ocrx_word' id='word_1_617' title='bbox 3526 3661 3661 3713; x_wconf 78' lang='grc' dir='ltr'>Θεὸν</span> <span class='ocrx_word' id='word_1_618' title='bbox 3695 3662 3801 3728; x_wconf 76' lang='grc' dir='ltr'>μὲν</span> <span class='ocrx_word' id='word_1_619' title='bbox 3840 3660 4013 3725; x_wconf 53' lang='lat' dir='ltr'><strong>mer,-</strong></span> 
     </span>
    </p>
   </div>
   <div class='ocr_carea' id='block_1_84' title="bbox 2426 3751 4013 3825">
    <p class='ocr_par' dir='ltr' id='par_1_84' title="bbox 2426 3751 4013 3825">
     <span class='ocr_line' id='line_1_84' title="bbox 2426 3751 4013 3825; baseline -0.005 -17"><span class='ocrx_word' id='word_1_620' title='bbox 2426 3759 2537 3821; x_wconf 82' lang='grc' dir='ltr'>τὸν,</span> <span class='ocrx_word' id='word_1_621' title='bbox 2569 3756 2667 3825; x_wconf 85' lang='grc' dir='ltr'>οὐχ</span> <span class='ocrx_word' id='word_1_622' title='bbox 2690 3756 2764 3819; x_wconf 84' lang='grc' dir='ltr'>ὡς</span> <span class='ocrx_word' id='word_1_623' title='bbox 2786 3756 2918 3808; x_wconf 87' lang='grc' dir='ltr'>Θεὸν</span> <span class='ocrx_word' id='word_1_624' title='bbox 2945 3754 3022 3820; x_wconf 80' lang='grc' dir='ltr'>δὲ,</span> <span class='ocrx_word' id='word_1_625' title='bbox 3054 3754 3168 3807; x_wconf 79' lang='grc' dir='ltr'>ἀλλ’</span> <span class='ocrx_word' id='word_1_626' title='bbox 3203 3753 3277 3815; x_wconf 87' lang='grc' dir='ltr'>ὡς</span> <span class='ocrx_word' id='word_1_627' title='bbox 3301 3751 3394 3804; x_wconf 75' lang='grc' dir='ltr'><strong>καὶ</strong></span> <span class='ocrx_word' id='word_1_628' title='bbox 3428 3751 3718 3820; x_wconf 79' lang='grc' dir='ltr'>ἄνθρωπον</span> <span class='ocrx_word' id='word_1_629' title='bbox 3750 3751 4013 3818; x_wconf 59' lang='grc' dir='ltr'>λέγομεν</span> 
     </span>
    </p>
   </div>
   <div class='ocr_carea' id='block_1_85' title="bbox 2431 3836 4015 3916">
    <p class='ocr_par' dir='ltr' id='par_1_85' title="bbox 2431 3836 4015 3916">
     <span class='ocr_line' id='line_1_85' title="bbox 2431 3836 4015 3916; baseline -0.006 -17"><span class='ocrx_word' id='word_1_630' title='bbox 2431 3846 2639 3899; x_wconf 84' lang='grc' dir='ltr'>παιδίον</span> <span class='ocrx_word' id='word_1_631' title='bbox 2674 3845 2731 3899; x_wconf 70' lang='grc' dir='ltr'>δὲ</span> <span class='ocrx_word' id='word_1_632' title='bbox 2760 3844 3113 3916; x_wconf 62' lang='grc' dir='ltr'>προαιώνιον,</span> <span class='ocrx_word' id='word_1_633' title='bbox 3156 3843 3255 3911; x_wconf 81' lang='grc' dir='ltr'>οὐχ</span> <span class='ocrx_word' id='word_1_634' title='bbox 3360 3841 3587 3903; x_wconf 80' lang='grc' dir='ltr'>παιδίον,</span> <span class='ocrx_word' id='word_1_635' title='bbox 3640 3840 3760 3892; x_wconf 78' lang='grc' dir='ltr'>ἀλλ’</span> <span class='ocrx_word' id='word_1_636' title='bbox 3812 3839 3894 3901; x_wconf 81' lang='grc' dir='ltr'><strong>ὡς</strong></span> <span class='ocrx_word' id='word_1_637' title='bbox 3927 3840 4015 3890; x_wconf 70' lang='grc' dir='ltr'>καὶ</span> 
     </span>
    </p>
   </div>
   <div class='ocr_carea' id='block_1_86' title="bbox 2430 3928 4011 4003">
    <p class='ocr_par' dir='ltr' id='par_1_86' title="bbox 2430 3928 4011 4003">
     <span class='ocr_line' id='line_1_86' title="bbox 2430 3928 4011 4003; baseline -0.007 -11"><span class='ocrx_word' id='word_1_638' title='bbox 2430 3939 2562 3991; x_wconf 79' lang='grc' dir='ltr'>Θεὸν</span> <span class='ocrx_word' id='word_1_639' title='bbox 2594 3937 3050 4003; x_wconf 80' lang='grc' dir='ltr'>καταγγέλλομεν.</span> <span class='ocrx_word' id='word_1_640' title='bbox 3103 3928 3196 3995; x_wconf 76' lang='grc' dir='ltr'><strong>Εἷς</strong></span> <span class='ocrx_word' id='word_1_641' title='bbox 3240 3935 3349 4002; x_wconf 84' lang='grc' dir='ltr'><strong>γάρ</strong></span> <span class='ocrx_word' id='word_1_642' title='bbox 3391 3934 3504 3983; x_wconf 78' lang='grc' dir='ltr'>ἐστι</span> <span class='ocrx_word' id='word_1_643' title='bbox 3559 3930 3722 3983; x_wconf 76' lang='grc' dir='ltr'>τοῦτο</span> <span class='ocrx_word' id='word_1_644' title='bbox 3757 3932 4011 3985; x_wconf 75' lang='grc' dir='ltr'>κάκεῖνο,</span> 
     </span>
    </p>
   </div>
   <div class='ocr_carea' id='block_1_87' title="bbox 2431 4022 4013 4095">
    <p class='ocr_par' dir='ltr' id='par_1_87' title="bbox 2431 4022 4013 4095">
     <span class='ocr_line' id='line_1_87' title="bbox 2431 4022 4013 4095; baseline -0.006 -15"><span class='ocrx_word' id='word_1_645' title='bbox 2431 4028 2560 4091; x_wconf 83' lang='grc' dir='ltr'>Θεός</span> <span class='ocrx_word' id='word_1_646' title='bbox 2593 4044 2653 4080; x_wconf 87' lang='grc' dir='ltr'><strong>τε</strong></span> <span class='ocrx_word' id='word_1_647' title='bbox 2678 4027 2775 4080; x_wconf 71' lang='grc' dir='ltr'>καὶ</span> <span class='ocrx_word' id='word_1_648' title='bbox 2806 4025 3088 4095; x_wconf 82' lang='grc' dir='ltr'>ἄνθρωπος</span> <span class='ocrx_word' id='word_1_649' title='bbox 3109 4039 3120 4051; x_wconf 84' lang='lat'><strong><em>°</em></strong></span> <span class='ocrx_word' id='word_1_650' title='bbox 3151 4022 3283 4087; x_wconf 86' lang='grc' dir='ltr'>Θεὸς</span> <span class='ocrx_word' id='word_1_651' title='bbox 3311 4023 3534 4083; x_wconf 77' lang='grc' dir='ltr'>τέλειος,</span> <span class='ocrx_word' id='word_1_652' title='bbox 3570 4024 3665 4073; x_wconf 71' lang='grc' dir='ltr'><strong>καὶ</strong></span> <span class='ocrx_word' id='word_1_653' title='bbox 3716 4022 4013 4089; x_wconf 65' lang='grc' dir='ltr'>ἄνθρωπος</span> 
     </span>
    </p>
   </div>
   <div class='ocr_carea' id='block_1_88' title="bbox 2430 4111 4010 4185">
    <p class='ocr_par' dir='ltr' id='par_1_88' title="bbox 2430 4111 4010 4185">
     <span class='ocr_line' id='line_1_88' title="bbox 2430 4111 4010 4185; baseline -0.006 -16"><span class='ocrx_word' id='word_1_654' title='bbox 2430 4120 2653 4179; x_wconf 83' lang='grc' dir='ltr'>τέλειος,</span> <span class='ocrx_word' id='word_1_655' title='bbox 2690 4118 2866 4169; x_wconf 89' lang='grc' dir='ltr'>πάντα</span> <span class='ocrx_word' id='word_1_656' title='bbox 2900 4115 3081 4185; x_wconf 80' lang='grc' dir='ltr'>φέρων</span> <span class='ocrx_word' id='word_1_657' title='bbox 3103 4114 3171 4167; x_wconf 79' lang='grc' dir='ltr'>τὰ</span> <span class='ocrx_word' id='word_1_658' title='bbox 3192 4114 3291 4182; x_wconf 80' lang='grc' dir='ltr'>τῆς</span> <span class='ocrx_word' id='word_1_659' title='bbox 3322 4112 3570 4181; x_wconf 82' lang='grc' dir='ltr'>θεότητος</span> <span class='ocrx_word' id='word_1_660' title='bbox 3598 4111 4010 4179; x_wconf 40' lang='lat' dir='ltr'><strong>latagum-sp</strong></span> 
     </span>
    </p>
   </div>
   <div class='ocr_carea' id='block_1_89' title="bbox 2432 4202 4010 4278">
    <p class='ocr_par' dir='ltr' id='par_1_89' title="bbox 2432 4202 4010 4278">
     <span class='ocr_line' id='line_1_89' title="bbox 2432 4202 4010 4278; baseline -0.006 -18"><span class='ocrx_word' id='word_1_661' title='bbox 2432 4210 2680 4278; x_wconf 87' lang='grc' dir='ltr'>Θεότητα,</span> <span class='ocrx_word' id='word_1_662' title='bbox 2730 4207 2791 4258; x_wconf 84' lang='grc' dir='ltr'><strong>τὸ</strong></span> <span class='ocrx_word' id='word_1_663' title='bbox 2830 4206 3084 4276; x_wconf 80' lang='grc' dir='ltr'>ἄναρχον,</span> <span class='ocrx_word' id='word_1_664' title='bbox 3113 4205 3173 4257; x_wconf 86' lang='grc' dir='ltr'><strong>τὸ</strong></span> <span class='ocrx_word' id='word_1_665' title='bbox 3210 4203 3497 4264; x_wconf 82' lang='grc' dir='ltr'>ἀθάνατον,</span> <span class='ocrx_word' id='word_1_666' title='bbox 3544 4203 3641 4269; x_wconf 81' lang='grc' dir='ltr'>τὴν</span> <span class='ocrx_word' id='word_1_667' title='bbox 3678 4202 4010 4271; x_wconf 72' lang='grc' dir='ltr'>κυριότητα,</span> 
     </span>
    </p>
   </div>
   <div class='ocr_carea' id='block_1_90' title="bbox 2431 4292 4010 4366">
    <p class='ocr_par' dir='ltr' id='par_1_90' title="bbox 2431 4292 4010 4366">
     <span class='ocr_line' id='line_1_90' title="bbox 2431 4292 4010 4366; baseline -0.006 -17"><span class='ocrx_word' id='word_1_668' title='bbox 2431 4298 2530 4366; x_wconf 84' lang='grc' dir='ltr'><strong>τὴν</strong></span> <span class='ocrx_word' id='word_1_669' title='bbox 2558 4295 2962 4364; x_wconf 84' lang='grc' dir='ltr'>παντοδύναμον</span> <span class='ocrx_word' id='word_1_670' title='bbox 2986 4294 3201 4363; x_wconf 85' lang='grc' dir='ltr'>θέλησιν</span> <span class='ocrx_word' id='word_1_671' title='bbox 3227 4294 3321 4346; x_wconf 74' lang='grc' dir='ltr'>καὶ</span> <span class='ocrx_word' id='word_1_672' title='bbox 3359 4292 3657 4362; x_wconf 71' lang='grc' dir='ltr'>ἐνέργειαν,</span> <span class='ocrx_word' id='word_1_673' title='bbox 3695 4292 3792 4343; x_wconf 70' lang='grc' dir='ltr'><strong>καὶ</strong></span> <span class='ocrx_word' id='word_1_674' title='bbox 3830 4294 4010 4344; x_wconf 60' lang='grc' dir='ltr'>πᾶςαν</span> 
     </span>
    </p>
   </div>
   <div class='ocr_carea' id='block_1_91' title="bbox 2438 4382 4009 4459">
    <p class='ocr_par' dir='ltr' id='par_1_91' title="bbox 2438 4382 4009 4459">
     <span class='ocr_line' id='line_1_91' title="bbox 2438 4382 4009 4459; baseline -0.003 -20"><span class='ocrx_word' id='word_1_675' title='bbox 2438 4390 2617 4459; x_wconf 81' lang='grc' dir='ltr'>φέρων</span> <span class='ocrx_word' id='word_1_676' title='bbox 2670 4388 2768 4458; x_wconf 78' lang='grc' dir='ltr'>τὴν</span> <span class='ocrx_word' id='word_1_677' title='bbox 2809 4388 2909 4455; x_wconf 77' lang='grc' dir='ltr'>τῆς</span> <span class='ocrx_word' id='word_1_678' title='bbox 2958 4387 3154 4456; x_wconf 87' lang='grc' dir='ltr'>σαρκὸς</span> <span class='ocrx_word' id='word_1_679' title='bbox 3208 4384 3393 4437; x_wconf 75' lang='grc' dir='ltr'>οὐσίαν</span> <span class='ocrx_word' id='word_1_680' title='bbox 3424 4382 3753 4443; x_wconf 87' lang='grc' dir='ltr'>άνελλιπῶς,</span> <span class='ocrx_word' id='word_1_681' title='bbox 3808 4384 4009 4451; x_wconf 63' lang='grc' dir='ltr'>ψυχὴν.</span> 
     </span>
    </p>
   </div>
   <div class='ocr_carea' id='block_1_92' title="bbox 770 4466 2324 4551">
    <p class='ocr_par' dir='ltr' id='par_1_92' title="bbox 770 4476 2324 4551">
     <span class='ocr_line' id='line_1_92' title="bbox 770 4476 2324 4551; baseline 0.005 -23"><span class='ocrx_word' id='word_1_682' title='bbox 770 4477 1044 4530; x_wconf 88' lang='lat' dir='ltr'><strong>hominem</strong></span> <span class='ocrx_word' id='word_1_683' title='bbox 1099 4493 1228 4532; x_wconf 82' lang='lat' dir='ltr'><strong>vero</strong></span> <span class='ocrx_word' id='word_1_684' title='bbox 1275 4494 1515 4542; x_wconf 82' lang='lat' dir='ltr'><strong>rursum,</strong></span> <span class='ocrx_word' id='word_1_685' title='bbox 1570 4494 1633 4532; x_wconf 82' lang='lat' dir='ltr'><strong>ex</strong></span> <span class='ocrx_word' id='word_1_686' title='bbox 1690 4479 2047 4533; x_wconf 87' lang='lat' dir='ltr'><strong>humanitate.</strong></span> <span class='ocrx_word' id='word_1_687' title='bbox 2077 4476 2324 4551; x_wconf 82' lang='lat' dir='ltr'><strong>Cumque</strong></span> 
     </span>
    </p>
   </div>
   <div class='ocr_carea' id='block_1_93' title="bbox 2427 4466 4011 4551">
    <p class='ocr_par' dir='ltr' id='par_1_93' title="bbox 2434 4473 4011 4548">
     <span class='ocr_line' id='line_1_93' title="bbox 2434 4473 4011 4548; baseline -0.004 -16"><span class='ocrx_word' id='word_1_688' title='bbox 2434 4480 2613 4548; x_wconf 86' lang='grc' dir='ltr'>σῶμα,</span> <span class='ocrx_word' id='word_1_689' title='bbox 2648 4479 2791 4539; x_wconf 81' lang='grc' dir='ltr'>νοῦν,</span> <span class='ocrx_word' id='word_1_690' title='bbox 2827 4478 2921 4530; x_wconf 65' lang='grc' dir='ltr'><strong>καλ⁸</strong></span> <span class='ocrx_word' id='word_1_691' title='bbox 2961 4477 3032 4529; x_wconf 82' lang='grc' dir='ltr'>τὰ</span> <span class='ocrx_word' id='word_1_692' title='bbox 3059 4476 3260 4528; x_wconf 83' lang='grc' dir='ltr'>τούτων</span> <span class='ocrx_word' id='word_1_693' title='bbox 3305 4474 3506 4543; x_wconf 76' lang='grc' dir='ltr'>φυσικὰ</span> <span class='ocrx_word' id='word_1_694' title='bbox 3559 4474 3652 4525; x_wconf 77' lang='grc' dir='ltr'>καὶ</span> <span class='ocrx_word' id='word_1_695' title='bbox 3702 4473 4011 4542; x_wconf 67' lang='grc' dir='ltr'>ἀδιάϐλητα</span> 
     </span>
    </p>
   </div>
   <div class='ocr_carea' id='block_1_94' title="bbox 770 4569 2324 4637">
    <p class='ocr_par' dir='ltr' id='par_1_94' title="bbox 770 4569 2324 4637">
     <span class='ocr_line' id='line_1_94' title="bbox 770 4569 2324 4637; baseline 0.003 -16"><span class='ocrx_word' id='word_1_696' title='bbox 770 4569 939 4623; x_wconf 84' lang='lat' dir='ltr'><strong>Deum</strong></span> <span class='ocrx_word' id='word_1_697' title='bbox 972 4571 1283 4637; x_wconf 90' lang='lat' dir='ltr'><strong>passibilem</strong></span> <span class='ocrx_word' id='word_1_698' title='bbox 1319 4571 1586 4631; x_wconf 87' lang='lat' dir='ltr'><strong>dicamus,</strong></span> <span class='ocrx_word' id='word_1_699' title='bbox 1639 4585 1746 4623; x_wconf 92' lang='lat' dir='ltr'><strong>non</strong></span> <span class='ocrx_word' id='word_1_700' title='bbox 1793 4580 1973 4624; x_wconf 88' lang='lat' dir='ltr'><strong>tamen</strong></span> <span class='ocrx_word' id='word_1_701' title='bbox 2024 4580 2083 4625; x_wconf 92' lang='lat' dir='ltr'><strong>ut</strong></span> <span class='ocrx_word' id='word_1_702' title='bbox 2129 4572 2324 4637; x_wconf 87' lang='lat' dir='ltr'><strong>Deum,</strong></span> 
     </span>
    </p>
   </div>
   <div class='ocr_carea' id='block_1_95' title="bbox 771 4659 2326 4729">
    <p class='ocr_par' dir='ltr' id='par_1_95' title="bbox 771 4659 2326 4729">
     <span class='ocr_line' id='line_1_95' title="bbox 771 4659 2326 4729; baseline 0.003 -16"><span class='ocrx_word' id='word_1_703' title='bbox 771 4659 865 4713; x_wconf 90' lang='lat' dir='ltr'><strong>sed</strong></span> <span class='ocrx_word' id='word_1_704' title='bbox 895 4666 1154 4727; x_wconf 89' lang='lat' dir='ltr'><strong>tanquam</strong></span> <span class='ocrx_word' id='word_1_705' title='bbox 1198 4659 1468 4711; x_wconf 88' lang='lat' dir='ltr'><strong>hominem</strong></span> <span class='ocrx_word' id='word_1_706' title='bbox 1502 4677 1514 4711; x_wconf 88' lang='lat'><strong>:</strong></span> <span class='ocrx_word' id='word_1_707' title='bbox 1543 4662 1673 4728; x_wconf 89' lang='lat' dir='ltr'><strong>quin</strong></span> <span class='ocrx_word' id='word_1_708' title='bbox 1708 4676 1934 4729; x_wconf 89' lang='lat' dir='ltr'><strong>puerum</strong></span> <span class='ocrx_word' id='word_1_709' title='bbox 1980 4664 2202 4717; x_wconf 67' lang='lat' dir='ltr'><strong>saeculis</strong></span> <span class='ocrx_word' id='word_1_710' title='bbox 2228 4678 2326 4717; x_wconf 88' lang='lat' dir='ltr'><strong>an-</strong></span> 
     </span>
    </p>
   </div>
   <div class='ocr_carea' id='block_1_96' title="bbox 774 4748 2328 4820">
    <p class='ocr_par' dir='ltr' id='par_1_96' title="bbox 774 4748 2328 4820">
     <span class='ocr_line' id='line_1_96' title="bbox 774 4748 2328 4820; baseline 0.003 -17"><span class='ocrx_word' id='word_1_711' title='bbox 774 4750 1049 4813; x_wconf 83' lang='lat' dir='ltr'><strong>teriorem,</strong></span> <span class='ocrx_word' id='word_1_712' title='bbox 1081 4764 1186 4801; x_wconf 92' lang='lat' dir='ltr'><strong>non</strong></span> <span class='ocrx_word' id='word_1_713' title='bbox 1223 4750 1298 4801; x_wconf 88' lang='lat' dir='ltr'><strong>uti</strong></span> <span class='ocrx_word' id='word_1_714' title='bbox 1334 4763 1585 4817; x_wconf 90' lang='lat' dir='ltr'><strong>puerum,</strong></span> <span class='ocrx_word' id='word_1_715' title='bbox 1620 4748 1715 4803; x_wconf 88' lang='lat' dir='ltr'><strong>sed</strong></span> <span class='ocrx_word' id='word_1_716' title='bbox 1747 4759 1803 4802; x_wconf 94' lang='lat' dir='ltr'><strong>ut</strong></span> <span class='ocrx_word' id='word_1_717' title='bbox 1832 4751 1925 4820; x_wconf 90' lang='lat' dir='ltr'><strong>qui</strong></span> <span class='ocrx_word' id='word_1_718' title='bbox 1971 4752 2139 4820; x_wconf 80' lang='lat' dir='ltr'><strong>etiam</strong></span> <span class='ocrx_word' id='word_1_719' title='bbox 2185 4750 2328 4808; x_wconf 88' lang='lat' dir='ltr'><strong>Deus</strong></span> 
     </span>
    </p>
   </div>
   <div class='ocr_carea' id='block_1_97' title="bbox 772 4837 2325 4910">
    <p class='ocr_par' dir='ltr' id='par_1_97' title="bbox 772 4837 2325 4910">
     <span class='ocr_line' id='line_1_97' title="bbox 772 4837 2325 4910; baseline 0.004 -17"><span class='ocrx_word' id='word_1_720' title='bbox 772 4842 864 4901; x_wconf 88' lang='lat' dir='ltr'><strong>sit,</strong></span> <span class='ocrx_word' id='word_1_721' title='bbox 899 4841 1313 4893; x_wconf 84' lang='lat' dir='ltr'><strong>annuntiamus.</strong></span> <span class='ocrx_word' id='word_1_722' title='bbox 1345 4837 1501 4892; x_wconf 89' lang='lat' dir='ltr'><strong>Unus</strong></span> <span class='ocrx_word' id='word_1_723' title='bbox 1529 4841 1732 4910; x_wconf 89' lang='lat' dir='ltr'><strong>quippe</strong></span> <span class='ocrx_word' id='word_1_724' title='bbox 1774 4851 1876 4905; x_wconf 88' lang='lat' dir='ltr'><strong>est,</strong></span> <span class='ocrx_word' id='word_1_725' title='bbox 1920 4843 2022 4898; x_wconf 90' lang='lat' dir='ltr'><strong>hoc</strong></span> <span class='ocrx_word' id='word_1_726' title='bbox 2058 4852 2121 4897; x_wconf 76' lang='grc' dir='ltr'>-ει</span> <span class='ocrx_word' id='word_1_727' title='bbox 2171 4844 2325 4908; x_wconf 84' lang='lat' dir='ltr'><strong>illud,</strong></span> 
     </span>
    </p>
   </div>
   <div class='ocr_carea' id='block_1_98' title="bbox 776 4929 2327 5001">
    <p class='ocr_par' dir='ltr' id='par_1_98' title="bbox 776 4929 2327 5001">
     <span class='ocr_line' id='line_1_98' title="bbox 776 4929 2327 5001; baseline 0.004 -18"><span class='ocrx_word' id='word_1_728' title='bbox 776 4932 915 4984; x_wconf 86' lang='lat' dir='ltr'><strong>Deus</strong></span> <span class='ocrx_word' id='word_1_729' title='bbox 947 4939 1000 4984; x_wconf 90' lang='lat' dir='ltr'><strong>et</strong></span> <span class='ocrx_word' id='word_1_730' title='bbox 1033 4931 1219 4991; x_wconf 87' lang='lat' dir='ltr'><strong>homo,</strong></span> <span class='ocrx_word' id='word_1_731' title='bbox 1264 4929 1406 4983; x_wconf 89' lang='lat' dir='ltr'><strong>Deus</strong></span> <span class='ocrx_word' id='word_1_732' title='bbox 1443 4931 1802 4998; x_wconf 82' lang='lat' dir='ltr'><strong>perfectuset</strong></span> <span class='ocrx_word' id='word_1_733' title='bbox 1832 4933 2109 5000; x_wconf 88' lang='lat' dir='ltr'><strong>perfectus</strong></span> <span class='ocrx_word' id='word_1_734' title='bbox 2146 4936 2327 5001; x_wconf 87' lang='lat' dir='ltr'><strong>homo,</strong></span> 
     </span>
    </p>
   </div>
   <div class='ocr_carea' id='block_1_99' title="bbox 772 5020 2327 5091">
    <p class='ocr_par' dir='ltr' id='par_1_99' title="bbox 772 5020 2327 5091">
     <span class='ocr_line' id='line_1_99' title="bbox 772 5020 2327 5091; baseline 0.003 -17"><span class='ocrx_word' id='word_1_735' title='bbox 772 5036 963 5075; x_wconf 90' lang='lat' dir='ltr'><strong>omnes</strong></span> <span class='ocrx_word' id='word_1_736' title='bbox 1005 5022 1056 5073; x_wconf 91' lang='lat' dir='ltr'><strong>in</strong></span> <span class='ocrx_word' id='word_1_737' title='bbox 1085 5036 1142 5075; x_wconf 87' lang='lat' dir='ltr'><strong>se</strong></span> <span class='ocrx_word' id='word_1_738' title='bbox 1175 5021 1353 5074; x_wconf 80' lang='lat' dir='ltr'><strong>ferens</strong></span> <span class='ocrx_word' id='word_1_739' title='bbox 1382 5020 1601 5075; x_wconf 88' lang='lat' dir='ltr'><strong>deitatis</strong></span> <span class='ocrx_word' id='word_1_740' title='bbox 1638 5024 2035 5091; x_wconf 84' lang='lat' dir='ltr'><strong>proprietates;</strong></span> <span class='ocrx_word' id='word_1_741' title='bbox 2069 5025 2327 5079; x_wconf 87' lang='lat' dir='ltr'><strong>deitatem</strong></span> 
     </span>
    </p>
   </div>
   <div class='ocr_carea' id='block_1_100' title="bbox 772 5110 2329 5181">
    <p class='ocr_par' dir='ltr' id='par_1_100' title="bbox 772 5110 2329 5181">
     <span class='ocr_line' id='line_1_100' title="bbox 772 5110 2329 5181; baseline 0.004 -19"><span class='ocrx_word' id='word_1_742' title='bbox 772 5111 1020 5173; x_wconf 85' lang='lat' dir='ltr'><strong>inquam,</strong></span> <span class='ocrx_word' id='word_1_743' title='bbox 1071 5110 1469 5165; x_wconf 83' lang='lat' dir='ltr'><strong>immunitatem</strong></span> <span class='ocrx_word' id='word_1_744' title='bbox 1520 5127 1547 5163; x_wconf 87' lang='lat' dir='ltr'><strong>a</strong></span> <span class='ocrx_word' id='word_1_745' title='bbox 1598 5114 1891 5181; x_wconf 87' lang='lat' dir='ltr'><strong>principio,</strong></span> <span class='ocrx_word' id='word_1_746' title='bbox 1941 5115 2329 5169; x_wconf 81' lang='lat' dir='ltr'><strong>immortalita-</strong></span> 
     </span>
    </p>
   </div>
   <div class='ocr_carea' id='block_1_101' title="bbox 772 5200 2328 5273">
    <p class='ocr_par' dir='ltr' id='par_1_101' title="bbox 772 5200 2328 5273">
     <span class='ocr_line' id='line_1_101' title="bbox 772 5200 2328 5273; baseline 0.005 -22"><span class='ocrx_word' id='word_1_747' title='bbox 772 5209 902 5263; x_wconf 85' lang='lat' dir='ltr'><strong>tem,</strong></span> <span class='ocrx_word' id='word_1_748' title='bbox 967 5200 1329 5265; x_wconf 89' lang='lat' dir='ltr'><strong>dominatum,</strong></span> <span class='ocrx_word' id='word_1_749' title='bbox 1384 5202 2205 5273; x_wconf 77' lang='lat' dir='ltr'><strong>voluntatemomnipotentem</strong></span> <span class='ocrx_word' id='word_1_750' title='bbox 2274 5216 2328 5260; x_wconf 88' lang='lat' dir='ltr'><strong>et</strong></span> 
     </span>
    </p>
   </div>
   <div class='ocr_carea' id='block_1_102' title="bbox 2429 4562 4010 4639">
    <p class='ocr_par' dir='ltr' id='par_1_102' title="bbox 2429 4562 4010 4639">
     <span class='ocr_line' id='line_1_102' title="bbox 2429 4562 4010 4639; baseline -0.006 -16"><span class='ocrx_word' id='word_1_751' title='bbox 2429 4571 2575 4639; x_wconf 85' lang='grc' dir='ltr'>πάθη</span> <span class='ocrx_word' id='word_1_752' title='bbox 2632 4570 2725 4622; x_wconf 79' lang='grc' dir='ltr'>καὶ</span> <span class='ocrx_word' id='word_1_753' title='bbox 2764 4567 3029 4637; x_wconf 76' lang='grc' dir='ltr'>ἰδιώματα</span> <span class='ocrx_word' id='word_1_754' title='bbox 3055 4607 3071 4632; x_wconf 95' lang='grc'><strong>,</strong></span> <span class='ocrx_word' id='word_1_755' title='bbox 3104 4566 3202 4635; x_wconf 82' lang='grc' dir='ltr'>τὴν</span> <span class='ocrx_word' id='word_1_756' title='bbox 3243 4562 3587 4630; x_wconf 78' lang='grc' dir='ltr'>αὐτεξούσιον</span> <span class='ocrx_word' id='word_1_757' title='bbox 3633 4562 3873 4631; x_wconf 86' lang='grc' dir='ltr'>θέλησιν</span> <span class='ocrx_word' id='word_1_758' title='bbox 3924 4567 4010 4615; x_wconf 81' lang='grc' dir='ltr'>καὶ</span> 
     </span>
    </p>
   </div>
   <div class='ocr_carea' id='block_1_103' title="bbox 2428 4653 4009 4733">
    <p class='ocr_par' dir='ltr' id='par_1_103' title="bbox 2428 4653 4009 4733">
     <span class='ocr_line' id='line_1_103' title="bbox 2428 4653 4009 4733; baseline -0.006 -21"><span class='ocrx_word' id='word_1_759' title='bbox 2428 4661 2725 4729; x_wconf 74' lang='grc' dir='ltr'>ἐνέργειαν,</span> <span class='ocrx_word' id='word_1_760' title='bbox 2778 4658 2876 4728; x_wconf 83' lang='grc' dir='ltr'><strong>τὴν</strong></span> <span class='ocrx_word' id='word_1_761' title='bbox 2918 4660 3127 4719; x_wconf 84' lang='grc' dir='ltr'>πεῖναν,</span> <span class='ocrx_word' id='word_1_762' title='bbox 3162 4656 3262 4725; x_wconf 81' lang='grc' dir='ltr'>τὴν</span> <span class='ocrx_word' id='word_1_763' title='bbox 3302 4654 3482 4733; x_wconf 80' lang='grc' dir='ltr'>δίψαν,</span> <span class='ocrx_word' id='word_1_764' title='bbox 3514 4654 3576 4707; x_wconf 88' lang='grc' dir='ltr'><strong>τὸ</strong></span> <span class='ocrx_word' id='word_1_765' title='bbox 3606 4653 3877 4722; x_wconf 81' lang='grc' dir='ltr'>δάκρυον,</span> <span class='ocrx_word' id='word_1_766' title='bbox 3918 4655 4009 4722; x_wconf 68' lang='grc' dir='ltr'>τὴν</span> 
     </span>
    </p>
   </div>
   <div class='ocr_carea' id='block_1_104' title="bbox 2428 4743 4008 4817">
    <p class='ocr_par' dir='ltr' id='par_1_104' title="bbox 2428 4743 4008 4817">
     <span class='ocr_line' id='line_1_104' title="bbox 2428 4743 4008 4817; baseline -0.002 -17"><span class='ocrx_word' id='word_1_767' title='bbox 2428 4748 2620 4817; x_wconf 83' lang='grc' dir='ltr'>λύπην,</span> <span class='ocrx_word' id='word_1_768' title='bbox 2649 4748 2746 4817; x_wconf 82' lang='grc' dir='ltr'>τὴν</span> <span class='ocrx_word' id='word_1_769' title='bbox 2776 4746 3093 4817; x_wconf 82' lang='grc' dir='ltr'>ἀδημονίαν,</span> <span class='ocrx_word' id='word_1_770' title='bbox 3122 4744 3212 4797; x_wconf 87' lang='grc' dir='ltr'><strong>τὸν</strong></span> <span class='ocrx_word' id='word_1_771' title='bbox 3243 4744 3489 4797; x_wconf 81' lang='grc' dir='ltr'>θάνατον.</span> <span class='ocrx_word' id='word_1_772' title='bbox 3524 4762 3541 4794; x_wconf 84' lang='grc' dir='ltr'><strong>ι</strong></span> <span class='ocrx_word' id='word_1_773' title='bbox 3579 4743 3637 4794; x_wconf 87' lang='lat'><strong>&#39;0</strong></span> <span class='ocrx_word' id='word_1_774' title='bbox 3667 4745 3886 4814; x_wconf 74' lang='grc' dir='ltr'>Κύριος</span> <span class='ocrx_word' id='word_1_775' title='bbox 3908 4747 4008 4809; x_wconf 75' lang='grc' dir='ltr'>γὰρ</span> 
     </span>
    </p>
   </div>
   <div class='ocr_carea' id='block_1_105' title="bbox 2436 4831 4009 4909">
    <p class='ocr_par' dir='ltr' id='par_1_105' title="bbox 2436 4831 4009 4909">
     <span class='ocr_line' id='line_1_105' title="bbox 2436 4831 4009 4909; baseline -0.005 -17"><span class='ocrx_word' id='word_1_776' title='bbox 2436 4858 2534 4909; x_wconf 87' lang='grc' dir='ltr'><strong>μου</strong></span> <span class='ocrx_word' id='word_1_777' title='bbox 2563 4841 2654 4891; x_wconf 73' lang='grc' dir='ltr'><strong>καὶ</strong></span> <span class='ocrx_word' id='word_1_778' title='bbox 2684 4839 2814 4900; x_wconf 85' lang='grc' dir='ltr'>Θεὸς</span> <span class='ocrx_word' id='word_1_779' title='bbox 2842 4878 2856 4899; x_wconf 86' lang='grc'><strong>,</strong></span> <span class='ocrx_word' id='word_1_780' title='bbox 2905 4855 2922 4888; x_wconf 77' lang='grc' dir='ltr'><strong>ι</strong></span> <span class='ocrx_word' id='word_1_781' title='bbox 2963 4837 3125 4905; x_wconf 64' lang='grc' dir='ltr'>φησιν</span> <span class='ocrx_word' id='word_1_782' title='bbox 3159 4836 3186 4886; x_wconf 88' lang='lat'><strong>6</strong></span> <span class='ocrx_word' id='word_1_783' title='bbox 3212 4835 3433 4903; x_wconf 78' lang='grc' dir='ltr'>Θωμᾶς.</span> <span class='ocrx_word' id='word_1_784' title='bbox 3486 4834 3613 4886; x_wconf 67' lang='grc' dir='ltr'>Καί*</span> <span class='ocrx_word' id='word_1_785' title='bbox 3654 4852 3675 4884; x_wconf 74' lang='grc' dir='ltr'><strong>ι</strong></span> <span class='ocrx_word' id='word_1_786' title='bbox 3715 4834 3861 4901; x_wconf 76' lang='grc' dir='ltr'>Θεὸς</span> <span class='ocrx_word' id='word_1_787' title='bbox 3889 4831 3955 4903; x_wconf 70' lang='grc' dir='ltr'>ἦν</span> <span class='ocrx_word' id='word_1_788' title='bbox 3985 4838 4009 4885; x_wconf 82' lang='grc' dir='ltr'><strong>ό</strong></span> 
     </span>
    </p>
   </div>
   <div class='ocr_carea' id='block_1_106' title="bbox 2433 4920 4006 4997">
    <p class='ocr_par' dir='ltr' id='par_1_106' title="bbox 2433 4920 4006 4997">
     <span class='ocr_line' id='line_1_106' title="bbox 2433 4920 4006 4997; baseline -0.004 -14"><span class='ocrx_word' id='word_1_789' title='bbox 2433 4931 2623 4997; x_wconf 89' lang='grc' dir='ltr'>Λόγος,</span> <span class='ocrx_word' id='word_1_790' title='bbox 2656 4930 2751 4981; x_wconf 72' lang='grc' dir='ltr'><strong>καὶ</strong></span> <span class='ocrx_word' id='word_1_791' title='bbox 2780 4930 2809 4980; x_wconf 94' lang='lat'><strong>6</strong></span> <span class='ocrx_word' id='word_1_792' title='bbox 2836 4928 3005 4994; x_wconf 87' lang='grc' dir='ltr'>Λόγος</span> <span class='ocrx_word' id='word_1_793' title='bbox 3059 4924 3192 4995; x_wconf 80' lang='grc' dir='ltr'>σάρξ</span> <span class='ocrx_word' id='word_1_794' title='bbox 3222 4926 3438 4992; x_wconf 77' lang='grc' dir='ltr'>ἐγένετο</span> <span class='ocrx_word' id='word_1_795' title='bbox 3461 4964 3475 4987; x_wconf 91' lang='grc'><strong>,</strong></span> <span class='ocrx_word' id='word_1_796' title='bbox 3512 4943 3529 4975; x_wconf 75' lang='grc' dir='ltr'><strong>ι</strong></span> <span class='ocrx_word' id='word_1_797' title='bbox 3562 4924 3592 4975; x_wconf 88' lang='lat'><strong>6</strong></span> <span class='ocrx_word' id='word_1_798' title='bbox 3629 4924 3907 4991; x_wconf 77' lang='grc' dir='ltr'>Θεολόγος</span> <span class='ocrx_word' id='word_1_799' title='bbox 3932 4920 4006 4976; x_wconf 79' lang='grc' dir='ltr'>εἴ·</span> 
     </span>
    </p>
   </div>
   <div class='ocr_carea' id='block_1_107' title="bbox 2434 5013 4003 5090">
    <p class='ocr_par' dir='ltr' id='par_1_107' title="bbox 2434 5013 4003 5090">
     <span class='ocr_line' id='line_1_107' title="bbox 2434 5013 4003 5090; baseline -0.005 -17"><span class='ocrx_word' id='word_1_800' title='bbox 2434 5040 2529 5074; x_wconf 80' lang='grc' dir='ltr'><strong>πεν</strong></span> <span class='ocrx_word' id='word_1_801' title='bbox 2555 5023 2611 5073; x_wconf 81' lang='grc' dir='ltr'>ὲν</span> <span class='ocrx_word' id='word_1_802' title='bbox 2636 5020 2932 5090; x_wconf 81' lang='grc' dir='ltr'>Πνεύματι.</span> <span class='ocrx_word' id='word_1_803' title='bbox 2958 5018 3081 5072; x_wconf 83' lang='grc' dir='ltr'>Καί·</span> <span class='ocrx_word' id='word_1_804' title='bbox 3113 5037 3128 5069; x_wconf 79' lang='grc' dir='ltr'><strong>ι</strong></span> <span class='ocrx_word' id='word_1_805' title='bbox 3168 5019 3253 5070; x_wconf 84' lang='grc' dir='ltr'>Ἐν</span> <span class='ocrx_word' id='word_1_806' title='bbox 3282 5019 3420 5088; x_wconf 81' lang='grc' dir='ltr'>ἀρχῇ</span> <span class='ocrx_word' id='word_1_807' title='bbox 3454 5013 3520 5085; x_wconf 78' lang='grc' dir='ltr'>ἦν</span> <span class='ocrx_word' id='word_1_808' title='bbox 3548 5018 3577 5067; x_wconf 91' lang='lat'><strong>6</strong></span> <span class='ocrx_word' id='word_1_809' title='bbox 3598 5018 3799 5083; x_wconf 85' lang='grc' dir='ltr'>Λόγος.</span> <span class='ocrx_word' id='word_1_810' title='bbox 3832 5034 3853 5067; x_wconf 73' lang='grc' dir='ltr'><strong>ι</strong></span> <span class='ocrx_word' id='word_1_811' title='bbox 3880 5016 4003 5069; x_wconf 77' lang='grc' dir='ltr'>Καί·</span> 
     </span>
    </p>
   </div>
   <div class='ocr_carea' id='block_1_108' title="bbox 2436 5106 4009 5180">
    <p class='ocr_par' dir='ltr' id='par_1_108' title="bbox 2436 5106 4009 5180">
     <span class='ocr_line' id='line_1_108' title="bbox 2436 5106 4009 5180; baseline -0.006 -17"><span class='ocrx_word' id='word_1_812' title='bbox 2436 5132 2454 5163; x_wconf 82' lang='grc' dir='ltr'><strong>ι</strong></span> <span class='ocrx_word' id='word_1_813' title='bbox 2494 5113 2663 5176; x_wconf 86' lang='grc' dir='ltr'>Θέλω,</span> <span class='ocrx_word' id='word_1_814' title='bbox 2701 5110 3083 5180; x_wconf 85' lang='grc' dir='ltr'>καθαρίσθητι·</span> <span class='ocrx_word' id='word_1_815' title='bbox 3142 5126 3160 5159; x_wconf 75' lang='grc' dir='ltr'><strong>ι</strong></span> <span class='ocrx_word' id='word_1_816' title='bbox 3198 5109 3307 5161; x_wconf 81' lang='grc' dir='ltr'>καί·</span> <span class='ocrx_word' id='word_1_817' title='bbox 3346 5126 3363 5157; x_wconf 85' lang='grc' dir='ltr'><strong>ι</strong></span> <span class='ocrx_word' id='word_1_818' title='bbox 3404 5109 3517 5161; x_wconf 77' lang='grc' dir='ltr'><strong>Οὐκ</strong></span> <span class='ocrx_word' id='word_1_819' title='bbox 3563 5106 3630 5160; x_wconf 77' lang='grc' dir='ltr'>ἂν</span> <span class='ocrx_word' id='word_1_820' title='bbox 3662 5107 3760 5158; x_wconf 86' lang='grc' dir='ltr'><strong>τὸν</strong></span> <span class='ocrx_word' id='word_1_821' title='bbox 3801 5106 4009 5174; x_wconf 71' lang='grc' dir='ltr'>Κύριοι</span> 
     </span>
    </p>
   </div>
   <div class='ocr_carea' id='block_1_109' title="bbox 2429 5196 4007 5272">
    <p class='ocr_par' dir='ltr' id='par_1_109' title="bbox 2429 5196 4007 5272">
     <span class='ocr_line' id='line_1_109' title="bbox 2429 5196 4007 5272; baseline -0.005 -17"><span class='ocrx_word' id='word_1_822' title='bbox 2429 5204 2527 5272; x_wconf 85' lang='grc' dir='ltr'>τῆς</span> <span class='ocrx_word' id='word_1_823' title='bbox 2559 5202 2716 5271; x_wconf 83' lang='grc' dir='ltr'>δόξης</span> <span class='ocrx_word' id='word_1_824' title='bbox 2745 5200 3116 5271; x_wconf 71' lang='grc' dir='ltr'>ἐσταύρωσαν.</span> <span class='ocrx_word' id='word_1_825' title='bbox 3156 5218 3175 5252; x_wconf 70' lang='grc' dir='ltr'><strong>ι</strong></span> <span class='ocrx_word' id='word_1_826' title='bbox 3204 5197 3387 5252; x_wconf 83' lang='grc' dir='ltr'>Ταῦτα</span> <span class='ocrx_word' id='word_1_827' title='bbox 3412 5199 3505 5252; x_wconf 79' lang='grc' dir='ltr'>καὶ</span> <span class='ocrx_word' id='word_1_828' title='bbox 3529 5197 3601 5249; x_wconf 79' lang='grc' dir='ltr'>τὰ</span> <span class='ocrx_word' id='word_1_829' title='bbox 3631 5196 3896 5262; x_wconf 81' lang='grc' dir='ltr'>τοιαῦτα,</span> <span class='ocrx_word' id='word_1_830' title='bbox 3920 5198 4007 5251; x_wconf 64' lang='grc' dir='ltr'><strong>καὶ</strong></span> 
     </span>
    </p>
   </div>
   <div class='ocr_carea' id='block_1_110' title="bbox 877 5400 2669 5471">
    <p class='ocr_par' dir='ltr' id='par_1_110' title="bbox 877 5400 2669 5471">
     <span class='ocr_line' id='line_1_110' title="bbox 877 5400 2669 5471; baseline 0.003 -17"><span class='ocrx_word' id='word_1_831' title='bbox 877 5403 895 5431; x_wconf 89' lang='grc'><strong><em>²</em></strong></span> <span class='ocrx_word' id='word_1_832' title='bbox 930 5400 1039 5455; x_wconf 84' lang='lat' dir='ltr'><strong>Leo</strong></span> <span class='ocrx_word' id='word_1_833' title='bbox 1076 5401 1145 5467; x_wconf 73' lang='grc' dir='ltr'>Μ,</span> <span class='ocrx_word' id='word_1_834' title='bbox 1188 5403 1347 5471; x_wconf 84' lang='lat' dir='ltr'><strong>epist.</strong></span> <span class='ocrx_word' id='word_1_835' title='bbox 1380 5407 1443 5456; x_wconf 76' lang='lat' dir='ltr'><strong>ad</strong></span> <span class='ocrx_word' id='word_1_836' title='bbox 1495 5404 1648 5459; x_wconf 87' lang='lat' dir='ltr'><strong>Flav.</strong></span> <span class='ocrx_word' id='word_1_837' title='bbox 1727 5404 1808 5458; x_wconf 79' lang='grc'><strong>’³1</strong></span> <span class='ocrx_word' id='word_1_838' title='bbox 1838 5406 1964 5461; x_wconf 88' lang='lat' dir='ltr'><strong>Cor.</strong></span> <span class='ocrx_word' id='word_1_839' title='bbox 1994 5423 2052 5471; x_wconf 87' lang='grc' dir='ltr'><strong>ιι,</strong></span> <span class='ocrx_word' id='word_1_840' title='bbox 2086 5408 2140 5464; x_wconf 89' lang='grc'>8.</span> <span class='ocrx_word' id='word_1_841' title='bbox 2212 5410 2259 5440; x_wconf 69' lang='grc'><strong>⁸⁸</strong></span> <span class='ocrx_word' id='word_1_842' title='bbox 2286 5406 2444 5462; x_wconf 85' lang='lat' dir='ltr'><strong>Joan.</strong></span> <span class='ocrx_word' id='word_1_843' title='bbox 2479 5425 2550 5471; x_wconf 77' lang='lat' dir='ltr'><strong>vi,</strong></span> <span class='ocrx_word' id='word_1_844' title='bbox 2584 5408 2669 5461; x_wconf 75' lang='lat'><strong>62.</strong></span> 
     </span>
    </p>
   </div>
   <div class='ocr_carea' id='block_1_111' title="bbox 2062 5581 2726 5638">
    <p class='ocr_par' dir='ltr' id='par_1_111' title="bbox 2062 5581 2726 5638">
     <span class='ocr_line' id='line_1_111' title="bbox 2062 5581 2726 5638; baseline 0.005 -5"><span class='ocrx_word' id='word_1_845' title='bbox 2062 5581 2287 5637; x_wconf 66' lang='lat' dir='ltr'><strong>VARI/ﬁ</strong></span> <span class='ocrx_word' id='word_1_846' title='bbox 2329 5581 2726 5638; x_wconf 81' lang='lat' dir='ltr'><strong>LECTIONES.</strong></span> 
     </span>
    </p>
   </div>
   <div class='ocr_carea' id='block_1_112' title="bbox 860 5698 2043 5781">
    <p class='ocr_par' dir='ltr' id='par_1_112' title="bbox 860 5698 2043 5781">
     <span class='ocr_line' id='line_1_112' title="bbox 860 5698 2043 5781; baseline 0.002 -16"><span class='ocrx_word' id='word_1_847' title='bbox 860 5698 878 5723; x_wconf 72' lang='grc'>³</span> <span class='ocrx_word' id='word_1_848' title='bbox 906 5709 1032 5781; x_wconf 81' lang='lat' dir='ltr'><strong>Leg.</strong></span> <span class='ocrx_word' id='word_1_849' title='bbox 1061 5710 1271 5781; x_wconf 87' lang='grc' dir='ltr'>θνητόν,</span> <span class='ocrx_word' id='word_1_850' title='bbox 1301 5714 1377 5768; x_wconf 89' lang='lat' dir='ltr'><strong>sic</strong></span> <span class='ocrx_word' id='word_1_851' title='bbox 1400 5713 1586 5773; x_wconf 86' lang='lat' dir='ltr'><strong>Turr..</strong></span> <span class='ocrx_word' id='word_1_852' title='bbox 1627 5716 1844 5769; x_wconf 79' lang='lat' dir='ltr'><strong>mortale</strong></span> <span class='ocrx_word' id='word_1_853' title='bbox 1882 5718 2043 5771; x_wconf 76' lang='lat' dir='ltr'><strong>Arah.</strong></span> 
     </span>
    </p>
   </div>
  </div>
