4156 6436
152 440 284 504 1481
1398 430 1691 489 ιΑὶΝῚἪᾹ
1728 426 2032 485 ΙΑΩΟΗΙΤ
2055 440 2123 480 ‘t‘~
3258 418 3392 481 153;)

391 512 396 531 ι

141 559 175 625 ὴ
203 557 309 608 τῶν
343 554 678 622 θεοσημειών
708 549 954 618 δύναμις,
984 548 1081 617 τὴν
1119 546 1272 599 θείαν
1303 543 1468 596 αὑτοῦ
1498 545 1705 611 ἀνακη-

1825 538 2241 607 opet'atinnmn;
2309 552 2526 588 omnem
2595 525 2724 587 item
2779 534 2965 589 carnis
3021 535 3392 590 substantiam

142 647 327 715 ρύττει
358 642 518 711 φύσιν
542 658 601 693 τε
638 641 729 694 καὶ
760 638 1061 706 ἐνέργειαν.

1827 645 2027 701 gerens
2068 628 2219 681 nulla
2269 637 2425 697 parte
2468 627 2818 690 destitutam,
2859 629 3123 692 animam,
3171 643 3397 698 corpus,

137 753 387 800 sensum,
438 752 537 791 seu
592 725 851 797 mentem,
884 743 1191 799 eorumque
1251 725 1543 788 naturalia,
1584 722 1925 792 aﬂeetusque
1963 729 2018 777 et
2090 720 2454 790 proprietates
2519 719 2846 789 inculpatas,
2904 719 3130 803 liberam
3200 722 3396 777 volun-

135 832 337 885 tatem'
380 838 433 885 et
499 828 792 897 actionem,
844 825 1067 887 famem,
1118 821 1290 887 sitim,
1362 820 1656 890 lacrymas,
1691 830 2005 879 mterorem,
2061 827 2347 884 angorem,
2399 824 2652 869 mortem.
2708 810 2799 867 Ait
2844 813 3054 884 quippe
3105 813 3394 873 Thomas:

140 945 160 977 ι
204 925 468 980 Dominus
515 939 671 979 meus
717 931 770 976 et
828 921 971 977 Deus
1017 935 1171 975 incus
1204 919 1271 973 ³⁵.
1310 936 1325 969 ι
1364 915 1426 969 Et
1459 934 1471 970 :
1518 935 1535 967 ι
1573 914 1714 969 Deus
1750 923 1869 967 erat
1900 908 2161 974 Verbum,
2190 917 2240 963 et
2268 906 2509 963 Verbum
2539 921 2669 963 caro
2700 904 2905 959 factum
2932 905 3085 970 est",
3120 925 3138 958 ι
3178 905 3316 961 dixit
3343 908 3396 962 in

136 1020 349 1091 Spiritu
400 1014 710 1088 Theologus
739 1058 751 1070 .
802 1016 913 1071 Et:
993 1036 1011 1067 ι
1051 1012 1108 1068 1η
1153 1012 1423 1083 principio
1486 1019 1604 1065 erat
1643 1004 1881 1089 Verbum
1925 1006 1992 1059 ’7.
2041 1024 2059 1055 ι
2097 1003 2271 1059 Item:
2329 1021 2349 1055 ι
2387 1000 2551 1092 Volo,
2601 1002 2869 1056 mundare
2910 1002 2978 1053 ’⁸.
3018 1019 3037 1054 ι
3109 1001 3398 1062 Rursum:
3448 1000 3451 1001 ⁷

138 1132 158 1165 ι
196 1112 486 1182 Nunquam
554 1110 839 1164 Dominum
897 1108 1085 1179 gloria:
1147 1103 1652 1160 cruciﬁxissent”.
1692 1119 1711 1154 ι
1781 1093 1907 1154 Ilaec
1958 1104 2013 1153 et
2066 1097 2171 1151 alia
2234 1093 2528 1166 ejusmodi,
2598 1104 2950 1165 potestasque
3010 1096 3398 1154 miraculorum

130 1204 377 1256 divinam
438 1200 559 1268 ejus
620 1208 871 1252 naturam
938 1196 1322 1263 actionemque
1363 1192 1682 1263 praedicant.

210 1293 319 1360 723'.
357 1288 507 1354 Εἶτα,
545 1308 563 1341 ι
588 1288 866 1355 Ἐξουσίαν
895 1287 1003 1357 ἔχω
1031 1287 1202 1341 θεῖναι
1232 1284 1331 1355 τὴν
1361 1285 1554 1354 Ψυχὴν
1588 1300 1711 1352 μου,

130 1383 229 1436 καὶ
253 1381 500 1447 ἐξουσίαν
532 1381 638 1450 ἔχω
665 1379 826 1431 πάλιν
857 1378 1041 1431 λαϐεῖν
1070 1377 1263 1446 αὐτὴν.
1286 1394 1304 1426 ι
1323 1375 1449 1429 Καί·
1488 1393 1504 1426 ι
1529 1371 1713 1441 Ψηλα-

129 1473 348 1542 φήσατέ
381 1490 467 1542 με,
496 1473 590 1525 καὶ
616 1470 865 1534 εδετε,ὅτι
886 1469 1102 1539 πνεῦμα
1123 1469 1299 1537 σάρκα
1320 1467 1409 1519 καὶ
1426 1465 1588 1517 ὀστέα
1613 1463 1714 1515 οὐκ

129 1563 273 1631 ἔχει,
307 1560 487 1622 καθὼς
513 1561 611 1630 ἐμὲ
642 1560 900 1631 Θεωρεῖτε
936 1559 1147 1628 ἔχοντα.
1179 1577 1195 1609 ι
1227 1557 1331 1609 Καί
1359 1574 1369 1585 ·
1405 1576 1422 1608 ι
1444 1556 1632 1625 Ἡμεῖς
1655 1552 1710 1606 δὲ

131 1654 265 1706 νοῦν
297 1652 534 1722 Χριστοῦ
566 1652 782 1721 ἔχομεν.
825 1669 842 1701 ι
873 1650 1005 1715 Καὶ,
1043 1668 1061 1701 ι
1100 1648 1373 1702 Εἰσελθὼν
1402 1648 1482 1709 εἰς
1510 1646 1707 1709 οἰκίαν,

128 1742 400 1810 ἠθέλησεν
431 1740 520 1793 ἵνα
555 1742 629 1810 μή
656 1757 739 1802 τις
772 1738 905 1809 γνῷ,
931 1739 1026 1792 καὶ
1048 1738 1149 1791 οὒκ
1177 1736 1417 1806 ἠδυνήθη
1439 1735 1641 1789 λαθεῖν.
1685 1752 1703 1787 ι

128 1836 359 1903 Καίπερ
382 1873 395 1895 ,
430 1852 447 1884 ι
473 1834 563 1903 Μὴ
594 1833 723 1901 ἐμὸν
758 1831 997 1899 γενέσθω
1028 1828 1415 1899 Minume.th
1446 1828 1506 1882 τὸ
1542 1827 1653 1881 σόν.
1682 1847 1699 1880 ι

128 1926 303 1995 Καλή
344 1924 535 1986 κλάσις
585 1922 641 1975 δὲ
684 1922 794 1975 τῶν
847 1922 1050 1993 ἄρτων,
1099 1922 1190 1976 καὶ
1217 1922 1250 1990 ἡ
1290 1919 1518 1990 βάδισις,
1551 1920 1702 1990 καὶὴ

126 2017 227 2068 ἐπὶ
263 2016 355 2069 τοῦ
383 2014 617 2085 σταυροῦ
660 2013 767 2067 τῶν
804 2012 1002 2084 χειρῶν
1025 2011 1266 2075 ἔκτασις,
1299 2011 1392 2063 καὶ
1421 2012 1454 2079 ἡ
1499 2010 1701 2079 νόησις,

127 2108 226 2160 καὶ
258 2110 290 2176 ἠ
319 2106 543 2176 ζωτικὴ,
576 2107 840 2176 τρεπτική
862 2120 942 2169 τε,
971 2103 1064 2158 καὶ
1080 2102 1374 2172 αὐξητικὴ,
1394 2099 1486 2154 καὶ
1516 2100 1705 2169 αἰσθη-

127 2199 261 2268 τικὴ
288 2198 517 2268 δύναμις
553 2197 851 2268 παρίστησι
883 2195 982 2266 τὴν
1010 2192 1360 2265 ἀνθρωπίνην
1401 2191 1700 2261 ἐνέργειαν.

127 2290 246 2342 Καὶ
271 2290 360 2341 τό’
396 2308 413 2340 ι
455 2290 718 2359 ’Ὕστερον
745 2287 1020 2340 ὲπείνασε.
1053 2304 1070 2336 ι
1107 2284 1221 2338 Kal.
1256 2283 1318 2337 τὸ
1345 2282 1438 2335 ἐπὶ
1470 2282 1704 2351 Λαζάρῳ

126 2378 386 2449 δάκρυον,
418 2379 593 2432 καὶτὸ
618 2418 633 2442 ,
663 2398 680 2430 ι
718 2378 888 2447 Διψῶ.
927 2396 944 2429 ι
982 2376 1091 2430 Καί
1114 2392 1126 2405 °
1163 2394 1181 2428 ι
1216 2375 1331 2429 Νῦν
1363 2374 1563 2445 ἡψυχὴ
1599 2390 1700 2443 μου

126 2473 486 2540 τετάρακται.
532 2490 550 2523 ι
590 2470 717 2535 Καὶ,
757 2490 773 2522 ι
800 2470 1104 2541 Περίλυπός
1138 2469 1377 2539 sitatam;
1408 2467 1695 2521 θανάτου.»

128 2565 263 2626 Καὶ,
297 2564 535 2633 Ἤρξατο
561 2562 870 2627 λυπεῖσθαι,
890 2562 985 2617 καὶ
1019 2560 1433 2632 ἐκθαμϐεῖσθαι,
1465 2558 1559 2611 καὶ
1579 2554 1703 2627 ἁδη-

129 2656 340 2723 μονεῖν.
378 2656 484 2706 Καὶ
520 2656 692 2727 πέρας
720 2661 746 2702 ἃ·
770 2671 783 2683 ·
822 2674 839 2706 ι
880 2655 973 2717 Εἰς
1001 2656 1191 2724 χεῖράς
1228 2669 1320 2704 σου
1363 2649 1701 2721 παρατίθημι

132 2745 191 2796 τὸ
216 2744 433 2813 πνεῦμά
466 2762 565 2812 μου
586 2760 599 2775 ⁶
632 2745 727 2797 καὶ
756 2744 913 2797 τοῦτο
942 2744 1111 2797 εἰπὼν
1141 2742 1481 2810 ἐξέπνευσεν.
1521 2760 1540 2791 ι
1576 2736 1699 2808 Ἆρ’

128 2840 191 2892 οὐ
226 2838 411 2906 σαψῶς
437 2836 625 2907 ὥσπερ
646 2838 713 2890 τὰ
735 2837 975 2907 πρότερα
1016 2838 1285 2907 μαρτυρεί
1310 2834 1407 2904 τὴν
1450 2833 1700 2900 θεότητα,

129 2930 278 2985 οὕτω
304 2931 395 2984 καὶ
430 2930 595 2983 ταῦτα
621 2929 718 3000 τὴν
741 2929 905 2982 αὑτοῦ
936 2928 1353 2999 ἀνθρωπότητα,
1390 2926 1484 2980 καὶ
1513 2926 1573 2978 τὸ
1594 2925 1702 2979 τῶν

129 3022 351 3091 φύσεων
382 3022 635 3090 διάφορον
684 3021 779 3073 καὶ
819 3019 1165 3089 ἁσὺγχυτον;
1227 3019 1349 3081 Πῶς
1376 3018 1484 3087 γὰρ
1530 3015 1703 3071 ταῦτα

132 3114 363 3165 κάκεῖνα
390 3114 482 3165 ἐπὶ
518 3115 647 3182 μιᾶς
679 3111 1001 3183 λεχθήσεται
1034 3110 1279 3180 φύσεωςς

203 3293 317 3352 σῖγ’.
351 3287 481 3349 Θεὸς
524 3287 817 3359 τοιγαροῦν
869 3290 985 3342 ἔστι
1014 3290 1244 3353 τέλειος,
1280 3290 1371 3343 καὶ
1423 3290 1706 3359 ἅνθρωπος

127 3380 338 3441 τέλειος
357 3397 370 3411 ’
405 3380 533 3442 Θεὸς
552 3380 693 3433 κατὰ
716 3381 896 3448 φύσιν,
928 3381 1021 3435 καὶ
1044 3381 1330 3451 ἄνθρωπος
1361 3380 1499 3434 κατὰ
1525 3381 1703 3449 φύσιν·

128 3476 191 3524 ὲν
231 3473 444 3542 θεότητι
497 3472 719 3534 τέλειος,
760 3473 851 3524 καὶ
893 3473 1185 3542 ἀνελλιπὴς
1214 3474 1270 3524 ὲν
1305 3473 1705 3542 ἁνθρωπὸτγ,τι.

129 3566 195 3618 Εἰ
234 3561 339 3635 γάρ
381 3566 471 3618 καὶ
506 3565 623 3617 κατ’
648 3564 956 3633 οἰκονομίαν
992 3567 1212 3633 γέγονεν
1233 3564 1538 3635 ἄνθρωπος,
1573 3565 1709 3619 ἀλλὰ

128 3657 295 3725 φύσει
332 3656 553 3724 γέγονεν
607 3656 922 3727 ἄνθρωπος·
956 3648 1075 3721 ὅλος
1125 3657 1255 3715 Θεὸς
1305 3658 1397 3711 καὶ
1444 3658 1579 3727 μετὰ
1609 3658 1707 3727 τῆς

128 3748 335 3817 σαρκὸς
356 3747 540 3811 αὐτοῦ,
576 3749 666 3799 καὶ
691 3748 808 3810 ὅλος
832 3748 1114 3816 ἄνθρωπος
1150 3753 1287 3818 μετὰ
1336 3750 1433 3818 τῆς
1475 3750 1705 3819 ὑπερθυ-

130 3838 251 3889 σεου
287 3836 534 3905 θεότητος
581 3836 766 3889 αὑτοῦ.
800 3835 982 3915 Φαμὲν
1013 3840 1104 3889 καὶ
1137 3835 1294 3889 τοῦτο
1332 3836 1589 3906 δηλοῦντα
1617 3839 1706 3889 τὸν

125 3929 391 3995 Θεολόγον
424 3928 719 3998 Γρηγόριον
747 3928 1057 3997 εἰρηκέναι·
1096 3947 1113 3980 ι
1153 3922 1253 3980 Ὧν
1272 3928 1330 3981 τὸ
1357 3928 1457 3998 μὲν
1488 3929 1706 3993 ἐθέωσε,

125 4020 192 4073 τὸ
222 4019 277 4071 δὲ
320 4018 545 4089 ὲθεώθη,
591 4020 683 4071 καὶ
728 4018 909 4090 τολμῶ
934 4019 1109 4087 λέγειν
1141 4020 1380 4090 ὁμόθεον.
1416 4041 1433 4074 ι
1484 4023 1568 4085 Ὠς
1600 4023 1707 4093 γάρ

127 4114 234 4182 τὴν
262 4113 532 4183 σάρκωσιν
565 4113 691 4165 ἄνευ
713 4113 916 4183 τροπῆς
944 4111 1036 4165 τοῦ
1067 4114 1239 4179 Λόγου
1279 4113 1371 4166 καὶ
1410 4114 1706 4184 μεταϐολῆς

125 4205 377 4272 οἴδαμεν,
409 4203 548 4255 οὕτω
598 4205 689 4256 καὶ
735 4204 833 4273 τὴν
882 4203 1094 4257 θέωσιν.
1143 4202 1314 4267 Αὐτὸς
1345 4205 1449 4273 γὰρ
1483 4207 1511 4256 ὁ
1539 4206 1707 4272 Λόγος

128 4296 273 4364 σὰρξ
308 4296 538 4361 ἐγένετο,
571 4295 791 4365 κυηθεὶς
828 4294 924 4365 μὲν
958 4295 1020 4347 ὲκ
1041 4296 1138 4365 τῆς
1171 4296 1469 4366 Παρθένου,
1517 4297 1705 4368 προελ-

127 4388 247 4440 θὼν
280 4388 334 4439 δὲ
378 4388 509 4449 Θεὸς
558 4389 692 4457 μετὰ
738 4388 833 4457 τῆς
873 4387 1252 4458 προσλήψεως*
1279 4388 1378 4460 ἤδη
1408 4390 1502 4442 καὶ
1541 4390 1707 4459 αὐτῆς

1893 1278 1985 1334 82.
2027 1280 2258 1348 Insuper
2316 1276 2393 1330 ait
2433 1294 2445 1330 :
2491 1295 2509 1328 ι
2557 1270 2891 1331 Potestatem
2942 1274 3119 1333 habeo
3160 1279 3397 1348 ponendi

1822 1370 2058 1423 animam
2111 1383 2324 1431 meam,
2360 1377 2414 1421 et
2448 1375 2779 1436 potestatem
2834 1367 3016 1422 habeo
3060 1369 3257 1423 iterum
3306 1390 3399 1427 su-

1821 1460 2000 1514 mendi
2039 1473 2160 1514 eam
2202 1458 2265 1512 ³ο.
2318 1478 2336 1510 ι
2374 1458 2486 1512 Et:
2532 1477 2550 1510 ι
2591 1456 2816 1527 Palpate
2870 1468 2923 1514 et
2980 1460 3183 1525 videte,
3245 1466 3393 1532 quod

1819 1553 2046 1621 spiritus
2078 1566 2299 1606 carnem
2327 1560 2381 1605 et
2422 1565 2547 1605 ossa
2581 1565 2689 1604 non
2716 1550 2903 1616 habet,
2947 1552 3093 1606 sicut
3123 1570 3206 1609 me
3244 1555 3394 1609 vide-

1818 1643 1887 1698 tis
1921 1643 2128 1698 habere
2164 1644 2228 1694 ³¹.
2273 1662 2291 1694 ι
2322 1641 2454 1695 Item
2484 1660 2495 1695 :
2538 1661 2556 1693 ι
2604 1641 2715 1698 Nos
2746 1654 2928 1697 autem
2974 1660 3197 1700 sensum
3235 1646 3396 1700 Chri-

1816 1735 1884 1790 sti
1917 1732 2187 1789 habemus
2218 1733 2283 1789 ³¹.
2318 1752 2335 1785 ι
2366 1764 2434 1772 -
2469 1752 2487 1784 ι
2525 1733 2809 1804 Ingressus
2841 1734 3091 1801 domum,
3120 1738 3395 1794 neminem

1740 1807 1785 1866 Β
1816 1827 1986 1882 voluit
2012 1829 2175 1894 scir'e,
2222 1835 2275 1881 et
2312 1842 2422 1881 non
2466 1828 2644 1896 potuit
2675 1828 2848 1883 latere
2884 1829 2949 1884 ⁵³,
2991 1847 3008 1878 ι
3048 1860 3119 1871 -
3152 1848 3172 1881 ι
3210 1829 3392 1893 Pater,

1814 1934 1923 1973 non
1960 1918 2054 1972 flat
2090 1919 2349 1975 voluntas
2380 1935 2500 1974 mea
2524 1962 2539 1985 ,
2576 1921 2671 1975 sed
2709 1929 2803 1975 tua
2846 1921 2912 1974 “.
2956 1940 2976 1973 ι
3028 1920 3249 1978 Fractio
3300 1940 3399 1994 pa-

1813 2025 1968 2075 num,
2001 2009 2398 2075 deambulatio,
2431 2013 2685 2066 extensio
2717 2027 2981 2065 manuum
3013 2013 3065 2066 in
3093 2030 3281 2079 cruce,
3316 2018 3395 2069 in-

1813 2101 2081 2164 tellectio,
2110 2102 2195 2156 vis
2219 2102 2423 2169 vitalis,
2444 2102 2750 2166 nutriendi,
2791 2102 3027 2173 augendi
3057 2111 3111 2159 et
3161 2106 3397 2161 sentien-

1812 2190 1891 2257 di,
1926 2190 2229 2245 humanum
2266 2201 2450 2246 actum
2488 2194 2798 2263 perhibent.
2832 2194 3083 2265 Illudque
3126 2212 3347 2252 rursum
3376 2223 3388 2257 ι,

1818 2299 1837 2332 ι
1888 2279 2087 2336 Postea
2124 2282 2327 2337 esuriit
2360 2284 2441 2351 ’5;
2479 2304 2497 2336 ι
2530 2293 2586 2340 et
2620 2285 2729 2339 illa:
2776 2282 2972 2339 Lazari
3004 2302 3171 2342 causa
3216 2288 3393 2359 lacry-

1812 2371 1998 2437 maz",
2032 2387 2251 2428 necnon
2286 2374 2420 2429 illud
2458 2393 2470 2429 :
2511 2393 2530 2427 ι
2557 2374 2695 2429 Sitio
2717 2376 2813 2428 ³⁷.»
2842 2376 2902 2430 Ει
2938 2397 2951 2432 :
2981 2396 2999 2428 ι
3026 2375 3180 2433 Nune
3211 2382 3390 2435 anima

1809 2478 1929 2517 mea
1983 2463 2203 2518 turbata
2256 2477 2339 2521 est
2366 2464 2428 2519 ³⁸.
2463 2482 2481 2517 ›
2521 2495 2591 2505 -
2620 2485 2638 2518 ι
2681 2466 2884 2523 Tristis
2936 2459 3057 2524 sum
3092 2486 3269 2540 usque
3322 2473 3390 2525 ad

1811 2560 2046 2609 mortem
2075 2555 2141 2608 '9.
2172 2573 2192 2607 ι
2228 2554 2309 2610 Ad
2339 2557 2453 2611 base
2489 2575 2503 2611 :
2544 2575 2563 2608 ι
2595 2552 2776 2628 Coepit
2804 2556 3001 2628 pavere
3028 2570 3082 2616 et
3112 2563 3314 2618 taedere
3340 2570 3394 2616 ιιι

1812 2653 2045 2701 ιιιοεειιιε
2078 2661 2199 2701 esse
2227 2646 2293 2699 ‘°.
2338 2666 2357 2699 ι
2393 2648 2638 2719 Denique
2675 2668 2685 2701 :
2730 2668 2748 2700 ι
2774 2649 2956 2715 Pater,
2989 2651 3156 2723 418
3186 2655 3240 2708 in
3274 2671 3383 2708 ιιιιια

1812 2750 1919 2793 nus
1963 2746 2087 2793 tuas
2118 2740 2446 2795 commendo
2490 2740 2745 2811 spiritum
2803 2758 3018 2811 meum,
3048 2755 3103 2799 et
3131 2760 3254 2800 cum
3288 2749 3392 2802 hoc

1811 2832 2069 2899 dixisset,
2105 2832 2405 2901 exspiravit
2440 2833 2505 2887 “.
2533 2852 2551 2884 ι
2578 2834 2775 2888 Annon
2807 2835 2968 2904 plane
3006 2837 3151 2892 sicut
3206 2840 3392 2908 priora

1814 2924 1903 2979 illa
1939 2923 2287 2979 divinitatem
2324 2929 2620 2989 testantur,
2654 2926 2729 2981 ita
2763 2943 2985 2997 quoque
3036 2928 3152 2983 haec
3214 2932 3393 2999 ipsius

1813 3017 2235 3082 humanitatem,
2261 3016 2604 3088 duarumque
2634 3027 2958 3074 naturarum
2989 3021 3313 3091 discrimen,
3338 3034 3390 3079 et

1813 3107 2157 3163 inconfusam
2194 3108 2485 3162 unionem?
2508 3108 2746 3174 Quinam
2786 3111 2932 3165 enim
2966 3111 3080 3166 haec
3108 3123 3166 3167 et
3201 3115 3295 3169 illa
3324 3120 3389 3169 de

1814 3216 1919 3255 una
1954 3206 2149 3253 natura
2180 3200 2478 3254 dicentur?

1879 3290 1968 3344 85.
2005 3287 2147 3343 Deus
2171 3302 2303 3358 ergo
2333 3296 2417 3343 est
2449 3288 2755 3357 perfectus,
2784 3298 2837 3345 et
2875 3291 3152 3360 perlectus
3186 3295 3349 3347 homo

1814 3389 2012 3435 natura
2042 3379 2209 3442 Deus,
2244 3386 2300 3433 et
2327 3385 2531 3432 natura
2580 3382 2746 3435 homo
2779 3400 2791 3435 :
2829 3381 3108 3451 perfectus
3150 3384 3203 3437 in
3248 3385 3359 3438 diu

1812 3474 2005 3538 nitate,
2040 3471 2193 3526 nulla
2218 3486 2278 3525 re
2305 3470 2553 3526 defectus
2596 3471 2651 3525 in
2680 3463 3046 3530 humanitate.
3090 3475 3204 3530 Etsi
3240 3479 3386 3531 enim

1810 3561 2120 3617 secundum
2188 3561 2662 3629 dispensationem
2721 3562 2901 3618 factus
2954 3564 3117 3619 homo
3156 3574 3275 3632 est;
3334 3576 3387 3618 at

1810 3660 2005 3707 natura
2054 3661 2139 3707 est
2187 3651 2366 3706 factus
2401 3653 2567 3706 homo
2600 3670 2611 3706 :
2649 3660 2799 3709 totus
2837 3653 3006 3718 Deus,
3042 3657 3203 3710 etiam
3259 3672 3386 3710 cum

1809 3761 1909 3803 sua
1947 3760 2139 3809 carne,
2168 3752 2223 3800 et
2255 3753 2409 3801 totus
2469 3746 2636 3800 homo
2686 3762 2811 3801 eum
2863 3751 3387 3817 supersubstantiali

1808 3837 2017 3893 Deitate
2048 3851 2170 3893 sua.
2202 3837 2305 3893 Sed
2335 3844 2389 3893 et
2417 3837 2692 3902 addimus,
2725 3838 2829 3893 hoc
2860 3828 3184 3911 Gregorium
3214 3823 3391 3898 Theo-

1810 3931 1994 4000 IOgum
2038 3931 2283 3985 locutum
2311 3946 2435 3986 esse
2467 3930 2510 3960 δε
2542 3949 2554 3984 :
2601 3949 2618 3981 ι
2661 3930 2736 3984 Ex
2773 3933 2981 4001 quibus
3012 3935 3271 4004 (naturis)
3301 3938 3387 3990 illa

1809 4022 2029 4092 quidem
2060 4019 2359 4087 deiﬁcavit,
2396 4022 2510 4076 haec
2547 4029 2730 4076 autem
2782 4023 3034 4079 tteiﬁcata
3087 4038 3205 4093 est;
3257 4030 3389 4098 quin

1807 4121 1863 4167 et
1891 4113 2075 4167 dicere
2105 4111 2305 4178 ausim,
2333 4111 2496 4166 simul
2531 4112 2674 4166 Deus
2708 4115 2850 4167 facta
2884 4123 3023 4170 est.»
3062 4115 3219 4183 Nam,
3247 4120 3390 4172 sicut

1810 4204 2257 4260 Incarnationem
2291 4202 2433 4256 citra
2483 4203 2895 4257 conversionem
2938 4204 3104 4259 Verbi
3141 4206 3391 4261 demuta-

1809 4300 2128 4366 tionemque
2161 4295 2440 4358 novimus,
2498 4294 2578 4348 sic
2629 4302 2684 4348 et
2736 4294 3165 4350 dcilicationein.
3204 4296 3387 4367 Ipsum

1809 4389 2011 4460 quippe
2035 4383 2276 4443 Verbum
2309 4401 2441 4441 caro
2471 4386 2674 4440 factum
2703 4396 2810 4451 est,
2835 4402 2899 4442 ex
2929 4386 3149 4458 Virgine
3164 4391 3387 4459 quidem

129 4478 229 4530 ὑπ’
258 4478 415 4531 αὑτοῦ
446 4477 737 4547 θεωθείσης
760 4477 871 4547 ἅμα
892 4481 956 4547 τῇ
986 4480 1063 4541 εἰς
1085 4477 1144 4530 τὸ
1170 4474 1305 4532 εἶναι
1331 4480 1534 4549 ταύτης
1566 4497 1705 4551 παρ-

1815 4486 2166 4549 prognatum,
2216 4473 2521 4544 procedens
2563 4490 2694 4529 vero
2737 4473 2882 4530 Deus
2919 4491 3044 4531 CUIII
3097 4489 3386 4547 assumpta

128 4571 328 4637 αγωγῇ
354 4585 366 4597 ·
420 4568 493 4630 ὡς
536 4568 671 4637 ὁμοῦ
706 4568 954 4635 γενέσθαι
987 4569 1053 4621 τὰ
1090 4569 1233 4637 τρία,
1266 4568 1363 4639 τὴν
1393 4569 1710 4640 πρόσληψιν,

126 4660 237 4727 τὴν
262 4657 511 4728 ὓπαρξιν,
542 4659 632 4709 καί
652 4657 748 4725 τὴν
774 4657 967 4711 θέωσιν
988 4656 1082 4710 τοῦ
1104 4657 1390 4728 ἀνθρώπου
1426 4668 1467 4711 ι.
1503 4660 1652 4729 ’Ἅμα
1678 4663 1711 4731 ἠ

129 4747 397 4817 σύλληψις
443 4748 597 4816 καὶὴ
638 4745 866 4815 ὗπαρξις
914 4745 1491 4817 τεθαυματούργηται·
1524 4748 1557 4816 η
1614 4749 1712 4815 μὲν

128 4836 399 4905 σύλληψις
455 4834 548 4887 τοῦ
598 4835 789 4901 Λόγου,
822 4835 918 4904 τῆς
962 4835 1017 4887 δὲ
1068 4834 1267 4904 σαρκὸς
1298 4837 1330 4905 ή
1360 4836 1416 4887 ἐν
1458 4836 1606 4905 αὖτῷ
1634 4838 1711 4906 τῷ

124 4928 295 4994 Λόγῳ
332 4925 561 4994 ὖπιρξις
582 4940 594 4952 ⁸
624 4924 691 4976 δι’
719 4924 885 4994 αὐτῆς
909 4924 1008 4993 τῆς
1036 4924 1373 4997 Θεομήτορος
1420 4927 1712 4995 ὑπερφυῶς

125 5015 480 5085 χορηγούσης
512 5014 572 5067 τὸ
602 5014 907 5085 πλασθῆναι
930 5014 1009 5084 τῷ
1030 5015 1261 5087 πλάστῃ,
1287 5018 1379 5069 καὶ
1403 5017 1461 5069 τὸ
1499 5018 1711 5089 ἀνθρω-

125 5105 396 5173 πισθῆναι
421 5104 497 5173 τῷ
521 5104 641 5173 Θεῷ
678 5107 771 5158 καὶ
802 5108 995 5176 ποιητῇ
1027 5106 1117 5160 τοῦ
1150 5108 1378 5173 παντὸς,
1418 5108 1624 5161 θεοῦντι
1652 5109 1712 5162 τὸ

126 5186 805 5266 πρόσλημμα.’σωζούσης
852 5199 951 5267 τῆς
1007 5196 1251 5261 ὲνώσεως
1304 5198 1372 5251 τά
1422 5199 1709 5265 ὲνωθέντα,

127 5288 362 5342 τοιαῦτα
396 5285 480 5342 οἷα
534 5291 734 5357 ἥνωται
758 5306 769 5319 ·
799 5291 857 5342 οὐ
892 5292 951 5342 τὸ
999 5290 1139 5344 θεῖον
1172 5290 1315 5359 λέγω
1351 5293 1527 5362 μόνον,
1576 5293 1714 5346 ἀλλὰ

216 5428 255 5457 π
289 5425 445 5479 Joan.
478 5443 566 5491 xx,
597 5430 687 5481 2‘3.
762 5430 807 5460 ’⁵
837 5429 997 5486 Joan.
1035 5447 1071 5493 ι,
1101 5432 1150 5496 Ι,
1191 5434 1277 5487 Μ.

134 5496 212 5575 ξίν
242 5496 672 5575 Litt-:_xx|\',39.
712 5500 789 5575 λζ’
834 5502 1084 5575 Ιιξρικ-ιι,
1130 5503 1213 5556 16.

327 5564 796 5641 3’J_n_ait..\tx.28.
901 5570 944 5601 ³⁸
984 5564 1139 5625 Joan.
1201 5590 1297 5641 ιιι,
1352 5576 1441 5628 27.

131 5632 364 5689 "Orat.
398 5636 485 5689 4:2.

1389 5436 1432 5465 ¹⁷
1468 5435 1600 5489 ἰιιὶιι.
1638 5438 1689 5489 I.

1298 5503 1341 5534 ³³
1376 5505 1538 5559 Marc.
1572 5523 1667 5569 νιι,
1703 5507 1798 5569 Ν,

1540 5576 1582 5606 ³³
1619 5568 1809 5631 Matth.
1844 5594 1991 5641 xxvi,
2065 5575 2153 5628 58.

1814 4586 2003 4634 carne,
2038 4584 2159 4640 quae
2185 4568 2297 4638 jam
2337 4568 2403 4621 ab
2430 4569 2551 4637 ipso
2580 4566 2834 4622 deificata
2867 4568 3054 4635 fuerit,
3092 4569 3261 4624 simul
3302 4580 3387 4623 at-

1814 4677 1922 4730 que
1957 4675 2082 4717 esse
2152 4658 2375 4729 incepit.
2410 4656 2529 4723 Quo
2556 4659 2761 4721 evenit,
2800 4669 2859 4713 ut
2894 4660 2999 4713 tria
3034 4660 3197 4715 simul
3240 4671 3390 4731 gesta

1815 4754 2043 4816 fuerint,
2083 4749 2413 4819 assumptio,
2445 4750 2722 4803 exstantia
2781 4758 2834 4805 et
2872 4750 3150 4806 deiﬁcatio
3191 4753 3387 4807 huma-

1813 4845 2025 4902 nitatis.
2060 4840 2380 4910 Assumptio
2412 4849 2465 4895 et
2494 4842 2821 4896 exsistentia
2856 4841 3173 4913 prodigiose
3222 4846 3388 4899 simul

1814 4945 2043 5010 patratis
2066 4943 2215 4996 sunt,
2240 4931 2420 4987 Verbo
2451 4934 2670 5001 quidem
2695 4942 3036 4998 assutncnte,
3062 4950 3230 4990 carne
3260 4953 3389 4991 vero

1819 5034 1874 5086 in
1914 5030 2146 5098 ipsoinet
2200 5025 2384 5079 Verbo
2433 5024 2770 5089 exsistente;
2817 5026 2990 5094 ipsius
3040 5026 3232 5095 utique
3290 5026 3385 5079 Dei

1818 5121 2113 5177 Genitricis
2173 5133 2360 5187 opera,
2419 5132 2539 5186 qum
2606 5116 2769 5169 modo
2821 5126 3016 5170 natura
3076 5118 3387 5173 sublimiori

1818 5212 2091 5283 praestitit,
2127 5218 2187 5263 ut
2221 5211 2431 5264 ellictor
2464 5208 2837 5277 ellingeretnr,
2902 5209 3181 5291 homoq‘ue
3231 5207 3386 5262 ﬁeret

1822 5301 1961 5355 Deus
1991 5309 2044 5354 et
2073 5290 2257 5370 cpite);
2290 5298 2556 5363 universi,
2605 5313 2633 5351 τι
2683 5315 2792 5369 quo
2848 5290 3135 5370 assumpta
3186 5308 3383 5354 natura

1816 5438 1859 5469 ⁸⁸
1895 5436 2082 5489 Matth.
2110 5451 2228 5496 rm,
2279 5435 2329 5488 5.
2405 5436 2449 5466 ’³
2481 5434 2650 5489 ICor.
2689 5450 2745 5499 II,
2803 5436 2855 5490 8.
2965 5436 3008 5467 ³ο
3036 5434 3195 5487 Joan.
3236 5450 3288 5494 κ,
3326 5435 3380 5486 8.

1888 5508 1931 5537 ³⁸
1969 5505 2098 5558 an.
2135 5521 2270 5562 χχιι,
2300 5505 2386 5556 42.
2468 5506 2511 5535 ³⁸
2549 5505 2733 5558 Matth.
2776 5523 2850 5569 tv,
2891 5506 2943 5558 Ξ.
3036 5506 3080 5535 ³⁸
3119 5502 3275 5556 Joan.
3323 5520 3381 5559 ιι.

2261 5576 2302 5603 ³ο
2332 5574 2497 5628 Marc.
2552 5592 2662 5637 xlv,
2705 5576 2791 5629 55.
2869 5573 2910 5605 ⁸⁸
2941 5572 3070 5627 Luc.
3109 5590 3263 5637 χλιιι,
3293 5574 3375 5624 Mi.

1435 5726 1657 5782 VARI/If".
1695 5728 2096 5785 LECTIONICS.

213 5823 241 5865 1
262 5808 422 5870 anr.
449 5814 576 5883 legit
604 5817 794 5884 πάτερ,
826 5825 880 5869 ut
902 5827 954 5870 et
978 5820 1208 5890 interpr.
1236 5821 1399 5875 Arab.
1467 5829 1487 5856 ι
1523 5819 1645 5874 ilaec
1670 5836 1701 5874 u

1820 5836 1848 5875 e
1873 5821 1938 5875 ad
1971 5822 2036 5874 δι’
2058 5820 2242 5891 αὐτῆς,
2287 5823 2471 5878 omisit
2495 5821 2820 5880 Turrianus.

432 5910 695 5969 Psrnoe.
738 5914 848 5973 de.
876 5916 1075 5975 XCIV.
