4156 6436
814 390 831 447 l
844 387 954 448 183'

1995 386 2055 442 ς.
2082 384 2397 443 JOANNIS
2444 387 2885 465 DAMASCENI_

3900 392 4021 460 ιω

807 492 1056 543 ucillcata
1113 488 1235 550 fuit,
1287 491 1485 541 unione
1538 495 1793 542 servante
1838 501 1961 555 qua}
1995 488 2148 539 unita
2203 498 2409 552 suntut

2458 492 2551 542 καὶ
2580 492 2639 543 τ’)
2670 494 3011 562 ἀνθρώπινον
3056 497 3147 548 τοῦ
3182 498 3415 566 Χριστοῦ
3464 500 3525 550 τὸ
3576 501 3728 568 ὑπὲρ
3767 502 3922 569 ἡμᾶς
3946 510 4024 555 ut

806 579 987 647 qualia
1040 578 1192 629 unita
1240 577 1419 639 fuere;
1474 592 1579 628 non
1630 578 1685 629 id
1720 578 1895 630 solum
1932 576 2076 643 quod
2109 577 2354 630 divinum

806 677 913 731 est,
950 669 1192 735 inquam;
1227 666 1320 719 sed
1355 668 1455 719 hoc
1484 667 1649 719 etiam
1686 666 1832 734 quod
1859 666 2157 719 humanum
2194 674 2277 723 est
2303 668 2358 721 in

806 758 1038 821 Christo,
1097 754 1243 823 quod
1290 755 1467 807 nostri
1507 755 1680 823 gratia
1733 764 1787 808 et
1835 754 1902 808 ad
1956 755 2127 809 instar
2176 755 2349 809 nostri

808 844 1017 897 habuit.
1073 841 1258 911 Neque
1292 842 1439 895 enim
1496 858 1619 895 cum
1675 842 1908 910 primum
1948 844 2122 897 nostri
2161 843 2359 898 similis

805 941 968 995 esset,
1003 932 1353 1000 postmodum
1409 946 1573 999 supra
1608 945 1707 983 nes
1742 930 1921 984 factus
1956 941 2076 985 est:
2107 933 2236 1000 quin
2263 946 2358 999 po.

807 1024 915 1075 tius
943 1039 1180 1091 semper,
1214 1031 1267 1075 et
1303 1037 1366 1075 ex
1394 1038 1501 1089 quo
1532 1021 1767 1088 primum
1797 1022 2031 1083 exstitit,
2064 1031 2359 1091 utrumque

2462 580 2583 631 καθ’
2618 584 2783 649 ἡμᾶς.
2819 583 2956 635 Οὔτε
2977 585 3083 653 γὰρ
3108 588 3390 653 γενόμενος
3417 587 3687 655 πρότερον
3718 590 3847 639 καθ’
3869 593 4021 658 ἡμᾶς,

2462 668 2684 739 ὕστερον
2740 672 2959 738 γέγονεν
3013 674 3151 743 ὑπὲρ
3190 677 3369 743 ἡμᾶς·
3405 676 3519 727 ἀλλ’
3554 678 3642 727 ἀεὶ
3690 677 3757 727 ὲκ
3818 676 4025 747 πρώτης

2462 758 2745 826 ὑπάρξεως
2775 762 2940 828 ἄμφω
2960 763 3170 831 ὑπῆρχε
3193 765 3280 816 διὰ
3316 765 3374 816 τὸ
3401 765 3460 828 ἐξ
3506 767 3687 833 ἄκρας
3716 766 4022 836 συλλήψει»,

2461 848 2518 897 ἐν
2544 847 2689 915 αὐτῷ
2716 848 2793 916 τῷ
2812 850 2968 919 Λόγῳ
2989 853 3087 920 τὴν
3118 852 3348 921 ὕπαρξιν
3371 856 3687 923 ἐσχηκέναι.
3728 856 4020 924 Ἀνθρώπι-

2460 950 2549 985 νον
2578 934 2675 1002 μὲν
2698 930 2789 987 οὖν
2819 939 2933 988 ἐστι
2970 940 3110 991 κατὰ
3131 939 3225 1009 τὴν
3250 941 3453 993 οἰκείαν
3474 942 3659 1008 φύσιν,
3684 941 3828 993 Θεοῦ
3863 943 3922 994 δὲ
3947 960 4023 996 και

2463 1020 2621 1085 θεῖον,
2640 1024 2948 1092 ὑπερφυῶς.
2998 1024 3003 1029 ’

812 1116 932 1180 fuit,
984 1114 1110 1182 quia
1150 1127 1179 1165 a
1219 1112 1602 1179 conceptionis
1654 1112 1776 1179 ejus
1822 1111 1978 1164 initio
2028 1112 2085 1164 in
2136 1112 2367 1180 ipsemet
2403 1110 2582 1166 Verbo
2608 1116 2990 1169 exsistentiam
3016 1115 3273 1173 habuere.
3302 1118 3457 1184 Quod
3528 1135 3665 1191 ergo
3734 1122 4023 1175 humanum

809 1216 912 1268 est,
952 1205 1253 1259 secundum
1288 1218 1441 1257 suam
1491 1214 1745 1257 naturam
1789 1204 2023 1267 exsistit,
2064 1204 2206 1273 quod
2239 1220 2370 1259 vero
2405 1204 2501 1260 Dei
2529 1215 2584 1261 et
2610 1207 2879 1272 divinum,
2913 1226 3079 1279 supra
3120 1221 3390 1266 naturam.

879 1297 965 1350 84.
1006 1295 1173 1349 Porro
1224 1300 1472 1349 sanctam
1528 1291 1805 1364 Virginem
1860 1295 2077 1362 proprie
2120 1309 2354 1362 vereque

808 1384 901 1438 Dei
944 1383 1169 1435 Matrem
1212 1381 1571 1448 praedicamus
1603 1399 1616 1434 :
1651 1383 1850 1450 quippe
1876 1396 2022 1447 cum,
2046 1383 2190 1437 sicut
2215 1383 2353 1436 Deus

807 1488 967 1529 verus
997 1480 1081 1525 est
1114 1471 1206 1539 qui
1253 1486 1318 1524 ex
1358 1485 1420 1523 ea
1450 1479 1612 1524 natus
1637 1478 1740 1535 est,
1780 1472 1860 1524 sic
1882 1486 2008 1525 vere
2038 1471 2204 1526 Mater
2235 1470 2351 1536 Dei,

804 1579 927 1633 quae
956 1564 1123 1616 Deum
1155 1576 1219 1614 ex
1271 1576 1329 1615 se
1361 1574 1581 1615 carnem
1623 1560 1827 1614 factum
1868 1561 2157 1631 pepererit.
2188 1562 2353 1631 Atqui

807 1653 971 1707 Deum
1001 1666 1064 1705 ex
1097 1652 1215 1718 ipsa
1264 1657 1451 1702 natum
1497 1662 1623 1703 esse
1668 1649 1869 1710 aimus.
1897 1664 2006 1703 non
2047 1657 2106 1703 ut
2135 1665 2201 1705 ex
2234 1650 2377 1721 ipsa'

803 1750 1056 1796 aeternam
1100 1739 1326 1793 Deitatis
1357 1738 1695 1792 exstantiam
1750 1738 2044 1808 acceperit,
2081 1741 2175 1795 sed
2207 1740 2351 1809 quod

2528 1296 2632 1351 τπδ’.
2668 1299 2779 1368 Τὴν
2827 1299 2885 1352 δὲ
2926 1302 3084 1369 ἁγίαν
3121 1302 3390 1371 Παρθένον
3437 1304 3646 1372 κυρίως
3696 1305 3799 1356 καὶ
3826 1306 4024 1373 ἁὶηθὰ

2458 1384 2717 1440 Θεοτόκον
2740 1391 3096 1460 κηρύττομεν.
3132 1393 3217 1454 Ὠς
3238 1393 3344 1461 γὰρ
3382 1393 3511 1454 Θεὸς
3539 1392 3761 1461 ἀληθὴς
3805 1396 3837 1445 ὁ
3861 1395 3921 1457 ἐξ
3947 1397 4025 1446 αῦ-

2456 1474 2556 1544 τῆς
2585 1479 2995 1547 γεγεννημένος,
3047 1478 3186 1533 οὕτω
3207 1481 3463 1544 Θεοτόκος
3484 1481 3719 1551 ἀληθὴς,
3754 1484 3790 1550 ὴ
3819 1481 3952 1533 Θεὸν
3977 1485 4025 1550 ἒξ

2456 1565 2625 1634 αὐτῆς
2656 1568 3064 1636 σεσαρκωμένον
3096 1570 3363 1638 κυήσασα.
3387 1570 3517 1622 Θεὸν
3540 1571 3600 1623 δέ
3628 1588 3830 1639 φαμεν
3860 1573 3920 1638 ἐξ
3944 1575 4025 1625 aii-

2455 1652 2555 1721 τῆς
2581 1655 2955 1723 γεγεννῆσθαι,
2984 1657 3081 1725 οὐχ
3114 1657 3190 1720 ὡς
3212 1660 3271 1723 ἐξ
3295 1659 3464 1723 αὐτῆς
3509 1661 3794 1730 ἐσχηκότα
3824 1662 3929 1731 τὴν
3958 1664 4026 1713 az-

2455 1742 2563 1797 διον
2590 1744 2689 1813 τῆς
2723 1745 2969 1816 θεότητος
3002 1746 3258 1815 ὓπαρξιν,
3293 1749 3407 1801 ἁλλ’
3438 1748 3512 1810 ὡς
3550 1751 3610 1813 ἐξ
3650 1752 3835 1819 αὐτῆς
3876 1755 4024 1821 dspi-

802 1848 866 1886 ει
904 1832 1022 1900 ipsa
1053 1831 1122 1885 sit
1144 1830 1469 1883 incarnatus
1504 1830 1622 1884 sine
1640 1830 2019 1894 conversione,
2050 1830 2358 1900 factusque,
2388 1815 2409 1870 1

2459 1852 2606 1897 πτως
2636 1815 2997 1909 σαρκωθέντα,
3020 1839 3112 1889 καὶ⁵
3140 1838 3423 1906 γενόμενον
3452 1840 3766 1911 ἄνθρωπον,
3787 1815 3895 1894 καὶ
3918 1815 4025 1910 γεν-

803 1929 855 1973 et
904 1919 1119 1988 genitus
1173 1919 1358 1981 homo,
1417 1917 1676 1971 Christus
1726 1933 1891 1982 unus,
1960 1917 2133 1973 Filius
2194 1935 2361 1986 unus,

804 2012 1074 2065 Dominus
1106 2025 1269 2072 unus,
1304 2009 1621 2079 hypostasis
1649 2023 1780 2072 una,
1812 2009 1954 2064 idem
1988 2010 2104 2078 ipse
2139 2008 2279 2064 Deus
2308 2018 2364 2064 ct

804 2104 985 2166 homo,
1031 2101 1123 2169 qui
1180 2101 1406 2153 alteram
1455 2098 1714 2153 Trinitati
1761 2113 2053 2167 personam
2108 2114 2221 2153 non
2275 2099 2361 2153 in-

805 2195 1035 2245 vexerit.

871 2282 959 2336 85.
979 2280 1248 2345 Quocirca
1268 2279 1630 2349 adjectionem
1657 2294 1872 2349 quoque
1893 2278 2147 2349 Trisagio
2160 2279 2360 2350 hymno

807 2370 1005 2423 factam
1036 2370 1409 2439 blasphemam
1440 2383 1561 2423 esse
1586 2368 1953 2433 decernimus,
1980 2383 2079 2423 ceu
2109 2384 2214 2439 qua
2241 2366 2360 2424 Tri-

803 2461 961 2513 nitati
995 2468 1188 2527 quarta
1227 2473 1466 2527 persona
1517 2459 1816 2521 inseratur,
1846 2467 1899 2512 et
1930 2460 2159 2514 seorsim
2198 2468 2360 2527 ponat

802 2549 1199 2602 subsistentem
1255 2546 1343 2601 Dei
1380 2548 1681 2609 virtutem,
1721 2549 2060 2615 scorsimque
2106 2563 2227 2601 eum
2266 2550 2358 2616 qui

800 2639 1096 2692 crucilixus
1127 2646 1231 2701 est,
1262 2651 1322 2690 ac
1353 2638 1399 2693 si
1442 2638 1583 2691 alius
1618 2637 1757 2691 foret
1788 2646 1984 2706 praeter
2035 2637 2189 2690 illum
2251 2639 2357 2706 [or-

803 2741 900 2782 tcm
938 2746 955 2782 :
994 2729 1078 2781 vel
1108 2743 1214 2795 qua
1244 2726 1491 2781 Trinitas
1529 2737 1721 2781 sancta
1771 2726 2024 2781 laudetur
2054 2742 2150 2781 ceu
2176 2729 2357 2796 passi-

802 2820 949 2883 bilis,
986 2832 1205 2887 unaque
1236 2831 1361 2870 cum
1390 2816 1528 2870 Filio
1561 2816 1918 2885 Cruciﬂgatur
1952 2816 2111 2869 Pater
2148 2824 2204 2870 et
2237 2816 2359 2885 Spi-

803 2906 942 2959 ritus
969 2912 1234 2959 sanctus:
1276 2904 1358 2956 vel
1406 2916 1513 2971 qua
1545 2901 1783 2971 denique
1847 2902 2087 2970 Spiritus
2132 2910 2357 2956 sanctus

803 2994 1135 3059 immortalis,
1174 2993 1457 3061 passibilis
1511 2993 1873 3061 signiﬁcetur.
1931 2991 2066 3044 Nam
2122 2993 2357 3061 hymnus

2459 1923 2706 1993 νηθέντα,
2759 1924 2855 1976 ἕνα
2894 1924 3145 1993 Χριστὸν,
3191 1926 3288 1979 ἕνα
3319 1926 3465 1991 Υίὸν,
3493 1928 3589 1980 Eva
3625 1928 3871 1998 Κύριον,
3910 1932 4025 1999 μίαν

2460 2014 2773 2077 ὑπόστασιν,
2825 2015 2914 2066 τὸν
2962 2015 3121 2067 αὑτὸν
3163 2016 3295 2068 Θεὸν
3346 2032 3405 2069 τε
3434 2019 3529 2070 καὶ
3581 2016 3912 2086 ἄνθρωπον,
3940 2020 4025 2087 οὐχ

2458 2103 2641 2173 ἕτερον
2670 2105 2729 2156 έν
2757 2107 2820 2173 τῇ
2852 2105 3037 2175 Τριάδι
3074 2108 3475 2177 παρεισάγοντα
3526 2109 3856 2177 πρόσωπον.

2528 2280 2632 2327 πε’.
2681 2274 2956 2329 Ἐντεῦθεν
2985 2278 3075 2330 καὶ
3127 2279 3185 2331 έν
3234 2278 3310 2348 τῷ
3364 2280 3643 2349 Τρισαγίῳ
3701 2282 4025 2352 προσθήκην

2460 2362 2774 2434 βλάσφημον
2794 2368 3104 2436 ὀριζόμεθα,
3126 2368 3199 2431 ὡς
3230 2370 3481 2439 τέταρτον
3509 2372 3567 2423 ὲν
3593 2370 3793 2441 Τριάδι
3826 2387 4025 2442 παρεν-

2456 2455 2692 2506 τιθεῖσαν
2713 2457 3019 2525 πρόσωπον,
3056 2460 3148 2511 καὶ
3174 2459 3277 2512 ἀνὰ
3304 2460 3465 2530 μέρος
3485 2460 3728 2512 τιθεῖσαν
3760 2461 3866 2513 τοῦ
3896 2462 4023 2513 Θεοῦ

2456 2544 2554 2612 τὴν
2583 2545 2937 2598 ἑνυπόστατον
2959 2547 3205 2616 δύναμιν,
3235 2550 3328 2600 καὶ
3366 2549 3467 2601 ἁνὰ
3508 2551 3675 2619 μέρος
3706 2550 3804 2602 τὸν
3840 2552 4025 2601 ἐσταυ-

2461 2634 2718 2705 ρωμένον,
2739 2636 2811 2697 ὼς
2843 2636 3000 2689 ἄλλον
3025 2638 3149 2689 ὄντα
3180 2639 3329 2706 παρὰ
3350 2639 3443 2691 τὸν
3470 2640 3746 2706 ἰσχυρὸν,
3780 2639 3819 2707 ἢ
3857 2639 4027 2707 παθη-

2456 2726 2554 2792 τὴν
2573 2724 2669 2793 τὴν
2696 2726 2857 2792 ἁγίαν
2879 2727 3081 2795 Τριάδα
3112 2728 3453 2790 δοξάζουσαν,
3482 2728 3578 2779 καὶ
3605 2727 4027 2790 συσταυροῦσαν

2455 2814 2532 2882 τῷ
2560 2814 2673 2882 Υίῷ
2709 2815 2799 2867 τὸν
2855 2816 3071 2885 Πατέρα
3117 2818 3210 2869 καὶ
3239 2816 3299 2868 τὸ
3346 2817 3565 2886 Πνεῦμα
3595 2819 3658 2868 τὸ
3688 2820 3876 2883 ἅγιον,
3906 2818 3939 2887 ἢ
3972 2818 4026 2868 τὸ

2456 2902 2676 2972 Πνεῦμα
2711 2903 2773 2955 τὸ
2816 2905 2967 2971 ἆγιον
3000 2905 3091 2957 καὶ
3136 2905 3466 2969 ἀθάνατον,
3507 2905 3749 2973 παθητὸν
3801 2907 4024 2958 ἀποδει-

2456 2991 2739 3043 κνύουσαν.
2779 2991 2836 3043 '0
2860 2992 2967 3060 γὰρ
2999 2991 3284 3062 Τρισάγιος
3316 2987 3467 3055 οὗτος
3498 2993 3685 3062 ὓμνος,
3715 2994 3894 3047 πάλαι
3928 2995 4025 3063 μὶν

802 3086 890 3139 hic
922 3082 1204 3152 Trisagius
1240 3082 1369 3135 olim
1397 3096 1426 3134 a
1459 3081 1664 3149 Spiritu
1702 3092 1894 3178 sancto
1928 3095 2023 3149 per
2048 3079 2352 3149 Seraphin),
2379 3118 2409 3178 ί

2457 3079 2559 3131 ὑπὸ
2578 3079 2669 3131 τοῦ
2705 3079 3016 3147 Πνεὺματος
3051 3080 3143 3132 τοῦ
3177 3082 3331 3147 ἁγίου
3363 3081 3452 3133 διὰ
3483 3083 3590 3133 τῶν
3618 3082 4023 3152 λειτουργικῶν

801 3172 1088 3225 ministros
1115 3170 1239 3237 ejus
1274 3170 1521 3238 spiritus,
1562 3170 1762 3222 videnti
1814 3167 1981 3223 Deum
2015 3168 2168 3222 Isaiae
2196 3184 2353 3222 reve-

803 3262 944 3316 latus
975 3269 1060 3315 cst
1090 3260 1157 3323 “,
1209 3274 1314 3331 quo
1353 3268 1467 3313 tres
1515 3257 1745 3312 Deitatis
1779 3258 2101 3328 hypostases
2156 3270 2355 3309 arcano

803 3352 964 3406 modo
990 3349 1439 3413 declarabantur,
1470 3361 1721 3414 unusque
1746 3346 2079 3407 dominatus,
2107 3355 2160 3399 et
2196 3344 2359 3415 519

803 3450 1021 3496 natura.
1052 3435 1211 3509 ‘lpse
1272 3438 1548 3506 siquidem
1603 3434 1770 3489 Isaias
1826 3450 1886 3489 se
1935 3434 2142 3488 vidisse
2189 3433 2354 3487 Deum

801 3542 856 3587 et
902 3532 1117 3585 Patrem
1171 3530 1280 3592 ait;
1330 3528 1574 3581 Joannes
1626 3540 1758 3579 vero
1803 3522 2109 3593 Theologus
2156 3524 2356 3578 Filium

802 3625 849 3677 ei
888 3606 1294 3673 manifestatum
1335 3617 1411 3668 ait
1458 3616 1539 3678 u*;
1581 3614 1781 3668 Paulus
1832 3604 2089 3682 denique,
2140 3614 2354 3667 divinus

805 3712 896 3766 ille
932 3710 1237 3778 apostolus,
1293 3705 1837 3786 Spiritumsanctum
1874 3704 1940 3756 ⁸⁸.
1978 3702 2116 3757 llinc
2163 3718 2355 3757 omnes

806 3799 982 3853 sancti
1024 3797 1219 3864 Patres
1252 3804 1335 3848 ter
1374 3804 1623 3849 sanctum
1648 3793 1794 3846 hunc
1822 3792 2082 3865 hymnum
2122 3791 2190 3845 de
2224 3807 2357 3846 san-

803 3904 887 3943 cta
962 3889 1231 3942 Trinitate
1297 3893 1649 3954 acceperunt.
1713 3883 1983 3948 Quocirca
2060 3881 2356 3953 Gregorius

805 3980 1109 4048 Theologus
1144 3977 1221 4029 ait
1263 3992 1277 4028 :
1316 3993 1334 4026 ι
1365 3974 1476 4027 Hoc
1508 3983 1672 4043 pacto
1699 3974 1884 4041 itaque
1921 3980 2107 4027 sancta
2138 3982 2358 4027 sancto-

807 4085 922 4123 rum
958 4084 1076 4137 qua:
1104 4081 1129 4119 a
1165 4064 1485 4134 Seraphinis
1517 4064 1869 4133 obteguntur,
1899 4064 2357 4132 celebranturque

807 4162 980 4213 tribus
1008 4154 1317 4213 sanctitatis
1352 4153 1863 4215 acclamationibus,
1900 4153 1954 4205 in
1990 4168 2149 4205 unam
2183 4154 2352 4206 domi-

807 4250 1078 4302 nationem
1107 4245 1479 4311 Deitatemque
1528 4250 1749 4307 coeunt,
1782 4243 1848 4296 de
1893 4257 1999 4310 quo
2031 4242 2171 4296 alius
2205 4243 2357 4312 quis-

806 4342 944 4407 piam
1000 4346 1122 4389 ante
1152 4350 1251 4408 nos
1284 4334 1495 4403 egregie
1539 4331 1829 4385 admodum
1860 4340 1912 4385 et
1938 4333 2203 4386 altissime
2238 4333 2354 4401 phi-

808 4430 1119 4495 l050p‘iattls
1143 4434 1251 4478 est.
1291 4441 1309 4474 ι

880 4518 958 4572 8t}.
1018 4515 1208 4567 Fertur
1261 4511 1316 4564 in
1349 4511 1503 4564 libris
1552 4509 1847 4573 historicis,
1885 4506 2078 4560 Proclo
2128 4508 2357 4576 patriar-

808 4609 911 4661 cha
942 4601 1574 4669 Constantinopolitano,
1618 4614 1737 4652 cum
1786 4598 2021 4666 populus
2078 4598 2190 4649 illic
2230 4612 2359 4664 sup-

809 4702 1028 4768 plicaret
1077 4702 1298 4765 pr0pter
1355 4691 1449 4744 Dei
1497 4689 1785 4759 quamdam
1856 4688 2359 4751 comminationem,

810 4798 1019 4858 raptum
1056 4802 1088 4841 e
1115 4786 1267 4854 plebe
1320 4797 1566 4852 puerum,
1605 4782 1859 4867 hy‘mnum
1898 4780 2213 4847 hujusmodi
2258 4794 2358 4831 an-

809 4878 945 4945 gelis
976 4873 1299 4927 docentibus
1344 4869 1644 4923 didicisse:
1675 4865 1909 4920 'Sanclus
1946 4867 2099 4930 Deus,
2140 4876 2352 4939 sanctus

809 4968 986 5033 fortis,
1020 4972 1231 5017 sam-lus
1281 4959 1619 5020 inmortalis,
1665 4959 1909 5011 miserere
1967 4958 2152 5019 nobis;
2195 4972 2354 5025 quem

810 5062 968 5111 etiam
1010 5070 1201 5110 canere
1232 5054 1420 5123 jussus
1469 5059 1571 5105 est.
1619 5050 1672 5104 ld
1714 5052 1854 5119 quod
1894 5052 2187 5104 revelatum
2239 5058 2356 5103 erat

811 5145 1154 5200 Confirmavit
1207 5151 1432 5197 eventus
1482 5160 1495 5193 :
1551 5141 1713 5195 simul
1775 5142 1919 5194 enim
1988 5148 2150 5209 atque
2214 5142 2355 5194 ceci-

813 5242 1030 5298 nerunt,
1063 5237 1139 5285 ira
1183 5231 1437 5285 cessavit.
1470 5231 1634 5298 Atqui
1692 5230 1830 5282 hanc
1866 5244 1984 5283 esse
2033 5230 2214 5298 hymni
2250 5230 2351 5280 vim

2453 3168 2616 3222 αὑτοῦ
2655 3170 2976 3239 πνευμάτων
3008 3170 3112 3221 τῶν
3156 3171 3403 3241 Σεραφὶμ
3436 3171 3513 3239 τῷ
3555 3172 3760 3241 θεόπτῃ
3826 3174 4025 3242 Ἠσαῖᾳ

2456 3255 2940 3327 μεμυσταγώγητο,
2961 3257 3057 3319 τὰς
3083 3258 3228 3326 τρεῖς
3270 3258 3588 3320 ὑποστάσεις
3616 3257 3719 3325 τῆς
3743 3258 4021 3327 Θεότητος

2457 3344 2733 3415 μυστικῶς
2760 3346 3109 3413 ἐμφαίνοντος
3148 3358 3173 3385 ι
3198 3388 3212 3411 ,
3257 3347 3353 3398 καὶ
3386 3347 3483 3416 τὴν
3520 3347 3647 3415 μίαν
3693 3348 4022 3417 κυριότητα,

2456 3434 2547 3487 καὶ
2590 3434 2767 3501 φύσιν.
2800 3434 2969 3494 Αὐτὸς
3004 3434 3100 3502 μὲν
3152 3435 3257 3502 γὰρ
3285 3434 3313 3486 ὁ
3353 3436 3571 3497 Ἡσαΐας
3606 3434 3699 3487 τὸν
3743 3436 3890 3488 Θεὸν
3932 3438 4023 3489 καὶ

2455 3523 2673 3594 Πατέρα
2698 3522 2800 3589 ἐφη
2828 3522 3129 3589 ἑωρακέναι
3147 3538 3160 3551 ·
3185 3524 3211 3574 ὀ
3244 3522 3496 3589 Θεολόγος
3546 3524 3600 3575 δὲ
3642 3525 3909 3593 Ἰωάννης
3936 3526 4023 3576 re»

2456 3612 2581 3665 Υίὸν
2637 3612 2781 3681 αὐτῷ
2830 3612 2932 3681 ἔφη
2983 3612 3462 3678 ἁποκεκαλύφθαι·
3520 3614 3727 3675 Παῦλος
3786 3615 3850 3666 δὲ
3886 3616 4021 3677 θεῖος

2454 3701 2761 3766 ἀπόστολος,
2797 3700 2856 3752 τὸ
2913 3700 3129 3768 Πνεῦμα
3157 3701 3216 3752 τὸ
3245 3701 3417 3767 ἅγιον.
3469 3702 3744 3753 Ἐντεῦθεν
3807 3705 3962 3766 ἅπας
3999 3708 4022 3756 6

2453 3793 2558 3845 τῶν
2585 3792 2753 3858 ἁγίων
2801 3792 3058 3861 Πατέρων
3095 3792 3278 3860 ἐσμὸς,
3336 3794 3412 3853 είς
3444 3794 3542 3860 τὴν
3590 3794 3755 3860 ἁγίαν
3815 3795 4022 3862 Τριὰδα

2455 3880 2636 3932 τοῦτον
2663 3881 2751 3932 τὸν
2781 3881 3069 3948 Τρισὰγιον
3122 3880 3461 3948 ὲξειλήιξασιν
3501 3882 3683 3951 ὕμνον.
3716 3886 3869 3953 Φησὶ
3896 3886 4020 3949 γοῦν

2457 3971 2484 4021 ὁ
2513 3970 2765 4035 Θεοὶόγος
2799 3969 3092 4037 Γρηγόριος
3112 3985 3134 4001 ι
3165 3970 3344 4022 ιΟῦτω
3376 3971 3473 4039 μὲν
3500 3967 3588 4023 οὖν
3610 3973 3679 4023 τὰ
3713 3974 3892 4038 Ἀγια
3918 3975 4019 4025 τῶν

2456 4059 2642 4127 ἁγίων,
2669 4059 2703 4111 ἃ
2731 4060 2823 4111 καὶ
2846 4062 2955 4121 τοῖς
2984 4060 3228 4128 Σεραφὶμ
3253 4061 3705 4127 συγκαλύπτεται,
3733 4065 3840 4116 καὶ
3872 4064 4019 4127 δοξα-

2456 4150 2605 4212 ζεται
2634 4148 2807 4217 τρισὶν
2854 4150 3137 4218 ᾲγιασμοίς
3178 4150 3251 4210 εί,
3285 4150 3411 4218 μίαν
3448 4150 3685 4203 συνιοῦσι
3717 4156 4019 4222 κυριότητα

2456 4256 2513 4291 τε
2558 4239 2649 4291 καὶ
2689 4240 2924 4308 Θεὸτητα
2942 4256 2955 4268 ·
2984 4239 3013 4291 ὂ
3045 4241 3135 4290 καὶ
3163 4239 3303 4308 ἄλλῳ
3339 4241 3442 4291 τινὶ
3470 4240 3574 4291 τῶν
3599 4242 3709 4309 πρὸ
3732 4244 3901 4310 ἡμῶν
3928 4262 4019 4293 περ

2458 4331 2807 4399 φιλοσόφηται
2840 4331 3095 4383 κάλλιστὰ
3123 4349 3179 4382 τε
3210 4332 3303 4382 καὶ
3324 4330 3649 4399 ὑψηλότατα,
3682 4331 3746 4383 ἐκ
3791 4349 3941 4394 τινος
3967 4334 4015 4383 δὲ

2390 4430 2431 4485 [)
2459 4421 2606 4481 θείας
2631 4421 3037 4489 ἀποκαλύψεως.

2529 4514 2643 4577 πς’.
2682 4516 2743 4565 Ai
2781 4517 3048 4582 ἱστορικαὶ
3075 4514 3447 4581 διαγορεύουσι
3486 4513 3681 4581 βίϐλοι,
3723 4516 3828 4565 ἐπὶ
3881 4514 4013 4581 Πρέ-

2459 4604 2583 4657 κλου
2611 4604 2891 4674 προέδρου,
2928 4602 3576 4665 Κωντταντινουπόλεως,
3636 4603 4015 4665 λιτανεύοντας

2461 4693 2551 4746 τοῦ
2587 4693 2771 4745 αὐτόθι
2804 4694 2930 4746 λαοῦ
2965 4693 3049 4745 διά
3074 4711 3189 4746 τινα
3230 4694 3485 4761 θεήλατον
3532 4692 3793 4760 ἀπειλὴν,
3845 4696 4011 4761 ἁφαρρ

2464 4783 2702 4851 παγῆναι
2726 4784 2814 4836 τοῦ
2844 4783 2972 4835 λαοῦ
3001 4784 3225 4847 παιδίον,
3277 4784 3369 4834 καὶ
3408 4783 3495 4833 τὸν
3531 4781 3702 4850 ὕμνον
3739 4783 3897 4835 οὕτω
3942 4786 4012 4833 δι-

2464 4873 2718 4941 δαχθῆναι
2765 4872 2854 4924 ὑπ’
2890 4872 3179 4941 ἀγγελικῆς
3200 4888 3340 4933 τινος
3361 4870 3748 4941 μυσταγωγίας
3777 4888 3789 4899 ·
3819 4874 4015 4939 Ἀτίας

2464 4964 2493 5013 ό
2522 4960 2681 5025 Θεὸς,
2706 4960 2865 5027 ἅγιος
2897 4960 3139 5027 ἰσχυρὸς
3159 4998 3173 5021 ,
3216 4957 3376 5027 ἅγιος
3408 4957 3723 5021 ἀθάνατος,
3754 4960 4014 5023 ἐλέησε)-

2465 5048 2637 5116 ἠμὰς,
2668 5051 2759 5101 καὶ
2789 5049 3139 5117 κελευσθῆναι
3170 5050 3331 5118 ᾄδειν.
3367 5046 3641 5114 Ἐκύρωσε
3675 5047 3862 5116 δὲτὴν
3886 5049 4011 5099 ἁπτ-

2460 5138 2686 5206 κά).υψιν
2721 5141 2751 5206 ἡ
2788 5138 3046 5209 σύντομος
3099 5139 3351 5200 ἔκϐασις·
3399 5138 3511 5206 ἅμα
3542 5137 3652 5205 γὰρ
3712 5131 3882 5208 ᾖσαν.
3929 5140 4011 5189 καὶ

2460 5229 2723 5280 ἐκόπασεν
2756 5230 2787 5297 ή
2817 5229 2973 5298 ὀργή.
2997 5229 3175 5297 Φαμὲν
3206 5228 3259 5279 δὲ
3288 5226 3487 5295 ταύτην
3518 5222 3660 5278 εἶναι
3709 5226 3811 5277 τοῦ
3845 5226 4004 5296 ὕμνου

880 5408 923 5438 ⁸³
962 5407 1131 5470 lsa.v,
1170 5408 1190 5457 1
1225 5420 1374 5474 seqq.
1450 5400 1667 5457 "Joan.
1709 5402 1909 5468 xn,4l.
1987 5403 2027 5434 "
2059 5390 2179 5456 A'ct.
2222 5416 2414 5465 xxviii,
2446 5400 2535 5452 9.3.

2088 5558 2125 5611 V'
2138 5560 2316 5613 Alli/1'2
2359 5558 2751 5637 ιζοΤιυΝΕδ.

901 5648 914 5663 ³
943 5650 1062 5719 Leg.
1098 5652 1397 5720 ἑμςξαίνων.
