4156 6436
169 438 304 502 1485

1418 435 1714 498 CONTRA
1746 431 2148 499 JACOBITAS
2172 473 2186 488 .

3270 420 3406 489 1486

158 548 261 616 τὴν
295 543 548 613 δύναμιν⁸
582 543 773 612 Ἄγιος
809 544 843 596 ό
873 540 1036 606 Θεὸς,
1059 543 1086 594 6
1125 539 1316 610 Πατὴο
1349 539 1408 602 ἐξ
1445 534 1507 593 οὗ
1537 540 1670 602 Θεὸς
1701 543 1730 594 6

1844 553 2162 608 sensumque
2191 537 2449 592 dicimus.
2482 533 2710 588 Sanctus
2749 531 2888 587 Deus
2913 573 2926 596 ,
2961 530 3122 585 Pater
3159 530 3407 595 scilicet,

161 634 312 699 Υἱὸς,
344 633 437 686 καὶ
467 632 598 694 Θεὸς
626 633 687 688 τὸ
717 630 943 703 Πνεῦμα
969 631 1030 683 τὸ
1048 630 1203 698 ἆγιον
1225 647 1239 660 ο
1277 629 1442 697 ἅγιος
1462 630 1730 697 ὶσχνιιρὸς,

157 730 190 780 6
227 726 369 787 Υἱὸς,
429 727 464 794 ἡ
514 725 610 776 τοῦ
651 724 861 794 Πατρὸς
922 722 1084 791 σοφία
1135 724 1232 775 καὶ
1271 719 1532 790 δύναμις·
1567 720 1737 789 ἅγιος

158 815 459 881 ἀθάνατος
479 855 494 879 ,
521 816 583 868 τὸ
612 814 833 884 Πνεῦμα
859 814 919 866 τὸ
947 814 1104 881 ἅγιον
1124 828 1136 842 ·
1169 814 1229 866 τὸ
1258 813 1478 882 Πνεῦμα
1495 813 1601 883 γάρ
1620 815 1735 863 ἐστι

157 910 238 961 τὰ
279 907 598 972 ζωοποιοῦν,
663 908 759 971 καὶ
785 909 814 959 ὁ
847 925 866 957 ι
903 906 1066 976 νόμος
1109 905 1205 958 τοῦ
1265 905 1582 976 Πνεῦματος
1636 903 1737 973 τῆς

159 1002 334 1074 ζωῆς.
371 1022 387 1054 ι
427 1004 586 1057 Καὶὸ
622 987 923 1074 Θέοπὰτωρ
960 1002 1146 1055 Δαοίδ-
1172 1022 1191 1054 ε
1225 1001 1733 1074 Ἐδίψησενήψυχή

161 1112 269 1164 μου
297 1094 432 1165 πρὸς
463 1095 554 1148 τὸν
579 1094 731 1155 Θεὸν,
764 1094 855 1146 τὸν
889 1093 1125 1165 ἰσχυρὸν,
1161 1095 1250 1148 τὸν
1273 1095 1470 1159 ζῶντα.
1497 1115 1514 1146 ι
1552 1094 1737 1147 Ταῦτα

157 1184 219 1236 δὲ
253 1185 503 1256 λέγομεν,
533 1184 593 1237 οὐ
645 1185 806 1254 μόνον
856 1182 936 1252 τῷ
988 1185 1162 1256 Πατρὶ
1206 1183 1612 1255 περιορίζοντες
1636 1183 1737 1251 τὴν

157 1275 412 1346 θεότητα,
447 1275 568 1328 οὐδὲ
600 1275 745 1346 μόνῳ
770 1274 847 1345 τῷ
878 1274 992 1346 Υἱῷ
1015 1276 1112 1346 τὴν
1139 1275 1389 1344 δύναμιν,
1418 1276 1450 1346 ἢ
1484 1275 1582 1346 τὴν
1607 1272 1739 1328 ἀθα-

157 1366 355 1419 νασίαν
392 1366 537 1436 μόνῳ
596 1363 676 1436 τῷ
721 1363 1020 1436 Πνεύματι,
1081 1364 1208 1417 ἀλλ’
1244 1365 1328 1434 ἐφ’
1363 1367 1600 1437 ἑκάστης
1630 1367 1740 1420 τῶν

160 1459 520 1511 ὑποστάσεων
546 1457 723 1520 πάσας
748 1457 845 1521 τὰς
867 1456 1169 1526 θεωνυμίας
1199 1457 1384 1520 ἁπλῶς
1415 1459 1509 1512 καὶ
1524 1460 1738 1524 ἑνιαίως

159 1547 556 1616 λαμϐάνοντες,
611 1545 703 1599 τὸν
746 1545 887 1599 θεῖον
951 1545 1275 1598 ’Δπόστολον
1343 1547 1738 1618 ἐκμιμούμενοι

160 1639 446 1707 φάσκοντα
467 1653 482 1667 ’
523 1655 541 1687 ι
591 1635 755 1704 Ἡμῖν
789 1635 847 1688 δὲ
897 1629 976 1698 εἷς
1035 1634 1166 1698 Θεὸς
1197 1637 1223 1688 6
1247 1636 1457 1706 Πατὴρ,
1493 1635 1552 1700 ἐξ
1575 1631 1636 1690 οὗ
1671 1638 1739 1691 τὰ

163 1730 372 1792 πάντα,
399 1729 493 1780 καὶ
520 1727 681 1797 ἡμεῖς
737 1723 799 1789 ἐξ
849 1724 1014 1778 αὑτοῦ
1042 1725 1070 1765 b
1096 1741 1109 1754 °
1144 1726 1238 1779 καὶ
1271 1719 1352 1785 εἷς
1382 1725 1586 1796 Κύριος
1629 1727 1736 1798 Ἰη-

159 1817 296 1881 σοῦς
312 1816 561 1886 Χριστὸς,
592 1814 659 1867 δι’
688 1810 749 1866 οὗ
778 1813 846 1867 τὰ
875 1813 1074 1876 πάντα,
1114 1815 1208 1867 καὶ
1237 1815 1399 1883 ἡμεῖς
1429 1815 1496 1867 δι’
1533 1816 1731 1869 αὐτοῦ·

1836 646 1903 685 ex
1927 643 2034 700 quo
2055 628 2194 685 Deus
2214 627 2407 690 Filius,
2435 627 2687 696 Deusque
2715 623 2958 694 Spiritus
2985 630 3236 678 sanctus.
3264 622 3403 678 San-

1836 732 1950 777 ctus
1985 722 2166 790 fortis,
2196 719 2386 783 Filius,
2418 719 2690 787 sapientia
2720 715 2903 770 Patris
2933 723 2985 768 et
3016 715 3192 770 virtus
3221 732 3234 768 :
3269 714 3410 769 San—

1837 823 1950 867 ctus
1985 812 2327 879 immortalis,
2360 809 2600 880 Spiritus
2654 815 2916 870 sanctus;
2963 814 3150 874 utpote
3184 805 3276 875 qui
3327 806 3409 858 vi-

1836 903 2031 959 vilicus
2057 903 2162 970 sit;
2188 885 2406 974 estque,
2438 921 2456 954 ι
2476 901 2559 956 lex
2591 897 2832 970 Spiritus
2860 899 2986 952 vitm
3013 897 3080 950 ".
3107 916 3125 948 ι
3155 897 3410 964 Quinimo
3469 933 3472 936 λ

1841 996 2142 1065 Deiparens
2173 995 2343 1050 David
2381 1013 2396 1049 :
2433 1013 2452 1047 ι
2493 993 2679 1048 Sitivit
2715 991 2896 1046 anima
2936 1006 3080 1054 mea,
3109 989 3309 1059 inquit,
3343 992 3409 1046 ad

1837 1085 2008 1143 Deum
2045 1085 2544 1151 fortem,vivum".
2567 1099 2586 1133 ι
2612 1082 2768 1150 Quod
2817 1081 3038 1152 quidem
3081 1097 3109 1135 a
3142 1081 3300 1136 nobis
3328 1083 3414 1136 di-

1837 1186 1989 1234 ctum
2013 1194 2123 1234 non
2156 1179 2248 1243 sit,
2280 1186 2341 1233 ut
2365 1178 2420 1234 in
2449 1179 2568 1234 solo
2589 1177 2754 1232 Patre
2778 1177 3045 1232 divinitas
3066 1177 3416 1232 circumscri-

1827 1271 2092 1336 batur,in
2116 1273 2237 1328 solo
2260 1269 2423 1337 Filio,
2444 1270 2646 1334 virtus,
2677 1279 2731 1325 et
2759 1269 2813 1324 in
2833 1271 2952 1325 solo
2983 1267 3190 1339 Spiritu
3218 1278 3415 1324 sancto

1839 1365 2227 1421 immortalitas
2250 1382 2265 1432 ;
2287 1365 2420 1435 quin
2457 1365 2644 1435 potius
2673 1364 2726 1418 in
2755 1378 3087 1432 unaquaque
3130 1362 3416 1434 hypostasi

1837 1462 2037 1509 cuncta
2072 1457 2293 1511 nomina
2311 1456 2496 1510 divina
2521 1454 2850 1524 simpliciter
2872 1463 2928 1507 et
2953 1453 3308 1522 singulariter
3324 1467 3418 1505 ac-

1837 1549 2096 1619 cipimus,
2143 1549 2464 1618 Apostolum
2487 1547 2703 1614 imitati,
2740 1545 2833 1600 ubi
2873 1545 2978 1599 ait:
3013 1543 3416 1599 «Nobisautem

1841 1656 1983 1697 unus
2009 1640 2152 1696 Deus
2181 1640 2358 1704 Pater,
2390 1655 2456 1694 ex
2488 1654 2599 1708 quo
2631 1637 2816 1693 omnia
2837 1644 2889 1691 et
2908 1650 3008 1690 nos
3026 1651 3090 1690 ex
3111 1636 3231 1705 ipso
3254 1633 3329 1700 “;
3363 1644 3418 1688 et

1838 1748 1982 1787 unus
1997 1730 2267 1784 Dominus
2300 1728 2466 1784 Jcsus
2490 1728 2771 1791 Christus,
2804 1743 2901 1796 per
2924 1741 3086 1797 quem
3123 1725 3331 1787 omnia,
3361 1733 3417 1778 et

1840 1836 1942 1877 nos
1986 1835 2084 1891 per
2113 1821 2293 1889 ipsum
2327 1819 2372 1851 ⁸ο
2399 1836 2412 1884 ;
2447 1828 2500 1873 ct
2528 1833 2670 1873 unus
2700 1818 2935 1887 Spiritus
2967 1819 3286 1878 sanctus.in
3311 1832 3419 1886 quo

159 1911 264 1964 καὶ
290 1910 348 1962 ἓν
373 1907 592 1978 Πνεῦμα
643 1905 818 1974 ἅγιον,
856 1906 912 1958 ὲν
940 1901 984 1972 ᾧ
1014 1906 1083 1958 τὰ
1125 1909 1323 1981 πᾴνοα.
1360 1909 1453 1960 καὶ
1484 1909 1646 1978 ἡμεῖς
1679 1910 1736 1962 ἐν

1844 1912 2028 1966 omnia
2073 1917 2128 1965 et
2156 1925 2258 1964 nos
2304 1908 2357 1963 in
2392 1910 2534 1978 ipso.
2587 1928 2605 1962 ι
2652 1907 2764 1963 Imo
2817 1907 3142 1980 Gregorium
3200 1924 3420 1979 quoque

157 2004 316 2071 αὑτῷ
347 2013 397 2056 ο.
425 2020 444 2053 ι
475 2001 550 2054 Οὐ
585 1998 690 2070 μὴν
715 1998 853 2052 ἀλλὰ
879 1999 973 2051 καὶ
1009 1998 1101 2052 τὸν
1131 1985 1392 2066 Θεολογον
1437 2000 1738 2071 Γρηγόριον

157 2090 271 2163 (pag
301 2113 375 2166 πη
402 2094 675 2163 λέγονταοι
699 2093 858 2161 Ἡμῖν
883 2091 937 2144 δὲ
955 2088 1036 2155 εἷς
1063 2091 1194 2154 Θεὸς
1223 2093 1251 2144 ὁ
1267 2091 1477 2162 Πατὴρ,
1495 2092 1555 2157 ἐξ
1585 2088 1646 2145 οὗ
1670 2092 1739 2146 τὰ

162 2190 371 2254 πάντα,
432 2191 529 2242 καὶ
557 2185 637 2249 εἷς
674 2186 876 2255 Κύριος
940 2182 1146 2255 Ἰησοῦς
1196 2183 1450 2255 Χριστὸς,
1483 2183 1551 2236 δι’
1571 2177 1635 2238 οὗ
1672 2183 1742 2236 τὰ

162 2283 366 2344 πάντα,
392 2280 488 2333 καὶ
518 2279 576 2330 ἓν
636 2277 861 2349 Πνεῦμα
902 2276 1078 2346 ἅγιον,
1106 2279 1163 2330 ὲν
1201 2270 1244 2344 ᾧ
1294 2275 1364 2329 τὰ
1396 2275 1573 2329 πάντα
1597 2292 1612 2307 ⁸
1645 2276 1739 2329 τοῦ

162 2371 224 2436 ἐξ
249 2365 446 2434 οὗ,καὶ
473 2369 538 2421 δι’
568 2362 651 2433 οὗ,
683 2367 779 2420 καὶ
819 2367 877 2419 ὲν
929 2359 995 2432 ᾧ,
1039 2365 1114 2437 μὴ
1163 2365 1355 2435 φύσεις
1409 2365 1738 2433 τεμνόντων,

161 2463 307 2516 ἀλλὰ
335 2460 848 2532 χαρακτηριζόντων
883 2459 1012 2528 μιᾶς
1057 2461 1151 2511 καὶ
1186 2457 1496 2528 ἁσυγχύτου
1525 2456 1741 2527 φύσεως

165 2557 468 2623 ἰδιότητας.
505 2572 522 2604 ι

241 2647 350 2710 σις’.
376 2645 554 2709 Γέλως
577 2639 670 2699 οὖν
697 2645 866 2707 ὅντως
913 2643 1008 2697 καὶ
1050 2644 1322 2710 παίγνιον,
1357 2645 1454 2714 τὴν
1483 2643 1548 2697 δι’
1578 2643 1743 2711 ἀγγέ-

163 2741 278 2792 λων
336 2737 638 2809 μυηθεῖσαν
691 2734 956 2805 πρότερόν
997 2752 1056 2787 τε
1116 2735 1212 2788 καὶ
1246 2733 1490 2804 ὕστερον,
1537 2737 1630 2787 καὶ
1675 2737 1742 2805 τῇ

163 2831 270 2899 τῆς
297 2828 589 2897 ἐπαγωγῆς
623 2826 774 2897 λήξει
798 2825 1184 2889 πιστωθεῖσαν,
1212 2827 1304 2879 καὶ
1332 2829 1397 2896 τῇ
1433 2825 1541 2878 τῶν
1573 2827 1744 2893 ἁγίων

169 2918 433 2988 Πατέρων
469 2916 746 2986 μαρτυρίᾳ
770 2913 1160 2984 βεϐαιωθεῖσαν
1185 2915 1465 2985 τρισὰγιον
1490 2914 1652 2985 ᾠδὴν,
1672 2917 1745 2977 ὼς

166 3011 274 3079 τῆς
305 3012 430 3082 μιᾶς
477 3009 910 3081 τρισυποστᾶτου
955 3008 1218 3077 Θεότητος
1278 3009 1638 3079 ὲμφαντικὴν,
1679 3011 1744 3078 τῇ

166 3103 267 3155 τοῦ
290 3104 550 3170 Κναερέως
605 3095 716 3153 οἷον
780 3100 1232 3181 καταπατηθῆναι
1292 3100 1473 3170 ἀλόγῳ
1526 3102 1743 3171 οἰήσει·

1841 2001 2176 2072 Theologum
2231 2001 2306 2054 ita
2365 2001 2721 2070 loquentem:
2762 2018 2781 2052 ι
2845 1999 3018 2056 Nobis
3058 2008 3237 2055 autem
3274 2017 3419 2055 unus

1842 2095 1986 2151 Deus
2033 2093 2195 2150 Pater
2222 2109 2288 2149 ex
2315 2110 2428 2163 quo
2461 2095 2671 2158 omnia,
2704 2102 2758 2147 et
2787 2108 2930 2146 unus
2961 2093 3228 2148 Dominus
3256 2091 3418 2148 Jesus

1841 2186 2099 2242 Christus
2137 2200 2232 2256 per
2275 2200 2438 2255 quem
2469 2185 2695 2250 omnia;
2727 2193 2779 2240 et
2818 2201 2960 2239 unus
3012 2183 3252 2254 Spiritus
3293 2200 3419 2240 san-

1842 2288 1964 2336 ctus
1991 2319 2006 2345 ,
2040 2278 2095 2333 in
2130 2293 2241 2348 quo
2267 2278 2472 2332 omnia.
2506 2295 2524 2328 ι
2568 2277 2703 2331 Illud
2733 2293 2797 2330 ex
2825 2293 2948 2348 quo,
2988 2286 3042 2332 et
3069 2292 3162 2345 per
3189 2293 3338 2346 quem
3365 2288 3419 2332 et

1841 2375 1896 2425 in
1951 2387 2087 2441 quo,
2125 2378 2352 2424 naturas
2407 2383 2519 2423 non
2567 2367 2976 2432 scindentibus,
3021 2369 3117 2422 sed
3177 2367 3421 2438 proprie—

1842 2472 1986 2519 tates
2041 2461 2483 2533 exprimentihus
2541 2462 2710 2516 unius
2767 2469 2822 2515 et
2872 2477 2982 2515 non
3021 2458 3271 2516 confusa:
3319 2474 3417 2514 na-

1843 2567 2000 2611 tum.
2044 2575 2062 2607 ι

1913 2649 2002 2704 87.
2039 2647 2352 2705 Ridiculum
2384 2661 2518 2716 ergo
2557 2655 2644 2702 est
2673 2653 2728 2700 et
2776 2645 3049 2700 ludicrum
3079 2683 3095 2707 ,
3143 2643 3417 2712 canticum

1846 2739 2182 2811 Trisagium,
2221 2739 2368 2809 quod
2412 2738 2592 2807 angeli
2643 2737 2776 2790 olim
2817 2736 3285 2807 postmodumque
3318 2737 3420 2790 do-

1845 2840 2102 2895 cuerunt,
2129 2834 2276 2900 quod
2319 2831 2562 2886 cessatio
2598 2829 2816 2885 inﬂicta:
2869 2831 3040 2901 plagae
3085 2830 3422 2899 comproba-

1845 2927 1945 2990 vit,
1975 2925 2120 2995 quod
2156 2925 2335 2980 sancti
2389 2923 2580 2980 Patres
2623 2924 2942 2978 testimonio
2979 2938 3079 2977 suo
3131 2924 3425 2977 conlirma-

1848 3025 2018 3078 runt,
2079 3016 2429 3070 Divinitatem
2493 3016 2658 3068 trium
2708 3029 3070 3084 personarum
3119 3014 3421 3077 declarare,

1850 3110 2042 3163 insana
2101 3107 2417 3179 arrogantia
2468 3105 2614 3161 Petri
2671 3105 2919 3160 Fullonis
2975 3105 3135 3159 modo
3187 3106 3423 3173 quodam

165 3195 247 3256 ὡς
275 3194 380 3264 γὰρ
423 3194 635 3263 ἱμάτιον
661 3192 753 3244 τόν
814 3192 959 3261 ἱερὸν
1005 3191 1194 3243 τοῦτον
1242 3189 1407 3259 ὕμνον
1465 3191 1742 3262 καθαίρειν

1853 3199 2188 3255 conculcari.
2227 3198 2458 3253 Sacrum
2491 3197 2765 3267 siquidem
2805 3197 3068 3267 hymnum
3103 3197 3269 3250 istum
3306 3196 3424 3265 pal-

166 3287 438 3354 οἰόμενος,
487 3285 580 3338 καὶ
637 3283 798 3336 πλέον
866 3281 1206 3352 λαμπρύνειν
1235 3322 1249 3345 ,
1292 3283 1324 3352 ἢ
1389 3282 1567 3346 καλῶς
1611 3283 1744 3353 ἔχει,

168 3375 493 3445 προσθήκην
549 3373 627 3442 τῷ
680 3373 982 3443 Τρισαγίῳ,
1034 3371 1108 3434 ὼς
1159 3372 1321 3441 δῆθεν
1362 3373 1470 3425 τῶν
1501 3374 1750 3443 Σεραφὶμ

170 3467 492 3535 ὑπέρτερος,
551 3464 896 3534 παρενὲθετο,
952 3461 1140 3531 ὥσπερ
1189 3462 1618 3532 ἀντινομοθετῶν
1671 3464 1749 3535 τῷ

168 3556 316 3624 ἁγίῳ
344 3556 640 3623 Πνεύματι.
685 3554 827 3606 Ἀλλ’
863 3553 908 3605 ὣ
940 3555 1041 3622 τῆς
1070 3553 1350 3618 αὑθαδίας,
1382 3554 1467 3606 ἵνα
1499 3555 1573 3624 μὴ
1606 3554 1749 3623 λέγω

167 3649 275 3716 τῆς
299 3648 479 3709 ἀνοίας
507 3647 518 3698 ι
553 3645 744 3715 Ἡμεῖς
773 3645 828 3697 δὲ
853 3643 997 3697 οὕτω
1029 3645 1232 3714 φαμὲν,
1266 3646 1370 3697 κᾶν
1412 3646 1462 3696 οἱ
1497 3645 1750 3714 δαίμονες

168 3741 638 3810 ὃιαῤῥήγνυνται·
699 3737 904 3804 ’Ἄγιος
953 3740 986 3789 ό
1056 3738 1219 3802 Θεὸς,
1263 3736 1429 3806 ἅγιος
1476 3737 1743 3806 ἰσχυρὸς,

167 3830 343 3898 ἅγιος
364 3830 677 3893 ἀθάνατος,
708 3828 970 3894 ἐλέησον
995 3825 1172 3896 ἡμᾶς.

249 3928 360 3991 πτιι,
392 3923 534 3991 Πρὸς
591 3921 648 3972 δὲ
690 3919 794 3972 τῶν
836 3919 1140 3989 εἰρημένων
1183 3919 1471 3982 πίστωσιν,
1496 3919 1588 3971 καὶ
1612 3921 1749 3990 χρή-

171 4030 294 4076 σεις
322 4011 428 4064 τῶν
465 4011 634 4079 ἁγίων
672 4011 957 4081 Πατέρων,
986 4004 1060 4063 ὧν
1092 4011 1153 4062 τὸ
1183 4010 1356 4080 στόμα
1385 4009 1519 4063 Θεοῦ
1545 4028 1748 4082 κεχρη-

175 4105 377 4175 μάτικε
407 4104 603 4172 στόμα,
635 4102 984 4173 ὑπετάξαμεν
1038 4095 1112 4155 ὧν
1133 4102 1544 4173 δυσωπηθέντες
1575 4103 1634 4156 τὸ
1661 4103 1749 4155 αἱ·

170 4198 420 4266 δέσιμον,
454 4196 570 4264 μεθ’
597 4194 754 4264 ἡμῶν
776 4193 870 4247 καὶ
903 4195 1001 4264 τῆς
1035 4193 1294 4263 ἀληθείας
1324 4194 1419 4246 ἕνα
1467 4194 1622 4258 Θεὸν,
1653 4197 1749 4248 xa‘t

175 4290 313 4360 μίαν
341 4288 502 4355 φύσιν
537 4287 593 4337 ἐν
623 4285 802 4354 τρισὶν
862 4285 1212 4348 ὑποστάσεσι,
1275 4286 1368 4337 καῖ⁹
1409 4286 1502 4338 τὸν
1536 4285 1630 4338 ἕνα
1651 4287 1750 4356 τῆς

173 4382 340 4449 ἁγίας
366 4380 610 4449 Τριὰδος,
638 4378 726 4429 τὸν
763 4377 1024 4447 μονογενῆ
1049 4376 1280 4429 Υἱὸντοῦ
1309 4375 1468 4440 Θεοῦ,
1499 4378 1591 4430 καὶ
1611 4377 1750 4447 μετά

173 4472 457 4538 σάρκωσιν
508 4469 603 4519 ἓνα
659 4468 912 4536 Χριστὸν,
943 4466 1039 4517 ἕνα
1090 4465 1236 4528 Υἱὸν,
1265 4465 1361 4518 ἕνα
1405 4466 1630 4537 Κύριον,
1655 4468 1748 4521 καὶ

1852 3291 1908 3344 1ἱὶ
1949 3291 2126 3346 instar
2178 3305 2475 3360 repurgare
2531 3304 2590 3345 se
2632 3298 2854 3359 putans,
2889 3287 3428 3358 splendidioremquc

1854 3382 2104 3446 reddere,
2151 3397 2215 3436 ac
2276 3383 2321 3437 si
2358 3380 2680 3450 Seraphinis
2730 3379 2870 3435 foret
2924 3380 3292 3449 praestantior,
3329 3378 3428 3431 ad-

1847 3474 2094 3544 jectione
2158 3472 2472 3544 Tnsagium
2527 3471 2780 3534 intersit,
2835 3471 3104 3526 adversus
3161 3470 3427 3541 Spiritum

1851 3576 2100 3620 sanctum
2139 3563 2305 3619 veluti
2364 3564 2513 3633 leges
2565 3563 2842 3617 sanciens.
2895 3563 2936 3613 0
2968 3575 3283 3630 supremam
3338 3577 3429 3614 ar-

1850 3651 2174 3721 rogantiam,
2204 3664 2271 3703 ne
2293 3649 2496 3712 dicam,
2531 3649 2836 3703 insaniaml
2858 3647 2968 3702 Nos
2990 3663 3140 3712 vero,
3167 3663 3429 3718 rumpan-

1851 3745 1939 3792 tur
1961 3739 2086 3792 licet
2108 3739 2451 3793 daemonibus
2483 3737 2595 3802 ilia,
2623 3739 2704 3793 sic
2727 3737 2960 3792 dicimus
2985 3757 2998 3792 :
3021 3735 3248 3791 Sanctus
3269 3735 3427 3801 Deus,

1850 3839 2062 3884 sanctus
2085 3830 2260 3896 fortis,
2289 3838 2503 3884 sanctus
2539 3830 2882 3896 immortalis,
2917 3831 3163 3885 miserere
3193 3833 3384 3885 nostri.

1921 3921 2009 3976 88.
2056 3920 2328 3976 Caeterum
2372 3922 2442 3976 ad
2473 3922 2849 3977 conﬁrmanda
2889 3939 3011 3992 qua:
3083 3926 3227 3980 dicta
3275 3935 3427 3991 sunt,

1851 4012 2210 4065 auctoritates
2262 4011 2591 4077 suhjicimus
2641 4020 2959 4067 sanctorqu
3009 4012 3256 4079 Patrum,
3288 4031 3428 4085 quo-

1849 4117 1970 4157 rum
2005 4118 2099 4166 os,
2129 4117 2194 4158 os
2225 4101 2320 4158 Dei
2357 4102 2526 4158 fuerit
2558 4122 2570 4158 :
2610 4111 2670 4157 ut
2705 4119 2894 4158 eorum
2945 4107 3254 4160 reverentia
3303 4121 3428 4174 per-

1849 4194 2010 4258 culsi,
2047 4193 2324 4248 nobiscum
2345 4201 2401 4248 et
2430 4193 2555 4249 cum
2578 4197 2813 4250 veritate
2842 4210 3016 4250 unum
3044 4195 3210 4267 420
3234 4195 3426 4261 Deum,

1849 4300 2124 4354 unamque
2159 4293 2413 4340 naturam
2449 4286 2502 4339 in
2541 4287 2724 4342 tribus
2766 4289 3041 4356 personis,
3089 4304 3259 4341 unum
3296 4290 3424 4343 item

1848 4377 1918 4432 de
1941 4385 2136 4432 sancta
2160 4375 2431 4432 Trinitate
2465 4377 2829 4448 unigenitum,
2862 4377 2952 4432 Dei
2992 4378 3210 4441 Filium,
3234 4395 3424 4443 unum,

1854 4471 2115 4538 inquam,
2183 4477 2308 4538 post
2359 4469 2795 4524 incarnationem
2850 4469 3173 4533 Christum,
3225 4469 3422 4525 Filium

178 4562 313 4631 μίαν
351 4559 642 4611 ὑπόστασιν
663 4559 718 4609 ὲν
745 4557 864 4610 δυσὶ
882 4557 1104 4624 φύσεσιν
1124 4555 1442 4627 ἁσυγχύτως
1468 4557 1562 4611 καὶ
1577 4557 1742 4612 ἀδιαι-

1860 4571 2065 4620 unum,
2125 4553 2414 4610 Dominum
2470 4572 2638 4610 unum
2667 4597 2681 4619 ,
2718 4559 3060 4628 hypostasim
3117 4574 3281 4611 unam
3311 4600 3326 4623 ,
3369 4561 3424 4614 in

177 4653 352 4723 ρέτως
398 4649 693 4718 ὀρθοδόξως
745 4647 1039 4717 κηρύξατε.

430 4828 724 4882 ΧΡΠΣΕΙΣ
775 4827 912 4880 ΤΩΝ
952 4827 1158 4880 ΑΠοΝ
1199 4827 1518 4880 ΠΑΤΕΡΩΝ

1849 4645 2066 4700 duabus
2097 4646 2332 4711 naturis,
2362 4646 2478 4700 sine
2509 4645 2863 4711 confusione,
2894 4655 2948 4702 et
2984 4649 3105 4702 sine
3135 4649 3424 4710 divisione,

1849 4746 1997 4792 recta
2032 4737 2356 4807 sinceraque
2388 4737 2491 4791 fide
2526 4740 2861 4808 przedicetis.

2128 4825 2673 4881 AUCTORITATES
2715 4827 2817 4882 SS.
2859 4828 3039 4882 PATR
3052 4828 3148 4883 UM

188 4919 733 4977 ’An‘oﬁsmriﬁovaat.
771 4918 849 4982 ὡς
876 4911 963 4982 εἷς
989 4918 1160 4970 ἐστιν
1182 4921 1212 4970 ό
1254 4917 1520 4983 Χριστός,
1555 4917 1621 4970 ἐκ
1649 4917 1742 4971 δύ(

1859 4919 2059 4984 Quibus
2097 4920 2490 4972 demonstratur
2539 4936 2700 4972 unum
2749 4937 2858 4975 esse
2909 4921 3181 4974 Christum
3225 4937 3290 4976 ea:
3333 4939 3429 4974 na-

253 4993 512 5060 φύσεων,
548 4989 654 5060 καὶ-
673 4986 783 5039 δύο
822 4989 1064 5060 φύσεις,
1115 4988 1209 5040 καὶ
1249 4987 1478 5060 ἐνδυσὶ
1502 4989 1747 5060 φύσεσι,

255 5055 352 5142 ita}
391 5063 538 5127 μετὰ
598 5056 713 5124 τὴν
767 5055 1109 5124 σωτηριώὃη
1158 5057 1534 5126 ὑπεράγαθον
1562 5059 1749 5112 αὐτοῦ

253 5144 579 5197 σαρκωσιν.

640 5217 839 5270 Σκόπει
882 5216 1290 5286 ἀναγινώσκων.

183 5312 302 5372 Τοῦ
331 5310 501 5378 ἁγίου
535 5312 854 5380 Elpnralov
878 5310 1214 5362 ἐπισκόπου
1247 5309 1747 5378 Λουγδικύιηωικὲκ

589 5383 692 5435 τοῦ
730 5386 881 5436 κατὰ
915 5382 1340 5433 Οὐαλεντίνου.

261 5499 277 5529 ι
313 5481 522 5549 Ὠσπερ
549 5478 656 5546 γὰρ
683 5478 714 5545 ἡ
745 5473 976 5536 κιϐωτὸς
1036 5471 1429 5541 κεχρυσωμένη
1457 5466 1524 5541 ἦν
1553 5472 1751 5524 ἔσωθεν

182 5573 278 5624 καὶ
303 5571 498 5635 ἔξωθεν
542 5571 752 5639 χρυσίῳ
800 5564 1045 5635 καθαρῷ,
1075 5563 1248 5623 οὕτως
1280 5563 1372 5616 καὶ
1395 5564 1454 5617 τὸ
1494 5563 1584 5616 τοῦ
1617 5565 1753 5634 Χρι-

231 5685 277 5715 δ⁰
300 5682 457 5739 Rom.
492 5699 609 5749 rm,
637 5681 672 5736 2
768 5681 810 5712 ⁸⁷
838 5677 983 5734 Psal.
1015 5677 1196 5742 “1,2.
1272 5677 1317 5707 "'
1340 5675 1356 5729 l
1381 5675 1505 5731 Cor.
1546 5691 1660 5740 rm,
1683 5677 1736 5732 ϐ.

1929 4992 2061 5042 turis
2091 4989 2326 5053 duabus,
2359 4999 2408 5042 et
2447 5000 2669 5042 naturas
2699 4989 2833 5042 duas
2857 5031 2869 5051 ,
2904 4993 3058 5060 inque
3089 4991 3295 5044 duabus
3325 5010 3425 5044 ua-

1929 5062 2096 5140 turis,
2127 5069 2242 5140 post
2286 5061 2399 5127 ejus
2433 5062 2724 5113 salutarem
2807 5062 3130 5130 inﬁnitaque
3177 5062 3427 5115 bonitatis

1927 5139 2363 5182 incarnationem.

2369 5219 2581 5292 Inspice
2622 5222 2715 5291 qui
2759 5223 2915 5292 legis.

1860 5310 2043 5366 Sancti
2087 5311 2281 5368 lrenwi
2325 5313 2553 5382 episcopi
2577 5313 2982 5396 .Lugdunensis,
3013 5327 3198 5370 contra
3238 5315 3430 5370 Valen-

2550 5396 2735 5437 (ιηιιιη.

1935 5491 1951 5521 α
2005 5473 2160 5528 Sicut
2205 5474 2347 5527 enim
2382 5489 2506 5527 arca
2575 5486 2768 5528 aurata
2827 5475 2976 5528 intus
3013 5485 3066 5529 rt
3107 5485 3256 5529 (xtra
3314 5483 3432 5530 erat

1862 5577 1996 5618 auro
2025 5581 2197 5634 puro;
2239 5566 2319 5619 sic
2349 5568 2513 5620 etiam
2543 5567 2745 5620 Christi
2781 5583 2982 5637 corpus
3017 5584 3212 5638 purum
3243 5569 3429 5637 splen-

1489 5767 1717 5821 V‘Allle
1756 5766 2150 5823 LECTIDNES.

264 5870 293 5909 ι’
327 5868 441 5923 Δις.
473 5869 550 5929 εἰς
574 5869 754 5922 αὐτόν.
836 5877 858 5904 ε
886 5864 1010 5919 Haec
1049 5874 1326 5935 postrema
1362 5877 1490 5931 pars
1523 5861 1674 5935 deest
1720 5861 2050 5935 in__Araliica
2084 5863 2449 5920 translatione
2481 5870 2532 5919 et
2555 5863 2606 5918 in
2639 5869 2792 5919 texta
2828 5863 3113 5934 Apostoli:
3151 5870 3202 5916 at
3237 5858 3421 5917 multis

191 5942 248 5995 in
281 5940 413 5993 locis
441 5939 636 6008 legitur
667 5938 809 6009 apu]
852 5931 1268 5998 Damasceuum,
1308 5943 1365 5987 ut
1396 5941 1448 5987 ct
1477 5931 1617 6002 apud
1641 5931 1925 5986 Uasilium.
