4156 6436
264 363 400 432 1439

1520 391 1814 452 CONTRA
1846 395 2264 453 JACOBITAS.

3370 401 3498 465 1490

259 488 422 579 πίτιην
468 485 705 579 μορφήν.
749 485 900 543 Ἐπεὶ
930 483 1023 545 οῦν
1068 493 1163 547 δύο
1223 496 1419 567 ἔχομεν
1480 505 1713 571 μορφὰς,
1739 505 1832 574 τὴν

1941 505 2169 559 formam
2204 508 2497 562 recusavit.
2542 506 2993 579 Quandoquidem
3047 510 3211 579 igitur
3239 509 3377 564 duas
3405 511 3504 564 hn-

259 574 597 663 ,δεσποτικήν
636 594 778 648 φημι
827 583 921 635 καὶ
966 585 1064 653 τὴν
1096 585 1365 658 δουλικήνσ
1412 590 1507 660 τὴν
1539 594 1636 662 μὲν
1672 596 1830 663 φύσει

256 661 418 728 Θεοῦ,
441 664 541 737 τὴν
568 668 625 722 δὲ
675 670 832 739 φύσει
888 675 1233 747 ἀνθρωπείαν
1261 697 1277 713 ·
1307 681 1403 752 τὴν
1446 661 1547 753 μὲν
1573 661 1830 755 προσίω-

258 770 390 847 νων,
448 757 546 830 τὴν
593 761 650 814 δὲ
680 764 739 827 ἐξ
765 765 1005 838 ὑστέρων
1055 773 1260 843 καιρῶν
1286 790 1298 803 ·
1341 775 1438 846 τὴν
1492 780 1590 847 μὲν
1640 782 1701 832 ἐκ
1735 780 1829 833 τοῦ

262 846 499 939 Πατρὸς,
538 851 639 920 τὴν
667 852 809 909 δὲέκ
837 856 934 927 τῆς
962 859 1240 932 Παρθένου
1263 880 1277 896 ο
1307 867 1406 936 τὴν
1436 846 1531 937 μὲν
1552 870 1617 923 ἐκ
1645 870 1827 939 μόνου,

258 938 362 1006 τὴν
392 939 448 992 δὲ
477 942 541 994 ἐκ
575 944 744 1017 μόνης
777 964 789 977 ⁸
827 950 1016 1023 ἐπειδὴ
1045 953 1139 1008 δύο
1178 957 1350 1011 ταῦτα
1380 938 1656 1033 ὑφέστηκε
1692 963 1832 1032 πρά-

261 1045 471 1099 γματα,
491 1032 585 1087 δύο
617 1038 674 1089 ἐν
704 1040 785 1092 ἐνί
809 1056 824 1071 ⁸
873 1041 997 1097 οὔτε
1054 1044 1164 1118 γάρ
1226 1048 1542 1122 διαιροῦμεν
1574 1055 1664 1107 τὸν
1700 1055 1833 1108 Θεὸν

260 1123 437 1213 ,Λόγον
465 1126 573 1179 ἀπὸ
596 1128 690 1181 τοῦ
720 1131 994 1204 σώματος,
1021 1136 1145 1190 οὔτε
1176 1138 1269 1193 δύο
1287 1140 1511 1213 οἴδαμεν
1546 1145 1713 1209 υίρὺτ,
1737 1146 1833 1198 καὶ

260 1212 533 1283 Χριστοῦς
558 1233 571 1248 ⁸
603 1221 738 1276 ἀλλά
766 1223 854 1277 τὸν
880 1226 987 1297 πρὸ
1032 1228 1248 1284 αἰώνων
1282 1232 1410 1286 Υίὸν
1457 1233 1549 1287 τοῦ
1593 1235 1749 1300 Θεοῦ,
1774 1239 1831 1289 ἐν

264 1306 516 1379 ὑστέροις
554 1316 770 1384 καιροῖς
822 1317 1107 1388 ἄνθρωπον
1148 1322 1207 1386 ἐξ
1252 1323 1422 1393 αὐτῆς
1468 1326 1681 1396 μήτρας
1733 1327 1832 1395 τῆς

265 1396 545 1467 Παρθένου
586 1405 876 1476 γενόμενον
934 1411 1159 1467 τέλειον.
1202 1412 1290 1478 Ὠς
1341 1416 1449 1485 γάρ
1503 1417 1529 1468 ὁ
1562 1414 1833 1489 γεννήσας

265 1492 479 1563 Πατὴρ,
532 1497 735 1552 τέλειον
796 1500 1085 1572 ἐγέννησεν
1120 1504 1267 1569 Υίὸν,
1299 1506 1473 1571 οὑτως
1493 1508 1585 1561 καὶ
1614 1510 1641 1561 ὁ
1671 1508 1834 1571 αὑτὸς

264 1586 363 1637 καὶ
415 1584 497 1652 εἷς
552 1590 698 1655 Υἱὸς,
749 1594 842 1646 καὶ
897 1596 1068 1663 Λόγος
1094 1597 1187 1649 τοῦ
1235 1598 1467 1669 Πατρὸς,
1499 1600 1590 1652 τὸν
1616 1600 1835 1664 τελείως

260 1678 638 1749 ἀπολλύμενον
679 1680 961 1755 ἄνθρωπον
1022 1687 1193 1741 σῶσαι
1250 1688 1588 1758 βουλόμενος,
1631 1691 1835 1756 τέλειος

258 1772 481 1840 ἐγένετο
499 1774 809 1845 ἄνθρωπος,
846 1778 930 1831 ἵνα
954 1778 1030 1850 μὴ
1053 1779 1111 1833 τὸ
1135 1779 1332 1844 ἔξωθεν
1364 1782 1562 1849 σώσας,
1596 1783 1656 1836 τὸ
1698 1784 1835 1837 ἐσω-

1937 597 2130 651 bemus
2183 597 2409 665 fortnas,
2468 597 2681 653 Domini
2736 601 2948 655 scilicet
3002 610 3058 654 et
3107 603 3283 668 servi,
3336 602 3497 656 aliam

1938 694 2133 740 natura
2191 688 2463 750 divinam,
2517 690 2680 743 aliam
2727 697 2921 742 natura
2975 690 3293 755 humanam;
3337 692 3499 745 aliam

1938 786 2065 832 ante
2091 779 2315 843 saecula,
2347 780 2508 832 aliam
2537 782 2830 848 postremis
2861 781 3229 850 temporibus;
3254 783 3413 835 aliam
3435 798 3499 836 ex

1937 869 2118 936 Patre,
2162 869 2327 923 aliam
2359 884 2427 925 ex
2478 868 2736 940 Virgine;
2769 871 2932 924 aliam
2978 885 3043 924 ex
3074 872 3211 935 solo,
3243 873 3402 925 aliam
3437 888 3502 925 ex

1937 961 2092 1026 sola;
2123 971 2288 1031 atque
2337 960 2459 1016 dute
2513 977 2601 1017 res
2642 963 2759 1018 ista:
2809 963 3088 1028 substant,
3118 964 3316 1018 domin
3371 980 3500 1018 uno.

1936 1050 2053 1106 Non
2085 1052 2231 1109 enim
2259 1054 2505 1108 divinum
2552 1052 2789 1109 Verbum
2826 1070 2855 1108 a
2897 1071 3127 1127 corpore
3168 1055 3504 1120 dirimimus,

1938 1157 2115 1212 neque
2160 1142 2299 1197 duos
2336 1142 2498 1208 lilios,
2530 1143 2899 1212 Christosque
2945 1146 3238 1200 novimus:
3277 1145 3371 1201 sed
3422 1143 3507 1197 Fi-

1939 1233 2073 1286 lium
2104 1231 2196 1287 Dei
2234 1233 2324 1302 qui
2359 1242 2487 1288 ante
2519 1232 2721 1287 saacula
2754 1232 2875 1299 fuit,
2908 1233 2963 1286 in
3007 1234 3213 1288 ultimis
3243 1231 3509 1301 tempori-

1939 1325 2043 1380 bus
2077 1324 2388 1391 hominem,
2423 1340 2491 1380 ex
2548 1326 2667 1395 ipsa
2701 1323 2942 1396 Virginis
3000 1326 3159 1379 vulva
3202 1324 3507 1395 perfectum

1938 1416 2163 1470 editum.
2217 1414 2695 1481 Quemadmodum
2755 1418 2901 1470 enim
2960 1416 3053 1485 qui
3104 1416 3280 1486 ipsum
3321 1415 3510 1485 genuit

1939 1507 2117 1573 Pater,
2150 1508 2448 1577 perfectum
2482 1509 2669 1578 genuit
2723 1507 2919 1564 Filium
2941 1551 2956 1575 ,
3001 1510 3076 1563 ita
3108 1519 3163 1564 et
3213 1507 3329 1576 ipse
3367 1523 3509 1560 unus

1941 1598 2111 1653 Filius
2157 1607 2210 1652 et
2243 1597 2478 1652 Verbum
2534 1598 2747 1665 Patris,
2780 1600 3055 1654 hominem
3090 1598 3183 1669 qui
3227 1598 3282 1652 in
3336 1606 3509 1651 totum

1941 1691 2220 1760 perierat,
2266 1689 2446 1745 facere
2492 1691 2703 1743 salvum
2756 1691 3009 1760 cupiens,
3040 1689 3511 1761 perfectuS'homo

1942 1781 2187 1842 exstitit,
2236 1795 2302 1833 ne
2352 1780 2683 1833 exteriorem
2728 1778 3029 1842 salvando,
3070 1778 3385 1832 interiorem
3414 1776 3507 1845 qui

259 1864 355 1917 θεν
402 1866 789 1938 προδεδομένον
851 1871 1026 1941 ἐάσῃ·
1082 1873 1203 1929 οὐδὲ
1255 1875 1361 1945 γάρ
1420 1875 1585 1944 σῶμα
1635 1876 1832 1931 ἀναλα·

1936 1870 2180 1943 perditus
2228 1881 2381 1933 erat,
2422 1870 2755 1939 negligeret.
2805 1867 2990 1937 Neque
3037 1869 3183 1923 enim
3228 1876 3511 1936 assumpto

260 1953 396 2018 ὁὼν,
442 1957 591 2011 εἴασε
626 1959 725 2029 τὴν
775 1960 975 2031 ψυχὴν,
1040 1962 1175 2015 άλλά
1232 1964 1325 2017 καὶ
1383 1965 1559 2036 ψυχὴν
1589 1968 1684 2021 καὶ
1710 1968 1833 2021 νοῦν

257 2049 545 2105 ἀνέλαὸεν.
578 2070 599 2105 υ

265 2142 407 2219 Τοῦ.
436 2142 608 2210 ἁγίου
654 2146 965 2219 ῌεθοδζουγ
996 2148 1335 2204 ἐπισκόπου
1388 2152 1672 2219 Πατάρων
1735 2152 1832 2206 καί

325 2211 647 2281 μάρτυρος,
670 2214 738 2268 ἐκ
769 2216 875 2270 τοῦ
890 2218 1076 2287 λόγου
1096 2221 1182 2284 είς
1204 2220 1318 2288 τὴν
1346 2221 1359 2240 '
1374 2211 1759 2293 Υπαπὶιντήν.

339 2321 358 2353 ι
398 2303 502 2356 Τὸν
531 2305 589 2357 ἐν
610 2306 797 2375 ὁράσει
819 2307 1071 2378 ἀόρατον,
1098 2310 1193 2365 τὸν
1221 2312 1279 2364 ἐν
1314 2312 1602 2383 περιλήψει
1634 2314 1831 2383 ἀπερί-

262 2401 485 2463 ληπτον,
517 2396 607 2450 τὸν
634 2399 691 2450 ἐν
739 2401 1064 2471 σμικρότητι
1106 2402 1482 2474 ὑπερμεγέθη,
1508 2404 1600 2458 τὸν
1630 2405 1687 2457 ἐν
1720 2404 1832 2475 ναῷ

263 2485 358 2537 καὶ
390 2486 448 2538 ἐν
475 2485 737 2555 ὑψίστοις,
771 2489 861 2542 τὸν
896 2492 989 2544 ἐπὶ
1010 2492 1200 2562 θρόνου
1232 2493 1587 2562 παρθενικοῦ,
1628 2496 1723 2547 καὶ
1742 2496 1833 2548 ἐπὶ

261 2570 540 2640 ὀχήματος
572 2575 928 2645 Χερουῶκοῦ,
953 2578 1043 2631 τὸν
1061 2580 1213 2633 κάτω
1238 2581 1331 2634 καὶ
1347 2582 1459 2635 ἄνω
1476 2583 1828 2649 ἀδιαστάτως,

271 2661 352 2711 τὸν
397 2663 454 2713 ἐν
517 2666 697 2739 μορφῇ
752 2665 941 2719 δούλου
974 2668 1068 2720 καὶ
1116 2669 1175 2722 ἐν
1216 2672 1396 2740 μορφῇ
1430 2670 1565 2724 Θεοῦ
1597 2673 1830 2743 Πατρὸς,

271 2748 355 2802 τὸν
378 2749 613 2822 ὑπήκοον
661 2755 755 2807 καὶ
783 2754 1005 2824 βασιλέα
1032 2757 1139 2810 τῶν
1158 2758 1438 2813 ἁπάντων.
1480 2779 1500 2813 ι

268 3015 379 3069 Τοῦ
402 3016 572 3096 ἀρνίου
599 3017 934 3096 ἐπισκόπου
960 3026 1280 3096 Βασιλείου
1301 3028 1657 3096 Καισαρείας
1678 3033 1834 3083 Καπ-

332 3086 640 3165 παδωςίας,
657 3090 725 3142 ἐκ
737 3091 841 3165 τοῦ
868 3094 992 3165 κατ’
1012 3094 1309 3165 Enr-optati
1336 3086 1522 3165 λόγου
1538 3104 1610 3153 α’.
1629 3086 1723 3140 ;—"
1733 3104 1833 3154 Οτι

334 3159 552 3210 ταυτόν
572 3159 744 3212 ἐστιν
776 3161 957 3214 οὐσία
984 3162 1083 3215 καί
1112 3159 1313 3232 μορφή

342 3265 358 3296 ι
411 3247 549 3315 Ἐγὼ
578 3250 686 3319 γὰρ
709 3253 807 3306 καὶ
837 3252 897 3305 τὸ
922 3254 980 3306 ἐν
1012 3258 1192 3326 μορφῇ
1227 3256 1364 3309 Θεοῦ
1401 3258 1689 3330 ὑπάρχειν,
1719 3263 1834 3315 ἴσον

264 3335 523 3424 δῦνασθαι
550 3338 628 3409 τῷ
667 3342 725 3395 ἐν
776 3342 935 3413 οὑσίᾳ
964 3342 1100 3396 Θεοῦ
1131 3361 1307 3416 φημι·
1353 3347 1429 3413 ὡς
1460 3350 1570 3421 γάρ
1599 3353 1659 3405 τὸ
1695 3369 1835 3424 μορ-

264 3421 366 3491 φῆν
392 3423 747 3494 ἀνειληφέναι
781 3429 990 3494 δούλου,
1023 3432 1080 3485 ἐν
1109 3435 1175 3503 τῇ
1231 3434 1387 3506 οὑσίᾳ
1414 3440 1512 3508 τῆς
1554 3421 1836 3511 avolsam.

273 3530 424 3582 τητος
451 3515 545 3569 τὸν
577 3517 784 3587 Κύριον
815 3522 1140 3593 γεγενῆσθαι
1167 3526 1441 3596 σημαίνειο
1478 3529 1619 3582 οὕτω
1660 3532 1721 3583 τὸ
1746 3532 1834 3585 λέ-

272 3622 402 3672 γειν,
461 3608 518 3658 ἐν
584 3611 765 3679 μορφῇ
831 3612 965 3665 Θεοῦ
1004 3614 1287 3684 ὑπάρχειν,
1320 3617 1419 3687 τῆς
1455 3618 1605 3684 θείας
1652 3621 1836 3686 οὑσίας

270 3697 559 3766 παρίστησι
597 3699 695 3770 τὴν
729 3700 987 3773 ἰδιότητα.
1030 3722 1048 3756 ι

268 3788 377 3842 Τοῦ
401 3789 609 3854 αὐτοῦ,
662 3789 731 3846 ἐκ
784 3792 895 3873 τῆς
919 3794 1262 3873 emacem
1275 3802 1393 3873 τῆς
1420 3802 1570 3869 πρὸς
1612 3801 1836 3857 Ἀέτιον

759 3862 867 3915 τὸν
919 3864 1221 3932 Ἀρειον-όν
1247 3862 1344 3937 (ϐ)ζ

340 3967 357 3999 ι
390 3951 461 4003 Οὑ
485 3951 595 4021 γάρ
625 3950 693 4005 ἂν
720 3952 924 4025 δυνήσῃ
970 3957 1101 4010 ποτὲ
1148 3960 1235 4025 σὺ,
1272 3959 1303 4029 ἢ
1335 3960 1493 4023 ἀλλος
1516 3979 1619 4028 τις,
1660 3981 1834 4032 παρα-

265 4037 463 4106 στῆσαι
495 4038 526 4109 ἢ
556 4041 838 4105 ἀποδεῖξαι
872 4043 931 4097 ἐν
968 4043 1217 4115 ἀληθείᾳ,
1250 4048 1376 4111 τοὺς
1402 4052 1833 4120 προειρημένους

264 4128 451 4195 ἁγίους
500 4130 748 4201 Πατέρας
790 4132 947 4201 np.th
977 4135 1072 4188 καὶ
1111 4134 1484 4203 διδασκάλους,
1532 4138 1563 4209 ἢ
1601 4141 1765 4210 ἡμᾶς,
1799 4143 1833 4209 ἦ

263 4232 387 4267 τινα
425 4217 531 4268 τῶν
586 4217 855 4289 ἐκκρίτων
910 4221 1170 4292 Πατέρων
1215 4226 1311 4278 καὶ
1364 4226 1699 4283 διδασκάλων
1734 4229 1834 4299 τῆς

266 4305 428 4372 ἀγίας
453 4306 746 4378 καθολικῆς
790 4308 886 4364 καὶ
929 4311 1296 4381 ἀποπολικῆς
1329 4315 1729 4390 Ἐκκλησίας,ἢ
1759 4321 1834 4372 εἰ-

264 4395 490 4461 πόντας,
521 4397 553 4467 ἢ
579 4398 897 4466 διδάξαντας
924 4403 1240 4474 ἐγγράφως,
1276 4405 1306 4475 ἢ
1350 4408 1634 4478 ἀγράφως,
1663 4411 1738 4473 ὡς
1768 4412 1831 4465 σὺ

1932 1974 2162 2028 corpore
2211 1960 2449 2013 animam
2501 1957 2723 2019 omisit,
2768 1957 2861 2013 sed
2914 1957 3152 2010 animam
3204 1972 3420 2027 quoque
3455 1967 3510 2012 et

1932 2058 2170 2105 mentem
2208 2049 2532 2119 assumpsit.
2575 2068 2591 2100 ι

1933 2140 2117 2197 Sancti
2148 2141 2397 2196 Methodii
2430 2142 2657 2210 episcOpi
2690 2140 3021 2194 Patarornm
3055 2148 3103 2193 et
3144 2141 3416 2209 martyris,
3446 2157 3509 2194 ea:

2072 2228 2311 2266 sermone
2343 2212 2399 2265 in
2436 2210 2751 2271 Occursant.
2781 2227 2872 2264 seu
2902 2210 3365 2278 Puriﬁcationcm.

2012 2324 2029 2357 ι
2070 2304 2205 2358 Eum
2246 2302 2341 2373 qui
2381 2302 2511 2356 dum
2548 2300 2836 2370 aspicitur,
2865 2300 3219 2370 aspectabilis
3252 2317 3359 2355 non
3400 2313 3508 2367 est,

1932 2396 2028 2466 qui
2090 2393 2223 2449 dum
2281 2392 2664 2464 prehenditur,
2724 2392 3242 2462 incon'iprehensus.
3297 2394 3389 2461 qui
3455 2395 3508 2448 in

1932 2487 2203 2559 parvitate
2259 2499 2591 2556 supraquam
2643 2500 2876 2555 magnus
2908 2493 3014 2548 est,
3065 2486 3159 2553 qui
3204 2486 3257 2539 in
3308 2487 3511 2555 templo

1932 2584 1987 2629 et
2055 2574 2111 2627 in
2155 2572 2445 2627 altissimis
2485 2571 2662 2636 adest,
2714 2572 2809 2641 qui
2865 2572 3066 2626 throno
3125 2572 3380 2642 virginali
3436 2574 3514 2627 sis

1933 2664 2047 2718 mul
2104 2670 2159 2717 et
2199 2663 2391 2717 currui
2471 2662 2782 2717 Cherubico
2829 2662 3056 2726 insidet,
3101 2664 3193 2732 qui
3260 2664 3511 2717 iutirmus

1932 2761 2036 2820 est,
2074 2763 2130 2809 et
2168 2767 2463 2823 sumemus
2517 2751 2730 2820 absque
2779 2752 3187 2821 intercapedine
3235 2752 3368 2817 ulla,
3414 2753 3510 2820 qui

1935 2845 1990 2899 in
2034 2844 2210 2898 forma
2244 2844 2389 2901 servi
2430 2844 2595 2913 inque
2620 2843 2717 2903 Dei
2755 2841 2939 2897 Patris
2973 2843 3172 2909 forma,
3202 2843 3507 2913 subjectus,

1933 2944 1987 2991 et
2028 2936 2405 2992 universorum
2438 2932 2577 2995 Rex,
2617 2953 2635 2984 ι
2670 2941 2778 2989 etc.

1935 3026 2123 3081 Sancti
2177 3024 2375 3078 Basilii
2424 3024 2651 3092 episcopi
2715 3024 2972 3077 (Σαρδοῖ-θαι
3012 3022 3392 3089 Cappadociw,
3444 3036 3509 3075 ea:

2006 3096 2143 3149 libro
2172 3096 2342 3164 primo
2385 3102 2569 3146 contra
2618 3094 2959 3146 Eunomium.
2990 3123 3057 3133 —
3082 3093 3234 3159 Quod
3283 3094 3508 3146 essentia

1861 3196 1905 3256 α
2007 3176 2057 3219 et
2088 3165 2259 3233 [arma
2284 3164 2422 3217 idem
2452 3164 2582 3216 sint.

2014 3276 2033 3309 ι
2064 3257 2179 3327 Ego
2204 3255 2407 3312 etenim
2443 3255 2498 3308 in
2546 3253 2721 3308 forma
2752 3252 2848 3307 Dei
2877 3268 3002 3307 esse
3032 3252 3375 3306 tantumdem
3409 3266 3507 3304 va—

1938 3349 2051 3405 lere
2109 3349 2272 3414 dico,
2328 3354 2597 3415 quantum
2634 3359 2760 3399 esse
2802 3344 2854 3398 in
2892 3344 2989 3399 Dei
3039 3342 3302 3397 essentia.
3354 3341 3509 3395 Sicut

1936 3437 2083 3493 enim
2143 3436 2428 3505 accepisse
2489 3434 2636 3490 servi
2695 3433 2954 3497 formam,
3006 3433 3285 3502 signiﬁcat
3337 3432 3512 3487 fuisse.

1934 3524 2228 3581 Dominum
2269 3526 2323 3578 in
2352 3526 2597 3581 essentia
2630 3525 3037 3589 humanitatis;
3075 3524 3155 3577 sic
3180 3523 3364 3579 dicere
3389 3541 3509 3578 esse

1937 3617 1992 3671 in
2026 3616 2203 3671 forma
2252 3617 2371 3681 Dei,
2419 3617 2473 3671 id
2523 3616 2670 3686 quod
2724 3625 2807 3671 est
2842 3616 3041 3670 divina:
3092 3618 3351 3672 essentia:
3382 3634 3509 3685 pro-

1937 3706 2118 3776 prium
2152 3706 2427 3777 exprimit.
2467 3724 2485 3757 ι

1940 3800 2214 3867 Eiusdem,
2256 3816 2320 3854 ex
2352 3801 2714 3868 disputatione
2751 3810 2933 3853 contra
2986 3800 3195 3853 Actium
3228 3799 3506 3851 Arianum.

2010 3970 2029 4003 ι
2072 3952 2189 4006 Non
2224 3951 2371 4006 enim
2407 3951 2614 4021 peteris
2644 3967 2884 4022 unquam
2923 3959 2980 4005 tu
3013 3951 3313 4020 autquivis
3346 3950 3506 4009 alius.

1934 4044 2178 4107 vincere,
2228 4050 2321 4097 aut
2364 4043 2751 4098 demonstrare
2799 4058 2991 4098 verum
3060 4058 3207 4107 esse,
3284 4051 3509 4097 sanctos

1936 4136 2153 4199 Patres,
2184 4150 2325 4205 quos
2354 4135 2619 4198 diximus,
2655 4144 2711 4190 et
2746 4136 3046 4205 magistros
3082 4143 3286 4188 sancta:
3322 4133 3510 4187 Eccle-

1937 4226 2034 4281 sia:
2075 4226 2366 4281 catholicae
2416 4232 2481 4281 et.
2525 4224 2861 4293 apostolicae,
2936 4234 3031 4278 aut
3092 4222 3506 4293 pronuntiasse,

1938 4326 2033 4372 aut
2063 4318 2290 4386 scriptis
2342 4317 2673 4387 prodidisse,
2722 4327 2817 4371 aut
2867 4318 3057 4382 etiam,
3104 4317 3222 4370 sine
3255 4316 3506 4385 scriptis,

1936 4404 1989 4458 id
2018 4400 2165 4472 quod
2205 4411 2260 4455 tu
2294 4401 2395 4462 ais,
2438 4401 2493 4454 in
2532 4398 2756 4459 Christo
2814 4398 2924 4454 Deo
2969 4410 3171 4453 nostro
3215 4413 3376 4451 unum
3411 4414 3508 4449 na-

264 4485 442 4553 λέγεις
464 4488 557 4541 ἐπὶ
588 4490 824 4561 Χριστοῦ
864 4492 958 4546 τοῦ
992 4493 1126 4547 Θεοῦ
1165 4497 1325 4565 ἡμῶν
1358 4499 1491 4567 μίαν
1520 4499 1683 4569 φύσιν
1710 4504 1832 4555 σὺν-

1936 4504 2114 4549 turam
2172 4492 2564 4561 compositam,
2624 4489 2857 4545 uniusve
2914 4490 3146 4559 speciei,
3197 4490 3279 4543 vel
3341 4504 3504 4542 uuam

265 4577 440 4644 θετον,
468 4581 499 4649 ἢ
536 4583 803 4654 μονοειδῆ,
829 4584 861 4654 ἦ
892 4584 950 4639 ἓν
979 4585 1208 4657 θέλημα,
1236 4590 1329 4642 καὶ
1362 4592 1491 4660 μίαν
1524 4592 1826 4664 ἐνέργειαν,

263 4670 300 4739 ἦ
325 4688 378 4722 τι
406 4671 515 4725 τῶν
540 4673 1004 4745 ἀπηγορευμένων
1048 4679 1353 4749 δογμάτων,
1404 4684 1498 4736 καὶ
1534 4684 1835 4759 ἀποϐεϐλη-

272 4760 451 4829 μένων
480 4764 544 4817 ἐκ
588 4765 687 4835 τῆς
741 4765 1031 4838 ωθολικῆς
1070 4771 1163 4824 καὶ
1207 4773 1567 4845 ἀποστολικῆς
1608 4776 1836 4848 Ἐκκλη-

275 4850 418 4913 σίας.
448 4852 511 4904 Εί
545 4851 652 4924 γάρ
684 4854 1082 4927 κατελύσαμεν,
1118 4858 1287 4914 ταῦτα
1328 4864 1493 4918 πάλιν
1520 4866 1833 4938 οίκοδομοῦ-

278 4958 399 5011 μεν,
427 4942 568 4996 κατά
591 4944 683 4998 τὸν
710 4944 852 4999 θεῖον
891 4948 1232 5016 Ἀπόστολον,
1251 4955 1580 5022 παραϐάτας
1605 4957 1834 5023 ἑαυτοὺς

268 5038 683 5108 συνιστάνομεν.
705 5040 1027 5097 Τοὺναντίον
1054 5043 1111 5097 δὲ
1145 5045 1365 5114 μᾶλλον,
1397 5047 1616 5102 διπλοῦν
1637 5052 1836 5122 ἐκηρὺ-

265 5127 440 5195 ξπιμεν
469 5128 731 5198 ὑπάρξειν
755 5132 895 5185 κατά
911 5134 1086 5188 πάντα
1100 5135 1193 5189 τὸν
1216 5136 1417 5208 Κύριον
1440 5140 1597 5208 ἡμῶν
1630 5142 1837 5211 Ἰησοῦν

266 5217 503 5286 Χριστὸν
544 5220 602 5271 ἐν
633 5223 733 5292 μιᾷ
755 5222 1076 5290 ὑποστάσει,
1108 5224 1204 5279 καὶ
1226 5226 1309 5279 ἐνὶ
1342 5227 1639 5299 προσώπῳ,
1666 5231 1833 5300 χωρὶς

342 5370 389 5401 ⁸⁹
421 5373 597 5431 Galat.
623 5385 681 5445 ti,
716 5378 803 5434 18.

1934 4584 2297 4647 voluntatem,
2325 4590 2381 4636 et
2418 4597 2581 4636 unam
2614 4581 2994 4652 operationem
3022 4598 3035 4643 ;
3088 4587 3182 4633 aut
3224 4580 3503 4649 quidpiam

1934 4693 2003 4733 ex
2035 4676 2218 4732 vetitis
2244 4675 2540 4744 dogmatis,
2568 4682 2624 4728 et
2672 4688 2701 4727 a
2735 4682 2930 4728 sancta
2978 4672 3251 4726 catholica
3288 4679 3342 4725 et
3370 4686 3505 4740 apo-

1936 4769 2132 4827 stolica
2168 4766 2418 4822 Ecclesia
2471 4765 2715 4834 rejectis.
2748 4766 2805 4820 Si
2836 4766 2985 4819 enim
3036 4780 3158 4834 quae
3224 4764 3505 4818 destruxi-

1938 4877 2085 4926 mus,
2146 4860 2260 4914 haec
2313 4872 2563 4917 rursum,
2613 4866 2673 4909 ut
2717 4855 3017 4925 Apostolus
3048 4856 3122 4909 ait
3162 4856 3232 4917 ⁸ο,
3272 4854 3506 4907 aediﬁca-

1937 4966 2081 5013 mus,
2114 4957 2557 5019 transgressores
2593 4962 2695 5001 nos
2749 4947 2854 5014 ipsi
2907 4945 3321 5007 constituimus.
3360 4944 3503 4997 Cou-

1943 5052 2027 5098 tra
2087 5041 2275 5111 potius
2334 5039 2608 5108 duplicem
2669 5054 2765 5108 per
2812 5038 2997 5092 omnia
3041 5050 3164 5091 esse
3212 5034 3503 5088 Dominum

1940 5132 2422 5190 JesumChristum
2442 5131 2496 5184 in
2522 5146 2631 5184 una
2651 5131 2932 5201 hypostasi
2956 5127 3395 5200 praedicat-imus.
3420 5125 3503 5176 in-

1939 5242 2048 5297 que
2079 5240 2187 5281 una
2220 5236 2457 5294 persona
2511 5222 2631 5276 sine
2668 5222 2775 5275 ulla
2824 5221 3202 5292 qualicunque
3234 5215 3504 5271 divisione

1774 5535 2004 5592 NOTIE.

346 5623 422 5697 (ᾖ)
447 5622 581 5697 Tur.
614 5625 774 5681 habet
809 5643 821 5679 :
846 5629 980 5697 quod
1003 5629 1137 5683 idem
1162 5630 1225 5684 sit
1248 5632 1544 5685 substantia
1568 5643 1614 5686 et
1640 5632 1830 5695 forma,

270 5709 333 5747 ex
375 5693 570 5770 Basilio
620 5693 867 5770 episcopo
916 5698 1172 5755 Ca‘snrcw
1225 5700 1573 5770 Cappadocia'
1605 5693 1664 5756 ca:
1699 5703 1829 5756 libro

268 5771 454 5817 contra
482 5762 822 5821 ιιῗιιιιοηιίιιυιό

2011 5631 2096 5704 (6)»
2128 5634 2239 5704 lloc
2282 5646 2440 5704 opus
2495 5630 2693 5685 Basilio
2726 5629 2823 5704 _lil.,
2868 5629 2975 5681 imo
3016 5637 3069 5681 et
3097 5626 3297 5704 Severo
3330 5620 3499 5704 inere-

1938 5693 2809 5824 sia'felq-Antiocltcuorecentius
2834 5708 2937 5761 est,
2990 5713 3087 5751 nec
3141 5693 3499 5750 cditumhao—

1939 5781 2096 5824 tenus
2146 5781 2242 5824 tiil.

1963 5787 2096 5827 UlillS
2121 5787 2242 5825 Iliil.
