4156 6436
172 431 309 501 ΠΨΠ

1428 414 1725 507 CONTRA
1760 441 2177 513 JACoBtTAS.

3291 455 3424 519 “93

164 553 436 626 ἀφράστῳ
464 552 623 625 λόγῳο
641 556 706 610 οὐ
729 554 1069 625 κεκραμένος
1102 556 1161 607 ἒν
1191 555 1360 627 αὐτῷ,
1383 558 1416 629 ἢ
1440 559 1744 629 ἀποσεσαρ-

1852 561 1947 631 qui
1987 580 2090 620 nec
2135 564 2247 621 dici
2301 582 2402 624 nec
2435 568 2670 639 exprimi
2710 571 2911 642 possit,
2952 587 3060 627 non
3094 572 3148 628 in
3188 587 3254 628 eo
3290 583 3427 630 tem-

163 645 437 717 κωμένος,
463 645 580 700 ἀλλ’
614 644 915 710 άποσὼζων
968 646 1026 699 ἐν
1058 647 1234 718 ἑαυτῷ
1262 648 1369 701 τῶν
1410 649 1504 702 δύο
1534 649 1750 719 φύσεων

160 737 276 790 τῶν
305 737 664 808 ὲτεροουσίων
693 736 1036 806 ἀσυγχύτους
1079 738 1179 802 τὰς
1214 740 1505 811 ἰδιότητας.
1536 742 1611 794 Οὐ
1639 740 1748 813 γὰρ

159 829 343 897 δήπου
378 828 693 899 ὲκράθησαν
724 829 780 881 αἱ
813 827 1005 897 φύσεις
1028 830 1087 882 ὲν
1108 832 1174 900 τῇ
1203 832 1425 902 άρρήτῳ
1451 831 1547 886 καὶ
1578 833 1750 899 ἀσυγ-

160 921 318 991 γύτῳ
348 921 560 985 ὲνώσει,
597 918 712 973 ἀλλ’
744 918 1036 991 ήνώθησαν
1075 922 1299 993 ἁῤῥήτῳ
1347 922 1441 977 καὶ
1482 924 1749 995 ἀφράστῳ

159 1012 336 1083 λόγῳ,
362 1013 457 1067 καὶ
487 1010 820 1082 ὑπερέκεινα
853 1014 1057 1077 παντὸς
1090 1013 1181 1067 νοῦ
1217 1014 1571 1085 τυγχάνουσι,
1607 1015 1750 1070 κατὰ

158 1103 260 1157 τὸν
280 1103 683 1175 τρισμακάριον
705 1103 798 1157 καὶ
824 1103 1043 1174 ἀληθῶς
1068 1104 1221 1158 οίκου
1231 1104 1452 1175 μενικδν
1472 1106 1571 1177 τῆς
1589 1106 1749 1178 ὀρθο-

158 1194 320 1261 δόξου
352 1195 591 1259 πίστεως
625 1194 967 1262 διδάσκαλον,
997 1194 1096 1250 καὶ
1134 1196 1567 1268 ἀρχιεπίσκοπον
1591 1199 1749 1270 ἡμῶν

173 1288 528 1355 Ἀθανάσιον,
559 1289 653 1342 τὸν
693 1290 753 1342 ἐν
781 1291 850 1360 τῇ
903 1290 1119 1361 μεγάλῃ
1171 1291 1229 1343 ὲν
1285 1290 1493 1362 Νικαίᾳ
1543 1292 1750 1363 συνόδῳ

158 1379 579 1450 διαστράψαντα
610 1378 815 1450 μεταξὺ
843 1378 952 1433 τῶν
983 1381 1310 1451 τριακοσίων
1339 1381 1582 1437 δέκακαὶ
1603 1383 1750 1437 ὀκτὼ

161 1471 513 1535 ἐπισκόπων,
538 1470 799 1525 εἰπόνταο
830 1470 935 1525 Δύο
974 1472 1320 1542 πραγμάτων
1356 1474 1624 1545 ἀνομοίων
1654 1474 1748 1528 καὶ

159 1564 374 1619 ἀνίσων
398 1561 540 1616 κατά
570 1563 670 1633 τὴν
704 1561 868 1631 φύσιν
898 1561 1118 1625 σύνοδος
1143 1563 1387 1632 γέγονεν,
1415 1565 1475 1619 οὑ
1504 1565 1749 1635 σύγκρα-

163 1673 277 1721 σις,
301 1655 438 1710 Θεοῦ
462 1656 744 1726 ἀφράστου
761 1654 858 1709 καὶ
875 1654 1070 1726 θνητοῦ
1094 1655 1365 1727 σώματος,
1387 1658 1447 1712 ού
1464 1660 1584 1712 κατ’
1603 1659 1747 1728 ἀφασ-

162 1748 365 1820 ννισμὸν
407 1748 440 1817 ἢ
484 1748 897 1817 ἀποσάρκωσιν,
928 1745 1065 1800 ἀλλὰ
1116 1746 1240 1800 καθ’
1284 1747 1480 1803 ἕνωσιν
1509 1749 1748 1821 ἄρρητον

162 1840 268 1893 καὶ
320 1840 717 1909 άνέκφραστον,
769 1839 867 1892 καὶ
908 1836 1337 1909 ἀνεκδιήγητον·
1381 1840 1475 1894 δύο
1530 1841 1748 1910 φύσεων

160 1932 283 1987 τῶν
304 1931 682 2003 ἑτεροουσίων,
700 1928 811 1983 τῶν
831 1928 889 1982 ἑν
910 1928 991 1982 ἑνὶ
1018 1929 1260 2000 Χριστῷ,
1280 1930 1397 2001 Υἱῷ
1411 1931 1467 1985 δὲ
1492 1931 1585 1984 τοῦ
1610 1931 1745 1986 Θεοῦ

164 2026 517 2098 σωζομένων,
544 2027 637 2080 καὶ
666 2026 803 2097 μήτε
832 2021 1234 2093 συγχεομένων,
1273 2025 1413 2096 μήτε
1436 2023 1749 2097 ἀπολλυμέ-

162 2138 301 2190 νινν,
331 2119 363 2191 ἢ
390 2119 821 2193 διιιιρεθεισῶνδ

241 2404 518 2473 Σχόλιον.
559 2402 776 2473 Ὁρᾶτε,
806 2401 881 2467 ὡς
906 2401 955 2455 οῑ
986 2401 1131 2470 ἆγιοι
1157 2397 1401 2475 Πατέρες
1423 2396 1482 2460 ἐξ
1510 2395 1629 2467 ἴσης
1648 2394 1747 2466 τὴν

166 2495 439 2563 σύγχυσιν
472 2494 566 2547 uti.
598 2493 696 2561 τὴν
723 2492 991 2565 διαίρεσιν
1020 2490 1332 2559 φεύγοντες,
1358 2486 1624 2552 σώζεσθαι
1649 2487 1748 2551 τὰς

162 2586 265 2639 δύο
313 2584 504 2655 φύσεις
551 2585 715 2655 φασὶν
761 2585 818 2639 ὲν
868 2584 951 2638 ἐν).
991 2581 1253 2654 Χριστῷ,
1283 2582 1403 2651 ἦτοι
1465 2581 1566 2651 μιᾷ
1607 2579 1745 2632 ύπο-

167 2678 382 2733 στάσει.
416 2692 431 2706 '

316 2792 426 2846 Τοῦ
455 2790 661 2856 αὐτοῦ,
692 2789 760 2843 ἐκ
786 2788 894 2843 τοῦ
915 2788 1050 2857 περὶ
1091 2788 1350 2853 πίστεως
1394 2788 1606 2856 λόγου.

250 2901 269 2935 ι
304 2882 571 2945 ζὶύῧέποτε
601 2879 710 2950 γὰρ
738 2878 952 2948 ἀπέστη
981 2877 1083 2948 τῆς
1114 2878 1250 2941 ίδίας
1276 2878 1553 2948 Θεότητος,
1573 2877 1623 2931 εί
1655 2878 1750 2933 καὶ

163 2977 439 3033 ικέυωσεν
492 2976 705 3040 ἑαυτὸν,
747 2973 962 3044 μορφὴν
1011 2972 1200 3026 δούλου
1236 2972 1417 3027 λαϐὼν
1467 2972 1533 3025 δι’
1575 2974 1745 3043 ἡμᾶς,

164 3071 271 3124 οὐκ
303 3067 576 3129 ἀπολέσας
603 3066 702 3135 τὴν
726 3065 914 3135 Θεῖκὴν
947 3064 1187 3136 μορφὴν,
1218 3065 1307 3118 ἴνα
1349 3064 1490 3118 κατά
1529 3064 1588 3117 σὲ
1616 3063 1748 3117 ἑτοί-

170 3180 293 3230 μως
344 3158 659 3228 Θεοποιηθῇ,
698 3157 773 3221 ὡς
818 3156 1136 3227 ἄνθρωπος’
1192 3156 1266 3228 μὴ
1304 3158 1530 3226 γένοιτο.
1589 3156 1749 3210 Ἀλλά

1852 667 2103 728 peratus,
2151 668 2247 716 aut
2294 671 2456 716 exuta
2507 678 2713 728 carne,
2766 667 2861 722 sed
2914 667 3118 724 illaesas
3155 670 3210 724 in
3242 669 3428 739 seipso

1852 765 2082 808 servans
2136 752 2421 808 ambarum
2477 756 2739 812 essentiae
2797 758 3029 815 diversae
3100 768 3424 815 naturarum

1851 840 2239 910 proprietates.
2274 840 2393 897 Non
2423 843 2571 898 enim
2603 854 3032 916 contemperata:
3055 858 3272 902 naturae
3298 855 3429 903 sunt

1851 931 1907 987 in
1939 933 2255 1003 explicabili
2292 944 2348 991 et
2387 935 2682 993 inconfusa
2719 937 2815 993 illa
2859 939 3089 1004 unione,
3128 941 3221 996 sed
3258 956 3422 1011 copu-

1850 1023 1974 1080 latae
1998 1034 2130 1081 sunt
2160 1040 2364 1082 arcana
2398 1029 2614 1085 ratione
2642 1044 2768 1101 qua:
2795 1031 2980 1088 efferri
3029 1047 3289 1088 sermone
3316 1048 3426 1087 non

1851 1125 2033 1187 potest
2060 1136 2076 1175 :
2099 1127 2343 1190 suntque
2363 1135 2531 1191 supra
2552 1121 2975 1193 intelligentiam
3004 1138 3245 1190 omnem,
3271 1124 3426 1194 juxta

1851 1224 1916 1264 ac
1944 1211 2324 1280 pronuntiavit
2367 1212 2728 1271 beatissimus
2766 1229 3006 1284 vereque
3045 1216 3430 1271 meumenieus

1850 1302 2172 1357 orthodoxae
2220 1303 2346 1359 fidei
2395 1304 2685 1374 magister,
2719 1305 3291 1377 archiepiscopusqne
3321 1323 3426 1361 no-

1850 1400 1965 1449 ster
2019 1393 2376 1461 Athanasius,
2432 1396 2527 1466 qui
2582 1396 2729 1452 inter
2789 1404 3072 1453 trecentos
3127 1396 3316 1451 decem
3369 1404 3427 1451 et

1850 1494 1977 1539 octo
2033 1485 2300 1554 praesules
2348 1485 2627 1555 splenduit
2682 1486 2740 1540 in
2791 1499 2989 1556 magno
3039 1484 3281 1541 concilio
3325 1484 3409 1537 Ni-

1848 1589 2022 1631 cmno.
2053 1578 2296 1633 Duarum
2335 1593 2523 1634 rerum
2571 1577 2933 1635 dissimilium
2985 1585 3040 1632 et
3074 1577 3425 1647 inaequalium

1849 1668 2019 1724 coitio
2048 1670 2348 1726 secundum
2393 1678 2652 1725 naturam
2697 1669 2842 1726 facta
2873 1679 2980 1737 est,
3032 1685 3143 1726 non
3179 1679 3415 1726 contem-7

1848 1760 2097 1829 peratio;
2141 1760 2261 1827 Dei,
2294 1760 2543 1831 inquam,
2593 1762 2688 1831 qui
2714 1762 2900 1818 verbis
2941 1762 3175 1833 exprimi
3209 1763 3423 1832 nequit,

1852 1864 1918 1906 ac
1956 1852 2208 1908 mortalis
2242 1853 2540 1923 corporis:
2584 1868 2697 1908 non
2726 1868 2829 1925 per
2853 1854 3302 1916 exstinctionem,
3331 1859 3427 1907 aut

1851 1948 2309 2018 exspoliationem
2346 1949 2557 2014 carnis,
2598 1948 2694 2005 sed
2742 1964 2839 2019 per
2882 1948 3238 2010 ineffabilem,
3267 1948 3425 2002 inex-

1850 2039 2295 2111 plicabilemque,
2340 2047 2395 2095 et
2426 2039 2861 2095 incnarrabilem
2894 2040 3155 2094 unionem
3185 2040 3423 2093 duarum

1848 2130 2106 2187 essentia:
2142 2129 2374 2187 diversae
2410 2140 2757 2195 naturarum,
2791 2146 2916 2200 qua:
2949 2129 3007 2184 in
3037 2143 3148 2184 uno
3173 2128 3421 2197 Christo,

1848 2222 1948 2277 Dei
1981 2230 2164 2276 autem
2216 2220 2385 2285 Filio,
2442 2221 2611 2276 salvae
2661 2227 2814 2289 sunt,
2862 2234 2972 2274 nec
3007 2220 3273 2286 confuste,
3321 2234 3424 2274 nec

1847 2312 2168 2383 deperdita,
2207 2329 2309 2369 nec
2346 2313 2559 2370 divisae.
2590 2334 2607 2365 ι

1916 2403 2079 2476 425
2110 2404 2383 2460 Scholium
2410 2422 2429 2460 :
2458 2406 2691 2469 Videtis,
2713 2404 2992 2476 quomodo
3022 2404 3198 2460 sancti
3231 2402 3424 2458 Patres

1847 2494 2230 2551 confusionem
2260 2496 2702 2565 divisionemque
2724 2512 2789 2553 ex
2811 2512 2970 2568 aequo
2998 2494 3294 2567 fugientes,
3312 2495 3423 2550 sal-

1847 2602 1945 2643 vas
1976 2603 2103 2644 esse
2135 2598 2366 2645 naturas
2391 2589 2530 2645 duas
2567 2590 2767 2646 docent
2794 2590 2852 2645 in
2893 2590 3137 2656 Christo,
3173 2589 3226 2644 id
3255 2596 3341 2644 est
3367 2588 3422 2642 in
3464 2644 3471 2651 _

1848 2691 1957 2732 una
1996 2677 2302 2748 hypostasi.

2228 2787 2508 2857 Eiusdem,
2540 2804 2605 2845 ex
2638 2788 2771 2845 libro
2804 2788 2880 2844 De
2914 2788 3039 2858 ﬁde.

1922 2897 1944 2934 ι
1976 2880 2335 2953 Nequaquam
2364 2885 2510 2939 enim
2543 2883 2778 2938 descivit
2802 2898 2832 2935 a
2868 2896 2967 2937 sua
3000 2879 3303 2942 divinitate,
3342 2885 3420 2933 ta-

1848 2973 2011 3029 metsi
2047 2974 2402 3040 semetipsum
2431 2974 2762 3038 exinanivit,
2807 2972 2984 3027 forma
3025 2971 3168 3028 servi
3204 2980 3421 3040 propter

1847 3080 1949 3119 nos
1980 3072 2262 3135 assumpta
2289 3066 2360 3128 ⁸⁸,
2399 3080 2508 3121 non
2543 3066 2749 3121 amissa
2789 3063 2997 3128 divina,
3032 3072 3112 3129 ut,
3158 3062 3412 3131 quemad-

1848 3156 2069 3212 modum
2099 3156 2203 3222 ais,
2238 3160 2305 3212 de
2336 3157 2485 3211 facili
2510 3166 2783 3227 quatenus
2812 3164 2928 3212 erat
2958 3155 3142 3217 homo,
3168 3153 3421 3207 evaderet

168 3253 283 3322 γὰρ
310 3250 435 3303 ναὸν
468 3248 649 3317 ἑαυτῷ
678 3247 941 3318 ἔμψυχον,
974 3247 1071 3302 καὶ
1099 3248 1302 3301 τέλειον
1333 3247 1744 3310 κατασκευάσας

1850 3249 2037 3305 Deus:
2074 3249 2256 3306 absit!
2293 3250 2435 3316 Quin
2465 3251 2651 3321 potius
2689 3252 2990 3305 animatum
3020 3248 3126 3303 sibi
3160 3246 3419 3315 templum

166 3347 233 3397 ἑν
262 3345 327 3412 τῇ
360 3341 491 3412 ἁγίᾳ
515 3340 826 3411 Παρθενικῇ
863 3340 1063 3409 μήτρᾳ,
1092 3340 1185 3392 καὶ
1205 3338 1563 3408 ἐνδυσάμενος
1585 3339 1744 3393 αὑτὸν

1847 3340 2267 3411 perfectumque
2297 3340 2352 3396 in
2385 3349 2544 3396 utero
2572 3339 2813 3411 Virginis
2846 3338 3155 3403 fabricavit,
3185 3336 3237 3390 in
3275 3335 3418 3404 quod

170 3435 271 3487 καί
316 3432 541 3495 ἑνωθεὶς
594 3430 742 3501 αὑτῷ
799 3432 1024 3500 ἀρρήτῳ
1076 3429 1152 3499 τῷ
1193 3429 1366 3499 λόγῳ,
1425 3430 1748 3501 σωζομένων

167 3526 499 3597 ἀμφοτέρων
530 3524 638 3577 τῶν
689 3523 926 3593 φύσεων,
954 3524 1048 3575 καὶ
1091 3522 1152 3575 ού
1201 3521 1579 3593 κεκραμένων,
1611 3541 1746 3592 προ-

165 3622 326 3691 ἦλθε,
359 3618 685 3687 φαινόμενος
728 3616 828 3686 μὲν
874 3615 1180 3686 ἄνθρωπος,
1211 3614 1499 3685 νοούμενος
1530 3615 1587 3669 δὲ
1614 3615 1744 3677 Θεὸς

182 3711 395 3782 Ἰησοῦς
425 3709 681 3780 Χριστός.
716 3726 735 3760 ι

174 3801 289 3859 Τοῦ
310 3800 516 3867 αὐτοῦ,
536 3800 604 3853 ἐκ
625 3798 736 3867 τῆς
755 3796 905 3921 Ἔρὸς
937 3796 1223 3920 ἰῧιέννην
1243 3796 1350 3851 τὸν
1380 3796 1743 3865 ’Δντιογείας

810 3882 988 3921 moto
1034 3886 1127 3921 nc.

810 3882 1127 3936 πιστολης.

249 3983 269 4017 ι
300 3964 412 4027 Ἔάς
451 3962 509 4015 δὲ
550 3958 917 4028 εὐαγγελικάς
952 3958 1046 4012 καὶ
1092 3957 1459 4021 ἀποπολικάς
1490 3958 1740 4029 περὶτοῦ

166 4057 381 4128 Κυρίου
414 4054 596 4125 φωνὰς
628 4053 787 4122 ἴσμεν
812 4051 937 4114 τοὺς
965 4050 1249 4119 Θεολόγους
1276 4052 1494 4123 ἄνδρας,
1522 4052 1620 4114 τάς
1646 4052 1743 4122 μὲν

166 4146 631 4207 κοινοποιοῦντας,
660 4144 735 4206 ὡς
772 4144 859 4212 ἐφ’
888 4142 1004 4205 ἑνὸς
1033 4142 1348 4213 προσώπου,
1379 4142 1478 4206 τάς
1519 4143 1576 4197 δὲ
1607 4143 1744 4197 διαι-

167 4241 402 4313 ροῦντας
426 4236 501 4301 ὼς
522 4236 615 4289 ἐπὶ
644 4235 738 4288 δύο
769 4233 1007 4303 φύσεων,
1029 4235 1125 4287 καὶ⁷
1155 4233 1253 4296 τὰς
1295 4233 1393 4303 μὲν
1424 4233 1743 4303 θεοπρεπείς

165 4332 311 4385 κατὰ
345 4332 443 4399 τὴν
494 4326 725 4395 θεότητα
774 4325 870 4381 τοῦ
918 4324 1179 4397 Χριστοῦ,
1229 4325 1328 4388 τὰς
1358 4326 1417 4380 δὲ
1484 4326 1741 4391 ταπεινὰς

164 4424 313 4478 κατά
337 4421 437 4493 τὴν
475 4418 895 4491 ἀνθρωπότητα.
922 4436 943 4471 ι

1848 3432 2154 3503 ingressus,
2217 3432 2380 3503 eique
2432 3431 2699 3487 ineffabili
2736 3431 2903 3487 modo
2954 3431 3168 3492 nnitus,
3206 3427 3418 3482 naturis

1846 3525 2115 3579 ambabus
2146 3524 2336 3590 salvis,
2381 3538 2493 3579 non
2545 3539 2657 3579 una
2706 3521 3162 3593 contemperatis,
3194 3520 3418 3589 prodiit,

1844 3615 1920 3670 ita
1955 3623 2012 3668 ut
2047 3615 2216 3669 homo
2241 3616 2463 3685 quidem
2505 3624 2855 3672 cerneretur.
2886 3614 3033 3671 Deus
3063 3627 3193 3668 vero
3218 3609 3416 3666 intelli-

1844 3714 2087 3777 geretur,
2116 3704 2280 3763 Jesus
2308 3707 2589 3763 Christus.
2621 3725 2641 3759 ι

1845 3797 2133 3867 Ejusdem,
2191 3814 2257 3854 ea:
2304 3799 2532 3869 epistola
2587 3798 2655 3867 ad
2700 3797 2966 3854 Joannem
3012 3800 3414 3859 Antiochenam.

1919 3977 1938 4012 ι
1984 3959 2205 4017 Scimus
2241 3959 2393 4016 viros
2420 3959 2735 4015 divinarum
2774 3975 2958 4017 rerum
3006 3963 3219 4032 peritos
3259 3980 3414 4021 evan-

1845 4051 2049 4121 gelicae
2074 4059 2129 4107 et
2175 4051 2510 4122 apostolicae
2535 4050 2602 4106 de
2634 4050 2865 4106 Domino
2898 4068 3088 4115 voces,
3126 4054 3263 4110 alias
3289 4056 3415 4125 qui-

1845 4142 1965 4198 dem
1999 4156 2324 4197 communes
2364 4142 2566 4207 facere,
2598 4149 2862 4212 tanquam
2899 4142 2954 4196 in
2991 4159 3099 4197 una
3132 4159 3367 4214 persona
3398 4163 3413 4200 :

1844 4234 1981 4288 alias
2012 4249 2147 4289 vero
2188 4233 2454 4300 dividere,
2498 4243 2758 4303 tanquam
2808 4234 2864 4287 in
2897 4234 3114 4290 duabus
3169 4238 3413 4301 naturis;

1844 4339 2005 4396 atque
2029 4325 2173 4381 alias
2203 4325 2427 4395 quidem
2454 4339 2576 4394 quae
2610 4323 2781 4379 Deum
2805 4325 3057 4388 deceant,
3085 4342 3184 4395 pro
3207 4328 3412 4383 Christi

1843 4417 2167 4480 divinitate;
2209 4416 2346 4471 alias
2371 4430 2523 4481 vero,
2550 4430 2674 4486 qua:
2704 4417 2942 4473 humiles
2975 4418 3105 4483 sint,
3137 4434 3238 4489 pro
3266 4419 3403 4491 eiusa

1841 4507 1965 4563 dem
2012 4506 2371 4561 humanitate.
2405 4523 2423 4557 ι

244 4602 519 4670 Σχόλιον.
558 4600 623 4652 El
672 4598 891 4668 ἀληθῶς
934 4597 992 4649 ἓν
1032 4598 1320 4667 πρόσωπον
1371 4597 1464 4649 ἐπὶ
1495 4599 1732 4667 Χριστοῦ

1910 4598 2227 4653 Scholium:
2262 4596 2318 4651 Si
2372 4611 2499 4650 vere
2540 4610 2647 4650 una
2683 4610 2922 4666 persona
2956 4606 3080 4666 post
3110 4596 3410 4652 unilioncm

164 4694 312 4762 μετά
336 4693 435 4764 τὴν
460 4693 677 4756 ἕνωσιν,
710 4690 927 4753 πάντως
960 4688 1179 4758 ἀληθῶς
1207 4688 1302 4741 καὶ
1326 4688 1418 4741 δύο
1451 4688 1663 4757 φύσεις.

166 4863 280 4918 Τοῦ
308 4862 515 4928 αὑτοῦ,
545 4860 613 4915 ἐκ
644 4860 752 4927 τῆς
778 4859 929 4928 πρὸς
959 4860 1236 4914 Ἀκὰκιον
1260 4860 1599 4917 ἐπίσκοπον
1620 4865 1735 4918 Μει-

636 4929 891 4996 λιτήνης
916 4930 1262 4998 ἐπιστολῆς.

238 5043 259 5077 ι
304 5022 465 5077 Ἀλλά
484 5021 593 5091 γὰρ
621 5022 749 5084 ἴσως
780 5022 955 5073 ἐκεῖνο
978 5023 1137 5089 φαῖεν
1169 5020 1234 5077 ἂν
1270 5024 1319 5075 οί
1360 5023 1428 5075 δι’
1451 5023 1732 5089 ὲναντίαςο

173 5116 312 5170 Ἰδοὺ
341 5115 405 5185 δὴ
438 5114 626 5182 σαφῶς
652 5115 699 5174 οι
737 5114 836 5183 τῆς
868 5113 1036 5184 ὀρθῆς
1066 5114 1305 5179 πίστεως
1329 5115 1427 5185 τὴν
1450 5116 1737 5186 ὁμολογίαν

164 5208 505 5277 ποιούμενοι,
544 5206 639 5258 δύο
668 5206 766 5274 μὲν
807 5205 1135 5277 ὀνομάζουσι
1168 5206 1378 5275 φύσεις,
1409 5209 1736 5279 διαιρεῖσθαι

150 5300 215 5351 δὲ
242 5300 343 5362 τὰς
386 5299 495 5351 τῶν
532 5296 814 5366 θεηγόρων
854 5295 1037 5363 φωνὰς
1081 5297 1452 5361 διατείνονται,
1500 5299 1638 5352 κατά
1671 5317 1736 5368 γε

150 5388 259 5457 τὴν
288 5386 550 5458 διαφορὰν
585 5385 787 5439 αὐτῶν.
839 5382 972 5453 Εἶτα
1022 5386 1140 5450 πῶς
1178 5389 1278 5442 οὐκ
1318 5389 1533 5444 ἐναντία
1562 5390 1734 5445 ταῦτα

152 5480 272 5540 τοῖς
304 5480 448 5540 σοίς;
481 5477 555 5531 Ού
590 5476 697 5548 γὰρ
734 5476 799 5529 ἂν
842 5477 985 5546 ἔχεις
1014 5478 1327 5549 προσώποις
1356 5480 1531 5548 δυσὶν,
1566 5483 1733 5551 ἤγουν

159 5568 512 5633 ὑποστάσεσι,
544 5569 640 5631 τὰς
671 5569 854 5637 φωνάς
876 5570 1149 5640 διανέμειν
1172 5588 1186 5602 ο
1212 5571 1332 5639 ἀλλ,
1354 5565 1399 5627 ὦ
1433 5572 1727 5642 βέλτιστοι,

152 5661 328 5731 φαίην
355 5661 440 5726 ἂν,
478 5661 838 5732 γεγράφαμεν
871 5664 928 5716 ὲν
968 5666 1081 5728 τοῖς
1122 5665 1436 5734 κεφαλαίοις
1459 5682 1472 5698 ο
1511 5686 1528 5721 ι
1556 5668 1622 5722 Εἴ
1646 5685 1728 5732 τις

233 5861 278 5896 ⁵⁵
310 5858 538 5929 Philipp.
593 5874 650 5926 ll,
678 5862 728 5925 ὕ,
770 5861 820 5912 7.

1841 4700 1926 4746 est
1975 4690 2032 4743 in
2060 4688 2459 4753 Cbristo,verc
2504 4702 2737 4757 prorsus
2769 4687 2891 4742 dua:
2936 4702 3157 4758 quoque
3204 4697 3411 4744 naturae

1842 4790 1990 4840 sunt.

1983 4868 2257 4939 Ejusdem,
2283 4882 2348 4921 ea:
2376 4868 2600 4949 epistola
2633 4868 2701 4920 ad
2726 4866 2979 4921 Acacium
3010 4864 3271 4923 Melitena:

2468 4952 2781 5004 episcopum.

1911 5050 1930 5084 ι
1956 5029 2060 5085 Sed
2083 5029 2230 5084 enim
2256 5029 2514 5085 fortassis
2541 5027 2673 5081 illud
2711 5028 2897 5083 dicent
2917 5029 3241 5085 adversarii.
3269 5030 3409 5085 Ecce

1830 5139 1945 5195 1am
1981 5124 2075 5192 qui
2108 5131 2271 5177 rectae
2297 5122 2420 5177 fidei
2452 5120 2860 5175 confessionem
2892 5122 3083 5186 edunt,
3125 5123 3265 5176 duas
3286 5124 3406 5190 qui-

1834 5218 1955 5273 dem
1989 5226 2215 5272 naturas
2246 5225 2436 5287 aperte
2462 5215 2785 5271 nominant:
2817 5216 2985 5270 dividi
3025 5230 3154 5271 vero
3178 5224 3406 5271 conten-

1842 5309 1982 5364 dunt
2015 5316 2335 5363 sanctorum
2364 5306 2591 5361 Patrum
2633 5321 2795 5362 VOCCS
2834 5308 3137 5362 secundum
3172 5316 3403 5361 natura-

1840 5417 1961 5456 rum
2012 5401 2256 5471 ipsarum
2311 5400 2632 5455 discrimen.
2683 5400 2752 5453 At
2801 5400 3076 5469 quomodo
3123 5399 3238 5454 haec
3290 5413 3401 5452 non

1840 5490 2204 5545 adversantur
2262 5489 2557 5544 assertioni
2622 5488 2780 5542 tuae?
2836 5487 3191 5557 Nequaquam
3253 5489 3397 5541 enim

1838 5582 2022 5651 possis
2058 5597 2225 5637 voces
2273 5581 2409 5636 istas
2466 5580 2722 5648 personis
2782 5579 2995 5634 duabus
3046 5577 3395 5633 distribuere.

1836 5670 2061 5740 Verum,
2102 5688 2225 5729 cum
2254 5671 2396 5728 bona
2428 5679 2609 5727 vestra
2638 5669 2809 5740 gratia
2832 5667 3031 5735 dicam,
3062 5666 3116 5722 in
3144 5665 3397 5737 capitulis
