4156 6436
734 395 908 460 "12599

1931 403 1993 462 Β.
2026 400 2335 458 ,ΥΟΛΝΝΙΞ
2372 399 2791 461 DAMASCENI

3833 393 3966 457 Vm

771 509 1091 574 scripsimus
1118 510 1200 559 “z
1234 524 1250 555 ι
1289 506 1345 559 Si
1373 505 1497 574 quis
1528 506 1737 562 duabus
1771 510 2039 577 personis,
2076 522 2171 562 seu
2214 507 2311 575 hy-
2340 516 2389 573 Α

2340 516 2389 573 Α
2420 524 2437 557 ι
2479 507 2789 573 προσώποις
2818 507 2990 568 δυσὶν,
3020 508 3185 576 ἧγουν
3217 506 3557 565 ὑποστάσεσι,
3593 502 3848 568 διανέμει
3872 503 3964 561 τὰς

779 614 797 644 ι
837 596 1144 662 postasibus
1191 609 1351 649 voces
1417 596 1732 659 distribuit,
1784 605 1835 648 et
1889 597 2025 648 alias
2086 595 2307 664 quidem

779 702 797 732 ι
836 694 1092 748 tanquam
1135 683 1362 744 homini,
1418 699 1663 738 seorsum
1717 698 1744 735 a
1789 683 2002 747 Verbo,
2062 684 2208 752 quod
2244 698 2310 737 ex

782 788 799 818 ι
840 770 948 821 Deo
1003 778 1086 822 est
1141 770 1417 824 intellecto
1477 772 1892 834 aceommodat;
1951 773 2087 826 alias
2146 786 2310 832 vero,

780 875 797 905 ι
839 859 1033 924 quippe
1066 874 1186 925 qua:
1220 860 1383 911 Deum
1416 859 1661 917 deceant.
1698 860 1797 911 soli
1834 859 2029 916 Verbo.
2072 859 2213 925 quod
2245 871 2311 911 ex

780 964 796 994 ι
838 946 942 997 Deo
991 946 1150 1001 Patre
1188 956 1289 1010 est,
1336 947 1422 998 hic
1462 948 1750 1001 damnatus
1810 957 1947 1001 esto.
2012 947 2310 1002 Discrimen

781 1052 798 1082 ι
839 1046 1015 1087 autem
1055 1051 1239 1088 vocum
1283 1036 1595 1087 nullatenus
1632 1038 1967 1104 negavimus.
2002 1054 2019 1087 ο

844 1122 1105 1175 Scholium
1131 1139 1147 1173 :
1175 1122 1358 1184 Vides,
1388 1125 1660 1188 quomodo
1709 1124 1844 1177 duas
1879 1134 2102 1179 naturas
2130 1124 2313 1177 dicere

777 1225 883 1261 non
914 1211 1142 1271 dubitat,
1196 1211 1287 1263 sed
1347 1220 1569 1264 recusat
1613 1213 1859 1266 conﬁteri
1916 1228 2007 1266 eas
2044 1227 2139 1280 per
2172 1226 2231 1265 se
2260 1219 2313 1265 et

776 1299 1063 1364 sejunctim
1110 1308 1345 1352 exstare.

1000 1387 1269 1454 Ejusdem,
1294 1408 1357 1442 ea:
1385 1392 1662 1459 Glaphyris
1688 1392 1741 1442 in
1771 1389 2079 1442 Leviticum.

850 1495 867 1527 ι
899 1476 1038 1529 Duas
1066 1481 1328 1545 siquidem
1353 1484 1591 1533 aviculas
1613 1482 1763 1547 jubet
1787 1481 2053 1547 accipere,
2087 1478 2313 1532 mundas

777 1572 829 1616 et
872 1566 1044 1625 vivas,
1087 1574 1143 1617 ut
1186 1569 1455 1636 intelligas
1489 1584 1579 1635 per
1614 1570 1762 1621 vivos
1802 1569 1989 1630 alites,
2038 1569 2313 1620 cmlestem

779 1656 1051 1708 homian
1087 1660 1249 1711 simul
1282 1669 1333 1712 et
1382 1650 1543 1711 Deum
1593 1661 1647 1712 in
1692 1668 1916 1711 naturas
1950 1658 2085 1711 duas
2120 1657 2313 1709 distin-

777 1757 943 1807 ctum,
983 1763 1077 1813 pro
1124 1759 1485 1803 consentanea
1536 1751 1767 1817 singulis
1818 1751 2046 1803 ratione.
2082 1734 2311 1800 verbum

2416 609 2435 643 ι
2475 595 2678 660 φωνὰς,
2712 596 2803 647 καὶ
2839 595 2937 657 τὰς
2992 596 3111 663 μὲν,
3140 595 3213 655 ὡς
3253 593 3519 661 ἀνθρώπῳ
3567 590 3723 656 παρὰ
3760 592 3862 638 τον
3907 590 3966 636 ἐκ

2417 700 2435 733 ι
2478 683 2610 735 Θεοῦ
2641 684 2809 750 Λόγον
2843 684 3022 745 ἰδικῶς
3068 686 3337 749 νοουμένῳ
3385 680 3713 747 προσάπτει,
3754 677 3860 733 τὰς
3891 674 3965 737 δὲ,

2416 787 2435 819 ‹
2476 770 2547 831 ὡς
2585 770 2920 839 θεοπρεπεῖς,
2971 771 3114 838 μόνῳ
3144 769 3221 837 τῷ
3273 771 3335 820 ἐκ
3364 767 3495 818 Θεοῦ
3544 763 3756 831 [ἰατρὸς
3789 761 3965 827 Λόγῳ,

2415 876 2435 910 ι
2473 853 2625 920 οῦτος
2660 860 2797 910 ἔστω
2823 860 3164 928 κατάκριτος.
3195 860 3386 911 Φωνῶν
3434 857 3489 907 δὲ
3534 851 3807 921 διαφορὰν
3851 847 3967 899 κατ’

2416 965 2435 998 ι
2475 948 2662 1000 οὐδένα
2687 950 2885 1016 τρόπον
2908 950 3277 1018 ἀνῃρήκαμεν.
3312 962 3332 996 ι

2481 1121 2757 1188 Σχόιιιον·
2820 1122 3012 1190 Ὁρᾷς,
3065 1121 3140 1181 ὡς
3184 1120 3244 1170 οὐ
3293 1118 3356 1171 τδ
3402 1116 3495 1169 δύο
3549 1112 3748 1181 φύσεις
3790 1107 3968 1172 λέγειν

2412 1212 2776 1276 παραιτεῖται,
2811 1210 2944 1261 ἀλλά
2978 1210 3059 1274 τδ,
3100 1208 3208 1277 ἰδίᾳ
3234 1207 3327 1257 καὶ
3349 1204 3621 1272 ἀναμέρος
3644 1196 3823 1256 αὐτὲις
3846 1196 3971 1262 ὀμο-

2410 1299 2606 1365 λογεῖν.

2613 1387 2722 1440 Τοῦ
2754 1385 2957 1448 αὑτοῦ,
2987 1385 3053 1437 ἐκ
3093 1382 3197 1435 τοῦ
3218 1384 3305 1445 εἰς
3328 1380 3393 1432 τὸ
3426 1374 3759 1431 Λευττικόγ.

2483 1494 2502 1528 ι
2530 1479 2629 1528 Δύο
2658 1476 2756 1544 μὲν
2797 1475 2901 1542 γὰρ
2950 1473 3162 1541 ὀρνίθια
3199 1470 3467 1537 ληφθῆναι
3518 1463 3737 1516 κελεύει
3786 1458 3966 1521 ζῶντι

2410 1568 2505 1617 καὶ
2534 1565 2765 1631 καθαρὰ,
2791 1564 2876 1614 ἵνα
2903 1562 3101 1629 νοήσῃς
3131 1560 3216 1610 διὰ
3247 1556 3353 1608 τῶν
3376 1553 3636 1605 πετεινῶν
3670 1549 3765 1600 τδν
3800 1545 3967 1612 οὐρὰ-

2411 1671 2520 1705 νιον
2555 1653 2837 1721 ἄνθρωπον
2872 1648 3007 1715 ὁμοῦ
3053 1648 3146 1699 καὶ
3176 1645 3325 1707 Θεὸν,
3359 1646 3438 1703 εἰς
3479 1641 3571 1693 δύο
3616 1639 3721 1706 μὲν
3748 1633 3965 1721 φύσεις.

2413 1740 2533 1791 ὅσον
2558 1718 2690 1808 ἧκεν
2726 1739 2805 1800 εἰς
2835 1736 2924 1789 τὸν
2969 1735 3173 1804 ἑκάστῃ
3210 1731 3485 1801 πρέποντα
3511 1726 3697 1792 λόγον,
3734 1718 3969 1808 διαιρού-

776 1837 973 1902 Quippe
1011 1848 1124 1888 erat
1158 1854 1220 1889 ex
1254 1837 1361 1890 Deo
1393 1840 1547 1892 Patre
1601 1841 1653 1891 in
1682 1854 1845 1891 carne
1881 1853 1947 1891 ex
1980 1838 2195 1904 Virgine
2223 1851 2313 1888 as-
2344 1800 2387 1858 Β

2344 1800 2387 1858 Β
2417 1800 2593 1897 μενονί
2623 1827 2790 1893 Λόγος
2819 1825 2926 1892 γὰρ
2955 1819 3021 1892 ἦν
3047 1823 3075 1873 ὁ
3216 1800 3351 1871 Θεοῦ
3400 1815 3605 1883 [ἰατρὸς
3637 1807 3967 1904 ἀναλάμῇ

778 1934 989 1991 sumpta
1009 1927 1411 1992 splendescens,
1437 1929 1529 1981 sed
1551 1928 1687 1980 citra
1715 1927 2131 1994 sejunctionem.
2162 1924 2315 1981 Unus

775 2014 919 2065 enim
952 2025 1033 2068 est
1063 2032 1126 2068 ex
1164 2019 1427 2070 ambobus
1460 2018 1735 2071 Christus.
1773 2037 1790 2067 ι

1053 2105 1321 2172 Ejusdem,
1342 2121 1406 2159 ex
1431 2107 1575 2159 libris
1604 2109 1666 2160 de
1698 2109 1947 2161 Trinitate
1972 2107 2036 2159 "’.

849 2210 867 2242 ι
900 2193 1149 2248 Christus
1180 2197 1325 2247 velut
1362 2198 1655 2249 conﬁnium
1701 2198 1966 2262 quoddam
2005 2203 2087 2250 est
2113 2194 2313 2247 divini-

774 2280 903 2333 tatis
932 2288 986 2333 et
1017 2281 1383 2342 humanitatis,
1418 2284 1703 2350 utriusque
1730 2284 1934 2336 habens
1969 2292 2228 2355 tanquam
2260 2281 2314 2332 in

777 2385 945 2421 unum
983 2371 1293 2432 coitionem,
1324 2379 1378 2423 et
1423 2386 1607 2423 rerum
1652 2380 1844 2424 natura
1886 2370 2313 2438 discrepantium

775 2472 1104 2511 concursum
1149 2459 1204 2511 in
1242 2458 1578 2512 identitatem
1615 2474 1707 2527 per
1741 2460 1993 2513 unionem
2039 2467 2091 2511 et
2136 2456 2316 2523 impii.

776 2548 1064 2600 cationem.
1099 2564 1115 2597 ι

912 2636 1073 2703 426
1103 2637 1370 2701 Ejusdem,
1405 2651 1466 2688 ea:
1495 2636 1715 2702 epistola
1746 2635 1813 2687 ad
1845 2634 2177 2689 Succensum.

848 2743 865 2775 ι
923 2723 1356 2790 Dispensationis
1406 2726 1609 2792 itaque,
1670 2732 1727 2775 ut
1773 2723 2047 2782 dicebam,
2099 2719 2315 2773 modum
2368 2724 2369 2727 “

776 2814 958 2865 animo
990 2823 1327 2880 reputantes,
1376 2815 1619 2867 videmus
1675 2821 1900 2864 naturas
1940 2811 2077 2863 duas
2128 2818 2317 2862 mutuo

775 2903 1011 2955 coivisse
1041 2902 1308 2955 indivulsa
1343 2903 1562 2964 unione,
1588 2902 1734 2953 nulla
1769 2900 2146 2957 conversione,
2166 2897 2311 2949 nulla

779 2992 1096 3043 mutatione.
1138 2990 1266 3041 Nam
1328 3004 1456 3043 caro
1498 3004 1627 3041 caro
1678 2998 1791 3047 est,
1838 2997 1892 3040 et
1944 3000 2049 3038 non
2105 2984 2315 3046 Deitas;

2413 1890 2470 1969 έν
2497 1917 2657 1983 σαρκὶ
2690 1890 2754 1982 τῇ
2786 1915 2849 1965 ὲκ
2894 1890 3169 1977 γυναικὸς,
3201 1907 3337 1975 πλὴν
3376 1906 3436 1957 οὐ
3468 1902 3853 1972 μεριζόμενον.
3878 1890 3967 1953 Εἷς

2413 2006 2519 2074 γὰρ
2548 2005 2606 2067 ἐξ
2635 2006 2835 2071 ἀμφοῖν
2855 2005 2883 2054 ὁ
2917 2001 3166 2067 Χριστός.
3205 2017 3223 2049 ι

2569 2093 2678 2146 Τοῦ
2707 2090 2907 2154 αὑτοῦ,
2936 2092 3005 2141 ἐκ
3033 2089 3139 2141 τοῦ
3169 2086 3299 2152 περὶ
3331 2082 3567 2150 Τριάδος
3593 2079 3813 2145 λόγου.

2490 2197 2507 2230 ι
2539 2178 2801 2245 Μεθόριον
2833 2176 2887 2227 δὲ
2919 2175 3105 2242 ὥσπερ
3136 2190 3188 2224 τι
3235 2172 3485 2238 οεότητος
3527 2167 3620 2218 καὶ
3674 2157 3968 2245 ἀνθρωπύῗ

2412 2283 2592 2333 τητος,
2625 2266 2653 2315 ὁ
2684 2242 2914 2330 Χριστὸς
2948 2261 3047 2329 τὴν
3081 2262 3138 2311 ὲν
3168 2261 3197 2297 h
3239 2259 3437 2324 ἀμφοῖν
3469 2254 3603 2322 ἔχων
3653 2250 3731 2311 ὡς
3780 2249 3844 2298 ἐν
3893 2242 3972 2296 ἑνὶ

2415 2355 2652 2418 σύνοδον,
2680 2350 2900 2403 καὶτῶν
2932 2352 2997 2419 τῇ
3029 2348 3187 2415 φύσει
3212 2344 3567 2413 διεστηκότων
3594 2341 3697 2407 τὴν
3729 2338 3817 2398 εἰς
3840 2350 3971 2387 ταυ-

2413 2445 2610 2509 τότητα
2634 2437 2934 2508 συνδρομὴν
2959 2436 3079 2489 καθ’
3108 2437 3297 2488 ἕνωσιν
3330 2434 3420 2486 καὶ
3448 2427 3785 2494 ἀναπλοκήν.
3822 2441 3844 2475 ι

2421 2632 2529 2686 Τοῦ
2570 2623 2777 2691 αὑτοῦ,
2814 2628 2880 2678 ἐκ
2910 2626 3017 2692 τῆς
3044 2626 3192 2692 πρὸς
3231 2624 3569 2677 Σούκενσον
3604 2614 3969 2680 ἐπιστολῆς.

2489 2740 2508 2773 ι
2556 2719 2887 2781 Ἐννοοῦντες
2916 2717 3111 2781 τοίνυν,
3143 2716 3215 2777 ὡς
3240 2714 3394 2783 ἔφην,
3418 2714 3513 2780 τῆς
3535 2707 3855 2775 οἰκονομίας
3881 2704 3972 2756 τὸν

2417 2810 2635 2875 τρόπον,
2666 2805 2897 2875 ὁρῶμεν,
2932 2806 3011 2856 ὄτι
3056 2802 3147 2854 δύο
3178 2801 3362 2869 φύσεις
3404 2798 3662 2863 συνῆλθον
3704 2792 3972 2858 ἀλλήλαις

2419 2896 2540 2948 καθ’
2584 2896 2775 2946 ἕνωσιν
2805 2895 3187 2953 ἀδιάσπαστον,
3227 2889 3503 2956 ἀτρέπτως
3529 2902 3588 2935 τε
3622 2884 3721 2934 καὶ
3757 2882 3973 2947 ἀμετα-

2420 2982 2664 3051 6).ήτως’
2705 2984 2738 3050 ἡ
2789 2982 2897 3048 γὰρ
2934 2978 3088 3047 σάρξ,
3116 2976 3249 3047 σάρξ
3289 2978 3421 3037 ἐστι,
3446 2973 3537 3024 καὶ
3581 2973 3639 3022 οὐ
3674 2970 3894 3036 Οεάτης,
3925 2966 3973 3017 εἰ

776 3080 880 3133 etsi
908 3092 1033 3130 caro
1062 3078 1153 3130 Dei
1188 3078 1326 3128 facta
1358 3085 1462 3130 est.
1494 3075 1865 3129 Consimiliter
1893 3074 2053 3125 etiam
2084 3069 2317 3122 Verbum
2352 3084 2391 3138 α

2352 3084 2391 3138 c
2424 3073 2514 3122 καὶ
2543 3071 2729 3137 γέγονε
2762 3068 2895 3121 Θεοῦ
2922 3067 3055 3137 σάρξ
3075 3084 3089 3099 ·
3122 3067 3318 3133 ὁμοίως
3350 3064 3405 3115 δὲ
3446 3063 3538 3113 καὶ
3570 3064 3597 3112 ό
3631 3059 3812 3123 Λόγος
3842 3055 3973 3115 Θεός

776 3164 918 3217 Deus
951 3172 1054 3225 est,
1105 3171 1155 3216 et
1212 3178 1317 3215 non
1376 3178 1541 3224 caro,
1601 3164 1727 3214 licet
1774 3175 1994 3213 carnem
2048 3158 2319 3226 propriam

778 3252 1172 3319 dispensatoria
1206 3251 1416 3304 ratione
1453 3251 1558 3303 sibi
1602 3250 1811 3303 fecerit.
1844 3247 2012 3315 Igitur
2046 3261 2169 3298 cum
2219 3246 2321 3298 hoc

780 3341 1205 3403 consideramus,
1251 3340 1380 3391 nihil
1426 3339 1638 3405 injuriae
1678 3338 1980 3406 irrogamus
2028 3334 2321 3389 concursui

781 3429 884 3489 illi,
919 3429 1010 3495 qui
1057 3431 1108 3479 in
1161 3428 1423 3478 unitatem
1467 3426 1650 3480 desiit.
1710 3424 1942 3477 Dicendo
1995 3437 2059 3477 ex
2109 3423 2321 3475 naturis

780 3516 992 3568 duabus
1023 3530 1142 3568 cum
1177 3528 1316 3574 esse,
1347 3523 1471 3581 post
1501 3514 1801 3569 unitionem
1834 3512 2065 3572 scilicet,
2097 3519 2321 3564 naturas

782 3604 849 3655 ab
906 3603 1133 3655 invicem
1178 3616 1285 3653 non
1335 3601 1671 3661 dirimimus,
1731 3611 1829 3650 nec
1864 3598 2012 3649 illum
2048 3598 2137 3664 qui
2178 3612 2321 3652 unus

783 3689 1239 3756 indivisibilisque
1267 3696 1373 3751 est,
1424 3688 1478 3740 in
1534 3687 1673 3741 duos
1704 3686 1841 3739 ﬁlios
1878 3686 2198 3750 scindimus,
2226 3687 2317 3740 sed

783 3777 976 3831 Flllllﬂl
1004 3794 1167 3831 unum
1195 3778 1631 3846 pronuntiamus,
1663 3775 1919 3839 et,veluti
1950 3773 2138 3828 Patres
2170 3774 2322 3827 dixe-

782 3874 944 3926 runt,
999 3881 1154 3916 uuam
1211 3874 1454 3915 naturam
1511 3861 1662 3913 Verbi
1731 3862 2078 3913 incarnalam.
2141 3859 2323 3928 Itaque

782 3964 1042 4021 quantum
1097 3953 1147 4003 in
1195 3959 1425 4003 mentem
1460 3950 1625 4011 cadit,
1677 3957 1730 4002 et
1772 3950 1889 4001 solo
1926 3948 2094 4000 animi
2128 3948 2321 4001 obtutu

784 4039 1175 4093 considerando
1218 4053 1325 4105 qua
1384 4038 1593 4090 ratione
1645 4037 1954 4103 unigenitus
2019 4033 2195 4089 factus
2252 4036 2324 4089 sit

785 4128 968 4189 homo,
1002 4138 1224 4180 naturas
1265 4126 1398 4179 duas
1432 4140 1550 4180 esse
1584 4125 1759 4178 aimus
1792 4141 1806 4176 :
1848 4138 2013 4177 unum
2063 4138 2189 4177 vero
2231 4122 2322 4175 Fi-

790 4218 945 4282 lium,
985 4227 1037 4271 et
1066 4218 1364 4280 Christum,
1407 4225 1462 4270 et
1507 4216 1791 4270 Dominum
1822 4214 2164 4278 conﬁtemur,
2189 4213 2323 4268 Ver-

788 4307 914 4360 bum
943 4306 1031 4361 Dei
1075 4307 1273 4360 factum
1305 4306 1575 4358 hominem
1607 4313 1661 4357 et
1697 4304 2058 4357 incarnatum.
2092 4321 2111 4354 ι

2419 3159 2533 3208 ἐστι
2561 3158 2653 3209 καὶ
2685 3158 2743 3208 οὐ
2772 3156 2924 3224 σὰρξ,
2956 3157 3003 3206 εἰ
3035 3154 3127 3206 καὶ
3171 3154 3306 3204 ἰδίαν
3341 3151 3631 3217 ἐποιήσατο
3656 3147 3758 3214 τὴν
3791 3145 3976 3210 σάρκα

2419 3246 2791 3314 οἰκονομικῶς.
2822 3245 2989 3296 Ὅταν
3026 3242 3080 3293 δὲ
3137 3241 3401 3307 ἐννοῶμεν
3434 3236 3607 3297 τοῦτο,
3650 3232 3814 3283 οὐδὲν
3855 3231 3976 3281 ἀδι-

2420 3336 2621 3403 κοῦμεν
2658 3334 2757 3402 τὴν
2788 3333 2866 3394 εἰς
2910 3333 3132 3398 ἑνότητα
3162 3328 3464 3396 συνδρομήν
3487 3340 3499 3353 ·
3527 3322 3587 3374 τὸ
3624 3322 3693 3372 ὲκ
3724 3319 3827 3371 δύο
3872 3316 3977 3385 φύ-

2422 3440 2557 3476 σεων
2582 3422 2910 3489 γεγενῆσθαι
2944 3420 3210 3484 λέγοντες,
3243 3415 3377 3483 μετά
3410 3413 3587 3479 μέντοι
3614 3410 3717 3476 τὴν
3747 3406 3977 3465 ἕνωσιν,

2422 3509 2482 3561 οὺ
2508 3508 2819 3577 διαιροῦμεν
2843 3505 2940 3567 τὰς
2984 3503 3171 3572 φύσεις
3200 3502 3290 3553 ἀπ’
3318 3498 3576 3566 ἀλλήλων,
3608 3494 3731 3545 οὐδὲ
3759 3494 3849 3551 εἰς
3887 3490 3980 3541 δύο

2420 3599 2689 3666 τέμνομεν
2740 3596 2887 3655 υἱοὺς
2936 3594 3030 3645 τὸν
3065 3593 3161 3644 ἕνα
3207 3590 3300 3641 καὶ
3347 3587 3672 3655 ἀμέριστον,
3706 3580 3832 3633 ἀλλ’
3883 3579 3981 3630 ἕνα

2421 3688 2599 3756 φαμὲν
2620 3685 2751 3749 υἱὸν,
2787 3684 2900 3748 καὶ,
2929 3684 3000 3744 ὡς
3036 3681 3085 3733 οἰ
3120 3679 3356 3747 Πατέρες
3382 3669 3830 3756 εἰρήκασι,μίαν
3866 3667 3981 3734 φύ-

2420 3755 2526 3830 σιν
2551 3774 2656 3828 τοῦ
2685 3772 2831 3825 Θεοῦ
2858 3772 3046 3838 Λόγου
3073 3762 3553 3832 σεσαρκωμένην.
3579 3755 3823 3815 οὐκοῦν,
3857 3756 3981 3806 ὅσον

2425 3866 2523 3935 μὲν
2548 3859 2680 3932 ἦκεν
2711 3863 2790 3923 εἰς
2820 3861 3046 3919 ἔννοιαν,
3075 3858 3165 3909 xui.
3195 3857 3273 3915 εἰς
3305 3852 3458 3921 μόνον
3487 3849 3545 3899 τὸ
3576 3848 3706 3914 όρᾷν
3730 3847 3861 3905 τοῖς
3882 3842 3983 3909 τῆς

2420 3953 2592 4020 ψυχῆς
2626 3950 2856 4017 όμμασι,
2900 3949 3020 3998 τίνα
3044 3946 3242 4014 τρόπον
3291 3937 3709 4008 ὲνηνορώπηκεν

2422 4018 2600 4105 γενῆς,
2635 4036 2727 4086 δύο
2746 4035 2844 4093 τὰς
2881 4033 3066 4100 φύσεις
3090 4026 3230 4081 εἷναί
3249 4042 3458 4105 -φαμεν,
3487 4025 3580 4075 ἕνα
3604 4021 3662 4072 δὲ
3687 4019 3850 4081 Υἰδν,
3890 4018 3983 4069 καὶ

2422 4099 2652 4196 Χριστὸν
2676 4162 2692 4189 ,
2749 4124 2845 4175 καὶ
2890 4099 3090 4187 Κύριον
3128 4099 3487 4187 ὁμολόγοῦμεν
3514 4150 3528 4173 ,
3561 4111 3651 4161 τὸν
3702 4106 3806 4160 τοῦ
3844 4106 3983 4159 Θεοῦ

2420 4216 2589 4283 Λόγον
2611 4212 3093 4281 ὶνανθρωπήσαντα
3124 4207 3213 4259 καὶ
3242 4200 3669 4273 σεσαρκωμένον.
3698 4214 3719 4248 ι

859 4396 1123 4450 Scholium
1166 4411 1183 4449 :
1226 4396 1542 4450 Consideret
1601 4394 1850 4462 quisquis
1906 4402 2085 4447 mente
2153 4377 2404 4449 caecus”
2498 4429 2500 4436 ‹

2358 4377 2404 4431 Ῑ)
2498 4385 2774 4451 Σχόλιον,
2818 4378 3092 4431 Σκοπείτω
3132 4377 3235 4437 πᾶς
3264 4390 3347 4435 τις
3399 4371 3473 4439 μὴ
3520 4363 3985 4462 τυφλάιττωΙτδν

791 4502 900 4541 non
955 4496 1057 4548 est,
1112 4501 1330 4540 sensum
1374 4485 1534 4551 hujus
1570 4484 1767 4537 Patris.
1810 4481 1929 4535 Non
1972 4483 2115 4536 enim
2170 4483 2328 4546 dixit,

790 4575 921 4630 Post
974 4575 1273 4627 unitionem
1351 4582 1571 4626 naturas
1626 4586 1732 4624 non
1787 4572 2135 4633 conﬁtemur;
2202 4571 2327 4637 sed,

797 4684 817 4717 ο
863 4680 970 4717 non
1006 4663 1335 4716 dirimimus.
1368 4678 1385 4709 ι
1423 4659 1553 4713 Nam
1592 4659 1728 4712 duas
1773 4674 1892 4713 esse
1938 4660 2032 4723 ait,
2068 4678 2086 4709 ι
2128 4658 2321 4712 Filium

791 4768 921 4809 vero
954 4768 1142 4811 unum,
1174 4750 1573 4815 Christumque,
1607 4756 1659 4802 et
1692 4748 1993 4801 Dominum.
2034 4767 2050 4798 ι
2078 4748 2142 4801 Et
2175 4760 2322 4817 post-

793 4857 957 4911 quam
989 4841 1145 4921 di‘xit,
1184 4857 1202 4889 ι
1241 4838 1435 4890 Filium
1478 4852 1641 4889 unum
1672 4838 2099 4904 pronuntiamus,
2130 4855 2148 4887 ι
2193 4838 2320 4891 sub-

791 4932 987 5000 jungit,
1020 4947 1037 4979 ‹
1068 4938 1120 4981 et
1153 4935 1401 4979 naturam
1427 4939 1586 4977 unam
1617 4923 1772 4977 Verbi
1798 4925 2150 4977 incarnatam.
2177 4941 2197 4976 ι
2232 4923 2328 4977 Ubi

796 5030 1041 5076 naturam
1082 5027 1239 5071 vocat
1280 5015 1636 5083 hypostasim.
1670 5013 1782 5066 Non
1807 5014 1948 5066 enim
2000 5023 2191 5067 natura
2224 5024 2327 5077 est,

2432 4450 2576 4532 νοῦν,
2608 4468 2700 4520 τοῦ
2731 4466 2938 4535 Πατρὸς
2967 4463 3061 4532 τὴν
3087 4463 3311 4513 ἔννοιαν.
3336 4458 3446 4509 Οὐκ
3500 4450 3615 4507 εἰπε
3643 4452 3781 4519 γὰρ,
3828 4450 3987 4503 Μετά

2438 4560 2616 4629 μέντοι
2668 4557 2767 4625 τὴν
2823 4556 3034 4616 ἕνωσιν,
3093 4552 3187 4618 οὐχ
3224 4546 3583 4617 ὁμολογοῦμεν
3624 4541 3726 4602 τὰς
3759 4539 3986 4629 φύσεις,

2432 4623 2564 4711 ἀλλ’,
2606 4663 2624 4697 ι
2657 4623 3097 4711 Οὐλδιαιροῦμεν·
3128 4658 3147 4690 ι
3191 4638 3293 4689 Δύο
3321 4636 3426 4703 γὰρ
3464 4634 3561 4693 τὰς
3596 4629 3797 4697 φύσεις
3844 4623 3988 4679 εἶναί

2435 4754 2617 4807 φησιν,
2648 4754 2666 4785 ι
2697 4734 2827 4785 "Eva
2855 4732 2910 4783 δὲ
2952 4730 3099 4792 Υἰὸν,
3133 4728 3225 4779 καὶ
3257 4724 3505 4794 Χριστὸν,
3545 4721 3635 4773 καὶ
3676 4718 3930 4787 Κύριονσ
3962 4736 3983 4768 ι

2436 4829 2525 4878 καὶ
2582 4823 2769 4885 εἰπὼν,
2830 4841 2847 4873 ι
2890 4821 2985 4873 ἕνα
3032 4818 3207 4886 φαμὲν
3252 4816 3406 4879 Υἰὸν,
3445 4832 3463 4862 ι
3509 4812 3791 4879 ἐπήγαγε,
3833 4826 3854 4859 ι
3895 4808 3989 4861 καὶ

2433 4916 2559 4985 μίαν
2608 4914 2766 4980 φύσιν
2826 4910 2918 4962 τοῦ
2964 4909 3133 4975 Λόγου
3194 4901 3645 4973 σεσαρκωμένην,
3710 4916 3729 4947 ›
3788 4898 3989 4963 φύσιν

2430 5002 2662 5058 ἐνταῦθα
2703 5001 2800 5069 τὴν
2846 5000 3131 5051 ὑπόστασιν
3185 4994 3471 5063 ὀνομάσας.
3513 4989 3585 5041 Uti
3631 4987 3743 5054 γὰρ
3795 4986 3987 5052 φύσις,

797 5116 890 5162 aut
919 5104 1223 5163 substantia
1250 5076 1443 5162 Filius.
1471 5101 1563 5154 sed
1592 5100 1920 5169 hypostasis.
1943 5099 2073 5153 Nam
2105 5102 2149 5154 si
2189 5076 2334 5156 esset
2430 5098 2438 5147 ἰ

2430 5098 2545 5163 ἦτοι
2589 5093 2763 5156 οὐσία,
2793 5092 2821 5142 ό
2877 5090 3021 5152 Υἱὸς,
3064 5086 3177 5140 ἀλλ’
3225 5084 3533 5142 ὑπόστασις.
3593 5078 3655 5130 Εἰ
3713 5076 3834 5145 γὰρ
3885 5076 3986 5176 φυξ-

798 5204 1013 5259 natura,
1045 5210 1164 5247 cum
1205 5191 1364 5244 Pater
1394 5190 1563 5245 Filius
1610 5206 1720 5243 non
1756 5190 1847 5252 sit,
1899 5189 2057 5245 Pater
2087 5191 2329 5258 ejusdem

850 5354 1199 5423 "Anathem.
1239 5368 1293 5420 4.
1363 5367 1406 5396 ⁵⁷
1442 5365 1561 5421 Lib.
1607 5382 1666 5421 ιιι
1701 5365 1768 5420 ad
1804 5355 1980 5421 Herm.

2433 5202 2515 5247 σις
2559 5186 2588 5236 ὁ
2648 5182 2807 5245 Υἱὸς,
2859 5180 2957 5231 οὐκ
3008 5178 3119 5230 ἔστι
3164 5176 3220 5229 δὲ
3266 5176 3295 5228 ὁ
3349 5171 3531 5240 Πατὴρ
3572 5169 3743 5231 Υἱὸς,
3782 5168 3989 5221 οὐκῶν

2079 5509 2303 5566 VAlll/E
2344 5505 2730 5563 LECTIONES.

880 5622 907 5666 ι
942 5624 1101 5681 Deest
1131 5627 1187 5680 tv
1216 5626 1266 5680 in
1306 5626 1480 5681 editis.
