4156 6436
190 409 326 478 2501

1414 410 1708 477 CONTRA
1745 416 2154 476 JACOBITAS.

3226 412 3361 477 nos

184 524 296 578 οὐδ’
341 522 407 577 ἂν
435 520 518 593 εἴη
566 523 595 574 ὁ
625 523 812 592 Πατὴρ
853 524 950 590 τῆς
997 520 1164 589 αὐτῆς
1205 522 1413 588 φύσεως
1457 522 1532 591 τῷ
1570 523 1722 592 Υίῷ·
1750 529 1825 587 Αη

1709 539 1722 555 ·
1750 529 1796 587 Α
1824 538 1890 576 ac
1923 523 2090 577 Filius
2123 529 2328 574 natura:
2362 536 2467 575 non
2500 520 2656 576 foret.
2690 521 2938 574 Attamen
2968 527 3218 573 naturam
3239 531 3350 572 car-

187 613 456 682 ὅμωςίὶιαὶ
506 613 600 679 τῆς
637 611 833 678 σαρκὸς
863 608 1188 661 ἐνδείκνυται
1213 609 1312 678 τὴν
1354 611 1547 677 φύσιν,
1587 612 1720 679 πρὸς

183 701 277 751 τὸν
307 699 466 751 αὐτὸν
489 699 782 749 Σούκενσον
806 696 1056 764 γράφων·
1088 699 1223 750 ὥστε
1250 698 1296 748 εί
1326 699 1417 749 καὶ
1445 698 1721 766 καθ’ὑμᾶς

181 789 371 841 οὐσίαν
396 786 624 839 ἐνταῦθα
651 788 748 854 τὴν
778 786 936 853 φύσιν
968 788 1149 854 φησιν,
1176 787 1470 854 εἰσκομίζει
1503 788 1596 838 καὶ
1624 787 1720 856 τὴν

181 878 283 944 τῆς
310 876 509 945 σαρκὸς
539 876 697 942 φύσιν
738 875 825 928 διὰ
853 874 946 927 τοῦ
985 879 1187 941 εἰπεῖν,
1239 876 1714 944 σεσαρκωμένην.

182 965 389 1032 Γράφει
420 964 548 1029 γοῦν
577 962 769 1025 οὕτως·

223 1052 333 1105 Τοῦ
364 1052 567 1114 αὑτοῦ,
592 1052 658 1104 ἐκ
699 1050 808 1116 τῆς
848 1052 995 1116 πρὸς
1043 1053 1380 1103 Σούκενσον
1406 1052 1682 1116 δευτέρας

779 1117 1117 1183 ἐπιστολῆς.

256 1224 279 1258 ι
315 1207 377 1260 Εἰ
416 1207 514 1277 μὲν
545 1205 653 1273 γὰρ
679 1211 826 1274 μίαν
852 1208 1118 1269 εἰπόντες
1156 1206 1259 1259 τοῦ
1282 1207 1471 1273 Λόγου
1508 1207 1713 1272 φύσιν,

178 1296 570 1363 σεσιγήκαμεν,
599 1297 696 1347 οὐκ
722 1295 1104 1361 ἐπενεγκόντες
1135 1295 1212 1355 τὸ,
1235 1296 1713 1361 σεσαρκωμένην,

175 1382 297 1435 ἀλλ’
329 1378 439 1436 οἷον
484 1382 587 1446 ἔξω
620 1384 859 1445 τιθέντες
901 1384 997 1452 τὴν
1045 1383 1348 1448 οἰκονομίαν
1372 1424 1385 1445 ,
1439 1379 1505 1450 ἦν
1534 1382 1715 1444 αὐτοῖς

171 1470 321 1539 τάχα
369 1486 473 1521 που
526 1470 620 1521 καὶ
670 1469 926 1529 ἀπίθανος
962 1471 989 1521 ὁ
1034 1469 1185 1535 λόγος
1238 1469 1714 1537 προσποιουμένοις

158 1556 407 1627 ἐρωτᾷν,
446 1559 495 1609 εί
529 1556 625 1624 μία
671 1556 830 1625 φύσις
880 1556 939 1608 τὸ
969 1557 1105 1622 ὅλον,
1158 1555 1259 1607 ποῦ
1311 1556 1371 1608 τὸ
1414 1556 1612 1608 τέλειον
1657 1558 1713 1607 ὲν

170 1645 577 1714 ἀνθρωπότητι,
607 1646 639 1713 ἢ
671 1646 786 1707 πῶς
814 1645 1113 1714 ὑφέστηκεν
1138 1647 1171 1713 ἡ
1203 1645 1321 1696 καθ’
1351 1646 1383 1713 ἡ
1393 1646 1494 1712 μᾶς
1522 1644 1676 1696 οὐσία
1695 1659 1708 1673 °

170 1736 365 1806 ἐπειδὴ
393 1736 448 1789 δὲ
481 1738 574 1789 καὶ
601 1739 633 1805 ἡ
668 1739 726 1789 ὲν
769 1737 1139 1805 ἀνθρωπότητι
1164 1737 1457 1803 τελειότης.·
1497 1738 1587 1789 καὶ
1611 1736 1712 1803 τῆς

1820 612 1906 664 nis
1951 610 2172 673 indicat,
2209 624 2331 663 cum
2364 608 2430 661 ad
2480 609 2725 662 eumdem
2775 608 3104 661 Succensum
3144 606 3356 662 scribit.

1818 698 2181 763 Quamobrem
2230 697 2331 751 etsi
2392 698 2777 758 substantiam,
2831 696 3211 755 essentiamve,
3267 694 3357 745 hic

1817 794 2067 839 naturam
2121 784 2346 854 perinde
2373 799 2435 838 ac
2472 799 2565 838 vos
2617 783 3138 853 appellalhindueit
3187 782 3351 834 etiam

1817 882 2067 927 naturam
2097 873 2299 938 carnis,
2329 890 2450 928 cum
2485 875 2585 938 ait,
2631 874 2979 924 incarnatam.
3030 871 3107 923 lta
3155 870 3353 938 quippe

1816 966 2034 1021 scribit:

1920 1054 2185 1121 Ejusdem,
2207 1067 2270 1104 ea:
2308 1053 2532 1105 secunda
2559 1051 2625 1102 ad
2654 1052 2964 1103 Succensum
2997 1050 3238 1115 epistola.

1888 1228 1905 1260 ι
1945 1210 2003 1263 Si
2036 1210 2180 1263 enim
2207 1224 2363 1260 unam
2409 1207 2561 1260 Verbi
2593 1218 2838 1259 naturam
2895 1205 3144 1267 dicendo,
3177 1208 3352 1258 conti-

1812 1301 2140 1360 euissemus,
2170 1312 2269 1351 nec
2295 1298 2795 1364 subjunxissemus,
2822 1296 3167 1355 incarnatam,
3206 1296 3350 1349 velut

1812 1389 2031 1442 exclusa
2058 1387 2450 1441 incarnationis
2474 1384 2902 1454 dispensatione,
2929 1391 3074 1437 esset
3102 1382 3350 1437 fortassis

1811 1492 1996 1532 eorum
2032 1492 2138 1530 non
2171 1476 2386 1544 ineptus
2427 1490 2627 1537 sermo,
2664 1488 2787 1527 eum
2827 1487 3018 1542 rogare
3047 1466 3344 1525 simulant‘:

1811 1568 1855 1620 si
1888 1581 1990 1619 una
2023 1573 2214 1618 natura
2242 1572 2413 1618 totum
2441 1572 2541 1626 est,
2578 1563 2795 1616 ubinam
2820 1562 2908 1613 illa
2939 1563 2989 1613 in
3019 1556 3349 1614 humanitate

1810 1653 2070 1722 perfectio
2103 1654 2194 1714 sit,
2228 1660 2323 1706 aut
2352 1667 2459 1720 quo
2500 1663 2656 1720 pacto
2688 1657 2879 1703 natura
2934 1660 3120 1702 nostra
3169 1648 3348 1701 consi—

1812 1740 1961 1795 stat?
1988 1741 2244 1809 quoniam
2280 1754 2407 1793 vero
2437 1736 3204 1804 incantatampronuntiando,
3230 1736 3345 1802 ipsa

168 1823 297 1876 καθ’
320 1826 463 1892 ἡμᾶς
496 1825 680 1887 οὐσίας
708 1828 741 1893 ή
783 1825 1009 1893 δήλωσις
1044 1826 1446 1892 είσκεκόμισται
1494 1825 1579 1876 διὰ
1616 1824 1708 1877 τοῦ
1741 1814 1783 1871 Β

1704 1825 1708 1871 ἱ
1741 1814 1783 1871 Β
1809 1845 2023 1899 quoque
2053 1829 2316 1898 perfectio
2346 1826 2524 1897 quoad
2570 1826 2981 1883 humanitatem.
3016 1832 3069 1878 et
3100 1825 3345 1877 essentia:

165 1913 386 1973 εἰπεῖν,
434 1914 929 1980 σεσαρκωμένην,
977 1913 1369 1966 παυσάσθωσαν
1411 1912 1709 1982 καλαμίνην

167 2001 366 2070 ῥάϐδον
394 2003 602 2064 ἑαυτοῖς
631 2003 1047 2070 ὑποστήσαντες.
1078 2021 1096 2053 ι

244 2091 516 2158 Σχόλιον.
554 2090 836 2143 Παύσασθε
876 2091 1177 2159 τοιγαροῦν,
1210 2083 1253 2144 ὦ
1282 2084 1443 2151 οὗτοι,
1478 2090 1708 2158 καλαμίσ

164 2196 269 2248 νην
307 2179 497 2248 ρἀδον
547 2181 756 2242 ἑαυτοῖς
806 2180 1229 2247 ὑποστήσαντες,
1289 2179 1365 2246 τῷ
1410 2178 1704 2248 διδασκάλῳ

164 2268 499 2335 πειθόμενοι.
544 2268 635 2321 Ἰδὲ
667 2271 775 2338 γὰρ
805 2271 986 2337 σαφῶς
1019 2270 1201 2338 εἴρηκε
1229 2268 1315 2319 διὰ
1336 2268 1447 2329 τοῦ,
1482 2282 1701 2333 σεσαρ-

163 2354 460 2422 κωμένην,
494 2357 664 2408 εἰπεῖν
702 2358 798 2425 τὴν
844 2358 900 2407 ὲν
946 2356 1314 2424 ἀνθρωπότητι
1376 2353 1699 2420 τελειότητα,

164 2445 266 2498 καὶ
300 2443 400 2512 τῆς
440 2444 560 2496 καθ’
606 2447 750 2513 ἡμᾶς
780 2444 964 2507 οὐσίας
1008 2445 1103 2513 τὴν
1132 2443 1353 2511 δήλωσιν
1400 2441 1703 2509 εἰσκεκομί-

163 2534 312 2594 σθαι,
346 2533 440 2585 καὶ
471 2533 544 2596 ὡς
596 2536 652 2586 οὺ
686 2535 780 2603 μία
818 2535 976 2601 φύσις
1012 2535 1071 2586 τὸ
1100 2534 1214 2586 ὅλον
1248 2533 1417 2586 ἐστίν·
1462 2533 1509 2583 εί
1555 2533 1610 2584 δὲ
1639 2532 1698 2584 οὺ

165 2623 291 2691 μία,
318 2622 480 2675 παντί
511 2639 611 2674 που
644 2624 817 2689 δῆλον,
845 2623 918 2684 ὼς
944 2622 1053 2673 δύο.

164 2712 282 2768 Τοῦ
319 2712 488 2774 ἁγίου
539 2712 815 2764 Ἰωάννου
863 2712 966 2763 τοῦ
999 2711 1444 2776 Χρυσοστόμου,
1478 2709 1546 2761 ἐκ
1594 2707 1700 2761 τοῦ

385 2784 392 2792 ’
509 2782 594 2843 εἰς
625 2780 729 2830 τὸν
765 2777 1021 2844 Λάζαρον
1055 2780 1233 2843 λόγου
1257 2777 1350 2843 (9).

242 2884 262 2918 ι
289 2867 619 2935 Κασσίτερος
659 2865 906 2933 μολίϐδου
945 2867 1036 2914 καὶ
1065 2862 1300 2931 ἀργύρου
1336 2862 1573 2929 μετέχειο
1603 2860 1700 2929 ἀρ-

159 2954 329 3023 γύρου
370 2954 470 3024 τὴν
522 2954 668 3022 ὄψιν,
707 2954 953 3023 μολίϐδου
992 2953 1087 3020 τὴν
1126 2951 1316 3018 φύσινσ
1356 2949 1495 3001 οὓτω
1545 2950 1634 3001 καὶ
1668 2950 1697 3001 ὁ

158 3042 393 3113 Χριστὸς
420 3044 551 3105 Θεὸς
584 3044 657 3095 ὢν
691 3043 783 3094 καὶ
825 3041 1122 3109 ἄνθρωπος,
1159 3040 1251 3099 τὰς
1298 3038 1388 3089 δύο
1420 3038 1605 3105 φύσεις
1639 3039 1696 3089 ὲν

1805 1929 2004 1973 nostra!
2036 1918 2325 1972 declaratio
2385 1917 2551 1968 allata
2605 1923 2710 1975 est,
2774 1913 2929 1967 inniti
2955 1911 3064 1980 jam
3097 1912 3346 1967 desinant

1805 2007 1999 2062 baculo
2030 2007 2350 2059 arundineo.
2392 2024 2411 2058 ι

1874 2095 2136 2150 Scholium
2169 2112 2187 2149 :
2228 2094 2467 2149 Desinite
2528 2103 2711 2161 itaque
2762 2102 2815 2145 et
2870 2106 2969 2144 vos
3020 2091 3211 2145 baculo
3244 2089 3342 2143 niti

1803 2187 2136 2252 arundinea,
2188 2199 2394 2239 morem
2437 2191 2688 2252 gerentes
2740 2182 2971 2234 doctori.
3022 2180 3158 2233 Ecce
3198 2181 3341 2233 enim

1803 2276 2104 2330 luculenter
2136 2274 2234 2337 ait,
2277 2275 2607 2326 incarnatam
2641 2270 3042 2340 pronuntiando
3064 2308 3079 2334 ,
3138 2270 3343 2336 signifi-

1800 2365 1913 2418 cari
1946 2363 2330 2433 perfectiunem
2365 2361 2545 2431 quoad
2577 2362 2981 2421 humanitatem,
3006 2373 3341 2427 expressam-

1799 2468 1905 2522 que.
1958 2452 2280 2506 substantia:
2330 2459 2533 2503 nostrae
2578 2449 3039 2510 declarationem;
3090 2448 3198 2499 imo
3231 2462 3339 2499 non

1798 2554 1961 2593 unam
1991 2548 2240 2591 naturam
2277 2545 2449 2591 totum
2496 2552 2635 2592 esse.
2690 2536 2746 2589 Si
2802 2547 2980 2589 autem
3040 2551 3148 2589 non
3200 2550 3337 2601 una,

1796 2626 1996 2679 nemini
2028 2640 2136 2677 non
2172 2628 2515 2692 perspicuum
2546 2632 2630 2677 est
2660 2624 2796 2677 duas
2823 2637 2962 2677 esse.

1798 2711 1981 2767 Sancti
1999 2711 2224 2778 Joannis
2246 2711 2624 2780 Chrysostomi,
2652 2726 2713 2762 ea:
2731 2726 2960 2763 sermone
2980 2710 3031 2761 in
3053 2708 3334 2760 Lazarum.

1873 2873 1891 2906 ι
1935 2855 2200 2909 Stannum
2229 2856 2434 2925 plumbi
2464 2866 2517 2910 et
2559 2856 2765 2925 argenti
2798 2862 3068 2923 particeps
3100 2862 3204 2916 est,
3248 2861 3338 2909 ar-

1796 2945 1942 3013 genti
1965 2945 2181 3012 quidem
2208 2946 2386 3012 quoad
2419 2955 2720 3015 aspectum,
2743 2946 2945 3015 plumbi
2968 2960 3098 2998 vero
3121 2954 3334 3002 natura.

1797 3032 1886 3087 Sic
1915 3033 2166 3088 Christus
2192 3032 2332 3088 Deus
2357 3044 2409 3088 et
2434 3035 2593 3088 homo
2622 3050 2741 3088 cum
2776 3036 2867 3095 sit,
2892 3034 3026 3088 duas
3063 3037 3115 3088 in
3158 3036 3337 3105 scipso

157 3101 340 3198 ἑαυτῷ
368 3101 637 3191 ἀποσώζει
688 3127 813 3199 [τὰς
852 3101 1072 3196 φύσεις]
1101 3101 1238 3177 οὓτω
1297 3125 1388 3176 καὶ
1432 3101 1588 3187 αὐτὸς
1638 3125 1696 3177 έν
1722 3101 1764 3157 C

1693 3101 1764 3161 >C
1798 3131 2024 3175 naturas
2058 3117 2366 3175 conservat.
2416 3122 2508 3176 Sic
2555 3132 2610 3177 et
2649 3124 2764 3191 ipse
2814 3125 2868 3178 in
2904 3125 3036 3194 ipsis
3083 3133 3186 3191 est,
3238 3101 3334 3180 nec

156 3210 350 3276 αὐταῖς
371 3217 539 3281 ἐστιν,
560 3216 658 3284 οὐχ
687 3215 941 3283 ὑπάρχων
970 3213 1151 3282 ἓτερον
1180 3212 1305 3281 παρ’
1333 3212 1517 3273 αὐτάς.

1800 3210 1944 3264 aliud
1981 3218 2178 3281 praeter
2202 3212 2344 3281 ipsas
2374 3214 2607 3267 exsistit.

229 3300 387 3372 427
423 3302 688 3356 Scholium
713 3301 824 3370 (10)
862 3319 873 3353 :
904 3299 1134 3355 Necesse
1175 3315 1280 3353 non
1313 3308 1395 3352 est
1428 3306 1484 3350 ut
1512 3296 1814 3366 exemplum
1845 3299 1996 3352 omni
2036 3307 2191 3369 parte
2257 3300 2665 3356 similitudinem
2729 3301 2927 3356 referat
2995 3304 3141 3358 illius
3211 3317 3331 3358 eum

154 3408 276 3463 quo
307 3386 676 3466 componitur.
711 3388 979 3443 Stannum
1013 3402 1134 3442 csse
1165 3388 1379 3455 quidem
1410 3393 1689 3454 argentum
1728 3384 1967 3451 videtur,
2043 3386 2137 3441 sed
2185 3402 2293 3440 non
2366 3396 2448 3442 est
2485 3407 2498 3442 :
2543 3389 2793 3445 Christus
2838 3400 3015 3445 autem
3071 3407 3198 3447 vero
3247 3390 3336 3451 est.

154 3484 344 3542 homo.

159 3575 274 3653 Τοῦ
304 3574 505 3639 αὐτοῦ,
527 3574 593 3626 ἐκ
614 3575 721 3641 τῆς
753 3572 1232 3693 ῗὲρὲτιὲἓὲῗάριον
1252 3571 1354 3623 τὸν
1374 3569 1695 3639 μονάζοντα

725 3694 731 3701 ,
758 3656 1099 3707 επιστολης.

233 3748 253 3783 ι
280 3728 437 3785 οὕτω
476 3729 746 3781 κάνταῦθα
772 3728 872 3796 τῆς
901 3728 1049 3790 θείας
1078 3726 1221 3796 αὐτῷ
1254 3727 1463 3795 φύσεως
1490 3727 1694 3795 ἐνιδρυ-

155 3817 352 3889 σάσης,
378 3819 475 3871 Ξνα
504 3818 651 3881 Υίδν,
679 3818 736 3869 ἓν
761 3817 1062 3886 πρόσωπον,
1085 3817 1146 3869 τὸ
1172 3816 1569 3884 συναμφότερον
1589 3816 1693 3866 ἀπ-

150 3908 389 3972 ετέλεσε,
417 3906 812 3978 γνωριζόμενον
857 3906 1038 3976 μέντοι
1085 3906 1367 3973 ἀδιαιρέτῳ
1402 3905 1494 3955 καὶ
1528 3906 1692 3972 ἀσυγ-

150 3998 302 4069 χὺτῳ
325 3998 496 4065 λόγῳο
527 3997 625 4048 οὒκ
654 3998 711 4048 ὲν
742 3998 841 4064 μιᾷ
884 3996 1017 4065 μόνῃ
1044 3998 1108 4064 τῇ
1135 3996 1311 4062 φύσει,
1336 3994 1449 4045 ἀλλ’
1477 3996 1532 4045 ὲν
1573 3993 1692 4045 δυσὶ

147 4085 547 4149 τελείαις.Ἐπὶ
578 4084 684 4155 γὰρ
712 4086 861 4153 μιᾶς,
896 4084 998 4136 ποῦ
1028 4085 1086 4136 τὸ
1120 4085 1455 4151 ἀσύγχυτονς
1500 4083 1602 4135 ποῦ
1632 4084 1692 4135 τὸ

146 4175 493 4245 ἀδιαίρετονς
528 4173 632 4225 ποῦ
666 4176 699 4241 ἡ
726 4173 915 4235 ἓνωσις
939 4172 1145 4241 λεχθείη
1173 4187 1185 4201 ’
1216 4173 1377 4240 ἑαυτῇ
1407 4170 1694 4239 γάρσένοῦ-

151 4263 278 4318 σθαι
323 4263 356 4333 ἢ
405 4262 723 4328 διαιρεῖσθαι
769 4261 1044 4314 ἀδύνατον.
1078 4261 1231 4322 Uolo;
1271 4260 1401 4329 ᾅδης
1430 4260 1690 4328 ἡρεύξατο

150 4352 284 4424 μίαν
310 4353 403 4405 ἐπὶ
431 4351 665 4421 Χριστοῦ
697 4349 853 4418 φύσιν
884 4350 1059 4417 λέγειν
1092 4349 1225 4418 μετὰ
1266 4349 1361 4418 τὴν
1399 4349 1618 4414 ἓνωσιν;
1653 4350 1684 4419 ἢ

1859 3564 2129 3632 Ejusdem,
2166 3580 2230 3618 ea:
2264 3567 2479 3633 epistola
2519 3567 2585 3619 ad
2615 3567 2903 3622 Cmarium
2931 3573 3261 3625 monac/mm.
3306 3641 3310 3646 .

1866 3754 1883 3786 ι
1923 3734 2016 3789 Sic
2045 3736 2210 3790 etiam
2243 3736 2331 3791 hic
2362 3737 2545 3792 divina
2578 3750 2769 3793 natura
2806 3740 2859 3793 in
2892 3741 3008 3809 ipso
3039 3741 3341 3806 insidente,‘

1793 3838 1958 3876 unum
2002 3823 2222 3886 Filium,
2266 3841 2426 3878 unam
2466 3843 2774 3896 personam,
2811 3837 3101 3899 utrumque
3131 3832 3333 3885 consti-

1792 3913 1924 3976 tuit;
1975 3913 2068 3981 qui
2120 3914 2335 3982 quidem
2390 3915 2623 3971 indivisa
2674 3918 3069 3987 ineonfusaque
3122 3922 3333 3978 ratione

1790 4002 2117 4068 agnoscitur,
2154 4018 2259 4056 non
2292 4003 2345 4056 in
2371 4020 2476 4057 una
2508 4007 2622 4059 sola
2666 4017 2879 4068 natura,
2909 4009 3000 4062 sed
3034 4009 3088 4060 in
3119 4010 3329 4065 duabus

1788 4088 2065 4157 perfectis.
2088 4090 2143 4145 Si
2175 4093 2393 4161 quidem
2424 4095 2478 4147 in
2514 4110 2641 4158 una,
2681 4097 2770 4149 ubi
2798 4098 2950 4160 illud,
2976 4100 3114 4151 citra
3138 4099 3327 4152 confu-

1787 4180 2033 4234 sionem?
2055 4181 2145 4235 ubi
2159 4191 2312 4236 extra
2335 4184 2698 4237 divisionem?
2727 4187 2813 4238 ubi
2844 4187 2972 4240 unio
2997 4188 3101 4240 dici
3134 4187 3331 4255 queat?

1790 4264 1961 4318 Unam
2007 4268 2149 4321 enim
2184 4270 2286 4323 sibi
2330 4269 2431 4338 ipsi
2481 4272 2647 4335 uniri,
2678 4274 2759 4326 vel
2792 4274 2958 4328 dividi
2990 4276 3329 4343 impossibile

1787 4361 1889 4406 est.
1945 4354 2078 4419 Quis
2138 4354 2381 4411 infernus
2436 4359 2737 4413 eructando
2771 4361 3010 4428 protulit,
3056 4377 3218 4414 unam
3272 4363 3327 4416 in

144 4440 263 4512 γὰρ
300 4439 399 4509 τὴν
442 4439 590 4492 θείαν
644 4438 800 4505 φύσιν
843 4437 1177 4506 κρατοῦντες,
1213 4436 1308 4507 τὴν
1357 4437 1692 4508 ἀνθρωπίνην
1724 4444 1767 4497 D

1685 4460 1692 4485 ν
1724 4444 1767 4497 D
1796 4441 2015 4496 Christo
2046 4452 2293 4496 naturam
2347 4454 2470 4514 post
2498 4449 2839 4502 unitionem?
2872 4448 2959 4502 Vel
2994 4452 3135 4503 enim
3189 4450 3326 4504 divi-

144 4528 461 4600 ἀρνοῦνται,
496 4528 638 4597 φημὶ
660 4527 758 4597 τὴν
788 4527 1054 4596 ἡμετέραν
1087 4528 1381 4595 σωτηρίαν·
1417 4529 1448 4597 ἢ
1486 4529 1582 4598 τὴν
1602 4531 1691 4581 ἀν-

146 4617 431 4689 θρωπίνην
468 4619 804 4685 κατέχοντες,
833 4617 933 4684 τῆς
964 4617 1110 4679 θείας
1153 4616 1361 4685 φύσεως
1394 4618 1489 4687 τὴν
1523 4620 1688 4689 ἄρνη-

147 4725 241 4762 σιν
283 4708 591 4760 ποιοῦνταιο
626 4707 747 4759 ἐπεὶ
790 4706 1090 4774 λεγέτωσαν
1136 4710 1258 4759 ποῖα
1303 4707 1603 4761 ἀπολώλεκε
1630 4711 1691 4762 τὸ

149 4794 327 4858 mw;
360 4795 423 4846 Ei
451 4794 557 4864 γὰρ
606 4794 686 4846 ἔτι
734 4794 965 4863 ἐρῤωται
1011 4795 1043 4863 ἡ
1088 4793 1297 4855 ἓνωσις,
1346 4794 1557 4857 πάντως
1598 4799 1691 4849 καὶ

148 4882 292 4951 μετά
339 4885 436 4952 τῆς
477 4881 715 4943 ὲνώσεως
748 4881 1006 4949 ίδιὼματα
1052 4880 1421 4943 ἀποσώζεσθαι
1451 4885 1681 4955 ἀνάγκη.

157 4969 315 5023 Ἐπεὶ
342 4970 438 5039 οὐχ
468 4970 655 5030 ἓνωσις
678 4968 849 5032 τοῦτο,
881 4967 1010 5021 ἀλλὰ
1053 4968 1307 5037 σύγχυσις
1352 4969 1441 5021 καὶ
1489 4973 1682 5039 ἀφανι-

145 5056 287 5128 σμὸς
312 5058 419 5113 τῶν
448 5058 676 5127 φύσεων.
713 5074 731 5107 ι

1788 4546 1911 4584 nam
1968 4540 2219 4586 naturam
2278 4544 2558 4599 tenentes,
2610 4537 2897 4591 humanam
2955 4549 3181 4608 negant,
3219 4540 3327 4592 imo

1788 4629 2025 4673 nostram
2056 4622 2273 4692 inquam
2308 4625 2538 4678 salutem
2574 4643 2587 4679 :
2624 4636 2715 4679 aut
2750 4627 3038 4680 humanam
3058 4637 3325 4695 tenentes,

1787 4710 2022 4766 divinam
2055 4724 2304 4766 naturam
2361 4716 2594 4783 ejurant.
2636 4716 2905 4780 Quocirca
2941 4718 3144 4777 dicant,
3179 4734 3323 4786 qua:-

1786 4814 1911 4852 nam
1948 4802 2091 4869 quod
2141 4804 2424 4872 prOprium
2479 4808 2585 4860 sibi
2623 4816 2762 4871 erat,
2816 4808 3040 4860 amisit?
3075 4807 3224 4859 'Nam
3278 4809 3322 4867 si

1791 4888 1966 4942 adhuc
2007 4892 2154 4945 salva
2198 4894 2326 4947 unio
2377 4907 2486 4959 est,
2545 4898 2907 4965 pr0prietatcs
2947 4900 3169 4951 omnino
3206 4912 3325 4952 esse

1787 4977 1964 5033 salvas
1993 4989 2224 5048 oportet.
2257 4983 2470 5051 Alioqui
2523 4985 2623 5039 hoc
2660 4987 2788 5039 uuio
2844 5004 2948 5042 non
2997 4996 3182 5052 esset,
3230 4989 3322 5043 sed

1784 5067 2028 5124 confusio
2053 5080 2105 5124 ct
2133 5073 2425 5128 exstinctio
2457 5086 2782 5130 naturarum.
2818 5097 2835 5128 ι

1622 5240 1848 5296 ΝΟΤᾸΞ.

336 5370 659 5436 Excerptum
704 5369 853 5446 istud
909 5386 1011 5425 non
1065 5376 1247 5446 reperi.
1302 5377 1353 5429 in
1402 5380 1677 5446 genuinis,

143 5438 420 5503 duliiisve,
449 5449 541 5491 aut
572 5439 767 5506 spuriis
796 5438 1162 5507 Chrysostonii
1200 5438 1433 5500 humiliis
1480 5450 1545 5500 de
1577 5438 1679 5499 La;

144 5523 300 5586 garo,
337 5523 454 5586 qua:
484 5506 742 5586 hactenus
774 5506 931 5586 editae
962 5518 1105 5586 sunt.
1148 5510 1407 5586 Cancrum
1452 5516 1675 5569 Chalce-

144 5576 625 5651 tlnncnsis‘synodi
678 5583 830 5628 aetate
865 5579 1127 5651 recentior
1177 5580 1392 5651 humilia
1426 5594 1524 5647 est,
1558 5601 1678 5651 pro-

146 5644 388 5714 inquue
410 5644 792 5713 Chrysestemu
824 5661 836 5697 :
866 5647 1310 5712 quemadmodum
1356 5644 1579 5718 epistola
1614 5656 1675 5706 ad

1786 5379 2088 5449 Philippum
2122 5383 2280 5456 paulo
2309 5395 2430 5439 ante
2461 5386 2624 5438 citata
2655 5402 2772 5454 quae
2825 5387 3065 5456 Grcgmii
3094 5388 3318 5456 Nysseui

1788 5465 1980 5503 nomen
2013 5454 2247 5518 prmfert.

1855 5519 1964 5585 (lU)
2025 5519 2296 5573 Scholium
2359 5521 2497 5573 istud
2539 5526 2677 5588 quod
2724 5523 2774 5575 in
2806 5522 3050 5575 'l'urriuni
3095 5527 3310 5579 translu-

1765 5586 1928 5641 .tione
1953 5590 2146 5653 reperi,
2186 5590 2517 5644 tltsiduutur
2555 5586 2606 5643 in
2660 5593 2845 5644 codice
2884 5590 3164 5647 Vaticano.
