4156 6436
234 386 375 475 1509

1209 412 1477 469 DIALOG
1489 411 1582 469 US
1619 412 1909 469 CONTRA
1946 413 2414 471 MANICHAEOS.

3283 414 3419 480 1510

296 526 366 591 γ’.
390 518 538 572 0P6.
554 519 617 569 'll
639 518 778 586 ἀρχὴ
799 515 1045 584 ποσαχῶς
1060 515 1419 582 λαμϐάνεται;
1460 518 1629 568 ΜΛΝ.
1648 520 1781 586 Φρά-
1809 528 1854 582 Α

1774 550 1781 560 -
1809 528 1854 582 Α
1950 524 2003 577 5.
2038 523 2247 576 οιιτη.
2294 508 2492 591 Ἀρχῆ.
2526 521 2576 573 id
2608 531 2708 581 est,
2742 520 3092 589 principium,
3124 531 3254 590 quot
3301 540 3415 578 mo-

234 627 322 663 σον
367 613 453 663 σύ.
528 608 675 659 ΟΡΘ.
712 608 978 672 ’Λναρχον
1027 604 1125 673 μέν
1167 606 1300 667 ἐστι,
1333 607 1392 657 τὸ
1437 606 1510 674 μὴ
1551 608 1779 676 ἐσχηκδς

233 698 403 765 ἀρχήν
422 710 436 724 ⁶
469 694 527 745 τὸ
551 694 606 745 δὲ
638 696 736 759 τῆς
765 692 935 759 ἀρχῆς
961 692 1150 759 ὄνομα,
1181 691 1467 759 ὁμώνυμόν
1499 694 1616 744 ἐστι
1637 707 1650 720 ⁸
1689 698 1781 747 καὶ

234 784 340 851 γὰρ
367 781 529 833 πολλὰ
552 780 801 848 σημαίνει
824 796 836 807 ·
864 778 1077 843 λέγεται
1109 780 1215 846 γάρ
1241 781 1380 848 ἀρχὴ
1409 782 1544 832 κατὰ
1568 782 1775 848 χρόνον·

233 875 308 934 ὡς
337 872 563 938 λέγομεν
592 868 764 937 ἀρχὴν
795 869 1025 936 ἡμέρας,
1058 868 1155 935 τὴν
1184 869 1277 919 τοῦ
1310 869 1457 935 ἡλίου
1498 869 1778 938 ἀνατολὴν,

234 960 329 1010 καὶ
358 957 498 1026 ἀρχὴ
526 955 766 1007 ἐνιαυτοῦ
797 954 1012 1021 λέγεται
1031 971 1045 984 ⁶
1081 956 1252 1023 ἀρχὴν
1282 956 1375 1007 καὶ
1419 956 1560 1007 κατὰ
1589 957 1784 1019 τόπους

233 1046 483 1113 λέγομεν,
516 1043 685 1111 ἀρχὴν
715 1043 854 1105 ὁδοῦ,
886 1044 979 1094 καὶ
1003 1044 1174 1112 ἀρχὴν
1208 1044 1299 1095 τοῦ
1328 1044 1532 1108 Φυσὼν,
1560 1045 1650 1095 τὸν
1683 1063 1785 1096 πα-

236 1134 503 1202 ράδεισον.
538 1131 765 1195 Λέγεται
797 1129 939 1198 ἀρχὴ
969 1131 1061 1181 καὶ
1088 1130 1226 1182 κατὰ
1268 1131 1327 1181 τὸ
1350 1131 1560 1199 ἀξίωμα
1586 1132 1677 1184 καὶ
1708 1132 1788 1197 ἐξ·

234 1219 461 1280 ουσίαν,
493 1218 565 1278 ὼς
616 1217 845 1285 λέγομεν
891 1218 1063 1285 ἀρχὴν
1105 1215 1241 1269 εἶναι
1289 1219 1377 1270 τὸν
1421 1219 1641 1287 βασιλέα
1678 1220 1784 1272 τῶν

238 1305 519 1373 ὑπηκόων·
555 1303 770 1369 λέγεται
798 1305 960 1373 ἀρχὴ,
992 1307 1085 1356 xui
1126 1307 1185 1357 τὸ
1224 1308 1381 1371 φύσει
1412 1308 1689 1375 πρότερον,
1713 1308 1787 1370 ὠς

240 1395 335 1444 ἐπὶ
371 1392 465 1443 106
513 1391 775 1461 ἀριθμοῦο
828 1392 920 1443 δύο
957 1394 1053 1460 μὲν
1086 1394 1193 1462 γὰρ
1220 1395 1407 1458 ὄντων,
1439 1394 1497 1456 ἐξ
1544 1397 1787 1461 ἀνάγκης

240 1481 358 1533 ἔστι
398 1480 459 1532 τὸ
501 1480 739 1541 ἕν.⁹Ενὺς
769 1480 825 1531 δὲ
859 1481 1008 1542 ὄντος
1036 1483 1135 1533 οὐκ
1165 1483 1223 1547 ἐξ
1254 1483 1495 1551 ἀνάγκης
1526 1485 1628 1536 sici
1655 1485 1747 1536 δύο
1770 1501 1784 1514 ο

130 1640 155 1661 ι
239 1569 393 1620 ἔσται
443 1569 548 1635 γὰρ
596 1568 706 1629 δύο,
734 1569 791 1619 ἓν
824 1570 915 1621 xui
948 1570 1036 1621 ἓν·
1082 1570 1141 1621 τὸ
1180 1571 1235 1622 δὲ
1279 1571 1356 1634 ἓν,
1393 1572 1453 1623 οὐ
1488 1570 1595 1625 δύο.
1627 1572 1789 1642 Ἀρχὴ

238 1657 333 1714 οὖν
364 1660 470 1711 τῶν
506 1658 617 1720 δύο,
645 1659 706 1710 τὸ
735 1658 791 1710 ἓν
820 1658 1053 1725 λέγεται.
1073 1660 1237 1729 ’Λρχὴ
1280 1661 1371 1712 xui
1411 1661 1550 1713 κατὰ
1597 1661 1747 1724 τάξιν
1769 1678 1783 1692 ο

242 1750 321 1811 ὡς
351 1750 564 1819 πρῶτον
591 1748 651 1800 τὸ
676 1748 768 1800 τοῦ
802 1746 1141 1821 ἀναγνώστου
1168 1748 1399 1818 ἀξίωμα,
1430 1747 1546 1802 εῐτα
1573 1751 1790 1803 ὑποδιά-

1878 610 1962 663 dis
2042 611 2375 677 usurpatur?
2450 607 2612 660 MAN.
2668 608 2721 659 Id
2796 618 2851 660 tu
2926 610 3044 676 ipse
3119 610 3416 664 edisseras.

1880 693 2084 747 OliTH.
2108 695 2390 762 ’Λναρχον,
2416 693 2637 749 dicitur,
2666 694 2811 758 quod
2835 694 3163 761 principium
3193 710 3297 746 non
3323 696 3418 747 hac

1880 782 1997 833 buit
2031 820 2046 835 .
2075 795 2176 832 vox
2214 794 2391 831 autem
2422 779 2563 847 ἀρχὴ
2604 780 2953 846 (principium)
2992 783 3271 848 aaquivoca
3309 791 3414 842 est;

1881 868 2045 921 Multa
2070 869 2265 935 quippe
2288 868 2577 935 significat.
2612 868 2744 919 Nam
2785 878 2838 921 et
2862 869 2927 921 de
2951 880 3188 937 tempore
3218 871 3418 937 princi-

1883 958 2027 1026 pium
2043 957 2261 1009 dicitur.
2284 954 2373 1008 Sic
2404 957 2507 1008 diei
2538 944 2888 1023 principium,
2910 959 3038 1009 solis
3067 966 3246 1009 ortum
3275 959 3413 1010 dici-

1882 1060 2003 1097 mus
2034 1060 2047 1099 :
2073 1044 2197 1095 anni
2218 1058 2434 1110 quoque
2465 1044 2790 1110 principium
2824 1044 3151 1109 assignatur.
3189 1044 3317 1096 ltem
3351 1046 3417 1098 de

1884 1133 2017 1186 locis
2055 1133 2379 1199 principium
2421 1132 2673 1191 dicimus,
2720 1139 2779 1183 ut
2827 1133 2925 1183 via:
2965 1133 3324 1199 principium;
3365 1141 3419 1184 et

1884 1219 2221 1282 Paradisum,
2258 1218 2492 1271 ﬂuminis
2516 1220 2725 1286 l’liyson
2750 1220 3094 1286 principium.
3118 1220 3255 1282 Quin
3282 1219 3419 1287 ἀρχὴ

1884 1324 2098 1377 quoque
2136 1309 2203 1360 de
2238 1307 2499 1374 dignitate
2540 1316 2590 1359 et
2630 1310 2865 1375 potentia
2903 1308 3100 1359 dicitur
3128 1325 3139 1358 :
3171 1310 3317 1359 velut
3344 1323 3421 1359 re-

1885 1410 2000 1464 gem
2050 1394 2388 1446 subditorum
2415 1394 2592 1462 ἀρχὴν
2628 1395 2704 1457 (id
2739 1402 2841 1455 est,
2883 1396 3253 1461 principatum)
3286 1394 3420 1445 dici-

1887 1498 2004 1537 mus
2030 1484 2071 1533 ¹.
2102 1483 2179 1534 Ad
2206 1483 2314 1535 haec
2344 1482 2673 1551 principium
2716 1483 2931 1545 dicitur,
2976 1482 3026 1534 id
3060 1483 3202 1549 quod
3230 1491 3419 1534 natura

1888 1573 2037 1639 prius
2066 1582 2170 1633 est,
2204 1573 2348 1623 velut
2404 1573 2455 1623 in
2518 1587 2761 1625 numero.
2812 1570 3024 1625 Etenim
3069 1573 3114 1626 si
3155 1574 3261 1625 duo
3290 1574 3421 1633 sint,

1888 1659 2194 1711 necessario
2226 1672 2388 1710 unum
2419 1658 2523 1711 erit
2558 1678 2570 1711 :
2603 1662 2685 1712 sin
2734 1667 2911 1711 autem
2942 1675 3107 1712 unum
3165 1668 3268 1723 est,
3316 1675 3422 1713 non

1889 1749 2014 1801 item
2042 1747 2146 1800 duo
2170 1763 2288 1800 esse
2328 1761 2615 1800 necessum
2676 1756 2782 1801 est.
2835 1746 3008 1799 Erunt
3050 1749 3251 1816 Quippe
3293 1748 3418 1810 duo,

240 1854 417 1900 κονος,
448 1838 537 1888 καὶ
565 1835 731 1898 οὕτως
758 1836 1138 1906 πρεσϐύτερος,
1164 1839 1258 1891 xui
1278 1838 1448 1901 οὕτως
1471 1842 1780 1902 ἐπίσκοπος.
1813 1851 1855 1905 Β

1813 1851 1855 1905 Β
1885 1851 2046 1894 unum
2076 1844 2131 1889 et
2162 1852 2327 1888 unum
2362 1853 2375 1888 :
2410 1851 2577 1889 unum
2614 1844 2812 1896 autem,
2848 1836 2955 1889 duo
2997 1852 3101 1889 non
3126 1846 3229 1890 est.
3265 1837 3336 1889 Ita
3370 1840 3425 1890 lit

240 1927 469 1993 Λέγεται
501 1927 591 1977 καὶ
624 1927 763 1995 ἀρχὴ
791 1926 929 1977 κατὰ
958 1927 1017 1977 τὸ
1040 1926 1228 1990 αῐτιον,
1257 1928 1348 1979 xui
1368 1928 1523 1981 10610
1553 1929 1747 2000 τριχῶς
1769 1947 1783 1959 ο

240 2011 279 2080 ἢ
325 2011 430 2079 γὰρ
480 2010 723 2078 φυσικὸν,
771 2011 843 2071 ὠς
881 2010 1020 2081 ἀρχὴ
1064 2012 1203 2076 υἱοῦ,
1232 2014 1444 2083 πατήρ·
1494 2015 1527 2083 ἢ
1579 2034 1785 2084 ποιητι-

243 2098 361 2162 κὸν,
409 2098 485 2159 ὼς
533 2099 672 2167 ἀρχὴ
730 2099 975 2162 κτίσεως,
1012 2113 1039 2163 ὁ
1082 2101 1334 2169 κτίστης·
1394 2101 1427 2170 ἢ
1479 2104 1786 2172 μιμητικὸν,

241 2185 320 2247 ὡς
367 2185 505 2255 ἁρχὴ
557 2188 760 2248 εἰκόνος
796 2187 855 2238 τὸ
883 2188 1303 2257 είκονιζόμενον·
1339 2192 1477 2243 κατὰ
1507 2192 1792 2255 τοσούτους

244 2271 339 2328 οὖν
364 2277 615 2342 τρόπους,
657 2275 950 2345 λεγομένης
994 2277 1094 2345 τῆς
1139 2279 1333 2347 ἀρχῆς,
1367 2281 1539 2334 ἐκεῖνό
1582 2284 1696 2335 ἐστι
1731 2284 1790 2335 τὸ

259 2363 425 2424 ὅντως
451 2362 678 2432 ἄναρχον
698 2363 981 2432 λεγόμενον
998 2380 1011 2393 ’
1036 2365 1149 2427 πῶς
1174 2364 1264 2419 οὖν
1286 2368 1377 2420 δύο
1396 2370 1565 2439 ἀρχάς
1593 2372 1655 2422 σὺ
1688 2372 1791 2439 φὴς

246 2452 543 2519 άνάρχους;
650 2453 817 2504 MAN.
877 2453 1028 2504 Κατὰ
1087 2454 1293 2516 πάντας
1352 2458 1475 2519 τοὺς
1541 2458 1787 2525 τρόπους.

248 2540 397 2595 ΟΡΘ.
455 2540 681 2601 b06100;
727 2542 833 2611 γὰρ
876 2542 1085 2593 ἔσονται
1126 2544 1383 2612 ἄναρχοι·
1440 2546 1551 2598 ἀλλ’
1585 2546 1792 2614 ἐψεύσω

250 2630 391 2682 κατά
410 2630 504 2697 τῆς
529 2629 751 2681 σεαυτοῦ
780 2629 1019 2697 κορυφῆς
1040 2646 1053 2659 ·
1087 2631 1193 2682 ἀπὸ
1222 2632 1444 2697 ψεύδους
1470 2633 1786 2702 ἀρξάμενος,

251 2720 503 2789 ἀδόκιμον
535 2719 673 2782 ἔξεις
705 2720 762 2770 τὸ
791 2720 957 2780 τέλος.
1033 2721 1201 2772 MAN.
1243 2722 1363 2782 Πῶς
1396 2723 1549 2774 τοῦτο
1576 2724 1788 2791 λέγεις;

252 2808 403 2862 οΡθ.
443 2808 544 2860 Δύο
577 2809 762 2872 εἰπὼν,
790 2809 895 2861 ἀπὸ
919 2809 1147 2877 ἀριθμοῦ
1178 2810 1324 2879 ἥρξω
1348 2828 1360 2841 ·
1395 2812 1459 2862 τὰ
1482 2812 1535 2864 δὲ
1562 2812 1673 2877 δύο,
1696 2816 1792 2866 οὐκ

253 2897 393 2968 ἀρχή
414 2913 427 2927 ’
455 2896 587 2965 ἄλλη
617 2897 722 2965 γὰρ
749 2897 887 2965 ἀρχὴ
914 2897 1020 2948 τῶν
1048 2897 1159 2952 δύο.
1183 2900 1213 2965 ἡ
1249 2898 1433 2965 μονάς.
1458 2900 1589 2969 Περὶ
1622 2902 1792 2969 ἀρχῆς

252 2984 348 3040 οὖν
387 2986 779 3055 διαλεγόμενος,
831 2986 957 3054 μίαν
1006 2986 1175 3055 ἀρχὴν
1210 2988 1349 3051 εἰπὲ,
1380 2989 1466 3041 ἵνα
1553 2990 1730 3042 τελεία
1759 2992 1790 3058 ἡ

252 3074 423 3143 ἀρχή·
473 3073 628 3141 φύσει
672 3073 778 3142 γὰρ
827 3073 1008 3141 μονὰς,
1039 3074 1179 3142 ἀρχὴ
1218 3074 1421 3136 δυάδος.
1454 3076 1515 3126 Εἰ
1564 3072 1655 3128 οὖν
1700 3077 1791 3129 δύο

1886 1932 1944 1977 ut
1971 1940 2131 1976 unum
2157 1923 2311 1992 531
2342 1924 2575 1977 duorum
2610 1924 2936 1993 principium
2963 1924 3191 1977 dicatur.
3220 1924 3425 1978 Princi-

1886 2014 2031 2082 pium
2057 2012 2122 2065 de
2145 2013 2337 2064 ordine
2363 2026 2585 2079 quoque
2610 2014 2849 2077 dicitur;
2883 2022 2941 2065 ut
2968 2014 3138 2082 prima
3170 2013 3423 2080 dignitas,

1887 2103 2055 2156 lector
2101 2108 2212 2165 est,
2259 2101 2452 2153 deinde
2493 2102 2887 2165 subdiaconus,
2923 2110 3109 2169 postea
3140 2103 3424 2162 diaconus,

1886 2199 1998 2243 tum
2033 2191 2333 2259 presbyter,
2360 2205 2421 2242 ac
2447 2190 2663 2242 demum
2687 2192 2995 2260 episcopus.
3022 2190 3256 2258 Denique
3281 2191 3428 2258 prin-

1886 2280 2084 2347 cipium
2121 2278 2186 2332 de
2230 2294 2393 2332 causa
2443 2280 2686 2343 dicitur;
2753 2281 2914 2347 idque
2973 2279 3256 2332 trifariam.
3322 2280 3426 2331 Aut

1885 2369 2024 2421 enim
2060 2382 2221 2421 causa
2270 2368 2537 2422 naturalis
2584 2378 2687 2431 est,
2733 2376 2789 2421 ut
2830 2371 3155 2439 principium
3208 2369 3301 2421 ﬁlii
3347 2380 3429 2423 est

1888 2465 2038 2525 pater
2089 2474 2103 2509 :
2155 2464 2245 2508 aut
2278 2455 2534 2518 eliicieuss,
2588 2465 2645 2509 ut
2684 2459 2758 2509 rei
2817 2458 3047 2509 condita:
3104 2457 3426 2524 principium

1888 2552 1969 2598 est
2008 2543 2253 2597 conditor
2282 2560 2294 2596 :
2350 2551 2441 2596 aut
2487 2544 2831 2612 exemplaris,
2862 2552 2918 2597 ut
2950 2545 3197 2612 imaginis
3228 2546 3427 2613 princi-

1888 2635 2032 2701 pium
2061 2642 2142 2685 est
2174 2631 2226 2684 id
2266 2646 2293 2683 a
2334 2646 2440 2698 quo
2475 2632 2653 2697 imago
2685 2631 2921 2683 ducitur.
2970 2630 3102 2683 Cum
3147 2632 3307 2700 igitur
3354 2640 3431 2684 tot

1890 2722 2063 2775 modis
2098 2721 2344 2789 principii
2397 2733 2591 2771 nomen
2644 2730 2911 2780 sumatur,
2942 2720 2992 2771 id
3038 2721 3252 2773 demum
3310 2736 3432 2775 vere

1890 2813 2135 2879 ἄναρχον,
2170 2810 2280 2862 sive
2303 2808 2554 2876 principii
2587 2824 2795 2876 expers,
2816 2809 3190 2877 diciturlquod
3224 2810 3431 2862 nullum

1890 2899 2213 2967 principium
2252 2895 2538 2965 agnoscit].
2578 2896 2808 2959 Quinam
2852 2897 3014 2964 igitur
3037 2897 3141 2949 duo
3171 2897 3433 2965 principia

1889 3004 2008 3043 esse
2032 2989 2133 3049 ais,
2164 3000 2281 3056 quae
2321 2985 2589 3054 principio
2621 2988 2878 3038 careant?
2914 2985 3077 3038 MAN.
3127 2986 3432 3039 Secundum

1891 3091 2081 3133 omnes
2127 3075 2261 3129 istos
2295 3074 2510 3129 modos.
2554 3073 2760 3127 ORTll.
2803 3073 2891 3126 Sic
2946 3076 3131 3142 utique
3178 3075 3295 3129 sine
3327 3076 3435 3127 ullo

255 3164 437 3233 αρχαὶ,
457 3164 555 3215 ποῦ
582 3165 614 3233 ὴ
648 3164 803 3231 φύσει
826 3164 1058 3233 προτέρα
1084 3164 1573 3234 ἁρχὴ,τουτέστινή
1596 3167 1794 3233 μονάς;
1822 3150 1865 3206 C-

1822 3150 1865 3206 C
1900 3150 2166 3234 principio
2211 3174 2385 3217 erunt.
2431 3164 2621 3216 Verum
2671 3164 2929 3216 mentitus
2968 3178 3026 3215 es
3060 3173 3246 3216 contra
3278 3173 3436 3231 caput

260 3262 410 3306 tuum
437 3270 449 3305 :
480 3268 708 3321 cumque
745 3268 774 3305 a
813 3254 949 3305 falso
976 3251 1260 3320 inceperis,
1291 3253 1556 3307 infelicem
1587 3270 1798 3325 quoque
1837 3256 1992 3308 liuent
2024 3255 2308 3307 obtinebis.
2337 3252 2611 3307 MANlCll.
2656 3252 2756 3317 Qui
2788 3252 3039 3305 tandem?
3066 3252 3270 3306 Oli'l‘ii.
3322 3253 3463 3316 Quo-

259 3344 425 3405 niam,
478 3356 599 3395 cum
645 3342 753 3395 duo
796 3342 1017 3406 dixeris,
1068 3357 1096 3395 a
1141 3359 1369 3398 numero
1420 3347 1693 3415 incepisti.
1768 3347 2016 3401 Biuarlus
2075 3355 2249 3399 autem
2309 3346 2633 3413 principium
2703 3359 2805 3398 non
2850 3354 2952 3397 cst.
3023 3344 3218 3396 ninarii
3267 3341 3437 3411 siqui-

258 3432 381 3487 dem
433 3429 574 3482 aliud
632 3430 951 3497 principium
994 3436 1094 3490 cst,
1137 3446 1328 3499 nempe
1383 3432 1588 3487 unitas.
1650 3434 1825 3497 Quare
1896 3450 2015 3486 cum
2041 3433 2106 3487 de
2136 3432 2401 3501 principio
2422 3431 2847 3487 disseris.unum
2875 3430 3024 3487 dicas
3049 3440 3260 3497 oportet
3291 3434 3438 3498 prin-

254 3522 483 3591 cipium,
514 3536 621 3589 quo
649 3519 940 3587 perfectum
965 3520 1289 3589 principium
1321 3522 1409 3577 sit.
1444 3522 1636 3578 Unitas
1654 3525 1797 3577 enim
1836 3523 2031 3577 binarii
2060 3523 2379 3591 principium
2404 3530 2507 3575 est.
2541 3520 2595 3573 Si
2627 3521 2795 3588 igitur
2845 3520 2951 3571 duo
2978 3530 3103 3572 sunt
3157 3522 3437 3587 principia,

259 3615 484 3668 ubinam
519 3612 838 3682 principium
882 3612 1009 3664 illud
1057 3614 1179 3678 erit,
1223 3615 1363 3681 quod
1399 3624 1594 3667 natura
1645 3617 1797 3683 prius
1834 3616 1926 3680 sit,
1964 3618 2063 3669 hoc
2095 3624 2179 3669 est
2212 3613 2427 3667 unitas?

334 3704 393 3759 δ’.
433 3705 599 3758 MAN.
640 3703 711 3753 Σὺ
757 3700 849 3755 οὖν
895 3706 1040 3771 τρεῖς
1076 3704 1394 3768 ὑποστάσεις
1437 3708 1646 3773 λέγεις;
1695 3710 1802 3760 Καὶ

262 3796 383 3857 πῶς
410 3795 607 3860 λέγεις,
626 3795 704 3844 ὅτι
727 3793 832 3844 ἀπὸ
862 3794 1081 3860 μονάδος
1106 3793 1185 3844 δεῖ
1211 3794 1495 3862 ἄρχεσθαι;
1569 3796 1711 3848 ΟΡΘ.
1739 3797 1801 3848 Ei

262 3885 360 3935 καὶ
384 3884 524 3949 τρεῖς
559 3879 874 3939 ὑποστάσεις
904 3878 1064 3943 λέγω,
1098 3879 1231 3931 ἀλλὰ
1259 3881 1382 3948 μίαν
1422 3883 1592 3951 ἀρχὴν
1622 3900 1761 3951 φημι
1783 3899 1798 3914 -

262 3970 439 4039 ἀρχὴν
472 3968 575 4037 γὰρ
612 3970 641 4019 ὁ
689 3967 871 4033 Πατὴρ
898 3966 1021 4017 Υἱοῦ
1068 3968 1161 4019 καὶ
1209 3968 1537 4037 Πνεύματος,
1573 3972 1631 4023 οὑ
1666 3972 1801 4023 κατὰ

265 4061 474 4129 χρόνον,
504 4056 637 4110 ἀλλὰ
664 4055 782 4106 κατ’
807 4054 1001 4107 αἰτίαν.
1020 4055 1114 4105 Ἐκ
1146 4055 1350 4125 Πατρδς
1379 4056 1485 4126 γὰρ
1517 4058 1683 4124 Λόγος
1712 4059 1805 4111 xui

268 4147 512 4216 Πνεῦμα,
546 4148 592 4197 εἰ
623 4144 712 4196 xui
749 4146 820 4213 μὴ
849 4142 984 4211 μετὰ
1014 4144 1466 4213 Πατέρα.”Ὠσπερ
1492 4147 1595 4216 γάρ
1623 4149 1686 4198 ἐκ
1712 4148 1804 4199 106

266 4238 435 4309 πυρὸς
467 4236 702 4311 φῶς,καί
726 4235 783 4285 οὺ
806 4234 1115 4301 προτερεύει
1143 4234 1280 4287 κατὰ
1306 4236 1491 4302 χρόνον
1514 4238 1571 4289 τὸ
1593 4237 1697 4304 πῦρ
1716 4238 1807 4289 τοῦ

267 4327 445 4393 φωτός
467 4342 478 4354 ·
524 4326 778 4377 ἀδύνατον
804 4324 909 4392 γάρ
937 4320 1072 4375 εἶναι
1103 4324 1210 4392 πῦρ
1235 4326 1557 4391 ἀφώτιστον·
1592 4330 1730 4397 ἁρχὴ
1756 4329 1811 4380 δέ

2012 3708 2061 3762 4.
2102 3705 2264 3759 ΜΛΝ.
2314 3706 2471 3772 Atqui
2509 3711 2565 3755 tu
2608 3716 2820 3771 quoque
2852 3709 2961 3755 tres
3000 3715 3259 3767 personas
3286 3701 3440 3756 dicis.

1904 3795 2041 3858 Quid
2067 3794 2230 3863 igitur
2254 3799 2359 3853 est,
2395 3806 2491 3843 cur
2533 3791 2598 3841 ab
2625 3790 2828 3842 unitate
2864 3789 3227 3855 incipiendum
3264 3790 3443 3844 dicas?

1902 3883 2108 3939 ORTII.
2138 3882 2251 3934 Etsi
2289 3890 2398 3933 tres
2426 3894 2682 3946 personas
2718 3878 2873 3941 dico;
2917 3886 3091 3929 tamen
3125 3880 3441 3945 principium

1906 3986 2070 4025 unum
2100 3985 2224 4024 esse
2254 3971 2358 4021 aio.
2386 3968 2539 4020 Pater
2568 3968 2709 4019 enim
2744 3968 2859 4018 Filii
2910 3975 2961 4019 ct
3008 3968 3241 4033 Spiritus
3272 3969 3443 4020 sancti

1909 4062 2229 4130 principium
2261 4068 2375 4121 cst;
2411 4072 2517 4109 non
2564 4056 2841 4123 temporis,
2874 4054 2965 4108 sed
3000 4070 3176 4108 causa:
3214 4058 3441 4109 ratione.

1911 4152 2185 4219 Siquidem
2224 4158 2276 4202 et
2331 4147 2499 4200 Filius
2535 4158 2587 4199 et
2631 4147 2859 4213 Spiritus
2906 4153 3130 4199 sanctus
3180 4161 3242 4197 ex
3288 4146 3446 4200 Patre

1912 4252 2071 4303 sunt,
2124 4256 2230 4292 non
2285 4247 2461 4291 tamen
2524 4246 2642 4304 post
2703 4236 2936 4289 Patrem.
2988 4236 3444 4299 Quemadmodum

1909 4348 1972 4385 ex
2001 4333 2121 4399 igne
2152 4332 2240 4382 lux
2268 4330 2457 4388 oritur,
2487 4343 2586 4380 nec.
2622 4336 2796 4378 tamen
2831 4326 2968 4393 ignis
3003 4326 3175 4377 lucem
3213 4334 3447 4392 tempore

268 4421 408 4479 ἐστι,
440 4417 531 4467 καὶ
558 4416 701 4466 αίτία
732 4414 790 4465 τὸ
820 4414 927 4481 πῦρ
971 4413 1062 4465 τοῦ
1112 4415 1170 4476 ἐξ
1218 4415 1376 4466 αὐτοῦ
1428 4419 1630 4482 φωτός’
1671 4418 1809 4469 οὕτω
1908 4462 1909 4471 η

1908 4421 2179 4474 antecedit
2210 4432 2405 4485 ineque
2446 4417 2588 4468 enim
2626 4415 2734 4466 ﬁeri
2772 4420 2978 4480 potest,
3034 4423 3088 4465 ut
3137 4414 3275 4481 ignis
3334 4416 3450 4467 lucc

268 4507 367 4558 καὶ
396 4508 420 4556 ό
451 4504 632 4571 Πατὴρ
681 4501 853 4571 ἀρχὴ,
888 4502 979 4552 καὶ
1027 4502 1170 4553 αἰτία
1222 4503 1314 4554 τοῦ
1361 4505 1531 4571 Λόγου
1582 4508 1673 4558 καὶ
1716 4506 1806 4558 106

1906 4516 2129 4577 careat),
2170 4524 2353 4561 verum
2389 4508 2526 4573 ignis
2559 4506 2778 4557 luminis
2815 4506 2956 4557 illius
2993 4506 3133 4571 quod
3159 4521 3219 4556 ex
3256 4520 3312 4557 se
3344 4506 3449 4557 ori-

270 4595 613 4661 Πνεύματος·
646 4594 709 4643 ὲκ
736 4592 827 4643 τοῦ
864 4591 1070 4665 ἰξατρὸς
1104 4592 1209 4661 γὰρ
1240 4592 1408 4658 Λόγος
1438 4595 1531 4646 καὶ
1560 4596 1802 4663 πνεῦμα·
1840 4618 1882 4671 ι)

1840 4618 1882 4671 ι)
1911 4612 2017 4661 tur,
2035 4599 2361 4667 principium
2388 4606 2551 4663 atque
2587 4611 2748 4647 causa
2784 4606 2862 4647 cst
2897 4614 2908 4647 :
2945 4596 3129 4647 eodem
3164 4597 3322 4645 modo
3355 4594 3446 4646 Pa-

268 4686 335 4736 οὐ
364 4683 671 4752 προτερεύει
702 4682 755 4733 δὲ
782 4681 969 4750 χρόνῳ.
988 4680 1265 4733 ’Λδύνατον
1292 4686 1400 4752 γὰρ
1425 4681 1561 4736 εἶναι
1591 4688 1802 4755 Πατέρα

271 4775 341 4826 ἐκ
366 4771 455 4823 τοῦ
484 4771 629 4834 Υίοῦ,
663 4770 691 4835 ἢ
717 4771 906 4835 Λόγου,
943 4769 1004 4818 ἐκ
1027 4766 1121 4819 τοῦ
1147 4770 1450 4839 Πνεύματος
1470 4784 1513 4825 ε,
1544 4774 1683 4825 Μίαν
1715 4772 1805 4825 οὖν

356 4910 373 4938 ⁸
430 4904 561 4959 Vide
594 4901 813 4955 Dialeet.
840 4913 957 4968 cap.
987 4902 1016 4952 7
1060 4910 1111 4955 et
1132 4902 1215 4955 59.

1908 4698 1988 4742 ter
2016 4703 2229 4756 quoque
2297 4686 2455 4741 Verbi
2485 4695 2537 4737 ct
2570 4686 2799 4753 Spiritus
2832 4686 3005 4737 sancti
3048 4685 3365 4751 principium
3401 4695 3451 4737 et

1910 4791 2072 4829 causa
2097 4784 2174 4829 est
2200 4777 2345 4843 (nam
2364 4784 2416 4827 et
2433 4774 2665 4827 Verbum
2690 4783 2741 4827 et
2768 4773 3003 4841 Spiritus
3023 4788 3084 4826 ex
3108 4772 3261 4825 Patre
3284 4773 3450 4840 sunt),

1496 5062 1723 5117 VARIxE
1782 5060 2171 5114 LECTIONES.

322 5220 352 5259 δ
374 5217 495 5272 Haec
509 5219 666 5272 verba
687 5217 977 5272 Maniclimo
1004 5218 1283 5271 tribuenda
1301 5227 1485 5271 censet
1506 5217 1691 5268 [iillius
1718 5216 2123 5283 refragantibus
2145 5232 2301 5276 uis-5.,
2330 5217 2405 5267 uti
2438 5232 2532 5268 nec
2564 5218 2675 5279 ipse
2697 5216 2952 5269 diliitetur
2981 5233 3042 5267 :a
3066 5216 3455 5283 quibustatncn

282 5287 561 5341 discedere
595 5288 725 5355 nilnil
758 5300 855 5339 nos
890 5287 1054 5355 cogit.
1117 5297 1135 5321 ο
1156 5285 1372 5355 Legisﬁc
1404 5288 1614 5337 videtur
1648 5287 1856 5347 Billius,
1879 5289 2028 5347 ἐκτὸς
2057 5286 2146 5337 106
2172 5285 2397 5351 Λόγου,ἢ
2436 5286 2620 5355 Λόγον,
2648 5286 2797 5345 ἐκτὸς
2828 5286 2916 5355 106
2940 5287 3265 5352 lived-ruta;
3290 5284 3457 5335 Vertit

282 5358 473 5411 enim:
528 5354 584 5407 ut
654 5354 809 5406 Pater
864 5353 1169 5417 sine'rerbo,
1215 5365 1260 5406 ct
1306 5354 1523 5407 Verbum
1554 5355 1661 5405 sine
1694 5358 1876 5417 spiritu
1908 5358 1994 5407 sit.
2046 5357 2121 5406 Au
2178 5355 2228 5406 id
2266 5358 2317 5406 in
2356 5353 2475 5406 cod.
2536 5354 2827 5406 t‘at'dinalis
2884 5354 3059 5406 Sirleli
3124 5355 3328 5420 legerit,
3378 5366 3460 5403 me

285 5440 514 5493 prorsus
550 5425 699 5493 latet.
734 5423 927 5475 Verum
957 5424 1348 5493 aliaAauctoris
1374 5438 1532 5493 mens
1554 5437 1672 5493 esse
1704 5425 1934 5477 videtur.
1976 5424 2443 5493 Dcclaratpcmpe
2483 5421 2790 5493 divinarum
2851 5424 3259 5493 prm'cssiunuut
3317 5422 3461 5493 ordi-

288 5488 433 5568 iiem,
467 5507 574 5568 quo
601 5492 718 5568 fieri
751 5493 957 5559 nequit,
989 5502 1047 5568 ut
1074 5490 1227 5543 Pater
1262 5489 1384 5544 Filii
1428 5492 1753 5568 principium
1789 5509 1901 5568 non
1927 5495 2014 5568 sit.
2048 5501 2140 5568 aut
2174 5506 2201 5541 a
2235 5490 2442 5568 Siniritu
2478 5500 2669 5568 sancto
2707 5488 3265 5568 origiii_e:n__aecipiat
3328 5488 3458 5537 Ver-

290 5563 441 5613 bum.

287 5630 670 5683 communione
696 5629 945 5693 indivisa,
982 5629 1046 5682 de
1085 5643 1188 5696 qua
1214 5628 1352 5681 infra
1388 5628 1699 5681 disseritur.

522 5578 548 5613 e
582 5561 883 5613 divinarum
914 5562 1109 5627 quippe
1152 5573 1503 5629 personarum
1548 5560 1706 5611 unico
1736 5562 1997 5629 principio
2031 5563 2266 5629 disputat
2296 5559 2638 5615 Ortlioduxus
2665 5600 2677 5624 ,
2714 5576 2817 5612 non
2862 5561 2924 5614 de
2974 5561 3183 5612 illarum
3222 5560 3357 5611 inter
3403 5569 3460 5611 se
