4156 6436
216 426 349 488 1.313

1214 424 1279 475 ."i
1313 421 1581 475 ϊΙΑΜτιση
1624 413 1914 472 (ΖΟΝΊῊΛ
1960 412 2414 471 B‘IANICHEUS

3334 403 3469 473 1514

212 530 421 600 Πατρδς
448 528 847 598 ἀνεκφοίτητοι,
872 529 965 582 καὶ
991 530 1306 586 ὐποστάς-.,
1336 544 1441 576 πελ,
1460 539 1531 575 ιαι
1556 542 1561 549 ·
1594 522 1778 591 ἐπειδὴ

1889 530 2128 572 naturam
2183 525 2570 588 rasupeI-ante,
2624 517 2857 573 Verbum
2911 524 2966 573 et
3029 517 3290 589 Spiritus,
3345 528 3462 575 tum

206 626 405 691 πρέπει
432 623 531 684 τὰς
563 622 655 674 τοῦ
690 620 982 689 ὑπερφυῶς
1014 620 1147 672 Θεου
1196 618 1451 685 δυνάμεις
1485 612 1770 684 ὑπερφυῶς

202 708 343 761 εἶναι
369 707 716 767 ὑποστάσεις.
745 708 834 761 Διὸ
885 708 932 759 εί
978 708 1071 759 καὶ
1109 709 1257 775 τρεῖς
1282 704 1626 768 ὑποστάσεις,
1654 702 1774 755 ἀλλ’

200 793 284 859 εἷς
316 798 469 865 Θεὸς,
493 800 587 853 καὶ
614 799 675 851 οὐ
703 801 870 869 τρεῖς.
888 798 948 849 Ὀ
978 798 1086 867 γὰρ
1119 796 1241 856 νοῦς
1274 795 1367 847 καὶ
1395 795 1567 861 λόγος,
1593 794 1686 845 καὶ
1724 796 1778 843 τὺ

204 886 425 957 πνεῦμα
457 888 641 953 αὐτοῦ,
670 884 749 951 εἷς
774 887 916 950 νοῦς,
942 888 1036 940 καὶ
1056 887 1115 938 οὐ
1142 887 1293 955 τρεῖς
1318 885 1457 946 νόες·
1496 883 1569 944 ὡς
1598 883 1657 934 τὸ
1684 896 1781 947 φυ-

198 979 299 1027 τὸν
331 975 424 1027 τοῦ
462 974 639 1045 ῥόδου,
680 976 774 1029 καὶ
799 975 861 1027 τὸ
893 975 1073 1037 ἄνθος,
1119 974 1213 1026 καὶ
1252 975 1284 1043 ή
1318 971 1516 1025 εὐωδία
1549 971 1779 1023 ἑκάστου

206 1064 411 1130 αὐτῶν,
439 1066 589 1135 ῥόδον
618 1065 854 1132 λέγεται,
874 1064 971 1117 καὶ
997 1064 1111 1117 ἔστι
1132 1081 1146 1096 ο
1168 1065 1262 1117 καὶ
1291 1064 1349 1116 οὐ
1381 1061 1505 1132 τρία
1540 1061 1667 1130 ῥόδα
1702 1061 1782 1114 λέ-

203 1172 395 1222 γονται
418 1159 475 1210 ἐν
504 1160 570 1227 τῇ
598 1157 1012 1228 συναριθμήσει,
1040 1154 1174 1208 ἀλλά
1212 1155 1361 1226 ῥόδον
1390 1154 1423 1222 ἡ
1466 1152 1714 1223 ῥίζα,καὶ
1755 1155 1781 1204 ὀ

203 1244 425 1314 κλάδος,
448 1248 543 1300 καὶ
568 1247 629 1300 τὸ
656 1247 834 1311 ἄνθος.

1884 611 2278 681 ηιδερεινκιιὶιρδ
2308 609 2481 665 Patris
2522 609 2807 665 facultates
2839 618 2992 675 sunt,
3034 620 3149 665 tum
3205 611 3465 683 perfecta:

1885 715 2152 768 personae.
2216 701 2656 755 Consentaneum
2702 700 2905 770 quippe
2960 708 3064 763 est,
3122 710 3178 754 ut
3225 702 3320 773 qui
3372 701 3467 756 Dei

1889 802 2137 846 naturam
2198 808 2412 847 onmem
2464 792 2783 849 excedentis
2832 796 3064 848 virtutes
3108 805 3258 859 sunt,
3304 794 3469 849 modo

1890 883 2113 951 perinde
2147 892 2339 937 natura
2373 883 2694 939 sublimiore
2727 897 2975 952 personae
3034 885 3166 939 sint.
3222 884 3341 949 Quo
3409 886 3469 938 iit

1892 987 1949 1027 ut
1990 975 2114 1029 licet
2154 986 2266 1030 tres
2307 976 2417 1029 sint
2450 988 2719 1043 personae,
2747 990 2894 1030 unus
2940 983 3125 1030 tamen
3172 974 3316 1032 Deus
3372 978 3466 1043 sit,

1889 1080 1999 1118 non
2041 1077 2173 1119 tres.
2212 1064 2364 1120 Mens
2398 1065 2544 1117 enim
2579 1072 2633 1118 et
2668 1067 2894 1121 verbum
2928 1076 2982 1121 et
3015 1067 3187 1137 ipsius
3218 1070 3466 1139 spiritus,

1892 1170 1999 1207 una
2026 1171 2180 1209 mens
2209 1164 2312 1217 est,
2340 1170 2446 1209 non
2490 1164 2603 1209 tres
2638 1164 2848 1212 mentes
2873 1176 2885 1211 ἒ
2925 1158 3071 1213 sicut
3106 1175 3302 1230 nempe
3330 1176 3470 1217 rosa:

1890 1246 2099 1313 planta,
2126 1257 2177 1299 et
2204 1246 2323 1309 ﬂos,
2362 1256 2415 1301 ct
2448 1247 2765 1316 fragrantia,
2810 1248 3005 1303 horum
3034 1250 3293 1322 quodque
3341 1268 3467 1308 rosa

205 1337 433 1402 dicitur,
467 1347 521 1393 et
553 1346 665 1406 est;
708 1353 809 1393 nec
853 1346 1034 1393 tamen
1091 1346 1202 1393 tres
1257 1350 1395 1393 rosat
1444 1336 1781 1392 numerando
1818 1335 2097 1403 dicuntur,
2140 1339 2233 1394 sed
2276 1354 2420 1403 rosa,
2448 1356 2570 1409 quae
2603 1339 2784 1406 radix,
2818 1349 2876 1395 et
2912 1343 3194 1412 surculus,
3251 1353 3307 1400 et
3369 1344 3470 1399 nos

204 1433 447 1487 exsistit.

286 1524 349 1576 θ’.
378 1524 499 1575 Ὅτι
538 1522 593 1575 δὲ
634 1521 753 1573 οὐδὲ
791 1522 932 1574 κατά
974 1520 1190 1589 ἀξίωμα
1216 1520 1309 1573 καὶ
1336 1522 1530 1590 κράτος
1561 1520 1775 1573 ἔσονται

202 1610 304 1666 δύο
332 1611 677 1684 ἀρχαὶ,οὔτω
698 1610 1057 1681 γινώσκομεν.
1088 1610 1190 1663 Δύο
1216 1609 1407 1679 μόνονά
1434 1611 1621 1672 ὄντων,
1644 1606 1777 1661 Θεοῦ

204 1705 305 1756 καὶ
330 1703 480 1772 ὕλης,
504 1702 535 1771 ἢ
577 1706 605 1755 δ
647 1703 831 1772 ἕτερος
856 1701 950 1753 τοῦ
975 1698 1161 1770 ἐτέρου
1188 1700 1430 1767 ἐκράτει,
1454 1698 1549 1751 καὶ
1590 1694 1781 1768 ἦρχεν,

203 1798 238 1866 ἢ
269 1797 359 1848 καὶ
379 1794 511 1849 ἄλλα
532 1790 672 1864 ἦσαν
694 1794 760 1846 τὰ
778 1792 1193 1859 ὑποτασσόμενα
1216 1790 1318 1842 ὐπὸ
1341 1789 1447 1841 τῶν
1470 1788 1564 1842 δύο
1580 1789 1786 1859 ἀρχῶν,

207 1887 451 1939 συναῒδια
496 1885 718 1946 αὐταῖς·
765 1885 856 1936 καὶ
908 1883 966 1934 οὐ
1013 1882 1105 1934 δύο
1149 1881 1306 1951 μόνον
1356 1882 1611 1942 ἔσονται,
1653 1879 1789 1933 ἀλλά

203 1976 433 2028 πλείονα
451 1990 465 2006 ·
488 1973 579 2025 δύο
605 1973 702 2038 μὲν
724 1973 789 2026 τά
814 1972 1070 2042 ἄρχοντα,
1094 1971 1258 2039 ἕτερα
1281 1971 1338 2023 δὲ
1375 1972 1443 2024 τὰ
1483 1971 1781 2041 ἀρχόμενα.

207 2067 285 2119 Ἤ
309 2067 355 2118 εί
384 2066 457 2135 μὴ
480 2060 620 2135 ἦσαν
642 2063 709 2117 τὰ
733 2064 1011 2134 ἀρχόμενα
1038 2063 1285 2115 συναῖδια
1322 2064 1439 2124 ταῖς
1480 2062 1695 2132 ἀρχαῖς,
1718 2059 1784 2132 ἦν

203 2175 341 2210 ποτε
360 2157 570 2228 χρόνος,
594 2157 681 2208 ὅτε
703 2156 802 2208 οὐκ
823 2151 963 2223 ἦσαν
984 2154 1165 2223 ἀρχαί.
1243 2154 1415 2207 MAN.
1456 2149 1585 2206 Εῐτα
1602 2155 1696 2206 καὶ
1710 2154 1787 2224 τῷ

204 2250 289 2320 σῷ
314 2250 451 2319 Θεῷ,
469 2249 527 2300 οὐ
556 2250 624 2301 τὰ
649 2248 788 2299 αὐτά
815 2246 1150 2315 συμϐήσεται
1179 2264 1192 2312 ;
1219 2247 1251 2315 ἢ
1278 2245 1383 2315 γὰρ
1410 2245 1679 2309 συναῒδιος
1698 2247 1786 2299 αὐ-

202 2342 284 2409 τῇ)
305 2336 392 2411 ἦν,
419 2340 449 2409 ἢ
474 2338 781 2408 ὑποχείριος
804 2337 951 2406 αὐτῴ
987 2339 1017 2405 ἠ
1060 2337 1265 2399 κτίσις·
1291 2338 1322 2407 ἢ
1358 2333 1425 2407 ἦν
1462 2338 1651 2409 καιρὸς
1697 2338 1785 2391 ὅτε

203 2433 309 2485 οὐκ
344 2427 532 2503 ἦρχεν.
611 2429 758 2482 ΟΡΘ.
804 2430 914 2498 Οὐχ
947 2428 1223 2491 οὐτως.’11
1252 2427 1350 2497 μὲν
1383 2428 1491 2499 γὰρ
1515 2428 1690 2491 κτίσις
1724 2428 1782 2480 οὐ

206 2524 476 2585 συναῖδ.ος
500 2522 680 2592 αὐτῷ·
709 2521 795 2573 ἀεὶ
828 2521 884 2574 δὲ
923 2521 1016 2573 καὶ
1057 2519 1262 2590 Κύριος
1283 2514 1372 2591 ἦν,
1403 2522 1497 2573 καὶ
1520 2520 1672 2574 ἔσται
1701 2519 1787 2585 ἐξ·

203 2614 477 2677 ουσιάζων
498 2614 560 2665 ἐκ
580 2612 673 2665 τοῦ
701 2612 775 2682 μὴ
800 2613 947 2675 ὄντος
971 2612 1048 2675 είς
1068 2612 1127 2663 τὸ
1150 2607 1289 2664 εἶναι
1309 2614 1577 2680 παράγειν
1598 2612 1786 2676 οὐσίας

212 2705 300 2774 τῷ
325 2706 482 2773 Λόγῳ
514 2702 676 2755 αὐτοῦ
704 2703 796 2755 καὶ
826 2703 903 2772 τῷ
942 2702 1214 2772 Πνεῦμα-τι
1249 2702 1343 2755 τοῦ
1388 2704 1654 2773 στόματος
1688 2703 1788 2757 αὐ-

206 2796 326 2848 τοῦ.
350 2795 484 2849 Οὐτε
517 2796 571 2847 δὲ
608 2797 634 2847 ὁ
669 2795 840 2861 Λόγος
876 2794 1038 2848 αὐτοῦ
1064 2795 1418 2865 προφορικδς,
1447 2795 1562 2847 ἀλλ’
1587 2796 1783 2849 οὐσιῶ-

208 2886 309 2957 δης
335 2887 425 2940 καὶ
448 2887 830 2949 ὲνυπόττατος,
855 2884 978 2938 οὐτε
1000 2887 1059 2940 τὸ
1086 2887 1258 2956 στόμα
1280 2887 1465 2952 αὐτοῦ,
1495 2888 1655 2957 μέλος
1680 2905 1784 2940 σω-

214 2979 462 3047 ματικὸν,
488 2977 609 3031 οὔτε
644 2978 705 3031 τὸ
733 2977 956 3047 Πνεῦμα
994 2977 1181 3043 αὐτοῦ,
1213 2979 1349 3050 πνοὴ
1373 2978 1631 3049 λυομένη,
1658 2977 1785 3031 ἀλλ’

211 3070 510 3138 ὑπερούσια
543 3069 722 3122 πάντα
762 3068 831 3121 τὰ
868 3068 959 3120 τοῦ
1004 3069 1330 3141 ὑπερουσίου
1352 3080 1399 3134 ο,
1422 3071 1469 3122 εί
1508 3069 1602 3121 καὶ
1626 3070 1786 3139 ἡμεῖς

209 3162 277 3212 ἐκ
296 3159 401 3212 τῶν
423 3159 542 3213 καθ’
562 3161 710 3230 ἡμᾶς
734 3157 1105 3228 κατανοοῦμεν
1133 3159 1199 3211 τὰ
1223 3159 1363 3229 ὑπὲρ
1386 3161 1554 3230 ἡμᾶς.

1951 1517 2001 1571 9.
2042 1518 2107 1569 At
2140 1532 2267 1571 vero
2286 1517 2431 1585 quod
2475 1531 2573 1570 nec
2614 1517 2897 1587 dignitatis
2924 1518 3141 1587 quidem
3173 1526 3224 1572 et
3256 1519 3469 1590 imperii

1884 1610 2093 1662 ratione
2113 1608 2224 1662 duo
2251 1608 2521 1678 principia
2545 1610 2680 1671 sint,
2708 1609 2782 1662 ita
2809 1610 3153 1678 exploratth
3182 1610 3467 1665 habemus.

1885 1701 2017 1754 (lum
2070 1701 2180 1754 duo
2230 1700 2496 1753 duntaxat
2541 1709 2747 1766 essent,
2786 1700 2929 1757 Deus
2980 1701 3238 1755 nimirum
3270 1710 3324 1756 et
3356 1718 3472 1757 ma-

1888 1794 2041 1857 teria,
2076 1803 2168 1846 aut
2200 1795 2430 1845 alterum
2458 1793 2609 1845 alteri
2641 1793 3029 1847 dominabatur
3053 1802 3105 1846 et
3132 1794 3467 1861 imperabat.

1890 1893 1982 1939 aut
2016 1884 2122 1938 alia
2154 1898 2374 1954 quoque
2399 1892 2580 1947 erant,
2620 1900 2742 1953 qua!
2776 1884 2996 1939 duobus
3025 1886 3309 1955 principiis
3338 1886 3471 1941 sub-

1882 1976 2582 2047 jicerentur,ejusdemque
2608 1991 2730 2029 cum
2767 1976 2875 2029 illis
2900 1977 3225 2031 mternitatis
3243 1988 3468 2044 essent;

1890 2066 2102 2135 hacque
2148 2065 2362 2117 ratione
2392 2079 2500 2117 non
2527 2064 2638 2117 duo
2675 2071 2910 2127 tantum,
2941 2063 3035 2118 sed
3070 2064 3226 2132 plura
3260 2065 3468 2134 princi-

1888 2154 1975 2223 pia
2007 2162 2189 2207 erunt.
2238 2151 2353 2206 Duo
2382 2152 2642 2205 nimirum
2678 2166 2799 2221 quae
2825 2151 3115 2221 imperent,
3152 2153 3256 2206 alia
3287 2161 3467 2209 autem

1887 2259 2010 2314 qua:
2034 2244 2273 2300 subsint.
2319 2245 2423 2297 Aut
2457 2243 2502 2297 si
2540 2242 2787 2312 ejusdem
2826 2259 2949 2297 cum
2990 2245 3274 2314 principiis
3311 2254 3467 2300 atter—

1889 2338 2080 2392 uitatis
2114 2352 2221 2393 non
2253 2345 2410 2392 erant
2447 2352 2511 2391 ea
2543 2352 2665 2407 quat
2701 2335 2988 2405 parebant,
3039 2334 3200 2408 433
3252 2344 3469 2404 tempus

1886 2429 2151 2500 fuit,quo
2180 2430 2457 2500 principia
2504 2443 2612 2483 non
2653 2435 2830 2482 erant.
2876 2426 3043 2481 MAN.
3096 2431 3289 2483 Annon
3335 2436 3467 2482 tuus

1888 2521 1976 2576 hic
2004 2536 2221 2590 quoque
2260 2520 2403 2575 Deus
2454 2521 2646 2576 iisdem
2686 2520 2942 2576 absurdis
2991 2521 3095 2575 erit
3148 2521 3469 2577 obnoxius?

1890 2621 1984 2666 aut
2014 2614 2159 2668 enim
2187 2623 2473 2667 comternze
2494 2612 2570 2666 illi
2600 2620 2760 2667 erant
2789 2628 2876 2667 res
2909 2624 3125 2678 crcalaa,
3162 2623 3257 2667 aut
3290 2614 3467 2683 ipsius

1889 2704 2117 2759 arbitrio
2142 2704 2418 2773 subjectae,
2442 2711 2769 2773 auttempus
2799 2702 2920 2766 fuit,
2951 2718 3073 2757 cum
3099 2704 3467 2773 principatum

1894 2795 2102 2849 nullum
2138 2802 2369 2863 gereret.
2415 2792 2625 2847 ORTH.
2679 2792 3053 2862 Nequaquam.
3084 2792 3271 2864 Neque
3320 2795 3468 2849 enim

1892 2900 1981 2939 res
2006 2883 2244 2938 conditas
2267 2883 2371 2953 ipsi
2395 2890 2678 2938 comtcrnaa
2697 2883 2937 2948 fuerunt,
2965 2894 3016 2938 et
3040 2891 3224 2939 tamen
3253 2899 3469 2955 semper

1893 2984 2011 3032 erat
2042 2974 2325 3039 Dominus,
2358 2975 2594 3046 eritque,
2640 2983 2699 3029 ut
2728 2976 2820 3043 qui
2858 2990 3039 3030 rerum
3090 2978 3361 3031 essentias
3400 2991 3468 3031 ex

1894 3072 2071 3127 nihilo
2106 3068 2447 3140 producendi
2482 3076 2752 3138 potestate
2791 3068 3028 3136 polleat;
3060 3066 3242 3123 Verbo
3273 3084 3469 3139 nempe

1860 3175 2000 3235 ,δυο
2030 3174 2094 3213 ac
2127 3158 2337 3228 Spiritu
2391 3159 2505 3213 oris
2540 3157 2650 3212 sui.
2704 3155 2815 3212 Nec
2854 3172 2986 3211 vero
3034 3156 3271 3213 Verbum
3317 3159 3468 3213 illius

210 3251 552 3322 prolatitium
599 3258 725 3313 est,
775 3250 870 3304 sed
926 3249 1332 3305 substantivum
1386 3266 1450 3307 ac
1502 3266 1789 3322 personam
1830 3252 2209 3316 constituens;
2248 3264 2423 3320 neque
2457 3263 2518 3304 os
2557 3248 2675 3316 ejus
2743 3247 3049 3303 membrum
3115 3265 3464 3320 corporeum,

210 3356 389 3409 neque
437 3339 678 3411 Spiritus
729 3338 877 3408 ejus,
930 3338 1134 3393 halitus
1189 3349 1314 3405 est,
1364 3341 1457 3410 qui
1530 3342 1583 3398 in
1643 3356 1810 3396 auras
1884 3342 2044 3396 abeat
2083 3360 2097 3396 :
2132 3356 2319 3396 verum
2378 3340 2527 3395 illius
2559 3339 2652 3409 qui
2698 3338 3066 3393 substantiam
3107 3355 3325 3398 omnem
3370 3360 3464 3399 su-

212 3440 402 3502 perat,
460 3431 647 3484 omnia
703 3446 921 3501 quoque
978 3444 1142 3500 supra
1200 3431 1563 3486 substantiam
1634 3438 1787 3498 sunt,
1828 3430 2046 3486 etiamsi
2073 3446 2175 3487 nos
2209 3445 2276 3485 ex
2306 3428 2394 3483 bis
2424 3442 2545 3497 quae
2572 3427 2717 3482 circa
2740 3441 2841 3484 nos
2881 3434 3033 3495 sunt,
3087 3443 3149 3483 ea
3216 3433 3465 3501 specule-

211 3537 338 3576 lﬂlll‘
364 3536 487 3591 qua:
514 3531 642 3574 511111.
679 3534 845 3589 supra
881 3536 1005 3575 "08.

290 3610 339 3666 ι’.
384 3612 523 3663 Ἀλλ’
572 3612 691 3664 οὐδὲ
739 3612 880 3665 κατά
920 3613 1155 3684 φυσικὴν
1189 3617 1281 3667 καὶ
1323 3615 1556 3686 οὺσιώδη
1595 3614 1775 3670 αἰτίαν
1802 3622 1847 3685 C

211 3704 427 3759 ἔσονται
480 3705 537 3758 αί
593 3703 715 3756 καθ’
752 3704 895 3773 ὑμᾶς
949 3704 1049 3757 δύο
1105 3706 1311 3775 ἀρχαί·
1364 3708 1392 3759 ὁ
1439 3706 1548 3777 γὰρ
1600 3706 1789 3779 Πατὴρ

208 3793 497 3865 όμοουσίου
530 3793 657 3846 Υίοῦ
711 3794 1013 3863 γεννήτωρ,
1043 3794 1211 3857 ἀΐδιος
1274 3794 1466 3862 ἀϊδίου,
1500 3793 1788 3865 ἀσώματος

210 3885 531 3954 ἀσωμάτου.
564 3886 625 3938 Εἰ
663 3880 753 3938 οῦν
792 3888 846 3937 ai
898 3884 1016 3937 καθ’
1050 3885 1192 3954 ὑμᾶς
1223 3885 1316 3939 δύο
1345 3886 1533 3956 ἀρχαὶ,
1558 3888 1699 3940 κατὰ
1732 3887 1791 3939 τὸ

212 3976 444 4046 φυσικὸν
499 3976 671 4030 αἴτιον
726 3964 887 4047 ἀρχαί
922 3980 1029 4031 εισι
1080 3977 1189 4030 τῶν
1242 3977 1443 4043 ὄντων,
1476 3979 1688 4033 ἔσονται
1724 3979 1790 4032 τά

214 4068 392 4120 πάντα
414 4067 695 4137 ὁμοούσια,
717 4069 811 4121 καὶ
839 4069 1087 4121 συναῖδια
1118 4071 1238 4133 ταῖς
1262 4070 1383 4123 καθ’
1400 4071 1542 4141 ὑμᾶς
1570 4071 1784 4142 ἀρχαῖς·

214 4157 279 4209 El
304 4157 475 4210 δὲκαὶ
512 4158 677 4222 ἀΐδια,
697 4158 791 4211 καὶ
828 4159 1090 4228 ἄτρεπτα,
1123 4161 1217 4213 καὶ
1247 4161 1484 4225 ὲναντία,
1521 4163 1614 4215 καὶ
1636 4164 1788 4216 ἀκοι-

214 4242 450 4314 νώνητα,
485 4247 579 4298 καὶ
599 4246 855 4316 ἄρχοντα,
890 4248 983 4299 καὶ
1013 4248 1115 4301 οὐκ
1154 4248 1450 4319 ἀρχόμενα,
1476 4251 1570 4303 καὶ
1600 4251 1785 4320 κύρια,

214 4336 309 4387 καὶ
332 4336 392 4387 οὐ
424 4336 606 4389 δοῦλα.
635 4338 696 4389 ΕΞ
739 4337 795 4390 δὲ
828 4338 969 4390 κατὰ
998 4339 1058 4391 τὸ
1102 4340 1383 4410 ποιητικὸν
1414 4341 1591 4395 αἴτιον
1625 4343 1787 4414 ἀρχαί

215 4427 321 4477 εἰσι
351 4425 458 4477 τῶν
487 4426 655 4477 ὄντων
679 4427 735 4478 αἱ
771 4426 892 4479 καθ’
926 4428 1069 4495 ὑμᾶς
1102 4428 1194 4480 δύο
1236 4429 1424 4498 ἀρχαὶ,
1460 4431 1561 4483 οὐκ
1593 4432 1656 4484 ὲκ
1689 4432 1789 4501 τῆς

214 4515 402 4577 οὐσίας
434 4516 524 4567 τοῦ
574 4516 709 4567 Θεοῦ
767 4516 821 4567 αἱ
864 4516 1055 4585 ψυχαὶ,
1086 4517 1208 4569 οὐδὲ
1249 4518 1314 4569 ὲκ
1340 4520 1437 4587 τῆς
1470 4520 1656 4582 οὐσίας
1688 4521 1789 4589 τῆς

215 4604 349 4675 ὓλης
393 4604 461 4657 τὰ
493 4606 739 4674 σώματα,
778 4605 892 4657 ἀλλ’
928 4607 992 4657 ὲκ
1029 4605 1123 4657 τοῦ
1167 4606 1240 4676 μὴ
1271 4606 1418 4669 ὄντος
1445 4610 1525 4669 είς
1550 4608 1609 4660 τὸ
1650 4604 1787 4661 εἶναι

213 4696 581 4766 παρήχθησαν
614 4711 627 4725 ·
667 4698 760 4748 καὶ
783 4694 906 4748 οὕτε
938 4696 1276 4765 ἐπολέμησεν
1319 4697 1353 4766 ἠ
1385 4695 1484 4767 ὐλη
1524 4698 1658 4766 μετά
1691 4698 1787 4751 τοῦ

214 4786 417 4855 φωτὸς,
435 4787 530 4840 καὶ
555 4784 676 4838 οὐτε
697 4786 946 4856 ἥρπασεν
965 4785 1025 4849 ἐξ
1048 4784 1211 4838 αὐτοῦ
1242 4785 1536 4855 μέρος,καὶ
1565 4789 1786 4859 ἐποίησε

213 4877 315 4938 τὰς
363 4876 564 4945 ψυχάς.
604 4876 730 4939 Πῶς
784 4875 841 4927 δὲ
869 4914 883 4938 ,
913 4877 1008 4928 καὶ
1058 4875 1128 4928 τὰ
1177 4875 1394 4928 ἐναντία
1446 4876 1787 4949 ἀκοινώνητα

1950 3611 2035 3666 10.
2073 3610 2213 3676 Quin
2247 3622 2346 3663 nec
2382 3607 2470 3660 illa
2508 3614 2689 3661 vestra
2719 3621 2834 3676 quo
2875 3606 3145 3678 principia
3192 3611 3462 3666 naturalis

1901 3700 2355 3759 substantialisre
2389 3713 2571 3753 causaa
2616 3699 2888 3754 rationem
2930 3699 3154 3754 habent.
3192 3698 3326 3754 Nam
3362 3700 3464 3758 Pa-

1896 3804 1980 3850 ter
2005 3793 2129 3847 Filii
2168 3789 2661 3846 consubstantialis
2707 3790 2811 3845 sibi
2848 3790 3063 3859 genitor
3094 3800 3199 3857 est,
3263 3793 3467 3863 sempi-

1893 3897 2085 3940 ternus
2107 3881 2363 3938 videlicet
2387 3879 2732 3950 sempiterni,
2754 3880 3113 3949 incorporeus
3133 3882 3464 3952 incorporei.

1892 3977 2169 4044 Quocirca
2194 3974 2244 4030 si
2282 3974 2390 4028 duo
2419 3980 2607 4029 vestra
2657 3972 2931 4043 principia
2982 3974 3251 4030 naturalis
3284 3989 3467 4031 causa

1892 4067 2106 4121 ratione
2136 4078 2322 4118 rerum
2352 4062 2598 4116 omnium
2626 4061 2898 4130 principia
2935 4070 3085 4126 sunt,
3108 4066 3293 4117 omnia
3318 4073 3467 4120 certe

1890 4154 2135 4225 ejusdem
2184 4167 2308 4205 cum
2362 4150 2564 4206 vestris
2604 4150 2894 4220 principiis
2930 4157 2983 4205 et
3034 4150 3361 4208 substantiae
3409 4166 3465 4209 et

1889 4244 2215 4301 aeternitatis
2249 4251 2435 4297 erunt.
2477 4240 2633 4307 Quod
2660 4240 2703 4295 si
2729 4250 2959 4305 atterna,
2983 4257 3092 4296 non
3116 4252 3201 4298 est
3232 4244 3459 4301 dubiant

1890 4338 2022 4409 quin
2066 4334 2426 4390 immutabilia
2457 4342 2509 4387 et
2552 4333 2851 4399 contraria,
2893 4343 2947 4387 et
2997 4335 3066 4387 ab
3111 4336 3259 4389 omni
3312 4350 3462 4391 com-

1892 4429 2099 4483 mercio
2133 4426 2330 4489 aliena,
2357 4439 2587 4494 quisque
2611 4424 2901 4493 imperent,
2934 4439 3043 4478 non
3074 4425 3307 4495 imperio
3332 4428 3465 4483 sub-

1890 4522 2094 4575 dantur
2124 4535 2140 4584 ;
2175 4518 2550 4581 dominentur,
2583 4531 2694 4570 non
2728 4515 2995 4570 serviant.
3021 4515 3119 4570 Sin
3144 4528 3327 4573 autem
3362 4536 3459 4576 ve-

1891 4619 2003 4667 stra
2027 4608 2137 4663 duo
2169 4607 2437 4677 principia
2462 4605 2749 4661 eﬂicientis
2774 4622 2955 4661 rerum
2985 4622 3167 4663 causa:
3190 4612 3459 4667 rationem

1890 4699 2170 4764 habeant;
2198 4695 2445 4766 profecto
2477 4711 2579 4751 nec
2620 4697 2816 4751 anima:
2850 4712 2917 4752 ex
2948 4696 3065 4764 Dei,
3092 4714 3194 4755 nec
3230 4716 3458 4771 corpora

1889 4807 1957 4846 ex
1995 4790 2246 4845 materiae
2280 4789 2616 4853 substantia,
2647 4790 2740 4844 sed
2768 4805 2836 4845 ex
2860 4791 3028 4846 nihilo
3059 4794 3280 4848 condita
3307 4810 3459 4853 sunt.

1890 4881 2000 4935 Nec
2033 4878 2263 4950 proinde
2301 4879 2533 4933 materia
2558 4878 2669 4933 luci
2702 4880 2902 4935 bellum
2939 4882 3146 4949 intulit,
3188 4898 3289 4939 nec
3337 4900 3461 4954 par-

215 4965 687 5036 συνεδιὸἀσθησαν
720 4967 799 5028 εἰς
847 4965 964 5029 ἑνὸς
1014 4966 1223 5035 κόσμου
1259 4966 1509 5036 ποίησιν;
1543 4968 1575 5037 ἢ
1608 4969 1725 5032 πῶς
1757 4970 1784 5020 ὁ

1889 4981 1998 5026 tem
2029 4971 2132 5039 ipsi
2156 4969 2381 5040 eripuit,
2414 4970 2735 5040 animasque
2766 4972 3035 5028 condidit.
3069 4974 3175 5039 Qui
3201 4986 3461 5046 praeterea

217 5059 323 5128 μὲν
370 5057 604 5126 πονηρὸς
660 5057 1031 5111 κατεσκεύασε
1090 5058 1151 5111 τὸ
1184 5058 1363 5128 σῶμα,
1403 5059 1431 5110 ὁ
1480 5058 1538 5110 δὲ
1568 5050 1789 5127 ἀγαθὸς

210 5149 320 5218 τὴν
350 5149 547 5218 ψυχὴν,
576 5150 668 5203 καὶ
697 5150 754 5201 ἓν
784 5148 919 5213 ζῶον
968 5150 1059 5203 τὸν
1098 5149 1384 5217 ἄνθρωπον
1421 5149 1787 5217 ἀπετέλεσαν;

214 5237 287 5290 Εἰ
310 5238 365 5289 δὲ
394 5240 533 5291 κατά
570 5239 823 5308 μίμησιν,
849 5239 923 5302 ὡς
967 5240 1323 5309 πρωτότυπον
1350 5240 1557 5301 είκόνος
1593 5242 1785 5306 αῐτιον,

214 5329 283 5380 τὸ
310 5330 728 5398 είκονιζόμενον,
767 5332 821 5382 al
876 5331 995 5384 καθ’
1029 5332 1170 5399 ὑμᾶς
1207 5332 1394 5400 ἀρχαὶ,
1426 5330 1575 5383 ἄλλοι
1596 5332 1790 5401 κόσμοι

215 5417 380 5480 είσὶν,
412 5412 487 5470 ὧν
540 5419 663 5471 καθ’
706 5420 963 5488 ὁμοίωσιν
1002 5419 1224 5487 γέγονεν
1262 5422 1290 5472 ό
1322 5421 1540 5490 κόσμος.
1573 5421 1647 5473 Οὐ
1684 5422 1791 5493 γὰρ

215 5503 283 5559 ἓν
313 5502 473 5570 εἶδος,
505 5509 624 5561 οὐδὲ
663 5509 758 5578 μία
789 5510 821 5579 ἦ
877 5509 970 5562 δύο
1007 5511 1209 5579 μορφαὶ
1232 5511 1288 5562 ἐν
1324 5512 1437 5573 τοῖς
1468 5510 1638 5576 οὖσιν,
1670 5511 1783 5565 ἀλλ’

1891 5062 2009 5117 ﬁeri
2040 5061 2239 5130 potuit,
2268 5069 2327 5116 ιιι
2355 5076 2477 5130 quas
2508 5061 2784 5115 contraria
2815 5073 2992 5127 erant,
3023 5073 3191 5133 atque
3218 5065 3286 5119 ab
3312 5068 3460 5120 omni

1890 5153 2032 5207 inter
2060 5166 2119 5207 se
2151 5152 2483 5208 commercio
2512 5150 2912 5216 abhorrebant,
2945 5153 3012 5207 ad
3053 5154 3220 5208 unius
3270 5154 3460 5209 mundi

1892 5241 2236 5298 etfectionem
2273 5241 2657 5306 convenerint,
2690 5257 2753 5297 ac
2786 5243 2963 5299 malus
2994 5244 3208 5313 quidem
3236 5259 3462 5315 corpus,

1893 5334 2073 5390 bonus
2103 5342 2285 5390 autem
2328 5335 2564 5388 animam
2602 5340 2943 5405 praepararit,
2976 5346 3139 5406 atque
3164 5338 3326 5393 ambo
3358 5338 3457 5393 ho-

1894 5425 2121 5487 minem,
2165 5423 2365 5477 animal
2403 5439 2571 5478 unum
2600 5423 2903 5480 effecerint.
2929 5424 3024 5480 Sin
3049 5427 3286 5497 denique
3308 5427 3460 5496 princ

1895 5516 2037 5586 cipia
2075 5524 2257 5572 vestra
2292 5517 2635 5586 exemplares
2662 5532 2859 5575 causas
2894 5534 3016 5574 esse
3043 5522 3125 5574 ais
3152 5538 3165 5575 :
3195 5520 3463 5590 quemad-

1517 5671 1751 5731 VARIA']
1793 5676 2194 5734 LECTIONES.

296 5761 324 5806 δ
357 5763 581 5821 Lettncl.
622 5763 819 5831 μόνων.
902 5773 924 5799 θ
958 5762 1123 5817 Basil.
1160 5764 1299 5834 ὑπὲρ
1324 5764 1532 5818 οὐσίαν.

546 5858 813 5918 Ρλτιιοι..
855 5855 970 5917 Gn.
1009 5854 1204 5915 XCIV.

3065 5849 3140 5910 48
