4156 6436
777 383 929 449 1515'
1959 379 2373 437 sqtomxts
2400 380 2824 443 DAMASCENI
3856 385 3985 454 1511i

777 499 998 551 modum
1034 497 1329 565 exemplar,
1370 495 1620 559 imaginis
1660 507 1781 560 qua:
1830 508 1893 545 ex
1947 493 2038 544 illa
2089 493 2325 556 ducitur,
2357 501 2398 554 Α
2429 495 2463 544 ἀ

2429 494 2738 562 ἀνάριθμοι.
2796 495 2906 547 Καὶ
2952 495 3075 557 πῶς
3133 496 3473 564 ἁναρίθμητα
3519 494 3636 563 εἴδη
3699 496 3814 548 τῶν
3869 497 3994 562 παρ’

775 604 941 642 causa
972 598 1073 646 est,
1102 588 1158 638 tit
1185 587 1340 654 plane
1364 593 1506 636 ut'ea
1531 585 1638 637 sint
1666 583 1852 635 mundi
1882 583 1970 634 alii
2001 582 2064 635 ad
2094 597 2323 650 quorum
2431 583 2460 632 ὑ

2431 583 2558 650 ὑμῖν
2585 582 2680 634 δύο
2720 584 2928 651 ἀρχῶν,
2959 586 3162 646 εἰκόνες
3190 586 3325 637 εισίν
3347 604 3363 649 ;
3389 585 3560 647 οὕτως
3597 585 3872 636 ἀδύνατον
3904 589 3988 636 ut

777 677 1190 733 similitudinem
1225 677 1459 729 mundus
1485 676 1590 730 iste
1629 674 1808 727 factus
1856 674 1948 727 sit.
1980 673 2046 724 At
2080 687 2186 724 non
2221 686 2324 725 una
2431 672 2463 722 ἀ

2431 663 2730 723 ἀσύπατόν
2775 673 2835 724 τὸ
2865 675 2995 741 παρ’
3017 675 3146 742 ὑμῖν
3177 676 3306 743 περὶ
3356 674 3464 726 τῶν
3495 674 3684 744 ἀρχῶν
3710 673 3984 742 φρόνημα.

774 773 856 818 est
891 765 942 814 in
977 764 1143 816 rebus
1179 764 1414 830 species,
1449 777 1547 815 nec
1574 776 1700 823 una,
1735 759 1970 812 autduaa
2000 758 2207 821 formae,
2234 759 2326 811 sed
2443 761 2463 811 Ἀ

2443 761 2782 828 Ἐρωτήσατε
2814 763 2921 832 γὰρ
2947 764 3045 834 την
3081 763 3446 830 ἀπειρόκακω
3478 764 3584 815 τῶν
3609 762 3830 814 παίδων
3857 763 3988 826 πλη-

774 853 1222 906 innumerabiles.
1250 852 1353 915 Qui
1385 866 1514 920 ergo
1560 851 1616 902 ﬁt
1659 859 1716 901 ut
1774 850 2070 900 innumerae
2114 847 2326 914 species
2430 849 2457 899 Θ

2430 849 2547 911 Θὺν,
2588 849 2619 917 ἢ
2654 850 2783 911 δυὰς
2828 853 3013 920 ἄρχει,
3045 852 3077 920 ἢ
3124 855 3158 920 η
3206 850 3408 918 μονάςς
3441 854 3536 904 καὶ
3580 854 3828 921 ἐροῦσιν,
3860 852 3988 918 ὠςή

775 944 1005 996 duorum
1031 952 1337 998 vestrorum
1371 941 1758 1010 principiorum
1797 938 2060 1005 imagines
2110 945 2321 1005 gerant.
2433 955 2463 1005 μ

2433 937 2597 1005 μονὰς
2650 938 2807 1006 ἄρχει
2862 939 3062 1000 παντὸς
3110 937 3367 1006 ἀριθμοῦ.
3416 935 3488 990 Ὦ
3539 941 3751 1007 νηπίων
3791 954 3990 1006 mmo-

777 1032 851 1084 Ex
885 1049 992 1101 quo
1046 1033 1391 1101 perspicuum
1458 1037 1544 1083 est
1613 1028 1760 1080 nullo
1813 1027 1974 1079 modo
2025 1027 2327 1096 consistere
2431 1025 2459 1076 δ

2431 1025 2669 1094 δέστεροί
2703 1042 2761 1078 τε
2787 1028 2880 1080 καὶ
2905 1029 3283 1096 ἀφρονέστεροι
3309 1029 3322 1080 1

777 1142 936 1194 posse
970 1135 1201 1180 vestram
1269 1125 1334 1178 de
1389 1123 1598 1176 duobus
1653 1120 1937 1190 principiis
1997 1118 2331 1186 opinionem.
2371 1115 2476 1170 Sed
2507 1119 2645 1170 vela
2675 1119 2926 1186 simplice
2959 1134 3254 1186 puerorum
3278 1121 3434 1174 turba
3500 1121 3682 1175 velim.
3724 1121 3988 1190 quitritc:

779 1218 1105 1273 Binariusne
1143 1215 1482 1283 principium
1566 1220 1684 1276 est;
1749 1226 1888 1264 anne
1953 1223 2082 1261 vero
2169 1207 2394 1261 unitas?
2467 1207 2693 1272 omnino
2749 1208 3156 1276 respondebunt
3217 1208 3478 1261 unitatem
3541 1209 3730 1264 omnis
3785 1205 3990 1262 numeri

769 1305 1104 1375 principium
1138 1317 1281 1357 esse.
1314 1300 1357 1354 Ο
1382 1301 1629 1353 homines
1676 1297 1861 1366 pueris
1911 1295 2239 1363 pueriliores
2276 1302 2329 1346 ct
2386 1293 2824 1360 insipientiores!

855 1403 936 1452 ll.
975 1401 1036 1450 At
1067 1412 1194 1450 vero
1226 1409 1444 1448 rursum
1492 1391 1896 1446 sciscitantibus
1935 1387 2094 1440 nobis
2140 1386 2325 1449 dicite,

777 1502 963 1546 utrum
996 1489 1220 1544 bonum,
1257 1484 1468 1544 stabile,
1507 1481 1827 1548 ordinisque
1883 1485 2042 1531 tenax
2077 1477 2147 1528 sit
2187 1475 2327 1527 mul-

779 1595 980 1642 torum,
1020 1594 1085 1631 an
1140 1577 1299 1628 unius
1329 1571 1647 1640 imperium?
1677 1567 1888 1623 Nemini
1940 1563 2185 1634 profecto
2224 1563 2325 1616 du-

780 1673 924 1724 bium
958 1674 1062 1727 est,
1112 1665 1242 1731 quin
1308 1660 1602 1712 multorum
1657 1656 2026 1723 principatus,
2084 1651 2326 1720 regimen

779 1774 937 1814 omne
960 1755 1178 1809 tandem
1216 1752 1557 1808 submoveat,
1588 1746 1998 1811 scditioniSqne,
2039 1742 2186 1805 belli,
2224 1756 2326 1810 pu-

2506 1391 2592 1436 ta'.
2635 1387 2742 1452 Kal
2788 1364 2943 1436 τοῦτο
2992 1385 3046 1436 δὲ
3084 1387 3212 1454 ἡμῖν
3259 1384 3532 1454 ἐρωτῶσιν
3567 1389 3795 1437 εἴπατε·
3833 1387 3867 1452 ὴ
3901 1402 3992 1436 πο-

2434 1474 2663 1542 λυαρχία
2693 1476 2808 1524 ἐστὶ
2838 1475 3016 1533 καλὸν,
3035 1475 3136 1526 καὶ
3165 1477 3447 1542 στάσιμον,
3475 1477 3568 1526 καὶ
3591 1476 3878 1534 τακτικὸν,
3904 1474 3935 1540 ἦ
3959 1477 3988 1542 ἠ

2437 1563 2701 1632 μοναρχία
2721 1580 2736 1625 ;
2756 1564 2894 1615 nam
2916 1564 3092 1630 δῆλον,
3116 1565 3188 1624 ὼς
3208 1565 3241 1632 ἡ
3264 1563 3562 1631 πολυαρχία
3594 1563 3838 1630 ἄναρχὸς
3859 1565 3989 1625 ἐστι,

2433 1656 2524 1704 καὶ
2555 1651 2874 1718 στασιώδης,
2905 1652 3280 1720 καὶπολέμου,
3315 1653 3407 1702 καὶ
3448 1653 3649 1718 μάχης.
3684 1653 3780 1702 καί
3814 1651 3990 1702 κακῶν

2431 1743 2596 1806 αἰτία,
2636 1743 2727 1793 καὶ
2753 1741 2994 1801 λύσεως·
3030 1744 3060 1809 ἡ
3090 1742 3145 1792 δὲ
3182 1742 3446 1809 μοναρχία
3495 1741 3690 1806 βεϐαία
3727 1741 3825 1791 καὶ
3853 1741 3991 1791 ἒννο-

776 1865 912 1919 gum,
943 1846 1230 1905 malorum,
1265 1855 1326 1892 ac
1348 1837 1566 1890 tandem
1591 1832 1896 1888 eversionis
1921 1831 2134 1898 imperii
2165 1844 2329 1882 causa
2366 1841 2404 1894 Β
2433 1847 2463 1898 μ

2433 1846 2550 1898 μος,
2585 1829 2676 1880 καὶ
2709 1830 2928 1898 εἰρήνης
2955 1830 3103 1880 αἰτία
3141 1828 3183 1888 ί,
3219 1829 3311 1879 καὶ
3339 1827 3562 1888 τάξεως,
3601 1826 3701 1876 καὶ
3728 1827 3987 1892 γαλήνης,

776 1941 882 1992 sit:
922 1943 1110 1989 contra
1159 1945 1286 1984 vero
1327 1927 1490 1981 unius
1541 1923 1825 1992 imperium
1882 1922 2094 1975 ﬁrmum
2138 1920 2250 1983 sit,
2276 1927 2329 1974 et

775 2042 1012 2096 :equnm,
1061 2033 1378 2091 pacemque,
1411 2025 1462 2071 et
1486 2014 1753 2078 ordinem,
1777 2019 1828 2065 et
1855 2010 2325 2090 tranquillitatem,

775 2115 1111 2182 etjustitiam
1165 2108 1442 2165 conciliet,
1501 2119 1694 2170 resque
1760 2099 1812 2152 in
1867 2099 2059 2153 melius
2108 2106 2322 2166 augeat.

778 2205 1140 2273 Quamobrem
1166 2199 1209 2253 si
1247 2197 1312 2251 de
1361 2201 1540 2248 vestra
1587 2188 1855 2244 sententia
1900 2187 2006 2240 duo
2063 2186 2329 2255 principia

775 2305 922 2357 sunt,
966 2289 1227 2361 principii,
1248 2283 1513 2354 expertia,
1542 2277 1824 2361 multiplici
1857 2276 1990 2328 adeo
2021 2275 2326 2343 principatu

781 2404 866 2440 res
901 2355 1183 2452 reguntur.
1223 2376 1338 2441 Quo
1369 2375 1424 2426 Iit
1456 2379 1514 2424 ut
1543 2355 1756 2422 'malum
1802 2367 1965 2420 rebus
2013 2366 2214 2433 praesit,
2263 2379 2326 2417 ac

778 2477 938 2549 1.3a.
964 2471 1186 2544 proinde
1213 2482 1376 2521 unum
1411 2463 1739 2535 principium
1769 2461 1858 2522 sit,
1892 2473 2082 2527 nempe
2105 2458 2322 2510 malum.

778 2548 894 2621 .liam
933 2579 1058 2618 vero
1086 2558 1351 2630 quomodo
1380 2556 1487 2609 duo
1523 2554 1612 2606 illa
1645 2551 1931 2620 principia,
1964 2563 2083 2617 qute
2122 2548 2326 2600 c0nﬁn—

789 2656 971 2718 sistis,
1010 2650 1144 2704 nihil
1167 2650 1305 2701 inter
1339 2660 1397 2698 se
1427 2655 1716 2696 commune
1745 2638 1943 2692 habere
1975 2635 2323 2690 contenditis.

777 2744 908 2797 Nam
937 2741 978 2794 si
1014 2740 1112 2792 hoc
1135 2735 1367 2795 exsistit,
1393 2739 1443 2784 et
1470 2729 1599 2782 illud
1633 2741 1880 2797 quoque:
1915 2731 1963 2777 et
1996 2724 2042 2777 si
2075 2724 2174 2775 hoc
2197 2723 2328 2776 sub-

777 2834 979 2890 stantia
1004 2839 1083 2882 est
1115 2823 1372 2895 principii
1396 2833 1592 2889 expers
1621 2832 1688 2870 ac
1717 2815 2070 2882 sempiterna,
2108 2821 2161 2865 et
2200 2811 2327 2864 illud

2433 1922 2524 1973 καὶ
2551 1921 2916 1989 δικαιοσύνης,
2951 1920 3042 1972 καὶ
3076 1920 3176 1987 τῆς
3207 1918 3298 1970 ἐπὶ
3330 1919 3389 1969 τὸ
3415 1919 3660 1986 κρεῖττον
3687 1916 3988 1984 αὐξήσεως.

2433 2011 2494 2062 Et
2537 2009 2628 2060 οὖν
2671 2008 2762 2060 δύο
2809 2009 2974 2083 ᾲρχαὶ
3025 2009 3247 2076 ἄναρχοι
3299 2007 3416 2059 καθ’
3462 2008 3652 2074 ἡμᾶς,
3691 2003 3991 2072 πολυαρχία

2433 2099 2585 2167 ἄρχει
2616 2098 2730 2149 τῶν¹
2754 2099 2942 2160 ὄντων,
2977 2100 3070 2149 καὶ
3113 2100 3253 2168 ἀρχὴ
3286 2097 3392 2148 τῶν
3416 2097 3631 2149 πάντων
3667 2095 3843 2146 κακία
3866 2110 3881 2124 ⁸
3907 2093 3994 2144 καὶ

2431 2187 2574 2239 οὕτω
2600 2188 2698 2256 μία
2725 2187 2888 2256 ἁρχὴ,
2913 2189 2944 2256 ἡ
2972 2188 3154 2238 κακία.
3186 2187 3308 2248 Πῶς
3336 2187 3391 2238 δὲ
3425 2185 3834 2251 ἀκοινωνήτους
3866 2199 3994 2234 παν-

2431 2274 2597 2336 τελῶς
2628 2274 2812 2340 λέγετε
2845 2275 2941 2335 τὰς
2971 2273 3062 2326 δύο
3102 2273 3296 2340 ἀρχὰς,
3323 2273 3387 2334 ἄς
3420 2272 3574 2322 αὐτοὶ
3623 2270 3992 2322 ἀνεπλάσατε.

2431 2367 2491 2418 El
2523 2367 2629 2434 γὰρ
2657 2365 2749 2416 καὶ
2777 2365 2912 2434 αὕτη
2944 2366 3082 2426 ἐστὶ,
3123 2364 3378 2432 κᾶκείνητ
3413 2363 3502 2414 καὶ
3527 2362 3560 2430 ὴ
3587 2363 3611 2399 ε
3649 2361 3792 2428 αὕτη
3841 2358 3996 2410 οὐσία

2429 2457 2575 2507 ἐστὶν
2598 2455 2832 2524 ἄναρχος
2857 2454 2997 2524 ἀρχὴ
3027 2454 3120 2506 καὶ
3169 2453 3356 2513 ἀΐδιος,
3386 2452 3612 2519 κάκείνη
3640 2450 3876 2518 ὁμοίως,
3901 2446 3995 2498 οῦκ

2429 2545 2536 2597 εἰσι
2567 2544 2844 2606 παντελῶς
2870 2541 3237 2610 ἀκοινώνητοι.
3264 2538 3591 2592 Κοινωνοῦσι
3626 2539 3738 2606 γὰρ
3770 2536 3922 2588 κατά
3941 2553 3995 2588 τι

2430 2635 2488 2685 τδ
2513 2629 2671 2691 εἶναι,
2699 2633 2790 2685 καὶ
2820 2632 3067 2694 atati/:6,
3101 2631 3278 2686 οὐσία.
3311 2631 3401 2682 καὶ
3438 2628 3674 2695 ἄναρχος
3708 2626 3883 2694 ἀρχὴ,
3907 2626 3996 2676 καὶ

2432 2723 2597 2784 ἀΐδιος
2621 2717 2760 2774 εἶναι
2781 2739 2794 2753 ·
2831 2722 2923 2774 καὶ
2961 2721 3100 2773 κατὰ
3147 2720 3319 2772 πάντα
3352 2718 3549 2788 ψευδὴς
3577 2719 3605 2769 ὁ
3642 2717 3810 2782 λόγος
3846 2714 3994 2782 ὑμῶν

2436 2810 2829 2862 ἀποδέδεικται.

779 2925 1049 2984 similiter,
1077 2917 1192 2970 ﬁeri
1221 2913 1443 2968 omnino
1473 2925 1580 2962 non
1612 2915 1788 2976 potest
1818 2914 1876 2958 ut
1910 2905 2045 2957 nihil
2091 2903 2233 2955 inter
2264 2914 2325 2954 ea
2371 2915 2690 2972 commune
2756 2900 2845 2953 sit.
2887 2899 3000 2953 Hoc
3039 2901 3183 2952 enim
3235 2885 3379 2952 in'ter
3423 2912 3483 2950 ea
3532 2909 3840 2949 commune
3894 2903 3991 2960 εει,

776 2982 918 3085 quod
952 3018 1100 3070 sunt,
1134 3005 1276 3075 quod
1306 2999 1625 3054 substantiae
1655 3007 1808 3055 sunt.
1834 2994 2088 3061 quodque
2122 2989 2379 3059 principii
2404 2989 2643 3056 expertia
2675 2989 2939 3058 principia
3002 2996 3152 3050 sunt,
3223 3002 3287 3041 ac
3359 2988 3712 3053 sempiterna.
3792 2982 3995 3053 Sicque

780 3080 956 3160 modis
985 3097 1240 3153 omnibus
1288 3091 1533 3150 doctrina
1587 3095 1766 3141 vestra
1817 3081 2072 3136 falsitatis
2099 3080 2463 3134 convincitur.

849 3195 934 3246 ιιι.
967 3194 1041 3243 Ac
1071 3201 1295 3241 rursus:
1325 3184 1379 3236 Si
1405 3182 1512 3236 duo
1529 3177 1796 3248 principia
1832 3174 2102 3244 principio
2129 3176 2325 3224 ca‘ren-.
2347 3177 2389 3233 (ζ

2497 3168 2584 3237 ιβ’.
2613 3170 2722 3222 Καὶ
2766 3168 2928 3220 πάλιν
2963 3169 3054 3218 ’λεί
3106 3166 3200 3218 δύο
3249 3166 3410 3236 ἀρχαὶ¹
3461 3168 3726 3238 ἄναρχοι,
3757 3171 3994 3222 ἕκαστον

778 3287 848 3338 tia
886 3290 1033 3342 sunt,
1081 3286 1373 3342 utrumque
1406 3285 1469 3334 eo
1519 3269 1664 3338 quod
1696 3280 1854 3333 suum
1906 3272 1989 3317 est
2027 3261 2225 3331 gaudet
2279 3266 2330 3313 et

783 3374 1125 3428 oblectatur;
1177 3364 1370 3431 suique
1423 3349 1892 3413 conservationem
1950 3352 2150 3405 bonum
2211 3362 2331 3400 esse

782 3471 987 3517 censet.
1013 3455 1317 3522 Unicuique
1345 3451 1538 3504 etenim
1567 3447 1645 3501 rei
1680 3445 1808 3498 illud
1835 3446 2030 3496 bonum
2055 3448 2156 3500 est,
2185 3437 2328 3506 quod

781 3553 952 3621 ipsius
985 3556 1233 3601 naturam
1267 3549 1467 3595 tuetur.
1502 3538 1676 3606 Atque
1705 3534 1836 3587 adeo
1900 3533 1993 3586 ille
2039 3545 2198 3598 quem
2232 3530 2328 3581 bo-

778 3660 926 3700 num,
966 3649 1018 3693 et
1053 3638 1187 3689 alter
1227 3647 1383 3703 quem
1418 3629 1619 3681 malum
1673 3641 1795 3679 esse
1839 3622 2042 3682 dicitis.
2101 3629 2328 3687 uterque

777 3736 842 3788 de
875 3733 1053 3798 seipso
1083 3724 1300 3795 gaudet,
1336 3723 1517 3788 iisque
1547 3731 1667 3786 qua:
1704 3729 1800 3769 sua
1833 3722 1959 3768 sunt.
1999 3711 2322 3765 oblectatur.

775 3824 910 3889 Quis
950 3822 1114 3890 igitur
1144 3825 1244 3875 est,
1283 3812 1373 3882 qui
1405 3811 1632 3863 alterum
1682 3806 1907 3868 bonum,
1939 3803 2166 3858 alterum
2210 3812 2325 3851 ma-

776 3886 885 3966 lum
921 3886 1346 3976 es'scjudicavit.
1389 3899 1481 3952 llle
1516 3893 1753 3965 profecto
1790 3891 1934 3945 Deus
1980 3889 2157 3958 potior
2198 3886 2321 3947 erit,

775 4003 1168 4065 mnhorttmqnc
1203 3989 1569 4061 praslantior.
1614 3982 1860 4037 Deterius
1891 3979 2034 4032 enim
2094 3991 2123 4028 a
2185 3989 2322 4042 prze-

775 4087 1023 4146 stanliori
1055 4063 1153 4150 ςνυῑ
1185 4084 1230 4136 is
1257 4080 1350 4150 qui
1393 4078 1602 4139 subest,
1633 4074 1699 4127 ab
1724 4086 1789 4126 eo
1818 4070 1910 4138 qui
1944 4075 2153 4138 prmest,
2179 4063 2324 4133 judi-

773 4191 945 4236 catur.

846 4269 929 4320 15.
968 4263 1109 4328 Quin
1135 4258 1261 4312 illud
1294 4270 1508 4325 quoque
1541 4253 1692 4306 dicas
1733 4249 1893 4303 velim
1921 4247 2113 4324 :.inter
2141 4251 2322 4297 vestra

771 4359 878 4412 duo
933 4350 1197 4422 principia
1249 4344 1523 4412 aliquidue
1575 4351 1863 4393 commune
1912 4335 2004 4395 sit,
2056 4321 2123 4386 an
2186 4329 2321 4384 nihil

771 4461 963 4514 prorsu

2429 3264 2519 3314 ἐπὶ
2555 3261 2628 3330 τῷ
2677 3260 2859 3329 οἰκείῳ
2886 3260 3067 3328 χαίρει
3108 3259 3203 3309 καὶ
3234 3260 3510 3329 τέρπεται,
3541 3263 3631 3314 καὶ
3663 3262 3873 3314 ἑαυτοῦ
3907 3263 3995 3315 σῦς

2431 3366 2636 3411 στασιν,
2667 3347 2868 3414 ἀγαθὸν
2901 3345 3169 3412 λογίζεται
3193 3363 3207 3375 ο
3231 3348 3444 3416 ἑκάστῳ
3470 3348 3576 3415 γὰρ
3611 3349 3830 3414 ἀγαθόν
3856 3350 3991 3410 ἐστι,

2427 3441 2486 3489 τὸ
2515 3437 2834 3489 συστατικὸν
2859 3437 2958 3504 τῆς
2992 3436 3196 3495 οἰκείας
3222 3436 3435 3504 φύσεως
3459 3453 3472 3467 ·
3503 3437 3595 3488 καὶ
3632 3439 3662 3488 ὀ
3691 3440 3830 3508 παρ’
3868 3439 3994 3506 ὑμῖν

2427 3526 2519 3582 οὖν
2551 3529 2750 3594 ἀγαθὸς
2778 3568 2792 3588 ,
2817 3530 2908 3580 καὶ
2937 3529 2966 3579 ὁ
3007 3529 3136 3596 παρ’
3169 3529 3296 3596 ὑμῖν
3344 3527 3576 3595 πονηρὸς
3596 3569 3610 3592 ,
3637 3529 3886 3588 ἕκαστος
3912 3529 3992 3591 ἐφ’

2427 3617 2604 3686 ἑαυτῷ
2645 3618 2843 3687 χαίρει,
2873 3618 2967 3668 καὶ
2994 3619 3108 3678 τοῖς
3140 3616 3359 3678 οἰκείοις
3386 3617 3758 3686 ἐπιτέρπεται,
3789 3619 3892 3669 καὶ
3926 3618 3990 3669 τὰ

2423 3709 2596 3760 οἰκεῖα
2646 3705 2824 3772 ἀγαθὰ
2853 3703 3157 3771 λογίζεται.
3189 3705 3282 3766 Τίς
3335 3699 3428 3756 οὖν
3474 3707 3501 3756 ὀ
3528 3705 3722 3773 κρίνας
3773 3703 3874 3755 τδν
3899 3706 3991 3756 ἕνα

2427 3801 2694 3870 πονηρόν;
2726 3800 2820 3850 καὶ
2869 3800 3115 3858 κάκεῖνος
3165 3798 3361 3866 μᾶλλόν
3416 3799 3530 3849 ἐστι
3579 3797 3734 3857 Θεὸς,
3783 3799 3990 3865 μείζων

2425 3890 2768 3960 ἀμφοτέρων.
2801 3889 2873 3940 Τὸ
2906 3889 3012 3956 γὰρ
3044 3876 3258 3940 ἔλαττον
3287 3887 3390 3938 ὑπὸ
3420 3885 3513 3938 τοῦ
3535 3888 3875 3954 κρείττονος,
3898 3888 3989 3939 καὶ

2424 3983 2483 4034 τὸ
2512 3980 2813 4050 ἀρχόμενον
2837 3978 2940 4031 ὕπὺ
2969 3977 3060 4030 τοῦ
3094 3979 3348 4047 ἄρχοντος
3379 3977 3637 4046 κρίνεται.

2492 4245 2582 4306 ιγ’.
2617 4238 2751 4290 Εἰπὲ
2777 4237 2832 4291 δὲ
2880 4238 2975 4290 καὶ
3024 4237 3214 4288 τοῦτο’
3243 4233 3587 4287 κοινωνοῦσιν
3630 4234 3905 4302 ἀλλήλαις
3931 4233 3985 4286 al

2423 4330 2550 4397 παρ’
2582 4330 2712 4396 ἡμῖν
2739 4327 2830 4378 δύο
2864 4326 3096 4395 ἀρχαὶ,ἢ
3121 4324 3392 4387 παντελῶς
3423 4325 3560 4375 είσιν
3581 4320 3985 4390 ἀκοινώνητας

971 4410 1219 4497 εῗΜᾸΝ.
1268 4410 1410 4487 Nihil
1464 4444 1713 4501 prorsus.
1760 4425 2037 4494 Siquidem
2092 4422 2386 4501 alterum_
2421 4419 2463 4470 Μ

2424 4417 2665 4470 ΜΑΝΙΧ.
2723 4413 3097 4483 Ἀκοινὼνητοι
3147 4410 3285 4482 ¹ἦσαν
3335 4411 3610 4472 παντελῶς
3637 4427 3653 4439 ’
3677 4411 3712 4478 ἡ
3745 4411 3852 4478 μὲν
3881 4412 3986 4478 γὰρ

774 4493 820 4514 ,..
840 4493 883 4500 --
903 4493 992 4499 μ-
1021 4493 1026 4494 γ
1467 4493 1482 4501 ,
1841 4493 1849 4494 ,

771 4539 822 4593 in
861 4530 1263 4587 confertissima
1302 4526 1572 4579 bonorum
1607 4518 1762 4587 copia
1791 4517 2133 4570 versabatur.
2181 4511 2315 4562 alte-
2345 4493 2393 4550 D
2422 4524 2459 4576 μ

2424 4507 2521 4576 μία
2555 4509 2612 4558 ὲν
2651 4503 2975 4574 πληρώματι
3019 4503 3126 4556 τῶν
3173 4500 3393 4568 ἀγαθῶν
3438 4497 3528 4570 ἢν,
3563 4503 3594 4565 ἡ
3625 4500 3680 4550 δὲ
3722 4499 3900 4567 ἑτέρα
3929 4500 3987 4550 ἐν

768 4641 890 4678 rum
926 4619 1116 4673 mediis
1150 4618 1202 4670 in
1235 4616 1409 4668 malis.
1438 4611 1634 4664 Verum
1671 4605 1947 4676 permistio
1972 4608 2156 4671 postea
2184 4614 2317 4652 con—

770 4714 905 4782 tigit.
934 4709 1142 4764 ORTH.
1171 4703 1540 4774 Supersedeas
1583 4699 1849 4764 tantisper
1871 4695 2029 4747 velim
2068 4691 2136 4744 ab
2172 4691 2316 4745 edis-

769 4799 1003 4855 serenda
1037 4798 1139 4849 ista
1171 4792 1560 4862 permistionc;
1593 4801 1654 4839 ac
1683 4784 1813 4837 mihi
1862 4783 2012 4851 prius
2063 4793 2309 4840 enarres,

768 4905 899 4945 num
938 4903 1033 4941 ens
1061 4885 1194 4947 enti,
1221 4880 1516 4935 secundum
1555 4875 1697 4943 quod
1728 4881 1835 4933 est,
1868 4877 2155 4938 repugnet,
2188 4869 2314 4920 nu'm

767 4995 894 5035 vero
921 4993 1028 5032 non
1057 4991 1152 5028 ens
1203 4972 1358 5028 enti?
1396 4967 1554 5021 MAN.
1607 4965 1661 5018 Id
1692 4966 1836 5032 quod
1886 4963 2086 5013 malum
2120 4968 2224 5022 est,
2262 4957 2312 5009 ci

768 5067 911 5136 quod
943 5074 1027 5119 est
1057 5063 1277 5123 bonum,
1310 5063 1597 5126 repugnat.
1635 5049 1840 5105 ORTII.
1867 5052 1979 5103 Hoc
1999 5048 2311 5102 sciscitatus

770 5174 874 5212 non
906 5169 1045 5218 sum,
1071 5160 1246 5204 utrum
1288 5147 1438 5207 boni,
1469 5146 1551 5198 vel
1586 5141 1710 5194 mali
1749 5139 1962 5194 ratione
1988 5179 2001 5202 ,
2034 5139 2127 5192 sed
2160 5152 2226 5188 an
2258 5136 2311 5188 in

769 5266 831 5302 eo
864 5245 1004 5314 quod
1038 5251 1184 5304 sunt,
1219 5240 1359 5293 inter
1389 5251 1447 5290 se
1482 5238 1744 5303 pugnent.
1767 5229 1898 5283 Nam
1926 5243 1988 5283 ea
2020 5243 2141 5296 quae
2167 5235 2312 5292 sunt,

770 5337 1184 5403 haudquaquam
1220 5328 1366 5383 omni
1410 5342 1471 5380 ex
1510 5334 1661 5394 parte
1714 5329 1974 5392 pugnant.
2035 5318 2313 5387 Siquidem

773 5429 874 5480 hac
905 5425 1019 5492 ipsa
1054 5422 1261 5473 ratione
1293 5415 1435 5484 quod
1466 5422 1615 5476 sunt,
1647 5412 1787 5466 inter
1838 5424 1894 5466 se
1950 5409 2304 5462 conveniunt.

2416 4591 2739 4662 πληρώματι
2769 4591 2894 4662 ⁸τῶν
2945 4587 3128 4642 κακῶν
3162 4606 3173 4620 υ
3203 4587 3317 4640 ἀλλ’
3350 4588 3562 4653 ἐγένετο
3608 4586 3747 4653 μετὰ
3805 4585 3984 4637 ταῦτα

2417 4683 2736 4751 σύγκρασις.
2759 4679 2908 4734 ΟΡΘ.
2950 4677 3240 4732 Ἀναϐαλοῦ
3291 4679 3426 4739 τέως
3466 4678 3557 4727 τὸν
3603 4675 3704 4740 τῆς
3735 4677 3988 4742 συγκρά-

2416 4789 2552 4834 σεως
2581 4771 2754 4837 λόγον.
2783 4753 2992 4839 Φράσον
3019 4770 3074 4821 δὲ
3094 4771 3224 4838 ἡμῖν
3251 4768 3512 4836 πρότερον
3536 4782 3550 4794 ’
3586 4765 3738 4816 τδδν
3765 4765 3851 4831 τῷ
3874 4765 3988 4816 ὄντι

2415 4861 2556 4914 κατὰ
2585 4861 2644 4911 τὸ
2679 4854 3092 4922 εἶναι’ὲναντίον,
3121 4858 3154 4927 ἢ
3191 4859 3252 4909 τδ
3285 4858 3366 4926 μὴ
3386 4856 3446 4907 ὃν
3464 4854 3539 4923 τῷ
3565 4856 3699 4906 δντι.
3723 4854 3983 4906 ΜΑΝῙΧ.

2416 4953 2491 5005 Τδ
2518 4952 2577 5003 ὃν
2624 4950 2927 5018 κακὸν,τῷ
2961 4949 3074 5000 ὃντι
3121 4935 3311 5016 ἄγαθῷ
3355 4946 3613 4999 ἐναντίον.
3654 4943 3816 4996 υΡΘ.
3867 4943 3986 4997 Οὐκ

2419 5044 2692 5114 ἠρώτησα,
2707 5043 2753 5093 εἰ
2780 5039 2919 5093 κατᾶ
2937 5039 2996 5092 τὸ
3026 5038 3190 5091 κακὸν
3212 5037 3302 5090 καὶ
3322 5035 3523 5103 ἀγαθόν
3545 5036 3684 5086 εισι-ι
3734 5033 3980 5094 ἐναντία,

2421 5133 2554 5186 ἀλλὰ
2583 5129 2720 5184 κατὰ
2748 5131 2807 5183 τὸ
2835 5127 2993 5182 εἶναι.
3017 5128 3099 5180 Τὰ
3122 5128 3228 5196 γὰρ
3247 5126 3397 5187 ὄντα,
3423 5125 3484 5175 οὺ
3513 5119 3797 5181 παντελῶς
3829 5122 3985 5172 ὲνιιν⁸

2420 5223 2507 5274 τία
2531 5237 2544 5249 ·
2584 5221 2722 5273 κατὰ
2755 5221 2861 5288 γὰρ
2887 5218 3018 5271 αὐτὸ
3047 5217 3106 5269 τὸ
3134 5211 3270 5267 εἶναι
3321 5210 3669 5266 κοινωνοῦσιν
3699 5209 3980 5276 ἀλλήλοις.

2418 5311 2496 5378 τῷ
2528 5312 2582 5362 δὲ
2608 5311 2716 5361 ὄντι
2749 5310 2810 5360 τὸ
2848 5307 2921 5377 μὴ
2972 5302 3106 5359 εἶναι
3154 5303 3388 5358 ἐναντίον
3411 5318 3424 5331 '
3456 5301 3592 5352 ὥστε
3619 5300 3669 5349 εἰ
3698 5295 3983 5357 παντελῶς

2416 5401 2652 5453 ἐναντίον
2683 5399 2760 5467 τῷ
2793 5397 2978 5466 ἀγαθῷ
3004 5397 3062 5448 τὸ
3088 5394 3254 5449 κακὸν
3275 5430 3290 5455 ,
3323 5391 3438 5444 ἐστι
3463 5388 3524 5441 ’δὲ
3546 5388 3605 5439 τὺ
3629 5385 3864 5450 ἀγαθὸν.
3885 5380 3980 5432 σῦκ

2058 5574 2294 5630 VARI/l7.
2337 5569 2737 5627 LECTIONFZS.

862 5679 1066 5732 fbasil.
1102 5679 1252 5733 deest.
1284 5679 1447 5729 αἰτία.
1563 5679 1585 5713 Β
1621 5674 1762 5741 Lego
1784 5675 1851 5723 εἰ.

1891 5686 2010 5723 cum
2057 5666 2407 5723 Lcunclavio.
