4156 6436
822 401 956 468 1519
2009 407 2065 463 S.
2101 407 2276 464 IOAN
2293 407 2412 465 NIS
2444 409 2867 468 DAMASCENI
3899 413 4012 472 1510

819 517 1040 568 malum.
1077 512 1190 568 Non
1220 509 1361 577 quod
1393 508 1678 567 facultates
1709 515 1858 584 ipsa,
1892 524 1981 568 aut
2016 531 2202 570 earum
2237 532 2366 569 usus
2393 523 2436 578 Α

2393 523 2436 578 Α
2466 519 2554 570 τὸν
2586 520 2745 586 νόμον
2777 519 2870 570 τοῦ
2922 519 3226 582 δεδωκότος.
3262 522 3419 574 Κακά
3453 522 3510 572 δι
3551 523 3652 573 οὐκ
3693 524 3840 574 αὒτά
3861 563 3876 586 ,
3897 525 4009 574 sm

819 606 995 657 malus
1030 604 1119 663 sit,
1157 601 1250 656 sed
1284 601 1426 670 quod
1460 601 1633 656 malus
1683 604 1865 656 utendi
1908 603 2100 658 modus
2144 613 2197 656 et
2237 619 2361 656 cum

2465 609 2522 658 τὸ
2556 609 2628 676 μὴ
2669 609 2806 660 κατά
2834 610 2923 660 τὸν
2965 610 3126 677 νόμον
3154 609 3245 661 τοῦ
3277 610 3566 673 δεδωκότος
3599 610 3938 679 χρήσασθαι.
3966 613 4012 662 ΕΞ

823 692 1098 759 largientis
1134 690 1226 761 Dei
1267 691 1381 760 lege
1409 705 1680 760 pugnans.
1722 691 1853 745 Nam
1897 695 1941 746 si
1997 693 2136 747 Deus
2186 694 2362 746 bonus

2466 697 2572 765 γὰρ
2603 697 2734 767 πρὸς
2787 697 3043 748 σύστασιν
3081 698 3179 763 τῆς
3225 698 3367 765 ζωῆς
3409 700 3748 768 χρησώμεθα
3809 698 4010 767 βρώσει,

819 792 920 842 est,
959 782 1095 846 bona
1135 796 1352 848 quoque
1383 792 1464 835 est
1496 785 1581 836 lex
1609 783 1810 851 ipsius;
1845 784 2106 835 naturalis
2130 785 2360 845 scilicet,

2465 785 2643 847 πόσει,
2677 784 2850 854 ὕπνῳ,
2885 786 2978 838 καὶ
3015 788 3127 846 τοῖς
3158 786 3439 848 τοιούτοις,
3472 787 3633 839 καλὸν
3661 788 3877 839 τούτων
3901 787 4010 837 ιιι-

817 879 872 922 et
901 885 1020 938 qua:
1057 885 1156 923 ens
1190 877 1274 924 est
1306 885 1369 922 ex
1413 879 1536 924 ente
1564 889 1576 922 :
1608 871 1728 937 ejus
1757 877 1932 920 autem
1975 870 2358 938 transgressio,

2467 887 2590 922 στον
2613 886 2624 898 ·
2650 872 2742 923 καὶ
2770 873 2818 923 εί
2844 875 2908 940 τῇ
2941 873 3206 940 ἐπιθυμίᾳ
3242 873 3334 925 καὶ
3362 877 3426 942 τῇ
3469 876 3661 944 ἀγάπῃ
3693 875 4014 943 χρησώμεθα

817 961 1086 1013 exstantis
1109 961 1163 1012 in
1195 959 1353 1013 nobis
1388 961 1519 1028 legis
1544 959 1772 1028 privatio
1814 967 1917 1013 est.
1951 959 2011 1012 ν.
2039 975 2118 1029 gr.
2152 961 2361 1029 appeti-

2463 961 2598 1030 πρὸς
2627 961 2718 1014 τὸν
2752 963 2902 1025 Θεδν,
2934 963 3025 1015 τὸν
3085 963 3247 1032 νόμον
3292 963 3449 1031 φύσει
3510 960 3896 1033 ἐπιθυμητὸν,
3938 967 4014 1014 ui

818 1059 927 1111 tus,
953 1059 1002 1100 et
1028 1051 1131 1111 ira,
1155 1056 1207 1103 et
1226 1051 1384 1113 actio,
1410 1056 1461 1101 et
1484 1050 1751 1116 Operatio,
1775 1056 1829 1101 et
1852 1065 1971 1117 qua
2003 1050 2088 1103 bis
2111 1051 2361 1104 omnibus

2465 1050 2599 1118 πρὸς
2623 1050 2714 1102 τόν
2742 1052 2969 1120 πλησίον
2998 1053 3136 1104 κατά
3180 1053 3269 1104 τὸν
3315 1056 3476 1121 νόμον
3517 1053 3610 1104 τοῦ
3642 1053 3812 1112 Θεοῦ,
3839 1055 4011 1105 καλόν·

818 1141 968 1208 prail
1007 1142 1164 1198 ratio,
1203 1138 1312 1190 haec
1359 1153 1464 1190 non
1507 1138 1644 1190 mala
1698 1150 1845 1201 sunt,
1877 1139 1969 1192 sed
2019 1141 2193 1202 bona,
2219 1141 2261 1193 si
2295 1139 2361 1192 ad

2463 1127 2562 1192 καῖ
2588 1141 2635 1192 εί
2660 1144 2724 1210 τῇ
2752 1139 2891 1209 μίξει
2918 1142 3242 1211 χρησώμεθα
3270 1145 3387 1203 ταῖς
3415 1144 3625 1194 ἑαυτῶν
3651 1145 3878 1209 γυναιξὶ
3901 1145 4015 1210 πρὸς

817 1245 938 1281 eum
997 1228 1176 1288 linem,
1201 1229 1271 1281 ob
1303 1242 1462 1294 quem
1510 1227 1840 1294 accepimus,
1873 1243 1934 1280 ea
1983 1227 2359 1290 adhibeamus,

2462 1231 2804 1296 τεκνογονίαν
2834 1231 2973 1283 κατὰ
3021 1234 3110 1283 τὸν
3165 1235 3320 1300 νόμον
3371 1234 3457 1284 τὸν
3505 1235 3733 1284 δοθέντα
3769 1237 3840 1298 τῇ
3877 1234 4016 1296 φύσει

817 1321 917 1370 hoc
947 1327 1028 1371 est
1053 1317 1350 1370 secundum
1377 1315 1595 1385 Dci,qui
1632 1317 1799 1378 dedit,
1836 1319 2024 1386 legem.
2057 1317 2174 1385 ipsa
2201 1333 2360 1386 porro

2461 1321 2612 1387 παρά
2639 1321 2732 1372 τοῦ
2755 1320 2908 1382 Θεοῦ,
2943 1321 3133 1373 καλὸν
3158 1325 3203 1373 εί
3233 1323 3287 1373 δὲ
3313 1324 3643 1390 χρησώμεθα
3671 1326 3737 1390 τῇ
3764 1323 4017 1390 ἐπιθυμίᾳ

817 1406 957 1458 maia
984 1421 1089 1458 non
1122 1412 1268 1467 sunt,
1294 1405 1384 1458 sed
1411 1421 1596 1458 eorum
1623 1420 1778 1466 usus,
1810 1420 1970 1459 secus
1995 1420 2057 1458 ac
2091 1407 2203 1475 lege
2227 1421 2359 1458 cou—

2461 1411 2598 1480 πρὸς
2635 1410 2701 1461 τὰ
2736 1410 2989 1478 ἀλλότρια
3023 1411 3170 1478 παρὰ
3199 1413 3287 1462 τὸν
3310 1413 3469 1479 νόμον
3514 1412 3608 1463 τοῦ
3642 1415 3807 1468 Θεοῦ,
3839 1414 4011 1463 κακόν.

813 1495 1059 1549 cedentis
1107 1494 1488 1563 praescribitur.
1522 1494 1731 1546 Etenim
1786 1495 1831 1548 si
1866 1497 2010 1554 cibo,
2041 1502 2095 1547 et
2125 1502 2271 1562 potu,
2309 1503 2361 1548 et

2462 1494 2595 1549 Εῐπε
2625 1498 2732 1567 γὰρ
2765 1501 2793 1550 ό
2813 1498 2944 1560 Θεός
2967 1515 2980 1528 ⁸
3019 1517 3036 1548 ι
3073 1499 3186 1550 Οὐκ
3215 1498 3577 1567 ἐπιθυμήσεις
3607 1498 3699 1548 τὸν
3732 1500 3910 1564 ἀγρὸν
3937 1500 4015 1549 τοῦ

814 1599 1028 1646 somno,
1061 1585 1292 1650 aliisque
1349 1582 1399 1635 id
1429 1583 1643 1651 generis
1668 1621 1681 1644 ,
1731 1583 2010 1637 servandae
2046 1584 2170 1636 vita:
2193 1597 2358 1636 causa

2462 1587 2686 1654 πλησίον
2718 1603 2832 1650 σου,
2868 1586 2988 1639 οὐδὲ
3015 1587 3114 1656 τὴν
3139 1590 3368 1654 γυναῖκα
3393 1586 3578 1647 αὑτοῦ,
3600 1587 3727 1638 οὐδὲ
3752 1589 3859 1639 ὅσα
3882 1587 4015 1653 αὑτῴ

815 1676 1040 1734 utimur,
1066 1673 1293 1742 quodvis
1317 1673 1510 1725 borum
1538 1673 1738 1725 bonum
1764 1679 1865 1727 est.
1893 1671 2092 1726 Eodem
2124 1673 2283 1727 modo
2312 1674 2358 1728 si

2459 1679 2625 1731 ἐστιν.
2663 1697 2682 1728 ι
2712 1677 2774 1730 Ἦ
2801 1678 3025 1746 πορνεία
3057 1679 3116 1728 οὐ
3143 1676 3228 1728 διὰ
3254 1678 3353 1745 τὴν
3383 1677 3680 1743 συνάφειαν
3708 1679 3832 1726 ἐστι
3867 1676 4011 1740 κακὴ,

811 1781 936 1833 erga
972 1764 1132 1816 Dcum
1158 1764 1248 1832 qui
1275 1764 1424 1818 solus
1465 1770 1656 1816 natura
1681 1763 2014 1829 expetendus
2058 1771 2163 1826 est,
2197 1771 2357 1828 atque

2460 1767 2594 1819 ἀλλά
2636 1767 2722 1820 διά
2751 1768 2813 1818 τὸ
2865 1769 2963 1836 τὴν
3014 1766 3299 1836 ἀλλοτρίαν
3354 1767 3712 1834 ωναφθῆναι.
3755 1767 3822 1816 Ἡ
3876 1782 4011 1814 κεντο-

813 1869 938 1918 ειηςιι
992 1855 1289 1921 proximum
1315 1893 1330 1916 ,
1367 1852 1820 1916 quemadmodum
1870 1851 1987 1919 lege
2026 1851 2117 1905 Dei
2165 1849 2357 1911 fertur,
2393 1852 2431 1906 Β

2393 1852 2431 1906 Β
2459 1854 2626 1918 δοξία,
2659 1855 2717 1906 οὐ
2751 1854 2839 1906 διά
2863 1855 2922 1906 τὸ
2943 1856 3162 1924 ἀγαπᾷν
3192 1856 3288 1921 τὴν
3325 1855 3510 1917 δόξαν,
3550 1855 3719 1919 κακὴ,
3752 1854 3898 1903 ἀλλά
3940 1853 4013 1901 διὰ

813 1943 1049 2010 appetitu
1086 1948 1136 1994 et
1158 1955 1340 1992 amore
1374 1950 1623 2000 utamur,
1669 1939 1869 1992 bonum
1907 1948 2011 1992 est.
2043 1939 2098 1992 Si
2135 1939 2357 2007 insuper

2455 1947 2516 1996 τὸ
2543 1945 2618 2013 μὴ
2635 1944 2731 2015 τὴν
2757 1946 2818 1996 ὲκ
2837 1944 2971 1997 Θεοῦ
3009 1947 3164 2009 δόξαν
3193 1946 3409 2013 ἀγαπᾷν
3429 1961 3441 1974 ·
3464 1943 3524 1994 τὸ
3550 1946 3708 2012 μῖσος
3746 1942 3846 1992 καὶ
3875 1943 3902 1992 ό
3929 1942 4009 1992 θυ-

811 2031 1269 2100 proereandorum
1309 2030 1604 2082 liberorum
1641 2043 1805 2081 causa
1837 2070 1851 2093 ,
1899 2037 1957 2081 ut
2007 2028 2109 2082 l'ert
2138 2028 2223 2081 lex
2261 2043 2357 2080 na-

2459 2032 2654 2100 μδς,ει
2685 2031 2784 2100 μὲν
2815 2030 2953 2084 κατὰ
2989 2031 3096 2083 τῶν
3123 2030 3436 2083 κωλυόντων
3476 2032 3574 2098 τὴν
3614 2031 3900 2098 σωτηρίαν
3931 2029 4012 2094 τῆς

811 2132 948 2174 tun-:e
993 2135 1022 2172 a
1083 2119 1190 2172 Deo
1247 2120 1387 2182 lata,
1439 2118 1667 2170 maritali
1715 2117 1910 2185 c0pula
1943 2131 2066 2170 cum
2099 2117 2356 2169 uxoribus

2454 2117 2628 2186 ψυχῆς
2650 2156 2665 2180 ,
2701 2119 2793 2169 καὶ
2830 2119 2926 2186 τὴν
2963 2118 3096 2187 πρὸς
3139 2117 3271 2169 Θεδν
3303 2118 3370 2169 δι’
3407 2117 3652 2184 ὑπακοῆς
3689 2116 3865 2167 αὑτοῦ
3907 2132 4013 2166 ουν-

813 2211 1017 2265 nustris
1052 2217 1291 2270 utamur,
1329 2209 1531 2261 bonum
1580 2215 1682 2259 est.
1723 2205 1816 2260 Sin
1858 2220 2009 2269 vero,
2046 2213 2236 2258 contra
2265 2203 2356 2258 Dei

2457 2206 2680 2274 ἀφειαν,
2703 2208 2793 2260 καὶ
2824 2206 3174 2275 ἀφιστώντων
3200 2209 3263 2261 ἐκ
3294 2207 3450 2271 Θεοῦ,
3481 2209 3725 2258 τουτέστι
3753 2205 3903 2256 κατὰ
3931 2203 4016 2255 τοῦ

811 2299 1020 2367 legem,
1061 2311 1189 2360 erga
1249 2297 1423 2348 aliena
1474 2294 1766 2362 appetitum
1833 2293 2196 2361 applicemus.
2237 2304 2352 2342 ma-

2454 2294 2698 2347 διαϐόλου
2728 2296 2822 2348 καὶ
2868 2295 2975 2346 τῶν
3023 2295 3366 2363 θεραπόντων
3414 2291 3611 2357 αὑτοῦ,
3650 2292 3844 2344 καλόν,
3889 2293 4015 2357 Φησὶ

809 2389 920 2440 ium
977 2396 1078 2441 est.
1112 2385 1258 2438 Dixit
1305 2386 1449 2437 enim
1508 2383 1649 2437 Deus
1699 2401 1712 2435 :
1753 2401 1772 2432 ι
1823 2381 1938 2434 Non
2003 2381 2356 2450 concupisces

2454 2385 2592 2455 γάρ’
2615 2403 2634 2435 ι
2667 2385 2800 2453 Οὐχὶ
2829 2384 2953 2446 τοὺς
2979 2382 3271 2451 μισοῦντας
3301 2399 3379 2444 σε,
3409 2382 3600 2450 Κύριε,
3633 2381 3907 2449 ἐμίσησα,
3936 2379 4016 2429 ni

747 2524 749 2526 .
809 2490 998 2544 agrum
1049 2473 1278 2542 proximi
1310 2472 1428 2536 tui;
1462 2486 1569 2524 non
1623 2484 1846 2524 uxorem
1887 2470 2027 2538 ejus,
2070 2483 2170 2522 nec
2207 2483 2356 2536 quae-

2455 2472 2544 2523 ιπὶ
2568 2472 2691 2532 τοὺς
2721 2471 2943 2540 ἐχθρούς
2965 2487 3058 2539 σου
3086 2470 3418 2539 ἐξετηκόμην
3444 2486 3457 2532 ;
3483 2469 3687 2521 τέλειον
3710 2470 3875 2536 μῖσος
3902 2468 4013 2534 ἑμί-

810 2579 1024 2633 runque
1077 2565 1250 2632 ipsius
1277 2571 1404 2616 sunt
1438 2562 1477 2613 ³.
1512 2577 1530 2610 ι
1591 2558 1655 2612 Et
1703 2558 1920 2627 quidem
1960 2565 2016 2610 ut
2068 2557 2356 2611 fornicatio

2457 2576 2582 2612 σουν
2612 2545 2827 2624 αὐτοὺς,
2855 2549 2935 2622 είς
2963 2558 3188 2629 ἐχθροὺς
3225 2559 3468 2628 ἐγένοντό
3493 2575 3633 2627 μοι.»
3671 2557 3789 2610 Καὶ
3811 2559 3861 2607 ot
3883 2557 4018 2620 ἀγιοι

809 2655 1012 2707 malum
1069 2653 1176 2716 sit,
1209 2667 1316 2705 non
1349 2651 1675 2704 concubitus
1727 2648 1853 2702 facit
1877 2688 1892 2713 ,
1944 2648 2040 2703 sed
2075 2649 2200 2716 quia
2231 2661 2354 2700 cum

2458 2649 2726 2718 μάρτυρες
2760 2644 3052 2717 seuiton
3095 2647 3236 2700 κατά
3278 2648 3384 2698 τῶν
3435 2647 3717 2713 τυράννων
3747 2685 3762 2707 ,
3799 2647 4016 2703 δικαίαις

809 2744 984 2798 aliena
1035 2742 1093 2795 lit
1130 2743 1464 2810 conjunctio.
1516 2740 1604 2793 Sic
1662 2741 1839 2793 inanis
1887 2739 2092 2808 gloria,
2135 2753 2243 2811 non
2301 2737 2354 2790 in

2456 2735 2813 2804 θυμούμενον
2851 2737 2943 2787 καὶ
2973 2736 3065 2786 ὲάν
3091 2735 3232 2786 κατά
3263 2737 3353 2786 τοῦ
3386 2735 3584 2786 οίκείου
3619 2733 3897 2802 λογισμοῦ
3931 2732 4015 2783 θλ-

808 2849 874 2886 eo
924 2831 1064 2884 mala
1111 2840 1230 2894 est,
1267 2831 1412 2898 quod
1468 2829 1636 2899 gloria
1676 2837 1924 2891 ametur;
1960 2826 2052 2882 sed
2102 2825 2246 2895 quod
2292 2840 2354 2880 ea

2456 2825 2642 2894 μωθῶ,
2672 2823 2990 2894 χωρίζοντός
3020 2841 3084 2894 με
3115 2826 3176 2876 ἐκ
3209 2824 3343 2876 Θεοῦ
3368 2862 3383 2886 ,
3413 2824 3571 2876 καλόν
3592 2841 3603 2853 ·
3637 2825 3738 2874 ὲάν
3771 2841 3864 2883 τις
3891 2825 4017 2874 ἀπο-

809 2923 980 2988 gioria
1035 2934 1141 2972 non
1202 2927 1432 2982 ametur,
1484 2934 1606 2986 quas
1675 2932 1742 2970 es
1798 2916 1905 2968 Deo
1959 2923 2041 2968 est
2077 2915 2118 2966 ⁸.
2158 2911 2358 2967 Odium

2455 2917 2617 2984 στερῇ
2652 2931 2716 2982 με
2740 2917 2838 2982 τῆς
2870 2915 3163 2982 σωτηρίας,
3188 2913 3347 2965 καλὸν
3377 2913 3692 2983 θυμωθῆναι
3723 2915 3822 2964 καὶ
3861 2911 4015 2980 μισῆ-

809 3011 934 3060 item
968 3013 1022 3058 et
1062 3007 1163 3068 ira,
1193 3005 1236 3058 si
1271 3005 1486 3074 quidem
1521 3003 1782 3058 adversus
1809 3017 1902 3056 eos
1929 3003 2019 3070 qui
2055 3002 2354 3054 animarum

2457 3019 2582 3056 σαι·
2618 3003 2712 3056 ἐὰν
2736 3001 2790 3054 δὲ
2821 3003 2962 3072 λυπῇ
2992 3002 3130 3054 κατὰ
3171 3003 3392 3072 κόσμον,
3431 3003 3520 3053 xui.
3562 3003 3842 3067 ὠφελείας
3877 3001 4013 3067 γίνε-

808 3106 1120 3153 nostrarum
1165 3097 1322 3151 saluti
1377 3095 1764 3165 impedimento
1813 3105 1980 3157 sunt,
2017 3100 2070 3146 et
2116 3107 2183 3147 ne
2228 3107 2349 3146 cum
2384 3147 2421 3165 η

2384 3147 2421 3165 η
2454 3110 2544 3146 ται
2591 3091 2848 3162 πρόξενος
2870 3131 2885 3156 ,
2917 3091 3231 3160 ἀποστερῶν
3299 3091 3406 3142 τῶν
3463 3091 3665 3142 ὑλικῶν
3694 3132 3707 3151 ,
3746 3093 4018 3158 ἀγαπήσω

809 3147 1880 3257 Deovvperol‘s‘equentiam‘candelam,
1911 3147 2117 3252 nosque
2165 3183 2235 3236 ab
2287 3196 2352 3236 eo
2381 3147 2423 3204 ο

2381 3147 2423 3204 C
2458 3147 2676 3250 μᾶλλον,
2704 3147 2847 3250 ἧττερ
2872 3147 2884 3156 ⁷
2903 3147 3135 3250 μισήσωί
3178 3181 3235 3232 '0
3265 3180 3422 3248 φόνος
3453 3180 3620 3231 κακόν
3641 3194 3655 3208 ⁶
3694 3147 3871 3246 μόνον
3918 3147 4017 3246 γὰρ

808 3277 1163 3341 abstrahunt;
1200 3278 1301 3329 boc
1346 3284 1428 3330 est
1467 3273 1729 3328 adversus
1780 3272 2056 3327 diabolum
2079 3310 2094 3334 ,
2127 3272 2353 3341 ejusque

2454 3272 2588 3324 Οεοῦ
2609 3272 2668 3324 τδ
2693 3271 2946 3340 χωρίζειν
2963 3271 3062 3339 τὴν
3080 3269 3256 3338 ψυχὴν
3283 3270 3344 3322 ἐκ
3365 3268 3457 3320 τοῦ
3487 3267 3764 3337 σώματος,
3806 3268 3904 3319 τοῦ
3932 3271 4015 3320 καὶ

805 3367 1088 3420 ministros
1113 3373 1450 3428 exerceatur,
1477 3365 1678 3418 bonum
1701 3370 1801 3417 est.
1830 3361 1915 3416 Ait
1943 3362 2086 3416 enim
2111 3379 2124 3414 :
2155 3379 2173 3410 ι
2206 3361 2352 3415 Nou-

2457 3359 2809 3426 συνδήσαντος
2833 3377 2846 3389 ·
2879 3362 2926 3410 εί
2958 3360 3014 3410 δὲ
3045 3360 3302 3427 φωνεύσω
3332 3360 3433 3411 ὑπὸ
3468 3359 3598 3411 Θεοῦ
3630 3359 4013 3426 κελευόμενυς,

806 3471 876 3509 ue
908 3456 999 3524 qui
1031 3455 1260 3509 oderunt
1289 3463 1369 3518 te,
1408 3455 1664 3516 Domine,
1702 3452 1944 3516 oderam,
1976 3459 2028 3506 et
2054 3467 2218 3521 super
2249 3452 2353 3504 ini-

2456 3451 2645 3504 καλόν·
2673 3451 2780 3502 πᾶν
2808 3449 2914 3519 γὰρ
2948 3450 3010 3500 ἐκ
3044 3449 3136 3501 τοῦ
3169 3448 3395 3516 ἀγαθοῦ,
3438 3449 3661 3514 ἀγαθόν.
3694 3448 3890 3500 xum
3931 3445 4016 3500 οὖν

802 3545 976 3596 suicos
998 3552 1121 3596 tuos
1137 3541 1524 3595 tabescebam?
1551 3539 1792 3609 periecto
1815 3540 1939 3594 odio
1961 3539 2178 3593 oderam
2208 3540 2348 3604 illos,

2449 3538 2505 3589 τὸ
2538 3537 2821 3606 ἐπιθυμεῖν
2859 3537 3142 3606 ἁρπάζειν,
3173 3537 3201 3588 δ
3226 3537 3324 3588 οὐκ
3367 3537 3512 3587 ἐστιν
3539 3536 3846 3606 ἡμέτερον,
3889 3537 4015 3588 ἀλλὰ

803 3632 1273 3704 ηθοωιιίωἱεί
1305 3630 1430 3684 facti
1463 3638 1588 3685 sunt
1627 3629 1757 3683 mihi
1789 3630 1831 3683 '.
1862 3649 1882 3681 ι
1915 3629 2104 3684 Sancti
2135 3646 2352 3699 quoque

2445 3627 2540 3680 τοῦ
2564 3627 2718 3681 Θεοῦ.
2755 3629 2818 3680 Ἦ
2859 3629 3181 3696 κατάκρισις
3210 3628 3353 3696 κακή
3389 3642 3402 3656 ⁸
3439 3628 3575 3679 Θεοῦ
3609 3628 3723 3694 γὰρ
3757 3629 3933 3694 μόνου
3963 3629 4016 3678 τὸ
4052 3650 4059 3656 ·

799 3731 1072 3790 martyres
1096 3720 1245 3789 justa
1290 3718 1552 3774 adversus
1582 3725 1846 3788 tyrannos
1875 3718 2158 3774 iracundia
2206 3720 2348 3772 inar-

2454 3717 2658 3784 κρίνειν
2682 3756 2696 3780 ,
2724 3717 2818 3769 καὶ
2862 3717 3030 3769 κακὸν
3075 3716 3344 3786 ἁρπάζειν
3375 3714 3435 3769 τδ
3468 3717 3528 3767 ὲκ
3584 3715 3724 3766 Θεοῦ
3769 3716 4011 3784 ἀξίωμα,

803 3804 1115 3861 descebant.
1147 3807 1223 3862 Ac
1254 3809 1299 3862 si
1339 3808 1602 3861 adversus
1644 3822 1818 3862 meam
1856 3809 2031 3876 ipsius
2061 3809 2348 3877 cogitatio«

2453 3802 2533 3868 οἷς
2565 3806 2638 3875 μὴ
2673 3805 2879 3858 δέδοται
2923 3804 3074 3873 παρά
3099 3803 3233 3856 Θεοῦ
3277 3804 3337 3856 τὺ
3364 3803 3583 3873 κρίνειν.
3622 3803 3690 3855 Ἦ
3736 3806 4015 3870 κενοδοξία

802 3907 925 3946 nem
956 3908 986 3946 a
1010 3892 1118 3948 Deo
1140 3909 1224 3949 me
1245 3893 1600 3948 abducenlem
1619 3909 1990 3958 succenseam,
2024 3895 2224 3950 bonum
2246 3904 2346 3949 est.

2455 3896 2547 3947 καὶ
2568 3897 2600 3963 ὴ
2631 3895 3006 3965 ὑπερηφανεία
3049 3897 3225 3963 κακή·
3254 3892 3373 3962 Θεῷ
3403 3893 3510 3962 γάρ
3542 3893 3686 3962 μόνῳ
3721 3895 3934 3958 πρέπει
3963 3896 4018 3944 τὸ

807 3983 864 4039 Si
885 3985 1010 4052 quis
1028 3985 1158 4038 mibi
1175 3985 1401 4039 salutem
1425 3984 1642 4039 auferre
1659 3985 1933 4050 moliatur,
1953 3985 2004 4038 in
2024 4001 2147 4040 eum
2166 3985 2349 4052 irasci,

2454 3983 2678 4053 ἔπαρμα
2717 3983 2806 4036 καὶ
2855 3984 2888 4053 ἠ
2933 3982 3092 4046 δόξα·
3128 3979 3269 4033 ὥστε
3317 3981 3468 4034 οὐδὲν
3529 3982 3718 4050 ἕτερόν
3775 3983 3934 4034 ἐστιν
3985 3985 4015 4047 ἡ

800 4078 854 4126 et
888 4072 1032 4126 hunc
1061 4073 1245 4128 odisse
1287 4075 1487 4128 bonum
1517 4083 1620 4129 est.
1657 4073 1752 4127 Sin
1796 4074 2083 4128 mundanis
2108 4075 2161 4127 in
2189 4074 2349 4128 rebus

2457 4076 2647 4139 κακία,
2677 4077 2722 4128 εί
2759 4074 2833 4146 μὴ
2857 4075 2917 4127 τὸ
2951 4075 3098 4144 παρά
3149 4074 3309 4144 φύσιν
3353 4073 3444 4123 καὶ
3478 4073 3568 4122 τὸν
3608 4074 3773 4140 νόμον
3815 4074 4013 4139 κεχρῆ-

797 4163 1107 4217 molestiam
1157 4165 1286 4218 mibi
1317 4164 1530 4230 aiierat,
1555 4179 1678 4218 cum
1711 4163 1966 4219 utilitatis
2000 4172 2190 4218 auctor
2216 4165 2350 4218 mihi

2458 4167 2581 4218 σθαι
2609 4169 2728 4228 ταῖς
2761 4166 3335 4235 φυσικαῖς-,δυνάμεσιν
3380 4182 3392 4196 ο
3427 4166 3454 4217 ὃ
3486 4170 3583 4216 οὐκ
3628 4165 3779 4214 ἔστιν
3837 4165 4013 4224 οὐσία,

800 4255 898 4317 sit,
931 4263 1272 4308 terrenorum
1303 4254 1940 4322 scilicetexspoliatione,
1967 4252 2340 4307 benevolentia

1609 4254 1940 4322 spoliatione,
1967 4252 2340 4307 benevolentia
2449 4253 2562 4306 ἀλλ’
2591 4253 2858 4324 mam»
2897 4253 3250 4323 ἐπιτήδευμα.

797 4341 1007 4408 potius,
1029 4341 1198 4410 quam
1229 4340 1354 4396 odio
1397 4341 1452 4395 in
1495 4356 1617 4396 eum
1650 4339 1872 4396 aliieiar.
1908 4339 2157 4395 Hominis
2183 4341 2353 4395 caedes
2384 4341 2588 4394 malum
2619 4349 2722 4396 est.
2762 4340 2939 4396 Unius
2978 4345 3122 4395 enim
3168 4340 3260 4394 Dei
3291 4348 3375 4394 est
3407 4340 3641 4392 animam
3707 4353 3736 4390 a
3817 4353 4010 4406 corpo-

804 4445 864 4484 re
896 4429 1230 4502 disjungere,
1275 4441 1334 4487 ut
1383 4433 1474 4504 qui
1522 4447 1585 4488 ea
1615 4432 1776 4486 simul
1813 4432 2222 4487 constrinxerit.
2259 4432 2525 4486 Ceterum
2575 4432 2619 4486 si
2653 4431 2742 4486 Dei
2785 4432 2945 4501 jussu
3008 4431 3207 4485 eadem
3273 4430 3574 4493 admittam,
3661 4431 3876 4481 bonum
3917 4436 4014 4482 est.

804 4523 1014 4576 Etenim
1065 4525 1264 4578 bonum
1300 4532 1399 4589 est,
1432 4522 1699 4593 quidquid
1733 4532 1816 4577 est
1849 4511 1916 4578 ex
1952 4523 2116 4576 bono.
2147 4521 2346 4574 Malum
2387 4523 2569 4592 itaque
2605 4531 2705 4586 est,
2730 4537 2996 4594 usurpare
3030 4521 3159 4577 velle
3195 4520 3338 4591 quod
3380 4531 3624 4574 nostrum
3727 4534 3845 4573 non
3918 4529 4016 4574 est.

809 4610 902 4663 sed
937 4611 1049 4665 Dei.
1083 4610 1396 4666 Proximum
1437 4613 1801 4667 condemnare
1852 4610 2052 4665 malum
2099 4618 2219 4674 est;
2254 4610 2341 4664 Dei
2381 4611 2525 4666 enim
2591 4613 2760 4667 solius
2826 4619 2910 4668 est
2937 4612 3205 4682 judicare.
3236 4614 3313 4666 Ac
3340 4611 3567 4682 proinde
3600 4613 3818 4665 malum
3849 4623 3935 4667 est
3959 4617 4018 4666 iis

809 4701 1011 4768 quibus
1035 4699 1322 4769 judicandi
1348 4716 1547 4755 munus
1570 4716 1597 4753 a
1622 4699 1732 4755 Deo
1753 4715 2072 4756 concessum
2094 4716 2202 4755 non
2233 4700 2352 4765 fuit,
2397 4700 2487 4756 Dei
2519 4705 2898 4758 auctoritatem
2933 4705 3036 4760 sibi
3070 4691 3348 4773 arrogare.
3373 4701 3557 4757 Inanis
3577 4703 3751 4771 gloria
3815 4713 3875 4758 et
3924 4721 4013 4759 Su-

795 4791 986 4858 perbia
1028 4791 1164 4844 mala
1199 4800 1316 4857 est;
1352 4807 1478 4847 nam
1511 4793 1678 4846 Deum
1720 4791 1894 4846 solum
1928 4791 2083 4845 decet
2125 4792 2344 4847 eelsitas
2385 4800 2439 4847 et
2472 4795 2668 4863 gloria.
2707 4793 2906 4849 Italum
2936 4796 3119 4866 itaque
3143 4797 3279 4851 nihil
3309 4796 3451 4850 aliud
3485 4802 3570 4851 est
3626 4811 3797 4864 quam
3865 4801 3998 4852 viri-

801 4880 904 4934 bus
945 4880 1283 4934 uaturaiibus
1317 4889 1509 4934 contra
1541 4897 1700 4952 quam
1732 4890 1928 4936 natura
1957 4885 2011 4934 et
2056 4881 2140 4935 lex
2203 4881 2360 4946 ierat,
2403 4884 2478 4937 uti
2507 4902 2522 4936 ε
2551 4885 2693 4954 quod
2724 4886 2944 4956 quidem
2976 4885 3280 4942 substantia
3313 4901 3422 4943 non
3449 4901 3551 4950 est,
3614 4887 3710 4940 sed
3739 4872 3998 4941 nostrum

795 4969 1064 5040 quoddam
1097 4971 1394 5026 inventum.
2735 4986 2740 4990 ’
3493 4959 3498 4964 ’

867 5048 952 5112 15.
995 5057 1162 5113 Nosse
1211 5060 1410 5117 etenim
1462 5074 1640 5130 operae
1688 5062 1924 5131 pretium
1979 5070 2096 5127 est,
2144 5063 2347 5130 duplici
2381 5065 2424 5120 ο

2381 5065 2424 5120 D
2524 5067 2604 5114 ιε’.
2651 5061 2770 5131 Χρὴ
2819 5061 2926 5133 γὰρ
2973 5063 3166 5115 ειδέναι
3197 5102 3211 5126 ,
3244 5063 3318 5124 ὡς
3353 5061 3535 5124 διττῶς
3583 5061 3811 5128 λέγεται
3860 5063 3923 5114 τό
3963 5079 4016 5116 τε

797 5145 980 5211 modo,
1012 5154 1120 5199 tam
1175 5149 1398 5224 bonum,
1448 5164 1611 5220 quam
1668 5148 1872 5203 malum
1922 5152 2085 5204 sumi.
2137 5152 2343 5206 Bonum

2454 5149 2678 5218 ἀγαθὸν,
2711 5151 2804 5203 καὶ
2836 5150 2896 5203 τὸ
2934 5152 3104 5203 κακόν
3125 5168 3137 5180 ⁸
3173 5151 3371 5217 ἀγαθδν
3399 5152 3506 5220 γὰρ
3532 5151 3736 5215 κυρίως
3767 5152 4012 5218 λέγεται.

795 5238 940 5313 enim
982 5236 1200 5305 proprie
1226 5235 1430 5290 dicitur
1460 5236 1512 5290 id
1550 5238 1693 5305 quod
1739 5238 1995 5292 donatum
2029 5247 2115 5295 est
2149 5256 2177 5292 a
2214 5239 2344 5302 Deo,
2405 5233 2411 5238 ’

2405 5233 2411 5238 ’
2452 5241 2513 5293 τὸ
2549 5243 2612 5293 ἐκ
2657 5240 2750 5292 τοῦ
2779 5240 2935 5308 φύσει
2969 5239 3171 5309 ἀγαθοῦ
3211 5241 3344 5293 Θεοῦ
3375 5241 3766 5312 δεδωρημέγον.
3803 5243 4013 5314 βασι-περ

796 5328 888 5394 qui
920 5336 1116 5379 natura
1165 5341 1264 5380 sua
1323 5327 1500 5381 bonus
1521 5336 1627 5380 est.
1661 5326 2126 5392 Quemadmodum
2165 5325 2344 5384 lumen

2455 5333 2563 5383 πᾶν
2595 5330 2708 5398 φῶς
2741 5324 2806 5395 ἐξ
2833 5330 3002 5401 ἡλίου,
3033 5333 3148 5402 ἦτοι
3187 5332 3354 5400 πυρὸς
3385 5329 3694 5400 φωτίζεται,
3721 5331 3874 5384 οὕτω
3913 5335 4012 5385 πᾶν

796 5431 959 5471 omne
987 5432 1015 5470 a
1063 5417 1180 5472 sole
1212 5418 1292 5472 vel
1327 5418 1450 5487 igne
1477 5420 1674 5483 oritur,
1727 5420 1800 5471 ita
1851 5418 2048 5472 bonum
2087 5433 2248 5471 omne
2281 5421 2348 5472 ab

2455 5420 2656 5492 ἀγαθὸν
2696 5423 2760 5473 ὲκ
2792 5421 2886 5474 τοῦ
2914 5422 3166 5492 ἀορίστου
3197 5423 3288 5474 καὶ
3318 5421 3701 5490 ἀκαταλήπτου
3734 5424 4009 5489 πελάγους

722 5495 730 5504 ’
791 5503 1014 5560 infinito
1072 5505 1165 5558 illo
1228 5506 1872 5577 incomprehensibilique
1944 5507 2132 5576 pelago
2189 5508 2349 5563 habet

2453 5511 2555 5579 τῆς
2586 5510 2916 5582 ἀγαθότητος
2966 5512 3065 5584 τὴν
3116 5511 3345 5582 ὓπαρξιν
3389 5511 3521 5580 ἔχει,
3555 5513 3648 5564 καὶ
3707 5511 3813 5565 ὅσα
3860 5513 4009 5582 -ταρά

871 5655 1088 5734 Ἐτυιί.
1146 5695 1234 5743 xx,
1272 5679 1352 5733 l7.
1453 5681 1469 5709 ⁸
1505 5678 1659 5734 Joau.
1713 5698 1763 5743 ν,
1803 5682 1889 5739 ιι.
1958 5681 2141 5738 ιρεπι.
2179 5695 2442 5748 cxsxvut,
2474 5679 2566 5746 ΩΙ,
2596 5677 2684 5736 22.
