4156 6436
214 394 341 456 1521

1195 391 1569 451 DMLOGUS
1609 390 1743 450 (IUN
1754 391 1897 449 Titi
1954 393 2110 451 MAN
2118 393 2425 455 ICILEOS.

3317 390 3339 452 1
3349 390 3451 453 5‘29.

211 509 369 574 Θεοῦ,
399 509 579 578 ἀγαθὰ
606 509 808 581 κυρίως
830 509 921 562 καὶ
953 507 1189 577 ἀληθῶς.
1209 509 1441 577 ,λέγεται
1468 508 1525 561 δὲ
1556 508 1779 576 ἀγαθὸν,

1904 525 2028 578 isse,
2066 526 2129 567 ac
2163 513 2430 585 quidquid
2470 529 2499 567 a
2532 513 2643 570 Deo
2673 510 3060 585 proﬁciscitur,
3093 511 3297 567 bonum
3324 523 3453 578 pro-

206 604 269 656 οὐ
304 605 509 675 κυρίως
533 645 546 668 ,
576 605 709 658 ἀλλὰ
756 603 1226 674 καταχρηστικῶς,
1262 604 1354 656 καὶ
1409 604 1529 657 καθ’
1579 602 1779 673 ἡμετέ-

212 711 316 765 ραν
368 696 678 767 συνήθειαν,
709 696 769 749 τὸ
796 699 860 765 τῇ
894 694 1140 764 αὶσοήσει
1179 694 1338 765 ήμῶν
1388 695 1482 747 καὶ
1510 696 1573 765 τῇ
1598 693 1783 763 ἐφέσει

209 786 544 855 φαινόμενον
588 787 683 856 ἡδύ
709 801 722 814 ·
754 787 781 839 ὃ
805 786 952 855 ζπρδς
1013 786 1201 855 καιρὸν
1239 786 1336 855 μὲν
1384 785 1596 855 τέρπει,
1625 785 1785 837 ὓστε-

211 890 308 943 ρον
356 874 413 927 δέ
459 877 657 947 πικρὸν
703 877 911 948 καρπὸν
960 876 1249 929 ἀποδίδωσι
1276 877 1466 945 ,παρὰ
1506 876 1597 928 τὸν
1623 876 1784 946 νόμον

206 965 307 1020 τοῦ
356 969 656 1028 κτίσαντος
708 967 1029 1038 γινόμενον,
1061 969 1152 1021 καὶ
1197 968 1389 1022 δοκοῦν
1443 967 1647 1036 ἀγαθὸν
1704 966 1784 1021 εί-

210 1077 326 1124 ναι,
354 1061 491 1131 ὅπερ
541 1062 642 1112 οὐκ
698 1059 843 1112 ἐστιν
892 1060 1131 1127 ἀγαθὸν,
1166 1060 1302 1112 ἀλλὰ
1354 1061 1559 1130 κυρίως
1592 1059 1782 1113 κακόν.

208 1151 329 1203 Καὶ
368 1150 429 1202 τὸ
469 1149 637 1203 κακὸν
683 1151 883 1219 ὁμοίως
906 1167 920 1182 ’
956 1150 1158 1222 κυρίως
1204 1150 1303 1220 μὲν
1337 1150 1503 1204 κακὸν
1545 1150 1659 1204 ἐστι
1693 1151 1787 1205 καὶ

206 1241 440 1308 λέγεται
466 1282 480 1305 ,
508 1241 569 1294 τὸ
602 1242 752 1313 παρὰ
779 1242 870 1294 τὸν
917 1242 1078 1311 νόμον
1112 1241 1205 1294 τοῦ
1237 1240 1537 1304 κτίσαντος
1568 1242 1788 1312 γινόμε-

206 1348 327 1385 νον.
368 1331 595 1398 Λέγεται
651 1331 744 1383 καὶ
774 1331 962 1395 κακὸν,
998 1333 1058 1384 οὐ
1091 1332 1475 1399 κυρίως,ἀλλὰ
1519 1333 1659 1386 κατὰ
1690 1333 1787 1404 τὴν

204 1423 496 1493 ἡμετέραν
544 1424 873 1493 συνήθειαν,
919 1424 981 1477 τὸ
1032 1424 1150 1477 καθ’
1197 1423 1476 1493 ἡμετέραν
1533 1425 1788 1495 αἴσθησιν

205 1512 477 1565 ἐπίπονον
510 1514 603 1565 καὶ
646 1513 897 1583 ἀληθινόν
917 1522 956 1550 ω
986 1531 997 1545 ·
1038 1515 1197 1583 ὅπερ,
1226 1514 1359 1584 πρὸς
1392 1514 1491 1584 μὲν
1526 1516 1587 1567 τὸ
1616 1515 1791 1585 παρὸν

208 1603 432 1667 ὀδύνας,
466 1604 692 1674 ὕστερον
741 1604 796 1658 δὲ
846 1605 1060 1676 καρπὸν
1107 1606 1379 1689 σωτηρίας
1431 1607 1525 1659 καὶ
1560 1606 1790 1661 ἁεννάου

208 1691 564 1761 εὐφροσύνης
598 1694 947 1749 ἀποδίδωσιν.

292 1780 390 1846 ις’.
419 1782 551 1837 Εἰπὲ
570 1784 649 1849 δὲ,
683 1786 825 1857 ἀρχὴ
860 1788 1063 1851 παντὸς
1097 1788 1421 1859 πράγματος
1450 1790 1570 1860 μία,
1601 1791 1632 1857 ἢ
1662 1790 1788 1858 δύο;

210 1866 335 1925 οἷον
408 1876 440 1943 ἠ
502 1876 643 1946 ἀρχὴ
697 1878 792 1930 καὶ
836 1878 986 1931 αίτία
1027 1880 1127 1949 τῆς
1173 1879 1368 1951 ψυχῆς,
1423 1883 1521 1951 μία
1575 1882 1606 1952 ἢ
1655 1883 1790 1949 δύος

215 1967 399 2020 ΜΛΝ.
422 1968 555 2051 Μία.
583 1969 645 2022 Εί
667 1969 778 2041 γὰρ
796 1970 908 2035 δύο,
938 1972 1052 2036 πῶς
1074 1975 1138 2026 ἐκ
1158 1972 1251 2026 δύο
1277 1975 1531 2028 ἐναντίων
1555 1976 1613 2029 ἓν
1630 1978 1724 2031 καὶ
1738 1978 1797 2030 τὸ

216 2056 363 2109 αὐτὸ
379 2059 703 2129 προέρχεται
723 2076 736 2125 ;
765 2060 833 2113 τὰ
854 2062 961 2133 γὰρ
976 2064 1250 2128 παντελῶς
1267 2066 1484 2119 ἐναντία
1504 2068 1800 2140 ἀκοινώνη-

217 2163 318 2198 τον
346 2147 527 2215 ἔχουσι
551 2150 829 2213 παντελῶς
848 2154 947 2221 τὴν
970 2152 1248 2223 ἐνέργειαν
1269 2170 1283 2184 ⁶
1314 2154 1429 2219 πῶς
1450 2158 1559 2229 γὰρ
1582 2160 1615 2229 ή
1638 2159 1799 2223 ἇῦλος

220 2239 377 2309 ψυχὴ
407 2239 465 2305 ἐξ
487 2241 654 2295 ἁΰλου
711 2244 803 2295 καὶ
842 2244 975 2314 ὕλης
1011 2244 1199 2312 ἐσταις
1235 2246 1261 2315 ἢ
1296 2248 1411 2312 πῶς,
1438 2249 1514 2319 τῷ
1555 2251 1703 2321 αὐτῷ
1732 2252 1799 2305 τὰ

222 2330 449 2383 ἐναντία
500 2332 894 2402 παρήχθησαν,
934 2334 1007 2404 μὴ
1058 2337 1428 2407 ὁμονοήσαντα
1466 2356 1480 2404 ;
1515 2341 1801 2407 Παντελῶς

224 2422 342 2491 γὰρ
373 2421 733 2493 ἀκοινώνητα,
761 2424 825 2478 τὰ
870 2425 1011 2479 κατὰ
1052 2427 1213 2495 φύσιν
1239 2430 1479 2487 ἐναντία.
1510 2434 1660 2486 ΟΡΘ.
1694 2436 1802 2488 Κα-

224 2512 341 2575 λῶς
370 2514 799 2582 ἔφηςοέκάστου
852 2516 960 2569 τῶν
1007 2516 1174 2571 ὄντων
1223 2519 1440 2574 πάντων
1487 2522 1585 2590 μία
1639 2523 1801 2594 ἀρχή.

226 2606 407 2658 MAN.
443 2607 614 2658 Παντὶ
666 2606 869 2677 τρόπῳ.
917 2608 1068 2661 ΟΡΘ.
1100 2609 1174 2662 Τὸ
1202 2606 1340 2664 εἶναι
1366 2653 1380 2676 ,
1405 2612 1547 2684 ἁρχὴ
1576 2613 1681 2667 τῶν
1712 2615 1805 2668 δύο

228 2696 443 2765 ἀρχῶν,
476 2697 581 2749 τῶν
612 2698 751 2751 κατᾶ
793 2698 875 2762 σέ,
915 2700 1085 2763 ἐστὶν,
1119 2700 1152 2771 ἢ
1190 2702 1246 2754 αἱ
1277 2701 1370 2754 δύο
1414 2704 1611 2774 ἀρχαὶ,
1638 2707 1804 2777 ἀρχαὶ

227 2787 332 2839 τοῦ
394 2782 531 2840 εἶναι
570 2789 784 2851 ;ΜΑΝ.
842 2790 988 2861 Πρὸς
1032 2790 1083 2844 τί
1118 2791 1228 2862 γὰρ
1282 2794 1544 2848 συντείνει
1597 2796 1802 2864 τοῦτο;

227 2878 481 2947 ΟΡΘηΕί
506 2879 604 2948 μὲν
627 2880 684 2933 τὸ
717 2876 857 2933 εἶναι
881 2881 1029 2957 τάρχὴ
1057 2882 1163 2937 τῶν
1192 2884 1332 2937 κατὰ
1374 2884 1434 2939 σὲ
1470 2886 1563 2940 δύο
1595 2888 1803 2959 ἀρχῶν,

235 2970 349 3022 ἰδοὺ
380 2969 477 3039 μία
508 2970 670 3041 ἀρχὴ,
699 2970 795 3024 καὶ
822 2972 883 3024 οὐ
905 2972 1016 3027 δύο.
1044 2974 1106 3026 El
1140 2973 1246 3044 γὰρ
1283 2974 1345 3028 τὸ
1368 2971 1506 3029 εἶναι
1546 2978 1688 3050 ἀρχὴ
1712 2979 1806 3033 τοῦ

233 3057 377 3115 εἶναι
418 3061 495 3126 ἓν,
542 3062 638 3132 μία
692 3058 786 3116 οὖν
829 3064 991 3135 ἀρχή.
1032 3066 1106 3119 Οὐ
1139 3065 1249 3135 γὰρ
1284 3067 1345 3119 τὸ
1386 3069 1608 3122 τοιῶσδε
1646 3066 1804 3138 εἶναι,

1887 604 2004 673 prie
2032 615 2087 659 et
2128 621 2257 662 vere
2286 616 2390 662 est.
2425 605 2638 662 ltursus
2685 607 2889 661 bonmn
2922 620 3030 659 non
3084 603 3324 673 proprie,
3355 599 3451 655 sed

1884 709 1951 749 ex
2001 695 2293 762 abusione,
2332 705 2387 753 et
2442 706 2633 753 nostra
2683 695 3108 759 consuetudine,
3144 694 3197 748 id
3220 693 3449 750 dicitur.

1884 787 2031 856 quod
2056 798 2245 843 nostro
2260 790 2447 845 sensui
2470 800 2523 845 et
2548 788 2813 860 appetitui
2847 802 3014 843 suave
3034 785 3253 841 videtur
3273 802 3285 837 :
3307 781 3453 852 quod

1872 879 2107 950 ,quidem
2148 880 2215 935 ad
2248 888 2466 951 tempus
2502 880 2723 952 aliquod
2781 880 3053 943 delectat,
3089 877 3319 950 posthac
3353 890 3454 928 au-

1887 980 1997 1026 tem
2052 972 2313 1027 acerbum
2388 972 2625 1028 fructum
2677 973 2830 1041 edit,
2881 987 2947 1027 eo
2995 969 3141 1040 quod
3194 969 3458 1023 adversus

1885 1060 2163 1119 Creatoris
2192 1063 2363 1133 legem
2396 1062 2489 1117 tlat
2529 1082 2542 1117 :
2580 1077 2643 1118 ac
2670 1063 2873 1117 bonum
2897 1061 3121 1133 quidem
3152 1074 3275 1116 esse
3308 1059 3454 1111 vide-

1887 1161 1998 1220 tur,
2034 1170 2158 1210 cum
2211 1170 2321 1209 non
2375 1154 2468 1221 ﬁt,
2508 1154 2601 1210 sed
2649 1154 2869 1225 proprie
2927 1154 3151 1206 malum.
3195 1148 3459 1203 Similiter

1890 1246 2092 1300 malum
2125 1247 2342 1317 proprie
2376 1245 2510 1301 illud
2542 1252 2628 1300 est
2662 1253 2715 1298 et
2755 1243 2978 1307 dicitur,
3011 1242 3155 1311 quod
3192 1240 3460 1295 adversus

1890 1336 2168 1393 Creatoris
2234 1338 2408 1409 legem
2472 1342 2837 1407 perpetratur.
2888 1332 3185 1403 hnproprie
3240 1338 3458 1393 autem,

1892 1441 1955 1481 ac
1980 1435 2173 1483 nostro
2197 1443 2369 1493 more,
2388 1427 2533 1497 quod
2558 1427 2742 1483 sensui
2762 1440 2927 1496 grave
2949 1435 3028 1479 est
3052 1439 3115 1479 ac
3130 1424 3456 1479 molestum:

1892 1519 2035 1589 quod
2090 1519 2311 1589 quidem
2361 1520 2493 1575 licet
2542 1519 2599 1572 in
2649 1518 2907 1589 praesenti
2960 1516 3203 1571 dolorem
3247 1512 3458 1577 aﬂ‘erat,

1894 1616 2134 1664 attamen
2174 1615 2359 1678 postea
2400 1609 2597 1666 salutis
2627 1623 2690 1664 ac
2729 1610 3073 1680 sempiternae
3108 1605 3315 1673 latitia:
3346 1604 3463 1659 fru-

1893 1707 2041 1755 ctum
2080 1702 2303 1768 praabet.

1967 1792 2054 1848 16.
2098 1793 2197 1848 Die
2234 1808 2420 1863 porro,
2452 1809 2694 1848 unumne
2725 1792 2993 1863 cujusque
3029 1791 3104 1847 rei
3136 1789 3465 1861 principium

1896 1894 2005 1947 est,
2036 1901 2103 1939 an
2136 1885 2289 1940 duo?
2322 1902 2373 1939 ν.
2409 1901 2490 1955 gr.
2526 1900 2765 1939 nnmnne
2794 1892 2878 1939 est
2912 1885 3107 1939 animre
3131 1881 3464 1952 principium

1897 1988 1950 2034 et
1992 1993 2199 2041 causa,
2258 1993 2326 2031 an
2388 1976 2536 2031 duo?
2586 1975 2752 2029 MAN.
2812 1974 3011 2029 Unum.
3078 1973 3211 2028 Nam
3272 1974 3318 2028 si
3360 1974 3468 2028 duo

1902 2070 2040 2132 sint,
2072 2068 2167 2139 qui
2224 2068 2444 2121 tandem
2490 2080 2557 2120 ex
2602 2065 2819 2120 duobus
2859 2063 3153 2118 contrariis
3200 2077 3367 2117 unum
3415 2070 3470 2116 et

1901 2160 2041 2216 idem
2120 2160 2371 2214 oriatur?
2432 2158 2648 2213 Etenim
2729 2172 2849 2226 quae
2910 2155 3135 2211 omnino
3189 2154 3470 2210 contraria

1901 2257 2066 2315 sunt,
2104 2249 2309 2303 nullam
2352 2249 2497 2303 inter
2524 2262 2583 2302 se
2630 2254 2863 2317 prorsus
2902 2247 3173 2301 actionem
3220 2258 3471 2298 commu-

1902 2357 2024 2396 nem
2076 2341 2303 2395 habent.
2351 2339 2599 2405 Quonam
2642 2341 2786 2392 enim
2845 2338 3009 2391 modo
3060 2336 3242 2390 anima
3281 2350 3402 2406 quae
3441 2351 3471 2388 a

1903 2436 2133 2488 materia
2158 2441 2370 2486 remota
2395 2442 2498 2497 est,
2524 2447 2587 2487 ex
2624 2447 2690 2485 co
2724 2432 2827 2486 erit
2855 2429 3003 2499 quod
3034 2446 3063 2484 a
3090 2430 3320 2485 materia
3348 2434 3474 2484 alic-

1908 2538 2036 2578 num
2068 2531 2176 2589 est,
2207 2522 2481 2592 simulque
2513 2538 2576 2577 ex
2606 2521 2879 2576 materia?
2904 2529 2998 2575 aut
3032 2535 3274 2590 quonam
3316 2528 3475 2588 pacto

1905 2632 2026 2686 quae
2075 2614 2353 2669 contraria
2401 2621 2565 2677 sunt,
2620 2628 2732 2667 rem
2795 2612 3044 2675 eamdem
3098 2612 3477 2681 produxerunt

1905 2708 2031 2759 cum
2064 2705 2213 2757 inter
2242 2718 2301 2757 se
2326 2701 2733 2757 dissentirent?
2762 2699 2972 2755 Etenim
3003 2717 3125 2770 quae
3160 2709 3355 2771 suapte
3380 2716 3480 2755 na-

1907 2802 2029 2849 tura
2064 2785 2347 2849 contraria
2396 2800 2548 2855 sunt,
2585 2792 2635 2846 id
2668 2791 2874 2846 habent
2909 2800 2968 2845 ut
3018 2792 3154 2846 nihil
3187 2793 3328 2846 inter
3359 2794 3476 2862 ipsa

1907 2901 2197 2943 commune
2223 2900 2345 2941 esse
2378 2882 2802 2955 possit.0RTH.
2838 2882 3006 2939 Recte
3027 2884 3239 2939 dixisti.
3271 2884 3476 2953 Cujus-

1909 2979 2043 3034 lihet
2065 2993 2131 3032 ex
2164 2978 2233 3032 iis
2252 2977 2417 3032 rebus
2439 2991 2561 3045 quae
2586 2983 2736 3040 sunt,
2756 2975 2980 3029 unicum
3009 2982 3093 3029 est
3117 2973 3475 3046 principium.

1909 3069 2077 3125 MAN.
2128 3068 2387 3125 Omnino.
2436 3066 2645 3122 OIlTH.
2689 3066 2872 3136 Ipsum
2912 3082 3055 3133 esse,
3080 3067 3483 3137 principiumne

235 3153 384 3222 φημὶ
407 3191 422 3217 ,
451 3151 915 3241 τουτέστίκακὸν
948 3150 1086 3209 εἶναι
1126 3155 1159 3226 ἢ
1198 3156 1392 3224 καλὸν,
1419 3157 1535 3212 ἀλλ’
1570 3160 1702 3213 αὐτὸ
1747 3162 1802 3215 τὸ

1909 3169 1995 3215 est
2028 3168 2248 3214 tuorum
2302 3158 2537 3213 duorum
2586 3157 3021 3228 principiorum;
3073 3172 3141 3211 an
3181 3166 3375 3213 contra
3415 3174 3482 3214 ex

235 3243 428 3306 ἁπλῶς
470 3239 642 3298 εἶναι’
670 3244 814 3315 ἀρχὴ
858 3240 995 3300 οὖνιι
1026 3246 1133 3300 τῶν
1186 3248 1326 3301 κατὰ
1368 3247 1428 3301 σέ
1470 3248 1562 3303 δύο
1601 3250 1805 3321 ἀρχῶν,

240 3337 343 3405 μία
373 3335 532 3406 ἁρχὴ,
568 3338 662 3391 καὶ
700 3338 760 3390 οὐ
792 3336 913 3390 δύο·
939 3340 987 3391 εί
1027 3337 1083 3390 δὲ
1112 3340 1165 3391 al
1206 3339 1347 3393 κατὰ
1388 3339 1446 3393 σέ
1487 3341 1674 3412 ἁρχαὶ,
1707 3344 1808 3413 ἀρ·

237 3428 335 3497 χαὶ
375 3426 468 3481 τοῦ
517 3424 679 3493 εἶναι,
711 3427 923 3484 ἔσονται
952 3429 1043 3482 δύο
1066 3430 1283 3484 ἐναντία
1308 3430 1402 3484 τοῦ
1437 3432 1600 3484 αὑτοῦ
1632 3433 1810 3503 πράγ-

240 3538 431 3588 ματος.
474 3521 685 3592 Ὥσπερ
720 3520 829 3591 γὰρ
867 3524 904 3592 ἡ
943 3522 1129 3585 ἁπλῶς
1160 3521 1339 3588 οὐσία,
1382 3524 1479 3595 μία
1522 3526 1699 3590 οὐσία,
1727 3526 1813 3579 δε-

238 3611 405 3679 κτική
456 3612 571 3664 ἐστι
614 3611 885 3682 διαφόρων
942 3614 1278 3683 ποιοτήτων.
1318 3616 1410 3668 καὶ
1457 3617 1599 3670 κατὰ
1655 3616 1813 3670 τοῦτο

237 3701 493 3769 λέγονται
523 3702 718 3756 πολλαὶ
747 3704 944 3769 οὐσίαι,
971 3704 1112 3771 οὕτω
1142 3705 1235 3757 καὶ
1266 3704 1324 3757 τό
1362 3705 1550 3770 ἁπλῶς
1575 3701 1715 3761 εἶναι
1749 3708 1811 3762 ἐν

238 3796 375 3860 ἐστι,
409 3796 456 3848 εί
495 3796 590 3849 καὶ¹
643 3799 699 3849 ἐν
748 3797 1024 3867 διαφόροις
1080 3797 1486 3869 θεωρούμενον,
1538 3800 1709 3853 πολλὰ
1744 3800 1813 3855 τὰ

236 3890 369 3938 ἥντα
400 3887 747 3955 παρωνύμως
791 3890 933 3941 ποιεί
965 3888 1455 3958 κατονομάζεσθαι.
1495 3890 1697 3962 Ὀρίσω
1720 3886 1813 3946 οὖν

199 4047 203 4055 Ι
237 3978 605 4050 ἀκοινώνητον
640 3975 777 4034 εἶναι
815 3981 1093 4045 παντελῶς
1126 3981 1223 4053 τὴν
1241 3983 1347 4035 τῶν
1376 3982 1636 4037 ἐναντίων
1662 3983 1813 4054 ἐνέρ-

236 4084 398 4134 γειαν
421 4085 433 4097 ’
473 4070 573 4122 οὐκ
600 4071 665 4122 ἐκ
689 4069 782 4123 δύο
798 4069 983 4141 ἀρχῶν
1004 4070 1065 4124 τδ
1088 4064 1250 4137 εῖναι,
1276 4072 1510 4143 μάλιστα
1541 4071 1636 4126 καὶ
1660 4073 1813 4125 ἐναν-

236 4157 393 4223 τίων,
422 4158 537 4212 ἀλλ⁹
565 4160 628 4212 ἐκ
653 4162 801 4235 μιᾶς.
827 4161 900 4214 Οὐ
942 4160 1050 4231 γάρ
1106 4178 1207 4214 που
1237 4162 1297 4215 τὸ
1350 4157 1490 4216 εἶναι
1520 4163 1693 4216 αἴτιον
1718 4162 1811 4215 τοῦ

235 4249 394 4311 ὄντος
414 4265 427 4279 ο
457 4250 517 4301 οὐ
550 4249 658 4319 γὰρ
680 4248 855 4319 προῆν
884 4249 943 4303 τὸ
964 4245 1101 4302 εἶναι
1122 4249 1215 4303 τοῦ
1249 4249 1421 4314 ὄντος.
1456 4251 1543 4305 Ἐν
1570 4249 1673 4304 τίνι
1707 4250 1814 4320 γὰρ

124 4373 135 4379 -
237 4338 566 4409 ἐθεωρεϊτο;
604 4339 742 4392 Ἀλλ’
796 4341 851 4393 ἐν
890 4338 967 4409 τῷ
1017 4340 1236 4412 ἀνάρχῳ
1271 4341 1388 4394 ὄντι
1423 4342 1484 4395 τὸ
1511 4338 1650 4396 εῖναι
1678 4341 1815 4398 θεω-

242 4430 600 4501 ρούμενον,ἐν
621 4430 788 4501 αὐτῷ,
813 4431 907 4483 καὶ
933 4430 991 4495 ἐξ
1017 4430 1183 4485 αὐτοῦ
1212 4432 1287 4495 ὡς
1308 4432 1479 4486 αἰτίου
1505 4434 1776 4504 ὑφέστηκε
1795 4450 1810 4467 ο

243 4519 347 4587 μία
373 4518 466 4574 οὖν
494 4519 636 4591 ἀρχὴ
676 4519 770 4572 τοῦ
801 4514 962 4587 εἷναι,
993 4520 1086 4574 καὶ
1116 4520 1176 4574 τὸ
1206 4522 1446 4578 ἐναντίον
1475 4523 1677 4586 ταύττις
1710 4523 1810 4577 οὑκ
1842 4506 1885 4563 Ῑ)

239 4612 383 4664 ἐστι.

1911 3250 2126 3304 duobus
2175 3246 2466 3317 principiis
2517 3254 2697 3300 ortum
2746 3246 2948 3301 habet?
2995 3246 3161 3302 MAN.
3208 3246 3481 3313 Quorsum

1912 3340 2061 3396 istud
2089 3338 2300 3395 tendit?
2327 3336 2538 3392 οιιτιι.
2572 3337 2627 3390 Si
2660 3336 2933 3407 principia
2975 3345 3070 3391 tua
3096 3353 3161 3392 ex
3213 3339 3333 3408 ipso
3360 3354 3485 3394 esse

1913 3440 2035 3487 orta
2066 3443 2218 3500 sunt,
2250 3447 2316 3487 en
2349 3430 2683 3500 principium
2713 3445 2905 3496 unum,
2941 3445 3050 3497 non
3080 3430 3210 3484 duo.
3244 3430 3299 3485 Si
3331 3446 3484 3483 natu-

1914 3541 2021 3595 que
2062 3539 2221 3589 esse,
2274 3522 2609 3593 principium
2662 3520 2773 3575 illis
2808 3536 2975 3575 unum
3025 3519 3325 3576 exsistendi
3365 3528 3481 3581 est,

1918 3618 1975 3671 tit
2028 3630 2164 3672 sane
2201 3629 2368 3668 unum
2418 3612 2751 3682 principium
2791 3626 2931 3667 esse.
2991 3611 3109 3665 Non
3148 3610 3292 3666 enim
3347 3626 3483 3679 quo-

1913 3704 2190 3778 quomodo
2206 3702 2517 3777 £37esse,
2548 3704 2656 3759 hoc
2671 3710 2752 3759 est
2770 3703 2973 3758 bonum
2999 3703 3083 3758 vel
3102 3704 3305 3758 malum
3324 3718 3480 3758 esse:

1915 3796 2014 3852 sed
2066 3796 2245 3865 ipsum
2299 3809 2421 3850 esse
2482 3792 2809 3863 simpliciter
2838 3792 3074 3864 duplicis
3121 3793 3197 3846 tui
3229 3792 3487 3862 principii

1914 3888 2245 3961 principium
2268 3886 2395 3942 erit.
2422 3886 2517 3941 Sin
2551 3892 2730 3940 autem
2752 3900 2819 3940 ex
2853 3886 2962 3941 tuis
2989 3885 3277 3956 principiis
3306 3885 3485 3953 ipsum

1915 3995 2036 4037 esse
2070 3986 2250 4033 ortum
2276 3976 2489 4041 habuit,
2510 3976 2620 4030 duo
2643 3975 2929 4030 contraria
2952 3975 3200 4044 ejusdem
3230 3973 3306 4028 rei
3334 3975 3487 4043 prin-

1915 4077 2057 4146 cipia
2081 4081 2260 4131 erunt.
2282 4070 2749 4139 Quemadmodum
2772 4070 2917 4126 enim
2950 4071 3180 4140 simplei
3212 4070 3483 4132 essentia.

1915 4184 2024 4224 una
2049 4182 2171 4223 cum
2205 4165 2296 4229 sit,
2331 4164 2672 4220 diversarum
2707 4162 3039 4232 qualitatum
3070 4176 3240 4233 capax
3270 4170 3373 4228 est,
3404 4171 3488 4215 at-

1915 4273 2024 4330 que
2055 4257 2159 4311 hac
2177 4254 2391 4310 ratione
2411 4254 2596 4308 multa:
2624 4252 2879 4308 essentia:
2900 4251 3193 4306 dicuntur:
3224 4250 3303 4306 sic
3322 4250 3485 4304 etiam

1917 4365 2040 4406 esse
2077 4346 2423 4414 simpliciter,
2462 4346 2591 4401 licet
2622 4360 2793 4400 unum
2825 4344 3121 4410 sit,tamen
3161 4357 3286 4398 cum
3323 4343 3376 4396 in
3404 4342 3490 4398 di-

1918 4439 2094 4494 versis
2133 4437 2303 4493 rebus
2334 4434 2744 4498 consideretur,
2783 4435 2886 4489 hoe
2925 4433 3105 4497 eilieit,
3153 4438 3211 4487 ut
3234 4433 3487 4488 essentia:

1918 4528 2101 4583 multa:
2142 4541 2210 4582 ex
2265 4540 2332 4581 eo
2377 4539 2473 4594 per
2511 4524 3018 4581 denominationem
3076 4534 3486 4593 nuncupentur.

1918 4616 2109 4671 Statue
2131 4616 2298 4686 igitur
2320 4627 2509 4669 eorum
2531 4626 2653 4682 quis
2682 4612 2913 4668 invicem
2942 4613 3223 4667 contraria
3246 4612 3375 4676 sint,
3398 4626 3493 4667 ae-

240 4706 452 4759 tionem
485 4720 831 4761 communem
860 4722 985 4763 esse
1017 4723 1122 4762 non
1154 4724 1353 4780 posse:
1381 4725 1556 4780 neque
1581 4726 1645 4765 ex
1706 4710 1943 4775 duobus,
2002 4724 2065 4765 ac
2122 4708 2429 4778 praesertim
2464 4706 2782 4771 contrariis,
2811 4706 2908 4761 sed
2948 4722 3010 4763 ex
3042 4720 3155 4760 uno
3221 4705 3491 4760 duntaxat

242 4796 526 4867 principio
557 4803 736 4851 ortum
793 4798 1018 4853 habere.
1063 4797 1180 4853 Non
1215 4800 1361 4854 enim
1420 4815 1543 4855 esse
1582 4810 1704 4854 ente
1747 4799 2031 4868 antiquius
2083 4807 2203 4853 erat
2262 4798 2364 4859 (in
2425 4811 2534 4865 quo
2615 4796 2892 4867 siquidem
2946 4796 3441 4853 consideraretur?
3464 4795 3487 4865 )

241 4907 439 4946 verum
477 4907 599 4948 esse
629 4894 684 4947 in
714 4908 778 4947 eo
818 4894 964 4963 quod
998 4895 1115 4950 sine
1143 4895 1416 4965 principio
1453 4895 1966 4950 estconsidcratum
1992 4934 2006 4958 ,

242 4985 478 5069 exstitit.
525 4984 704 5055 Ipsius
762 4986 926 5056 igitur
977 5002 1098 5041 esse

245 5083 518 5130 versatur.

325 5167 415 5232 ιζ’.
450 5170 559 5223 Καὶ
584 5169 744 5224 πάλιν
825 5170 889 5223 Ἦ
918 5170 1060 5241 ἁρχὴ
1092 5170 1192 5240 τῆς
1224 5170 1457 5225 ἑκάστου
1506 5170 1613 5225 τῶν
1654 5171 1823 5224 ὄντων

246 5259 537 5330 κινήσεως,
573 5261 692 5330 μία,
727 5260 759 5330 ἢ
791 5260 916 5328 δύο;
956 5260 1296 5333 ’Υπαρκτική
1318 5280 1397 5327 τε,
1433 5262 1523 5317 καὶ
1546 5265 1827 5333 ἐνεργητι-

1180 5002 1346 5041 ιιηιιιη
1431 4995 1649 5041 tantum
1735 4988 2061 5058 principium
2124 4994 2246 5051 est,

2089 4893 2143 4947 in
2203 4893 2347 4964 ipso,
2402 4900 2456 4947 et
2499 4907 2566 4947 ex
2624 4891 2742 4960 ipso
2806 4898 3065 4962 tanquam
3126 4908 3194 4947 ex
3264 4901 3488 4947 auctore

2324 4985 2413 5040 cui
2480 4983 2615 5039 nihil
2671 4997 2901 5052 prorsus
2962 4982 3306 5038 contrarium
3390 4986 3490 5039 ad-

1925 5204 1941 5224 .
2001 5167 2087 5222 l7.
2119 5166 2196 5221 Ae
2239 5180 2434 5221 rursus
2486 5177 2501 5215 :
2551 5158 2736 5216 Motus
2770 5132 3068 5230 cuiuslibet
3128 5154 3211 5211 rei
3253 5167 3496 5209 unumne

1930 5258 2258 5329 principium
2284 5256 2466 5319 habet,
2501 5266 2571 5306 an
2607 5250 2795 5322 duo?(
2828 5245 3166 5320 Principium
3192 5248 3375 5297 autem
3406 5239 3508 5293 hie

250 5348 460 5416 κὴ.καὶ
504 5350 723 5419 τοπικὴ,
760 5350 854 5403 καὶ
898 5332 1144 5422 χρονική.
1188 5332 1531 5425 ’Υτταρκτικὴ
1574 5332 1691 5423 μὲν,
1724 5352 1802 5421 τῆς

1930 5350 2198 5421 intelligo,
2220 5357 2328 5404 tam
2360 5345 2756 5409 substantiale,
2793 5354 2959 5413 quam
3006 5337 3274 5405 efﬁciens,
3321 5349 3386 5389 ac
3412 5332 3496 5388 lo-

1524 5526 1751 5585 γΑιιιιΕ
1794 5527 2189 5585 LECTIONES.

328 5692 362 5713 "
396 5680 619 5756 Leuncl.
648 5683 785 5739 bene
805 5686 1057 5743 emendat
1080 5686 1326 5756 ἀλγεινόν
1353 5703 1364 5739 :
1396 5686 1475 5743 sic
1508 5686 1732 5755 interpr.
1768 5684 1930 5743 Basil.
1955 5687 2092 5755 quod
2117 5684 2387 5739 molestum
2415 5688 2511 5734 est.

258 5748 377 5807 fusa
415 5753 596 5809 omnia
626 5763 770 5811 sunt.

2589 5686 2614 5714 η
2652 5676 2807 5733 Deest
2836 5668 2927 5729 οὖν
2963 5673 3016 5729 ίιι
3047 5666 3235 5735 Basil.,
3269 5675 3317 5723 et
3346 5680 3496 5722 conn-
