  <div class='ocr_page' id='page_1' title='image "/cluster/home/n/w/nwhite01/storage/ocr_20150623/94/nnc1.0046979999/769.png"; bbox 0 0 4156 6436; ppageno 0'>
   <div class='ocr_carea' id='block_1_1' title="bbox 777 350 912 413">
    <p class='ocr_par' dir='ltr' id='par_1_1' title="bbox 777 350 912 413">
     <span class='ocr_line' id='line_1_1' title="bbox 777 350 912 413; baseline 0 -3"><span class='ocrx_word' id='word_1_1' title='bbox 777 351 795 410; x_wconf 92' lang='lat' dir='ltr'><strong>l</strong></span> <span class='ocrx_word' id='word_1_2' title='bbox 805 350 912 413; x_wconf 74' lang='lat'><strong>523</strong></span> 
     </span>
    </p>
   </div>
   <div class='ocr_carea' id='block_1_2' title="bbox 1928 363 2844 451">
    <p class='ocr_par' dir='ltr' id='par_1_2' title="bbox 1928 363 2844 451">
     <span class='ocr_line' id='line_1_2' title="bbox 1928 363 2844 451; baseline 0.013 -25"><span class='ocrx_word' id='word_1_3' title='bbox 1928 363 2006 428; x_wconf 84' lang='lat' dir='ltr'><strong>&#39;s.</strong></span> <span class='ocrx_word' id='word_1_4' title='bbox 2039 369 2355 430; x_wconf 53' lang='lat' dir='ltr'><strong>10“le</strong></span> <span class='ocrx_word' id='word_1_5' title='bbox 2398 367 2844 451; x_wconf 51' lang='lat' dir='ltr'><strong>DAMASCENIL</strong></span> 
     </span>
    </p>
   </div>
   <div class='ocr_carea' id='block_1_3' title="bbox 3876 390 3996 455">
    <p class='ocr_par' dir='ltr' id='par_1_3' title="bbox 3876 390 3996 455">
     <span class='ocr_line' id='line_1_3' title="bbox 3876 390 3996 455; baseline 0 -3"><span class='ocrx_word' id='word_1_6' title='bbox 3876 390 3996 455; x_wconf 56' lang='lat'><strong>15%</strong></span> 
     </span>
    </p>
   </div>
   <div class='ocr_carea' id='block_1_4' title="bbox 769 473 2336 576">
    <p class='ocr_par' dir='ltr' id='par_1_4' title="bbox 769 473 2328 556">
     <span class='ocr_line' id='line_1_4' title="bbox 769 473 2328 556; baseline 0.014 -36"><span class='ocrx_word' id='word_1_7' title='bbox 769 473 888 527; x_wconf 83' lang='lat' dir='ltr'><strong>cale</strong></span> <span class='ocrx_word' id='word_1_8' title='bbox 916 480 967 526; x_wconf 83' lang='lat' dir='ltr'><strong>et</strong></span> <span class='ocrx_word' id='word_1_9' title='bbox 997 475 1314 543; x_wconf 72' lang='lat' dir='ltr'><strong>temporale.</strong></span> <span class='ocrx_word' id='word_1_10' title='bbox 1341 476 1715 534; x_wconf 82' lang='lat' dir='ltr'><strong>Substantiale</strong></span> <span class='ocrx_word' id='word_1_11' title='bbox 1750 489 1929 536; x_wconf 89' lang='lat' dir='ltr'><strong>autem</strong></span> <span class='ocrx_word' id='word_1_12' title='bbox 1963 485 2028 537; x_wconf 90' lang='lat' dir='ltr'><strong>ad</strong></span> <span class='ocrx_word' id='word_1_13' title='bbox 2061 489 2328 556; x_wconf 81' lang='lat' dir='ltr'><strong>cujusque</strong></span> 
     </span>
    </p>
   </div>
   <div class='ocr_carea' id='block_1_5' title="bbox 2436 473 3999 576">
    <p class='ocr_par' dir='ltr' id='par_1_5' title="bbox 2436 492 3999 576">
     <span class='ocr_line' id='line_1_5' title="bbox 2436 492 3999 576; baseline 0.011 -34"><span class='ocrx_word' id='word_1_14' title='bbox 2436 492 2659 544; x_wconf 77' lang='grc' dir='ltr'><strong>ἑκάστου</strong></span> <span class='ocrx_word' id='word_1_15' title='bbox 2688 497 2951 561; x_wconf 83' lang='grc' dir='ltr'><strong>γενέσεως</strong></span> <span class='ocrx_word' id='word_1_16' title='bbox 2975 516 2985 526; x_wconf 76' lang='grc'><strong><em>⁸</em></strong></span> <span class='ocrx_word' id='word_1_17' title='bbox 3015 505 3235 571; x_wconf 75' lang='grc' dir='ltr'><strong>χρονικὴ</strong></span> <span class='ocrx_word' id='word_1_18' title='bbox 3261 504 3336 566; x_wconf 80' lang='grc' dir='ltr'><strong>δὲ,</strong></span> <span class='ocrx_word' id='word_1_19' title='bbox 3364 506 3456 571; x_wconf 70' lang='grc' dir='ltr'><strong>ἀφ’</strong></span> <span class='ocrx_word' id='word_1_20' title='bbox 3481 499 3543 557; x_wconf 69' lang='grc' dir='ltr'><strong>οὗ</strong></span> <span class='ocrx_word' id='word_1_21' title='bbox 3567 507 3767 576; x_wconf 80' lang='grc' dir='ltr'><strong>χρόνου</strong></span> <span class='ocrx_word' id='word_1_22' title='bbox 3802 511 3999 574; x_wconf 64' lang='grc' dir='ltr'><strong>ἤρξατ’,</strong></span> 
     </span>
    </p>
   </div>
   <div class='ocr_carea' id='block_1_6' title="bbox 771 569 2326 647">
    <p class='ocr_par' dir='ltr' id='par_1_6' title="bbox 771 569 2326 647">
     <span class='ocr_line' id='line_1_6' title="bbox 771 569 2326 647; baseline 0.012 -33"><span class='ocrx_word' id='word_1_23' title='bbox 771 571 956 616; x_wconf 91' lang='lat' dir='ltr'><strong>ortum</strong></span> <span class='ocrx_word' id='word_1_24' title='bbox 1007 572 1254 631; x_wconf 89' lang='lat' dir='ltr'><strong>spectat;</strong></span> <span class='ocrx_word' id='word_1_25' title='bbox 1316 569 1617 635; x_wconf 83' lang='lat' dir='ltr'><strong>temporale</strong></span> <span class='ocrx_word' id='word_1_26' title='bbox 1676 580 1897 636; x_wconf 88' lang='lat' dir='ltr'><strong>autem,</strong></span> <span class='ocrx_word' id='word_1_27' title='bbox 1951 577 2326 647; x_wconf 82' lang='lat' dir='ltr'><strong>indicataquo</strong></span> 
     </span>
    </p>
   </div>
   <div class='ocr_carea' id='block_1_7' title="bbox 774 653 2325 733">
    <p class='ocr_par' dir='ltr' id='par_1_7' title="bbox 774 653 2325 733">
     <span class='ocr_line' id='line_1_7' title="bbox 774 653 2325 733; baseline 0.012 -30"><span class='ocrx_word' id='word_1_28' title='bbox 774 662 1016 720; x_wconf 88' lang='lat' dir='ltr'><strong>tempore</strong></span> <span class='ocrx_word' id='word_1_29' title='bbox 1053 653 1365 708; x_wconf 87' lang='lat' dir='ltr'><strong>inchoatum</strong></span> <span class='ocrx_word' id='word_1_30' title='bbox 1395 658 1508 723; x_wconf 88' lang='lat' dir='ltr'><strong>sit;</strong></span> <span class='ocrx_word' id='word_1_31' title='bbox 1543 659 1736 727; x_wconf 81' lang='lat' dir='ltr'><strong>locale,</strong></span> <span class='ocrx_word' id='word_1_32' title='bbox 1778 678 1805 714; x_wconf 91' lang='lat' dir='ltr'><strong>a</strong></span> <span class='ocrx_word' id='word_1_33' title='bbox 1833 680 1940 733; x_wconf 92' lang='lat' dir='ltr'><strong>quo</strong></span> <span class='ocrx_word' id='word_1_34' title='bbox 1977 668 2097 720; x_wconf 92' lang='lat' dir='ltr'><strong>loco</strong></span> <span class='ocrx_word' id='word_1_35' title='bbox 2126 684 2325 722; x_wconf 91' lang='lat' dir='ltr'><strong>unum-</strong></span> 
     </span>
    </p>
   </div>
   <div class='ocr_carea' id='block_1_8' title="bbox 771 745 2325 828">
    <p class='ocr_par' dir='ltr' id='par_1_8' title="bbox 771 745 2325 828">
     <span class='ocr_line' id='line_1_8' title="bbox 771 745 2325 828; baseline 0.012 -34"><span class='ocrx_word' id='word_1_36' title='bbox 771 745 1025 812; x_wconf 78' lang='lat' dir='ltr'><strong>quodque</strong></span> <span class='ocrx_word' id='word_1_37' title='bbox 1066 748 1271 801; x_wconf 82' lang='lat' dir='ltr'><strong>moveri</strong></span> <span class='ocrx_word' id='word_1_38' title='bbox 1323 748 1622 819; x_wconf 83' lang='lat' dir='ltr'><strong>inceperit;</strong></span> <span class='ocrx_word' id='word_1_39' title='bbox 1666 754 1907 809; x_wconf 83' lang='lat' dir='ltr'><strong>eﬂiciens</strong></span> <span class='ocrx_word' id='word_1_40' title='bbox 1953 759 2222 828; x_wconf 88' lang='lat' dir='ltr'><strong>denique,</strong></span> <span class='ocrx_word' id='word_1_41' title='bbox 2261 778 2325 812; x_wconf 75' lang='lat' dir='ltr'><strong>vx</strong></span> 
     </span>
    </p>
   </div>
   <div class='ocr_carea' id='block_1_9' title="bbox 770 833 2321 910">
    <p class='ocr_par' dir='ltr' id='par_1_9' title="bbox 770 833 2321 910">
     <span class='ocr_line' id='line_1_9' title="bbox 770 833 2321 910; baseline 0.01 -27"><span class='ocrx_word' id='word_1_42' title='bbox 770 847 875 900; x_wconf 89' lang='lat' dir='ltr'><strong>qua</strong></span> <span class='ocrx_word' id='word_1_43' title='bbox 908 833 955 886; x_wconf 87' lang='lat' dir='ltr'><strong>vi</strong></span> <span class='ocrx_word' id='word_1_44' title='bbox 992 844 1272 903; x_wconf 86' lang='lat' dir='ltr'><strong>operetur,</strong></span> <span class='ocrx_word' id='word_1_45' title='bbox 1309 837 1360 891; x_wconf 92' lang='lat' dir='ltr'><strong>id</strong></span> <span class='ocrx_word' id='word_1_46' title='bbox 1402 839 1548 908; x_wconf 92' lang='lat' dir='ltr'><strong>quod</strong></span> <span class='ocrx_word' id='word_1_47' title='bbox 1591 842 1788 910; x_wconf 81' lang='lat' dir='ltr'><strong>agitur.</strong></span> <span class='ocrx_word' id='word_1_48' title='bbox 1825 844 2064 897; x_wconf 86' lang='lat' dir='ltr'><strong>Primum</strong></span> <span class='ocrx_word' id='word_1_49' title='bbox 2107 856 2189 900; x_wconf 88' lang='lat' dir='ltr'><strong>est</strong></span> <span class='ocrx_word' id='word_1_50' title='bbox 2228 853 2321 900; x_wconf 86' lang='lat' dir='ltr'><strong>ho-</strong></span> 
     </span>
    </p>
   </div>
   <div class='ocr_carea' id='block_1_10' title="bbox 770 923 2322 1007">
    <p class='ocr_par' dir='ltr' id='par_1_10' title="bbox 770 923 2322 1007">
     <span class='ocr_line' id='line_1_10' title="bbox 770 923 2322 1007; baseline 0.012 -33"><span class='ocrx_word' id='word_1_51' title='bbox 770 923 932 978; x_wconf 90' lang='lat' dir='ltr'><strong>minis</strong></span> <span class='ocrx_word' id='word_1_52' title='bbox 957 927 1305 994; x_wconf 74' lang='lat' dir='ltr'><strong>exsistentia;</strong></span> <span class='ocrx_word' id='word_1_53' title='bbox 1331 931 1526 985; x_wconf 90' lang='lat' dir='ltr'><strong>deinde</strong></span> <span class='ocrx_word' id='word_1_54' title='bbox 1552 947 1613 985; x_wconf 80' lang='lat' dir='ltr'><strong>ex</strong></span> <span class='ocrx_word' id='word_1_55' title='bbox 1643 949 1752 1000; x_wconf 87' lang='lat' dir='ltr'><strong>quo</strong></span> <span class='ocrx_word' id='word_1_56' title='bbox 1777 937 2006 989; x_wconf 72' lang='lat' dir='ltr'><strong>exsistat</strong></span> <span class='ocrx_word' id='word_1_57' title='bbox 2039 945 2283 1007; x_wconf 89' lang='lat' dir='ltr'><strong>tempore</strong></span> <span class='ocrx_word' id='word_1_58' title='bbox 2311 959 2322 992; x_wconf 90' lang='lat'>:</span> 
     </span>
    </p>
   </div>
   <div class='ocr_carea' id='block_1_11' title="bbox 771 1019 2325 1091">
    <p class='ocr_par' dir='ltr' id='par_1_11' title="bbox 771 1019 2325 1091">
     <span class='ocr_line' id='line_1_11' title="bbox 771 1019 2325 1091; baseline 0.011 -26"><span class='ocrx_word' id='word_1_59' title='bbox 771 1024 883 1067; x_wconf 92' lang='lat' dir='ltr'><strong>tum</strong></span> <span class='ocrx_word' id='word_1_60' title='bbox 915 1030 943 1068; x_wconf 90' lang='lat' dir='ltr'><strong>a</strong></span> <span class='ocrx_word' id='word_1_61' title='bbox 968 1032 1076 1085; x_wconf 90' lang='lat' dir='ltr'><strong>quo</strong></span> <span class='ocrx_word' id='word_1_62' title='bbox 1113 1019 1233 1072; x_wconf 92' lang='lat' dir='ltr'><strong>loco</strong></span> <span class='ocrx_word' id='word_1_63' title='bbox 1257 1023 1458 1074; x_wconf 88' lang='lat' dir='ltr'><strong>moveri</strong></span> <span class='ocrx_word' id='word_1_64' title='bbox 1491 1026 1654 1090; x_wconf 80' lang='lat' dir='ltr'><strong>cmpit</strong></span> <span class='ocrx_word' id='word_1_65' title='bbox 1695 1041 1706 1073; x_wconf 92' lang='lat'>:</span> <span class='ocrx_word' id='word_1_66' title='bbox 1749 1033 1874 1091; x_wconf 91' lang='lat' dir='ltr'><strong>puta</strong></span> <span class='ocrx_word' id='word_1_67' title='bbox 1909 1029 2208 1090; x_wconf 85' lang='lat' dir='ltr'><strong>ambulare,</strong></span> <span class='ocrx_word' id='word_1_68' title='bbox 2244 1041 2325 1082; x_wconf 89' lang='lat' dir='ltr'><strong>at-</strong></span> 
     </span>
    </p>
   </div>
   <div class='ocr_carea' id='block_1_12' title="bbox 771 1109 2321 1180">
    <p class='ocr_par' dir='ltr' id='par_1_12' title="bbox 771 1109 2321 1180">
     <span class='ocr_line' id='line_1_12' title="bbox 771 1109 2321 1180; baseline 0.011 -25"><span class='ocrx_word' id='word_1_69' title='bbox 771 1119 876 1171; x_wconf 89' lang='lat' dir='ltr'><strong>que</strong></span> <span class='ocrx_word' id='word_1_70' title='bbox 947 1109 1256 1162; x_wconf 86' lang='lat' dir='ltr'><strong>ambulandi</strong></span> <span class='ocrx_word' id='word_1_71' title='bbox 1338 1109 1593 1166; x_wconf 79' lang='lat' dir='ltr'><strong>facultate</strong></span> <span class='ocrx_word' id='word_1_72' title='bbox 1657 1115 1780 1180; x_wconf 89' lang='lat' dir='ltr'><strong>uti).</strong></span> <span class='ocrx_word' id='word_1_73' title='bbox 1888 1117 2052 1168; x_wconf 77' lang='lat' dir='ltr'><strong>MAN.</strong></span> <span class='ocrx_word' id='word_1_74' title='bbox 2121 1120 2321 1172; x_wconf 85' lang='lat' dir='ltr'><strong>Unum.</strong></span> 
     </span>
    </p>
   </div>
   <div class='ocr_carea' id='block_1_13' title="bbox 771 1194 2328 1275">
    <p class='ocr_par' dir='ltr' id='par_1_13' title="bbox 771 1194 2328 1275">
     <span class='ocr_line' id='line_1_13' title="bbox 771 1194 2328 1275; baseline 0.01 -29"><span class='ocrx_word' id='word_1_75' title='bbox 771 1194 976 1251; x_wconf 83' lang='lat' dir='ltr'><strong>ORTll.</strong></span> <span class='ocrx_word' id='word_1_76' title='bbox 1002 1196 1212 1265; x_wconf 88' lang='lat' dir='ltr'><strong>Optime</strong></span> <span class='ocrx_word' id='word_1_77' title='bbox 1255 1215 1400 1255; x_wconf 87' lang='lat' dir='ltr'><strong>vero.</strong></span> <span class='ocrx_word' id='word_1_78' title='bbox 1453 1200 1634 1270; x_wconf 85' lang='lat' dir='ltr'><strong>Neque</strong></span> <span class='ocrx_word' id='word_1_79' title='bbox 1677 1205 1822 1256; x_wconf 90' lang='lat' dir='ltr'><strong>enim</strong></span> <span class='ocrx_word' id='word_1_80' title='bbox 1871 1207 1980 1260; x_wconf 83' lang='lat' dir='ltr'><strong>ﬁeri</strong></span> <span class='ocrx_word' id='word_1_81' title='bbox 2024 1217 2221 1275; x_wconf 83' lang='lat' dir='ltr'><strong>potest.</strong></span> <span class='ocrx_word' id='word_1_82' title='bbox 2271 1220 2328 1261; x_wconf 90' lang='lat' dir='ltr'><strong>ut</strong></span> 
     </span>
    </p>
   </div>
   <div class='ocr_carea' id='block_1_14' title="bbox 771 1286 2324 1362">
    <p class='ocr_par' dir='ltr' id='par_1_14' title="bbox 771 1286 2324 1362">
     <span class='ocr_line' id='line_1_14' title="bbox 771 1286 2324 1362; baseline 0.008 -24"><span class='ocrx_word' id='word_1_83' title='bbox 771 1286 880 1339; x_wconf 89' lang='lat' dir='ltr'><strong>duo</strong></span> <span class='ocrx_word' id='word_1_84' title='bbox 917 1288 1251 1342; x_wconf 75' lang='lat' dir='ltr'><strong>exsistentiae</strong></span> <span class='ocrx_word' id='word_1_85' title='bbox 1280 1291 1356 1343; x_wconf 89' lang='lat' dir='ltr'><strong>rei</strong></span> <span class='ocrx_word' id='word_1_86' title='bbox 1377 1292 1540 1344; x_wconf 88' lang='lat' dir='ltr'><strong>unius</strong></span> <span class='ocrx_word' id='word_1_87' title='bbox 1574 1293 1837 1362; x_wconf 87' lang='lat' dir='ltr'><strong>principia</strong></span> <span class='ocrx_word' id='word_1_88' title='bbox 1860 1298 1988 1349; x_wconf 92' lang='lat' dir='ltr'><strong>sint.</strong></span> <span class='ocrx_word' id='word_1_89' title='bbox 2019 1296 2176 1348; x_wconf 80' lang='lat' dir='ltr'><strong>MAN.</strong></span> <span class='ocrx_word' id='word_1_90' title='bbox 2210 1296 2324 1350; x_wconf 86' lang='lat' dir='ltr'><strong>Non</strong></span> 
     </span>
    </p>
   </div>
   <div class='ocr_carea' id='block_1_15' title="bbox 771 1373 2325 1447">
    <p class='ocr_par' dir='ltr' id='par_1_15' title="bbox 771 1373 2325 1447">
     <span class='ocr_line' id='line_1_15' title="bbox 771 1373 2325 1447; baseline 0.008 -20"><span class='ocrx_word' id='word_1_91' title='bbox 771 1389 923 1431; x_wconf 85' lang='lat' dir='ltr'><strong>sane.</strong></span> <span class='ocrx_word' id='word_1_92' title='bbox 959 1373 1164 1430; x_wconf 78' lang='lat' dir='ltr'><strong>ORTH.</strong></span> <span class='ocrx_word' id='word_1_93' title='bbox 1208 1376 1423 1432; x_wconf 88' lang='lat' dir='ltr'><strong>lstudne</strong></span> <span class='ocrx_word' id='word_1_94' title='bbox 1475 1379 1790 1447; x_wconf 78' lang='lat' dir='ltr'><strong>singulatim</strong></span> <span class='ocrx_word' id='word_1_95' title='bbox 1829 1383 1880 1434; x_wconf 91' lang='lat' dir='ltr'><strong>in</strong></span> <span class='ocrx_word' id='word_1_96' title='bbox 1937 1384 2101 1436; x_wconf 88' lang='lat' dir='ltr'><strong>rebus</strong></span> <span class='ocrx_word' id='word_1_97' title='bbox 2145 1387 2325 1438; x_wconf 87' lang='lat' dir='ltr'><strong>omni-</strong></span> 
     </span>
    </p>
   </div>
   <div class='ocr_carea' id='block_1_16' title="bbox 771 1462 2320 1541">
    <p class='ocr_par' dir='ltr' id='par_1_16' title="bbox 771 1462 2320 1541">
     <span class='ocr_line' id='line_1_16' title="bbox 771 1462 2320 1541; baseline 0.006 -23"><span class='ocrx_word' id='word_1_98' title='bbox 771 1465 872 1519; x_wconf 86' lang='lat' dir='ltr'><strong>bus</strong></span> <span class='ocrx_word' id='word_1_99' title='bbox 923 1462 1326 1530; x_wconf 84' lang='lat' dir='ltr'><strong>consideratur,</strong></span> <span class='ocrx_word' id='word_1_100' title='bbox 1363 1470 1562 1522; x_wconf 84' lang='lat' dir='ltr'><strong>necne?</strong></span> <span class='ocrx_word' id='word_1_101' title='bbox 1598 1469 1762 1524; x_wconf 79' lang='lat' dir='ltr'><strong>MAN.</strong></span> <span class='ocrx_word' id='word_1_102' title='bbox 1793 1473 2120 1541; x_wconf 80' lang='lat' dir='ltr'><strong>Singulatim</strong></span> <span class='ocrx_word' id='word_1_103' title='bbox 2152 1476 2206 1527; x_wconf 90' lang='lat' dir='ltr'><strong>in</strong></span> <span class='ocrx_word' id='word_1_104' title='bbox 2241 1491 2320 1529; x_wconf 92' lang='lat' dir='ltr'><strong>re-</strong></span> 
     </span>
    </p>
   </div>
   <div class='ocr_carea' id='block_1_17' title="bbox 771 1551 2328 1631">
    <p class='ocr_par' dir='ltr' id='par_1_17' title="bbox 771 1551 2328 1631">
     <span class='ocr_line' id='line_1_17' title="bbox 771 1551 2328 1631; baseline 0.006 -27"><span class='ocrx_word' id='word_1_105' title='bbox 771 1551 873 1605; x_wconf 89' lang='lat' dir='ltr'><strong>bus</strong></span> <span class='ocrx_word' id='word_1_106' title='bbox 907 1553 1179 1609; x_wconf 90' lang='lat' dir='ltr'><strong>omnibus.</strong></span> <span class='ocrx_word' id='word_1_107' title='bbox 1235 1554 1440 1631; x_wconf 79' lang='lat' dir='ltr'><strong>QRTll.</strong></span> <span class='ocrx_word' id='word_1_108' title='bbox 1503 1555 1656 1621; x_wconf 88' lang='lat' dir='ltr'><strong>Quod</strong></span> <span class='ocrx_word' id='word_1_109' title='bbox 1714 1559 1876 1627; x_wconf 88' lang='lat' dir='ltr'><strong>igitur</strong></span> <span class='ocrx_word' id='word_1_110' title='bbox 1918 1562 2230 1630; x_wconf 77' lang='lat' dir='ltr'><strong>singulatim</strong></span> <span class='ocrx_word' id='word_1_111' title='bbox 2273 1565 2328 1616; x_wconf 89' lang='lat' dir='ltr'><strong>in</strong></span> 
     </span>
    </p>
   </div>
   <div class='ocr_carea' id='block_1_18' title="bbox 771 1649 2331 1728">
    <p class='ocr_par' dir='ltr' id='par_1_18' title="bbox 771 1649 2331 1728">
     <span class='ocr_line' id='line_1_18' title="bbox 771 1649 2331 1728; baseline 0.007 -31"><span class='ocrx_word' id='word_1_112' title='bbox 771 1659 1102 1712; x_wconf 89' lang='lat' dir='ltr'><strong>unaquaque</strong></span> <span class='ocrx_word' id='word_1_113' title='bbox 1149 1662 1207 1699; x_wconf 91' lang='lat' dir='ltr'><strong>re</strong></span> <span class='ocrx_word' id='word_1_114' title='bbox 1233 1649 1584 1728; x_wconf 74' lang='lat' dir='ltr'><strong>perspicitur,</strong></span> <span class='ocrx_word' id='word_1_115' title='bbox 1621 1650 1670 1700; x_wconf 89' lang='lat' dir='ltr'><strong>id</strong></span> <span class='ocrx_word' id='word_1_116' title='bbox 1725 1650 1775 1701; x_wconf 88' lang='lat' dir='ltr'><strong>iu</strong></span> <span class='ocrx_word' id='word_1_117' title='bbox 1817 1652 2073 1707; x_wconf 83' lang='lat' dir='ltr'><strong>omnibus</strong></span> <span class='ocrx_word' id='word_1_118' title='bbox 2115 1668 2331 1723; x_wconf 90' lang='lat' dir='ltr'><strong>quoque</strong></span> 
     </span>
    </p>
   </div>
   <div class='ocr_carea' id='block_1_19' title="bbox 771 1737 2330 1811">
    <p class='ocr_par' dir='ltr' id='par_1_19' title="bbox 771 1737 2330 1811">
     <span class='ocr_line' id='line_1_19' title="bbox 771 1737 2330 1811; baseline 0.008 -25"><span class='ocrx_word' id='word_1_119' title='bbox 771 1737 1136 1789; x_wconf 87' lang='lat' dir='ltr'><strong>communiter</strong></span> <span class='ocrx_word' id='word_1_120' title='bbox 1179 1737 1618 1792; x_wconf 88' lang='lat' dir='ltr'><strong>considerabitur</strong></span> <span class='ocrx_word' id='word_1_121' title='bbox 1663 1759 1671 1792; x_wconf 94' lang='lat'>:</span> <span class='ocrx_word' id='word_1_122' title='bbox 1706 1757 1752 1791; x_wconf 85' lang='grc' dir='ltr'><strong>ν.</strong></span> <span class='ocrx_word' id='word_1_123' title='bbox 1789 1739 1872 1808; x_wconf 84' lang='lat' dir='ltr'><strong>gr.</strong></span> <span class='ocrx_word' id='word_1_124' title='bbox 1910 1742 2056 1808; x_wconf 86' lang='lat' dir='ltr'><strong>quod</strong></span> <span class='ocrx_word' id='word_1_125' title='bbox 2100 1743 2330 1811; x_wconf 85' lang='lat' dir='ltr'><strong>quilibet</strong></span> 
     </span>
    </p>
   </div>
   <div class='ocr_carea' id='block_1_20' title="bbox 2429 580 3998 663">
    <p class='ocr_par' dir='ltr' id='par_1_20' title="bbox 2429 580 3998 663">
     <span class='ocr_line' id='line_1_20' title="bbox 2429 580 3998 663; baseline 0.011 -33"><span class='ocrx_word' id='word_1_126' title='bbox 2429 580 2498 631; x_wconf 74' lang='grc' dir='ltr'><strong>τὰ</strong></span> <span class='ocrx_word' id='word_1_127' title='bbox 2548 583 2654 633; x_wconf 85' lang='grc' dir='ltr'><strong>ἀπὸ</strong></span> <span class='ocrx_word' id='word_1_128' title='bbox 2687 585 2875 637; x_wconf 76' lang='grc' dir='ltr'><strong>τούτου</strong></span> <span class='ocrx_word' id='word_1_129' title='bbox 2925 589 3230 657; x_wconf 72' lang='grc' dir='ltr'><strong>ἀρχόμεναο</strong></span> <span class='ocrx_word' id='word_1_130' title='bbox 3264 597 3456 663; x_wconf 80' lang='grc' dir='ltr'><strong>τοπικὴ</strong></span> <span class='ocrx_word' id='word_1_131' title='bbox 3490 596 3570 657; x_wconf 86' lang='grc' dir='ltr'><strong>δὲ,</strong></span> <span class='ocrx_word' id='word_1_132' title='bbox 3621 596 3717 660; x_wconf 67' lang='grc' dir='ltr'><strong>ἀφ’</strong></span> <span class='ocrx_word' id='word_1_133' title='bbox 3749 589 3814 646; x_wconf 69' lang='grc' dir='ltr'><strong>οὗ</strong></span> <span class='ocrx_word' id='word_1_134' title='bbox 3839 598 3998 647; x_wconf 60' lang='grc' dir='ltr'><strong>τόπου</strong></span> 
     </span>
    </p>
   </div>
   <div class='ocr_carea' id='block_1_21' title="bbox 2429 669 3996 749">
    <p class='ocr_par' dir='ltr' id='par_1_21' title="bbox 2429 669 3996 749">
     <span class='ocr_line' id='line_1_21' title="bbox 2429 669 3996 749; baseline 0.008 -31"><span class='ocrx_word' id='word_1_135' title='bbox 2429 669 2655 721; x_wconf 74' lang='grc' dir='ltr'><strong>ἕκαστον</strong></span> <span class='ocrx_word' id='word_1_136' title='bbox 2679 671 2878 740; x_wconf 70' lang='grc' dir='ltr'><strong>ἤρξατο</strong></span> <span class='ocrx_word' id='word_1_137' title='bbox 2903 677 3166 729; x_wconf 82' lang='grc' dir='ltr'><strong>κινεῖσθαι</strong></span> <span class='ocrx_word' id='word_1_138' title='bbox 3189 695 3202 708; x_wconf 90' lang='grc'><strong>·</strong></span> <span class='ocrx_word' id='word_1_139' title='bbox 3227 681 3548 749; x_wconf 76' lang='grc' dir='ltr'><strong>ἐνεργητικὴ</strong></span> <span class='ocrx_word' id='word_1_140' title='bbox 3578 681 3636 733; x_wconf 84' lang='grc' dir='ltr'><strong>δὲ</strong></span> <span class='ocrx_word' id='word_1_141' title='bbox 3662 681 3721 742; x_wconf 77' lang='grc' dir='ltr'><strong>ἑξ</strong></span> <span class='ocrx_word' id='word_1_142' title='bbox 3746 676 3821 748; x_wconf 79' lang='grc' dir='ltr'><strong>ἦς</strong></span> <span class='ocrx_word' id='word_1_143' title='bbox 3853 683 3996 747; x_wconf 78' lang='grc' dir='ltr'>ἐνερ-</span> 
     </span>
    </p>
   </div>
   <div class='ocr_carea' id='block_1_22' title="bbox 2428 759 3996 839">
    <p class='ocr_par' dir='ltr' id='par_1_22' title="bbox 2428 759 3996 839">
     <span class='ocr_line' id='line_1_22' title="bbox 2428 759 3996 839; baseline 0.006 -31"><span class='ocrx_word' id='word_1_144' title='bbox 2428 759 2578 824; x_wconf 76' lang='grc' dir='ltr'><strong>γείας</strong></span> <span class='ocrx_word' id='word_1_145' title='bbox 2612 764 2825 830; x_wconf 86' lang='grc' dir='ltr'>ὲνεργεῖ</span> <span class='ocrx_word' id='word_1_146' title='bbox 2852 765 2910 815; x_wconf 81' lang='grc' dir='ltr'><strong>τὸ</strong></span> <span class='ocrx_word' id='word_1_147' title='bbox 2943 768 3327 835; x_wconf 72' lang='grc' dir='ltr'><strong>ἐνεργούμενον</strong></span> <span class='ocrx_word' id='word_1_148' title='bbox 3350 787 3361 799; x_wconf 92' lang='grc'><strong>·</strong></span> <span class='ocrx_word' id='word_1_149' title='bbox 3391 766 3500 822; x_wconf 74' lang='grc' dir='ltr'><strong>οἷον</strong></span> <span class='ocrx_word' id='word_1_150' title='bbox 3534 773 3567 839; x_wconf 73' lang='grc' dir='ltr'>ἡ</span> <span class='ocrx_word' id='word_1_151' title='bbox 3827 768 3996 835; x_wconf 72' lang='grc' dir='ltr'><strong>ὕπαρ-</strong></span> 
     </span>
    </p>
   </div>
   <div class='ocr_carea' id='block_1_23' title="bbox 2429 849 4000 928">
    <p class='ocr_par' dir='ltr' id='par_1_23' title="bbox 2429 849 4000 928">
     <span class='ocr_line' id='line_1_23' title="bbox 2429 849 4000 928; baseline 0.006 -29"><span class='ocrx_word' id='word_1_152' title='bbox 2429 849 2510 912; x_wconf 82' lang='grc' dir='ltr'><strong>ξις</strong></span> <span class='ocrx_word' id='word_1_153' title='bbox 2545 850 2636 901; x_wconf 84' lang='grc' dir='ltr'><strong>τοῦ</strong></span> <span class='ocrx_word' id='word_1_154' title='bbox 2677 852 2981 922; x_wconf 73' lang='grc' dir='ltr'><strong>ἀνθρώπου,</strong></span> <span class='ocrx_word' id='word_1_155' title='bbox 3026 860 3117 908; x_wconf 77' lang='grc' dir='ltr'><strong>καὶ</strong></span> <span class='ocrx_word' id='word_1_156' title='bbox 3150 860 3241 924; x_wconf 81' lang='grc' dir='ltr'><strong>ἀφ’</strong></span> <span class='ocrx_word' id='word_1_157' title='bbox 3275 855 3334 912; x_wconf 70' lang='grc' dir='ltr'><strong>οὗ</strong></span> <span class='ocrx_word' id='word_1_158' title='bbox 3389 861 3581 928; x_wconf 83' lang='grc' dir='ltr'><strong>χρόνου</strong></span> <span class='ocrx_word' id='word_1_159' title='bbox 3631 859 3880 925; x_wconf 73' lang='grc' dir='ltr'><strong>ἐγένετο,</strong></span> <span class='ocrx_word' id='word_1_160' title='bbox 3910 861 4000 909; x_wconf 55' lang='grc' dir='ltr'><strong>καὶ.</strong></span> 
     </span>
    </p>
   </div>
   <div class='ocr_carea' id='block_1_24' title="bbox 2428 933 3999 1015">
    <p class='ocr_par' dir='ltr' id='par_1_24' title="bbox 2428 933 3999 1015">
     <span class='ocr_line' id='line_1_24' title="bbox 2428 933 3999 1015; baseline 0.008 -29"><span class='ocrx_word' id='word_1_161' title='bbox 2428 937 2518 1002; x_wconf 74' lang='grc' dir='ltr'><strong>ἀφ’</strong></span> <span class='ocrx_word' id='word_1_162' title='bbox 2544 933 2602 990; x_wconf 69' lang='grc' dir='ltr'><strong>οὗ</strong></span> <span class='ocrx_word' id='word_1_163' title='bbox 2651 942 2814 992; x_wconf 81' lang='grc' dir='ltr'><strong>τόπου</strong></span> <span class='ocrx_word' id='word_1_164' title='bbox 2842 943 3040 1010; x_wconf 66' lang='grc' dir='ltr'><strong>ἤρξατο</strong></span> <span class='ocrx_word' id='word_1_165' title='bbox 3087 947 3372 1008; x_wconf 79' lang='grc' dir='ltr'><strong>κινεῖσθαι,</strong></span> <span class='ocrx_word' id='word_1_166' title='bbox 3409 947 3647 1015; x_wconf 75' lang='grc' dir='ltr'><strong>βαδίζειν</strong></span> <span class='ocrx_word' id='word_1_167' title='bbox 3687 947 3879 1014; x_wconf 72' lang='grc' dir='ltr'><strong>τυχὸν,</strong></span> <span class='ocrx_word' id='word_1_168' title='bbox 3911 948 3999 995; x_wconf 71' lang='grc' dir='ltr'><strong>καὶ</strong></span> 
     </span>
    </p>
   </div>
   <div class='ocr_carea' id='block_1_25' title="bbox 2427 1028 3999 1102">
    <p class='ocr_par' dir='ltr' id='par_1_25' title="bbox 2427 1028 3999 1102">
     <span class='ocr_line' id='line_1_25' title="bbox 2427 1028 3999 1102; baseline 0.008 -26"><span class='ocrx_word' id='word_1_169' title='bbox 2427 1028 2521 1093; x_wconf 83' lang='grc' dir='ltr'><strong>τῆς</strong></span> <span class='ocrx_word' id='word_1_170' title='bbox 2565 1030 2877 1099; x_wconf 84' lang='grc' dir='ltr'><strong>βαδιστικῆς</strong></span> <span class='ocrx_word' id='word_1_171' title='bbox 2916 1035 3212 1102; x_wconf 72' lang='grc' dir='ltr'><strong>ἐνεργείας.</strong></span> <span class='ocrx_word' id='word_1_172' title='bbox 3250 1037 3418 1088; x_wconf 81' lang='lat' dir='ltr'><strong>MAN.</strong></span> <span class='ocrx_word' id='word_1_173' title='bbox 3469 1038 3604 1091; x_wconf 81' lang='grc' dir='ltr'><strong>Μία.</strong></span> <span class='ocrx_word' id='word_1_174' title='bbox 3648 1039 3807 1087; x_wconf 76' lang='grc' dir='ltr'><strong>ΟΡΘ.</strong></span> <span class='ocrx_word' id='word_1_175' title='bbox 3854 1036 3999 1100; x_wconf 68' lang='grc' dir='ltr'><strong>Ἀλη-</strong></span> 
     </span>
    </p>
   </div>
   <div class='ocr_carea' id='block_1_26' title="bbox 2429 1116 3998 1195">
    <p class='ocr_par' dir='ltr' id='par_1_26' title="bbox 2429 1116 3998 1195">
     <span class='ocr_line' id='line_1_26' title="bbox 2429 1116 3998 1195; baseline -0.003 -16"><span class='ocrx_word' id='word_1_176' title='bbox 2429 1116 2536 1179; x_wconf 72' lang='grc' dir='ltr'><strong>θῶς</strong></span> <span class='ocrx_word' id='word_1_177' title='bbox 2565 1119 2698 1195; x_wconf 60' lang='grc' dir='ltr'><strong>ἔφης</strong></span> <span class='ocrx_word' id='word_1_178' title='bbox 2723 1139 2734 1150; x_wconf 92' lang='grc'><strong>·</strong></span> <span class='ocrx_word' id='word_1_179' title='bbox 2782 1123 3043 1176; x_wconf 82' lang='grc' dir='ltr'><strong>ἀδύνατον</strong></span> <span class='ocrx_word' id='word_1_180' title='bbox 3075 1126 3183 1193; x_wconf 79' lang='grc' dir='ltr'><strong>γὰρ</strong></span> <span class='ocrx_word' id='word_1_181' title='bbox 3224 1126 3316 1177; x_wconf 76' lang='grc' dir='ltr'><strong>δύο</strong></span> <span class='ocrx_word' id='word_1_182' title='bbox 3366 1128 3536 1195; x_wconf 75' lang='grc' dir='ltr'><strong>ἀρχὰς</strong></span> <span class='ocrx_word' id='word_1_183' title='bbox 3578 1122 3721 1177; x_wconf 73' lang='grc' dir='ltr'><strong>εἶναι</strong></span> <span class='ocrx_word' id='word_1_184' title='bbox 3770 1127 3875 1192; x_wconf 77' lang='grc' dir='ltr'><strong>τῆς</strong></span> <span class='ocrx_word' id='word_1_185' title='bbox 3913 1125 3998 1175; x_wconf 67' lang='grc' dir='ltr'><strong>τοῦ</strong></span> 
     </span>
    </p>
   </div>
   <div class='ocr_carea' id='block_1_27' title="bbox 2429 1208 3998 1285">
    <p class='ocr_par' dir='ltr' id='par_1_27' title="bbox 2429 1208 3998 1285">
     <span class='ocr_line' id='line_1_27' title="bbox 2429 1208 3998 1285; baseline 0.004 -26"><span class='ocrx_word' id='word_1_186' title='bbox 2429 1208 2546 1271; x_wconf 84' lang='grc' dir='ltr'><strong>ἑνὸς</strong></span> <span class='ocrx_word' id='word_1_187' title='bbox 2577 1212 2882 1278; x_wconf 76' lang='grc' dir='ltr'><strong>ὑπάρξεως.</strong></span> <span class='ocrx_word' id='word_1_188' title='bbox 2929 1216 3098 1267; x_wconf 81' lang='lat' dir='ltr'><strong>MAN.</strong></span> <span class='ocrx_word' id='word_1_189' title='bbox 3133 1216 3318 1277; x_wconf 76' lang='grc' dir='ltr'><strong>υῦτως</strong></span> <span class='ocrx_word' id='word_1_190' title='bbox 3352 1217 3482 1285; x_wconf 77' lang='grc' dir='ltr'><strong>ἔχει.</strong></span> <span class='ocrx_word' id='word_1_191' title='bbox 3515 1218 3668 1270; x_wconf 86' lang='grc' dir='ltr'>ΟΡΘ,</span> <span class='ocrx_word' id='word_1_192' title='bbox 3709 1215 3891 1266; x_wconf 77' lang='grc' dir='ltr'><strong>Τοῦτο</strong></span> <span class='ocrx_word' id='word_1_193' title='bbox 3922 1216 3998 1279; x_wconf 74' lang='grc' dir='ltr'><strong>ἐφ’</strong></span> 
     </span>
    </p>
   </div>
   <div class='ocr_carea' id='block_1_28' title="bbox 2431 1302 3999 1373">
    <p class='ocr_par' dir='ltr' id='par_1_28' title="bbox 2431 1302 3999 1373">
     <span class='ocr_line' id='line_1_28' title="bbox 2431 1302 3999 1373; baseline 0.003 -23"><span class='ocrx_word' id='word_1_194' title='bbox 2431 1302 2657 1352; x_wconf 79' lang='grc' dir='ltr'><strong>ἑκάστου</strong></span> <span class='ocrx_word' id='word_1_195' title='bbox 2688 1302 2794 1352; x_wconf 85' lang='grc' dir='ltr'><strong>τῶν</strong></span> <span class='ocrx_word' id='word_1_196' title='bbox 2843 1303 3010 1355; x_wconf 77' lang='grc' dir='ltr'><strong>ὄντων</strong></span> <span class='ocrx_word' id='word_1_197' title='bbox 3055 1305 3358 1372; x_wconf 80' lang='grc' dir='ltr'><strong>θεωρεῖται,</strong></span> <span class='ocrx_word' id='word_1_198' title='bbox 3412 1305 3443 1373; x_wconf 78' lang='grc' dir='ltr'>ἢ</span> <span class='ocrx_word' id='word_1_199' title='bbox 3480 1305 3580 1364; x_wconf 72' lang='grc' dir='ltr'><strong>οὓς</strong></span> <span class='ocrx_word' id='word_1_200' title='bbox 3637 1305 3822 1357; x_wconf 80' lang='lat' dir='ltr'><strong>MAN.</strong></span> <span class='ocrx_word' id='word_1_201' title='bbox 3889 1305 3999 1371; x_wconf 76' lang='grc' dir='ltr'><strong>Ἐφ’</strong></span> 
     </span>
    </p>
   </div>
   <div class='ocr_carea' id='block_1_29' title="bbox 2431 1389 3998 1462">
    <p class='ocr_par' dir='ltr' id='par_1_29' title="bbox 2431 1389 3998 1462">
     <span class='ocr_line' id='line_1_29' title="bbox 2431 1389 3998 1462; baseline 0.002 -22"><span class='ocrx_word' id='word_1_202' title='bbox 2431 1390 2658 1442; x_wconf 76' lang='grc' dir='ltr'><strong>ἑκάστου</strong></span> <span class='ocrx_word' id='word_1_203' title='bbox 2708 1391 2814 1442; x_wconf 85' lang='grc' dir='ltr'><strong>τῶν</strong></span> <span class='ocrx_word' id='word_1_204' title='bbox 2861 1393 3030 1444; x_wconf 82' lang='grc' dir='ltr'><strong>ὄντων</strong></span> <span class='ocrx_word' id='word_1_205' title='bbox 3079 1394 3352 1446; x_wconf 74' lang='grc' dir='ltr'><strong>ἁπάντων.</strong></span> <span class='ocrx_word' id='word_1_206' title='bbox 3380 1396 3528 1447; x_wconf 84' lang='grc' dir='ltr'><strong>ΟΡΘ.</strong></span> <span class='ocrx_word' id='word_1_207' title='bbox 3585 1396 3770 1462; x_wconf 85' lang='grc' dir='ltr'>Ὅπερ</span> <span class='ocrx_word' id='word_1_208' title='bbox 3799 1389 3998 1460; x_wconf 68' lang='grc' dir='ltr'><strong>οὗνὲερ⁹</strong></span> 
     </span>
    </p>
   </div>
   <div class='ocr_carea' id='block_1_30' title="bbox 2429 1479 3998 1552">
    <p class='ocr_par' dir='ltr' id='par_1_30' title="bbox 2429 1479 3998 1552">
     <span class='ocr_line' id='line_1_30' title="bbox 2429 1479 3998 1552; baseline 0.002 -24"><span class='ocrx_word' id='word_1_209' title='bbox 2429 1479 2658 1531; x_wconf 77' lang='grc' dir='ltr'><strong>ἑκάστου</strong></span> <span class='ocrx_word' id='word_1_210' title='bbox 2684 1481 2789 1531; x_wconf 85' lang='grc' dir='ltr'><strong>τῶν</strong></span> <span class='ocrx_word' id='word_1_211' title='bbox 2826 1488 2849 1514; x_wconf 94' lang='lat'><strong><em>°</em></strong></span> <span class='ocrx_word' id='word_1_212' title='bbox 2886 1482 3136 1535; x_wconf 83' lang='grc' dir='ltr'><strong>ἁπάντων</strong></span> <span class='ocrx_word' id='word_1_213' title='bbox 3172 1482 3476 1552; x_wconf 84' lang='grc' dir='ltr'>Θεωρεῖται,</span> <span class='ocrx_word' id='word_1_214' title='bbox 3519 1486 3611 1535; x_wconf 72' lang='grc' dir='ltr'><strong>καὶ</strong></span> <span class='ocrx_word' id='word_1_215' title='bbox 3649 1485 3743 1534; x_wconf 74' lang='grc' dir='ltr'><strong>ὲπὶ</strong></span> <span class='ocrx_word' id='word_1_216' title='bbox 3781 1485 3998 1534; x_wconf 76' lang='grc' dir='ltr'><strong>πάντων</strong></span> 
     </span>
    </p>
   </div>
   <div class='ocr_carea' id='block_1_31' title="bbox 2431 1569 3995 1641">
    <p class='ocr_par' dir='ltr' id='par_1_31' title="bbox 2431 1569 3995 1641">
     <span class='ocr_line' id='line_1_31' title="bbox 2431 1569 3995 1641; baseline 0.003 -23"><span class='ocrx_word' id='word_1_217' title='bbox 2431 1569 2621 1629; x_wconf 82' lang='grc' dir='ltr'><strong>κοινῶς</strong></span> <span class='ocrx_word' id='word_1_218' title='bbox 2647 1570 3071 1640; x_wconf 81' lang='grc' dir='ltr'><strong>Θεωρηθήσεται·</strong></span> <span class='ocrx_word' id='word_1_219' title='bbox 3106 1569 3216 1624; x_wconf 79' lang='grc' dir='ltr'><strong>οἷον</strong></span> <span class='ocrx_word' id='word_1_220' title='bbox 3236 1575 3369 1641; x_wconf 88' lang='grc' dir='ltr'>ὅπερ</span> <span class='ocrx_word' id='word_1_221' title='bbox 3392 1575 3616 1634; x_wconf 77' lang='grc' dir='ltr'><strong>ἕκαστος</strong></span> <span class='ocrx_word' id='word_1_222' title='bbox 3644 1573 3758 1624; x_wconf 83' lang='grc' dir='ltr'><strong>τῶν</strong></span> <span class='ocrx_word' id='word_1_223' title='bbox 3791 1573 3995 1639; x_wconf 73' lang='grc' dir='ltr'><strong>ἀνθρὼ-</strong></span> 
     </span>
    </p>
   </div>
   <div class='ocr_carea' id='block_1_32' title="bbox 2432 1657 4000 1732">
    <p class='ocr_par' dir='ltr' id='par_1_32' title="bbox 2432 1657 4000 1732">
     <span class='ocr_line' id='line_1_32' title="bbox 2432 1657 4000 1732; baseline 0.01 -24"><span class='ocrx_word' id='word_1_224' title='bbox 2432 1675 2546 1709; x_wconf 84' lang='grc' dir='ltr'><strong>πων</strong></span> <span class='ocrx_word' id='word_1_225' title='bbox 2578 1657 2708 1725; x_wconf 81' lang='grc' dir='ltr'>ἔχει,</span> <span class='ocrx_word' id='word_1_226' title='bbox 2745 1662 2837 1711; x_wconf 79' lang='grc' dir='ltr'><strong>καὶ</strong></span> <span class='ocrx_word' id='word_1_227' title='bbox 2867 1663 3013 1714; x_wconf 76' lang='grc' dir='ltr'><strong>πάσα</strong></span> <span class='ocrx_word' id='word_1_228' title='bbox 3056 1666 3087 1730; x_wconf 83' lang='grc' dir='ltr'>ὴ</span> <span class='ocrx_word' id='word_1_229' title='bbox 3124 1663 3473 1732; x_wconf 82' lang='grc' dir='ltr'><strong>ἀνθρωπὸτης</strong></span> <span class='ocrx_word' id='word_1_230' title='bbox 3516 1663 3628 1730; x_wconf 76' lang='grc' dir='ltr'><strong>ἔχει</strong></span> <span class='ocrx_word' id='word_1_231' title='bbox 3651 1678 3665 1690; x_wconf 78' lang='grc'><strong>⁸</strong></span> <span class='ocrx_word' id='word_1_232' title='bbox 3705 1661 3783 1722; x_wconf 83' lang='grc' dir='ltr'><strong>ὡς</strong></span> <span class='ocrx_word' id='word_1_233' title='bbox 3821 1662 3881 1712; x_wconf 67' lang='grc' dir='ltr'><strong>τὸ</strong></span> <span class='ocrx_word' id='word_1_234' title='bbox 3911 1663 4000 1728; x_wconf 64' lang='grc' dir='ltr'>ζῇν</span> 
     </span>
    </p>
   </div>
   <div class='ocr_carea' id='block_1_33' title="bbox 2431 1747 3999 1819">
    <p class='ocr_par' dir='ltr' id='par_1_33' title="bbox 2431 1747 3999 1819">
     <span class='ocr_line' id='line_1_33' title="bbox 2431 1747 3999 1819; baseline 0.001 -21"><span class='ocrx_word' id='word_1_235' title='bbox 2431 1749 2521 1799; x_wconf 75' lang='grc' dir='ltr'><strong>καὶ</strong></span> <span class='ocrx_word' id='word_1_236' title='bbox 2546 1748 2605 1798; x_wconf 85' lang='grc' dir='ltr'><strong>τὸ</strong></span> <span class='ocrx_word' id='word_1_237' title='bbox 2634 1747 2934 1814; x_wconf 77' lang='grc' dir='ltr'><strong>λογίζεσθαι</strong></span> <span class='ocrx_word' id='word_1_238' title='bbox 2957 1767 2969 1780; x_wconf 90' lang='grc'><strong>·</strong></span> <span class='ocrx_word' id='word_1_239' title='bbox 3003 1753 3094 1803; x_wconf 79' lang='grc' dir='ltr'><strong>καὶ</strong></span> <span class='ocrx_word' id='word_1_240' title='bbox 3118 1752 3252 1819; x_wconf 83' lang='grc' dir='ltr'>ὅπερ</span> <span class='ocrx_word' id='word_1_241' title='bbox 3279 1753 3480 1819; x_wconf 82' lang='grc' dir='ltr'><strong>ἑκάστη</strong></span> <span class='ocrx_word' id='word_1_242' title='bbox 3501 1754 3657 1804; x_wconf 79' lang='grc' dir='ltr'><strong>οὐσία</strong></span> <span class='ocrx_word' id='word_1_243' title='bbox 3680 1751 3822 1818; x_wconf 77' lang='grc' dir='ltr'><strong>ἔχει,</strong></span> <span class='ocrx_word' id='word_1_244' title='bbox 3857 1753 3947 1800; x_wconf 76' lang='grc' dir='ltr'><strong>καὶ</strong></span> <span class='ocrx_word' id='word_1_245' title='bbox 3973 1752 3999 1815; x_wconf 67' lang='grc' dir='ltr'><strong>ἡ</strong></span> 
     </span>
    </p>
   </div>
   <div class='ocr_carea' id='block_1_34' title="bbox 773 1809 2336 1910">
    <p class='ocr_par' dir='ltr' id='par_1_34' title="bbox 773 1809 2330 1896">
     <span class='ocr_line' id='line_1_34' title="bbox 773 1809 2330 1896; baseline 0.008 -24"><span class='ocrx_word' id='word_1_246' title='bbox 773 1823 933 1876; x_wconf 93' lang='lat' dir='ltr'><strong>homo</strong></span> <span class='ocrx_word' id='word_1_247' title='bbox 964 1823 1142 1888; x_wconf 85' lang='lat' dir='ltr'><strong>habet,</strong></span> <span class='ocrx_word' id='word_1_248' title='bbox 1175 1825 1278 1879; x_wconf 92' lang='lat' dir='ltr'><strong>hoc</strong></span> <span class='ocrx_word' id='word_1_249' title='bbox 1313 1834 1424 1879; x_wconf 90' lang='lat' dir='ltr'><strong>tota</strong></span> <span class='ocrx_word' id='word_1_250' title='bbox 1455 1842 1670 1896; x_wconf 85' lang='lat' dir='ltr'><strong>quoque</strong></span> <span class='ocrx_word' id='word_1_251' title='bbox 1717 1829 1992 1882; x_wconf 90' lang='lat' dir='ltr'><strong>hominum</strong></span> <span class='ocrx_word' id='word_1_252' title='bbox 2021 1809 2214 1884; x_wconf 81' lang='lat' dir='ltr'><strong>natura</strong></span> <span class='ocrx_word' id='word_1_253' title='bbox 2237 1833 2330 1885; x_wconf 89' lang='lat' dir='ltr'><strong>ha-</strong></span> 
     </span>
    </p>
   </div>
   <div class='ocr_carea' id='block_1_35' title="bbox 2436 1809 4002 1910">
    <p class='ocr_par' dir='ltr' id='par_1_35' title="bbox 2436 1809 4002 1910">
     <span class='ocr_line' id='line_1_35' title="bbox 2436 1809 4002 1910; baseline -0.001 -23"><span class='ocrx_word' id='word_1_254' title='bbox 2436 1837 2585 1904; x_wconf 81' lang='grc' dir='ltr'><strong>κοινὴ</strong></span> <span class='ocrx_word' id='word_1_255' title='bbox 2617 1809 2775 1888; x_wconf 71' lang='grc' dir='ltr'><strong>οὐσία</strong></span> <span class='ocrx_word' id='word_1_256' title='bbox 2795 1838 2903 1907; x_wconf 75' lang='grc' dir='ltr'><strong>ἔχει</strong></span> <span class='ocrx_word' id='word_1_257' title='bbox 2927 1856 2938 1868; x_wconf 90' lang='grc'><strong>·</strong></span> <span class='ocrx_word' id='word_1_258' title='bbox 2961 1839 3034 1901; x_wconf 86' lang='grc' dir='ltr'><strong>ὡς</strong></span> <span class='ocrx_word' id='word_1_259' title='bbox 3059 1841 3118 1892; x_wconf 87' lang='grc' dir='ltr'><strong>τὸ</strong></span> <span class='ocrx_word' id='word_1_260' title='bbox 3140 1809 3539 1910; x_wconf 65' lang='grc' dir='ltr'><strong>αὺὸύπαρκτον,</strong></span> <span class='ocrx_word' id='word_1_261' title='bbox 3569 1841 3663 1890; x_wconf 75' lang='grc' dir='ltr'><strong>καὶ</strong></span> <span class='ocrx_word' id='word_1_262' title='bbox 3891 1809 4002 1887; x_wconf 53' lang='lat' dir='ltr'><strong>ut;</strong></span> 
     </span>
    </p>
   </div>
   <div class='ocr_carea' id='block_1_36' title="bbox 772 1912 2329 1987">
    <p class='ocr_par' dir='ltr' id='par_1_36' title="bbox 772 1912 2329 1987">
     <span class='ocr_line' id='line_1_36' title="bbox 772 1912 2329 1987; baseline 0.006 -21"><span class='ocrx_word' id='word_1_263' title='bbox 772 1912 880 1977; x_wconf 90' lang='lat' dir='ltr'><strong>bet,</strong></span> <span class='ocrx_word' id='word_1_264' title='bbox 915 1923 1040 1982; x_wconf 89' lang='lat' dir='ltr'><strong>puta</strong></span> <span class='ocrx_word' id='word_1_265' title='bbox 1076 1915 1272 1979; x_wconf 86' lang='lat' dir='ltr'><strong>vivere,</strong></span> <span class='ocrx_word' id='word_1_266' title='bbox 1327 1917 1683 1980; x_wconf 88' lang='lat' dir='ltr'><strong>ratiocinari;</strong></span> <span class='ocrx_word' id='word_1_267' title='bbox 1729 1925 1780 1970; x_wconf 89' lang='lat' dir='ltr'><strong>ct</strong></span> <span class='ocrx_word' id='word_1_268' title='bbox 1806 1919 1948 1986; x_wconf 88' lang='lat' dir='ltr'><strong>quod</strong></span> <span class='ocrx_word' id='word_1_269' title='bbox 1985 1921 2192 1987; x_wconf 59' lang='lat' dir='ltr'><strong>quasvis</strong></span> <span class='ocrx_word' id='word_1_270' title='bbox 2248 1935 2329 1974; x_wconf 88' lang='lat' dir='ltr'><strong>es—</strong></span> 
     </span>
    </p>
   </div>
   <div class='ocr_carea' id='block_1_37' title="bbox 771 2007 2324 2072">
    <p class='ocr_par' dir='ltr' id='par_1_37' title="bbox 771 2007 2324 2072">
     <span class='ocr_line' id='line_1_37' title="bbox 771 2007 2324 2072; baseline 0.003 -14"><span class='ocrx_word' id='word_1_271' title='bbox 771 2007 946 2060; x_wconf 88' lang='lat' dir='ltr'><strong>sentia</strong></span> <span class='ocrx_word' id='word_1_272' title='bbox 992 2007 1176 2072; x_wconf 90' lang='lat' dir='ltr'><strong>habet,</strong></span> <span class='ocrx_word' id='word_1_273' title='bbox 1236 2008 1335 2062; x_wconf 92' lang='lat' dir='ltr'><strong>hoc</strong></span> <span class='ocrx_word' id='word_1_274' title='bbox 1386 2017 1439 2063; x_wconf 90' lang='lat' dir='ltr'><strong>et</strong></span> <span class='ocrx_word' id='word_1_275' title='bbox 1482 2011 1791 2064; x_wconf 87' lang='lat' dir='ltr'><strong>communis</strong></span> <span class='ocrx_word' id='word_1_276' title='bbox 1844 2011 2006 2064; x_wconf 86' lang='lat' dir='ltr'><strong>habet</strong></span> <span class='ocrx_word' id='word_1_277' title='bbox 2044 2015 2276 2066; x_wconf 87' lang='lat' dir='ltr'><strong>essentia</strong></span> <span class='ocrx_word' id='word_1_278' title='bbox 2313 2030 2324 2062; x_wconf 89' lang='lat'>:</span> 
     </span>
    </p>
   </div>
   <div class='ocr_carea' id='block_1_38' title="bbox 771 2097 2327 2166">
    <p class='ocr_par' dir='ltr' id='par_1_38' title="bbox 771 2097 2327 2166">
     <span class='ocr_line' id='line_1_38' title="bbox 771 2097 2327 2166; baseline 0.004 -17"><span class='ocrx_word' id='word_1_279' title='bbox 771 2097 1030 2151; x_wconf 87' lang='lat' dir='ltr'><strong>nimirum</strong></span> <span class='ocrx_word' id='word_1_280' title='bbox 1093 2107 1150 2151; x_wconf 93' lang='lat' dir='ltr'><strong>ut</strong></span> <span class='ocrx_word' id='word_1_281' title='bbox 1199 2112 1292 2166; x_wconf 91' lang='lat' dir='ltr'><strong>per</strong></span> <span class='ocrx_word' id='word_1_282' title='bbox 1322 2113 1381 2152; x_wconf 81' lang='lat' dir='ltr'><strong>se</strong></span> <span class='ocrx_word' id='word_1_283' title='bbox 1411 2102 1637 2153; x_wconf 82' lang='lat' dir='ltr'><strong>exsistat</strong></span> <span class='ocrx_word' id='word_1_284' title='bbox 1667 2142 1679 2159; x_wconf 91' lang='lat'><strong>.</strong></span> <span class='ocrx_word' id='word_1_285' title='bbox 1711 2116 1808 2154; x_wconf 88' lang='lat' dir='ltr'><strong>nec</strong></span> <span class='ocrx_word' id='word_1_286' title='bbox 1841 2101 2038 2155; x_wconf 89' lang='lat' dir='ltr'><strong>essein</strong></span> <span class='ocrx_word' id='word_1_287' title='bbox 2081 2103 2186 2155; x_wconf 91' lang='lat' dir='ltr'><strong>alio</strong></span> <span class='ocrx_word' id='word_1_288' title='bbox 2235 2104 2327 2155; x_wconf 82' lang='lat' dir='ltr'><strong>ha-</strong></span> 
     </span>
    </p>
   </div>
   <div class='ocr_carea' id='block_1_39' title="bbox 773 2185 2328 2262">
    <p class='ocr_par' dir='ltr' id='par_1_39' title="bbox 773 2185 2328 2262">
     <span class='ocr_line' id='line_1_39' title="bbox 773 2185 2328 2262; baseline 0.006 -22"><span class='ocrx_word' id='word_1_289' title='bbox 773 2187 918 2241; x_wconf 88' lang='lat' dir='ltr'><strong>beat.</strong></span> <span class='ocrx_word' id='word_1_290' title='bbox 953 2185 1091 2256; x_wconf 89' lang='lat' dir='ltr'><strong>Ergo</strong></span> <span class='ocrx_word' id='word_1_291' title='bbox 1153 2188 1341 2242; x_wconf 91' lang='lat' dir='ltr'><strong>eodem</strong></span> <span class='ocrx_word' id='word_1_292' title='bbox 1373 2189 1536 2242; x_wconf 90' lang='lat' dir='ltr'><strong>etiam</strong></span> <span class='ocrx_word' id='word_1_293' title='bbox 1576 2191 1756 2250; x_wconf 89' lang='lat' dir='ltr'><strong>modo,</strong></span> <span class='ocrx_word' id='word_1_294' title='bbox 1797 2193 1842 2245; x_wconf 92' lang='lat' dir='ltr'><strong>si</strong></span> <span class='ocrx_word' id='word_1_295' title='bbox 1884 2207 1969 2246; x_wconf 88' lang='lat' dir='ltr'><strong>res</strong></span> <span class='ocrx_word' id='word_1_296' title='bbox 2009 2192 2235 2262; x_wconf 72' lang='lat' dir='ltr'><strong>singulae</strong></span> <span class='ocrx_word' id='word_1_297' title='bbox 2263 2210 2328 2249; x_wconf 81' lang='lat' dir='ltr'><strong>ex</strong></span> 
     </span>
    </p>
   </div>
   <div class='ocr_carea' id='block_1_40' title="bbox 774 2277 3736 2358">
    <p class='ocr_par' dir='ltr' id='par_1_40' title="bbox 774 2277 3736 2358">
     <span class='ocr_line' id='line_1_40' title="bbox 774 2277 3736 2358; baseline 0.004 -28"><span class='ocrx_word' id='word_1_298' title='bbox 774 2292 880 2330; x_wconf 93' lang='lat' dir='ltr'><strong>uno</strong></span> <span class='ocrx_word' id='word_1_299' title='bbox 904 2277 1171 2344; x_wconf 88' lang='lat' dir='ltr'><strong>principio</strong></span> <span class='ocrx_word' id='word_1_300' title='bbox 1222 2285 1353 2330; x_wconf 80' lang='lat' dir='ltr'><strong>orta:</strong></span> <span class='ocrx_word' id='word_1_301' title='bbox 1385 2287 1536 2342; x_wconf 86' lang='lat' dir='ltr'><strong>sunt,</strong></span> <span class='ocrx_word' id='word_1_302' title='bbox 1572 2280 1838 2334; x_wconf 76' lang='lat' dir='ltr'><strong>universae</strong></span> <span class='ocrx_word' id='word_1_303' title='bbox 1868 2295 2084 2349; x_wconf 88' lang='lat' dir='ltr'><strong>quoque</strong></span> <span class='ocrx_word' id='word_1_304' title='bbox 2108 2297 2174 2334; x_wconf 78' lang='lat' dir='ltr'><strong>ex</strong></span> <span class='ocrx_word' id='word_1_305' title='bbox 2221 2298 2329 2336; x_wconf 94' lang='lat' dir='ltr'><strong>uno</strong></span> <span class='ocrx_word' id='word_1_306' title='bbox 2371 2287 2640 2356; x_wconf 91' lang='lat' dir='ltr'><strong>principio</strong></span> <span class='ocrx_word' id='word_1_307' title='bbox 2692 2290 3032 2358; x_wconf 90' lang='lat' dir='ltr'><strong>prodierunt,</strong></span> <span class='ocrx_word' id='word_1_308' title='bbox 3077 2307 3141 2347; x_wconf 87' lang='lat' dir='ltr'><strong>ac</strong></span> <span class='ocrx_word' id='word_1_309' title='bbox 3185 2307 3292 2346; x_wconf 91' lang='lat' dir='ltr'><strong>non</strong></span> <span class='ocrx_word' id='word_1_310' title='bbox 3330 2309 3394 2347; x_wconf 85' lang='lat' dir='ltr'><strong>ex</strong></span> <span class='ocrx_word' id='word_1_311' title='bbox 3463 2292 3680 2346; x_wconf 88' lang='lat' dir='ltr'><strong>duobus</strong></span> <span class='ocrx_word' id='word_1_312' title='bbox 3723 2307 3736 2342; x_wconf 90' lang='lat'><strong>:</strong></span> 
     </span>
    </p>
   </div>
   <div class='ocr_carea' id='block_1_41' title="bbox 773 2367 1870 2435">
    <p class='ocr_par' dir='ltr' id='par_1_41' title="bbox 773 2367 1870 2435">
     <span class='ocr_line' id='line_1_41' title="bbox 773 2367 1870 2435; baseline -0.002 -13"><span class='ocrx_word' id='word_1_313' title='bbox 773 2383 879 2422; x_wconf 87' lang='lat' dir='ltr'><strong>non</strong></span> <span class='ocrx_word' id='word_1_314' title='bbox 914 2367 1024 2418; x_wconf 90' lang='lat' dir='ltr'><strong>duo</strong></span> <span class='ocrx_word' id='word_1_315' title='bbox 1056 2367 1320 2435; x_wconf 89' lang='lat' dir='ltr'><strong>principia</strong></span> <span class='ocrx_word' id='word_1_316' title='bbox 1351 2377 1532 2431; x_wconf 87' lang='lat' dir='ltr'><strong>erunt,</strong></span> <span class='ocrx_word' id='word_1_317' title='bbox 1559 2369 1653 2422; x_wconf 88' lang='lat' dir='ltr'><strong>sed</strong></span> <span class='ocrx_word' id='word_1_318' title='bbox 1684 2383 1870 2421; x_wconf 91' lang='lat' dir='ltr'><strong>unum.</strong></span> 
     </span>
    </p>
   </div>
   <div class='ocr_carea' id='block_1_42' title="bbox 845 2456 2330 2528">
    <p class='ocr_par' dir='ltr' id='par_1_42' title="bbox 845 2456 2330 2528">
     <span class='ocr_line' id='line_1_42' title="bbox 845 2456 2330 2528; baseline 0.001 -17"><span class='ocrx_word' id='word_1_319' title='bbox 845 2458 927 2511; x_wconf 76' lang='lat' dir='ltr'><strong>l8.</strong></span> <span class='ocrx_word' id='word_1_320' title='bbox 955 2456 1118 2511; x_wconf 80' lang='lat' dir='ltr'><strong>MAN.</strong></span> <span class='ocrx_word' id='word_1_321' title='bbox 1158 2457 1294 2522; x_wconf 86' lang='lat' dir='ltr'><strong>Quid</strong></span> <span class='ocrx_word' id='word_1_322' title='bbox 1343 2466 1426 2511; x_wconf 89' lang='lat' dir='ltr'><strong>est</strong></span> <span class='ocrx_word' id='word_1_323' title='bbox 1456 2457 1806 2526; x_wconf 82' lang='lat' dir='ltr'><strong>quamobrem</strong></span> <span class='ocrx_word' id='word_1_324' title='bbox 1864 2458 2004 2512; x_wconf 87' lang='lat' dir='ltr'><strong>Deus</strong></span> <span class='ocrx_word' id='word_1_325' title='bbox 2058 2461 2330 2528; x_wconf 87' lang='lat' dir='ltr'><strong>principio</strong></span> 
     </span>
    </p>
   </div>
   <div class='ocr_carea' id='block_1_43' title="bbox 775 2547 2332 2618">
    <p class='ocr_par' dir='ltr' id='par_1_43' title="bbox 775 2547 2332 2618">
     <span class='ocr_line' id='line_1_43' title="bbox 775 2547 2332 2618; baseline 0.001 -15"><span class='ocrx_word' id='word_1_326' title='bbox 775 2552 995 2603; x_wconf 86' lang='lat' dir='ltr'><strong>careat?</strong></span> <span class='ocrx_word' id='word_1_327' title='bbox 1022 2547 1228 2603; x_wconf 79' lang='lat' dir='ltr'><strong>ORTII.</strong></span> <span class='ocrx_word' id='word_1_328' title='bbox 1258 2549 1392 2614; x_wconf 86' lang='lat' dir='ltr'><strong>Quia</strong></span> <span class='ocrx_word' id='word_1_329' title='bbox 1421 2551 1469 2602; x_wconf 91' lang='lat' dir='ltr'><strong>id</strong></span> <span class='ocrx_word' id='word_1_330' title='bbox 1508 2549 1651 2618; x_wconf 92' lang='lat' dir='ltr'><strong>quod</strong></span> <span class='ocrx_word' id='word_1_331' title='bbox 1673 2564 1780 2603; x_wconf 92' lang='lat' dir='ltr'><strong>non</strong></span> <span class='ocrx_word' id='word_1_332' title='bbox 1803 2559 1906 2611; x_wconf 86' lang='lat' dir='ltr'><strong>est,</strong></span> <span class='ocrx_word' id='word_1_333' title='bbox 1937 2566 1964 2602; x_wconf 88' lang='lat' dir='ltr'><strong>a</strong></span> <span class='ocrx_word' id='word_1_334' title='bbox 1990 2553 2173 2616; x_wconf 89' lang='lat' dir='ltr'><strong>seipso</strong></span> <span class='ocrx_word' id='word_1_335' title='bbox 2211 2567 2332 2606; x_wconf 89' lang='lat' dir='ltr'><strong>esse</strong></span> 
     </span>
    </p>
   </div>
   <div class='ocr_carea' id='block_1_44' title="bbox 779 2640 2330 2709">
    <p class='ocr_par' dir='ltr' id='par_1_44' title="bbox 779 2640 2330 2709">
     <span class='ocr_line' id='line_1_44' title="bbox 779 2640 2330 2709; baseline 0.001 -16"><span class='ocrx_word' id='word_1_336' title='bbox 779 2656 883 2695; x_wconf 89' lang='lat' dir='ltr'><strong>non</strong></span> <span class='ocrx_word' id='word_1_337' title='bbox 938 2642 1117 2696; x_wconf 90' lang='lat' dir='ltr'><strong>habet.</strong></span> <span class='ocrx_word' id='word_1_338' title='bbox 1169 2640 1323 2706; x_wconf 88' lang='lat' dir='ltr'><strong>Quod</strong></span> <span class='ocrx_word' id='word_1_339' title='bbox 1359 2657 1518 2709; x_wconf 89' lang='lat' dir='ltr'><strong>porro</strong></span> <span class='ocrx_word' id='word_1_340' title='bbox 1546 2640 1594 2707; x_wconf 56' lang='lat' dir='ltr'><strong>La</strong></span> <span class='ocrx_word' id='word_1_341' title='bbox 1631 2643 1809 2709; x_wconf 89' lang='lat' dir='ltr'><strong>seipso</strong></span> <span class='ocrx_word' id='word_1_342' title='bbox 1843 2656 1962 2694; x_wconf 88' lang='lat' dir='ltr'><strong>esse</strong></span> <span class='ocrx_word' id='word_1_343' title='bbox 1998 2658 2104 2694; x_wconf 92' lang='lat' dir='ltr'><strong>non</strong></span> <span class='ocrx_word' id='word_1_344' title='bbox 2149 2642 2330 2706; x_wconf 91' lang='lat' dir='ltr'><strong>habet,</strong></span> 
     </span>
    </p>
   </div>
   <div class='ocr_carea' id='block_1_45' title="bbox 776 2727 2332 2799">
    <p class='ocr_par' dir='ltr' id='par_1_45' title="bbox 776 2727 2332 2799">
     <span class='ocr_line' id='line_1_45' title="bbox 776 2727 2332 2799; baseline -0.001 -16"><span class='ocrx_word' id='word_1_345' title='bbox 776 2730 1048 2799; x_wconf 88' lang='lat' dir='ltr'><strong>quomodo</strong></span> <span class='ocrx_word' id='word_1_346' title='bbox 1087 2745 1116 2782; x_wconf 88' lang='lat' dir='ltr'><strong>a</strong></span> <span class='ocrx_word' id='word_1_347' title='bbox 1151 2729 1332 2796; x_wconf 85' lang='lat' dir='ltr'><strong>seipso</strong></span> <span class='ocrx_word' id='word_1_348' title='bbox 1350 2729 1496 2782; x_wconf 84' lang='lat' dir='ltr'><strong>erit?</strong></span> <span class='ocrx_word' id='word_1_349' title='bbox 1524 2727 1756 2782; x_wconf 82' lang='lat' dir='ltr'><strong>Necesse</strong></span> <span class='ocrx_word' id='word_1_350' title='bbox 1785 2737 1867 2781; x_wconf 89' lang='lat' dir='ltr'><strong>est</strong></span> <span class='ocrx_word' id='word_1_351' title='bbox 1897 2728 2083 2794; x_wconf 87' lang='lat' dir='ltr'><strong>igitur,</strong></span> <span class='ocrx_word' id='word_1_352' title='bbox 2109 2737 2166 2781; x_wconf 90' lang='lat' dir='ltr'><strong>ut</strong></span> <span class='ocrx_word' id='word_1_353' title='bbox 2190 2729 2332 2796; x_wconf 90' lang='lat' dir='ltr'><strong>quod</strong></span> 
     </span>
    </p>
   </div>
   <div class='ocr_carea' id='block_1_46' title="bbox 779 2819 2337 2890">
    <p class='ocr_par' dir='ltr' id='par_1_46' title="bbox 779 2819 2337 2890">
     <span class='ocr_line' id='line_1_46' title="bbox 779 2819 2337 2890; baseline -0.003 -14"><span class='ocrx_word' id='word_1_354' title='bbox 779 2839 886 2876; x_wconf 87' lang='lat' dir='ltr'><strong>non</strong></span> <span class='ocrx_word' id='word_1_355' title='bbox 916 2831 1021 2888; x_wconf 90' lang='lat' dir='ltr'><strong>est,</strong></span> <span class='ocrx_word' id='word_1_356' title='bbox 1054 2821 1124 2875; x_wconf 90' lang='lat' dir='ltr'><strong>ab</strong></span> <span class='ocrx_word' id='word_1_357' title='bbox 1156 2821 1337 2890; x_wconf 86' lang='lat' dir='ltr'><strong>aliquo</strong></span> <span class='ocrx_word' id='word_1_358' title='bbox 1378 2828 1520 2888; x_wconf 74' lang='lat' dir='ltr'><strong>Quod</strong></span> <span class='ocrx_word' id='word_1_359' title='bbox 1558 2821 1660 2882; x_wconf 85' lang='lat' dir='ltr'><strong>sit,</strong></span> <span class='ocrx_word' id='word_1_360' title='bbox 1697 2819 1928 2887; x_wconf 88' lang='lat' dir='ltr'><strong>accipiat</strong></span> <span class='ocrx_word' id='word_1_361' title='bbox 1980 2834 2124 2873; x_wconf 87' lang='lat' dir='ltr'><strong>esse.</strong></span> <span class='ocrx_word' id='word_1_362' title='bbox 2156 2819 2234 2872; x_wconf 87' lang='lat' dir='ltr'><strong>lta</strong></span> <span class='ocrx_word' id='word_1_363' title='bbox 2279 2821 2337 2872; x_wconf 88' lang='lat' dir='ltr'><strong>tit</strong></span> 
     </span>
    </p>
   </div>
   <div class='ocr_carea' id='block_1_47' title="bbox 780 2910 2333 2984">
    <p class='ocr_par' dir='ltr' id='par_1_47' title="bbox 780 2910 2333 2984">
     <span class='ocr_line' id='line_1_47' title="bbox 780 2910 2333 2984; baseline -0.003 -17"><span class='ocrx_word' id='word_1_364' title='bbox 780 2925 839 2967; x_wconf 90' lang='lat' dir='ltr'><strong>ut</strong></span> <span class='ocrx_word' id='word_1_365' title='bbox 873 2916 1105 2984; x_wconf 91' lang='lat' dir='ltr'><strong>primum</strong></span> <span class='ocrx_word' id='word_1_366' title='bbox 1155 2912 1292 2966; x_wconf 88' lang='lat' dir='ltr'><strong>illud</strong></span> <span class='ocrx_word' id='word_1_367' title='bbox 1346 2911 1488 2981; x_wconf 90' lang='lat' dir='ltr'><strong>quod</strong></span> <span class='ocrx_word' id='word_1_368' title='bbox 1535 2912 1700 2966; x_wconf 88' lang='lat' dir='ltr'><strong>rebus</strong></span> <span class='ocrx_word' id='word_1_369' title='bbox 1724 2910 1848 2963; x_wconf 90' lang='lat' dir='ltr'><strong>aliis</strong></span> <span class='ocrx_word' id='word_1_370' title='bbox 1877 2919 1934 2964; x_wconf 93' lang='lat' dir='ltr'><strong>ut</strong></span> <span class='ocrx_word' id='word_1_371' title='bbox 1970 2911 2082 2963; x_wconf 88' lang='lat' dir='ltr'><strong>siut</strong></span> <span class='ocrx_word' id='word_1_372' title='bbox 2110 2911 2333 2975; x_wconf 89' lang='lat' dir='ltr'><strong>tribuit,</strong></span> 
     </span>
    </p>
   </div>
   <div class='ocr_carea' id='block_1_48' title="bbox 781 3000 2334 3074">
    <p class='ocr_par' dir='ltr' id='par_1_48' title="bbox 781 3000 2334 3074">
     <span class='ocr_line' id='line_1_48' title="bbox 781 3000 2334 3074; baseline -0.003 -16"><span class='ocrx_word' id='word_1_373' title='bbox 781 3017 944 3074; x_wconf 86' lang='lat' dir='ltr'><strong>atque</strong></span> <span class='ocrx_word' id='word_1_374' title='bbox 973 3020 1000 3058; x_wconf 89' lang='lat' dir='ltr'><strong>a</strong></span> <span class='ocrx_word' id='word_1_375' title='bbox 1025 3006 1210 3072; x_wconf 85' lang='lat' dir='ltr'><strong>seipso</strong></span> <span class='ocrx_word' id='word_1_376' title='bbox 1237 3004 1397 3057; x_wconf 88' lang='lat' dir='ltr'><strong>habet</strong></span> <span class='ocrx_word' id='word_1_377' title='bbox 1438 3012 1494 3054; x_wconf 90' lang='lat' dir='ltr'><strong>ut</strong></span> <span class='ocrx_word' id='word_1_378' title='bbox 1524 3003 1622 3064; x_wconf 88' lang='lat' dir='ltr'><strong>sit,</strong></span> <span class='ocrx_word' id='word_1_379' title='bbox 1657 3002 1837 3057; x_wconf 90' lang='lat' dir='ltr'><strong>omnis</strong></span> <span class='ocrx_word' id='word_1_380' title='bbox 1860 3017 2058 3070; x_wconf 79' lang='lat' dir='ltr'><strong>expers</strong></span> <span class='ocrx_word' id='word_1_381' title='bbox 2088 3003 2157 3056; x_wconf 91' lang='lat' dir='ltr'><strong>sit</strong></span> <span class='ocrx_word' id='word_1_382' title='bbox 2186 3000 2334 3071; x_wconf 90' lang='lat' dir='ltr'><strong>prin-</strong></span> 
     </span>
    </p>
   </div>
   <div class='ocr_carea' id='block_1_49' title="bbox 783 3096 932 3164">
    <p class='ocr_par' dir='ltr' id='par_1_49' title="bbox 783 3096 932 3164">
     <span class='ocr_line' id='line_1_49' title="bbox 783 3096 932 3164; baseline -0.013 -14"><span class='ocrx_word' id='word_1_383' title='bbox 783 3096 932 3164; x_wconf 90' lang='lat' dir='ltr'><strong>cipii.</strong></span> 
     </span>
    </p>
   </div>
   <div class='ocr_carea' id='block_1_50' title="bbox 854 3182 2340 3253">
    <p class='ocr_par' dir='ltr' id='par_1_50' title="bbox 854 3182 2340 3253">
     <span class='ocr_line' id='line_1_50' title="bbox 854 3182 2340 3253; baseline -0.004 -13"><span class='ocrx_word' id='word_1_384' title='bbox 854 3186 941 3240; x_wconf 85' lang='lat' dir='ltr'><strong>l9.</strong></span> <span class='ocrx_word' id='word_1_385' title='bbox 976 3185 1136 3239; x_wconf 78' lang='lat' dir='ltr'><strong>MAN.</strong></span> <span class='ocrx_word' id='word_1_386' title='bbox 1161 3183 1337 3238; x_wconf 87' lang='lat' dir='ltr'><strong>Eccur</strong></span> <span class='ocrx_word' id='word_1_387' title='bbox 1367 3184 1695 3253; x_wconf 92' lang='lat' dir='ltr'><strong>principium</strong></span> <span class='ocrx_word' id='word_1_388' title='bbox 1721 3199 1888 3239; x_wconf 92' lang='lat' dir='ltr'><strong>unum</strong></span> <span class='ocrx_word' id='word_1_389' title='bbox 1914 3185 2040 3246; x_wconf 85' lang='lat' dir='ltr'><strong>erit,</strong></span> <span class='ocrx_word' id='word_1_390' title='bbox 2071 3198 2176 3235; x_wconf 88' lang='lat' dir='ltr'><strong>non</strong></span> <span class='ocrx_word' id='word_1_391' title='bbox 2192 3182 2340 3235; x_wconf 85' lang='lat' dir='ltr'><strong>duo?</strong></span> 
     </span>
    </p>
   </div>
   <div class='ocr_carea' id='block_1_51' title="bbox 783 3271 2340 3340">
    <p class='ocr_par' dir='ltr' id='par_1_51' title="bbox 783 3271 2340 3340">
     <span class='ocr_line' id='line_1_51' title="bbox 783 3271 2340 3340; baseline -0.004 -11"><span class='ocrx_word' id='word_1_392' title='bbox 783 3273 988 3329; x_wconf 78' lang='lat' dir='ltr'><strong>ORTH.</strong></span> <span class='ocrx_word' id='word_1_393' title='bbox 1023 3275 1290 3340; x_wconf 85' lang='lat' dir='ltr'><strong>Quoniam</strong></span> <span class='ocrx_word' id='word_1_394' title='bbox 1322 3272 1568 3326; x_wconf 89' lang='lat' dir='ltr'><strong>hinarius</strong></span> <span class='ocrx_word' id='word_1_395' title='bbox 1596 3274 1664 3326; x_wconf 86' lang='lat' dir='ltr'><strong>ab</strong></span> <span class='ocrx_word' id='word_1_396' title='bbox 1695 3273 1901 3326; x_wconf 90' lang='lat' dir='ltr'><strong>unitate</strong></span> <span class='ocrx_word' id='word_1_397' title='bbox 1930 3282 2184 3340; x_wconf 76' lang='lat' dir='ltr'><strong>tanquam</strong></span> <span class='ocrx_word' id='word_1_398' title='bbox 2217 3271 2340 3323; x_wconf 93' lang='lat' dir='ltr'><strong>uni-</strong></span> 
     </span>
    </p>
   </div>
   <div class='ocr_carea' id='block_1_52' title="bbox 784 3362 2337 3435">
    <p class='ocr_par' dir='ltr' id='par_1_52' title="bbox 784 3362 2337 3435">
     <span class='ocr_line' id='line_1_52' title="bbox 784 3362 2337 3435; baseline -0.005 -17"><span class='ocrx_word' id='word_1_399' title='bbox 784 3366 916 3419; x_wconf 85' lang='lat' dir='ltr'><strong>tatis</strong></span> <span class='ocrx_word' id='word_1_400' title='bbox 947 3366 1091 3419; x_wconf 82' lang='lat' dir='ltr'><strong>fetus</strong></span> <span class='ocrx_word' id='word_1_401' title='bbox 1115 3363 1486 3435; x_wconf 87' lang='lat' dir='ltr'><strong>progreditur,</strong></span> <span class='ocrx_word' id='word_1_402' title='bbox 1525 3373 1578 3416; x_wconf 89' lang='lat' dir='ltr'><strong>et</strong></span> <span class='ocrx_word' id='word_1_403' title='bbox 1618 3362 1815 3416; x_wconf 89' lang='lat' dir='ltr'><strong>binarii</strong></span> <span class='ocrx_word' id='word_1_404' title='bbox 1850 3362 2005 3430; x_wconf 80' lang='lat' dir='ltr'><strong>origo</strong></span> <span class='ocrx_word' id='word_1_405' title='bbox 2026 3363 2209 3413; x_wconf 87' lang='lat' dir='ltr'><strong>unitas</strong></span> <span class='ocrx_word' id='word_1_406' title='bbox 2234 3367 2337 3423; x_wconf 91' lang='lat' dir='ltr'><strong>est,</strong></span> 
     </span>
    </p>
   </div>
   <div class='ocr_carea' id='block_1_53' title="bbox 785 3447 2340 3522">
    <p class='ocr_par' dir='ltr' id='par_1_53' title="bbox 785 3447 2340 3522">
     <span class='ocr_line' id='line_1_53' title="bbox 785 3447 2340 3522; baseline -0.002 -17"><span class='ocrx_word' id='word_1_407' title='bbox 785 3469 848 3507; x_wconf 90' lang='lat' dir='ltr'><strong>ac</strong></span> <span class='ocrx_word' id='word_1_408' title='bbox 897 3455 1169 3508; x_wconf 92' lang='lat' dir='ltr'><strong>binarium</strong></span> <span class='ocrx_word' id='word_1_409' title='bbox 1219 3467 1448 3522; x_wconf 88' lang='lat' dir='ltr'><strong>prorsus</strong></span> <span class='ocrx_word' id='word_1_410' title='bbox 1513 3450 1785 3504; x_wconf 89' lang='lat' dir='ltr'><strong>antecedit</strong></span> <span class='ocrx_word' id='word_1_411' title='bbox 1838 3450 2039 3504; x_wconf 83' lang='lat' dir='ltr'><strong>unitas.</strong></span> <span class='ocrx_word' id='word_1_412' title='bbox 2098 3447 2161 3502; x_wconf 88' lang='lat' dir='ltr'><strong>Et</strong></span> <span class='ocrx_word' id='word_1_413' title='bbox 2209 3450 2340 3517; x_wconf 90' lang='lat' dir='ltr'><strong>quia</strong></span> 
     </span>
    </p>
   </div>
   <div class='ocr_carea' id='block_1_54' title="bbox 788 3541 2343 3612">
    <p class='ocr_par' dir='ltr' id='par_1_54' title="bbox 788 3541 2343 3612">
     <span class='ocr_line' id='line_1_54' title="bbox 788 3541 2343 3612; baseline -0.003 -14"><span class='ocrx_word' id='word_1_414' title='bbox 788 3561 953 3599; x_wconf 91' lang='lat' dir='ltr'><strong>unum</strong></span> <span class='ocrx_word' id='word_1_415' title='bbox 986 3545 1061 3598; x_wconf 91' lang='lat' dir='ltr'><strong>rei</strong></span> <span class='ocrx_word' id='word_1_416' title='bbox 1109 3543 1353 3612; x_wconf 83' lang='lat' dir='ltr'><strong>cujusvis</strong></span> <span class='ocrx_word' id='word_1_417' title='bbox 1401 3550 1484 3596; x_wconf 90' lang='lat' dir='ltr'><strong>est</strong></span> <span class='ocrx_word' id='word_1_418' title='bbox 1518 3541 1844 3610; x_wconf 91' lang='lat' dir='ltr'><strong>principium</strong></span> <span class='ocrx_word' id='word_1_419' title='bbox 1870 3583 1882 3605; x_wconf 89' lang='lat'><strong>,</strong></span> <span class='ocrx_word' id='word_1_420' title='bbox 1917 3556 2085 3592; x_wconf 88' lang='lat' dir='ltr'><strong>unum</strong></span> <span class='ocrx_word' id='word_1_421' title='bbox 2127 3555 2343 3609; x_wconf 83' lang='lat' dir='ltr'><strong>quoque</strong></span> 
     </span>
    </p>
   </div>
   <div class='ocr_carea' id='block_1_55' title="bbox 789 3628 2342 3700">
    <p class='ocr_par' dir='ltr' id='par_1_55' title="bbox 789 3628 2342 3700">
     <span class='ocr_line' id='line_1_55' title="bbox 789 3628 2342 3700; baseline -0.005 -11"><span class='ocrx_word' id='word_1_422' title='bbox 789 3636 957 3689; x_wconf 91' lang='lat' dir='ltr'><strong>totius</strong></span> <span class='ocrx_word' id='word_1_423' title='bbox 983 3633 1360 3688; x_wconf 86' lang='lat' dir='ltr'><strong>universitatis</strong></span> <span class='ocrx_word' id='word_1_424' title='bbox 1398 3631 1725 3700; x_wconf 88' lang='lat' dir='ltr'><strong>principium</strong></span> <span class='ocrx_word' id='word_1_425' title='bbox 1774 3631 1896 3683; x_wconf 87' lang='lat' dir='ltr'><strong>erit.</strong></span> <span class='ocrx_word' id='word_1_426' title='bbox 1924 3628 2056 3691; x_wconf 85' lang='lat' dir='ltr'><strong>Nam</strong></span> <span class='ocrx_word' id='word_1_427' title='bbox 2082 3645 2201 3697; x_wconf 62' lang='lat' dir='ltr'><strong>quas,</strong></span> <span class='ocrx_word' id='word_1_428' title='bbox 2248 3645 2342 3698; x_wconf 92' lang='lat' dir='ltr'><strong>pro</strong></span> 
     </span>
    </p>
   </div>
   <div class='ocr_carea' id='block_1_56' title="bbox 789 3719 2341 3796">
    <p class='ocr_par' dir='ltr' id='par_1_56' title="bbox 789 3719 2341 3796">
     <span class='ocr_line' id='line_1_56' title="bbox 789 3719 2341 3796; baseline -0.006 -15"><span class='ocrx_word' id='word_1_429' title='bbox 789 3725 1018 3796; x_wconf 80' lang='lat' dir='ltr'><strong>singulis</strong></span> <span class='ocrx_word' id='word_1_430' title='bbox 1052 3723 1360 3793; x_wconf 90' lang='lat' dir='ltr'><strong>quibusque</strong></span> <span class='ocrx_word' id='word_1_431' title='bbox 1389 3721 1558 3775; x_wconf 87' lang='lat' dir='ltr'><strong>rebus</strong></span> <span class='ocrx_word' id='word_1_432' title='bbox 1595 3722 1736 3774; x_wconf 91' lang='lat' dir='ltr'><strong>ratio</strong></span> <span class='ocrx_word' id='word_1_433' title='bbox 1765 3719 2039 3784; x_wconf 91' lang='lat' dir='ltr'><strong>redditur,</strong></span> <span class='ocrx_word' id='word_1_434' title='bbox 2068 3719 2198 3772; x_wconf 91' lang='lat' dir='ltr'><strong>nihil</strong></span> <span class='ocrx_word' id='word_1_435' title='bbox 2226 3729 2341 3782; x_wconf 90' lang='lat' dir='ltr'><strong>est,</strong></span> 
     </span>
    </p>
   </div>
   <div class='ocr_carea' id='block_1_57' title="bbox 787 3812 1758 3886">
    <p class='ocr_par' dir='ltr' id='par_1_57' title="bbox 787 3812 1758 3886">
     <span class='ocr_line' id='line_1_57' title="bbox 787 3812 1758 3886; baseline -0.006 -16"><span class='ocrx_word' id='word_1_436' title='bbox 787 3833 885 3870; x_wconf 86' lang='lat' dir='ltr'><strong>cur</strong></span> <span class='ocrx_word' id='word_1_437' title='bbox 917 3831 1015 3886; x_wconf 88' lang='lat' dir='ltr'><strong>pro</strong></span> <span class='ocrx_word' id='word_1_438' title='bbox 1045 3814 1319 3869; x_wconf 86' lang='lat' dir='ltr'><strong>universis</strong></span> <span class='ocrx_word' id='word_1_439' title='bbox 1344 3828 1449 3867; x_wconf 94' lang='lat' dir='ltr'><strong>non</strong></span> <span class='ocrx_word' id='word_1_440' title='bbox 1480 3812 1758 3867; x_wconf 78' lang='lat' dir='ltr'><strong>reddatur.</strong></span> 
     </span>
    </p>
   </div>
   <div class='ocr_carea' id='block_1_58' title="bbox 856 3903 2342 3971">
    <p class='ocr_par' dir='ltr' id='par_1_58' title="bbox 856 3903 2342 3971">
     <span class='ocr_line' id='line_1_58' title="bbox 856 3903 2342 3971; baseline -0.003 -13"><span class='ocrx_word' id='word_1_441' title='bbox 856 3908 946 3960; x_wconf 73' lang='lat'><strong>20.</strong></span> <span class='ocrx_word' id='word_1_442' title='bbox 999 3906 1078 3959; x_wconf 79' lang='lat' dir='ltr'><strong>Ad</strong></span> <span class='ocrx_word' id='word_1_443' title='bbox 1116 3905 1256 3965; x_wconf 68' lang='lat' dir='ltr'><strong>haec,</strong></span> <span class='ocrx_word' id='word_1_444' title='bbox 1306 3905 1353 3959; x_wconf 91' lang='lat' dir='ltr'><strong>si</strong></span> <span class='ocrx_word' id='word_1_445' title='bbox 1404 3905 1512 3957; x_wconf 93' lang='lat' dir='ltr'><strong>duo</strong></span> <span class='ocrx_word' id='word_1_446' title='bbox 1551 3903 1813 3971; x_wconf 87' lang='lat' dir='ltr'><strong>principia</strong></span> <span class='ocrx_word' id='word_1_447' title='bbox 1844 3911 2001 3966; x_wconf 84' lang='lat' dir='ltr'><strong>sunt,</strong></span> <span class='ocrx_word' id='word_1_448' title='bbox 2050 3903 2342 3954; x_wconf 91' lang='lat' dir='ltr'><strong>multorum</strong></span> 
     </span>
    </p>
   </div>
   <div class='ocr_carea' id='block_1_59' title="bbox 788 3993 2347 4067">
    <p class='ocr_par' dir='ltr' id='par_1_59' title="bbox 788 3993 2347 4067">
     <span class='ocr_line' id='line_1_59' title="bbox 788 3993 2347 4067; baseline -0.007 -13"><span class='ocrx_word' id='word_1_449' title='bbox 788 4007 872 4054; x_wconf 89' lang='lat' dir='ltr'><strong>est</strong></span> <span class='ocrx_word' id='word_1_450' title='bbox 898 3998 1260 4067; x_wconf 84' lang='lat' dir='ltr'><strong>principatus.</strong></span> <span class='ocrx_word' id='word_1_451' title='bbox 1295 3996 1350 4048; x_wconf 85' lang='lat' dir='ltr'><strong>Si</strong></span> <span class='ocrx_word' id='word_1_452' title='bbox 1387 3995 1555 4048; x_wconf 88' lang='lat' dir='ltr'><strong>multa</strong></span> <span class='ocrx_word' id='word_1_453' title='bbox 1598 3994 1963 4064; x_wconf 88' lang='lat' dir='ltr'><strong>principatum</strong></span> <span class='ocrx_word' id='word_1_454' title='bbox 1988 3993 2210 4056; x_wconf 86' lang='lat' dir='ltr'><strong>habent,</strong></span> <span class='ocrx_word' id='word_1_455' title='bbox 2263 3999 2347 4045; x_wconf 86' lang='lat' dir='ltr'><strong>est</strong></span> 
     </span>
    </p>
   </div>
   <div class='ocr_carea' id='block_1_60' title="bbox 791 4083 2348 4156">
    <p class='ocr_par' dir='ltr' id='par_1_60' title="bbox 791 4083 2348 4156">
     <span class='ocr_line' id='line_1_60' title="bbox 791 4083 2348 4156; baseline -0.006 -14"><span class='ocrx_word' id='word_1_456' title='bbox 791 4088 1004 4142; x_wconf 91' lang='lat' dir='ltr'><strong>seditio.</strong></span> <span class='ocrx_word' id='word_1_457' title='bbox 1032 4085 1194 4156; x_wconf 66' lang='grc'><strong>438</strong></span> <span class='ocrx_word' id='word_1_458' title='bbox 1224 4085 1281 4138; x_wconf 88' lang='lat' dir='ltr'><strong>Si</strong></span> <span class='ocrx_word' id='word_1_459' title='bbox 1307 4083 1501 4140; x_wconf 81' lang='lat' dir='ltr'><strong>seditio</strong></span> <span class='ocrx_word' id='word_1_460' title='bbox 1532 4099 1710 4137; x_wconf 89' lang='lat' dir='ltr'><strong>rerum</strong></span> <span class='ocrx_word' id='word_1_461' title='bbox 1737 4083 2058 4152; x_wconf 89' lang='lat' dir='ltr'><strong>principium</strong></span> <span class='ocrx_word' id='word_1_462' title='bbox 2088 4091 2201 4144; x_wconf 82' lang='lat' dir='ltr'><strong>est,</strong></span> <span class='ocrx_word' id='word_1_463' title='bbox 2233 4097 2348 4134; x_wconf 82' lang='lat' dir='ltr'><strong>ma-</strong></span> 
     </span>
    </p>
   </div>
   <div class='ocr_carea' id='block_1_61' title="bbox 793 4172 2350 4245">
    <p class='ocr_par' dir='ltr' id='par_1_61' title="bbox 793 4172 2350 4245">
     <span class='ocr_line' id='line_1_61' title="bbox 793 4172 2350 4245; baseline -0.006 -15"><span class='ocrx_word' id='word_1_464' title='bbox 793 4181 902 4232; x_wconf 92' lang='lat' dir='ltr'><strong>lum</strong></span> <span class='ocrx_word' id='word_1_465' title='bbox 935 4178 1161 4231; x_wconf 84' lang='lat' dir='ltr'><strong>exsistit.</strong></span> <span class='ocrx_word' id='word_1_466' title='bbox 1189 4176 1519 4245; x_wconf 89' lang='lat' dir='ltr'><strong>principium</strong></span> <span class='ocrx_word' id='word_1_467' title='bbox 1560 4189 1766 4228; x_wconf 88' lang='lat' dir='ltr'><strong>rerum.</strong></span> <span class='ocrx_word' id='word_1_468' title='bbox 1823 4172 2031 4227; x_wconf 89' lang='lat' dir='ltr'><strong>Seditio</strong></span> <span class='ocrx_word' id='word_1_469' title='bbox 2053 4174 2195 4225; x_wconf 90' lang='lat' dir='ltr'><strong>enim</strong></span> <span class='ocrx_word' id='word_1_470' title='bbox 2244 4185 2350 4223; x_wconf 91' lang='lat' dir='ltr'><strong>ma-</strong></span> 
     </span>
    </p>
   </div>
   <div class='ocr_carea' id='block_1_62' title="bbox 793 4257 2349 4320">
    <p class='ocr_par' dir='ltr' id='par_1_62' title="bbox 793 4257 2349 4320">
     <span class='ocr_line' id='line_1_62' title="bbox 793 4257 2349 4320; baseline -0.005 -4"><span class='ocrx_word' id='word_1_471' title='bbox 793 4266 902 4316; x_wconf 91' lang='lat' dir='ltr'><strong>lum</strong></span> <span class='ocrx_word' id='word_1_472' title='bbox 935 4272 1037 4318; x_wconf 87' lang='lat' dir='ltr'><strong>est.</strong></span> <span class='ocrx_word' id='word_1_473' title='bbox 1066 4261 1183 4316; x_wconf 79' lang='lat' dir='ltr'><strong>Jam</strong></span> <span class='ocrx_word' id='word_1_474' title='bbox 1214 4275 1342 4315; x_wconf 88' lang='lat' dir='ltr'><strong>vero</strong></span> <span class='ocrx_word' id='word_1_475' title='bbox 1369 4267 1797 4315; x_wconf 87' lang='lat' dir='ltr'><strong>consentaneum</strong></span> <span class='ocrx_word' id='word_1_476' title='bbox 1835 4267 1940 4320; x_wconf 89' lang='lat' dir='ltr'><strong>est,</strong></span> <span class='ocrx_word' id='word_1_477' title='bbox 1967 4257 2138 4310; x_wconf 87' lang='lat' dir='ltr'><strong>Deum</strong></span> <span class='ocrx_word' id='word_1_478' title='bbox 2175 4257 2349 4309; x_wconf 90' lang='lat' dir='ltr'><strong>omni-</strong></span> 
     </span>
    </p>
   </div>
   <div class='ocr_carea' id='block_1_63' title="bbox 794 4348 2346 4422">
    <p class='ocr_par' dir='ltr' id='par_1_63' title="bbox 794 4348 2346 4422">
     <span class='ocr_line' id='line_1_63' title="bbox 794 4348 2346 4422; baseline -0.005 -14"><span class='ocrx_word' id='word_1_479' title='bbox 794 4357 893 4408; x_wconf 91' lang='lat' dir='ltr'><strong>bus</strong></span> <span class='ocrx_word' id='word_1_480' title='bbox 931 4369 1050 4422; x_wconf 69' lang='lat' dir='ltr'><strong>qute</strong></span> <span class='ocrx_word' id='word_1_481' title='bbox 1076 4354 1361 4416; x_wconf 87' lang='lat' dir='ltr'><strong>dicuntur,</strong></span> <span class='ocrx_word' id='word_1_482' title='bbox 1397 4361 1489 4403; x_wconf 89' lang='lat' dir='ltr'><strong>aut</strong></span> <span class='ocrx_word' id='word_1_483' title='bbox 1526 4351 1857 4419; x_wconf 83' lang='lat' dir='ltr'><strong>cogitantur,</strong></span> <span class='ocrx_word' id='word_1_484' title='bbox 1892 4348 2153 4415; x_wconf 90' lang='lat' dir='ltr'><strong>majorem</strong></span> <span class='ocrx_word' id='word_1_485' title='bbox 2205 4363 2346 4410; x_wconf 87' lang='lat' dir='ltr'><strong>esse,</strong></span> 
     </span>
    </p>
   </div>
   <div class='ocr_carea' id='block_1_64' title="bbox 2438 1924 4002 1995">
    <p class='ocr_par' dir='ltr' id='par_1_64' title="bbox 2438 1924 4002 1995">
     <span class='ocr_line' id='line_1_64' title="bbox 2438 1924 4002 1995; baseline 0 -21"><span class='ocrx_word' id='word_1_486' title='bbox 2438 1943 2515 1994; x_wconf 86' lang='grc' dir='ltr'><strong>ρῳ</strong></span> <span class='ocrx_word' id='word_1_487' title='bbox 2560 1926 2700 1995; x_wconf 82' lang='grc' dir='ltr'><strong>ἔχειν</strong></span> <span class='ocrx_word' id='word_1_488' title='bbox 2729 1929 2789 1980; x_wconf 83' lang='grc' dir='ltr'><strong>τὸ</strong></span> <span class='ocrx_word' id='word_1_489' title='bbox 2817 1924 2971 1983; x_wconf 76' lang='grc' dir='ltr'><strong>εἶναι.</strong></span> <span class='ocrx_word' id='word_1_490' title='bbox 3011 1929 3166 1982; x_wconf 80' lang='grc' dir='ltr'><strong>Οὕτω</strong></span> <span class='ocrx_word' id='word_1_491' title='bbox 3193 1933 3368 1982; x_wconf 81' lang='grc' dir='ltr'><strong>τοίνυν</strong></span> <span class='ocrx_word' id='word_1_492' title='bbox 3401 1932 3491 1982; x_wconf 73' lang='grc' dir='ltr'><strong>καὶ</strong></span> <span class='ocrx_word' id='word_1_493' title='bbox 3534 1933 3580 1980; x_wconf 77' lang='grc' dir='ltr'>εἰ</span> <span class='ocrx_word' id='word_1_494' title='bbox 3627 1931 3870 1980; x_wconf 80' lang='grc' dir='ltr'><strong>ἕκαστον</strong></span> <span class='ocrx_word' id='word_1_495' title='bbox 3903 1926 4002 1976; x_wconf 70' lang='grc' dir='ltr'><strong>τῶν</strong></span> 
     </span>
    </p>
   </div>
   <div class='ocr_carea' id='block_1_65' title="bbox 2435 2017 4003 2092">
    <p class='ocr_par' dir='ltr' id='par_1_65' title="bbox 2435 2017 4003 2092">
     <span class='ocr_line' id='line_1_65' title="bbox 2435 2017 4003 2092; baseline 0 -25"><span class='ocrx_word' id='word_1_496' title='bbox 2435 2017 2602 2070; x_wconf 78' lang='grc' dir='ltr'><strong>ὄντων</strong></span> <span class='ocrx_word' id='word_1_497' title='bbox 2633 2020 2696 2070; x_wconf 82' lang='grc' dir='ltr'><strong>ἑκ</strong></span> <span class='ocrx_word' id='word_1_498' title='bbox 2738 2023 2865 2088; x_wconf 75' lang='grc' dir='ltr'><strong>μιᾶς</strong></span> <span class='ocrx_word' id='word_1_499' title='bbox 2893 2023 3064 2091; x_wconf 79' lang='grc' dir='ltr'><strong>ἀρχῆς</strong></span> <span class='ocrx_word' id='word_1_500' title='bbox 3097 2024 3413 2092; x_wconf 78' lang='grc' dir='ltr'><strong>συνέστηκε,</strong></span> <span class='ocrx_word' id='word_1_501' title='bbox 3439 2023 3530 2074; x_wconf 71' lang='grc' dir='ltr'><strong>καὶ</strong></span> <span class='ocrx_word' id='word_1_502' title='bbox 3562 2022 3740 2072; x_wconf 80' lang='grc' dir='ltr'><strong>πάντα</strong></span> <span class='ocrx_word' id='word_1_503' title='bbox 3771 2021 3848 2069; x_wconf 72' lang='grc' dir='ltr'><strong>τὰ</strong></span> <span class='ocrx_word' id='word_1_504' title='bbox 3881 2019 4003 2068; x_wconf 69' lang='grc' dir='ltr'><strong>ὄντα</strong></span> 
     </span>
    </p>
   </div>
   <div class='ocr_carea' id='block_1_66' title="bbox 2436 2101 4003 2181">
    <p class='ocr_par' dir='ltr' id='par_1_66' title="bbox 2436 2101 4003 2181">
     <span class='ocr_line' id='line_1_66' title="bbox 2436 2101 4003 2181; baseline -0.01 -8"><span class='ocrx_word' id='word_1_505' title='bbox 2436 2110 2498 2159; x_wconf 69' lang='grc' dir='ltr'><strong>ὲκ</strong></span> <span class='ocrx_word' id='word_1_506' title='bbox 2527 2109 2652 2177; x_wconf 79' lang='grc' dir='ltr'><strong>μιᾶς</strong></span> <span class='ocrx_word' id='word_1_507' title='bbox 2682 2110 2856 2179; x_wconf 82' lang='grc' dir='ltr'><strong>ἀρχῆς</strong></span> <span class='ocrx_word' id='word_1_508' title='bbox 2903 2101 3218 2181; x_wconf 81' lang='grc' dir='ltr'><strong>συνέστηκε,</strong></span> <span class='ocrx_word' id='word_1_509' title='bbox 3249 2117 3340 2168; x_wconf 75' lang='grc' dir='ltr'><strong>καὶ</strong></span> <span class='ocrx_word' id='word_1_510' title='bbox 3363 2113 3461 2164; x_wconf 89' lang='grc' dir='ltr'><strong>οὑκ</strong></span> <span class='ocrx_word' id='word_1_511' title='bbox 3492 2114 3556 2163; x_wconf 86' lang='grc' dir='ltr'><strong>ὲκ</strong></span> <span class='ocrx_word' id='word_1_512' title='bbox 3605 2111 3702 2161; x_wconf 79' lang='grc' dir='ltr'><strong>δύο</strong></span> <span class='ocrx_word' id='word_1_513' title='bbox 3722 2127 3733 2138; x_wconf 89' lang='grc'>·</span> <span class='ocrx_word' id='word_1_514' title='bbox 3771 2110 3870 2159; x_wconf 73' lang='grc' dir='ltr'><strong>καὶ</strong></span> <span class='ocrx_word' id='word_1_515' title='bbox 3911 2108 4003 2159; x_wconf 76' lang='grc' dir='ltr'><strong>οὐκ</strong></span> 
     </span>
    </p>
   </div>
   <div class='ocr_carea' id='block_1_67' title="bbox 2435 2197 3296 2273">
    <p class='ocr_par' dir='ltr' id='par_1_67' title="bbox 2435 2197 3296 2273">
     <span class='ocr_line' id='line_1_67' title="bbox 2435 2197 3296 2273; baseline 0.01 -25"><span class='ocrx_word' id='word_1_516' title='bbox 2435 2197 2646 2251; x_wconf 75' lang='grc' dir='ltr'><strong>ἔσονται</strong></span> <span class='ocrx_word' id='word_1_517' title='bbox 2679 2200 2773 2252; x_wconf 86' lang='grc' dir='ltr'><strong>δύο</strong></span> <span class='ocrx_word' id='word_1_518' title='bbox 2802 2202 2986 2270; x_wconf 75' lang='grc' dir='ltr'><strong>ἀρχαὶ,</strong></span> <span class='ocrx_word' id='word_1_519' title='bbox 3017 2204 3151 2256; x_wconf 80' lang='grc' dir='ltr'>ἀλλὰ</span> <span class='ocrx_word' id='word_1_520' title='bbox 3180 2204 3296 2273; x_wconf 80' lang='grc' dir='ltr'><strong>μία.</strong></span> 
     </span>
    </p>
   </div>
   <div class='ocr_carea' id='block_1_68' title="bbox 3815 2288 4005 2354">
    <p class='ocr_par' dir='ltr' id='par_1_68' title="bbox 3815 2288 4005 2354">
     <span class='ocr_line' id='line_1_68' title="bbox 3815 2288 4005 2354; baseline -0.016 -14"><span class='ocrx_word' id='word_1_521' title='bbox 3815 2288 4005 2354; x_wconf 72' lang='lat' dir='ltr'><strong>sicque</strong></span> 
     </span>
    </p>
   </div>
   <div class='ocr_carea' id='block_1_69' title="bbox 2511 2460 4004 2534">
    <p class='ocr_par' dir='ltr' id='par_1_69' title="bbox 2511 2460 4004 2534">
     <span class='ocr_line' id='line_1_69' title="bbox 2511 2460 4004 2534; baseline -0.002 -18"><span class='ocrx_word' id='word_1_522' title='bbox 2511 2471 2598 2533; x_wconf 80' lang='grc' dir='ltr'><strong>ιη’.</strong></span> <span class='ocrx_word' id='word_1_523' title='bbox 2638 2467 2804 2519; x_wconf 77' lang='lat' dir='ltr'><strong>MAN.</strong></span> <span class='ocrx_word' id='word_1_524' title='bbox 2829 2468 2925 2520; x_wconf 84' lang='grc' dir='ltr'><strong>Διὰ</strong></span> <span class='ocrx_word' id='word_1_525' title='bbox 2957 2468 3009 2518; x_wconf 81' lang='grc' dir='ltr'><strong>τί</strong></span> <span class='ocrx_word' id='word_1_526' title='bbox 3043 2469 3275 2534; x_wconf 79' lang='grc' dir='ltr'><strong>ἄναρχος</strong></span> <span class='ocrx_word' id='word_1_527' title='bbox 3312 2468 3339 2518; x_wconf 82' lang='grc' dir='ltr'><strong>ὁ</strong></span> <span class='ocrx_word' id='word_1_528' title='bbox 3369 2465 3534 2526; x_wconf 85' lang='grc' dir='ltr'><strong>Θεὸς;</strong></span> <span class='ocrx_word' id='word_1_529' title='bbox 3563 2460 3720 2515; x_wconf 84' lang='grc' dir='ltr'><strong>ΟΡΘ.</strong></span> <span class='ocrx_word' id='word_1_530' title='bbox 3777 2461 3909 2511; x_wconf 82' lang='grc' dir='ltr'><strong>Ὀτι</strong></span> <span class='ocrx_word' id='word_1_531' title='bbox 3950 2464 4004 2513; x_wconf 77' lang='grc' dir='ltr'><strong>τὸ</strong></span> 
     </span>
    </p>
   </div>
   <div class='ocr_carea' id='block_1_70' title="bbox 2443 2549 4005 2625">
    <p class='ocr_par' dir='ltr' id='par_1_70' title="bbox 2443 2549 4005 2625">
     <span class='ocr_line' id='line_1_70' title="bbox 2443 2549 4005 2625; baseline -0.003 -18"><span class='ocrx_word' id='word_1_532' title='bbox 2443 2557 2516 2625; x_wconf 80' lang='grc' dir='ltr'><strong>μὴ</strong></span> <span class='ocrx_word' id='word_1_533' title='bbox 2543 2555 2621 2621; x_wconf 81' lang='grc' dir='ltr'><strong>ὃν,</strong></span> <span class='ocrx_word' id='word_1_534' title='bbox 2654 2559 2752 2609; x_wconf 73' lang='grc' dir='ltr'><strong>οὐκ</strong></span> <span class='ocrx_word' id='word_1_535' title='bbox 2778 2559 2888 2625; x_wconf 78' lang='grc' dir='ltr'><strong>ἔχει</strong></span> <span class='ocrx_word' id='word_1_536' title='bbox 2912 2557 3006 2624; x_wconf 80' lang='grc' dir='ltr'><strong>ἀφ’</strong></span> <span class='ocrx_word' id='word_1_537' title='bbox 3039 2557 3231 2609; x_wconf 82' lang='grc' dir='ltr'><strong>ἑαυτοῦ</strong></span> <span class='ocrx_word' id='word_1_538' title='bbox 3260 2557 3318 2608; x_wconf 77' lang='grc' dir='ltr'><strong>τὸ</strong></span> <span class='ocrx_word' id='word_1_539' title='bbox 3342 2552 3480 2607; x_wconf 81' lang='grc' dir='ltr'><strong>εἶναι</strong></span> <span class='ocrx_word' id='word_1_540' title='bbox 3499 2572 3511 2584; x_wconf 90' lang='grc'><strong>·</strong></span> <span class='ocrx_word' id='word_1_541' title='bbox 3545 2555 3605 2606; x_wconf 81' lang='grc' dir='ltr'><strong>τὸ</strong></span> <span class='ocrx_word' id='word_1_542' title='bbox 3637 2549 3733 2606; x_wconf 76' lang='grc' dir='ltr'><strong>οὖν</strong></span> <span class='ocrx_word' id='word_1_543' title='bbox 3757 2554 3859 2619; x_wconf 75' lang='grc' dir='ltr'><strong>ἀφ’</strong></span> <span class='ocrx_word' id='word_1_544' title='bbox 3885 2555 4005 2603; x_wconf 83' lang='grc' dir='ltr'><strong>ἑαυ-</strong></span> 
     </span>
    </p>
   </div>
   <div class='ocr_carea' id='block_1_71' title="bbox 2439 2641 4005 2716">
    <p class='ocr_par' dir='ltr' id='par_1_71' title="bbox 2439 2641 4005 2716">
     <span class='ocr_line' id='line_1_71' title="bbox 2439 2641 4005 2716; baseline -0.004 -19"><span class='ocrx_word' id='word_1_545' title='bbox 2439 2645 2530 2698; x_wconf 86' lang='grc' dir='ltr'><strong>τοῦ</strong></span> <span class='ocrx_word' id='word_1_546' title='bbox 2569 2646 2642 2716; x_wconf 79' lang='grc' dir='ltr'><strong>μὴ</strong></span> <span class='ocrx_word' id='word_1_547' title='bbox 2674 2647 2809 2714; x_wconf 73' lang='grc' dir='ltr'><strong>ἔχων</strong></span> <span class='ocrx_word' id='word_1_548' title='bbox 2840 2647 2900 2698; x_wconf 74' lang='grc' dir='ltr'><strong>τὸ</strong></span> <span class='ocrx_word' id='word_1_549' title='bbox 2945 2641 3102 2709; x_wconf 74' lang='grc' dir='ltr'><strong>εἶναι,</strong></span> <span class='ocrx_word' id='word_1_550' title='bbox 3138 2646 3252 2708; x_wconf 79' lang='grc' dir='ltr'><strong>πῶς</strong></span> <span class='ocrx_word' id='word_1_551' title='bbox 3297 2646 3386 2712; x_wconf 82' lang='grc' dir='ltr'><strong>ἀφ’</strong></span> <span class='ocrx_word' id='word_1_552' title='bbox 3438 2643 3629 2695; x_wconf 77' lang='grc' dir='ltr'><strong>ἑαυτοῦ</strong></span> <span class='ocrx_word' id='word_1_553' title='bbox 3677 2644 3879 2705; x_wconf 78' lang='grc' dir='ltr'><strong>ἔσται;</strong></span> <span class='ocrx_word' id='word_1_554' title='bbox 3919 2642 4005 2692; x_wconf 81' lang='grc' dir='ltr'><strong>καὶ</strong></span> 
     </span>
    </p>
   </div>
   <div class='ocr_carea' id='block_1_72' title="bbox 2439 2727 4005 2805">
    <p class='ocr_par' dir='ltr' id='par_1_72' title="bbox 2439 2727 4005 2805">
     <span class='ocr_line' id='line_1_72' title="bbox 2439 2727 4005 2805; baseline -0.004 -17"><span class='ocrx_word' id='word_1_555' title='bbox 2439 2737 2543 2805; x_wconf 81' lang='grc' dir='ltr'><strong>χρὴ</strong></span> <span class='ocrx_word' id='word_1_556' title='bbox 2571 2732 2661 2788; x_wconf 75' lang='grc' dir='ltr'><strong>οὖν</strong></span> <span class='ocrx_word' id='word_1_557' title='bbox 2691 2737 2754 2788; x_wconf 81' lang='grc' dir='ltr'><strong>ἐκ</strong></span> <span class='ocrx_word' id='word_1_558' title='bbox 2785 2753 2928 2798; x_wconf 85' lang='grc' dir='ltr'><strong>τινος</strong></span> <span class='ocrx_word' id='word_1_559' title='bbox 2957 2737 3106 2796; x_wconf 79' lang='grc' dir='ltr'><strong>ὄντος</strong></span> <span class='ocrx_word' id='word_1_560' title='bbox 3133 2737 3195 2787; x_wconf 85' lang='grc' dir='ltr'><strong>τὸ</strong></span> <span class='ocrx_word' id='word_1_561' title='bbox 3235 2735 3308 2803; x_wconf 82' lang='grc' dir='ltr'><strong>μὴ</strong></span> <span class='ocrx_word' id='word_1_562' title='bbox 3335 2734 3393 2786; x_wconf 79' lang='grc' dir='ltr'><strong>δν</strong></span> <span class='ocrx_word' id='word_1_563' title='bbox 3432 2734 3492 2786; x_wconf 80' lang='grc' dir='ltr'><strong>τὸ</strong></span> <span class='ocrx_word' id='word_1_564' title='bbox 3522 2727 3661 2785; x_wconf 78' lang='grc' dir='ltr'><strong>εῖναι</strong></span> <span class='ocrx_word' id='word_1_565' title='bbox 3694 2731 3889 2783; x_wconf 70' lang='grc' dir='ltr'><strong>λαϐεῖν</strong></span> <span class='ocrx_word' id='word_1_566' title='bbox 3908 2747 3923 2760; x_wconf 89' lang='grc'><strong>·</strong></span> <span class='ocrx_word' id='word_1_567' title='bbox 3949 2729 4005 2782; x_wconf 79' lang='grc' dir='ltr'><strong>τὸ</strong></span> 
     </span>
    </p>
   </div>
   <div class='ocr_carea' id='block_1_73' title="bbox 2441 2819 4003 2894">
    <p class='ocr_par' dir='ltr' id='par_1_73' title="bbox 2441 2819 4003 2894">
     <span class='ocr_line' id='line_1_73' title="bbox 2441 2819 4003 2894; baseline -0.004 -17"><span class='ocrx_word' id='word_1_568' title='bbox 2441 2825 2495 2877; x_wconf 85' lang='grc' dir='ltr'><strong>δὲ</strong></span> <span class='ocrx_word' id='word_1_569' title='bbox 2519 2825 2728 2894; x_wconf 85' lang='grc' dir='ltr'><strong>πρῶτον</strong></span> <span class='ocrx_word' id='word_1_570' title='bbox 2763 2826 3108 2894; x_wconf 86' lang='grc' dir='ltr'><strong>μεταδοτικὸν</strong></span> <span class='ocrx_word' id='word_1_571' title='bbox 3141 2823 3234 2876; x_wconf 80' lang='grc' dir='ltr'><strong>τοῦ</strong></span> <span class='ocrx_word' id='word_1_572' title='bbox 3260 2819 3420 2886; x_wconf 76' lang='grc' dir='ltr'><strong>εἶναι,</strong></span> <span class='ocrx_word' id='word_1_573' title='bbox 3465 2824 3524 2888; x_wconf 76' lang='grc' dir='ltr'><strong>ἑξ</strong></span> <span class='ocrx_word' id='word_1_574' title='bbox 3555 2822 3754 2878; x_wconf 81' lang='grc' dir='ltr'><strong>ἑαυτοῦ</strong></span> <span class='ocrx_word' id='word_1_575' title='bbox 3789 2821 3916 2889; x_wconf 69' lang='grc' dir='ltr'><strong>ἔχον</strong></span> <span class='ocrx_word' id='word_1_576' title='bbox 3949 2819 4003 2870; x_wconf 69' lang='grc' dir='ltr'><strong>τδ</strong></span> 
     </span>
    </p>
   </div>
   <div class='ocr_carea' id='block_1_74' title="bbox 2442 2914 3160 2985">
    <p class='ocr_par' dir='ltr' id='par_1_74' title="bbox 2442 2914 3160 2985">
     <span class='ocr_line' id='line_1_74' title="bbox 2442 2914 3160 2985; baseline -0.001 -16"><span class='ocrx_word' id='word_1_577' title='bbox 2442 2914 2598 2979; x_wconf 76' lang='grc' dir='ltr'><strong>εἶναι,</strong></span> <span class='ocrx_word' id='word_1_578' title='bbox 2616 2917 2844 2985; x_wconf 81' lang='grc' dir='ltr'><strong>ἄναρχον</strong></span> <span class='ocrx_word' id='word_1_579' title='bbox 2876 2918 2962 2968; x_wconf 75' lang='grc' dir='ltr'><strong>ἀεὶ</strong></span> <span class='ocrx_word' id='word_1_580' title='bbox 2990 2916 3160 2968; x_wconf 73' lang='grc' dir='ltr'><strong>ἔσται.</strong></span> 
     </span>
    </p>
   </div>
   <div class='ocr_carea' id='block_1_75' title="bbox 2513 3170 4006 3246">
    <p class='ocr_par' dir='ltr' id='par_1_75' title="bbox 2513 3170 4006 3246">
     <span class='ocr_line' id='line_1_75' title="bbox 2513 3170 4006 3246; baseline -0.005 -19"><span class='ocrx_word' id='word_1_581' title='bbox 2513 3177 2593 3227; x_wconf 84' lang='grc' dir='ltr'><strong>ιο’.</strong></span> <span class='ocrx_word' id='word_1_582' title='bbox 2627 3177 2794 3230; x_wconf 76' lang='lat' dir='ltr'><strong>MAN.</strong></span> <span class='ocrx_word' id='word_1_583' title='bbox 2827 3176 2924 3228; x_wconf 83' lang='grc' dir='ltr'><strong>Διά</strong></span> <span class='ocrx_word' id='word_1_584' title='bbox 2946 3178 2995 3227; x_wconf 86' lang='grc' dir='ltr'><strong>τί</strong></span> <span class='ocrx_word' id='word_1_585' title='bbox 3029 3179 3122 3245; x_wconf 75' lang='grc' dir='ltr'><strong>μία</strong></span> <span class='ocrx_word' id='word_1_586' title='bbox 3145 3177 3308 3246; x_wconf 76' lang='grc' dir='ltr'><strong>ἀρχὴ,</strong></span> <span class='ocrx_word' id='word_1_587' title='bbox 3330 3179 3421 3228; x_wconf 77' lang='grc' dir='ltr'><strong>καὶ</strong></span> <span class='ocrx_word' id='word_1_588' title='bbox 3443 3175 3503 3226; x_wconf 83' lang='grc' dir='ltr'><strong>οὐ</strong></span> <span class='ocrx_word' id='word_1_589' title='bbox 3533 3174 3658 3238; x_wconf 68' lang='grc' dir='ltr'><strong>δύος</strong></span> <span class='ocrx_word' id='word_1_590' title='bbox 3695 3170 3858 3224; x_wconf 83' lang='grc' dir='ltr'>ΟΡΘ.</span> <span class='ocrx_word' id='word_1_591' title='bbox 3892 3170 4006 3221; x_wconf 78' lang='grc' dir='ltr'><strong>Ὀτι</strong></span> 
     </span>
    </p>
   </div>
   <div class='ocr_carea' id='block_1_76' title="bbox 2439 3262 4004 3340">
    <p class='ocr_par' dir='ltr' id='par_1_76' title="bbox 2439 3262 4004 3340">
     <span class='ocr_line' id='line_1_76' title="bbox 2439 3262 4004 3340; baseline 0.001 -22"><span class='ocrx_word' id='word_1_592' title='bbox 2439 3268 2566 3340; x_wconf 78' lang='grc' dir='ltr'><strong>δυὰς</strong></span> <span class='ocrx_word' id='word_1_593' title='bbox 2606 3271 2667 3318; x_wconf 82' lang='grc' dir='ltr'><strong>ὲκ</strong></span> <span class='ocrx_word' id='word_1_594' title='bbox 2700 3267 2921 3335; x_wconf 84' lang='grc' dir='ltr'><strong>μονάδος</strong></span> <span class='ocrx_word' id='word_1_595' title='bbox 2959 3267 3303 3337; x_wconf 83' lang='grc' dir='ltr'><strong>προέρχεται,</strong></span> <span class='ocrx_word' id='word_1_596' title='bbox 3342 3265 3415 3328; x_wconf 85' lang='grc' dir='ltr'><strong>ὡς</strong></span> <span class='ocrx_word' id='word_1_597' title='bbox 3465 3264 3692 3334; x_wconf 77' lang='grc' dir='ltr'><strong>μονάδος</strong></span> <span class='ocrx_word' id='word_1_598' title='bbox 3735 3262 4004 3328; x_wconf 71' lang='grc' dir='ltr'><strong>γέννημιν</strong></span> 
     </span>
    </p>
   </div>
   <div class='ocr_carea' id='block_1_77' title="bbox 2441 3342 4006 3427">
    <p class='ocr_par' dir='ltr' id='par_1_77' title="bbox 2441 3342 4006 3427">
     <span class='ocr_line' id='line_1_77' title="bbox 2441 3342 4006 3427; baseline -0.001 -17"><span class='ocrx_word' id='word_1_599' title='bbox 2441 3342 2532 3411; x_wconf 69' lang='grc' dir='ltr'><strong>καὶ</strong></span> <span class='ocrx_word' id='word_1_600' title='bbox 2561 3359 2700 3427; x_wconf 78' lang='grc' dir='ltr'><strong>ἁρχὴ</strong></span> <span class='ocrx_word' id='word_1_601' title='bbox 2733 3359 2921 3419; x_wconf 86' lang='grc' dir='ltr'><strong>δυάδος</strong></span> <span class='ocrx_word' id='word_1_602' title='bbox 2954 3360 3140 3426; x_wconf 85' lang='grc' dir='ltr'><strong>μονὰς,</strong></span> <span class='ocrx_word' id='word_1_603' title='bbox 3167 3361 3258 3410; x_wconf 73' lang='grc' dir='ltr'><strong>καὶ</strong></span> <span class='ocrx_word' id='word_1_604' title='bbox 3292 3357 3396 3425; x_wconf 84' lang='grc' dir='ltr'>πρὸ</span> <span class='ocrx_word' id='word_1_605' title='bbox 3435 3357 3530 3422; x_wconf 77' lang='grc' dir='ltr'><strong>τῆς</strong></span> <span class='ocrx_word' id='word_1_606' title='bbox 3567 3354 3759 3413; x_wconf 78' lang='grc' dir='ltr'><strong>δυάδος</strong></span> <span class='ocrx_word' id='word_1_607' title='bbox 3795 3352 4006 3409; x_wconf 74' lang='grc' dir='ltr'><strong>πάντως</strong></span> 
     </span>
    </p>
   </div>
   <div class='ocr_carea' id='block_1_78' title="bbox 2444 3440 4006 3518">
    <p class='ocr_par' dir='ltr' id='par_1_78' title="bbox 2444 3440 4006 3518">
     <span class='ocr_line' id='line_1_78' title="bbox 2444 3440 4006 3518; baseline -0.008 -16"><span class='ocrx_word' id='word_1_608' title='bbox 2444 3453 2610 3518; x_wconf 89' lang='grc' dir='ltr'><strong>μονάς</strong></span> <span class='ocrx_word' id='word_1_609' title='bbox 2631 3466 2643 3477; x_wconf 91' lang='grc'><strong>·</strong></span> <span class='ocrx_word' id='word_1_610' title='bbox 2684 3450 2776 3501; x_wconf 82' lang='grc' dir='ltr'><strong>καὶ</strong></span> <span class='ocrx_word' id='word_1_611' title='bbox 2805 3450 2885 3502; x_wconf 85' lang='grc' dir='ltr'><strong>ὃτι</strong></span> <span class='ocrx_word' id='word_1_612' title='bbox 2915 3449 3114 3510; x_wconf 75' lang='grc' dir='ltr'><strong>παντὸς</strong></span> <span class='ocrx_word' id='word_1_613' title='bbox 3145 3448 3466 3516; x_wconf 85' lang='grc' dir='ltr'><strong>πράγματος</strong></span> <span class='ocrx_word' id='word_1_614' title='bbox 3489 3446 3628 3514; x_wconf 81' lang='grc' dir='ltr'><strong>ἀρχὴ</strong></span> <span class='ocrx_word' id='word_1_615' title='bbox 3665 3444 3769 3511; x_wconf 83' lang='grc' dir='ltr'><strong>μία</strong></span> <span class='ocrx_word' id='word_1_616' title='bbox 3793 3460 3805 3470; x_wconf 90' lang='grc'><strong>·</strong></span> <span class='ocrx_word' id='word_1_617' title='bbox 3839 3445 3934 3492; x_wconf 76' lang='grc' dir='ltr'><strong>καὶ</strong></span> <span class='ocrx_word' id='word_1_618' title='bbox 3965 3440 4006 3490; x_wconf 83' lang='grc' dir='ltr'>εἰ</span> 
     </span>
    </p>
   </div>
   <div class='ocr_carea' id='block_1_79' title="bbox 2443 3533 4006 3609">
    <p class='ocr_par' dir='ltr' id='par_1_79' title="bbox 2443 3533 4006 3609">
     <span class='ocr_line' id='line_1_79' title="bbox 2443 3533 4006 3609; baseline -0.007 -17"><span class='ocrx_word' id='word_1_619' title='bbox 2443 3540 2671 3592; x_wconf 76' lang='grc' dir='ltr'><strong>ἑκάστου</strong></span> <span class='ocrx_word' id='word_1_620' title='bbox 2694 3541 2800 3591; x_wconf 84' lang='grc' dir='ltr'><strong>τῶν</strong></span> <span class='ocrx_word' id='word_1_621' title='bbox 2823 3541 2986 3592; x_wconf 70' lang='grc' dir='ltr'><strong>ὄντων</strong></span> <span class='ocrx_word' id='word_1_622' title='bbox 3013 3540 3154 3608; x_wconf 82' lang='grc' dir='ltr'>ἁρχὴ</span> <span class='ocrx_word' id='word_1_623' title='bbox 3182 3533 3300 3609; x_wconf 74' lang='grc' dir='ltr'><strong>μῖα,</strong></span> <span class='ocrx_word' id='word_1_624' title='bbox 3320 3539 3413 3590; x_wconf 72' lang='grc' dir='ltr'><strong>καὶ</strong></span> <span class='ocrx_word' id='word_1_625' title='bbox 3435 3537 3648 3589; x_wconf 80' lang='grc' dir='ltr'><strong>πάντων</strong></span> <span class='ocrx_word' id='word_1_626' title='bbox 3684 3535 3845 3585; x_wconf 76' lang='grc' dir='ltr'><strong>ἔσται</strong></span> <span class='ocrx_word' id='word_1_627' title='bbox 3874 3533 4006 3598; x_wconf 73' lang='grc' dir='ltr'><strong>ἁρχὴ</strong></span> 
     </span>
    </p>
   </div>
   <div class='ocr_carea' id='block_1_80' title="bbox 2448 3621 4004 3700">
    <p class='ocr_par' dir='ltr' id='par_1_80' title="bbox 2448 3621 4004 3700">
     <span class='ocr_line' id='line_1_80' title="bbox 2448 3621 4004 3700; baseline -0.005 -19"><span class='ocrx_word' id='word_1_628' title='bbox 2448 3630 2542 3699; x_wconf 83' lang='grc' dir='ltr'><strong>μία</strong></span> <span class='ocrx_word' id='word_1_629' title='bbox 2563 3649 2574 3662; x_wconf 89' lang='grc'><strong>·</strong></span> <span class='ocrx_word' id='word_1_630' title='bbox 2607 3632 2634 3680; x_wconf 84' lang='grc' dir='ltr'><strong>ὁ</strong></span> <span class='ocrx_word' id='word_1_631' title='bbox 2661 3632 2767 3700; x_wconf 69' lang='grc' dir='ltr'><strong>γὰρ</strong></span> <span class='ocrx_word' id='word_1_632' title='bbox 2794 3633 2876 3698; x_wconf 68' lang='grc' dir='ltr'><strong>ἐφ’</strong></span> <span class='ocrx_word' id='word_1_633' title='bbox 2904 3632 3129 3682; x_wconf 77' lang='grc' dir='ltr'><strong>ἑκάστου</strong></span> <span class='ocrx_word' id='word_1_634' title='bbox 3167 3631 3275 3681; x_wconf 89' lang='grc' dir='ltr'><strong>τῶν</strong></span> <span class='ocrx_word' id='word_1_635' title='bbox 3313 3629 3476 3680; x_wconf 77' lang='grc' dir='ltr'><strong>ὅντων</strong></span> <span class='ocrx_word' id='word_1_636' title='bbox 3505 3627 3899 3694; x_wconf 73' lang='grc' dir='ltr'><strong>ἀποδιδόμενος</strong></span> <span class='ocrx_word' id='word_1_637' title='bbox 3926 3621 4004 3673; x_wconf 65' lang='grc' dir='ltr'><strong>λό-</strong></span> 
     </span>
    </p>
   </div>
   <div class='ocr_carea' id='block_1_81' title="bbox 2445 3720 3482 3791">
    <p class='ocr_par' dir='ltr' id='par_1_81' title="bbox 2445 3720 3482 3791">
     <span class='ocr_line' id='line_1_81' title="bbox 2445 3720 3482 3791; baseline -0.001 -19"><span class='ocrx_word' id='word_1_638' title='bbox 2445 3739 2557 3788; x_wconf 84' lang='grc' dir='ltr'><strong>γος,</strong></span> <span class='ocrx_word' id='word_1_639' title='bbox 2595 3723 2688 3775; x_wconf 69' lang='grc' dir='ltr'><strong>καὶ</strong></span> <span class='ocrx_word' id='word_1_640' title='bbox 2720 3723 2810 3775; x_wconf 71' lang='grc' dir='ltr'><strong>ἑπὶ</strong></span> <span class='ocrx_word' id='word_1_641' title='bbox 2843 3723 3055 3775; x_wconf 87' lang='grc' dir='ltr'><strong>πάντων</strong></span> <span class='ocrx_word' id='word_1_642' title='bbox 3076 3720 3482 3791; x_wconf 78' lang='grc' dir='ltr'><strong>ἀποδοθήσεται.</strong></span> 
     </span>
    </p>
   </div>
   <div class='ocr_carea' id='block_1_82' title="bbox 2518 3896 4006 3968">
    <p class='ocr_par' dir='ltr' id='par_1_82' title="bbox 2518 3896 4006 3968">
     <span class='ocr_line' id='line_1_82' title="bbox 2518 3896 4006 3968; baseline -0.007 -15"><span class='ocrx_word' id='word_1_643' title='bbox 2518 3909 2582 3953; x_wconf 79' lang='grc' dir='ltr'><strong>κ’.</strong></span> <span class='ocrx_word' id='word_1_644' title='bbox 2620 3902 2726 3953; x_wconf 72' lang='grc' dir='ltr'><strong>Καὶ</strong></span> <span class='ocrx_word' id='word_1_645' title='bbox 2754 3902 2942 3954; x_wconf 82' lang='grc' dir='ltr'><strong>πάλιν·</strong></span> <span class='ocrx_word' id='word_1_646' title='bbox 2974 3904 3020 3952; x_wconf 76' lang='grc' dir='ltr'>εἰ</span> <span class='ocrx_word' id='word_1_647' title='bbox 3049 3899 3139 3952; x_wconf 84' lang='grc' dir='ltr'><strong>δύο</strong></span> <span class='ocrx_word' id='word_1_648' title='bbox 3166 3901 3353 3968; x_wconf 73' lang='grc' dir='ltr'><strong>ἁρχαὶ,</strong></span> <span class='ocrx_word' id='word_1_649' title='bbox 3380 3896 3681 3966; x_wconf 75' lang='grc' dir='ltr'><strong>πολυαρχία</strong></span> <span class='ocrx_word' id='word_1_650' title='bbox 3737 3897 3801 3946; x_wconf 83' lang='grc' dir='ltr'><strong>Εἰ</strong></span> <span class='ocrx_word' id='word_1_651' title='bbox 3834 3896 3892 3946; x_wconf 77' lang='grc' dir='ltr'><strong>δὲ</strong></span> <span class='ocrx_word' id='word_1_652' title='bbox 3918 3909 4006 3944; x_wconf 79' lang='grc' dir='ltr'><strong>πο-</strong></span> 
     </span>
    </p>
   </div>
   <div class='ocr_carea' id='block_1_83' title="bbox 2448 3986 4009 4060">
    <p class='ocr_par' dir='ltr' id='par_1_83' title="bbox 2448 3986 4009 4060">
     <span class='ocr_line' id='line_1_83' title="bbox 2448 3986 4009 4060; baseline -0.005 -19"><span class='ocrx_word' id='word_1_653' title='bbox 2448 3991 2697 4060; x_wconf 76' lang='grc' dir='ltr'><strong>λυαρχία,</strong></span> <span class='ocrx_word' id='word_1_654' title='bbox 2727 3990 2932 4050; x_wconf 88' lang='grc' dir='ltr'><strong>στάσις.</strong></span> <span class='ocrx_word' id='word_1_655' title='bbox 2970 3989 3030 4040; x_wconf 78' lang='grc' dir='ltr'><strong>Εἰ</strong></span> <span class='ocrx_word' id='word_1_656' title='bbox 3061 3988 3116 4040; x_wconf 82' lang='grc' dir='ltr'><strong>δὲ</strong></span> <span class='ocrx_word' id='word_1_657' title='bbox 3156 3990 3343 4050; x_wconf 82' lang='grc' dir='ltr'><strong>στάσις</strong></span> <span class='ocrx_word' id='word_1_658' title='bbox 3372 3987 3510 4054; x_wconf 81' lang='grc' dir='ltr'>ἁρχὴ</span> <span class='ocrx_word' id='word_1_659' title='bbox 3541 3987 3646 4036; x_wconf 85' lang='grc' dir='ltr'><strong>τῶν</strong></span> <span class='ocrx_word' id='word_1_660' title='bbox 3680 3986 3882 4044; x_wconf 66' lang='grc' dir='ltr'><strong>ὅντων,</strong></span> <span class='ocrx_word' id='word_1_661' title='bbox 3921 3999 4009 4034; x_wconf 73' lang='grc' dir='ltr'><strong>κα.-</strong></span> 
     </span>
    </p>
   </div>
   <div class='ocr_carea' id='block_1_84' title="bbox 2449 4075 4008 4149">
    <p class='ocr_par' dir='ltr' id='par_1_84' title="bbox 2449 4075 4008 4149">
     <span class='ocr_line' id='line_1_84' title="bbox 2449 4075 4008 4149; baseline -0.006 -16"><span class='ocrx_word' id='word_1_662' title='bbox 2449 4081 2539 4133; x_wconf 82' lang='grc' dir='ltr'><strong>κέα</strong></span> <span class='ocrx_word' id='word_1_663' title='bbox 2561 4081 2665 4134; x_wconf 81' lang='grc' dir='ltr'><strong>τῶν</strong></span> <span class='ocrx_word' id='word_1_664' title='bbox 2692 4080 2858 4132; x_wconf 74' lang='grc' dir='ltr'><strong>ὄντων</strong></span> <span class='ocrx_word' id='word_1_665' title='bbox 2882 4081 3020 4149; x_wconf 81' lang='grc' dir='ltr'>ἀρχή</span> <span class='ocrx_word' id='word_1_666' title='bbox 3043 4096 3054 4106; x_wconf 90' lang='grc'><strong>·</strong></span> <span class='ocrx_word' id='word_1_667' title='bbox 3087 4081 3274 4141; x_wconf 88' lang='grc' dir='ltr'><strong>στάσις</strong></span> <span class='ocrx_word' id='word_1_668' title='bbox 3298 4079 3404 4147; x_wconf 83' lang='grc' dir='ltr'><strong>γὰρ</strong></span> <span class='ocrx_word' id='word_1_669' title='bbox 3432 4077 3595 4129; x_wconf 77' lang='grc' dir='ltr'><strong>κακία</strong></span> <span class='ocrx_word' id='word_1_670' title='bbox 3626 4076 3743 4128; x_wconf 75' lang='grc' dir='ltr'><strong>ἐστι</strong></span> <span class='ocrx_word' id='word_1_671' title='bbox 3766 4093 3779 4103; x_wconf 73' lang='grc' dir='ltr'><strong>ο</strong></span> <span class='ocrx_word' id='word_1_672' title='bbox 3816 4075 4008 4145; x_wconf 78' lang='grc' dir='ltr'><strong>πρέπει</strong></span> 
     </span>
    </p>
   </div>
   <div class='ocr_carea' id='block_1_85' title="bbox 2448 4166 4009 4240">
    <p class='ocr_par' dir='ltr' id='par_1_85' title="bbox 2448 4166 4009 4240">
     <span class='ocr_line' id='line_1_85' title="bbox 2448 4166 4009 4240; baseline -0.007 -15"><span class='ocrx_word' id='word_1_673' title='bbox 2448 4171 2539 4226; x_wconf 74' lang='grc' dir='ltr'><strong>οὖν</strong></span> <span class='ocrx_word' id='word_1_674' title='bbox 2561 4173 2640 4240; x_wconf 81' lang='grc' dir='ltr'><strong>τῷ</strong></span> <span class='ocrx_word' id='word_1_675' title='bbox 2686 4171 2824 4240; x_wconf 81' lang='grc' dir='ltr'>Θεῷ,</span> <span class='ocrx_word' id='word_1_676' title='bbox 2863 4172 3114 4223; x_wconf 81' lang='grc' dir='ltr'><strong>ἁπάντων</strong></span> <span class='ocrx_word' id='word_1_677' title='bbox 3151 4171 3258 4221; x_wconf 79' lang='grc' dir='ltr'><strong>τῶν</strong></span> <span class='ocrx_word' id='word_1_678' title='bbox 3297 4169 3605 4237; x_wconf 76' lang='grc' dir='ltr'><strong>λεγομένων</strong></span> <span class='ocrx_word' id='word_1_679' title='bbox 3633 4168 3666 4234; x_wconf 79' lang='grc' dir='ltr'><strong>ἢ</strong></span> <span class='ocrx_word' id='word_1_680' title='bbox 3704 4166 4009 4232; x_wconf 77' lang='grc' dir='ltr'><strong>νοουμένων</strong></span> 
     </span>
    </p>
   </div>
   <div class='ocr_carea' id='block_1_86' title="bbox 2454 4256 4010 4329">
    <p class='ocr_par' dir='ltr' id='par_1_86' title="bbox 2454 4256 4010 4329">
     <span class='ocr_line' id='line_1_86' title="bbox 2454 4256 4010 4329; baseline -0.005 -16"><span class='ocrx_word' id='word_1_681' title='bbox 2454 4261 2671 4329; x_wconf 75' lang='grc' dir='ltr'><strong>μείζονα</strong></span> <span class='ocrx_word' id='word_1_682' title='bbox 2704 4257 2841 4313; x_wconf 73' lang='grc' dir='ltr'><strong>εἶναι</strong></span> <span class='ocrx_word' id='word_1_683' title='bbox 2872 4262 2963 4313; x_wconf 63' lang='grc' dir='ltr'><strong>καὶ</strong></span> <span class='ocrx_word' id='word_1_684' title='bbox 2998 4261 3159 4329; x_wconf 76' lang='grc' dir='ltr'><strong>ἔχειν.</strong></span> <span class='ocrx_word' id='word_1_685' title='bbox 3199 4260 3354 4311; x_wconf 84' lang='grc' dir='ltr'><strong>Ποῖον</strong></span> <span class='ocrx_word' id='word_1_686' title='bbox 3393 4256 3483 4312; x_wconf 74' lang='grc' dir='ltr'><strong>οὖν</strong></span> <span class='ocrx_word' id='word_1_687' title='bbox 3519 4258 3724 4326; x_wconf 78' lang='grc' dir='ltr'><strong>μεῖζον,</strong></span> <span class='ocrx_word' id='word_1_688' title='bbox 3748 4258 3813 4308; x_wconf 68' lang='grc' dir='ltr'><strong>τὸ</strong></span> <span class='ocrx_word' id='word_1_689' title='bbox 3837 4257 3897 4319; x_wconf 76' lang='grc' dir='ltr'>ἐξ</span> <span class='ocrx_word' id='word_1_690' title='bbox 3921 4257 4010 4306; x_wconf 70' lang='grc' dir='ltr'><strong>οὐκ</strong></span> 
     </span>
    </p>
   </div>
   <div class='ocr_carea' id='block_1_87' title="bbox 2451 4348 4010 4419">
    <p class='ocr_par' dir='ltr' id='par_1_87' title="bbox 2451 4348 4010 4419">
     <span class='ocr_line' id='line_1_87' title="bbox 2451 4348 4010 4419; baseline -0.004 -16"><span class='ocrx_word' id='word_1_691' title='bbox 2451 4353 2618 4404; x_wconf 76' lang='grc' dir='ltr'><strong>ὄντων</strong></span> <span class='ocrx_word' id='word_1_692' title='bbox 2641 4351 2972 4419; x_wconf 83' lang='grc' dir='ltr'><strong>οεωπρεπῶς</strong></span> <span class='ocrx_word' id='word_1_693' title='bbox 3010 4355 3166 4412; x_wconf 85' lang='grc' dir='ltr'><strong>ποίας</strong></span> <span class='ocrx_word' id='word_1_694' title='bbox 3191 4362 3214 4399; x_wconf 82' lang='lat' dir='ltr'><strong>P</strong></span> <span class='ocrx_word' id='word_1_695' title='bbox 3243 4349 3449 4412; x_wconf 69' lang='grc' dir='ltr'><strong>οὐσίας,</strong></span> <span class='ocrx_word' id='word_1_696' title='bbox 3478 4349 3508 4418; x_wconf 79' lang='grc' dir='ltr'>ἢ</span> <span class='ocrx_word' id='word_1_697' title='bbox 3536 4348 3904 4417; x_wconf 68' lang='grc' dir='ltr'><strong>ἀνθρωπίνως</strong></span> <span class='ocrx_word' id='word_1_698' title='bbox 3952 4348 4010 4412; x_wconf 71' lang='grc' dir='ltr'><strong>τῇ</strong></span> 
     </span>
    </p>
   </div>
   <div class='ocr_carea' id='block_1_88' title="bbox 793 4429 2336 4511">
    <p class='ocr_par' dir='ltr' id='par_1_88' title="bbox 793 4441 2336 4511">
     <span class='ocr_line' id='line_1_88' title="bbox 793 4441 2336 4511; baseline -0.005 -15"><span class='ocrx_word' id='word_1_699' title='bbox 793 4458 858 4496; x_wconf 89' lang='lat' dir='ltr'><strong>ac</strong></span> <span class='ocrx_word' id='word_1_700' title='bbox 910 4445 1148 4511; x_wconf 90' lang='lat' dir='ltr'><strong>potiores</strong></span> <span class='ocrx_word' id='word_1_701' title='bbox 1193 4451 1377 4510; x_wconf 89' lang='lat' dir='ltr'><strong>partes</strong></span> <span class='ocrx_word' id='word_1_702' title='bbox 1418 4441 1621 4494; x_wconf 90' lang='lat' dir='ltr'><strong>habere</strong></span> <span class='ocrx_word' id='word_1_703' title='bbox 1694 4447 2007 4492; x_wconf 89' lang='lat' dir='ltr'><strong>utrumnam</strong></span> <span class='ocrx_word' id='word_1_704' title='bbox 2070 4441 2245 4504; x_wconf 83' lang='lat' dir='ltr'><strong>majus</strong></span> <span class='ocrx_word' id='word_1_705' title='bbox 2295 4446 2336 4491; x_wconf 86' lang='lat' dir='ltr'><strong>el</strong></span> 
     </span>
    </p>
   </div>
   <div class='ocr_carea' id='block_1_89' title="bbox 2436 4429 4012 4511">
    <p class='ocr_par' dir='ltr' id='par_1_89' title="bbox 2451 4440 4012 4511">
     <span class='ocr_line' id='line_1_89' title="bbox 2451 4440 4012 4511; baseline -0.012 -9"><span class='ocrx_word' id='word_1_706' title='bbox 2451 4443 2833 4511; x_wconf 75' lang='grc' dir='ltr'><strong>δημιουργικῇ,</strong></span> <span class='ocrx_word' id='word_1_707' title='bbox 2879 4443 3074 4510; x_wconf 78' lang='grc' dir='ltr'><strong>μᾶλλον</strong></span> <span class='ocrx_word' id='word_1_708' title='bbox 3112 4443 3166 4493; x_wconf 81' lang='grc' dir='ltr'><strong>δὲ</strong></span> <span class='ocrx_word' id='word_1_709' title='bbox 3202 4444 3481 4508; x_wconf 87' lang='grc' dir='ltr'><strong>τεκτονικῇ</strong></span> <span class='ocrx_word' id='word_1_710' title='bbox 3515 4440 3680 4510; x_wconf 82' lang='grc' dir='ltr'><strong>τέχνῃ</strong></span> <span class='ocrx_word' id='word_1_711' title='bbox 3732 4440 3893 4509; x_wconf 75' lang='grc' dir='ltr'><strong>παρὰ</strong></span> <span class='ocrx_word' id='word_1_712' title='bbox 3922 4441 4012 4504; x_wconf 64' lang='grc' dir='ltr'><strong>τὴν</strong></span> 
     </span>
    </p>
   </div>
   <div class='ocr_carea' id='block_1_90' title="bbox 795 4532 2348 4605">
    <p class='ocr_par' dir='ltr' id='par_1_90' title="bbox 795 4532 2348 4605">
     <span class='ocr_line' id='line_1_90' title="bbox 795 4532 2348 4605; baseline -0.005 -14"><span class='ocrx_word' id='word_1_713' title='bbox 795 4539 1139 4605; x_wconf 64' lang='lat' dir='ltr'><strong>prasstantius</strong></span> <span class='ocrx_word' id='word_1_714' title='bbox 1178 4545 1282 4599; x_wconf 90' lang='lat' dir='ltr'><strong>est,</strong></span> <span class='ocrx_word' id='word_1_715' title='bbox 1320 4550 1383 4588; x_wconf 79' lang='lat' dir='ltr'><strong>ex</strong></span> <span class='ocrx_word' id='word_1_716' title='bbox 1415 4535 1606 4595; x_wconf 88' lang='lat' dir='ltr'><strong>nihilo,</strong></span> <span class='ocrx_word' id='word_1_717' title='bbox 1633 4541 1690 4586; x_wconf 93' lang='lat' dir='ltr'><strong>ut</strong></span> <span class='ocrx_word' id='word_1_718' title='bbox 1728 4532 1835 4586; x_wconf 88' lang='lat' dir='ltr'><strong>Deo</strong></span> <span class='ocrx_word' id='word_1_719' title='bbox 1857 4533 2076 4600; x_wconf 86' lang='lat' dir='ltr'><strong>dignum</strong></span> <span class='ocrx_word' id='word_1_720' title='bbox 2109 4539 2222 4594; x_wconf 88' lang='lat' dir='ltr'><strong>est,</strong></span> <span class='ocrx_word' id='word_1_721' title='bbox 2262 4546 2348 4583; x_wconf 87' lang='lat' dir='ltr'><strong>res</strong></span> 
     </span>
    </p>
   </div>
   <div class='ocr_carea' id='block_1_91' title="bbox 795 4623 2349 4693">
    <p class='ocr_par' dir='ltr' id='par_1_91' title="bbox 795 4623 2349 4693">
     <span class='ocr_line' id='line_1_91' title="bbox 795 4623 2349 4693; baseline -0.005 -12"><span class='ocrx_word' id='word_1_722' title='bbox 795 4627 1060 4691; x_wconf 89' lang='lat' dir='ltr'><strong>condere;</strong></span> <span class='ocrx_word' id='word_1_723' title='bbox 1096 4642 1163 4680; x_wconf 92' lang='lat' dir='ltr'><strong>an</strong></span> <span class='ocrx_word' id='word_1_724' title='bbox 1190 4627 1428 4680; x_wconf 89' lang='lat' dir='ltr'><strong>humano</strong></span> <span class='ocrx_word' id='word_1_725' title='bbox 1451 4639 1598 4679; x_wconf 91' lang='lat' dir='ltr'><strong>more</strong></span> <span class='ocrx_word' id='word_1_726' title='bbox 1639 4639 1731 4693; x_wconf 88' lang='lat' dir='ltr'><strong>per</strong></span> <span class='ocrx_word' id='word_1_727' title='bbox 1753 4623 2104 4687; x_wconf 79' lang='lat' dir='ltr'><strong>eﬂ‘ectriceui,</strong></span> <span class='ocrx_word' id='word_1_728' title='bbox 2131 4623 2212 4675; x_wconf 87' lang='lat' dir='ltr'><strong>vel</strong></span> <span class='ocrx_word' id='word_1_729' title='bbox 2257 4637 2349 4688; x_wconf 76' lang='lat' dir='ltr'><strong>p0-</strong></span> 
     </span>
    </p>
   </div>
   <div class='ocr_carea' id='block_1_92' title="bbox 798 4711 2344 4771">
    <p class='ocr_par' dir='ltr' id='par_1_92' title="bbox 798 4711 2344 4771">
     <span class='ocr_line' id='line_1_92' title="bbox 798 4711 2344 4771; baseline -0.005 -1"><span class='ocrx_word' id='word_1_730' title='bbox 798 4719 905 4771; x_wconf 90' lang='lat' dir='ltr'><strong>tius</strong></span> <span class='ocrx_word' id='word_1_731' title='bbox 927 4717 1172 4770; x_wconf 80' lang='lat' dir='ltr'><strong>fabrilem</strong></span> <span class='ocrx_word' id='word_1_732' title='bbox 1202 4724 1371 4770; x_wconf 90' lang='lat' dir='ltr'><strong>artem</strong></span> <span class='ocrx_word' id='word_1_733' title='bbox 1394 4715 1447 4768; x_wconf 93' lang='lat' dir='ltr'><strong>in</strong></span> <span class='ocrx_word' id='word_1_734' title='bbox 1484 4716 1712 4768; x_wconf 89' lang='lat' dir='ltr'><strong>materia</strong></span> <span class='ocrx_word' id='word_1_735' title='bbox 1748 4715 1952 4768; x_wconf 85' lang='lat' dir='ltr'><strong>versari</strong></span> <span class='ocrx_word' id='word_1_736' title='bbox 1976 4711 2177 4765; x_wconf 67' lang='grc' dir='ltr'><strong>ῩΜΑΝ.</strong></span> <span class='ocrx_word' id='word_1_737' title='bbox 2206 4711 2344 4764; x_wconf 73' lang='lat' dir='ltr'><strong>Prm-</strong></span> 
     </span>
    </p>
   </div>
   <div class='ocr_carea' id='block_1_93' title="bbox 800 4804 3770 4874">
    <p class='ocr_par' dir='ltr' id='par_1_93' title="bbox 800 4804 3770 4874">
     <span class='ocr_line' id='line_1_93' title="bbox 800 4804 3770 4874; baseline -0.003 -14"><span class='ocrx_word' id='word_1_738' title='bbox 800 4807 1032 4860; x_wconf 85' lang='lat' dir='ltr'><strong>stautius</strong></span> <span class='ocrx_word' id='word_1_739' title='bbox 1053 4806 1278 4859; x_wconf 91' lang='lat' dir='ltr'><strong>omnino</strong></span> <span class='ocrx_word' id='word_1_740' title='bbox 1300 4813 1385 4860; x_wconf 90' lang='lat' dir='ltr'><strong>est</strong></span> <span class='ocrx_word' id='word_1_741' title='bbox 1413 4822 1476 4860; x_wconf 79' lang='lat' dir='ltr'><strong>ex</strong></span> <span class='ocrx_word' id='word_1_742' title='bbox 1513 4806 1681 4859; x_wconf 88' lang='lat' dir='ltr'><strong>nihilo</strong></span> <span class='ocrx_word' id='word_1_743' title='bbox 1717 4823 1802 4861; x_wconf 91' lang='lat' dir='ltr'><strong>res</strong></span> <span class='ocrx_word' id='word_1_744' title='bbox 1834 4807 2091 4863; x_wconf 74' lang='lat' dir='ltr'><strong>condere.</strong></span> <span class='ocrx_word' id='word_1_745' title='bbox 2119 4806 2324 4860; x_wconf 81' lang='lat' dir='ltr'><strong>ORTII.</strong></span> <span class='ocrx_word' id='word_1_746' title='bbox 2369 4804 2504 4874; x_wconf 82' lang='lat' dir='ltr'><strong>Ergo</strong></span> <span class='ocrx_word' id='word_1_747' title='bbox 2530 4805 2634 4857; x_wconf 73' lang='lat' dir='ltr'><strong>Deo</strong></span> <span class='ocrx_word' id='word_1_748' title='bbox 2670 4817 2890 4858; x_wconf 77' lang='lat' dir='ltr'><strong>naturus</strong></span> <span class='ocrx_word' id='word_1_749' title='bbox 2915 4821 2978 4858; x_wconf 80' lang='lat' dir='ltr'><strong>ex</strong></span> <span class='ocrx_word' id='word_1_750' title='bbox 3031 4807 3197 4858; x_wconf 91' lang='lat' dir='ltr'><strong>nihilo</strong></span> <span class='ocrx_word' id='word_1_751' title='bbox 3226 4819 3412 4858; x_wconf 86' lang='lat' dir='ltr'><strong>creare</strong></span> <span class='ocrx_word' id='word_1_752' title='bbox 3475 4805 3727 4856; x_wconf 70' lang='grc' dir='ltr'><strong>(υιινυιιὶι</strong></span> <span class='ocrx_word' id='word_1_753' title='bbox 3758 4817 3770 4851; x_wconf 97' lang='lat'>:</span> 
     </span>
    </p>
   </div>
   <div class='ocr_carea' id='block_1_94' title="bbox 797 4895 1956 4966">
    <p class='ocr_par' dir='ltr' id='par_1_94' title="bbox 797 4895 1956 4966">
     <span class='ocr_line' id='line_1_94' title="bbox 797 4895 1956 4966; baseline -0.003 -14"><span class='ocrx_word' id='word_1_754' title='bbox 797 4905 914 4952; x_wconf 89' lang='lat' dir='ltr'><strong>erat</strong></span> <span class='ocrx_word' id='word_1_755' title='bbox 943 4899 1185 4963; x_wconf 87' lang='lat' dir='ltr'><strong>materia,</strong></span> <span class='ocrx_word' id='word_1_756' title='bbox 1223 4896 1314 4951; x_wconf 89' lang='lat' dir='ltr'><strong>sed</strong></span> <span class='ocrx_word' id='word_1_757' title='bbox 1351 4911 1380 4948; x_wconf 92' lang='lat' dir='ltr'><strong>a</strong></span> <span class='ocrx_word' id='word_1_758' title='bbox 1421 4895 1528 4950; x_wconf 90' lang='lat' dir='ltr'><strong>Deo</strong></span> <span class='ocrx_word' id='word_1_759' title='bbox 1560 4897 1823 4966; x_wconf 77' lang='lat' dir='ltr'><strong>producta</strong></span> <span class='ocrx_word' id='word_1_760' title='bbox 1856 4904 1956 4951; x_wconf 88' lang='lat' dir='ltr'><strong>est.</strong></span> 
     </span>
    </p>
   </div>
   <div class='ocr_carea' id='block_1_95' title="bbox 868 4984 2350 5054">
    <p class='ocr_par' dir='ltr' id='par_1_95' title="bbox 868 4984 2350 5054">
     <span class='ocr_line' id='line_1_95' title="bbox 868 4984 2350 5054; baseline -0.001 -18"><span class='ocrx_word' id='word_1_761' title='bbox 868 4987 954 5038; x_wconf 70' lang='lat' dir='ltr'><strong>2t.</strong></span> <span class='ocrx_word' id='word_1_762' title='bbox 987 4984 1148 5036; x_wconf 85' lang='lat' dir='ltr'><strong>MAN.</strong></span> <span class='ocrx_word' id='word_1_763' title='bbox 1182 4984 1320 5038; x_wconf 88' lang='lat' dir='ltr'><strong>Deus</strong></span> <span class='ocrx_word' id='word_1_764' title='bbox 1340 4986 1536 5052; x_wconf 90' lang='lat' dir='ltr'><strong>quovis</strong></span> <span class='ocrx_word' id='word_1_765' title='bbox 1563 4985 1723 5037; x_wconf 90' lang='lat' dir='ltr'><strong>modo</strong></span> <span class='ocrx_word' id='word_1_766' title='bbox 1749 4985 1996 5054; x_wconf 88' lang='lat' dir='ltr'><strong>principii</strong></span> <span class='ocrx_word' id='word_1_767' title='bbox 2025 4999 2217 5052; x_wconf 75' lang='lat' dir='ltr'><strong>expers</strong></span> <span class='ocrx_word' id='word_1_768' title='bbox 2236 4985 2350 5037; x_wconf 87' lang='lat' dir='ltr'><strong>est?</strong></span> 
     </span>
    </p>
   </div>
   <div class='ocr_carea' id='block_1_96' title="bbox 799 5075 2349 5143">
    <p class='ocr_par' dir='ltr' id='par_1_96' title="bbox 799 5075 2349 5143">
     <span class='ocr_line' id='line_1_96' title="bbox 799 5075 2349 5143; baseline -0.001 -15"><span class='ocrx_word' id='word_1_769' title='bbox 799 5094 864 5128; x_wconf 82' lang='lat' dir='ltr'><strong>an</strong></span> <span class='ocrx_word' id='word_1_770' title='bbox 896 5075 1072 5142; x_wconf 87' lang='lat' dir='ltr'><strong>aliqua</strong></span> <span class='ocrx_word' id='word_1_771' title='bbox 1097 5075 1305 5128; x_wconf 88' lang='lat' dir='ltr'><strong>ratione</strong></span> <span class='ocrx_word' id='word_1_772' title='bbox 1335 5089 1529 5143; x_wconf 83' lang='lat' dir='ltr'><strong>expers</strong></span> <span class='ocrx_word' id='word_1_773' title='bbox 1550 5083 1631 5127; x_wconf 88' lang='lat' dir='ltr'><strong>est</strong></span> <span class='ocrx_word' id='word_1_774' title='bbox 1655 5116 1667 5136; x_wconf 89' lang='lat'><strong>,</strong></span> <span class='ocrx_word' id='word_1_775' title='bbox 1693 5077 1869 5142; x_wconf 84' lang='lat' dir='ltr'><strong>aliqua</strong></span> <span class='ocrx_word' id='word_1_776' title='bbox 1899 5093 2002 5128; x_wconf 78' lang='lat' dir='ltr'><strong>non</strong></span> <span class='ocrx_word' id='word_1_777' title='bbox 2026 5075 2269 5128; x_wconf 78' lang='lat' dir='ltr'><strong>‘?OllTll.</strong></span> <span class='ocrx_word' id='word_1_778' title='bbox 2296 5075 2349 5127; x_wconf 91' lang='lat' dir='ltr'><strong>Si</strong></span> 
     </span>
    </p>
   </div>
   <div class='ocr_carea' id='block_1_97' title="bbox 801 5165 2355 5232">
    <p class='ocr_par' dir='ltr' id='par_1_97' title="bbox 801 5165 2355 5232">
     <span class='ocr_line' id='line_1_97' title="bbox 801 5165 2355 5232; baseline -0.003 -14"><span class='ocrx_word' id='word_1_779' title='bbox 801 5182 908 5218; x_wconf 84' lang='lat' dir='ltr'><strong>nun</strong></span> <span class='ocrx_word' id='word_1_780' title='bbox 951 5165 1093 5216; x_wconf 86' lang='lat' dir='ltr'><strong>muni</strong></span> <span class='ocrx_word' id='word_1_781' title='bbox 1157 5167 1364 5218; x_wconf 86' lang='lat' dir='ltr'><strong>ratione</strong></span> <span class='ocrx_word' id='word_1_782' title='bbox 1419 5165 1672 5232; x_wconf 79' lang='lat' dir='ltr'><strong>principii</strong></span> <span class='ocrx_word' id='word_1_783' title='bbox 1715 5173 1798 5216; x_wconf 83' lang='lat' dir='ltr'><strong>est</strong></span> <span class='ocrx_word' id='word_1_784' title='bbox 1833 5180 2056 5230; x_wconf 68' lang='lat' dir='ltr'><strong>expers,</strong></span> <span class='ocrx_word' id='word_1_785' title='bbox 2099 5166 2256 5215; x_wconf 87' lang='lat' dir='ltr'><strong>simul</strong></span> <span class='ocrx_word' id='word_1_786' title='bbox 2304 5173 2355 5214; x_wconf 84' lang='grc' dir='ltr'><strong>‹-ι</strong></span> 
     </span>
    </p>
   </div>
   <div class='ocr_carea' id='block_1_98' title="bbox 803 5256 2349 5324">
    <p class='ocr_par' dir='ltr' id='par_1_98' title="bbox 803 5256 2349 5324">
     <span class='ocr_line' id='line_1_98' title="bbox 803 5256 2349 5324; baseline -0.001 -18"><span class='ocrx_word' id='word_1_787' title='bbox 803 5257 1050 5324; x_wconf 79' lang='lat' dir='ltr'><strong>principii</strong></span> <span class='ocrx_word' id='word_1_788' title='bbox 1094 5271 1286 5323; x_wconf 63' lang='lat' dir='ltr'><strong>expers</strong></span> <span class='ocrx_word' id='word_1_789' title='bbox 1313 5265 1394 5308; x_wconf 89' lang='lat' dir='ltr'><strong>est</strong></span> <span class='ocrx_word' id='word_1_790' title='bbox 1417 5297 1428 5319; x_wconf 89' lang='lat'><strong>,</strong></span> <span class='ocrx_word' id='word_1_791' title='bbox 1462 5264 1513 5307; x_wconf 93' lang='lat' dir='ltr'><strong>et</strong></span> <span class='ocrx_word' id='word_1_792' title='bbox 1547 5269 1648 5307; x_wconf 89' lang='lat' dir='ltr'><strong>non</strong></span> <span class='ocrx_word' id='word_1_793' title='bbox 1679 5271 1897 5321; x_wconf 70' lang='lat' dir='ltr'><strong>expers.</strong></span> <span class='ocrx_word' id='word_1_794' title='bbox 1937 5256 1990 5306; x_wconf 87' lang='lat' dir='ltr'><strong>Si</strong></span> <span class='ocrx_word' id='word_1_795' title='bbox 2039 5271 2167 5308; x_wconf 82' lang='lat' dir='ltr'><strong>vero</strong></span> <span class='ocrx_word' id='word_1_796' title='bbox 2203 5256 2349 5306; x_wconf 79' lang='lat' dir='ltr'><strong>ninni</strong></span> 
     </span>
    </p>
   </div>
   <div class='ocr_carea' id='block_1_99' title="bbox 802 5347 2349 5416">
    <p class='ocr_par' dir='ltr' id='par_1_99' title="bbox 802 5347 2349 5416">
     <span class='ocr_line' id='line_1_99' title="bbox 802 5347 2349 5416; baseline -0.001 -18"><span class='ocrx_word' id='word_1_797' title='bbox 802 5364 863 5398; x_wconf 72' lang='lat' dir='ltr'><strong>ex</strong></span> <span class='ocrx_word' id='word_1_798' title='bbox 901 5355 1049 5414; x_wconf 82' lang='lat' dir='ltr'><strong>parte</strong></span> <span class='ocrx_word' id='word_1_799' title='bbox 1088 5349 1203 5401; x_wconf 89' lang='lat' dir='ltr'><strong>sine</strong></span> <span class='ocrx_word' id='word_1_800' title='bbox 1244 5347 1510 5416; x_wconf 81' lang='lat' dir='ltr'><strong>principio</strong></span> <span class='ocrx_word' id='word_1_801' title='bbox 1542 5357 1623 5400; x_wconf 65' lang='lat' dir='ltr'><strong>est</strong></span> <span class='ocrx_word' id='word_1_802' title='bbox 1649 5390 1657 5406; x_wconf 82' lang='lat'><strong>,</strong></span> <span class='ocrx_word' id='word_1_803' title='bbox 1687 5362 1807 5399; x_wconf 80' lang='lat' dir='ltr'><strong>vere</strong></span> <span class='ocrx_word' id='word_1_804' title='bbox 1837 5355 1885 5397; x_wconf 76' lang='lat' dir='ltr'><strong>rt</strong></span> <span class='ocrx_word' id='word_1_805' title='bbox 1915 5355 2104 5399; x_wconf 76' lang='lat' dir='ltr'><strong>natura</strong></span> <span class='ocrx_word' id='word_1_806' title='bbox 2150 5348 2349 5415; x_wconf 44' lang='lat' dir='ltr'><strong>prim-ia</strong></span> 
     </span>
    </p>
   </div>
   <div class='ocr_carea' id='block_1_100' title="bbox 893 5596 2188 5664">
    <p class='ocr_par' dir='ltr' id='par_1_100' title="bbox 893 5596 2188 5664">
     <span class='ocr_line' id='line_1_100' title="bbox 893 5596 2188 5664; baseline 0.001 -19"><span class='ocrx_word' id='word_1_807' title='bbox 893 5596 1209 5649; x_wconf 64' lang='lat' dir='ltr'><strong>&quot;Lr‘uuclav.</strong></span> <span class='ocrx_word' id='word_1_808' title='bbox 1265 5597 1546 5664; x_wconf 65' lang='lat' dir='ltr'><strong>legentium</strong></span> <span class='ocrx_word' id='word_1_809' title='bbox 1600 5608 1802 5653; x_wconf 71' lang='lat' dir='ltr'><strong>muni-1.</strong></span> <span class='ocrx_word' id='word_1_810' title='bbox 1854 5599 1953 5646; x_wconf 60' lang='grc' dir='ltr'><strong>τῶι</strong></span> <span class='ocrx_word' id='word_1_811' title='bbox 2008 5599 2188 5652; x_wconf 52' lang='grc' dir='ltr'><strong>ὅι-,ωμ</strong></span> 
     </span>
    </p>
   </div>
   <div class='ocr_carea' id='block_1_101' title="bbox 808 5667 1982 5730">
    <p class='ocr_par' dir='ltr' id='par_1_101' title="bbox 808 5667 1982 5730">
     <span class='ocr_line' id='line_1_101' title="bbox 808 5667 1982 5730; baseline 0 -17"><span class='ocrx_word' id='word_1_812' title='bbox 808 5672 969 5723; x_wconf 73' lang='grc' dir='ltr'><strong>ἵ·,τι·ι)1·.</strong></span> <span class='ocrx_word' id='word_1_813' title='bbox 1006 5667 1162 5720; x_wconf 80' lang='lat' dir='ltr'><strong>b’asil.</strong></span> <span class='ocrx_word' id='word_1_814' title='bbox 1197 5668 1373 5730; x_wconf 80' lang='lat' dir='ltr'><strong>posuit</strong></span> <span class='ocrx_word' id='word_1_815' title='bbox 1415 5679 1660 5719; x_wconf 65' lang='lat' dir='ltr'><strong>Cascnlma</strong></span> <span class='ocrx_word' id='word_1_816' title='bbox 1704 5672 1982 5726; x_wconf 61' lang='lat' dir='ltr'><strong>pmlumc</strong></span> 
     </span>
    </p>
   </div>
   <div class='ocr_carea' id='block_1_102' title="bbox 2456 4529 4008 4600">
    <p class='ocr_par' dir='ltr' id='par_1_102' title="bbox 2456 4529 4008 4600">
     <span class='ocr_line' id='line_1_102' title="bbox 2456 4529 4008 4600; baseline -0.001 -18"><span class='ocrx_word' id='word_1_817' title='bbox 2456 4532 2586 4600; x_wconf 75' lang='grc' dir='ltr'><strong>ὕλην</strong></span> <span class='ocrx_word' id='word_1_818' title='bbox 2616 4533 3029 4600; x_wconf 78' lang='grc' dir='ltr'><strong>καταγίνεσθαις</strong></span> <span class='ocrx_word' id='word_1_819' title='bbox 3067 4533 3233 4584; x_wconf 80' lang='lat' dir='ltr'><strong>MAN.</strong></span> <span class='ocrx_word' id='word_1_820' title='bbox 3264 4533 3502 4592; x_wconf 84' lang='grc' dir='ltr'><strong>Πάντως,</strong></span> <span class='ocrx_word' id='word_1_821' title='bbox 3527 4533 3606 4581; x_wconf 83' lang='grc' dir='ltr'><strong>ὅτι</strong></span> <span class='ocrx_word' id='word_1_822' title='bbox 3631 4533 3693 4580; x_wconf 76' lang='grc' dir='ltr'><strong>ἐκ</strong></span> <span class='ocrx_word' id='word_1_823' title='bbox 3726 4529 3805 4597; x_wconf 74' lang='grc' dir='ltr'><strong>μὴ</strong></span> <span class='ocrx_word' id='word_1_824' title='bbox 3827 4531 4008 4580; x_wconf 69' lang='grc' dir='ltr'><strong>ὄντων.</strong></span> 
     </span>
    </p>
   </div>
   <div class='ocr_carea' id='block_1_103' title="bbox 2456 4621 4011 4691">
    <p class='ocr_par' dir='ltr' id='par_1_103' title="bbox 2456 4621 4011 4691">
     <span class='ocr_line' id='line_1_103' title="bbox 2456 4621 4011 4691; baseline -0.003 -19"><span class='ocrx_word' id='word_1_825' title='bbox 2456 4623 2604 4674; x_wconf 82' lang='grc' dir='ltr'><strong>ΟΡΘ.</strong></span> <span class='ocrx_word' id='word_1_826' title='bbox 2631 4624 2838 4674; x_wconf 76' lang='grc' dir='ltr'><strong>Οὐκοῦν</strong></span> <span class='ocrx_word' id='word_1_827' title='bbox 2864 4623 3059 4691; x_wconf 75' lang='grc' dir='ltr'>πρέπει</span> <span class='ocrx_word' id='word_1_828' title='bbox 3081 4622 3197 4690; x_wconf 84' lang='grc' dir='ltr'>Θεῷ</span> <span class='ocrx_word' id='word_1_829' title='bbox 3228 4624 3288 4673; x_wconf 85' lang='grc' dir='ltr'><strong>ὲκ</strong></span> <span class='ocrx_word' id='word_1_830' title='bbox 3313 4623 3384 4690; x_wconf 82' lang='grc' dir='ltr'><strong>μὴ</strong></span> <span class='ocrx_word' id='word_1_831' title='bbox 3406 4622 3569 4672; x_wconf 77' lang='grc' dir='ltr'><strong>ὄντων</strong></span> <span class='ocrx_word' id='word_1_832' title='bbox 3600 4623 3776 4670; x_wconf 79' lang='grc' dir='ltr'><strong>ποιεῖν</strong></span> <span class='ocrx_word' id='word_1_833' title='bbox 3804 4621 4011 4678; x_wconf 57' lang='lat' dir='ltr'><strong>obsis;-</strong></span> 
     </span>
    </p>
   </div>
   <div class='ocr_carea' id='block_1_104' title="bbox 2453 4708 3614 4781">
    <p class='ocr_par' dir='ltr' id='par_1_104' title="bbox 2453 4708 3614 4781">
     <span class='ocr_line' id='line_1_104' title="bbox 2453 4708 3614 4781; baseline -0.003 -18"><span class='ocrx_word' id='word_1_834' title='bbox 2453 4715 2543 4763; x_wconf 70' lang='grc' dir='ltr'><strong>καὶ</strong></span> <span class='ocrx_word' id='word_1_835' title='bbox 2577 4713 2675 4762; x_wconf 69' lang='grc' dir='ltr'><strong>οὐκ</strong></span> <span class='ocrx_word' id='word_1_836' title='bbox 2703 4708 2920 4781; x_wconf 65' lang='grc' dir='ltr'><strong>ἦνῶλη,</strong></span> <span class='ocrx_word' id='word_1_837' title='bbox 2955 4712 3066 4762; x_wconf 80' lang='grc' dir='ltr'><strong>ἀλλ’</strong></span> <span class='ocrx_word' id='word_1_838' title='bbox 3099 4712 3201 4763; x_wconf 75' lang='grc' dir='ltr'><strong>ὑπὸ</strong></span> <span class='ocrx_word' id='word_1_839' title='bbox 3221 4711 3355 4762; x_wconf 76' lang='grc' dir='ltr'>Θεοῦ</span> <span class='ocrx_word' id='word_1_840' title='bbox 3385 4711 3614 4774; x_wconf 78' lang='grc' dir='ltr'><strong>ἐγένετο.</strong></span> 
     </span>
    </p>
   </div>
   <div class='ocr_carea' id='block_1_105' title="bbox 3847 4817 4012 4869">
    <p class='ocr_par' dir='ltr' id='par_1_105' title="bbox 3847 4817 4012 4869">
     <span class='ocr_line' id='line_1_105' title="bbox 3847 4817 4012 4869; baseline 0.006 -17"><span class='ocrx_word' id='word_1_841' title='bbox 3847 4817 4012 4869; x_wconf 80' lang='lat' dir='ltr'><strong>neque</strong></span> 
     </span>
    </p>
   </div>
   <div class='ocr_carea' id='block_1_106' title="bbox 2523 4980 4010 5047">
    <p class='ocr_par' dir='ltr' id='par_1_106' title="bbox 2523 4980 4010 5047">
     <span class='ocr_line' id='line_1_106' title="bbox 2523 4980 4010 5047; baseline -0.002 -14"><span class='ocrx_word' id='word_1_842' title='bbox 2523 4990 2622 5033; x_wconf 85' lang='grc' dir='ltr'><strong>κα’.</strong></span> <span class='ocrx_word' id='word_1_843' title='bbox 2658 4981 2826 5033; x_wconf 76' lang='lat' dir='ltr'><strong>MAN.</strong></span> <span class='ocrx_word' id='word_1_844' title='bbox 2871 4983 2926 5032; x_wconf 87' lang='lat'><strong>&#39;0</strong></span> <span class='ocrx_word' id='word_1_845' title='bbox 2971 4980 3100 5042; x_wconf 79' lang='grc' dir='ltr'>Θεὸς</span> <span class='ocrx_word' id='word_1_846' title='bbox 3141 4981 3277 5033; x_wconf 74' lang='grc' dir='ltr'><strong>κατὰ</strong></span> <span class='ocrx_word' id='word_1_847' title='bbox 3309 4982 3479 5032; x_wconf 71' lang='grc' dir='ltr'><strong>πάντα</strong></span> <span class='ocrx_word' id='word_1_848' title='bbox 3505 4981 3646 5030; x_wconf 67' lang='grc' dir='ltr'><strong>ἐστὶν</strong></span> <span class='ocrx_word' id='word_1_849' title='bbox 3689 4981 3950 5047; x_wconf 75' lang='grc' dir='ltr'><strong>ἄναρχος,</strong></span> <span class='ocrx_word' id='word_1_850' title='bbox 3985 4981 4010 5046; x_wconf 75' lang='grc' dir='ltr'>ἦ</span> 
     </span>
    </p>
   </div>
   <div class='ocr_carea' id='block_1_107' title="bbox 2456 5064 4011 5138">
    <p class='ocr_par' dir='ltr' id='par_1_107' title="bbox 2456 5064 4011 5138">
     <span class='ocr_line' id='line_1_107' title="bbox 2456 5064 4011 5138; baseline -0.005 -12"><span class='ocrx_word' id='word_1_851' title='bbox 2456 5064 2594 5126; x_wconf 61' lang='grc' dir='ltr'><strong>κατά</strong></span> <span class='ocrx_word' id='word_1_852' title='bbox 2621 5090 2669 5122; x_wconf 80' lang='grc' dir='ltr'><strong>τι</strong></span> <span class='ocrx_word' id='word_1_853' title='bbox 2705 5073 2820 5138; x_wconf 82' lang='grc' dir='ltr'><strong>μὲν,</strong></span> <span class='ocrx_word' id='word_1_854' title='bbox 2855 5073 2991 5123; x_wconf 72' lang='grc' dir='ltr'><strong>κατὰ</strong></span> <span class='ocrx_word' id='word_1_855' title='bbox 3018 5088 3067 5123; x_wconf 88' lang='grc' dir='ltr'><strong>τι</strong></span> <span class='ocrx_word' id='word_1_856' title='bbox 3098 5072 3151 5122; x_wconf 84' lang='grc' dir='ltr'><strong>δὲ</strong></span> <span class='ocrx_word' id='word_1_857' title='bbox 3186 5071 3244 5121; x_wconf 71' lang='grc' dir='ltr'><strong>οὗ</strong></span> <span class='ocrx_word' id='word_1_858' title='bbox 3267 5087 3280 5133; x_wconf 85' lang='grc'>;</span> <span class='ocrx_word' id='word_1_859' title='bbox 3307 5072 3453 5122; x_wconf 75' lang='grc' dir='ltr'><strong>ΟΙἮ.</strong></span> <span class='ocrx_word' id='word_1_860' title='bbox 3491 5071 3547 5121; x_wconf 77' lang='grc' dir='ltr'>ΕΞ</span> <span class='ocrx_word' id='word_1_861' title='bbox 3577 5071 3634 5121; x_wconf 78' lang='grc' dir='ltr'><strong>οὐ</strong></span> <span class='ocrx_word' id='word_1_862' title='bbox 3671 5073 3815 5121; x_wconf 72' lang='grc' dir='ltr'><strong>κατὰ</strong></span> <span class='ocrx_word' id='word_1_863' title='bbox 3849 5077 4011 5122; x_wconf 60' lang='grc' dir='ltr'><strong>πάντα</strong></span> 
     </span>
    </p>
   </div>
   <div class='ocr_carea' id='block_1_108' title="bbox 2458 5158 4012 5230">
    <p class='ocr_par' dir='ltr' id='par_1_108' title="bbox 2458 5158 4012 5230">
     <span class='ocr_line' id='line_1_108' title="bbox 2458 5158 4012 5230; baseline -0.004 -17"><span class='ocrx_word' id='word_1_864' title='bbox 2458 5163 2707 5230; x_wconf 66' lang='grc' dir='ltr'><strong>ἄνσρχθε,</strong></span> <span class='ocrx_word' id='word_1_865' title='bbox 2743 5163 2830 5211; x_wconf 74' lang='grc' dir='ltr'><strong>καὶ</strong></span> <span class='ocrx_word' id='word_1_866' title='bbox 2866 5162 3117 5226; x_wconf 72' lang='grc' dir='ltr'><strong>ἄναρχος,</strong></span> <span class='ocrx_word' id='word_1_867' title='bbox 3156 5160 3245 5209; x_wconf 70' lang='grc' dir='ltr'><strong>καὶ</strong></span> <span class='ocrx_word' id='word_1_868' title='bbox 3281 5159 3378 5210; x_wconf 67' lang='grc' dir='ltr'><strong>οῦκ</strong></span> <span class='ocrx_word' id='word_1_869' title='bbox 3409 5158 3653 5224; x_wconf 63' lang='grc' dir='ltr'><strong>ἄναρχος.</strong></span> <span class='ocrx_word' id='word_1_870' title='bbox 3701 5159 3761 5208; x_wconf 79' lang='grc' dir='ltr'><strong>ΕΞ</strong></span> <span class='ocrx_word' id='word_1_871' title='bbox 3790 5159 3850 5210; x_wconf 79' lang='grc' dir='ltr'><strong>δὲ</strong></span> <span class='ocrx_word' id='word_1_872' title='bbox 3881 5174 4012 5210; x_wconf 75' lang='grc' dir='ltr'><strong>κατι</strong></span> 
     </span>
    </p>
   </div>
   <div class='ocr_carea' id='block_1_109' title="bbox 2463 5249 4008 5322">
    <p class='ocr_par' dir='ltr' id='par_1_109' title="bbox 2463 5249 4008 5322">
     <span class='ocr_line' id='line_1_109' title="bbox 2463 5249 4008 5322; baseline -0.003 -18"><span class='ocrx_word' id='word_1_873' title='bbox 2463 5256 2634 5305; x_wconf 79' lang='grc' dir='ltr'><strong>πάντα</strong></span> <span class='ocrx_word' id='word_1_874' title='bbox 2667 5255 2916 5322; x_wconf 75' lang='grc' dir='ltr'><strong>ἄναρχος,</strong></span> <span class='ocrx_word' id='word_1_875' title='bbox 2951 5254 3113 5312; x_wconf 71' lang='grc' dir='ltr'><strong>ὅντως</strong></span> <span class='ocrx_word' id='word_1_876' title='bbox 3144 5252 3390 5320; x_wconf 73' lang='grc' dir='ltr'><strong>ἄναρχος,</strong></span> <span class='ocrx_word' id='word_1_877' title='bbox 3435 5251 3524 5300; x_wconf 80' lang='grc' dir='ltr'><strong>καὶ</strong></span> <span class='ocrx_word' id='word_1_878' title='bbox 3559 5249 3715 5316; x_wconf 55' lang='lat' dir='ltr'><strong>quae:</strong></span> <span class='ocrx_word' id='word_1_879' title='bbox 3745 5250 4008 5319; x_wconf 74' lang='grc' dir='ltr'><strong>ἅναρχο;’</strong></span> 
     </span>
    </p>
   </div>
   <div class='ocr_carea' id='block_1_110' title="bbox 2457 5337 4006 5414">
    <p class='ocr_par' dir='ltr' id='par_1_110' title="bbox 2457 5337 4006 5414">
     <span class='ocr_line' id='line_1_110' title="bbox 2457 5337 4006 5414; baseline -0.006 -16"><span class='ocrx_word' id='word_1_880' title='bbox 2457 5349 2513 5399; x_wconf 51' lang='grc' dir='ltr'><strong>τί,</strong></span> <span class='ocrx_word' id='word_1_881' title='bbox 2536 5348 2588 5396; x_wconf 69' lang='grc' dir='ltr'><strong>δὲ</strong></span> <span class='ocrx_word' id='word_1_882' title='bbox 2625 5348 2873 5414; x_wconf 59' lang='grc' dir='ltr'><strong>ἄναρχον,</strong></span> <span class='ocrx_word' id='word_1_883' title='bbox 2911 5345 3000 5394; x_wconf 66' lang='grc' dir='ltr'><strong>καὶ</strong></span> <span class='ocrx_word' id='word_1_884' title='bbox 3028 5343 3343 5412; x_wconf 66' lang='grc' dir='ltr'><strong>ἀπέραντον.</strong></span> <span class='ocrx_word' id='word_1_885' title='bbox 3380 5342 3470 5392; x_wconf 65' lang='lat' dir='ltr'><strong>&quot;liv</strong></span> <span class='ocrx_word' id='word_1_886' title='bbox 3503 5339 3605 5407; x_wconf 74' lang='grc' dir='ltr'><strong>γὰρ</strong></span> <span class='ocrx_word' id='word_1_887' title='bbox 3634 5339 3815 5407; x_wconf 69' lang='grc' dir='ltr'><strong>ἀρχῆς</strong></span> <span class='ocrx_word' id='word_1_888' title='bbox 3859 5337 4006 5401; x_wconf 66' lang='grc' dir='ltr'><strong>εἶδῡις,</strong></span> 
     </span>
    </p>
   </div>
   <div class='ocr_carea' id='block_1_111' title="bbox 2025 5507 2678 5561">
    <p class='ocr_par' dir='ltr' id='par_1_111' title="bbox 2025 5507 2678 5561">
     <span class='ocr_line' id='line_1_111' title="bbox 2025 5507 2678 5561; baseline 0.003 -5"><span class='ocrx_word' id='word_1_889' title='bbox 2025 5507 2250 5561; x_wconf 57' lang='lat' dir='ltr'><strong>VARI/li</strong></span> <span class='ocrx_word' id='word_1_890' title='bbox 2287 5508 2678 5561; x_wconf 61' lang='grc' dir='ltr'><strong>ΙΛῦΩἸΊΟΝΙ-ζὸ.</strong></span> 
     </span>
    </p>
   </div>
   <div class='ocr_carea' id='block_1_112' title="bbox 2010 5589 2336 5656">
    <p class='ocr_par' dir='ltr' id='par_1_112' title="bbox 2010 5599 2314 5652">
     <span class='ocr_line' id='line_1_112' title="bbox 2010 5599 2314 5652; baseline -0.013 -2"><span class='ocrx_word' id='word_1_891' title='bbox 2010 5599 2188 5652; x_wconf 50' lang='grc' dir='ltr'><strong>διζιυκ.</strong></span> <span class='ocrx_word' id='word_1_892' title='bbox 2302 5612 2314 5646; x_wconf 71' lang='grc' dir='ltr'><em>Ῐ</em></span> 
     </span>
    </p>
   </div>
   <div class='ocr_carea' id='block_1_113' title="bbox 2436 5589 4004 5656">
    <p class='ocr_par' dir='ltr' id='par_1_113' title="bbox 2439 5589 4004 5656">
     <span class='ocr_line' id='line_1_113' title="bbox 2439 5589 4004 5656; baseline -0.006 -5"><span class='ocrx_word' id='word_1_893' title='bbox 2439 5600 2611 5654; x_wconf 73' lang='grc' dir='ltr'><strong>ι,ριιι1‹›</strong></span> <span class='ocrx_word' id='word_1_894' title='bbox 2668 5615 2786 5652; x_wconf 72' lang='lat' dir='ltr'><strong>cum</strong></span> <span class='ocrx_word' id='word_1_895' title='bbox 2821 5598 3040 5650; x_wconf 61' lang='lat' dir='ltr'><strong>Lz&#39;uncl.</strong></span> <span class='ocrx_word' id='word_1_896' title='bbox 3076 5593 3362 5656; x_wconf 63' lang='grc' dir='ltr'><strong>ποιεῖσθαι,</strong></span> <span class='ocrx_word' id='word_1_897' title='bbox 3401 5592 3477 5646; x_wconf 77' lang='lat' dir='ltr'><strong>vel</strong></span> <span class='ocrx_word' id='word_1_898' title='bbox 3509 5595 3701 5645; x_wconf 57' lang='grc' dir='ltr'><strong>ττριεῖν.</strong></span> <span class='ocrx_word' id='word_1_899' title='bbox 3745 5589 3903 5645; x_wconf 72' lang='grc' dir='ltr'><strong>[ιιιιυ</strong></span> <span class='ocrx_word' id='word_1_900' title='bbox 3930 5593 4004 5644; x_wconf 83' lang='lat' dir='ltr'><strong>in-</strong></span> 
     </span>
    </p>
   </div>
  </div>
