4156 6436
2306 347 2314 374 ι

229 371 392 437 1525
1255 392 1632 453 DIALUGUS
1672 396 1837 454 ωλι

1916 399 1966 454 ,ςι
2014 371 2465 455 .\1.\.\u;u.i«;m
3381 397 3513 465 159.6

226 490 336 541 καὶ
375 491 436 543 rb
482 492 653 556 τέλος.
691 494 804 548 Πᾶν
845 489 938 550 οὖν
996 497 1116 569 ἔχον
1169 501 1367 573 ἀρχὴν,
1405 506 1499 560 καὶ
1529 505 1683 569 τέλος
1717 506 1827 576 ἔχει

1933 509 2005 578 pii
2043 524 2240 579 expers
2297 508 2533 564 exsistit.
2587 507 2742 576 Quod
2794 517 2972 564 autem
3021 508 3353 580 principium
3403 528 3510 567 non

220 581 390 672 κατὰ
421 582 516 654 τὴν
550 585 742 639 ἑαυτοῦ
777 586 938 656 φύσιν
959 605 972 619 ·
1005 589 1098 645 καὶ
1130 593 1236 646 πᾶν
1271 594 1420 659 τέλος
1443 595 1586 667 ἕχον,
1612 599 1703 651 καὶ
1732 600 1832 669 ἀρ-

1940 601 2150 667 habuit,
2183 615 2282 655 nec
2306 599 2467 655 linem
2502 601 2716 671 quidem
2746 600 3060 655 habiturum
3089 611 3193 657 est.
3226 602 3514 672 Siquidem

220 671 346 765 111v
395 672 508 765 ἔχει.
589 678 680 730 acati.
713 680 763 732 οἱ
809 679 1030 749 ἄγγελοι
1063 681 1193 750 γοῦν
1237 685 1412 757 ἀρχὴν
1457 687 1691 758 ἔχοντες,
1742 692 1833 745 καὶ

1939 692 2064 748 linis
2091 708 2312 763 quoque
2341 707 2508 748 unum
2535 693 2787 762 principii
2820 708 2991 764 genus
3010 699 3114 748 est.
3141 691 3327 764 Itaque
3350 693 3513 765 quid--

217 759 402 854 ré_).o;
425 764 608 834 ἔχουσι
655 769 798 822 κατά
825 770 924 840 τὴν
949 773 1158 826 ἑαυτῶν
1191 774 1375 844 φύσιν,
1407 779 1455 831 εί
1482 781 1574 832 καὶ
1604 783 1669 851 τῇ
1711 781 1833 852 θείᾳ

1936 783 2066 853 quid
2109 759 2326 838 initium
2355 759 2584 848 habuit,
2620 759 3051 853 sua—pte'natura
3083 759 3254 838 linem
3297 759 3519 854 quoque

219 850 435 944 χᾷριτι
469 857 632 911 πάλιν
657 859 912 929 ἄρχονται
945 863 1038 916 τοῦ
1060 859 1221 928 εἶναι,
1252 867 1344 920 καὶ
1370 850 1828 933 ἀνακαινίζόνταί.

1938 850 2159 929 habebit
2195 889 2207 924 :
2247 889 2309 929 ac
2343 889 2538 930 rursus
2571 850 2834 944 quidquid
2870 873 3029 929 linem
3071 873 3269 935 habet.
3316 850 3371 929 et
3412 850 3518 928 ini-

221 941 465 1036 'ﬂ_arrsp
494 948 602 1016 γὰρ
638 949 697 1002 rb
729 951 1055 1024 ἀκίνητον¹ίι
1093 956 1254 1027 σῶμα
1289 957 1593 1030 ἀρξάμενον
1620 960 1712 1014 τοῦ
1744 979 1830 1016 κι-

1939 966 2074 1021 tium
2108 965 2298 1020 habuit
2328 983 2342 1032 ;
2372 965 2518 1022 unde
2546 941 2648 1036 ipsi
2672 941 2892 1036 quoque
2923 966 3120 1035 angeli,
3161 979 3288 1021 cum
3335 972 3516 1020 ortum

217 1034 479 1102 νεῖσθαι,
539 1041 602 1092 ὲκ
653 1041 820 1095 τόπου
879 1043 1105 1116 ἤρξατο,
1153 1049 1394 1102 τουτέστι
1442 1051 1503 1103 rb
1550 1053 1828 1121 κυκλικὸν,

1936 1057 2250 1122 habuerint,
2291 1055 2451 1111 linem
2489 1056 2651 1110 etiam
2683 1071 2780 1111 sua
2811 1064 3009 1111 natura
3043 1055 3264 1120 habent,
3295 1057 3515 1112 tametsi

217 1124 454 1192 φθάνον
474 1129 531 1182 δὲ
564 1130 655 1184 τὸν
688 1132 850 1188 τόπον
883 1135 1006 1190 ὅθεν
1034 1138 1257 1209 ἤρξατο,
1294 1139 1429 1212 ὲτιλή
1443 1159 1582 1214 ρωσε
1611 1143 1708 1214 τὴν
1735 1161 1832 1198 πε-

1935 1146 2121 1202 divina
2147 1148 2318 1217 gratia
2345 1162 2469 1204 esse
2501 1161 2694 1203 rursus
2743 1147 3016 1216 incipiunt
3049 1161 3114 1202 ac
3155 1155 3509 1202 renovantur.

221 1218 534 1286 ριφέρειαν
559 1223 651 1274 καὶ¹
682 1225 743 1277 rb
769 1228 1047 1292 κυκλικὸν,
1091 1232 1252 1286 πάλιν
1280 1233 1334 1286 δὲ
1366 1236 1592 1304 ἄρχεται
1627 1237 1726 1307 τῆς
1751 1256 1830 1291 κι-

216 1309 476 1377 νήσεως,
511 1315 603 1367 καὶ
628 1315 754 1371 νέαν
788 1321 963 1392 ἀρχὴν
992 1324 1257 1392 κινήσεως
1287 1330 1538 1392 ποιεῖται,
1575 1333 1667 1384 καὶ
1688 1330 1830 1383 οὕτω

211 1397 486 1470 διαμένει
517 1405 856 1477 κινούμενον,
888 1412 992 1476 ἕως
1025 1412 1091 1467 ἀν
1144 1417 1170 1468 6
1213 1416 1450 1471 κελεύων
1488 1421 1619 1473 αὐτὸ
1665 1424 1829 1474 κινεῖ·

218 1491 372 1545 σθαι
406 1495 535 1568 θέλῃ
560 1514 571 1528 ’
607 1499 749 1554 οὕτω
776 1505 866 1556 καὶ
888 1505 935 1556 οί
966 1492 1193 1573 ἄγγελοι
1225 1509 1535 1579 κινούμενοι
1560 1509 1826 1576 ζωτικῶς,

213 1585 336 1636 καὶ
361 1586 654 1654 φθάνοντες
680 1591 741 1645 rb
787 1595 1015 1662 φυσικὸν
1060 1598 1212 1661 τέλος
1262 1598 1363 1668 τῆς
1407 1600 1616 1654 ἑαυτῶν
1649 1601 1828 1672 ὑπάρ-

214 1674 400 1744 ξεως,
426 1679 682 1750 ἄρχονται
705 1684 804 1754 τῆς
830 1686 1067 1758 ζωτικῆς
1091 1691 1358 1760 κινήσεως
1387 1691 1567 1755 πάλιν,
1594 1692 1828 1764 προστά-

215 1764 318 1853 ξει
371 1769 464 1821 τοῦ
505 1773 835 1843 ποιήσαντος
879 1777 1098 1841 αὐτούς.
1143 1780 1257 1835 Ἀεὶ
1282 1780 1389 1853 γάρ
1421 1781 1570 1852 παρά
1601 1782 1736 1836 Θεοῦ
1766 1785 1827 1838 rb

213 1849 400 1923 εἶναι,
441 1861 534 1914 καὶ
564 1862 813 1929 ζωτικῶς
849 1868 939 1921 καὶ
982 1870 1180 1941 νοερῶς
1210 1844 1478 1928 κινεῖσθαι
1503 1844 1827 1945 ¹λαμϐόινου-
1856 1844 1899 1903 Β

217 1965 345 2010 σιν,
379 1951 478 2004 οὑκ
509 1952 566 2019 ἐξ
615 1955 827 2010 ἑαυτῶν
860 1957 1076 2029 ἔχοντες
1131 1963 1310 2017 τοῦτο.
1367 1965 1580 2036 ’Ὠσπερ
1631 1967 1822 2037 τροχὸς

214 2042 503 2112 κινηθεὶς,
528 2049 758 2102 κινετται
799 2051 892 2104 καὶ
925 2053 1190 2107 παύεται·
1224 2054 1317 2109 ἐὰν
1337 2055 1393 2108 δὲ
1432 2055 1528 2128 ἔχῃ
1555 2057 1615 2110 rb
1636 2058 1822 2112 ἀεικί-

213 2147 399 2203 νητον
430 2144 477 2201 τ,
528 2137 612 2191 ἀεὶ
643 2144 893 2207 κινεῖται,
940 2145 1041 2201 οὐκ
1073 2146 1130 2211 ἐξ
1163 2145 1358 2200 ἑαυτοῦ
1391 2147 1513 2219 ἔχον
1537 2149 1634 2221 τὴν
1665 2149 1822 2221 κίνη-

218 2237 324 2309 σ-ιν
351 2237 364 2252 ”
396 2223 538 2279 οὕτω
569 2228 662 2281 καὶ
697 2232 745 2284 oi
781 2232 1024 2301 ἄγγελοι,
1049 2236 1148 2289 οὐκ
1179 2235 1235 2304 ea
1260 2238 1470 2293 ἑαυτῶν
1497 2239 1711 2309 ἔχοντες
1761 2240 1820 2294 τὸ

216 2307 397 2379 εἶναι,
433 2316 557 2371 ὅσον
609 2324 750 2375 κινεῖ
797 2326 995 2390 αὐτοὺς
1025 2329 1053 2380 6
1109 2331 1364 2399 ποιήσας,
1407 2331 1717 2386 κινοῦνταιο
1749 2333 1815 2387 ἂν

218 2402 422 2472 μέντοι
454 2407 662 2475 ἐκεῖνος
693 2412 767 2485 μὴ
821 2417 1016 2488 κινήσῃ
1041 2457 1054 2483 ,
1099 2418 1364 2476 παύονται
1399 2423 1496 2492 τῆς
1525 2423 1814 2491 κινήσεως.

219 2492 400 2550 Ὥστε
436 2500 494 2554 rb
527 2501 702 2574 ἀρχὴν
735 2505 878 2576 ἔχον,
923 2510 1140 2574 πάντως
1179 2512 1269 2566 καὶ
1299 2513 1482 2576 τέλος·
1517 2515 1699 2568 καὶτὸ
1735 2515 1817 2568 τέ-

219 2584 326 2649 λος
353 2587 473 2658 ἔχον
504 2593 721 2658 πάντως
760 2597 856 2650 καὶ
906 2599 1105 2671 ἀρχήν.
1142 2601 1251 2654 Καὶ
1280 2603 1341 2654 rb
1393 2602 1552 2671 φύσει
1582 2604 1816 2676 ἄναρχον

221 2680 376 2734 κατὰ
416 2684 592 2739 πάντα
635 2687 870 2761 ἄναρχόν
901 2692 1039 2756 ἐστι,
1074 2694 1212 2748 κατά
1251 2711 1310 2748 τε
1336 2695 1535 2761 αἰτίαν,
1569 2698 1659 2751 καὶ
1688 2697 1815 2768 χρό-

219 2787 345 2836 νον,
378 2775 470 2829 καὶ
504 2778 689 2845 τόπον,
725 2783 817 2835 καὶ
843 2783 1117 2850 ἐξουσίαν.
1795 2779 1802 2786 ’

1935 1238 2409 1304 Quemadmodum
2474 1237 2622 1292 enim
2659 1252 2862 1307 corpus
2895 1253 3112 1307 semper
3151 1236 3373 1301 mobile,
3411 1236 3514 1292 hoc

1933 1337 2016 1381 est
2046 1324 2393 1396 sphaericum,
2426 1338 2548 1378 cum
2576 1325 2780 1379 moveri
2827 1325 3011 1393 coepit,
3056 1338 3084 1376 a
3116 1324 3234 1378 loco
3261 1324 3464 1394 incepit
3495 1339 3508 1376 :

1933 1432 2054 1472 cum
2119 1423 2298 1471 autem
2363 1419 2428 1472 ad
2501 1417 2683 1471 locum
2745 1417 3036 1486 pervenit,
3092 1415 3235 1470 unde
3288 1416 3509 1485 incepit,

1933 1509 2369 1562 circumductum
2435 1523 2594 1562 suum
2644 1515 2696 1561 et
2747 1507 2992 1562 orbicum
3051 1515 3257 1561 motum
3327 1507 3510 1562 absol-

1934 1601 2029 1661 vit,
2108 1613 2172 1652 ae
2236 1612 2432 1653 rursus
2492 1605 2699 1652 motum
2769 1597 3116 1669 auspicatur,
3201 1613 3514 1668 novumque

1934 1700 2111 1744 metus
2145 1688 2361 1743 initium
2391 1687 2557 1754 facit;
2590 1696 2753 1758 atque
2777 1689 2852 1742 ita
2885 1687 3090 1744 moveri
3112 1689 3308 1758 pergit,
3329 1687 3511 1758 quoad

1931 1782 1976 1836 is
2043 1779 2318 1843 voluerit,
2380 1779 2472 1849 qui
2545 1779 2724 1849 ipsum
2794 1780 3004 1833 moveri
3055 1779 3240 1848 jussit.
3309 1779 3510 1839 Eodem

1932 1871 2092 1926 modo
2122 1871 2300 1940 angeli
2341 1884 2561 1940 quoque
2592 1869 2640 1934 ⁸,
2687 1869 2781 1938 qui
2823 1868 2973 1923 vitali
3017 1876 3164 1923 motu
3208 1869 3507 1940 agitantur,

1930 1976 2054 2016 cum
2091 1959 2158 2014 ad
2197 1959 2501 2014 naturalem
2536 1959 2823 2014 exstantia:
2864 1974 2976 2014 sua:
3011 1965 3209 2014 metam
3247 1973 3511 2030 pervene-

1931 2055 2082 2114 runt,
2109 2046 2388 2102 Creatoris
2425 2045 2588 2115 jussu
2625 2044 2845 2100 vitalem
2885 2053 3093 2099 motum
3120 2059 3280 2099 suum
3314 2059 3508 2100 rursus

1930 2141 2213 2197 inchoant.
2249 2139 2477 2211 Semper
2518 2140 2662 2195 enim
2715 2154 2742 2192 a
2781 2140 2918 2202 Deo,
2969 2147 3084 2192 tum
3121 2146 3177 2192 ut
3213 2139 3321 2193 sint
3346 2179 3358 2202 ,
3395 2148 3508 2192 tum

1931 2244 1989 2290 ut
2052 2235 2205 2290 vitali
2253 2243 2307 2289 et
2353 2232 2713 2288 intellectuali
2758 2233 2919 2285 modo
2974 2241 3320 2295 moveantur,
3363 2230 3507 2284 acci-

1923 2325 2117 2396 piunt;
2177 2339 2300 2378 cum
2351 2323 2404 2377 id
2460 2331 2656 2392 suapte
2711 2331 2908 2376 natura
2968 2321 3194 2376 minime
3242 2321 3498 2375 habeout.

1923 2417 2082 2473 Velut
2109 2417 2255 2471 enim
2280 2412 2505 2470 trochus
2545 2416 2813 2486 impulsus
2846 2423 3127 2480 movetur,
3162 2430 3225 2469 ac
3283 2413 3503 2468 tandem

1922 2511 2126 2566 desinit
2193 2527 2204 2562 ε
2265 2509 2408 2580 quod
2480 2511 2525 2564 si
2565 2516 2831 2579 perpetuo
2860 2507 3198 2577 impellatur,
3242 2512 3506 2575 perpetuo

1920 2617 2137 2674 quoque
2175 2610 2449 2665 movetur,
2497 2601 2712 2656 etiamsi
2742 2615 2770 2654 a
2805 2615 2862 2655 sc
2888 2609 3093 2653 motqu
3118 2613 3226 2653 non
3261 2597 3456 2651 habeat
3490 2612 3501 2645 :

1925 2694 2004 2750 sic
2036 2693 2261 2763 perinde
2293 2691 2502 2762 angeli,
2537 2706 2660 2744 cum
2699 2705 2727 2744 a
2758 2689 2980 2759 seipsis,
3009 2696 3067 2742 ut
3113 2689 3223 2742 sint
3259 2701 3368 2741 non
3404 2681 3502 2740 ba-

1924 2784 2108 2850 heant,
2147 2783 2484 2838 tantumdem
2515 2789 2824 2844 moventur,
2857 2786 3123 2850 quantum
3156 2778 3281 2834 illos
3310 2775 3502 2833 condi-
3538 2781 3547 2792 ‘

221 2872 318 2921 tor
360 2878 542 2925 movet
590 2874 782 2944 :quod
825 2878 872 2932 si
911 2877 1001 2934 ille
1034 2895 1251 2937 movere
1292 2881 1554 2946 desierit,
1605 2881 1808 2937 moveri
1875 2881 2149 2936 desinent.
2214 2877 2405 2949 itaque
2446 2879 2593 2948 quod
2647 2877 2862 2932 initium
2926 2875 3124 2939 habet,
3170 2874 3395 2928 omnino
3440 2881 3493 2926 et

225 2968 396 3022 finem
449 2966 614 3023 habet
657 2985 669 3021 :
730 2985 793 3027 ac
847 2971 1089 3028 vicissim
1139 2976 1282 3045 quod
1324 2977 1482 3033 linem
1539 2977 1725 3042 habet,

1809 2975 1858 3030 id
1905 2989 2125 3045 quoque
2181 2973 2344 3027 habet
2394 2971 2635 3040 initium.
2670 2969 2936 3040 Quodque
2991 2977 3187 3024 natura
3237 2965 3493 3039 principii

220 3071 428 3124 expers
451 3066 557 3125 est,
587 3060 738 3115 omni
763 3075 830 3116 ex
861 3069 1017 3132 parte
1034 3074 1117 3120 est
1147 3065 1407 3136 principii
1439 3081 1634 3137 expers
1664 3083 1678 3133 ;
1708 3068 1810 3129 hoc
1849 3073 1954 3129 est,
1987 3071 2041 3119 et
2064 3077 2265 3130 causa},
2297 3069 2352 3117 et
2381 3061 2664 3131 temporis,
2709 3067 2761 3115 et
2796 3061 2921 3123 loci,
2996 3069 3050 3116 ct
3095 3063 3352 3131 potentia:
3410 3075 3502 3114 ra.

219 3147 402 3201 tione.

302 3235 410 3305 κβ’.
451 3235 532 3290 Τὰ
579 3237 671 3292 οὖν
706 3236 818 3305 δύο,
862 3239 894 3312 ἢ
943 3241 1000 3294 ἐν
1033 3241 1280 3313 ἀλλήλοις
1312 3242 1547 3308 ἔσονται,
1580 3244 1611 3314 ἢ
1665 3244 1814 3314 τόπῳ

1986 3237 2076 3291 22.
2121 3235 2392 3303 Quocirca
2418 3235 2436 3266 "
2465 3235 2576 3289 duo
2610 3234 2900 3303 principia,
2930 3235 3011 3290 vel
3058 3236 3287 3292 alterum
3314 3237 3368 3291 in
3422 3237 3502 3291 al-

224 3332 760 3400 περιγραφήσονται,
804 3333 898 3386 καὶ
927 3334 1026 3386 οὐκ
1050 3336 1261 3407 ἄναρχά
1296 3336 1435 3388 είσι·
1472 3336 1589 3399 πῶς
1615 3337 1722 3408 γὰρ
1756 3338 1812 3388 ὲν

221 3419 484 3490 ἀλλήλοις
515 3421 574 3474 rb
607 3421 724 3491 φῶς
771 3423 954 3478 καὶτὸ
985 3425 1210 3492 σκότος;
1257 3427 1318 3480 τὸ
1364 3427 1470 3499 γὰρ
1525 3431 1662 3496 φῶς,
1717 3428 1810 3481 τοῦ

226 3511 459 3575 σκότους
485 3505 848 3582 ἀναίρετικόν.
884 3517 946 3569 El
972 3518 1029 3569 δὲ
1056 3528 1076 3555 ⁸
1106 3517 1336 3588 μεθόρια
1358 3519 1464 3570 εἰσι
1488 3517 1581 3572 τοῦ
1615 3519 1807 3588 φωτὸς,

224 3601 323 3652 καὶ
351 3601 580 3672 μεθόρια
601 3603 698 3656 τοῦ
728 3605 975 3668 σκότους,
1009 3607 1129 3660 οὐδὲ
1158 3607 1216 3662 rb
1239 3609 1353 3677 φῶς
1374 3610 1806 3680 ἀπερίγραπτον,

223 3692 304 3754 ὡς
332 3692 405 3762 μὴ
431 3695 704 3765 πανταχοῦ
733 3696 813 3760 ὃν,
833 3697 950 3750 οὐδὲ
980 3700 1036 3751 rb
1067 3700 1288 3762 σκότος·
1324 3701 1417 3754 καὶ
1438 3703 1498 3753 οὑ
1531 3701 1808 3764 παντελῶς

223 3783 460 3854 ἄναρχοι,
498 3785 689 3856 ἔχοντα
723 3789 961 3858 τοπικὴν
995 3790 1188 3861 ἀρχήν.
1239 3792 1543 3862 Ἀμήχανον
1568 3792 1696 3864 γάρ,
1735 3792 1808 3861 μὴ

221 3874 381 3938 ὄντος
421 3875 569 3938 τινὸς
618 3876 1197 3948 διατειχίσματοςκαὶ
1227 3881 1406 3951 τοίχου
1451 3882 1808 3953 ἀνεπίμικτον

222 3966 509 4028 παντελῶς
545 3963 681 4021 εἶναι
706 3968 765 4020 rb
798 3969 911 4038 φῶς
943 3972 1033 4024 καὶ
1063 3971 1122 4024 rb
1152 3972 1363 4035 σκότος.
1393 3973 1453 4025 Εί
1485 3976 1592 4043 γὰρ
1625 3976 1683 4027 ἐν
1715 3993 1807 4028 νυ-

221 4056 316 4107 κτὶ
351 4055 540 4125 λύχνον
582 4059 897 4130 ἀνάψωμεν,
933 4063 960 4114 6
1005 4063 1102 4130 μὲν
1139 4065 1266 4134 περὶ
1299 4064 1390 4117 τὸν
1423 4065 1614 4135 λύχνον
1644 4066 1806 4129 τόπος

223 4147 617 4218 φωτεινότερος
645 4150 819 4216 ἔσται,
872 4153 1012 4205 κατά
1045 4156 1240 4224 μικρὸν
1266 4156 1321 4208 δὲ
1343 4155 1616 4226 διάστημα
1652 4156 1803 4210 ἔσται

225 4237 667 4308 σκοτεινότερον,
730 4241 923 4310 μέχρις
955 4242 1019 4294 ἂν
1043 4243 1260 4306 τελείως
1301 4244 1529 4316 ἐκλείπῃ
1562 4245 1623 4298 rb
1667 4245 1802 4314 φῶς,

223 4329 322 4381 καὶ
355 4329 591 4399 καθαρὸν
629 4331 819 4395 σκότος
849 4333 1090 4403 γένηται,
1122 4337 1298 4402 φωτὸς
1324 4337 1701 4407 ἀνεπίμικτον.
1735 4337 1806 4390 ’Ἡ

221 4421 336 4489 γὰρ
358 4420 415 4483 ἐξ
444 4421 619 4491 ἀρχῆς
649 4423 908 4492 ἐμίγνυτο
941 4424 1017 4494 τῷ
1050 4426 1190 4494 φωτὶ
1233 4427 1294 4480 rb
1332 4427 1540 4493 σκότος,
1581 4429 1672 4480 καὶ.
1705 4429 1804 4483 οὐκ

219 4509 446 4561 ἐναντία
482 4508 761 4574 παντελῶς
798 4512 993 4577 ταῦτα,
1029 4515 1122 4568 καὶ
1154 4515 1525 4587 ἀκοινώνητα·
1560 4517 1592 4586 ἢ
1621 4517 1803 4590 ἕτερόν

1919 3342 2033 3387 tero
2061 3336 2244 3392 erunt,
2279 3328 2360 3383 vel
2407 3327 2528 3382 loco
2582 3328 3134 3393 circumscribentur,
3200 3343 3300 3384 nec
3346 3345 3499 3384 care-

1915 3424 2050 3478 bunt
2092 3420 2380 3490 principio.
2414 3417 2516 3485 Qui
2548 3435 2712 3488 porro
2735 3421 2826 3474 lux
2856 3431 2908 3475 et
2934 3422 3174 3476 tenebrae
3198 3460 3211 3485 ,
3260 3421 3496 3476 alterum

1917 3517 1971 3568 in
1996 3514 2166 3568 altero
2220 3528 2341 3567 esse
2374 3512 2615 3582 queant?
2653 3511 2764 3566 Lux
2809 3513 2954 3566 enim
3010 3513 3264 3568 tenebras
3333 3514 3494 3568 tollit.

1913 3606 2069 3672 Quod
2102 3607 2147 3660 si
2180 3607 2315 3659 lines
2347 3620 2476 3658 suos
2508 3604 2620 3668 lux,
2650 3607 2784 3659 ﬂues
2819 3606 2947 3660 item
2986 3606 3373 3661 suoStenebra':
3402 3606 3495 3660 ha-

1915 3697 2060 3756 bent,
2087 3696 2198 3765 jam
2229 3711 2327 3751 nec
2362 3696 2453 3748 lux
2481 3695 3018 3765 circumscriptionis
3052 3711 3249 3766 expers
3280 3703 3365 3752 est
3387 3738 3400 3763 ,
3435 3709 3496 3752 ut

1912 3799 2032 3852 qua:
2059 3782 2259 3852 ubique
2302 3797 2406 3835 non
2468 3782 2538 3837 sit
2569 3799 2582 3837 :
2618 3797 2720 3838 nec
2755 3783 2919 3838 etiam
2968 3787 3223 3839 tenebrae.
3273 3784 3348 3838 lta
3394 3800 3494 3840 nec

1911 3872 2060 3926 omni
2086 3887 2150 3925 ex
2201 3877 2353 3940 parte
2403 3870 2675 3941 principio
2722 3871 3012 3936 carebunt,
3046 3881 3103 3925 ut
3157 3887 3278 3941 qua:
3319 3871 3495 3926 locale

1914 3964 2243 4034 principium
2285 3961 2542 4016 habeant.
2577 3961 2718 4018 Fieri
2761 3979 2892 4018 vero
2927 3979 3035 4019 non
3071 3972 3284 4034 potest,
3320 3965 3496 4019 utlux

1909 4056 2247 4118 ettenebrae,
2283 4053 2384 4107 nisi
2419 4055 2491 4110 sit
2528 4057 2727 4126 aliquis
2796 4057 2957 4111 veluti
3009 4073 3198 4112 murus
3269 4057 3494 4128 interje-

1908 4157 2050 4212 ctus,
2101 4147 2371 4203 mistionis
2419 4162 2646 4218 prorsus
2695 4157 2945 4218 expertes
2991 4151 3121 4204 sint.
3173 4148 3384 4205 Etenim
3443 4153 3492 4205 si

1911 4245 2075 4292 noctu
2105 4238 2381 4293 lucernam
2411 4239 2798 4303 accendamus,
2825 4239 2980 4294 locus
3015 4240 3104 4294 ille
3130 4280 3143 4304 ,
3176 4240 3271 4309 qui
3319 4241 3492 4294 lucer-

1908 4346 1990 4383 na:
2042 4330 2385 4400 prepinquus
2468 4339 2602 4395 est,
2667 4329 3003 4398 splendidior
3068 4333 3172 4385 erit
3222 4349 3233 4383 :
3293 4332 3491 4387 obseu-

1909 4421 2021 4475 rior
2057 4437 2206 4484 vero,
2241 4425 2334 4491 qui
2399 4425 2563 4491 paulo
2607 4421 2892 4486 remotior,
2928 4423 3106 4488 quoad
3146 4425 3237 4478 lux
3266 4425 3488 4479 omnino

1906 4509 2122 4566 deficiat
2142 4553 2155 4577 ,
2186 4528 2248 4567 ae
2280 4527 2427 4582 purae
2447 4511 2610 4583 539
2636 4514 2702 4565 ah
2731 4511 2878 4567 omni
2937 4514 3054 4568 luce
3079 4515 3317 4568 tenebrae
3332 4514 3486 4568 llant.

219 4616 276 4655 rt
305 4598 614 4671 μεσότοιχον
649 4596 718 4672 ἦν
756 4602 852 4655 ἀπ’
881 4604 1056 4674 ἀρχῆς
1095 4607 1157 4658 τὸ
1186 4605 1358 4660 ταῦτα
1408 4584 1674 4678 χωρίζον·
1712 4584 1805 4662 καὶ

1916 4602 2019 4656 Aut
2047 4603 2189 4658 enim
2216 4619 2244 4658 a
2280 4605 2549 4674 principio
2578 4603 2819 4658 tenebrae
2867 4605 2976 4659 luci
3019 4604 3486 4672 admiscebantur,

218 4687 408 4755 οὐκέτι
437 4690 735 4763 δύοιάρχαὶ,
773 4692 908 4747 ἀλλά
948 4698 1113 4765 τρεῖς.
1158 4697 1230 4750 Τὸ
1262 4692 1422 4766 φύσει
1459 4699 1700 4766 πεφυκὸς
1742 4699 1802 4751 οὐ

224 4779 548 4851 μεθίσταται
569 4799 582 4815 ’
615 4785 675 4838 τὸ
704 4787 761 4840 δὲ
795 4787 1290 4861 μεταϐαλλόμενον,
1332 4792 1391 4844 οὺ
1422 4791 1601 4860 φύσει.
1627 4791 1686 4844 Εἰ
1710 4791 1802 4844 οὖν

221 4872 387 4941 φύσει
417 4875 757 4948 ἀκοινώνητα
786 4879 846 4932 rb
878 4880 992 4949 φῶς
1021 4881 1114 4934 καὶ
1143 4881 1201 4934 rb
1230 4882 1452 4948 σκότος,
1506 4882 1622 4946 πῶς
1666 4884 1802 4937 ὲκοι·

221 4961 435 5033 νώνησε
490 4967 629 5037 μετὰ
677 4968 886 5035 ταῦτα;
925 4969 1048 5034 Πῶς
1088 4971 1144 5038 ἐξ
1171 4971 1380 5040 ἀγαθοῦ
1415 4973 1507 5026 καὶ
1537 4973 1796 5043 πονηροῦ,

222 5049 283 5103 ἓν
320 5052 458 5115 ζῶον
489 5055 850 5129 ἀπετελέσθη,
876 5060 903 5112 6
935 5058 1218 5130 ἄνθρωπος
1241 5078 1253 5126 ;
1279 5062 1341 5113 Et
1374 5061 1481 5132 γὰρ
1514 5061 1800 5114 συνεδιϐά·

224 5139 456 5210 σθησαν,
480 5146 850 5218 ἐκοινώνησαν
881 5149 1151 5220 ἀλλήλοις.
1182 5152 1240 5203 Ὀ
1278 5153 1386 5221 γὰρ
1423 5150 1800 5222 συμϐιϐασμὸς

225 5235 482 5289 κοινωνία
514 5238 738 5310 γνώμης
783 5239 896 5293 ὲστί
915 5258 925 5269 ·
962 5242 1056 5296 καὶ
1093 5241 1214 5295 οὔτε
1240 5245 1266 5296 6
1289 5243 1490 5310 ἀγαθὸς
1519 5240 1792 5312 καθαρῶς,

1871 5013 1875 5020 .
1911 4985 2131 5026 secerne
2141 4980 2219 5024 ret
2280 4988 2290 5024 ζ

1911 4697 2099 4767 sicque
2171 4696 2286 4752 haec
2325 4712 2555 4767 prorsus
2603 4698 2744 4751 inter
2794 4711 2852 4751 se
2913 4698 3228 4762 contraria,
3283 4707 3337 4755 et
3418 4701 3488 4754 ah

1908 4787 2054 4840 omni
2096 4785 2295 4843 foedere
2330 4795 2382 4842 et
2413 4786 2741 4841 commercio
2772 4786 2943 4841 aliena
2977 4803 3081 4841 non
3107 4797 3266 4842 erant
3316 4808 3328 4843 :
3393 4801 3490 4845 aut

1911 4879 2052 4932 aliud
2081 4878 2340 4947 quiddam
2379 4878 2725 4948 interiectum
2753 4879 2821 4932 ab
2865 4877 3023 4933 initio
3073 4889 3187 4934 erat
3207 4920 3220 4945 ,
3249 4882 3396 4950 quod
3423 4898 3486 4936 ea

2363 4979 2528 5040 atque
2592 4971 2661 5023 ita
2718 4984 2825 5023 non
2869 4972 2977 5024 duo
3039 4973 3341 5039 duntaxat,
3388 4974 3485 5029 scd

1912 5064 2013 5116 tria
2072 5062 2339 5132 principia
2373 5070 2557 5117 erunt.
2589 5060 2707 5115 Jam
2747 5078 2875 5117 vero
2917 5064 3060 5132 quod
3094 5072 3290 5118 natura
3329 5079 3482 5118 com-

1912 5164 2158 5222 paratum
2193 5165 2296 5218 est,
2325 5153 2525 5208 mutari
2564 5154 2752 5223 nequit
2788 5170 2800 5205 :
2837 5157 2982 5225 quod
3015 5163 3192 5209 autem
3217 5163 3480 5217 mutatur,

1908 5254 2100 5298 natura
2139 5260 2245 5298 non
2278 5253 2380 5301 est.
2415 5245 2680 5310 Quocirca
2715 5262 2761 5301 ει
2796 5247 2900 5302 hoc
2923 5258 3117 5302 natura
3155 5247 3397 5314 ferebat,
3421 5256 3482 5301 ut

275 5411 295 5444 ⁶
325 5411 568 5471 Damasc.
601 5417 692 5472 lib.
731 5435 766 5483 ι,
793 5433 911 5489 cap.
946 5422 1016 5486 8;
1075 5422 1166 5477 lib.
1186 5439 1262 5479 .ll.
1310 5440 1429 5493 cap.
1467 5425 1499 5478 5
1563 5432 1614 5478 et
1646 5423 1676 5476 6
1710 5444 1718 5477 :
1800 5426 1818 5455 ⁷
1855 5422 1929 5476 Id.
1960 5425 2050 5476 lib.
2095 5440 2167 5488 tv,
2197 5441 2314 5495 cap.
2344 5426 2395 5480 4.

1501 5579 1730 5635 VARI/['3
1767 5582 2169 5646 LEQTIONES.

298 5685 605 5771 "lgqembei.
638 5688 764 5771 legit
796 5691 1120 5771 ἀεικίνητον,
1161 5706 1216 5771 ut
1247 5700 1407 5771 inira,
1441 5703 1527 5754 ubi
1561 5703 1625 5756 de
1661 5712 1805 5755 motu
1834 5706 2032 5771 trochi,
2068 5705 2539 5760 consentientibus
2586 5719 2713 5758 mss.
2752 5717 2804 5762 cl
2853 5705 3164 5762 Lcttuclavii
3209 5708 3467 5764 editione.

226 5762 245 5790 ἐ
284 5754 443 5809 Βλδίι.
477 5758 534 5809 rb
559 5754 829 5829 ἀκίνητον,
916 5775 933 5801 υ

1022 5767 1144 5822 asil.
1174 5769 1218 5819 εἰ
1243 5769 1352 5836 οὖν,
1392 5771 1520 5841 llcg.
1551 5775 1597 5825 εἰ
1635 5776 1711 5836 οὐ,
1755 5784 1810 5828 ut
1851 5767 2112 5830 librarius
2148 5776 2394 5833 omiserit
2433 5776 2662 5829 litteram
2696 5794 2741 5830 ν.
