4156 6436
221 367 358 474 t529

1183 413 1555 472 DIALOGUS
1595 413 1888 473 CONTRA
1941 388 2441 474 tuatim-1505f

3280 415 3414 480 1530

210 523 314 573 οὐκ
347 519 544 587 ἀγαθὸς
579 519 699 587 μὲν,
738 518 836 586 τὴν
864 515 1060 568 κακίαν
1102 516 1348 580 ζωώσας,
1386 520 1478 570 καὶ
1505 517 1756 585 κινήσας·

1866 517 1991 569 item
2038 516 2220 579 modo,
2275 532 2395 584 quze
2424 524 2568 568 motu
2614 516 2832 569 carebat
2866 560 2878 579 ,
2928 516 3158 584 impulsa
3188 519 3305 584 fuit,
3356 531 3413 576 tit

209 611 275 664 οὗ
329 610 487 676 σοφὸς
535 608 611 670 δὲ,
644 607 764 658 οὐδὲ
807 605 1134 673 γνωστικὸς,
1183 607 1358 672 ἑαυτῷ
1407 604 1764 674 παρεσχηκὼς

210 701 487 768 πολέμους
529 697 622 748 καὶ⁸
657 697 984 764 πράγματα,
1036 697 1129 747 καὶ
1165 695 1285 746 καθ’
1316 694 1510 746 ἑαυτοῦ
1539 695 1765 761 κινήσας

205 788 313 857 τὴν
358 787 550 839 κακίαν
594 784 901 853 ἠρεμοῦσαν
951 783 1045 836 καὶ
1092 783 1482 852 ήσυχάζουσαν.
1522 783 1764 842 Στάσεως

206 877 327 946 γὰρ
359 877 450 928 καὶ
472 876 655 928 κακῶν
691 876 906 941 ἐγένετο
927 874 1201 942 πρόξενος.
1246 873 1308 924 El
1337 873 1393 925 δὲ
1422 873 1517 940 οὐχ
1544 874 1572 925 ό
1613 871 1758 934 Θεὸς,

203 967 424 1035 ἔτερος,
460 967 553 1017 καὶ
589 964 770 1018 οὐκέτι
810 963 935 1025 δύο,
973 963 1108 1017 ἀλλὰ
1146 965 1314 1032 τρεῖς.
1341 963 1406 1015 Ὀ
1426 963 1533 1029 γάρ
1559 979 1640 1023 τις
1666 961 1764 1012 οὐκ

203 1051 355 1119 εχει,
378 1051 436 1104 οὐ
465 1051 679 1104 δύναται
708 1052 798 1118 ἀφ’
833 1049 1023 1103 ἑαυτοῦ
1052 1049 1373 1119 κτήσασθαι.
1402 1051 1570 1103 MAN.
1605 1049 1762 1102 Ἀλλὰ

202 1138 441 1206 δυνάμει
470 1138 582 1206 ἔχει
604 1139 664 1190 τὸ
692 1138 793 1206 ζῇν,
817 1139 910 1190 καὶ
935 1137 1033 1206 τὴν
1070 1138 1303 1206 κίνησιν.
1332 1136 1481 1190 ΟΡΘ.
1515 1138 1574 1188 Ei
1606 1137 1762 1189 δυνά·

207 1241 310 1291 μει
347 1223 458 1294 εἶχε
493 1227 633 1295 ζωήν
657 1227 763 1278 καὶ·
781 1226 1012 1293 κίνησιν,
1035 1226 1262 1295 δυνάμει
1286 1221 1354 1294 ἦν
1382 1226 1579 1293 άγαθής
1606 1226 1761 1292 εἴπερ

203 1315 334 1384 ζωὴ
363 1317 455 1369 καί
478 1315 686 1383 κίνησις
706 1353 721 1378 ,
756 1315 952 1383 ἀγαθή.
982 1315 1151 1366 MAN.
1199 1314 1259 1365 'H
1285 1313 1386 1381 τῆς
1418 1315 1615 1375 κακίας
1646 1314 1762 1383 ζωὴ

204 1404 310 1456 καὶ
350 1403 580 1473 κίνησις,
610 1403 712 1455 οὐκ
747 1402 968 1468 ἀγαθὸν,
999 1401 1134 1454 άλλά
1170 1403 1355 1454 κακόν.
1404 1401 1552 1455 ΟΡΘ.
1591 1401 1664 1454 Τὸ
1699 1405 1761 1455 ἐκ

201 1489 495 1558 δυνάμεως
519 1490 808 1559 ιρχόμενον
829 1491 907 1550 είς
925 1488 1222 1557 ἐνέργειαν,
1243 1488 1473 1555 τρεπτδν
1492 1489 1585 1540 καὶ
1608 1490 1760 1558 ἀρχό-

206 1570 404 1648 μενον,
453 1581 545 1632 καὶ
588 1580 687 1631 οὐκ
716 1579 946 1647 ἄναρχον
969 1595 980 1606 ·
1013 1579 1107 1630 καὶ
1135 1579 1183 1628 εί
1224 1578 1447 1645 δυνάμει
1471 1573 1585 1645 εἶχε
1617 1577 1760 1644 ζωὴν

204 1670 308 1722 καὶ
332 1669 565 1738 κίνησιν,
599 1669 872 1736 ἐνέργειαν
903 1667 1058 1734 ἔσχεν
1087 1665 1309 1735 ὕστερον
1329 1684 1342 1697 ·
1382 1668 1430 1718 εί
1477 1666 1531 1718 δὲ
1562 1665 1755 1734 κακὴή

203 1758 420 1826 ταύτης
448 1757 561 1825 ζωή
593 1773 649 1808 τε
698 1756 789 1808 καὶ
840 1756 1068 1824 κίνησις,
1126 1755 1348 1822 δυνάμει
1386 1750 1452 1823 ἦν
1482 1752 1760 1822 κακὴ.οια“ι

1865 605 1929 658 ad
1956 605 2090 657 lucis
2121 604 2252 657 ﬁnes
2290 606 2634 671 pervenerit?
2677 605 2811 670 Quis
2857 605 3002 660 dedit
3048 609 3096 659 ei
3159 609 3319 660 vitam
3361 621 3414 663 ct

1864 694 2101 745 motum?
2131 694 2174 746 si
2209 695 2382 745 lionus
2424 715 2434 747 :
2460 702 2514 746 at
2544 695 2627 747 hic
2656 703 2802 748 certe
2829 710 2928 748 nec
2953 697 3162 761 bonus,
3192 714 3291 750 nec
3322 715 3408 750 sa-

1863 781 2017 847 piens
2048 781 2237 836 fuerit.
2269 781 2386 835 Non
2411 783 2608 845 bonus,
2641 786 2730 851 qui
2766 786 2906 837 malo
2932 786 3092 836 vitam
3126 797 3178 840 et
3209 798 3410 841 motum

1861 867 2027 932 dedit,
2055 884 2162 922 non
2193 871 2410 938 sapiens
2449 880 2503 924 et
2532 871 2768 938 prudens
2793 873 2976 935 fuerit,
3012 874 3106 941 qui
3140 876 3240 927 sibi
3273 877 3410 929 bella

1851 965 1915 1010 'et
1936 959 2218 1012 moiestias
2259 959 2634 1023 lacessiverit,
2682 961 2901 1021 malum,
2947 964 3090 1030 quod
3141 966 3411 1031 tranquil—

1865 1043 1972 1097 lum
2040 1054 2094 1099 et
2140 1047 2384 1116 quietum
2435 1056 2585 1106 erat.
2627 1048 2913 1102 adversum
2968 1066 3024 1102 se
3062 1053 3408 1105 concitando.

1862 1131 2218 1185 Dissidiorum
2254 1135 2396 1187 enim
2433 1135 2546 1202 ipse
2573 1151 2634 1188 ac
2669 1138 2930 1189 malorum
2956 1146 3144 1189 auctor
3174 1142 3408 1192 exstitit.

1863 1220 1958 1276 Sin
1981 1231 2158 1276 autem
2187 1224 2359 1276 bonus
2383 1239 2490 1276 non
2522 1225 2689 1284 dedit.
2726 1228 2862 1278 alter
2919 1227 3124 1278 dederit
3192 1243 3412 1280 necesse

1860 1319 1964 1366 est.
2008 1311 2082 1364 Ita
2112 1328 2216 1366 non
2255 1314 2365 1380 jam
2397 1314 2540 1374 duo,
2587 1317 2680 1369 sed
2715 1325 2824 1368 tres
2851 1325 3028 1368 erant.
3078 1314 3208 1366 Nam
3262 1318 3408 1383 quod

1860 1403 1984 1469 quis
2021 1416 2130 1456 non
2169 1403 2351 1466 habet,
2399 1403 2502 1456 hoc
2548 1419 2577 1455 a
2625 1419 2683 1457 se
2733 1407 2992 1471 consequi
3049 1420 3152 1456 non
3207 1414 3405 1472 potest.

1861 1488 2022 1542 MAN.
2040 1491 2107 1543 At
2128 1492 2366 1558 potentia
2383 1492 2545 1544 vitam
2563 1492 2790 1545 habebat
2809 1502 2861 1544 et
2880 1501 3103 1545 tnotum.
3127 1493 3333 1546 ORTII.
3353 1496 3408 1549 Si

1859 1579 2097 1647 potentia
2123 1579 2287 1632 vitam
2323 1588 2376 1633 et
2419 1588 2625 1632 motum
2671 1582 2939 1645 habebat;
2981 1599 3111 1651 ergo
3170 1587 3410 1649 potentia

1859 1683 2073 1736 quoque
2120 1668 2262 1721 bona
2289 1679 2405 1721 erat
2443 1685 2455 1719 :
2500 1669 2766 1736 siquidem
2803 1672 2908 1722 vita
2946 1679 2998 1723 et
3048 1680 3227 1723 motus
3248 1673 3413 1725 'intcr

1863 1758 2004 1811 bona
2037 1757 2146 1810 sint
2194 1758 2484 1812 censenda.
2516 1757 2681 1810 MAN.
2704 1759 2824 1810 Mali
2861 1760 2965 1810 vita
2993 1767 3044 1811 et
3069 1772 3268 1820 motus,
3307 1778 3409 1813 non

203 1844 318 1899 οὐκ
356 1813 628 1915 ίνεργείᾳ·
653 1846 748 1898 καὶ
779 1845 928 1897 ἔσται
948 1813 992 1913 ’ἡ
1016 1813 1184 1897 κακία
1215 1813 1314 1896 οῦκ
1343 1813 1592 1911 άναρχος.
1611 1813 1679 1895 Ἐί
1706 1844 1761 1895 δὲ

1865 1843 2090 1907 bonum,
2131 1843 2224 1896 sed
2242 1845 2438 1896 malum
2462 1853 2563 1898 est.
2594 1843 2803 1898 ORTII.
2835 1844 2985 1908 Quod
3014 1861 3041 1897 a
3079 1813 3316 1912 potentia
3345 1848 3408 1900 ad

204 1931 422 2000 ἀγαθὸν
450 1935 483 2003 ή
516 1933 718 2000 ταύτης
754 1933 864 2001 ζωή
888 1949 947 1984 τε
977 1933 1069 1984 καὶ
1096 1933 1327 1999 κίνησις,
1364 1934 1426 1983 ὲκ
1451 1932 1645 1991 κακίας
1673 1927 1766 1998 ἦλ-

208 2022 313 2075 θεν
332 2024 412 2084 είς
438 2021 656 2088 ἀγαθόν.
680 2022 846 2074 MAN.
884 2022 947 2073 Τί
971 2021 1057 2082 δές
1086 2022 1181 2089 οὐχ
1199 2023 1231 2089 ή
1263 2021 1436 2088 φθορὰ
1470 2020 1654 2089 ἑτέρου
1672 2020 1766 2086 γέ-

207 2127 397 2174 νεσις;
427 2110 574 2162 ΟΡΘ.
598 2111 707 2179 Οὐχ
729 2113 762 2177 ἡ
787 2109 960 2178 φθορὰ
978 2111 1184 2176 γίνεται
1222 2109 1450 2175 γένεσις,
1480 2109 1592 2160 ἀλλ’
1614 2117 1642 2157 1
1665 2109 1768 2160 ὑπὸ

207 2197 355 2249 Θεοῦ
387 2197 450 2250 ἐκ
481 2196 573 2249 τοῦ
619 2195 694 2266 μὴ
741 2197 888 2259 ὄντος
921 2198 998 2253 είς
1040 2195 1098 2247 τὸ
1131 2191 1269 2247 εῖναι
1304 2194 1593 2266 προστάξει
1631 2193 1765 2247 Θεοῦ

209 2285 702 2355 δημωυργηθεῖσα,
727 2285 931 2354 τρεπτὴ
961 2281 1114 2346 οὖσα,
1141 2284 1214 2345 ὡς
1242 2285 1349 2337 ἀπὸ
1369 2283 1573 2352 τροπῆς
1601 2283 1766 2351 ἀρχο-

217 2375 383 2445 μένη.
419 2376 604 2444 Τροπὴ
648 2377 755 2445 γάρ
783 2376 918 2438 ἐστι,
965 2375 1025 2426 τδ
1051 2375 1114 2425 ὲκ
1159 2373 1233 2441 μὴ
1260 2373 1410 2433 δντος
1438 2373 1518 2434 είς
1538 2372 1596 2423 τὸ
1627 2368 1764 2424 εἶναι

211 2464 414 2518 aestv.
439 2460 538 2516 Ὧν
565 2463 622 2525 δὲ
652 2464 711 2516 τὸ
742 2461 876 2515 εῖναι
906 2463 1012 2514 άπὸ
1047 2463 1249 2531 τροπῆς
1301 2461 1519 2532 ήρξατο,
1557 2462 1762 2529 τρεπτὰ

212 2554 458 2619 πάντως,
488 2554 580 2606 καὶ
597 2553 858 2605 ἀλλοιωτά
881 2567 895 2581 ο
917 2550 1121 2620 τρεπτὴ
1147 2547 1278 2601 οὖσα
1315 2551 1348 2616 ή
1382 2549 1499 2616 ῦλη,
1533 2548 1608 2616 τῷ
1625 2548 1764 2616 ’θείῳ

213 2643 598 2714 προστάγματι
630 2634 924 2704 ζωοῦται,
974 2639 1066 2691 καὶ
1115 2638 1408 2706 φθείρεται,
1464 2637 1558 2688 καὶ
1605 2636 1764 2688 πάλιν

213 2733 486 2797 ζωοῦταιε
527 2732 665 2785 ῶστε
707 2731 802 2799 οὐχ
829 2731 860 2798 ή
903 2728 1075 2797 φθορά
1104 2729 1421 2797 δημιουργεῖ
1445 2727 1543 2795 τὴν
1573 2726 1764 2794 γέννη-

216 2841 305 2876 σιν
338 2833 383 2886 ⁸,
406 2823 538 2874 ἀλλὰ
564 2821 623 2873 τὸ
646 2821 783 2874 θεῖον
814 2820 1137 2889 πρόσταγμα
1169 2817 1295 2888 ζωοί
1336 2819 1429 2870 καὶ
1455 2831 1762 2883 γενεσιουρ-

213 2915 325 2977 γεῖ.

1869 1938 2048 1984 actum
2087 1929 2326 1992 transiit,
2358 1933 2644 1985 mutationi
2679 1933 2889 1996 subest,
2917 1942 3205 2001 ortumque
3230 1936 3410 1996 habet,

1871 2033 1970 2072 nec
2012 2019 2163 2071 initio
2190 2028 2355 2072 caret.
2389 2019 2457 2071 Ut
2501 2036 2620 2072 cum
2661 2023 2899 2088 potentia
2922 2023 3084 2073 vitam
3125 2031 3177 2074 ct
3212 2033 3409 2075 motuin

1871 2108 2112 2172 haberet,
2181 2118 2357 2161 actum
2390 2110 2617 2176 posthac
2639 2110 2916 2162 habuerit.
2940 2109 2993 2162 Si
3033 2119 3209 2163 autem
3241 2113 3411 2179 ipsius

1871 2197 1978 2248 vita
2009 2211 2070 2250 ac
2099 2197 2268 2250 motio
2298 2199 2438 2250 mala
2467 2207 2569 2259 est,
2602 2201 2838 2266 potentia
2879 2201 3084 2266 utique,
3124 2217 3227 2252 non
3263 2212 3408 2268 actu,

1871 2286 2010 2338 mala
2041 2295 2157 2339 erat
2199 2303 2213 2339 :
2241 2289 2427 2354 sicque
2447 2288 2641 2340 malum
2669 2291 2921 2356 principii
2945 2305 3138 2357 expers
3162 2308 3264 2344 non
3288 2295 3408 2346 erit.

1872 2372 1966 2425 Sin
2001 2381 2175 2426 autem
2228 2374 2396 2442 ipsius
2431 2375 2534 2426 vita
2563 2385 2615 2427 et
2653 2377 2816 2428 motio
2847 2377 2982 2430 bona
3011 2386 3092 2430 est
3131 2394 3142 2427 :
3173 2394 3234 2431 ex
3272 2382 3411 2434 malo

1870 2463 2032 2531 igitur
2062 2461 2116 2514 in
2147 2461 2346 2515 bonum
2391 2464 2631 2516 transit”.
2661 2464 2822 2516 MAN.
2861 2467 2994 2529 Quid
3030 2469 3191 2519 vero?
3232 2485 3408 2521 annon

1868 2550 2031 2603 unius
2064 2552 2358 2615 corruptio,
2381 2552 2604 2604 alterius
2630 2556 2907 2620 generatio
2932 2565 3034 2608 cst.
3054 2555 3260 2608 ORTII.
3281 2559 3415 2610 (ἰοῖς

1869 2639 2048 2704 rttptio
2078 2638 2494 2706 haudquaquam
2557 2642 2832 2707 generatio
2905 2644 3034 2705 tit’,
3062 2644 3152 2696 sed
3191 2644 3205 2712 [
3247 2656 3414 2697 mate-

1869 2726 1991 2796 ria]
2029 2743 2056 2778 a
2085 2727 2189 2781 Deo
2218 2727 2373 2793 jussu
2405 2729 2596 2796 ipsius,
2642 2745 2706 2782 ex
2742 2731 2913 2782 nihilo
2947 2734 3189 2795 condita,
3235 2743 3413 2785 muta-

1869 2815 2004 2867 tioni
2061 2817 2295 2868 obnoxia
2335 2825 2438 2879 cst,
2494 2826 2551 2869 ut
2592 2833 2713 2886 qua:
2768 2833 2795 2869 a
2842 2822 3140 2872 mutatione
3200 2822 3410 2874 initium

1868 2905 2201 2973 sumpserit(
2231 2904 2453 2958 Mutatio
2497 2907 2638 2959 enim
2694 2918 2810 2971 est,
2843 2924 2871 2960 a
2910 2925 3015 2962 non
3060 2926 3181 2964 esse
3208 2911 3270 2962 ad
3295 2928 3416 2965 esse

216 3005 481 3075 prodire).
532 3003 604 3057 Ea
642 3017 802 3072 porro
836 3016 1066 3072 quorum
1112 3016 1288 3056 cssea
1371 3000 1668 3051 mutatione
1702 2996 1914 3050 initium
1984 2997 2192 3059 habuit,
2258 2999 2542 3052 mutationi
2591 3015 2838 3068 prorsus,
2904 3011 3064 3070 atque
3111 3005 3412 3057 alteratioui

215 3095 456 3149 obnoxia
483 3104 630 3148 sunt.
661 3094 793 3146 Cum
827 3095 1008 3160 itaque
1038 3091 1262 3144 materia
1289 3089 1483 3142 mutari
1538 3087 1710 3157 possit
1738 3125 1752 3148 ,
1796 3086 1982 3139 divino
2019 3087 2242 3154 imperio
2271 3089 2433 3140 vitam
2468 3091 2686 3158 accipit,
2751 3094 3154 3160 corruptionem
3216 3095 3412 3146 admit-

219 3186 310 3246 tit,
340 3198 640 3250 rursusque
673 3181 968 3235 reviviseit.
1001 3181 1076 3232 Ac
1107 3179 1332 3248 proinde
1359 3193 1463 3232 non
1491 3178 1766 3243 corruptio
1810 3177 2217 3243 generationem
2247 3177 2425 3242 efﬁcit,
2465 3179 2560 3232 scd
2590 3179 2834 3233 divinum
2897 3181 3183 3249 imperium
3249 3183 3414 3234 vitam

215 3278 315 3333 dat
340 3286 395 3332 et
429 3276 697 3345 producit.

291 3379 394 3426 κε’.
420 3339 626 3423 Ιιῦίπὲδὲ
651 3368 741 3421 καὶ
769 3368 951 3420 τοῦτο·
989 3369 1055 3421 τά
1084 3369 1175 3420 τοῦ
1204 3368 1378 3436 φωτὸς
1409 3368 1527 3436 ὅρια
1549 3407 1561 3429 ,
1595 3365 1766 3432 φωτὸς

1935 3358 2026 3410 25.
2092 3358 2246 3412 Dicas
2293 3372 2421 3411 vero
2448 3357 2670 3424 etjstud
2723 3373 2945 3426 quoque
2991 3376 3004 3411 :

218 3460 593 3529 πεπλήρωται,
625 3456 655 3526 ἢ
681 3455 773 3521 οῦς
801 3457 968 3508 MAN.
1000 3457 1165 3509 Παντί
1201 3473 1302 3508 που
1339 3455 1514 3522 δῆλον,
1554 3454 1626 3515 ὼς
1657 3470 1764 3520 φω-

217 3549 312 3608 τὸς
339 3547 710 3615 πεπλήρωται.
734 3546 884 3597 ΟΡΘ.
917 3545 988 3596 Τὸ
1017 3545 1129 3612 φῶς
1160 3546 1252 3596 καὶ
1288 3544 1346 3596 τὸ
1372 3543 1558 3604 σκότος
1592 3543 1764 3594 δεκτι⁹

220 3637 296 3690 κά
337 3637 579 3707 ἀλλήλων
613 3638 766 3702 είσὶν,
822 3637 854 3705 ἢ
893 3635 1243 3698 άνεπίὸεκτας
1300 3633 1469 3688 MAN.
1513 3631 1762 3684 Δεκτικά.

217 3726 373 3779 ΟΡΘ.
407 3709 612 3779 Οὐκοῦν
636 3724 734 3777 οῦκ
780 3725 883 3776 είσι
914 3724 1092 3791 φύσει,
1144 3723 1172 3774 ὃ
1204 3724 1339 3774 είσι·
1372 3721 1431 3772 τὸ
1459 3719 1565 3789 γὰρ
1610 3719 1765 3785 φύσει

220 3814 484 3881 πεφυκὸς,
515 3814 575 3864 οὐ
613 3812 958 3881 μεθίσταται·
995 3812 1086 3863 καὶ
1115 3813 1148 3880 ή
1187 3811 1343 3877 φῦσει
1371 3807 1482 3879 ζωὴ
1521 3808 1766 3861 ἀνεπίδε-

222 3920 348 3964 κτος
375 3901 623 3955 θανάτου.
650 3901 771 3961 Πῶς
793 3897 885 3953 οὖν
912 3900 1151 3968 ὡμίλησε
1186 3900 1322 3966 φωτὶ
1349 3899 1408 3950 τὸ
1439 3900 1641 3961 σκότος,
1674 3898 1764 3949 καὶ

217 3994 282 4044 ut)
318 3991 564 4059 διελύθη;
598 3987 728 4043 Εἶτα
756 3993 784 4042 ό
817 3989 975 4051 τόπος
1015 3987 1105 4040 τοῦ
1137 3989 1309 4055 φωτδς
1339 3987 1639 4056 ἐπληροῦτο
1672 3986 1763 4038 τοῦ

219 4059 424 4146 ἀγαθοῦ
458 4081 548 4131 καὶ
602 4077 693 4130 τοῦ
737 4078 929 4146 φωτὸς,
978 4077 1011 4145 ἢ
1054 4077 1149 4141 οῦ;
1203 4077 1372 4129 MAN.
1418 4075 1761 4147 Ἐπληροῦτο.

218 4169 372 4222 υΡΘ.
407 4170 529 4230 Πῶς
568 4165 660 4221 οῦν
694 4159 941 4237 ἐχωρήθη
991 4168 1050 4218 τὸ
1097 4167 1315 4229 σκότοςς
1369 4167 1428 4219 οὐ
1466 4165 1568 4234 γὰρ
1620 4166 1766 4233 μεδι-

222 4258 414 4324 μναῖον
457 4257 676 4320 ἀγγεῖον
703 4292 719 4316 ,
775 4254 1015 4322 χωρήσει
1061 4253 1403 4321 διμέδιμνονο
1454 4254 1722 4305 τουτέστιν
1748 4293 1762 4315 ,

217 4347 442 4412 ἀγγεῖον
471 4345 585 4406 ὲνδς
626 4345 803 4412 μοδίου
837 4343 1158 4412 χωρητικὸν,
1189 4343 1286 4395 οὐκ
1312 4344 1376 4396 ἂν
1407 4343 1641 4411 χωρήσει
1673 4342 1764 4394 δύο

220 4435 456 4504 μοδίους.

202 4600 207 4604 ’
293 4604 402 4670 κς’.
436 4601 566 4658 Εἶτα
605 4606 928 4666 εἰσελθόντες
971 4605 1019 4656 oi
1057 4604 1151 4656 τοῦ
1195 4603 1421 4664 σκότους
1454 4602 1654 4672 καρποὶ
1683 4603 1762 4662 εἰς

214 4696 289 4748 τὰ
317 4667 437 4763 ὅρια
486 4695 578 4746 τοῦ
611 4694 803 4759 φωτὸς,
838 4694 887 4744 τί
921 4696 1309 4760 πεποιήκασιν;
1351 4693 1458 4761 ἢτί
1491 4667 1759 4745 πεπόνθα-
1793 4667 1838 4724 D

217 4800 340 4846 atv;
371 4783 540 4835 MAN.
567 4777 714 4833 Εἶδον
732 4784 790 4832 τὸ
811 4783 943 4849 φῶς,
981 4785 1074 4834 καὶ
1106 4781 1510 4850 προσεκύνησαν
1539 4793 1562 4820 α
1595 4782 1758 4850 αὐτῷ,

215 4875 317 4927 καὶ
347 4874 424 4934 είς
456 4873 629 4942 ἔρωτα
672 4871 835 4922 αὑτοῦ
883 4868 1062 4940 ἦλθον.
1089 4875 1238 4926 ΟΡΘ.
1291 4875 1354 4927 Ὢ
1383 4873 1644 4924 σκοτεινοὶ
1673 4875 1764 4924 καὶ

215 4963 436 5030 ἀνόητοι
459 4977 471 4990 ⁸
509 4960 703 5026 τυφλὸν
727 4962 786 5012 τὸ
813 4961 1018 5022 σκότος,
1059 4961 1091 5029 ἢ
1127 4962 1415 5027 φωτεινόν;
1456 4962 1622 5012 MAN.
1654 4962 1760 5011 Τυ-

219 5049 371 5118 φλόν.
407 5050 555 5102 ΟΡΘ.
589 5052 694 5102 Καὶ
718 5050 830 5112 πῶς
853 5052 980 5118 όρᾷν
1009 5049 1226 5102 δύναται
1244 5049 1302 5100 τὸ
1329 5050 1554 5117 τυφ).όν;
1588 5050 1620 5106 ἣ
1650 5049 1764 5110 πῶς

219 5140 286 5190 τὺ
321 5139 593 5200 παντελῶς
631 5140 797 5192 κακὸν
847 5139 1148 5207 θαυμάσει,
1195 5141 1227 5207 ἢ
1269 5138 1616 5206 ὲρασθήσεται
1668 5138 1757 5189 τοῦ

223 5223 428 5291 ἀγαθοῦ
449 5243 461 5288 ;

3060 3358 3195 3410 illc-5
3247 3360 3400 3421 tinos,

1864 3455 2064 3501 suntne
2117 3448 2234 3500 luce
2261 3447 2428 3514 pleni,
2513 3449 2720 3500 necne?
2751 3447 2912 3500 MAN.
2962 3448 3149 3501 Cuivis
3208 3451 3415 3517 perspi-

1864 3553 2025 3591 cuum
2054 3544 2156 3598 est,
2190 3537 2310 3590 luce
2337 3537 2528 3604 plenos
2558 3552 2697 3590 esse.
2737 3536 2945 3589 ORTH.
2988 3536 3278 3606 Nunquid,
3323 3541 3412 3592 lux

1862 3633 1914 3678 et
1943 3625 2176 3680 tenebrae
2200 3639 2319 3679 sese
2349 3624 2577 3677 invicem
2605 3626 2888 3679 admittere
2911 3638 3156 3694 possunt,
3190 3645 3288 3680 nec
3314 3631 3417 3682 ne?

1863 3710 2025 3764 MAN.
2066 3711 2362 3764 Admittere
2389 3727 2445 3766 se
2476 3712 2704 3766 invicem
2745 3723 2997 3780 possunt.
3025 3714 3230 3767 ORTll.
3274 3716 3414 3785 Ergo

1863 3814 1972 3874 non
2006 3805 2195 3852 natura
2229 3809 2376 3860 sunt,
2397 3799 2446 3851 id
2475 3800 2616 3867 quod
2649 3811 2799 3855 sunt.
2827 3801 3034 3855 Etenim
3060 3806 3200 3869 quod
3220 3814 3410 3858 natura

1862 3896 2230 3955 comparatum
2259 3897 2360 3950 est,
2399 3903 2504 3938 non
2527 3897 2790 3942 mutatur.
2827 3889 2955 3941 Nam
2988 3901 3034 3941 ct
3069 3907 3187 3958 qua:
3222 3903 3412 3945 natura

1862 3978 1968 4029 vita
1993 3985 2095 4038 cst,
2129 3985 2351 4029 mortem
2386 3977 2668 4031 admittere
2713 3979 2915 4046 nequit.
2954 3980 3197 4042 Quonam
3257 3983 3418 4048 igitur

1863 4065 2023 4117 modo
2043 4065 2276 4117 tenebra:
2301 4065 2377 4116 sic
2405 4081 2530 4117 cum
2555 4067 2676 4120 luce
2711 4079 2934 4121 versatae
2969 4079 3116 4130 sunt,
3152 4074 3282 4137 quin
3306 4073 3416 4126 dis—

1861 4152 2048 4218 sipatae
2078 4151 2314 4202 fuerint?
2349 4151 2482 4202 Illud
2532 4153 2657 4205 item
2691 4169 2908 4220 qutcro,
2953 4156 3106 4208 locus
3147 4157 3281 4208 lucis
3324 4159 3417 4211 bo-

1861 4255 2001 4293 noue
2040 4253 2104 4292 ac
2151 4240 2354 4292 lumine
2409 4242 2605 4307 plenus
2650 4254 2764 4295 erat
2791 4284 2804 4306 ,
2843 4247 3058 4296 annon?
3099 4246 3256 4298 MAN.
3300 4247 3417 4298 l’lc-

1861 4346 1962 4383 nns
1993 4340 2127 4382 erat.
2177 4329 2384 4383 ORTll.
2418 4331 2518 4394 Qui
2564 4333 2726 4399 igitur
2760 4335 2878 4400 capi
2929 4343 3092 4400 atque
3139 4338 3406 4390 contineri

1860 4419 2092 4471 tenebrae
2137 4422 2454 4485 potuerunt?
2499 4437 2670 4488 neque
2711 4425 2852 4474 enim
2894 4439 2985 4476 ras
3019 4425 3180 4477 unius
3222 4427 3408 4490 modii,

1869 4509 2004 4561 'luos
2032 4509 2241 4560 modiOs
2271 4523 2464 4576 capere
2495 4519 2678 4575 queat.

1929 4597 2019 4649 26.
2057 4596 2255 4649 Deinde
2299 4599 2641 4650 tenebrarum
2695 4599 2912 4652 fructus
2962 4600 3099 4654 lucis
3158 4603 3288 4657 lines
3325 4605 3409 4655 in-

1865 4687 2066 4754 grcssi,
2085 4687 2209 4753 quid
2231 4695 2478 4753 egerunt,
2501 4697 2590 4738 aut
2611 4689 2736 4754 quid
2771 4691 2909 4754 passi
2933 4692 3091 4741 sunt?
3122 4690 3280 4741 MAN.
3308 4691 3416 4744 Lu-

1867 4790 1980 4827 ccui
2024 4774 2295 4833 viderunt,
2345 4774 2623 4840 ipsiusque.
2668 4775 3022 4828 admiratione
3067 4780 3236 4843 capti.
3277 4779 3416 4832 hanc

1870 4865 2251 4925 adoravcruut,
2290 4873 2676 4930 cmpcruntque
2708 4865 2975 4931 deperire.
3024 4867 3226 4918 ()li1'll.
3258 4869 3300 4917 0
3323 4884 3417 4920 vos

1869 4953 2183 5006 tenebrosos
2235 4960 2287 5004 et
2367 4954 2618 5004 stolidos!
2704 4953 2960 5005 Teiicbrzc
3026 4970 3180 5005 συρτει
3251 4964 3415 5016 sunt,

1867 5058 1933 5095 an
1957 5043 2092 5095 lucis
2122 5056 2367 5110 capaces.
2403 5040 2561 5094 MAN.
2587 5043 2782 5095 Cascae?
2831 5042 3034 5094 URTll.
3073 5042 3300 5107 Quinam
3328 5059 3416 5095 er-

1871 5147 1937 5200 go
1970 5132 2016 5183 id
2063 5131 2205 5199 quod
2243 5146 2442 5184 caecum
2474 5132 2776 5192 cst,\-itlcrc
2804 5133 3010 5198 possit?
3048 5148 3219 5198 quove
3261 5142 3416 5197 ιιςιι-ιυ

1870 5220 2024 5290 ah]
2087 5220 2227 5286 quod
2282 5221 2500 5273 omnino
2529 5221 2728 5271 Inaluut
2761 5230 2863 5283 cst,
2898 5222 3021 5273 boui
3061 5223 3416 5274 admiratione

1873 5311 2150 5369 afﬁcietur,
2186 5321 2232 5362 ct
2274 5311 2402 5362 illud
2438 5310 2692 5379 appetet?

266 5416 316 5448 ’⁸
355 5414 511 5471 Lib.-i
550 5417 753 5486 Physic.
804 5434 921 5487 cap.
971 5421 1017 5473 8.
1103 5423 1122 5451 '
1155 5422 1267 5475 Lib.
1310 5439 1322 5474 ι
1354 5422 1421 5473 De
1449 5438 1562 5488 gen.
1621 5424 1703 5474 tit.
1753 5422 1812 5471 ΓΙ
1839 5431 1891 5472 ct
1923 5423 2011 5472 '20.

1467 5509 1548 5559 VA
1561 5508 1691 5561 lll/E
1733 5508 2015 5561 LECTION
2028 5507 2064 5558 Ε
2078 5509 2131 5558 S.

259 5661 268 5670 _
299 5599 323 5637 γ
370 5592 562 5670 lli-csse
586 5592 776 5648 \iJctit
814 5596 931 5663 ὕλη,
967 5599 1047 5650 τρὶ
1079 5599 1374 5651 subaudiri.

229 5671 332 5714 tius
356 5671 690 5719 (titiu'ltcrtutt.

1459 5609 1471 5631 -’
1520 5597 1735 5650 [.t‘tttit'l.
1763 5598 2029 5656 (‘ntt‘tidul,
2074 5597 2131 5662 γέ
2155 5612 2303 5645 επεν.

2383 5607 2401 5632 δ
2441 5593 2598 5648 liastl.
2662 5595 3110 5662 προσεκίσσηςαν,
3153 5597 3405 5646 ιιΙιωων-
