4156 6436
722 372 858 437 1535

1972 366 2031 426 S.
2069 362 2390 426 JOANNIS
2425 364 2516 422 DA
2528 365 2851 426 MASCENI
3870 367 3990 420 Ιὶιὶιὲ,

723 484 1117 556 progrediatur.
1158 480 1297 535 Nam
1350 478 1492 549 quod
1543 487 1739 533 natura
1793 476 2021 531 insitum
2076 485 2180 536 est.
2241 477 2295 529 in

2419 476 2644 545 τοιότης,
2660 480 2917 550 ἀκίνητος
2935 495 2949 510 ο
2968 478 3036 533 τὰ
3048 480 3103 533 δὲ
3126 480 3528 551 μεταϐάλλοντα
3546 477 3643 531 καὶ
3660 475 3990 547 τρεπόμενι.

722 577 870 631 aliud
913 591 1017 629 non
1060 575 1262 645 migrat
1289 587 1421 625 :nec
1450 572 1561 625 ulla
1595 570 1902 626 substantia
1935 586 1997 625 ex
2038 570 2298 637 incorpo-

726 684 819 722 reo
852 668 902 721 in
937 682 1138 737 corpus
1167 666 1421 729 vertitur,
1473 677 1572 717 nec
1601 678 1667 717 ex
1698 677 1933 733 corpore
1961 663 2015 716 in
2042 662 2301 730 incorpo-

727 775 898 820 reum,
946 774 1045 813 nec
1080 774 1144 810 ex
1179 756 1435 810 rationali
1469 756 1521 808 in
1567 755 1797 809 rationis
1848 768 2066 823 expers,
2100 768 2203 805 nec
2234 767 2299 806 ex

726 855 955 908 rationis
1011 860 1255 922 experte,
1325 854 1379 905 in
1436 851 1676 906 rationis
1748 853 2047 920 particeps.
2110 851 2303 920 Neque

726 948 874 999 enim
896 944 1209 998 essentialis
1244 942 1487 1011 qualitas
1544 941 1863 997 submovcri
1914 949 2113 1009 potest.
2172 941 2303 1006 Quae

726 1045 905 1090 autem
961 1044 1263 1098 imitantur,
1334 1033 1635 1088 accidentis
1706 1033 1918 1087 ratione
1974 1041 2298 1085 mutantur:

726 1144 847 1197 qua:
909 1128 1128 1195 quidem
1195 1125 1504 1178 accidentia
1560 1123 1765 1177 adsunt
1806 1132 1859 1179 et
1902 1125 2100 1178 absunt
2164 1123 2302 1175 citra

730 1220 961 1287 subiecti
1029 1217 1464 1286 corruptionem.
1518 1214 1675 1280 Quod
1720 1216 1766 1269 si
1826 1230 1891 1269 ex
1928 1213 2087 1285 443
2134 1214 2305 1267 nihilo

730 1311 981 1364 dixeritis
1010 1296 1031 1370 ς’
1059 1309 1196 1362 illud
1226 1322 1421 1361 rursus
1448 1322 1476 1359 a
1521 1307 1679 1361 vobis
1724 1320 1986 1375 quaaram,
2044 1304 2303 1374 quidnam

730 1416 910 1454 causa:
943 1403 1033 1464 sit,
1066 1414 1238 1468 quare
1282 1413 1405 1452 cum
1445 1399 1811 1464 incorporeus
1835 1404 1889 1450 et
1926 1396 2103 1449 malus
2136 1406 2305 1456 esset.

729 1492 797 1545 de
830 1493 990 1544 malis
1046 1490 1493 1544 co.nmistionem
1540 1487 1688 1541 illam
1743 1503 1853 1541 non
1911 1473 2306 1541 fecerit‘l'cur

731 1595 841 1634 non
878 1580 1088 1632 animas
1114 1592 1335 1645 quoque
1370 1583 1572 1628 natura
1625 1575 1799 1628 malas
1840 1574 1989 1639 fecit,
2036 1574 2305 1643 quemad-

731 1670 951 1722 modum
998 1677 1049 1721 et
1093 1658 1320 1737 corpus,
1362 1666 1510 1735 quod
1548 1676 1746 1719 natura
1798 1666 2001 1719 malum
2058 1680 2184 1719 esse
2220 1680 2307 1719 as-

733 1760 960 1814 seritis?
992 1759 1267 1824 Quidnam
1296 1747 1482 1811 cansa:
1515 1765 1618 1819 est,
1650 1757 2009 1823 quamobrem
2049 1758 2308 1825 nequitia:

735 1868 848 1906 sua:
881 1860 1090 1920 partem
1123 1851 1252 1904 boni
1286 1846 1643 1902 admiscucrit
1668 1848 1689 1899 ?
1719 1845 1906 1915 Neque
1940 1847 2087 1899 enim
2129 1846 2307 1901 bonus
2341 1829 2379 1881 Β

738 1944 839 2011 hoc
890 1942 1037 1996 fecit.
1092 1941 1169 1994 Ex
1225 1956 1336 2009 quo
1367 1938 1686 1999 coniicitur,
1738 1947 1796 1991 ut
1833 1952 1939 2009 non
1991 1939 2174 2007 plene,
2210 1953 2311 1993 nec

736 2050 965 2104 prorsus
1020 2034 1223 2095 malus,
1263 2030 1361 2086 sed
1413 2029 1651 2099 quadam
1686 2044 1754 2083 ex
1809 2038 1962 2098 parte
1997 2029 2175 2083 bonus
2216 2030 2308 2084 sit.

736 2127 911 2192 Alilllt‘
942 2106 1055 2177 lucc
1089 2139 1114 2174 a
1146 2122 1303 2175 vobis
1336 2119 1518 2173 all'erri
1560 2125 1790 2188 queant,
1824 2118 1867 2172 si
1914 2132 2040 2172 cum
2082 2133 2314 2187 corpore

739 2230 933 2268 vacare
979 2212 1251 2266 dixeritis.
1307 2208 1402 2263 Sin
1449 2216 1634 2262 autem
1673 2223 1876 2277 corpus
1925 2215 2032 2271 est,
2070 2223 2311 2277 quonam

737 2314 898 2373 pacto
934 2312 1111 2358 motus
1144 2301 1285 2355 fuit?
1338 2299 1510 2355 Omne
1562 2299 1835 2368 siquidem
1883 2308 2086 2367 corpus
2116 2314 2316 2354 secun-

2406 568 2545 621 κατὰ
2570 570 2915 640 συμϐεϐηκὸς
2944 573 3226 642 τρέπεται,
3247 573 3280 625 ἆ
3306 589 3424 625 τινα
3451 571 3717 638 γίνονται,
3739 567 3841 619 καὶ
3870 570 3990 615 ἀπο)-

2403 666 2642 733 γίνονται
2668 666 2789 735 δίχα
2820 666 2919 735 τῆς
2953 667 3049 720 τοῦ
3084 668 3446 734 ὑποκειμένου
3475 665 3713 734 φθορᾶς.
3744 663 3810 713 ΕΞ
3840 662 3899 713 δὲ
3928 661 3994 710 εί-

2404 774 2543 826 πητε
2570 758 2633 809 ὲκ
2662 757 2754 811 τοῦ
2787 758 2859 828 μὴ
2891 758 3067 822 ὄντος,
3095 760 3285 813 είπατε
3311 761 3470 827 ἡμῖν,
3497 758 3587 809 διὰ
3616 756 3672 807 τί
3703 754 3995 821 ἀσώματος

2404 844 2538 901 οὖσα
2569 850 2662 901 καὶ
2697 851 2929 921 πονηρὰ,
2965 852 3037 919 μὴ
3070 849 3296 919 ἐποίησε
3327 850 3426 919 τὴν
3455 848 3730 917 σύμμιξιν
3760 843 3881 898 ἀπὸ
3910 861 3996 895 πο-

2404 940 2613 1010 ντκρῶν;
2652 942 2739 995 διὰ
2764 943 2817 995 τί
2848 941 2923 1012 μὴ
2949 941 3171 1011 ἐποίησε
3195 944 3289 995 καὶ
3317 941 3495 1010 ψυχὰς
3528 940 3693 1007 φύσει
3730 955 3875 1005 now;
3889 936 3995 1004 ρας.

2405 1030 2481 1092 ὡς
2516 1034 2608 1084 καὶ
2654 1032 2714 1084 τὸ
2763 1032 2941 1102 σῶμα,
2974 1034 3047 1096 ὡς
3104 1032 3315 1099 λέγετε,
3351 1032 3512 1099 φύσει
3561 1031 3772 1093 κακόνς
3827 1028 3917 1079 διὰ
3955 1028 3998 1075 τί

2409 1121 2709 1190 συνέκρασε
2739 1124 2803 1191 τῇ
2838 1122 3029 1175 ἑαυτοῦ
3057 1124 3226 1193 κακίᾳ
3260 1122 3424 1192 μέρος
3446 1123 3536 1175 τοῦ
3564 1120 3782 1188 ἀγαθοῦ
3808 1137 3821 1179 ;
3851 1122 3879 1170 ὁ
3901 1119 3998 1183 γὰρ

2406 1211 2608 1277 ἀγαθὸς
2640 1203 2799 1264 τοῦτο
2831 1213 2931 1265 οὐκ
2974 1215 3263 1283 ἐποίησεν·
3313 1215 3386 1276 ὦς
3427 1230 3486 1265 τε
3533 1214 3592 1264 οὐ
3631 1212 3846 1271 τελέως
3896 1212 4000 1260 ἐστι

2410 1301 2787 1372 πονηρὰ,πάλλ’
2819 1302 2929 1373 ἔχει
2961 1304 3126 1374 μέρος
3161 1305 3385 1371 ἀγαθόν.
3426 1306 3535 1358 Καὶ
3569 1302 3751 1355 ταῦτα
3796 1302 3918 1368 μὲν,
3958 1302 4000 1349 εἰ

2408 1393 2700 1462 ἀσώματον
2720 1394 2929 1462 λέγετε.
2956 1396 3018 1449 Ei
3042 1398 3095 1449 δὲ
3121 1396 3300 1466 σῶμα,
3326 1397 3442 1458 πῶς
3464 1394 3697 1464 ἐκινήθη
3720 1411 3733 1455 ;
3761 1394 3884 1444 Ili"
3903 1392 4000 1457 γᾶρ

2410 1482 2568 1552 σῶμα
2608 1484 2727 1535 καθ’
2751 1484 2913 1536 ἑαυτὸ
2946 1484 3347 1556 ἁπροαίρετονά
3370 1486 3463 1537 καὶ
3488 1486 3687 1554 νεκρόν
3713 1500 3724 1511 ·
3756 1482 3882 1544 πῶς
3918 1477 4001 1532 οὖν

2410 1575 2661 1645 ἑκινήθης
2691 1575 2785 1637 ,τίς
2823 1576 2970 1645 αὐτῷ
3005 1577 3206 1631 δέδωκε
3240 1578 3338 1645 τὴν
3377 1578 3627 1645 κίνησινς
3667 1577 3727 1627 '0
3759 1573 4000 1640 ansa:

2411 1667 2509 1720 οὐκ
2548 1666 2641 1745 οὖν
2681 1667 2782 1720 οὐκ
2807 1666 3030 1733 ἀγαθὸς,
3057 1667 3090 1737 ἦ
3116 1668 3176 1719 οὐ
3205 1667 3386 1735 σοςρὸς,
3414 1667 3536 1719 οὐδὲ
3562 1663 4000 1736 προνοητικδς,έ

2413 1759 2640 1826 κινήσας
2660 1756 2758 1827 τὴν
2781 1757 2995 1811 κακίαν.
3024 1758 3087 1810 Εἰ
3109 1757 3165 1809 δὲ
3195 1756 3445 1809 σύνθετον
3470 1758 3687 1825 εἴπητε,
3722 1752 3908 1820 γνῶτε
3934 1754 4002 1803 ὅτι

2410 1849 2517 1901 πᾶν
2550 1848 2609 1901 τὸ
2644 1847 2919 1915 σύνθετον,
2947 1849 3260 1902 εὐδιάλυτον
3278 1866 3289 1879 ·
3318 1850 3413 1901 καὶ
3439 1847 3656 1916 ἀνάγκη
3683 1846 3913 1915 πρῶτον
3935 1839 4002 1895 εἷ-

2408 1956 2496 1991 ναι
2538 1938 2604 1991 τὰ
2647 1937 2815 2000 ἁπλᾶ,
2842 1938 2899 2005 ἐξ
2936 1931 3011 1992 ὧν
3050 1940 3081 2009 ἡ
3131 1938 3380 2002 σύνθεσις
3404 1939 3662 2006 γέγονεν·
3692 1938 3774 1997 ὠς
3796 1934 4005 2003 ἀνάγκη

2410 2028 2625 2099 πρῶτον
2663 2026 2800 2083 εῖναι
2823 2029 2919 2099 τὴν
2942 2030 3146 2082 πίσσαν
3178 2029 3296 2082 καθ’
3320 2029 3542 2099 ἑαυτὴν,
3568 2027 3666 2081 καὶ⁵
3703 2026 3803 2078 τὸν
3843 2022 4008 2093 an,pr

2412 2120 2533 2175 καθ’
2558 2106 2770 2185 ἑαυτὸν,
2810 2124 2904 2175 καὶ
2940 2122 3062 2174 τότε
3103 2122 3358 2190 γενέσθαι
3393 2122 3490 2191 τὴν
3530 2120 3627 2172 τοῦ
3666 2118 4007 2189 impexis-3w

2415 2213 2949 2268 σύνθεσιν.”Εσονται
2977 2210 3071 2269 οὖν
3112 2216 3211 2284 τῆς
3250 2217 3441 2278 κακίας
3472 2213 3644 2284 ἀρχαὶ
3683 2211 3806 2275 δύο,
3837 2210 4007 2263 καὶού

2420 2305 2538 2375 μία.

738 2400 865 2453 dum
900 2416 956 2453 se
988 2398 1205 2451 consilii
1243 2410 1441 2464 expers
1509 2404 1562 2448 et
1609 2402 1889 2447 mortuum
1944 2395 2058 2449 est?
2108 2394 2343 2460 Quinam
2424 2415 2560 2470 ergo
2610 2410 2791 2458 motus
2853 2406 2971 2458 est?
3025 2404 3160 2469 Quis
3209 2406 3309 2471 ipsi
3365 2412 3574 2457 motum
3627 2402 3829 2456 dedit?
3879 2400 4009 2455 Num

738 2495 952 2548 bonus?
990 2494 1149 2559 Atqui
1181 2508 1280 2545 nec
1326 2492 1528 2555 bonus,
1560 2505 1660 2543 nec
1699 2491 1943 2559 sapiens.
1979 2506 2077 2546 nec
2120 2494 2383 2561 providus
2413 2497 2507 2562 sit,
2552 2498 2643 2567 qui
2678 2498 2823 2553 malo
2889 2506 3099 2553 motum
3171 2496 3446 2551 indidcrit.
3499 2495 3661 2560 Quod
3735 2496 3786 2549 si
3871 2511 4009 2551 com-

740 2590 976 2659 positum
1032 2588 1253 2649 dicatis,
1314 2586 1447 2639 illud
1502 2583 1947 2647 animadvertite.
2000 2587 2273 2656 quidquid
2353 2592 2729 2661 compositum
2780 2600 2884 2657 est,
2960 2594 3013 2647 id
3086 2592 3249 2647 facile
3310 2592 3538 2646 dissolvi
3594 2606 3790 2660 posse.
3852 2591 4009 2656 Quin,

742 2682 1015 2752 simplicia
1050 2694 1268 2749 quoque
1307 2679 1460 2748 prius
1506 2693 1625 2732 esse
1672 2692 1963 2731 necessum
2033 2688 2140 2741 est,
2192 2694 2356 2748 quam
2427 2683 2760 2753 compositio
2803 2683 3038 2739 exsistat
3071 2701 3083 2737 :
3118 2674 3594 2752 quemadmodum
3636 2682 3809 2750 prius
3842 2682 4009 2750 picem

742 2775 1004 2838 scorsim,
1041 2787 1102 2825 ac
1148 2786 1330 2825 ceram
1370 2772 1497 2825 item
1552 2770 1785 2825 seorsim
1826 2785 1949 2826 esse
1975 2779 2216 2838 oportet,
2258 2780 2316 2826 ut
2358 2774 2434 2829 ita
2462 2776 2685 2831 demtun
2723 2777 2996 2847 ceropicis
3022 2770 3355 2847 compositio
3387 2776 3498 2829 ﬁat.
3573 2774 3758 2828 Erunt
3835 2777 4013 2843 itaque

744 2869 871 2922 mali
898 2866 1166 2936 principia
1203 2864 1335 2928 duo,
1371 2879 1478 2917 non
1522 2880 1717 2917 unum.

811 2962 898 3015 51.
927 2960 1100 3013 Dicite
1131 2961 1338 3028 itaque,
1374 2974 1405 3012 ο
1434 2957 1741 3019 Manichmi,
1769 2972 1898 3011 num
1944 2956 2054 3012 duo
2101 2958 2311 3029 princi-

743 3055 830 3124 pia
856 3060 1035 3107 vestra
1076 3051 1207 3104 nihil
1246 3051 1470 3104 omnino
1500 3065 1794 3103 commune
1834 3050 2092 3116 habeant,
2128 3064 2195 3103 an
2256 3050 2309 3105 in

2491 2956 2586 3028 λβ⁹.
2634 2959 2837 3012 Εἴπατε
2880 2954 2995 3023 οὖν,
3038 2953 3081 3012 ὦ
3118 2959 3441 3027 Μανιχαῖοιο
3491 2958 3548 3011 αἱ
3586 2959 3723 3027 παρ’
3750 2958 3893 3027 ὑμῖν
3933 2960 4014 3013 δύο

2420 3051 2587 3122 ἀρχαὶ
2613 3052 2893 3115 παντελῶς
2931 3054 3069 3105 εἰσιν
3095 3050 3528 3125 ἀκοινώνητρι,ἢ
3573 3050 3631 3103 ἓν
3672 3068 3794 3103 τισι
3832 3070 4015 3106 κοινω-

744 3145 1074 3213 quibusdam
1123 3142 1474 3205 conveniant,
1526 3150 1580 3195 et
1641 3141 1694 3195 in
1747 3142 2077 3210 quibusdam
2147 3142 2312 3197 dissi-

2419 3144 2590 3206 νοῦσι,
2618 3145 2709 3198 καὶ
2754 3145 2811 3199 έν
2848 3162 2957 3200 τισι
3003 3145 3351 3215 διαφέρουση
3378 3144 3471 3196 καὶ
3506 3145 3554 3195 εί
3600 3145 3704 3213 μὲν
3731 3145 4015 3207 παντελῶς

745 3239 950 3293 deant?
984 3237 1198 3291 Etenim
1236 3237 1279 3290 si
1319 3236 1456 3290 nihil
1487 3249 1716 3303 prorsus
1760 3249 2052 3288 commune
2090 3234 2313 3298 habent,

746 3346 915 3385 unum
944 3331 1071 3391 erit,
1094 3338 1145 3383 et
1173 3329 1403 3383 alterum
1431 3342 1536 3379 non
1566 3326 1693 3379 erit.
1719 3324 1812 3378 Sin
1844 3321 2024 3379 autem
2049 3333 2317 3393 quatenus

676 3444 679 3455 λ
748 3430 898 3485 sunt,
928 3431 1159 3477 eatenus
1190 3422 1333 3473 inter
1365 3434 1423 3472 se
1458 3415 1819 3480 conveniunt,
1854 3423 1968 3469 tum
2003 3415 2235 3469 alterum
2262 3414 2316 3467 in

748 3515 921 3569 altero
950 3514 1252 3574 exsistcnt;
1292 3512 1369 3565 uti
1398 3510 1713 3565 substantia
1746 3515 1801 3561 et
1834 3506 2111 3572 accidens,
2149 3506 2320 3574 siquis

747 3603 871 3657 dem
901 3601 1159 3655 accidens
1188 3616 1283 3669 per
1316 3616 1373 3655 se
1407 3615 1514 3653 non
1546 3598 1838 3653 subsistit:
1874 3597 1956 3650 sic
1995 3598 2147 3650 color
2192 3596 2319 3650 abs-

748 3709 854 3759 que
883 3707 1111 3761 corpore
1150 3691 1421 3745 exsistere
1454 3688 1667 3759 nequit.
1710 3688 1925 3756 Corpus
1977 3702 2142 3755 porro
2189 3684 2319 3740 sub-

750 3784 953 3837 stantia
987 3791 1090 3845 est,
1123 3782 1298 3842 color,
1332 3780 1610 3833 accidens.
1648 3776 1922 3830 Accidens
1963 3784 2146 3829 autem
2198 3774 2324 3829 abs-

750 3890 856 3941 que
901 3873 1133 3940 subjecti
1187 3872 1543 3940 corruptione
1579 3869 1794 3923 accedit
1852 3874 2015 3936 atque
2066 3865 2318 3921 decedit:

753 3967 1009 4019 nimirum
1067 3966 1354 4017 immutato
1409 3964 1616 4026 colore,
1669 3976 1877 4030 corpus
1933 3959 2319 4013 idemimanet.

756 4056 1086 4109 Utrumlibet
1159 4056 1323 4124 igitur
1400 4053 1588 4116 vultis,
1672 4050 2043 4105 substantiam
2113 4047 2319 4101 dicite:

754 4147 1074 4200 utrumlibet
1134 4160 1352 4199 rursus.
1398 4142 1676 4197 accidens.
1715 4141 1869 4206 Quod
1928 4141 1972 4194 si
2031 4148 2325 4206 utrumque

755 4240 1068 4293 substantia
1122 4247 1226 4297 est,
1264 4235 1397 4289 illud
1443 4235 1664 4296 scitote,
1715 4231 2077 4287 substantiam
2114 4243 2143 4281 a
2197 4227 2329 4283 sub-

757 4331 959 4383 stantia
994 4344 1100 4382 non
1143 4327 1435 4388 dissidere,
1477 4340 1579 4379 ncc
1625 4322 1989 4379 substantiam
2010 4317 2328 4373 substantiae

757 4418 1061 4480 adversari,
1095 4417 1204 4471 nisi
1236 4414 1542 4470 accidentis
1573 4414 1810 4466 ratione.
1870 4409 2142 4473 Quocirca
2174 4407 2219 4461 si
2274 4414 2327 4460 et

2422 3240 2558 3291 είσιν
2583 3238 2956 3307 ἀκοινώνητοι,
2985 3240 3016 3307 ἡ
3048 3237 3142 3307 μία
3163 3237 3336 3300 ἔσται,
3369 3236 3461 3289 καὶ
3495 3237 3527 3305 ἡ
3563 3234 3664 3303 μία
3688 3236 3799 3288 οὐκ
3833 3237 4013 3289 ἔσται·

2421 3331 2469 3382 εί
2506 3328 2562 3382 δὲ
2604 3328 2918 3382 κοινωνοῦσι
2945 3329 3085 3383 κατὰ
3106 3328 3164 3381 τὸ
3188 3324 3350 3389 εῖναι,
3375 3329 3449 3391 ὠς
3483 3328 3645 3380 οὐσία
3684 3329 3786 3381 καὶ
3827 3328 4007 3399 συμϐεο

2421 3421 2609 3490 ϐηκδς,
2636 3420 2694 3473 τὸ
2715 3420 2770 3473 ἓν
2793 3422 2854 3474 ὲν
2880 3422 3052 3490 ἑτέρῳ
3078 3420 3191 3490 ἔχει
3217 3422 3315 3488 τὴν
3348 3420 3583 3489 ὓπαρξιν
3606 3438 3618 3451 ·
3652 3421 3715 3473 τὸ
3738 3418 3859 3490 γὰρ
3891 3438 4016 3487 συμ-

2423 3510 2676 3581 ϐεϐηκὸς,
2703 3511 2823 3565 καθ’
2849 3511 3008 3564 ἑαυτὸ
3030 3511 3127 3580 οὐχ
3165 3510 3453 3579 ὑφίσταται
3476 3527 3487 3539 ·
3516 3511 3591 3571 ὡς
3626 3510 3693 3561 τὸ
3730 3511 3943 3579 χρῶμα
3967 3514 4015 3560 9'.

2423 3602 2646 3656 δύναται
2674 3604 2936 3673 συστῆναι
2959 3603 3087 3657 ἄνευ
3116 3602 3557 3670 σώματος.⁹Εστι
3592 3600 3651 3653 δὲ
3692 3600 3758 3652 τὸ
3805 3601 3908 3670 μὲν
3933 3602 4017 3652 σί»

2428 3712 2522 3763 μα,
2549 3694 2727 3755 οὐσία,
2754 3694 2816 3747 τὸ
2841 3694 2896 3746 δὲ
2920 3694 3140 3764 χρῶμα,
3170 3692 3515 3762 συμϐεϐηκός
3534 3707 3546 3721 ·
3572 3690 3635 3743 τὸ
3657 3691 3719 3744 δὲ
3745 3691 4015 3775 συμϐεϐη-

2426 3786 2519 3848 κδς
2551 3782 2761 3851 γίνεται
2808 3786 2901 3836 καὶ
2952 3785 3275 3851 ἀπογίνεται
3319 3785 3488 3853 χωρὶς
3521 3783 3619 3850 τῆς
3654 3781 3882 3851 φθορᾶς
3937 3779 4017 3831 τοῦ

2427 3876 2815 3945 ὑποκειμένου,
2865 3875 2960 3927 τοῦ
3015 3874 3305 3946 χρώματος
3355 3873 3822 3943 ἁλλασσομένου,
3868 3874 3929 3925 τὸ
3975 3872 4021 3924 δὲ

2429 3968 2589 4035 σῶμα
2616 3967 2677 4019 τὸ
2709 3966 2840 4019 αὐτὸ
2878 3965 3052 4035 μένει.
3073 3960 3199 4019 Οίον
3229 3965 3434 4026 θέλετε,
3460 3966 3653 4017 εἴπατε
3686 3964 3751 4015 οὐ
3764 3966 3914 4024 σίαν,
3941 3964 4021 4014 κιῖ

2426 4051 2537 4109 οἷον
2571 4056 2751 4109 Θέλετε
2779 4068 2824 4119 ο,
2863 4054 3242 4125 συμϐεϐηκός·
3284 4056 3330 4106 εί
3373 4055 3429 4106 δὲ
3462 4054 3790 4124 ἀμφότεραι
3828 4054 4020 4109 οὐσίαι.

2427 4146 2601 4213 γνῶτε
2645 4146 2729 4197 ὅτι
2774 4144 2835 4197 οὐ
2866 4143 3109 4214 διαφέρει
3143 4143 3301 4196 οὐσία
3334 4143 3543 4203 οὐσίας,
3575 4140 3675 4193 καὶ
3724 4143 3838 4194 οὐκ
3888 4143 4023 4194 ἔπιν

2429 4237 2649 4290 ἐναντία
2692 4236 2849 4288 οὐσία
2883 4235 3091 4301 οὐσίας,
3126 4235 3173 4287 εί
3220 4234 3294 4305 μὴ
3347 4233 3487 4287 κατὰ
3543 4232 3935 4303 συμϐεϐηκός.
3971 4235 4023 4286 Ei

2431 4330 2576 4382 ἔστιν
2615 4331 2643 4382 ὁ
2679 4324 2936 4399 πονηρὸς,
2964 4318 3059 4381 καὶ
3094 4327 3242 4381 ἔστιν
3261 4328 3288 4380 ὁ
3311 4307 3655 4394 ἀγαθδςςκαὶ
3686 4325 3861 4377 οὐσία
3887 4327 4023 4377 ἐστὶι

2432 4422 2620 4482 ἀΐδιος,
2654 4420 2944 4489 ἄτρεπτος,
2983 4416 3308 4489 ὲνεργητικὴ
3329 4456 3343 4481 ,
3375 4413 3758 4483 δημιουργικὴ
3785 4453 3799 4476 ,
3838 4415 4023 4466 Exit:-

756 4510 933 4563 malus
964 4517 1016 4562 et
1062 4508 1237 4561 bonus
1290 4516 1439 4575 sunt,
1499 4514 1555 4559 et
1602 4504 1762 4558 ambo
1806 4500 2116 4555 substantia
2178 4508 2317 4559 sunt1

2436 4530 2529 4583 ρον
2562 4509 2763 4569 αὐτῶν,
2795 4508 2854 4561 ἓν
2881 4510 2987 4562 είσι
3022 4511 3087 4579 τῇ
3123 4506 3283 4577 οὐσίᾳ
3324 4506 3647 4576 ἀμφότεροι,
3682 4504 3947 4574 ποιότητι
3976 4503 4025 4555 δὲ

757 4598 1132 4661 immutabilis,
1164 4597 1376 4661 eﬂlcax,
1404 4595 1675 4657 creatrix;
1703 4594 1866 4646 ambo
1891 4590 2331 4677 certe‘substan-

759 4690 848 4743 tite
895 4690 1109 4744 ratione
1148 4704 1319 4743 unum
1379 4695 1534 4750 sunt,
1582 4695 1638 4742 et
1682 4682 1948 4755 qualitate
2000 4680 2116 4736 sola
2172 4680 2331 4737 diffe-

760 4790 908 4835 runt.

837 4874 1187 4941 Rursumque
1215 4889 1227 4926 :
1263 4871 1555 4935 elementa,
1590 4871 1829 4939 annique
1862 4874 2243 4938 tempestates,
2276 4873 2331 4920 et

759 4966 988 5027 malum,
1016 4973 1069 5017 et
1100 4974 1323 5027 terram,
1362 4977 1625 5031 mareque
1664 4961 1857 5016 eodem
1893 4976 1952 5016 se
1999 4958 2161 5013 modo
2189 4970 2333 5012 sem-

763 5073 860 5127 per
894 5056 1099 5109 habere
1146 5055 1464 5117 cernimus;
1504 5062 1832 5122 noctemque
1879 5066 1942 5105 ac
1986 5050 2151 5114 diem,
2201 5046 2335 5103 solis

766 5164 827 5201 ac
858 5148 1138 5203 stellarum
1173 5155 1379 5211 motus,
1414 5154 1467 5201 et
1500 5147 1729 5209 imbres,
1774 5157 2005 5214 quaeque
2031 5128 2177 5196 terra
2207 5154 2335 5210 pro-

765 5237 939 5299 ducit,
972 5244 1119 5291 certa
1154 5237 1366 5292 ratione
1418 5249 1481 5289 ac
1513 5236 1656 5290 serie
1707 5234 2006 5289 constituta
2044 5241 2209 5301 atque
2240 5245 2333 5301 gu-

766 5328 1013 5380 bernata.
1050 5327 1283 5382 Proinde
1315 5327 1360 5383 si
1391 5327 1501 5382 duo
1544 5327 1687 5383 inter
1725 5340 1783 5380 se
1820 5324 2091 5378 contraria
2133 5323 2337 5392 princi-

769 5420 856 5486 pia
889 5430 1035 5482 sunt,
1065 5419 1472 5486 quonammodo
1505 5418 1685 5472 omnia
1726 5417 1829 5471 rite
1855 5416 2259 5486 gubernantur,
2290 5411 2334 5465 si

772 5522 877 5561 non
915 5510 1171 5561 amicitiae
1201 5508 1379 5563 foedus
1416 5508 1772 5563 intercessit?

2433 4602 2770 4674 διαφέρουσι.

2505 4860 2616 4917 Καὶ
2648 4861 2808 4918 πάλιν
2826 4877 2839 4891 ·
2868 4860 3081 4931 ὁρῶμεν
3101 4859 3170 4913 τὰ
3196 4859 3455 4928 στοιχεῖα,
3488 4856 3585 4911 καὶ
3608 4858 3744 4919 τούς
3772 4857 4027 4926 καιροὺς.

2436 4954 2662 5027 οὐρανόν
2710 4970 2793 5016 τε,
2827 4950 2924 5005 καὶ
2971 4950 3096 5020 γῆν,
3130 4950 3228 5002 καὶ
3273 4948 3572 5010 Θάλασσαν,
3615 4946 3707 4998 ἀεὶ
3760 4945 4029 5002 ὡσαύτως

2436 5047 2649 5116 ἔχοντα,
2690 5044 2783 5097 καὶ
2816 5042 3008 5106 νύκτα,
3040 5041 3135 5094 καὶ
3165 5040 3416 5111 ἡμέραν,
3457 5037 3609 5109 ἡλίου
3639 5053 3702 5090 τε
3734 5037 3841 5090 καὶ
3869 5034 4028 5089 ὰστέο

2442 5153 2547 5207 ρων
2578 5135 2839 5204 κινήσεις,
2866 5133 2957 5185 καὶ
2987 5131 3248 5201 ὄμϐρους,
3276 5130 3369 5183 καὶ
3400 5129 3466 5182 τὰ
3496 5127 3595 5197 τῆς
3629 5126 3738 5195 γῆς
3771 5126 4025 5196 ἐκφόριι,

2439 5223 2581 5276 κατὰ
2618 5221 2776 5289 λόγον
2820 5221 2913 5273 καὶ
2961 5218 3079 5273 καθ’
3109 5219 3299 5289 εἱρμὸν
3327 5217 3662 5287 τεταγμένα,
3697 5214 3802 5267 καὶ
3840 5214 4023 5285 ῥυθμι-

2441 5316 2661 5384 ζόμενα.
2691 5314 2752 5367 El
2775 5306 2868 5366 οὖν
2895 5311 2987 5365 δύο
3016 5310 3182 5385 ἀρχαὶ
3215 5309 3468 5381 ἀλλήλοις
3491 5308 3763 5369 ἐναντίαι,
3800 5306 3925 5368 πῶς
3948 5304 4026 5355 :5-

2441 5410 2611 5471 Θέτιος
2660 5407 2729 5460 τὰ
2776 5406 2952 5459 πάντα
2993 5403 3322 5471 διεξάγεται,
3356 5403 3404 5455 εί
3438 5401 3512 5473 μὴ
3546 5400 4027 5467 συνεϐιϐἀσθνησαν

2442 5500 2639 5571 φιλικῷ
2669 5498 2871 5569 τρόπῳ.
3088 5510 3092 5527 ‘

2050 5637 2281 5691 \'.\Rl.-E
2328 5632 2727 5690 LECTIONICS.

843 5733 869 5775 ιλ
915 5737 1101 5791 Dillius
1162 5736 1569 5805 subrugandum
1626 5742 1813 5791 censet
1869 5733 2140 5803 ἀκίνητον.
2186 5743 2310 5785 cont

2419 5746 2543 5785 mss.
2579 5727 2759 5783 ﬁdem.

2845 5738 2865 5764 ε
2892 5685 3056 5779 Βθδίι.
3101 5732 3151 5778 et
3176 5720 3239 5775 ll.
3268 5719 3480 5789 Οέλητι.
