4156 6436
199 421 329 486 158⁸1

1134 411 1507 474 DIALOGUS
1534 406 1828 469 CONTRA
1869 403 2334 479 MANICHEOS.

3149 408 3151 411 ’
3239 404 3372 467 1538

267 529 330 578 ει
373 523 566 593 ἑαυτὴν
596 523 878 607 ἀνήλισκεν
915 521 949 590 ἡ
989 518 1110 589 ὕλη,
1143 521 1258 582 πῶς
1301 521 1565 583 ικινεῐτος
1606 518 1654 568 ει
1681 514 1736 566 δὲ

1909 509 2142 563 Deinde:
2169 509 2215 562 si
2237 509 2462 562 materia
2483 509 2715 578 seipsam
2743 513 3118 581 consumebat,
3144 529 3370 584 quanam
3405 509 3408 512 ’

199 615 333 685 πρὸς
360 616 456 684 τὴν
491 614 686 681 ἑαυτῆς
713 605 979 664 ἀνάλωσιν
1023 612 1272 673 ἐκινεῖτο,
1309 611 1422 670 πῶς
1454 605 1613 677 ἦλθεν
1646 607 1738 657 ἐπὶ

199 704 267 757 τὰ
299 704 393 755 τοῦ
420 703 594 770 φωτὸς
626 703 776 770 δριας

270 869 335 924 ει
362 871 682 941 κατωφερὴς
727 873 760 939 ἡ
805 870 924 938 ὕλη,
953 872 1044 922 καὶ
1094 869 1315 937 φυσικὸς
1350 838 1524 931 ¹τόπος
1572 869 1744 936 αὐτῆς

196 959 268 1012 τὰ
312 958 593 1028 κατώτερα
643 960 734 1012 καὶ
784 950 1171 1028 σκοτέινότερα,
1207 960 1318 1019 πῶς
1367 958 1593 1010 ἐλθοῦσα
1647 959 1737 1010 ἐπὶ

195 1047 268 1101 τὰ
316 1049 409 1100 τοῦ
463 1049 637 1117 φωτὸς
683 1050 843 1118 ὅρια,
895 1047 1108 1115 ἐξῆλθεν
1153 1049 1215 1098 ἐκ
1258 1048 1355 1116 τῆς
1398 1047 1595 1114 ἑαυτῆς
1642 1047 1739 1114 φύ-

199 1151 337 1195 σεως
351 1154 365 1199 ;

268 1224 342 1277 Τδ
375 1227 561 1289 σκότος
589 1228 783 1296 τυφλόν
802 1243 816 1258 ·
850 1228 962 1289 πῶς
993 1225 1082 1281 οὖν
1108 1224 1210 1278 εἶδε
1241 1225 1298 1278 τὸ
1331 1211 1478 1293 φῶςς

272 1393 334 1446 Ei
362 1393 589 1457 ἄτακτος
618 1387 709 1448 καὶ
738 1395 892 1458 ἄνους
925 1397 959 1465 ἡ
990 1395 1107 1467 ὕλη,
1138 1397 1251 1460 πῶς
1282 1398 1393 1465 ἔχει
1438 1397 1738 1466 ἆρχοντας;

197 1483 318 1546 πῶς
348 1483 405 1535 δὲ
437 1483 531 1535 καὶ
568 1485 868 1552 πολεμῆσαι
909 1484 1127 1538 δύναται
1158 1485 1236 1554 τῷ
1273 1486 1428 1552 λόγον
1467 1486 1561 1537 καὶ
1589 1485 1740 1547 τάξιν

193 1570 406 1640 ιχοντι;
440 1570 471 1638 ἢ
519 1570 614 1624 καὶ
640 1569 946 1638 πολεμοῦσα
973 1572 1401 1642 ἐπικρατεστέρα
1429 1572 1736 1642 γενήσεται,

194 1657 342 1711 ὥστε
377 1660 615 1729 ἁρπάσαι
654 1676 706 1710 τι
750 1661 897 1729 παρὰ
923 1662 1014 1718 τοῦ
1049 1661 1230 1728 σοφοῦ,
1267 1663 1356 1713 καὶ
1387 1661 1461 1731 μὴ
1490 1662 1740 1732 ἁρπαγῆ-

1839 599 2049 650 ratione
2079 597 2436 651 movebatur?
2487 598 2532 651 si
2571 609 2752 652 autem
2783 601 2849 653 ad
2903 603 3192 674 suiipsius
3247 620 3372 655 cou-

1837 688 2199 753 sumptioucm
2238 686 2636 754 impellebatur,
2700 692 3097 755 quonammodo
3123 693 3188 747 ad
3241 693 3375 745 lucis

1837 775 1970 827 ﬂues
1994 789 2052 826 se
2079 774 2353 826 contulit?

1905 863 2044 928 Quin
2079 865 2263 928 etiam,
2299 865 2342 918 si
2375 865 2629 920 deorsum
2662 864 2837 919 fertur
2875 868 3123 930 materia.
3155 880 3375 923 natura-

1836 955 2014 1024 lisque
2041 959 2210 1025 ipsius
2236 958 2409 1021 locus,
2444 958 2729 1012 inferiores
2750 974 2812 1013 ac
2843 959 3239 1015 tcnebrosiores
3267 980 3374 1030 pur-

1839 1058 1919 1099 tes
1958 1052 2103 1110 sunt,
2145 1061 2378 1114 quonam
2425 1056 2607 1115 pacto.
2653 1062 2777 1101 cum
2808 1047 2874 1102 ad
2934 1049 3070 1102 lucis
3106 1051 3374 1119 regionem

1839 1135 2101 1203 pervenit,
2134 1151 2165 1188 τι
2194 1145 2405 1188 suamet
2430 1143 2626 1188 natura
2662 1137 2938 1190 excessit?

1909 1222 2206 1300 Praeterea:
2245 1238 2367 1276 cum
2399 1224 2637 1277 tenebras
2666 1239 2820 1278 ecca;
2848 1225 2981 1290 sint,
3011 1227 3103 1294 qui
3137 1225 3250 1295 ﬁeri
3285 1243 3379 1297 po-

1838 1309 1961 1366 tuit.
1994 1319 2051 1360 ut
2089 1310 2259 1361 lucem
2283 1309 2610 1361 cernerent?

1908 1397 1984 1450 Ad
2017 1398 2127 1449 haec
2152 1415 2166 1452 :
2194 1398 2239 1449 si
2276 1398 2488 1450 ordinis
2527 1411 2588 1449 ac
2617 1399 2814 1450 mentis
2841 1413 3034 1465 expers
3084 1409 3166 1454 εει
3213 1413 3382 1456 male-

1841 1487 1941 1550 ria,
1973 1484 2245 1553 quomodo
2277 1486 2553 1554 principes
2591 1486 2798 1540 habet?
2830 1489 3099 1553 qttomntlo
3139 1506 3380 1558 pugnate

1838 1571 2348 1643 potestmcum
2400 1574 2488 1625 illo
2519 1573 2660 1641 quod
2712 1575 2920 1627 ratione
2978 1586 3140 1643 atque
3193 1580 3381 1631 ordine

1839 1662 2121 1728 praeditum
2157 1660 2278 1713 est?
2329 1661 2434 1712 Aut
2481 1661 2641 1712 etiam
2695 1663 2986 1728 pugnando
3036 1679 3206 1731 usque
3248 1668 3379 1717 adeo

197 1762 320 1810 vat;
359 1747 420 1798 El
446 1746 500 1798 δὲ
526 1749 552 1797 6
581 1748 782 1814 ἀγαθὸς
810 1747 1148 1818 συνεχώρησε
1181 1750 1342 1818 μέρος
1366 1750 1528 1801 αὐτοῦ
1558 1751 1738 1819 ἁρπα-

1842 1751 2092 1818 superior
2124 1759 2230 1810 est,
2262 1756 2320 1802 ut
2352 1749 2584 1816 sapienti
2619 1750 2822 1816 aliquid
2867 1751 3085 1818 eripiat,
3129 1769 3227 1806 nec
3280 1755 3377 1819 ipsi

197 1832 389 1911 τῆναι,
417 1833 505 1885 διὰ
530 1833 590 1885 τὸ
614 1836 852 1903 ἐπισχεῖν
874 1836 1040 1906 αὐτὴν
1065 1837 1156 1888 τοῦ
1188 1837 1260 1905 μὴ
1291 1837 1548 1906 προϐῆναι
1576 1840 1652 1898 εις
1673 1836 1742 1889 τὰ

198 1921 397 1975 ἑαυτοῦ
444 1921 585 1991 ὅρια,
617 1922 678 1974 οὐ
723 1921 1000 1992 δυνηθεῑςο
1050 1924 1163 1975 ἀλλ’
1195 1926 1534 1993 ἰσχυρότερος
1570 1926 1598 1976 6
1648 1942 1741 1976 πο·

197 2010 387 2079 νηρὺς,
413 2013 502 2063 καὶ
531 2011 844 2074 δολοπλόκος
865 2013 894 2063 6
927 2013 1143 2078 ἁγαθός.
1181 2015 1287 2067 Καὶ
1324 2015 1437 2076 πῶς
1483 2014 1680 2081 ἀγαθὸς
1715 2013 1742 2064 6

200 2096 339 2162 Θεὸς
360 2097 404 2166 ί,
440 2100 595 2171 δόλῳ,
634 2102 727 2154 καὶ
754 2100 826 2172 μὴ
856 2094 1078 2172 δυνάμει
1106 2101 1409 2172 χρώμενοςς

276 2357 352 2410 Τδ
401 2357 486 2411 ἀεὶ
528 2357 785 2421 ὡσαύτως
831 2357 970 2427 ἕχον,
1001 2357 1225 2426 ἀλήθειά
1250 2359 1395 2410 ἐστιν
1419 2373 1431 2387 ⁸
1460 2361 1492 2429 ἡ
1525 2359 1580 2410 δὲ
1612 2360 1741 2429 ἁλή-

203 2451 328 2505 θεια
361 2450 559 2519 ἀγαθόν
579 2467 592 2481 ο
623 2451 682 2502 τὸ
729 2450 785 2502 δι
835 2451 1082 2517 ἄναρχον,
1113 2449 1396 2519 ἄτρεπτον.
1433 2450 1492 2502 El
1532 2446 1623 2502 οὖν
1649 2451 1742 2502 ἄν-

202 2559 373 2612 αρχος
418 2542 450 2611 ὴ
495 2536 616 2610 ὕλη,
655 2541 742 2593 καὶ
783 2540 1043 2608 ἄτρεπτος
1087 2539 1270 2592 ἔσται’
1299 2541 1346 2590 εἰ
1375 2539 1430 2590 δὲ
1460 2541 1741 2609 ἄτρεπτος,

203 2631 296 2684 isi
341 2629 596 2691 ὡσαύτως
637 2630 860 2698 ἐχουσαο
911 2632 956 2680 ει
993 2629 1048 2680 δὲ
1093 2628 1180 2680 ἀεὶ
1221 2628 1478 2690 ὡσαύτως
1526 2630 1743 2697 ἔχουσα,

206 2717 432 2788 ἀλήθειά
455 2721 600 2786 ἐστιν
621 2735 634 2750 ο
666 2719 715 2770 ει
742 2719 798 2770 δὲ
831 2718 1056 2787 ἁλήθειά
1095 2721 1260 2781 ἐστιν,
1292 2719 1490 2786 ἀγαθὸν
1522 2720 1691 2774 ἔσται.

286 2974 348 3027 El
371 2974 426 3027 δι
453 2972 704 3043 τρέπεται
733 2973 766 3041 ἡ
791 2969 911 3039 ὕλη,
941 2970 999 3033 ἑξ
1025 2971 1227 3039 ἀγαθοῦ
1250 2973 1512 3041 τρέπεται
1540 2975 1618 3033 εἰς
1650 2964 1748 3023 ita?

212 3066 329 3127 κον,
360 3063 451 3117 καὶ
476 3062 737 3132 πρότερον
772 3057 903 3112 οὖσα
932 3062 1128 3130 ἀγαθὴ,
1156 3061 1377 3130 ὕστερον
1405 3063 1615 3129 ἐγένετο
1643 3078 1741 3112 xa—

212 3155 320 3223 κη·
352 3153 384 3223 ἢ
412 3153 476 3204 ἐκ
506 3149 673 3204 κακοῦ
706 3149 784 3211 εις
811 3149 1030 3216 ἀγαθὸν,
1069 3151 1159 3202 καὶ
1192 3153 1449 3220 πρότερον
1483 3146 1614 3202 οὖσα
1645 3166 1742 3202 κα·

212 3243 306 3314 κὴ,
334 3243 553 3311 ὕστερον
580 3238 991 3308 ἑγένετοάγαθή
1014 3255 1028 3270 ·
1070 3241 1103 3309 η
1136 3239 1239 3308 γὰρ
1279 3241 1448 3310 τροπὴ
1477 3242 1552 3302 εις
1579 3240 1638 3292 τὸ
1663 3240 1746 3292 ἐν.

211 3333 395 3386 αντιον
429 3331 570 3399 ἄγει.

295 3421 358 3494 Ἦ
399 3421 563 3484 ἀΐδιος
607 3421 782 3482 οὐσία,
814 3417 1076 3489 ᾶτρεπτός
1103 3418 1278 3469 ἐστιν’
1319 3417 1377 3469 οὗ
1413 3418 1518 3487 γὰρ
1556 3418 1640 3469 ἐκ
1669 3417 1745 3485 μὴ

214 3510 363 3571 tuo;
385 3506 543 3579 ἦλθεν
573 3509 652 3572 εἰς
680 3508 741 3562 τδ
767 3503 904 3560 εἶναι
928 3523 940 3536 ο
973 3508 1092 3560 οὐδὲ
1119 3508 1150 3576 ή
1186 3507 1411 3576 ῦπαρξις
1455 3509 1518 3558 ὲκ
1551 3523 1750 3575 προκοι-

213 3600 324 3675 πῆς
343 3617 356 3630 ·
390 3599 651 3668 ἄτρεπτος
692 3599 798 3669 γὰρ
825 3600 858 3668 ἡ
887 3596 1069 3650 οὐσία⁸
1102 3595 1299 3663 ἀγαθὸς
1327 3591 1416 3648 οὖν
1441 3596 1469 3646 6
1499 3594 1628 3657 Θεὸς
1655 3593 1748 3645 καὶ

214 3688 403 3751 ὰῖὂιος,
427 3689 524 3758 οὐχ
566 3689 817 3753 ὑπέμεινε
849 3687 1074 3757 τροπὴν,
1113 3685 1224 3738 ἀλλ’
1252 3685 1336 3736 ἀεὶ
1371 3684 1568 3751 ἀγαθός
1592 3685 1706 3734 ἐστι
1729 3698 1744 3713 ο

212 3781 309 3833 καὶ
336 3779 371 3832 ἃ.
401 3779 454 3830 δὲ
497 3781 640 3830 ποιεῖ
665 3778 840 3845 ἀγαθά
869 3780 1040 3830 ἐστιν’
1071 3778 1134 3828 ὲκ
1162 3775 1266 3845 γὰρ
1297 3774 1388 3826 τοῦ
1417 3773 1616 3839 ἀγαθοῦ
1650 3773 1748 3825 οὐκ

214 3871 445 3938 ἐγχωρει
472 3869 615 3922 κακὰ
643 3869 915 3936 γίνεσθαι·
941 3869 1088 3936 ὅμως
1131 3866 1186 3917 δὲ
1222 3863 1447 3934 τρεπτὰ,
1476 3862 1658 3931 ἐπειδὴ
1686 3863 1750 3914 ὲκ

213 3960 310 4014 τοῦ
345 3961 418 4031 μὴ
452 3961 601 4023 ὄντος
633 3963 712 4022 εἰς
751 3960 809 4012 τὸ
841 3955 977 4012 εἶναι
1006 3960 1260 4027 παράγει.
1293 3954 1372 4007 Τὰ
1398 3955 1489 4006 οὖν
1536 3952 1746 4016 λογικὰ,

214 4052 438 4105 δεκτικὰ
472 4051 566 4119 μέν
610 4052 723 4102 ἐστι
770 4049 994 4120 τροπῆς,
1026 4047 1113 4100 διὰ
1139 4046 1235 4114 τὴν
1265 4045 1328 4097 ὲκ
1356 4043 1450 4095 τοῦ
1497 4043 1570 4112 μὴ
1601 4043 1750 4102 ὄντος

217 4142 301 4200 εἰς
324 4140 382 4192 τὺ
408 4134 543 4192 εἶναι
573 4137 926 4208 παραγωγὴν,
954 4137 1065 4189 ἀλλ’
1097 4133 1429 4196 αὐτεξούσια,
1460 4132 1548 4184 διὰ
1577 4130 1636 4182 τὸ
1662 4130 1749 4181 λο·

215 4229 349 4298 γικὰ
394 4225 551 4281 εἶναι.
602 4225 927 4289 Αὐτεξούσισ.
963 4225 1018 4275 δὲ
1057 4224 1235 4293 μένειν
1257 4261 1272 4286 ,
1309 4222 1484 4283 καθὼς
1519 4221 1703 4287 γέγονε
1733 4256 1749 4282 ,

213 4318 492 4373 τουτέστιν
534 4317 728 4385 ἀγαθὰ,
762 4315 940 4378 δοῦλα,
973 4316 1065 4368 καὶ⁸
1113 4311 1478 4381 επιγνώμονα,
1513 4310 1606 4364 καὶ
1634 4311 1753 4379 ,ὐπ-

1843 1837 2058 1915 interim
2091 1836 2384 1904 quidquam
2411 1835 2700 1888 adimatur.
2731 1837 2884 1901 Quod
2933 1840 2976 1890 si
3026 1841 3198 1893 bonus
3245 1828 3388 1896 Deus;

1840 1941 1903 1978 ea
1936 1927 2138 1977 ratione
2170 1932 2370 1992 partem
2399 1925 2498 1977 sibi
2539 1924 2743 1978 auferri
2788 1941 2982 1993 passus
3012 1938 3114 1991 est,
3170 1939 3226 1981 ut
3262 1945 3380 1982 eum

1829 2015 2079 2082 regionis
2107 2029 2217 2067 sua:
2247 2012 2393 2066 aditu
2427 2015 2754 2086 prohiberet,
2817 2016 3107 2069 imbecillis
3142 2019 3381 2086 profectu

1842 2103 1977 2155 l’uit:
2013 2103 2262 2172 quinimo
2288 2103 2465 2158 malus
2494 2085 2712 2172 quidem
2746 2104 2945 2158 robore
2982 2085 3222 2172 prazstat,
3280 2109 3379 2160 bo-

1840 2199 2152 2244 nusautem
2186 2191 2341 2244 dolos
2367 2192 2554 2245 nectit.
2599 2191 2704 2255 Qui
2737 2207 2899 2259 porro
2932 2194 3012 2246 vel
3072 2194 3268 2255 bonus,
3302 2197 3379 2248 vel

1843 2276 1985 2332 Deus
2015 2294 2135 2333 esse
2165 2287 2347 2347 queat,
2380 2281 2473 2348 qui
2504 2280 2646 2342 dolo,
2680 2295 2786 2332 non
2829 2281 3035 2334 viribus
3070 2285 3281 2335 utitur?

1909 2363 2049 2431 Jam,
2079 2366 2224 2434 quod
2253 2382 2465 2435 semper
2495 2369 2682 2421 eodem
2725 2369 2882 2422 modo
2934 2385 2992 2422 se
3045 2371 3225 2432 habet,
3281 2371 3382 2424 hoc

1842 2458 2044 2511 veritas
2075 2468 2157 2510 est
2186 2474 2200 2509 :
2239 2459 2436 2511 veritas
2457 2467 2634 2512 autem
2663 2458 2860 2511 bonum
2889 2466 2990 2511 est.
3016 2458 3169 2523 Quod
3204 2469 3380 2512 autem

1844 2547 2094 2614 principii
2131 2562 2325 2615 expers
2351 2556 2455 2609 est,
2515 2548 2717 2600 nullam
2766 2547 2958 2615 recipit
3004 2551 3378 2603 mutationem.

1843 2634 2110 2699 Quocirca
2148 2637 2192 2688 si
2247 2637 2474 2688 materia
2526 2635 2792 2703 principio
2843 2643 3012 2697 caret,
3068 2638 3385 2690 mutationis

1843 2738 2060 2792 quoque
2091 2739 2284 2792 expers
2309 2725 2429 2776 erit.
2469 2722 2524 2775 Si
2553 2733 2634 2776 est
2658 2724 2975 2778 mutationis
3004 2739 3214 2791 expers,
3244 2739 3386 2776 sem-

1844 2825 1939 2878 per
1976 2809 2163 2863 eodem
2189 2810 2350 2862 modo
2390 2825 2448 2862 se
2486 2809 2664 2863 habet.
2696 2808 2752 2862 Si
2783 2825 2998 2878 semper
3013 2810 3200 2863 eodem
3226 2811 3388 2863 modo

1845 2916 1903 2954 se
1931 2899 2110 2958 habet,
2142 2900 2344 2952 veritas
2371 2907 2475 2951 est.
2512 2899 2569 2950 Si
2603 2897 2823 2960 veritas,
2853 2911 2982 2966 ergo
3009 2896 3225 2950 bonum.

1917 2987 2138 3047 Contra,
2195 2986 2242 3040 si
2285 2985 2512 3038 mutatio
2555 2985 2610 3037 in
2654 2967 2936 3036 materiam
2986 2983 3150 3048 cadit,
3193 2983 3277 3037 vel
3318 2998 3382 3037 ex

1843 3077 1986 3131 bono
2017 3076 2070 3128 in
2108 3075 2303 3127 malum
2328 3074 2574 3138 vertitur,
2598 3088 2832 3141 cumque
2853 3075 3003 3140 prius
3039 3073 3181 3124 bona
3214 3081 3382 3132 esset,

1844 3167 1983 3220 ntala
2019 3164 2239 3232 posthac
2265 3162 2451 3216 eﬂecta
2481 3173 2565 3215 est
2593 3176 2611 3223 ,°
2641 3162 2722 3215 vel
2757 3177 2818 3215 ex
2869 3161 3005 3214 mala
3054 3161 3121 3222 in,
3141 3160 3338 3213 bonam
3368 3178 3383 3222 ;

1845 3266 2046 3309 etcum
2077 3263 2203 3327 ante
2254 3251 2394 3304 mala
2427 3258 2594 3314 esset,
2643 3259 2829 3318 postea
2877 3249 3015 3302 bona
3073 3247 3215 3301 facta
3276 3257 3379 3304 εει.

1847 3341 2073 3396 Mutatio
2102 3342 2243 3394 enim
2277 3342 2328 3392 iu
2357 3341 2692 3391 contrarium
2723 3338 2896 3391 ducit.

1919 3428 2260 3497 Sempiterna
2287 3425 2594 3480 substantia
2621 3423 2818 3476 mutari
2843 3419 3048 3488 nequit.
3069 3420 3217 3473 Haud
3244 3421 3386 3474 enim

1846 3534 1914 3572 ex
1941 3517 2111 3570 nihilo
2156 3515 2220 3567 ad
2281 3515 2383 3566 hoc
2432 3521 2504 3565 ut‘
2539 3518 2716 3566 exstet
2763 3511 3023 3578 perducta
3073 3517 3175 3562 εει.
3221 3508 3387 3576 Cujus

1848 3621 2010 3676 porro
2045 3605 2121 3658 rei
2165 3603 2485 3657 exsistentia
2533 3617 2597 3656 ex
2645 3616 2934 3671 progressu
2981 3617 3088 3654 non
3118 3610 3218 3664 est,
3259 3603 3386 3653 sui...

1848 3695 2046 3750 stantia
2070 3701 2151 3746 est
2180 3692 2552 3746 immutabilis.
2578 3690 2846 3755 Quocirca
2869 3690 3033 3756 Deus,
3061 3705 3184 3743 cum
3213 3691 3387 3742 bonus

1819 3791 1901 3837 -et
1936 3783 2306 3851 sempiternus
2329 3782 2420 3844 sit,
2444 3781 2724 3834 mutabilis
2748 3795 2853 3832 non
2883 3787 3000 3833 est:
3033 3795 3217 3832 verum
3248 3794 3388 3832 sem-

1849 3887 1947 3940 per
1975 3873 2148 3924 bonus
2178 3879 2282 3933 est,
2310 3877 2364 3924 et
2397 3885 2458 3922 ea
2493 3884 2612 3938 quae
2649 3868 2800 3929 facit,
2853 3868 2991 3922 bona
3017 3877 3168 3923 sunt.
3203 3867 3387 3935 Neque

1849 3962 1992 4016 enim
2027 3961 2137 4014 ﬂeri
2175 3965 2368 4028 potest,
2398 3967 2459 4010 ιιι
2491 3974 2554 4011 ex
2586 3958 2727 4012 bono
2755 3959 2896 4012 mala
2931 3959 3218 4020 exsistant,
3250 3965 3383 4010 tam.

1850 4051 1953 4106 etsi
1982 4066 2042 4104 ea
2074 4049 2291 4113 eiliciat,
2326 4062 2446 4115 qua:
2492 4047 2775 4100 mutationi
2822 4046 3037 4099 subsint
3082 4063 3096 4097 :
3148 4061 3213 4099 eo
3243 4046 3385 4114 quod

1852 4127 2104 4194 videlicet
2133 4153 2219 4192 res
2255 4151 2320 4190 ex
2345 4136 2517 4190 nihilo
2556 4133 2620 4187 ad
2651 4134 2704 4187 id
2741 4141 2800 4187 ut
2845 4143 3062 4188 exstent
3102 4133 3383 4202 producat.

1807 4275 1810 4278 .
1851 4229 1971 4292 Quo
2004 4228 2059 4280 ιιι
2083 4233 2139 4278 ιιι
2163 4240 2249 4286 ea,
2278 4238 2399 4289 qua
2434 4223 2646 4276 ratione
2676 4229 2926 4284 utuntur,
2948 4222 3234 4274 mutationi
3264 4221 3387 4290 qui-

1853 4315 1975 4369 dem
2014 4311 2359 4380 suhjaceant,
2386 4296 2512 4378 quia
2539 4324 2605 4364 ex
2637 4309 2807 4362 nihilo
2839 4309 3053 4362 condita
3087 4315 3253 4372 sunt;
3289 4321 3391 4359 εις-

218 4411 360 4494 {mea
403 4408 497 4461 τοῦ
542 4402 914 4476 πεποιηκότος,
943 4406 1077 4475 ὅπερ
1123 4405 1238 4456 ἐστὶ
1280 4405 1345 4472 τῇ
1377 4389 1564 4470 κτιστῇ
1593 4399 1749 4468 φύσει

1813 4410 2032 4464 iterum
2092 4400 2305 4453 arbitrii
2352 4399 2439 4453 sui
2493 4399 2634 4461 sint,
2705 4398 2831 4464 quia
2881 4397 3091 4450 ratione
3142 4405 3389 4449 utuntur.

213 4491 386 4571 ἀρετή
406 4514 420 4529 ⁸
459 4497 623 4569 ἁρετὴ
660 4499 764 4567 γάρ
791 4497 924 4559 εστι,
950 4496 1010 4548 τὸ
1046 4495 1224 4564 μένειν
1249 4495 1305 4546 ιν
1335 4495 1444 4555 τοῖς
1473 4493 1617 4561 ὅροις
1653 4491 1751 4558 τῆς

214 4592 423 4654 οἰκείας
450 4591 679 4658 φύσεως.
709 4585 1067 4651 Αὑτεεουσίως
1094 4581 1184 4636 οὖν
1213 4583 1419 4653 ἐτράπη
1443 4586 1471 4635 6
1492 4582 1752 4644 διάϐολος,

165 4697 171 4706 ⁵
219 4683 457 4753 μεγάλου
509 4678 866 4748 ἐπιθυμήσας,
901 4676 960 4727 οὑ
1002 4674 1177 4735 καλῶς
1221 4673 1302 4726 δέ·
1357 4673 1495 4741 μέγα
1541 4672 1648 4742 γὰρ
1695 4671 1756 4722 τὸ

216 4771 361 4828 εἶναι
386 4770 537 4835 Θεὸν,
565 4767 698 4821 ἀλλὰ
719 4768 874 4821 κακὲιι
919 4765 992 4833 τῷ
1029 4764 1102 4834 μὴ
1125 4763 1235 4816 δντι
1264 4762 1398 4832 Θεῷ,
1426 4763 1757 4829 ἀγνωμονεῖν

215 4864 316 4916 τὸν
350 4861 664 4930 ποιήσαντα,
702 4856 795 4909 καὶ⁸
820 4855 1154 4923 ὑπερθαίνειν
1197 4850 1293 4916 τὴν
1337 4851 1539 4902 οἰκείαν
1575 4849 1754 4916 φύσιν,

216 4950 321 5004 καὶ
353 4948 524 5000 θέλειν
566 4942 724 5010 εἶναι,
748 4943 775 4995 6
800 4942 1043 5007 γενέσθαι
1066 4939 1316 4994 ἀδύνατον
1333 4955 1346 4969 ·
1372 4938 1627 4991 ἀδύνατον
1649 4937 1756 5005 γὰρ

213 5043 315 5093 τὸν
361 5039 433 5108 μὴ
471 5037 720 5106 ἄναρχον,
745 5032 878 5086 εἷναι
920 5033 1068 5095 Θεὸν,
1109 5031 1142 5101 ἢ
1181 5030 1270 5082 τὸν
1306 5029 1597 5098 ἠργμένον,
1619 5023 1756 5078 εἶναι

215 5131 456 5198 ἄναρχον
475 5142 489 5157 ⁶
517 5129 639 5195 ἄγει
660 5121 752 5180 οὖν
773 5125 878 5177 τῶν
901 5123 1065 5180 θντιον
1092 5121 1188 5191 τὴν
1211 5120 1480 5190 στέρησιν,
1504 5121 1534 5188 ή
1561 5117 1652 5171 τοῦ
1684 5116 1759 5187 μὴ

219 5223 588 5289 προσήκοντος
615 5216 897 5285 στέρῤησις
921 5215 965 5266 ε.

1856 4491 2025 4546 Porro
2061 4489 2203 4559 quod
2226 4503 2288 4543 ea
2317 4502 2437 4557 quae
2462 4495 2590 4541 sunt
2621 4486 2833 4538 arbitrii
2868 4486 3119 4540 libertate
3146 4484 3388 4554 prmdita,

1859 4581 1938 4636 lic
1965 4586 2243 4641 maneant,
2273 4573 2729 4646 quemadmodum
2757 4582 2938 4628 creata
2966 4573 3138 4640 fuere,
3178 4575 3277 4626 hoc
3309 4582 3391 4626 cst

1859 4672 2023 4730 bona,
2054 4683 2234 4731 serva,
2265 4667 2404 4736 grati
2430 4666 2620 4731 animi,
2639 4680 2706 4719 ac
2729 4665 2776 4719 ei
2802 4665 3048 4732 subjecta
3079 4678 3107 4716 a
3128 4679 3234 4732 quo
3261 4679 3390 4716 con-

1859 4741 1972 4811 dita
1991 4767 2139 4821 sunt,
2160 4757 2262 4809 hoc
2283 4755 2499 4809 demum
2520 4760 2714 4810 creata
2740 4760 2944 4807 natura;
2967 4753 3141 4806 virtus
3157 4751 3390 4804 exsistit.

1861 4847 2045 4900 Virtus
2069 4859 2300 4914 namque
2330 4852 2430 4906 est.
2463 4851 2676 4896 natura
2721 4856 2833 4896 sine
2875 4842 3070 4912 ﬁnibus
3116 4855 3175 4894 se
3223 4840 3378 4892 conti

1861 4952 2012 4991 nere.
2043 4936 2120 4990 Ac
2158 4934 2387 5004 proinde
2421 4935 2589 4988 libera
2611 4930 2890 4986 voluntate
2926 4930 3177 4984 diabolus
3215 4938 3394 4980 mula-

1863 5035 1952 5082 tus
1979 5033 2080 5090 est,
2115 5024 2241 5078 dum
2282 5037 2533 5092 magnam
2571 5021 2788 5091 quidem
2817 5035 2952 5084 rem,
2981 5018 3074 5074 sed
3112 5033 3216 5071 non
3253 5021 3393 5068 recte

1864 5115 2193 5182 concupivit.
2241 5111 2491 5182 Magnum
2537 5112 2681 5166 enim
2727 5119 2814 5165 est
2868 5109 3034 5164 Deum
3092 5122 3251 5162 esse:
3302 5104 3394 5158 sed

1862 5205 2060 5258 malum
2084 5204 2154 5263 ci.
2190 5203 2282 5271 qui
2310 5201 2448 5256 Deus
2491 5215 2599 5254 non
2639 5200 2735 5264 sit,
2783 5200 3050 5264 ingratum
3086 5210 3143 5250 se
3181 5211 3242 5247 ac
3270 5208 3396 5263 per-

231 5317 394 5370 tiduut
426 5304 618 5367 [actori
652 5324 750 5364 suo
775 5310 1029 5377 praebere,
1062 5311 1420 5372 naturamque
1468 5318 1621 5356 suam
1672 5295 1958 5362 excedere,
2024 5297 2256 5349 valendo
2321 5295 2370 5347 id
2414 5309 2539 5348 esse
2585 5292 2727 5361 quod
2778 5292 2890 5344 lieri
2939 5271 3143 5358 nequit.
3217 5287 3396 5355 Neque

1505 5386 1734 5443 VARUE
1779 5383 2177 5436 LECTIONES.

307 5491 327 5530 ι
359 5492 412 5545 ιιι
443 5490 606 5545 Basil.
641 5488 852 5558 ιεεὶιιιτι
885 5487 916 5558 ἢ

944 5486 1092 5548 Θεός.
1115 5482 1469 5539 Leunclavius
1504 5474 1900 5548 emendandum
1939 5476 2230 5548 arbitratur
2258 5473 2285 5523 6
2313 5470 2461 5548 Θεξις,
2491 5472 2611 5548 nisi
2635 5468 3056 5548 [oi-tescriptum
3095 5464 3274 5548 il-ltl'l'il.
3311 5461 3394 5548 εἴη

1705 5544 1760 5623 In
1794 5541 1922 5623 Reg.
1955 5551 2008 5623 ςι
2038 5541 2175 5623 apud
2211 5531 2430 5623 [apuch
2472 5531 3016 5623 (igﬂsliéﬁ-t953i‘llsis‘t
3468 5540 3479 5556 '

227 5600 1565 5698 ἶῆλτςι“ιῖἐἹὲῖιὲἱιὲιζιῖιῖίὶὶὶιῆἔι,’’ἔέϊρἧιςζσίιῑεέ
1589 5600 1821 5684 genuina
1857 5600 2013 5666 [Eclio
2042 5600 2144 5674 cst,
2189 5608 2432 5662 aliudcns
2479 5608 2542 5661 a.l
2577 5620 2768 5659 nomen
2806 5600 3232 5673 στέρησις,ηιιοι1
3264 5613 3369 5668 ιιι-ιε

228 5693 471 5752 cesserat
503 5712 515 5747 :
548 5693 735 5751 omnes
769 5694 1088 5762 interpretes
1114 5697 1388 5760 appetitum
1434 5693 1753 5758 posuerunt.
