4156 6436
686 420 706 475 1
724 414 823 475 539

1838 398 1898 456 S.
1923 396 2243 456 JOANNIS
2284 394 2713 454 DAMASCENI

3823 383 3955 445 1510

686 526 831 576 enim
885 522 1001 574 lien
1053 522 1253 586 potest,
1289 519 1348 565 ut
1390 511 1484 581 qui
1528 515 1650 562 ortu
1687 521 1796 561 non
1855 499 2079 569 careat,
2116 507 2258 561 Deus
2295 507 2410 560 sit:
2442 516 2534 558 aut
2565 506 2657 574 qui
2689 503 2903 558 initium
2937 502 3148 565 habuit,
3192 503 3334 557 initii
3404 517 3602 572 expers
3676 502 3802 555 liat.
3862 507 3951 555 At-

693 617 787 683 qui
819 615 920 666 hoc
944 610 1102 664 all‘ert
1126 607 1391 676 appetitio
1427 603 1530 665 rei,
1555 616 1675 672 qua:
1705 601 1930 656 minimc
1954 601 2266 664 conveniat,
2312 611 2371 653 ut
2407 601 2471 663 iis
2497 602 2662 653 etiam
2695 599 2900 666 quibus
2933 597 3144 667 praediti
3183 613 3400 661 smnus,
3435 599 3768 665 spoliemur.

760 705 848 757 '09..
941 699 1107 752 MAN.

693 793 900 849 Oll'l‘ll.
944 792 1120 862 Ipsius
1149 791 1205 843 in
1239 795 1542 843 creatorem
1573 783 1900 855 pcrduellio.
1947 783 2088 837 Deus
2111 783 2256 835 enim

695 885 795 952 ipsi
814 884 982 946 dedit,
1002 888 1062 934 ut
1083 887 1253 943 esset,
1296 889 1408 932 tum
1433 891 1501 930 ne
1519 878 1660 929 servi
1683 873 2046 928 defectionem
2070 875 2261 927 timere

693 975 992 1034 videretur,
1021 979 1150 1024 tum
1189 979 1249 1023 ut
1284 982 1382 1021 nos
1419 965 1643 1018 doceret
1683 965 1856 1018 malos
1886 965 2048 1018 etiam
2100 963 2262 1017 benc-

698 1043 834 1116 lieiis
886 1060 1120 1112 allicere.
1161 1058 1277 1109 Non
1334 1055 1508 1108 solum
1560 1056 1704 1119 enim
1767 1054 1945 1121 ipsum
1999 1050 2260 1112 condidit,

698 1152 794 1206 sed
825 1152 990 1204 etiam
1023 1148 1208 1201 mundi
1246 1146 1548 1215 principem
1589 1144 1740 1197 fecit.
1789 1143 1934 1208 Quin
1992 1143 2169 1212 ipsum
2199 1143 2263 1204 ¹¹,

701 1244 744 1296 si
780 1244 954 1294 bonus
993 1253 1116 1291 esse
1153 1237 1335 1301 vellet,
1363 1239 1720 1302 excepturus,
1748 1233 2144 1300 beueli'eiisque
2170 1248 2250 1283 au-

706 1343 892 1404 cturus
916 1339 1082 1384 esset.
1109 1328 1381 1394 Quocirca
1417 1341 1515 1378 nec
1551 1340 1700 1386 eum,
1727 1339 1851 1376 cum
1883 1339 1912 1376 c
1948 1323 2128 1376 medio
2167 1325 2267 1373 tol-

705 1426 817 1478 lere
849 1429 1060 1492 posset,
1103 1419 1330 1474 sustulit
1359 1435 1372 1480 ;
1409 1417 1502 1470 sed
1536 1415 1656 1484 ejus
1683 1416 2013 1478 dementiam
2051 1415 2266 1474 tolerat,

704 1516 938 1584 benigne
995 1522 1046 1565 et
1071 1511 1290 1579 largiter
1316 1509 1362 1563 ei
1392 1508 1644 1577 praebens
1669 1516 1725 1559 ut
1751 1508 1821 1560 sit
1848 1524 1862 1570 ;
1890 1507 2030 1574 quod
2055 1506 2268 1573 quidem

708 1608 827 1675 ipse
857 1605 1005 1657 solus
1037 1610 1299 1670 prtestzu'c
1325 1608 1526 1667 potest.
1559 1597 1624 1650 L't
1655 1607 1836 1649 autem
1873 1596 1916 1649 is
1945 1596 2122 1654 boous
2153 1598 2266 1659 liat,

707 1715 815 1752 non
855 1695 946 1748 Dei
979 1695 1153 1749 solius
1189 1702 1296 1758 cst,
1333 1692 1424 1744 sed
1465 1690 1636 1759 ipsius
1667 1704 1886 1757 quoque
1918 1691 2138 1757 Operam
2175 1689 2271 1740 de»-

707 1789 931 1842 siderat.
963 1783 1098 1858 Nam
1129 1783 1272 1851 quod
1309 1798 1402 1851 per
1436 1783 1541 1834 vim
1579 1779 1831 1847 ellicilur,
1866 1795 1965 1840 nec
1990 1781 2141 1843 boni,
2174 1796 2272 1833 nec

709 1875 931 1930 virtutis
963 1887 1160 1926 nomen
1194 1871 1518 1924 obtinuerit.

777 1964 938 2037 M5
970 1964 1055 2016 55.
1109 1960 1264 2026 Quod
1298 1961 1341 2013 si
1384 1973 1623 2028 quatras,
1659 1958 1788 2027 quid
1830 1973 2014 2012 causae
2052 1959 2122 2012 sit
2178 1973 2277 2013 cur

1199 696 1461 762 Quaenam
1551 701 1635 748 est
1713 692 1915 746 diaboli
2008 692 2334 756 malitia?A

2431 691 2529 742 16'.
2572 692 2742 767 ΜΛΝ.
2786 691 2883 752 Τίς
2923 693 2955 760 ὴ
3000 691 3168 743 κακία
3208 689 3306 742 τοῦ
3331 689 3610 755 διαϐόλους
3693 687 3855 741 ΟΡΘ.
3897 689 3957 740 Ἰἶ

2363 783 2501 836 κατὰ
2523 784 2615 836 τοῦ
2637 784 2960 852 ποιήσαντος
2987 783 3377 842 ἐπανάστασις.
3402 782 3649 834 Δέδωκεν
3683 776 3784 833 οὖν
3814 779 3958 847 altu;

2360 877 2389 928 ὁ
2413 875 2544 937 Θεὸς
2563 875 2623 926 τὸ
2644 871 2802 934 εἶναι,
2828 875 2916 926 ἵνα
2939 891 2997 926 τε
3121 871 3248 942 δόξῃ
3271 872 3555 939 φοϐεῖσθαι
3587 872 3697 940 τὴν
3717 869 3818 922 τοῦ
3843 870 3956 920 δού-

2363 966 2455 1018 λου
2484 968 2874 1028 ἐπανάστασιν,
2899 967 2991 1018 καὶ
3015 966 3101 1018 ἵνα
3135 964 3320 1035 διδάξῃ
3343 965 3489 1032 ἡμᾶς
3519 964 3616 1017 καὶ
3655 963 3804 1031 πρὸς
3839 963 3961 1022 τοὺς

2366 1060 2570 1121 κακοὺς
2594 1057 2959 1128 εὐεργετικῶς
2980 1057 3307 1110 διακεῖσθαι.
3335 1057 3409 1107 UO
3441 1055 3602 1123 μόνον
3626 1055 3743 1123 γὰρ
3771 1054 3960 1120 ἐπιοίην

2369 1168 2458 1204 σεν
2479 1151 2663 1212 αὑτὸν,
2692 1149 2827 1203 ἀλλὰ
2849 1149 2941 1201 καὶ
2963 1149 3197 1219 ἄρχοντα
3220 1147 3316 1199 τοῦ
3339 1147 3549 1214 κόσμου
3569 1147 3846 1213 ἐποίησεν
3871 1144 3962 1195 αὑ-

2368 1245 2479 1300 τὸν,
2509 1244 2600 1295 καὶ
2639 1244 2797 1311 εἴπερ
2836 1241 3040 1310 Οελήσῃ
3077 1241 3279 1306 ἀγαθὸς
3315 1238 3845 1307 γενέσθαι,δέχετ.ιι
3876 1240 3965 1288 καὶ

2370 1336 2667 1404 εὐεργετεῖ.
2697 1336 2786 1385 Διὸ
2808 1334 2902 1385 καὶ
2921 1333 3217 1400 δυνάμενος
3243 1332 3455 1383 ἀνελεῖν
3480 1331 3671 1389 αὑτὸν,
3697 1332 3805 1381 οὐκ
3827 1331 3966 1380 ἀνεῖ-

2371 1428 2458 1477 λεν
2481 1443 2492 1453 ³
2522 1424 2631 1475 ἀλλ’
2657 1425 2908 1493 ἀνέχεται
2951 1422 3047 1490 τῆς
3082 1421 3392 1489 ἀφροσύνης
3437 1419 3627 1479 αὑτοῦ,
3677 1421 3966 1485 εὐεργετι-

2374 1517 2480 1577 κῶς
2505 1516 2595 1565 καὶ
2620 1513 2864 1581 ἀφθόνως
2901 1513 2964 1564 τὸ
2985 1511 3120 1564 εἶναι
3147 1512 3398 1581 παρέχων
3420 1511 3590 1578 αὐτῷ,
3636 1512 3783 1576 ὅπερ
3823 1507 3967 1559 ἐστὶν

2374 1605 2536 1658 αὑτοῦ
2554 1623 2565 1636 ·
2593 1605 2652 1656 τὸ
2691 1605 2744 1656 δὲ
2773 1604 2932 1655 καλὸν
2958 1603 3211 1670 γενέσθαι
3237 1603 3419 1665 αὑτὸν,
3448 1602 3506 1652 οὗ
3541 1602 3636 1653 τοῦ
3683 1599 3833 1652 Θεοῦ
3879 1600 3970 1667 μοι

2375 1714 2487 1755 νου,
2514 1693 2647 1747 ἀλλὰ
2671 1684 2762 1747 καῖ
2789 1692 2976 1746 αὐτοῦ.
3003 1695 3076 1746 Τὸ
3101 1693 3208 1763 γὰρ
3241 1693 3332 1763 βίᾳ
3353 1695 3663 1762 γινόμενον,
3691 1694 3752 1745 οὐ
3781 1692 3967 1752 καλὸν,

2375 1785 2496 1838 οὐδὲ
2538 1786 2728 1854 ἀρετή.

2446 1961 2549 2030 λγ’.
2584 1961 2645 2014 Ei
2666 1961 2720 2013 δὲ
2751 1960 2951 2028 λέγεις,
2977 1961 3057 2028 ὃτι
3083 1961 3172 2014 διὰ
3201 1959 3254 2012 τί
3286 1963 3469 2014 εἴασεν
3505 1961 3673 2014 αὑτὸν
3707 1960 3971 2026 πολεμεῖ-ι

707 2055 853 2110 Deus
889 2053 964 2106 illi
995 2051 1310 2121 permiserit
1342 2049 1592 2103 homines
1627 2050 1990 2118 impugnare;
2031 2050 2134 2104 hoc
2191 2065 2278 2105 re-

2382 2055 2490 2116 τοῖς
2516 2051 2861 2124 ἀνθρώποις;
2890 2052 3055 2122 φημὶ,
3079 2053 3160 2105 ὅτι
3191 2053 3328 2123 πρὸς
3349 2054 3408 2107 τὸ
3441 2055 3749 2124 συμφέρον.
3785 2053 3974 2104 Πολλοὶ

709 2144 1004 2214 spondeo:
1043 2143 1171 2211 quia
1230 2141 1280 2193 id
1348 2141 1568 2194 utilitati
1620 2141 1861 2208 ipsorum
1913 2141 2276 2206 conducebat.

709 2236 862 2290 Multi
886 2221 1086 2305 quippe
1109 2233 1228 2302 ejus
1255 2231 1420 2302 opera
1445 2239 1806 2285 coronantur.
1831 2231 1986 2296 Quod
2014 2227 2057 2287 si
2083 2234 2281 2289 multos

711 2342 932 2398 quoque
978 2326 1159 2395 perire
1195 2324 1445 2389 dixeris;
1478 2323 1582 2376 hoc
1629 2337 1848 2375 rursum
1900 2323 2104 2388 dicam,
2134 2326 2281 2392 quod

711 2420 859 2476 sicut
894 2415 1150 2471 diabolus
1177 2416 1340 2487 ipse,
1398 2413 1518 2468 sine
1555 2413 1792 2467 alterius
1825 2413 2134 2483 cujuspiam
2177 2416 2280 2469 im-

709 2511 897 2582 pulsu,
929 2515 1125 2578 suopte
1154 2507 1387 2586 consilio
1419 2505 1598 2560 malus
1645 2505 1757 2559 ﬁeri
1799 2507 2012 2573 potuit;
2049 2507 2100 2559 id
2121 2507 2282 2576 ‘quod

714 2590 892 2672 ipsius
916 2614 1134 2670 quoque
1175 2599 1382 2652 crimen
1427 2599 1671 2651 atrocius
1726 2598 1907 2651 reddit
1944 2615 1956 2650 :
1993 2599 2075 2652 sic
2108 2599 2282 2672 etiam

713 2669 902 2756 homo,
934 2669 1164 2745 tametsi
1199 2691 1381 2743 nullus
1421 2689 1637 2750 fuisset,
1677 2689 1770 2758 qui
1813 2690 1994 2744 scelus
2021 2669 2286 2759 suggere-

713 2793 820 2852 ret,
849 2800 946 2854 per
974 2784 1217 2851 seipsum
1252 2782 1428 2844 malus
1453 2782 1565 2836 lieri
1599 2789 1816 2851 poterat
1843 2799 1854 2834 :
1883 2797 1946 2836 ex
1982 2797 2088 2850 quo
2115 2781 2286 2850 ipsius

714 2885 947 2946 peccato
969 2875 1224 2929 cumulus
1256 2873 1605 2927 accessisset.
1645 2871 1843 2941 Majori
1872 2874 2017 2926 enim
2050 2887 2287 2927 excusa-

715 2966 873 3020 tione
902 2975 956 3019 et
984 2966 1138 3018 venia
1169 2964 1369 3033 dignus
1403 2962 1662 3025 habetur,
1703 2963 1796 3032 qui
1831 2963 2059 3017 alterius
2093 2977 2286 3038 suasu,

715 3070 881 3126 quam
917 3056 1009 3123 qui
1059 3061 1258 3122 suopte
1314 3061 1451 3105 nutu
1506 3059 1720 3119 peccat.
1777 3049 1914 3104 Nam
1963 3050 2059 3120 qui
2095 3061 2290 3120 suopte

718 3145 956 3214 consilio
987 3153 1192 3214 peccat,
1229 3145 1357 3197 huic
1391 3143 1575 3196 nullus
1604 3142 1947 3196 excusationi
1979 3143 2134 3198 locus
2161 3151 2246 3198 est
2273 3161 2287 3196 :

718 3211 1181 3306 quemadmodum
1212 3237 1305 3302 qui
1334 3227 1593 3286 virtutem
1650 3247 1679 3285 a
1733 3248 1790 3287 se
1823 3234 1978 3295 colit,
2022 3233 2286 3302 majorem

721 3309 934 3380 laudem
982 3327 1364 3393 consequitur.
1431 3323 1508 3375 Ac
1561 3323 1792 3391 proinde
1853 3323 2131 3397 diabolus,
2195 3325 2286 3392 qui

721 3427 914 3486 suopte.
964 3397 1106 3469 nutu
1169 3413 1436 3484 peccavit,
1473 3414 1654 3468 omnis
1681 3415 2045 3481 pmniteutiw
2087 3405 2284 3472 exsors

720 3508 923 3562 mansit
952 3526 965 3558 :
1008 3508 1169 3559 hoino
1199 3515 1406 3566 autem,
1442 3504 1570 3573 quia
1607 3520 1716 3557 non
1753 3506 1869 3573 ipse
1901 3505 2068 3566 ultro,
2097 3507 2188 3560 sed
2218 3522 2284 3560 ex

723 3599 929 3653 diaboli
969 3599 1176 3652 insultu
1219 3596 1487 3666 peccavit,
1521 3595 1900 3664 pteniteutiam
1935 3585 2155 3660 imbuit,
2186 3597 2286 3650 do-

723 3706 964 3759 numque
1004 3689 1375 3744 renovationis
1426 3695 1483 3740 et
1535 3685 1879 3740 remissionis
1934 3696 2286 3754 peccatorum

725 3781 817 3835 Dei
861 3797 1078 3840 munus.

797 3876 886 3929 5-4.
926 3872 1090 3928 ΜΛΝ.
1132 3878 1198 3926 At
1255 3888 1404 3934 vero,
1454 3889 1551 3926 cur
1605 3871 1771 3933 Deus,
1823 3885 1949 3923 cum
2009 3870 2288 3922 diabolum

726 3971 930 4021 malmn
968 3965 1084 4018 fore
1122 3973 1450 4032 pramosset,
1490 3981 1614 4018 eum
1648 3963 1888 4018 creavit?
1915 3961 2125 4015 ORTII.
2165 3962 2294 4016 Exi-

727 4059 852 4111 mia»
875 4073 938 4111 ac
961 4057 1266 4124 singularis
1299 4057 1520 4110 bonitas
1547 4058 1598 4108 in
1625 4070 1791 4109 causa
1829 4054 1954 4117 fuit,
1986 4069 2088 4107 cur
2114 4054 2291 4121 ipsum

727 4153 956 4201 crearet.
994 4147 1086 4199 Sic
1127 4148 1271 4199 enim
1325 4161 1512 4199 secum
1565 4147 1781 4201 locutus
1812 4157 1894 4200 est
1935 4146 2020 4198 "z
2062 4145 2295 4210 Quando

727 4237 947 4307 quidem
985 4238 1086 4291 iste
1124 4238 1298 4289 malus
1346 4239 1562 4291 futurus
1591 4249 1694 4301 est,
1729 4238 2042 4307 omniaque,
2090 4237 2293 4305 quibus

727 4341 850 4379 eum
882 4325 1074 4404 allicio,
1110 4327 1248 4389 bona
1284 4325 1636 4394 perditurus;
1672 4299 2088 4396 egonequoque
2113 4327 2292 4394 ipsum

725 4415 872 4469 bono
913 4429 1140 4483 prorsus
1187 4415 1438 4482 spoliabo
1507 4430 1572 4467 ac
1615 4416 1848 4469 delebo?
1899 4418 2159 4470 Minime:
2189 4413 2294 4469 Ve-

728 4522 870 4567 rum,
904 4506 1161 4574 quamvis
1194 4506 1309 4574 ipse
1351 4507 1638 4574 improbus
1677 4509 1748 4562 sit
1787 4507 2033 4570 futurus,
2061 4523 2161 4577 ego
2207 4514 2292 4560 ta-

728 4612 853 4649 men
890 4611 918 4649 a
957 4596 1060 4648 mei
1091 4597 1512 4665 participatione
1544 4614 1649 4651 non
1688 4601 2016 4654 excludam:
2058 4600 2151 4653 sed
2198 4601 2294 4653 bo-

2382 2145 2491 2215 γὰρ
2541 2146 2608 2198 δι’
2654 2143 2819 2198 αὐτοῦ
2867 2143 3278 2212 στεφανοῦνται.
3304 2144 3379 2200 Ei
3421 2145 3476 2196 δὲ
3511 2147 3716 2211 λέγεις,
3750 2146 3839 2196 ὅτι
3889 2147 3974 2195 καὶ

2383 2235 2568 2289 πολλοὶ¹
2602 2235 2932 2294 ἀπόλλυνται
2953 2252 2967 2266 ο
3001 2235 3166 2304 φημὶ,
3198 2235 3279 2288 ὃτι
3309 2235 3495 2304 ὥσπερ
3532 2235 3782 2303 ἠδυνήθη
3817 2237 3972 2297 αὐτὸς

2382 2330 2410 2380 ὀ
2447 2326 2692 2388 διάϐολος
2737 2327 2892 2388 ἐκτὸς
2943 2325 3248 2397 προσϐολῆς
3288 2325 3448 2378 ἄλλου
3481 2326 3741 2394 γενέσθαι
3781 2327 3973 2387 κακὸς.

2384 2415 2444 2480 ἐξ
2479 2415 2685 2478 οἰκείας
2741 2403 2986 2485 γνώμης,
3035 2416 3172 2486 ὅπερ
3229 2416 3324 2470 καὶ
3379 2418 3561 2486 χεῖρον
3615 2416 3775 2486 αὐτῷ
3828 2419 3971 2468 ἐστι.

2385 2508 2656 2580 ἔγκλημα,
2681 2508 2852 2571 οὕτως
2878 2507 3109 2578 ἠδύνατο
3139 2510 3247 2561 ’καὶ
3281 2510 3309 2561 ὁ
3333 2509 3618 2579 ἄνθρωπος
3658 2509 3722 2572 ἐξ
3753 2510 3975 2567 ἑαυτοῦ.

2385 2601 2482 2654 καὶ
2527 2603 2603 2672 μὴ
2653 2602 2791 2672 ἔχων
2822 2601 2913 2654 τὸν
2959 2601 3436 2672 προσϐάλλονταὶι,
3464 2603 3725 2670 γενέσθαι
3767 2605 3973 2665 κακός·

2386 2695 2481 2746 καὶ
2521 2696 2732 2760 ἐγίνετο
2772 2695 2837 2748 ἂν
2885 2689 3036 2764 αὐτῷ
3079 2696 3109 2764 ἡ
3153 2695 3394 2765 ἁμαρτία
3448 2695 3684 2766 χείρων-
3723 2696 3976 2756 πλείονος

2386 2783 2494 2850 γὰρ
2528 2784 2824 2848 ἀπολογίας
2859 2786 2952 2837 καὶ
2989 2784 3321 2855 συγγνώμης
3358 2785 3624 2850 ἀξιοῦται,
3659 2787 3690 2838 ὁ
3741 2785 3808 2850 ἐξ
3844 2788 3978 2839 ὐπο-

2388 2871 2551 2940 6ολῆς
2586 2873 2745 2927 ἄλλου
2781 2873 3134 2943 ἁμαρτάνων,
3167 2875 3313 2943 ἥπερ
3347 2875 3374 2924 ό
3413 2875 3472 2937 ἐξ
3511 2875 3736 2928 ἑαυτοῦ.
3779 2875 3844 2925 ὐ
3873 2876 3978 2942 γὰρ

2391 2962 2449 3027 ἐξ
2482 2962 2675 3016 ἑαυτοῦ
2709 2963 3062 3035 ἁμαρτάνων,
3112 2952 3520 3035 ἆναπολόγητός
3562 2952 3734 3030 ἔστιν,
3788 2967 3978 3033 ὥσπερ

2392 3055 2487 3108 καὶ
2514 3058 2546 3127 τό
2590 3055 2648 3118 ἐξ
2689 3055 2895 3109 ἑαυτοῦ
2949 3058 3342 3128 μετερχόμενος
3374 3059 3471 3129 τὴν
3523 3045 3789 3130 ἀρετὴν,
3820 3061 3978 3112 πλέον

2391 3149 2719 3202 ἐπαινεῖται,
2757 3149 2848 3202 Διὸ
2901 3152 2928 3203 ό
2981 3150 3229 3216 διάϐολος
3275 3153 3334 3218 ἐξ
3373 3154 3568 3206 ἑαυτοῦ
3617 3155 3977 3224 ἁμαρτήσας,

2392 3241 2761 3310 ἀμετανόητος
2792 3240 3037 3310 ἔμεινεν·
3074 3243 3102 3294 6
3146 3237 3203 3297 δὲ
3231 3229 3515 3315 ἄνθρωτιος
3550 3246 3653 3296 οὐκ
3682 3246 3742 3308 ἐξ
3782 3247 3980 3297 ἑαυτοῦ

2395 3330 2744 3401 ἁμαρτήσας,
2776 3331 2890 3388 ἀλλ’
2932 3334 2996 3386 ἐκ
3038 3333 3136 3403 τῆς
3166 3335 3231 3388 τὰ
3271 3335 3516 3388 διαϐόλου
3546 3336 3890 3404 προσϐολῆς,
3929 3339 3981 3387 ἐν

2393 3421 2652 3490 μετανοίᾳ
2679 3420 2895 3489 γέγονε,
2931 3422 3027 3476 καλ⁸
3063 3422 3270 3493 ἠξιώθη
3299 3425 3396 3492 τῆς
3429 3427 3840 3488 ἀνακαινίσεως
3893 3429 3979 3477 zz".

2392 3510 2641 3579 ἀφέσεως
2672 3512 2780 3565 τῶν
2819 3514 3122 3586 ἁμαρτιῶν.
3159 3517 3233 3569 Τὸ
3267 3513 3358 3570 οὖν
3400 3515 3558 3580 εἶναι,
3591 3519 3806 3584 ἀγαθόν
3845 3521 3978 3580 ἐστι,

2396 3603 2490 3654 καὶ
2522 3604 2694 3674 δῶρον
2723 3606 2881 3659 Θεοῦ.

2327 3694 2561 3762 accepit.
2593 3693 2706 3750 Hoc
2734 3696 2921 3766 itaque
2960 3699 3138 3768 ipsum
3169 3699 3314 3770 quod
3343 3713 3446 3764 est,
3476 3703 3679 3755 bonum
3751 3713 3867 3764 est,
3925 3719 3982 3758 ac

2464 3866 2559 3926 λδ’.
2590 3876 2759 3928 MAN.
2803 3877 2910 3929 Καὶ
2936 3877 3024 3930 διὰ
3053 3878 3104 3930 τί
3151 3881 3418 3950 προγνοὺς
3469 3882 3497 3932 ὁ
3543 3882 3674 3945 Θεὸς
3725 3885 3978 3939 διάϐολον

2397 3967 2627 4036 πονηρὸν
2655 3968 2934 4037 ἐσόμενον,
2967 3970 3226 4039 ἐποίησεν
3257 3973 3456 4050 αὐτόν;
3496 3962 3644 4027 ΟῬΘ.
3687 3977 3767 4028 Δι’
3806 3978 3981 4048 ὑπερ-

2396 4054 2556 4126 ϐολὴν
2589 4056 2927 4128 ἁγαθότη-τος
2959 4059 3212 4129 ἐποίησεν
3241 4052 3404 4113 αὐτόν
3424 4079 3437 4092 ·
3467 4063 3568 4130 ἔφη
3605 4065 3716 4132 γάρ
3737 4084 3749 4096 ·
3789 4066 3980 4136 ἐπειδὴ

2395 4142 2546 4210 οὗτος
2577 4149 2760 4217 μέλλει
2801 4149 3022 4204 ἔσεσθαι
3045 4152 3301 4224 πονηρὸς,
3329 4158 3422 4206 καὶ
3465 4156 3760 4210 ἀπολλύειν
3799 4161 3981 4212 πάντα

2394 4237 2463 4289 τὰ
2502 4237 2750 4307 διδόμενα
2781 4239 2931 4309 αὐτῷ
2969 4241 3167 4310 ἀγαθὰ,
3217 4246 3464 4314 στερήσω
3495 4247 3657 4298 αὑτὸν
3695 4249 3863 4316 κάγὼ
3893 4268 3978 4302 τε·

2394 4326 2553 4391 λείως
2584 4329 2678 4381 τοῦ
2721 4330 2950 4399 ἀγαθοῦ,
2984 4333 3078 4386 καὶ
3111 4332 3459 4404 ὰνΰπαρκτον
3504 4335 3670 4388 αὐτὸν
3719 4342 3975 4408 ποιήσ‹;›;

2394 4418 2692 4488 Οὐδαμῶς·
2719 4422 2833 4474 ἀλλ’
2861 4425 2908 4475 εί
2941 4425 3033 4476 καὶ
3063 4425 3222 4488 αὐτὸς
3256 4428 3487 4495 πονηρὸς
3515 4428 3693 4491 ἔσται,
3727 4432 3846 4492 ἐγὼ
3888 4435 3978 4500 τῆς

2398 4513 2688 4580 μετουσίας
2722 4530 2822 4582 μου
2858 4513 2932 4584 μὴ
2972 4517 3220 4586 στερήσω
3252 4517 3434 4580 αὑτὸν,
3467 4517 3601 4571 ἀλλὰ
3627 4519 3795 4572 δώσω
3832 4523 3979 4591 αὑτῴ

2395 4602 2451 4653 ἓν
2479 4602 2699 4670 ἁγαΟὸν,
2728 4604 2826 4674 τὴν
2855 4605 2943 4658 διὰ
2971 4606 3067 4658 τοῦ
3099 4601 3238 4661 εἶναι
3266 4608 3556 4676 μετουσίαν
3583 4627 3708 4678 μου,
3746 4612 3844 4665 ἵνα
3881 4613 3977 4664 κᾶν

729 4701 858 4738 ηιιιιι
895 4701 1060 4738 unum
1101 4687 1148 4738 ei
1183 4687 1406 4754 largiar,
1443 4697 1500 4740 ut
1533 4689 1635 4740 mei
1677 4705 1773 4757 per
1805 4691 1906 4742 IIOC
1947 4691 2126 4759 ipsum
2164 4683 2281 4758 par-

2399 4692 2472 4761 μὴ
2501 4694 2648 4765 Οέλῃ,
2685 4698 2885 4766 μετέχῃ
2920 4714 3020 4766 μου
3063 4697 3156 4750 τοῦ
3193 4697 3397 4766 ἀγαθοῦ
3425 4699 3512 4753 διὰ
3536 4701 3630 4753 τοῦ
3657 4697 3830 4756 εἶναι.
3878 4705 3976 4755 Οὖ-

729 4777 903 4843 tireps
963 4775 1056 4836 sit,
1099 4779 1245 4844 quod
1289 4778 1562 4842 exsistat,
1624 4780 1835 4848 hocque
1889 4782 2113 4834 nomine
2153 4782 2294 4850 quod

728 4867 820 4928 sit,
859 4868 910 4920 in
946 4869 1071 4927 mei,
1102 4869 1192 4936 qui
1233 4869 1413 4923 bonus
1445 4886 1586 4935 sum,
1616 4880 1825 4940 partem
1862 4873 2064 4924 veniat.
2110 4869 2294 4939 Neque

726 4959 871 5009 enim
902 4966 1097 5024 praeter
1131 4959 1298 5012 Deum
1330 4959 1475 5014 ullus
1496 4969 1602 5023 est,
1631 4964 1721 5030 qui
1760 4978 1846 5016 res
1872 4961 1935 5014 ad
1972 4963 2072 5016 hoc
2105 4975 2162 5015 ut
2186 4963 2297 5015 sint

727 5049 1010 5101 contineat
1034 5058 1085 5102 et
1111 5059 1422 5104 conservet.
1446 5051 1625 5120 Ipsum
1659 5067 1895 5122 namque
1924 5068 2066 5115 esse,
2089 5053 2291 5106 bonum

727 5149 832 5202 est,
869 5141 1071 5209 Deique
1108 5141 1450 5212 beneﬁcium.

800 5231 887 5282 55.
923 5230 1083 5282 MAN.
1122 5230 1275 5296 Quod
1317 5233 1425 5286 sint
1455 5247 1517 5286 ea
1546 5250 1665 5302 qua;
1714 5241 1860 5297 sunt,
1890 5249 1954 5286 ex
1995 5233 2103 5287 Deo
2148 5236 2289 5287 bono

728 5336 851 5378 esse
890 5322 1019 5376 ais:
1062 5323 1228 5391 igitur
1277 5326 1321 5377 si
1379 5326 1541 5378 rebus
1593 5323 1855 5379 omnibus
1914 5339 2037 5379 esse
2087 5324 2289 5377 bonum

800 5483 838 5515 "
868 5483 986 5537 Lib.
1024 5499 1061 5538 ll
1094 5486 1164 5541 De
1181 5489 1298 5556 ﬁde,
1327 5505 1442 5558 cap.
1484 5490 1532 5541 4.

2393 4785 2504 4847 Esi;
2538 4787 2646 4857 γὰρ
2677 4789 2824 4839 ἐστιν
2851 4791 2878 4840 ὁ
2910 4789 3234 4858 συγκρατῶν
3259 4792 3357 4843 καὶ
3386 4792 3622 4861 συνέχων
3656 4795 3727 4846 τὰ
3752 4794 3892 4847 ὄντα
3922 4799 3975 4846 ἐν

2390 4877 2467 4946 τῷ
2499 4875 2659 4944 εἶναι,
2689 4881 2735 4930 εί
2775 4879 2848 4949 μὴ
2879 4883 2905 4932 ὁ
2936 4879 3068 4944 Θεός
3090 4896 3101 4908 ·
3136 4881 3196 4934 τὸ
3246 4881 3352 4953 γὰρ
3405 4879 3542 4937 εἶναι
3576 4884 3787 4951 ἀγαθόν
3832 4888 3972 4950 ἐστι,

2395 4972 2489 5021 καὶ
2519 4969 2690 5040 δῶρον
2728 4970 2882 5025 Θεοῦ.

2470 5233 2559 5287 λε’.
2599 5234 2770 5287 ΜΛΝ.
2821 5235 2893 5288 Τὸ
2957 5231 3095 5290 εἶναι
3150 5239 3260 5300 τοῖς
3316 5233 3504 5299 οὖσιν,
3566 5240 3628 5291 ἐκ
3670 5239 3814 5294 Θεοῦ
3883 5243 3972 5295 τοῦ

2399 5323 2603 5390 ἀγαθοῦ
2630 5340 2642 5354 ·
2683 5328 2731 5378 εἰ
2780 5321 2872 5380 οῦν
2923 5329 3056 5381 πᾶσι
3094 5331 3204 5392 τοῖς
3251 5324 3420 5395 οὖσι),
3458 5330 3660 5398 ἀγαθὸν
3702 5329 3764 5382 7’.-
3809 5334 3971 5400 εἶναι,

1625 5489 1805 5543 "Lib.
1864 5506 1909 5543 ιν
1956 5489 2028 5541 Dc
2053 5489 2176 5557 ﬁde,
2237 5505 2360 5559 cap.
2400 5491 2491 5544 22.

2027 5642 2256 5696 VARHE
2299 5643 2699 5700 LECTIONES.

802 5761 829 5803 ιι
860 5758 988 5822 Reg.
1018 5754 1408 5825 προςϐαλὸντα,
1443 5770 1565 5810 cum
1601 5767 1828 5814 accentu
1857 5761 1909 5813 in
1941 5761 2390 5829 antepcuultima.
