4156 6436
215 384 341 450 1541-

1142 376 1518 434 ΒῘᾹῘΩΟΗΞ
1557 375 1845 457 CONTRA
1895 377 1944 433 Μ
1957 376 2152 433 ΛΝΠἿ
2161 376 2358 432 [1309.

3246 379 3390 436 1542

204 497 274 557 ὡς
333 495 396 545 ἐκ
451 488 583 543 Θεοῦ
636 487 730 540 τοῦ
780 480 981 552 ἀγαθοῦ
1020 484 1332 551 δεδομένον,
1371 487 1463 537 καὶ
1515 485 1591 552 τῷ
1633 485 1742 537 δια-

1843 494 1959 548 cst,
2006 495 2122 537 uta
2159 488 2266 537 Deo
2314 487 2457 537 bono
2504 463 2824 539 concessum
2854 523 2868 544 ,
2921 483 3134 536 diabolo
3175 501 3388 554 quoque

200 582 335 650 σόλῳ
383 579 583 646 ἀγαθὸν
633 578 693 626 τὸ
743 571 899 626 εἶναι.
959 573 1107 630 ΟΡΘ.
1159 574 1340 625 Πάντα
1395 575 1466 626 τά
1509 575 1635 624 ὄντα
1681 578 1742 625 ἐκ

197 667 288 721 τοῦ
318 667 449 720 Θεοῦ
485 666 610 732 ἔσχε
640 664 699 714 τὸ
727 659 893 714 εἶναι·
941 663 1114 714 πάντα
1152 663 1219 714 td
1262 664 1480 714 δοθέντα
1531 664 1742 730 ἑκάστῳ

195 755 297 806 ὑπὸ
323 752 478 814 Θεοῦ,
511 753 606 802 καὶ
635 750 812 814 ἀγαθά
852 753 985 801 ἐστι.
1029 749 1108 800 Td
1147 751 1252 816 γὰρ
1296 752 1359 799 ἐκ
1403 750 1495 800 τοῦ
1539 750 1739 815 ἀγαθοῦ

193 844 456 921 διδόμενα,
489 841 692 906 ἀγαθάο
717 838 880 890 κακὸν
901 837 980 901 δὲ,
1014 837 1162 887 οὐδὲν
1192 837 1374 904 ἓτερόν
1401 839 1566 897 ἐστιν,
1596 841 1642 888 εἰ
1668 837 1740 906 μὴ

192 934 223 1000 ἡ
264 931 373 983 τῶν
422 929 664 995 ἀγαθῶν,
697 928 940 979 τουτέστι
977 925 1084 984 τῶν
1131 926 1409 980 ὑπὸ.ηθεοῦ
1462 926 1739 990 δοθέντων,

191 1019 464 1086 ἀποϐολήν
517 1019 561 1070 oi
601 1014 693 1069 οὖν
723 1019 784 1068 ὲκ
836 1014 968 1066 Θεοῦ
1020 1015 1120 1066 κᾶν
1146 1016 1206 1066 τὸ
1255 1012 1389 1066 εἶναι
1425 1015 1652 1082 ἔχοντες.
1684 1017 1740 1066 ἐν

191 1109 452 1177 μετουσία
490 1110 684 1175 μερικῇ
716 1106 806 1157 τοῦ
836 1106 1036 1172 ἀγαθοῦ
1065 1107 1167 1157 εἰσι
1201 1105 1317 1157 κατ’
1351 1093 1568 1172 ἔσχατον
1598 1108 1738 1171 ἀπή-

188 1212 361 1263 χημα.
393 1195 572 1246 Καλὸν
596 1191 687 1246 οῦν
731 1196 874 1244 ἐστιν
903 1190 1038 1245 εἶναι
1067 1195 1154 1245 τὸν
1198 1192 1438 1245 διάϐολον
1464 1194 1503 1255 ί,
1535 1194 1626 1245 καὶ
1654 1193 1739 1247 διὰ

186 1284 284 1336 τοῦ
311 1280 448 1337 εἶναι
477 1285 720 1352 μετέχειν
754 1283 845 1335 τοῦ
876 1283 1100 1349 ἀγαθοῦ.
1141 1280 1337 1349 Τὸγοῦν
1366 1281 1524 1344 εἶναι,
1556 1283 1735 1345 καλὸν,
1777 1328 1784 1337 .

181 1368 247 1420 τὸ
299 1369 356 1422 δὲ
403 1365 460 1422 εὖ
516 1366 675 1431 εἶναι,
728 1371 956 1422 κάλλιον.
997 1371 1189 1423 Τελεία
1237 1371 1337 1439 γὰρ
1380 1371 1640 1441 ῦπαρξις,
1679 1370 1738 1422 τό

185 1456 452 1525 ὑγιαίνειν
472 1475 485 1488 ο
510 1459 569 1509 τὸ
591 1459 645 1510 δὲ
678 1463 845 1510 νοσεῖν
876 1459 969 1510 καὶ
994 1456 1154 1518 εἶναι,
1187 1459 1409 1526 μερικὸν
1449 1461 1616 1511 κακὸν
1645 1461 1736 1512 καὶ

181 1544 380 1612 φθορά.
415 1546 491 1596 Οὐ
514 1545 619 1614 γὰρ
646 1546 818 1599 τελεία
842 1547 1166 1616 ἀνυπαρξία.
1190 1548 1322 1600 ἀλλὰ
1350 1566 1411 1616 με
1423 1549 1546 1617 ρικὴ
1568 1550 1737 1616 ῦπαρ-

181 1633 288 1698 ξις,
326 1635 418 1685 καὶ
448 1635 644 1704 μερικὴ
675 1636 996 1704 ἀνυπαρξία.
1044 1637 1115 1686 Τὸ
1141 1637 1198 1687 δὲ
1235 1635 1308 1706 μὴ
1340 1634 1497 1696 εἶναι,
1535 1638 1735 1690 τέλειον

180 1725 381 1776 κακόν’
419 1725 594 1776 τελεία
625 1726 730 1794 γὰρ
756 1726 1081 1793 ἀνυπαρξία,
1111 1725 1172 1776 τὸ
1199 1725 1416 1788 τελείως
1449 1727 1521 1796 μὴ
1558 1727 1632 1779 ὄν.
1664 1728 1735 1780 Τὸ

173 1808 274 1864 οῦν
301 1809 461 1876 εἶναι,
498 1815 678 1865 καὶτὸ
713 1811 770 1865 εὖ
805 1811 960 1876 εἶναι,
997 1816 1138 1867 καλὰ
1183 1816 1331 1885 παρά
1365 1794 1519 1870 Θεοῦξ
1563 1818 1634 1869 Τὸ
1677 1817 1733 1870 δὲ
1768 1794 1808 1846 Β

178 1903 350 1955 κακὸν
387 1905 445 1966 ἐξ
485 1905 685 1970 ἀγαθοῦ
713 1905 983 1970 γενέσθαι,
1015 1907 1111 1974 τῆς
1137 1907 1230 1958 τοῦ
1270 1909 1550 1976 γινομένου
1588 1907 1728 1972 γνιῖι⁹

179 2008 311 2060 μης.
349 1993 408 2045 Ὀ
432 1989 523 2044 οῦν
552 1994 698 2056 Θεὸς,
730 1995 796 2046 δι’
823 1994 1120 2064 ὑπερϐολὴν
1147 1996 1499 2064 ἀγαθότητος,
1536 1999 1628 2049 καὶ
1656 1997 1730 2066 τῷ

177 2082 401 2151 πονηρῷ
433 2084 502 2135 τά
527 2085 701 2151 ἀγαθά
736 2084 954 2146 δέδωη,
978 2085 1036 2136 τὸ
1058 2081 1215 2148 εἶναι,
1248 2087 1420 2140 καὶτὸ
1452 2082 1508 2138 εὖ
1539 2083 1697 2139 εἶναι.

1843 586 1966 625 esse
2005 573 2204 623 bonum
2239 579 2340 624 est.
2376 570 2583 623 OliTll.
2621 571 2812 624 Omnia
2862 588 2983 638 qua-
3033 582 3181 632 sunt,
3221 589 3247 622 a
3284 575 3388 627 Deo

1844 669 1902 711 ut
1929 669 2132 719 essent,
2175 668 2523 726 acceperunt.
2560 660 2768 713 Cuncta
2815 676 2978 726 porro
3009 677 3126 728 qua:
3175 662 3388 712 unicui—

1843 764 1947 816 que
1976 765 2005 802 ιι
2044 748 2151 824 Deo
2188 764 2451 803 concessa
2481 761 2627 812 sunt,
2675 751 2824 802 bona
2878 731 3024 802 ειιιῖι.
3077 750 3209 801 Nam
3237 767 3389 824 .qua:

1841 852 1869 888 a
1899 840 2044 890 bono
2081 837 2303 902 dantur,
2346 840 2535 906 utique
2580 840 2718 891 bona
2758 850 2902 891 sunt.
2957 838 3148 891 Malunt
3208 848 3386 893 autem

1842 927 1975 977 nihil
2011 929 2156 980 aliud
2194 939 2299 986 est.
2334 945 2490 996 quam
2534 930 2798 981 bonorum
2827 971 2839 985 .
2890 930 2990 980 hoc
3041 939 3121 981 est
3160 945 3385 993 eorum,

1840 1029 1960 1080 qme
1989 1030 2017 1066 a
2041 1015 2148 1067 Deo
2177 1017 2300 1068 data
2329 1027 2480 1078 sunt,
2507 1019 2761 1092 ahjectio.
2782 1017 3150 1080 Quamobrem
3174 1019 3272 1073 illi.
3294 1021 3385 1086 qui

1840 1117 1867 1153 a
1907 1102 2013 1155 Deo
2047 1106 2126 1155 vel
2183 1105 2280 1156 hoc
2320 1107 2494 1172 ipsum
2531 1106 2793 1158 duntaxat
2827 1107 2969 1174 quod
3003 1108 3133 1167 sint,
3166 1109 3384 1169 habent,

1839 1195 1964 1246 boni
2000 1195 2181 1262 aliqua
2221 1211 2283 1248 ex
2315 1207 2465 1263 parte
2495 1205 2662 1262 atque
2688 1206 2929 1259 extrema
2970 1197 3167 1249 saltem
3200 1197 3388 1248 condi-

1841 1285 1984 1338 tione
2012 1293 2066 1338 et
2099 1286 2239 1339 linea
2277 1287 2567 1353 participes
2621 1287 2751 1338 ﬁunt
2787 1304 2800 1337 :
2842 1303 2948 1353 quo
2982 1286 3035 1337 ﬁt
3073 1295 3128 1337 ut
3171 1285 3389 1338 diabolo

1840 1371 2038 1424 bonum
2070 1375 2140 1426 sit
2172 1375 2317 1442 quod
2354 1375 2604 1437 exsistat,
2641 1390 2702 1427 ac
2736 1390 2828 1443 per
2875 1377 2976 1427 hoc
3027 1377 3200 1442 ipsum
3244 1375 3386 1441 quod

1838 1465 1931 1528 sit,
1965 1465 2088 1518 boni
2132 1452 2406 1532 particeps
2438 1466 2548 1516 ﬂat.
2579 1463 2708 1517 Esse
2744 1466 2928 1532 itaque
2958 1464 3158 1516 bonum
3188 1472 3269 1515 est
3297 1480 3310 1514 :
3337 1473 3389 1514 at

1836 1556 1974 1606 bene
2004 1568 2146 1616 esse,
2184 1555 2374 1606 melius
2417 1569 2477 1606 ac
2510 1555 2884 1622 praestantius.
2921 1551 3201 1606 Perfectus
3242 1551 3385 1604 enim

1835 1640 2138 1692 exsistendi
2206 1627 2382 1693 status
2417 1648 2497 1692 est
2546 1655 2736 1693 sanum
2770 1655 2893 1694 esse
2926 1658 2937 1692 :
2972 1650 3026 1691 at
3086 1641 3136 1691 in
3193 1639 3388 1690 morbo

1837 1729 2042 1782 versari
2066 1737 2119 1780 et
2149 1745 2270 1783 esse
2302 1730 2482 1796 aliqua
2505 1745 2571 1782 ex
2604 1739 2777 1797 parte,
2804 1729 3002 1781 malum
3027 1737 3079 1780 et
3107 1727 3389 1795 corruptio

1836 1825 1938 1870 est.
1983 1816 2097 1869 Non
2124 1817 2267 1870 enim
2294 1820 2437 1870 omni
2474 1835 2534 1873 ex
2568 1827 2720 1888 parte
2757 1819 3008 1871 interitus
3039 1817 3258 1880 accidit,
3291 1817 3386 1869 sed

1835 1923 1899 1958 ex
1940 1914 2092 1973 parte
2129 1908 2366 1974 quadam
2401 1908 2696 1970 exstantia,
2739 1919 2791 1961 et
2819 1923 2881 1962 ex
2925 1892 3069 1976 parte
3105 1909 3383 1961 interitus.

1836 1996 2036 2048 Contra
2074 2012 2180 2048 non
2210 2013 2350 2055 esse.
2385 1998 2692 2050 absolutum
2745 1999 2944 2049 malum
2999 2007 3098 2050 est.
3151 1996 3382 2050 Prorsus

1834 2090 1978 2140 enim
2010 2102 2116 2139 non
2139 2102 2278 2151 esse,
2317 2090 2534 2156 penitus
2560 2089 2830 2141 interiisse
2861 2097 2963 2142 est.
2996 2087 3262 2152 Quocirca
3298 2103 3386 2140 es-

176 2190 258 2238 ac,
297 2186 352 2229 et
384 2176 521 2230 bene
548 2179 804 2246 beateque
827 2193 967 2242 esse,
1002 2179 1139 2232 bona
1173 2189 1321 2242 sunt,
1361 2195 1389 2231 a
1424 2180 1530 2233 Deo
1561 2190 1780 2233 auctore
1830 2181 2224 2251 provenientia.
2264 2181 2329 2233 At
2363 2182 2560 2235 malum
2594 2196 2656 2234 ex
2695 2182 2836 2233 bono
2871 2180 3006 2241 ﬂeri,
3045 2180 3110 2232 ab
3157 2179 3385 2232 consilio

177 2265 560 2336 proﬁciscitur.
589 2268 752 2328 illius,
786 2269 876 2336 qui
917 2270 1040 2322 talis
1079 2269 1283 2322 evadit.
1312 2269 1440 2334 Quae
1465 2257 1586 2322 cum
1648 2271 1718 2321 ita
1747 2271 1876 2333 sint,
1913 2270 2056 2325 Deus
2088 2261 2198 2340 ‘pro
2243 2272 2507 2340 singulari
2539 2287 2636 2326 sua
2669 2273 2930 2336 bonitate,
2962 2271 3105 2326 malo
3147 2284 3383 2340 quoque.

176 2369 297 2422 qua:
328 2356 465 2409 bona
498 2371 670 2418 erant,
740 2359 992 2411 nimirum
1057 2374 1200 2418 esse.
1272 2375 1486 2414 necnon
1545 2361 1680 2414 bene
1709 2375 1830 2415 esse
1853 2362 2148 2414 concessit.

246 2444 357 2507 λς’.
404 2446 707 2512 Ἐγκαλείτε
737 2448 887 2515 ἡμῖν,
922 2441 966 2499 ὦ
1017 2448 1323 2515 Μανιχαῖοι,
1367 2448 1454 2499 διά
1497 2448 1549 2498 τί
1602 2466 1730 2517 προ·

175 2536 458 2601 γινώσκων
483 2536 510 2586 ὁ
545 2535 673 2597 Θεὸς
706 2536 794 2587 τὸν
840 2535 1082 2588 διάϐολον
1131 2536 1298 2588 κακὸν
1327 2538 1600 2604 ἐσόμενον,
1633 2540 1730 2588 ὲπο

178 2626 384 2695 οἰησεν
413 2628 600 2692 αὑτόν;
643 2629 738 2680 καὶ
785 2628 1143 2696 ἀπεδείξαμεν
1177 2628 1264 2679 διὰ
1307 2628 1623 2689 πλειόνων,’
1651 2614 1730 2679 ὅτι

183 2713 324 2766 κατά
352 2714 441 2766 τὸν
467 2715 690 2781 φυσικὸν
711 2715 801 2766 τοῦ
834 2715 1037 2767 δικαίου
1068 2715 1242 2780 λόγον,
1269 2714 1445 2776 καλῶς
1481 2715 1732 2783 εποίησεν

180 2804 344 2856 αὐτόν
369 2821 383 2834 ⁸
418 2808 666 2872 κρεῖσσον
701 2805 808 2874 γὰρ
855 2804 994 2858 κατὰ
1023 2805 1112 2857 τὸν
1152 2806 1376 2872 φυσικὸν
1417 2806 1591 2871 λόγον,
1630 2805 1728 2855 κᾶν

183 2886 322 2943 εἶναι
353 2889 397 2953 i,
443 2894 705 2946 καὶκατὰ
748 2893 904 2945 τοῦτο
957 2893 1199 2962 μετέχειν
1236 2895 1326 2945 τοῦ
1368 2893 1592 2957 ἀγαθοῦ.
1636 2894 1729 2945 Ἐκ

182 2982 318 3035 Θεοῦ
339 2984 465 3053 γὰρ,
486 2984 578 3036 τοῦ
610 2985 766 3053 μόνου
798 2987 883 3036 ἀεὶ
911 2987 1078 3049 ὄντος,
1107 2987 1234 3037 αὐτὸ
1255 2985 1314 3036 τὸ
1340 2982 1494 3046 εἶναι,
1525 2985 1746 3050 ἀγαθοῦ

184 3073 522 3139 καὶ’ἀγαθῶν
561 3075 886 3142 παρεκτικοῦ
907 3093 919 3105 ·
953 3075 1011 3126 τὸ
1050 3075 1104 3126 δὲ
1131 3077 1192 3126 ὲκ
1218 3074 1310 3126 τοῦ
1347 3075 1572 3141 ἀγαθοῦ,
1599 3078 1730 3140 ἀγαο

186 3162 276 3215 θὸν
307 3165 518 3226 πάντως
548 3166 712 3218 ἐστίν,
749 3167 808 3216 Εἰ
839 3165 893 3216 δὲ
925 3165 1129 3231 λέγετε,
1155 3168 1236 3216 ὅτι
1270 3167 1557 3233 συνέφερεν
1587 3167 1732 3233 αὐτῷ

187 3251 262 3320 μὴ
294 3251 565 3317 γενέσθαι,
591 3252 731 3322 ἤπερ
760 3253 1025 3318 γενέσθαι,
1054 3255 1144 3304 καὶ
1170 3253 1495 3319 κολασθῆναι
1517 3252 1733 3304 ἀτελευά

183 3343 392 3411 τήτως·
453 3343 648 3410 φαμὲν,
688 3345 766 3393 ὅτι
805 3344 836 3409 ή
895 3342 1112 3403 κόλασις
1147 3344 1322 3409 ἐκείνη
1358 3343 1509 3393 οὐδὲν
1550 3343 1731 3411 ἕτερόν

185 3433 355 3493 ἔστιν,
390 3432 436 3482 εί
471 3432 543 3499 μὴ
584 3429 689 3500 πῦρ
721 3431 1010 3500 ἐπιθυμίας
1051 3434 1148 3499 τῆς
1192 3433 1384 3493 κακίας
1429 3434 1520 3484 καὶ
1559 3434 1731 3501 ἀμαρ-

183 3505 324 3585 τθίας,
353 3523 446 3574 καὶ
477 3522 584 3588 πῦρ
613 3522 862 3590 ἀστοχίας
896 3523 992 3590 τῆς
1026 3510 1338 3589 ἐπιθυμίας.
1365 3523 1436 3572 0.3
1471 3519 1576 3589 γὰρ
1611 3525 1728 3572 ἐπι-

188 3611 417 3681 θυμοῦσι
443 3611 600 3676 Θεοῦ,
621 3613 669 3663 οἱ
701 3614 757 3663 ὲν
783 3614 847 3680 τῇ
868 3612 1032 3680 κακίᾳ
1053 3612 1112 3662 τὸ
1131 3611 1394 3679 ἄτρεπτον
1421 3611 1727 3678 ἐσχηκότες,

183 3701 322 3754 ἀλλά
346 3702 442 3770 τῆς
472 3703 665 3761 κακίας
685 3718 699 3732 ο
732 3703 846 3752 ἐκεῖ
867 3701 920 3752 δὲ
943 3702 1188 3769 ἐνέργεια
1213 3701 1406 3762 κακίας
1431 3703 1518 3751 καὶ
1556 3702 1731 3770 ἁμαρ-

185 3791 304 3853 τίας
337 3792 435 3843 οὐκ
473 3791 642 3844 ἔσται.
673 3791 805 3844 Οὐδὲ
856 3792 960 3859 γὰρ
1005 3790 1273 3858 ἐσθίομεν,
1312 3791 1430 3841 οὐδὲ
1482 3791 1727 3857 πίνομεν,

186 3879 308 3933 οὐδὲ
334 3879 648 3946 ἑνδυόμεθα,
697 3878 814 3929 οὐδὲ
851 3877 1164 3946 γαμοῦμεν,
1207 3877 1322 3928 οὐδὲ
1373 3877 1727 3945 πλουτοῦμεν,

187 3968 309 4020 οὐδὲ
334 3965 522 4036 φθόνος
564 3967 754 4034 ἰσχύει,
796 3966 916 4017 οὐδέ
942 3982 995 4017 τι
1031 3964 1140 4016 τῶν
1187 3965 1284 4032 τῆς
1329 3965 1522 4027 κακίας
1554 3966 1724 4017 εἱδῶν.

197 4057 619 4122 Ἐπιθυμοῦντες
646 4052 757 4119 οῦν,
788 4056 880 4108 καὶ
911 4056 981 4123 μὴ
1016 4055 1324 4123 μετέχοντες
1355 4055 1460 4108 τῶν
1492 4058 1587 4123 τῆς
1609 4056 1726 4106 ἐπι-

171 4146 387 4218 σθυμίας
436 4145 600 4214 πυρὸς
642 4143 815 4214 δίκην,
855 4144 959 4194 ὑπὸ
993 4144 1091 4211 τῆς
1139 4143 1432 4212 ἐπιθυμίας
1467 4145 1729 4210 καταφλέ-

186 4252 403 4302 γονταισ
427 4235 474 4285 οἱ
505 4235 560 4287 δὲ
589 4233 681 4285 τοῦ
721 4233 943 4300 ἀγαθοῦ,
979 4232 1220 4284 τουτέστι
1266 4232 1426 4300 μόνου
1465 4232 1555 4284 τοῦ
1594 4232 1727 4284 Θεοῦ

186 4324 597 4392 ἐπιθυμοῦντες,
634 4322 724 4375 τοῦ
759 4322 928 4385 ὄντος,
963 4323 1055 4374 καὶ
1082 4321 1166 4374 ἀεὶ
1195 4320 1367 4382 ὄντος,
1400 4323 1494 4373 καὶ
1530 4323 1729 4390 τυγχά-
1762 4360 1802 4413 D

184 4432 390 4476 νοντες,
422 4411 794 4483 εὐφραίνονται
829 4412 968 4465 κατά
994 4413 1089 4480 τὴν
1124 4413 1415 4481 ἐπιθυμίαν
1454 4412 1726 4477 ἀναλόγως

184 4505 388 4566 αὐτῶν,
415 4503 535 4554 καθ’
565 4492 633 4572 ἢν
672 4503 764 4554 καὶ
790 4502 1112 4570 τυγχάνουσι
1140 4501 1233 4553 τοῦ
1275 4501 1723 4568 ὲπιθυμουμένου.

186 4594 264 4646 τὸ
282 4596 395 4664 μὲν
420 4589 512 4645 οῦν
530 4593 694 4649 ὄντως
721 4591 939 4656 ἀγαθὸν,
962 4591 1021 4641 τὸ
1045 4589 1199 4658 φύσει
1235 4590 1436 4656 ἀγαθόν
1467 4591 1601 4650 ἐστι,
1627 4588 1726 4639 κᾶν

185 4678 371 4741 ποσῶς
398 4680 610 4747 μετέχει
642 4678 759 4730 κατ’
789 4677 916 4729 αὐτὸ
943 4677 1001 4729 τὸ
1037 4673 1175 4728 εἶναι
1207 4677 1299 4728 τοῦ
1324 4676 1542 4737 ἀγαθοῦ.
1569 4677 1640 4726 Τὸ
1671 4676 1726 4727 δὲ

182 4769 374 4823 δοκοῦν
403 4769 626 4836 ἀγαθὸν,
659 4771 717 4821 οὗ
750 4769 908 4837 φύσει
946 4767 1143 4834 ἀγαθόν
1174 4769 1309 4829 ἐστι,
1357 4767 1488 4819 ἀλλὰ
1536 4768 1721 4819 κακόν.

184 4861 260 4911 Τὸ
291 4854 382 4911 οῦν
423 4859 729 4928 προκρίνειν
788 4857 884 4926 τὴν
931 4856 1036 4909 τῶν
1069 4857 1378 4925 κτισμάτων
1427 4857 1725 4910 ἀπόλαυσιν

181 4949 284 5015 τῆς
305 4947 397 4999 τοῦ
429 4948 642 5000 κτίστου
676 4947 1043 5009 ἀπολαύσεως,
1072 4947 1165 4999 καὶ
1190 4947 1249 4998 τὸ
1281 4949 1474 4998 οἰκεῖον
1497 4946 1725 5013 θέλημα,

183 5035 281 5088 τοῦ
303 5035 602 5104 θελή’ματος
623 5036 715 5089 τοῦ
737 5035 1083 5106 δημιουργοῦ,
1101 5036 1198 5087 οὐκ
1226 5035 1338 5087 ἔστι
1362 5035 1586 5097 δικαίου,
1611 5036 1727 5087 οὐδὲ

184 5124 416 5191 ἀγαθοῦ,
470 5127 778 5196 προκρίνειν
822 5126 880 5177 τὸ
931 5127 1058 5194 ἡμῖν
1090 5125 1278 5178 δοκοῦν
1335 5126 1552 5192 ἀγαθὸν,
1593 5126 1726 5196 ὅπερ

189 5215 392 5284 μᾶλλον
435 5217 601 5268 κακὸν
651 5215 892 5286 ἐδείχθη,
930 5215 1024 5268 τοῦ
1082 5218 1230 5280 ὄντος
1287 5217 1442 5285 φύσει
1491 5217 1724 5285 ἀγαθοῦ·

1900 2449 1988 2501 36.
2043 2449 2277 2502 Crimini
2334 2449 2516 2510 nobis,
2577 2463 2608 2501 ο
2662 2448 2965 2506 Maniehzei.
3033 2448 3264 2506 vertitis.
3321 2462 3381 2499 ac

1828 2537 1991 2607 446
2018 2541 2285 2605 quaeritis,
2323 2554 2485 2592 cccur
2519 2537 2657 2592 Deus
2694 2554 2814 2590 cum
2850 2538 3123 2589 diabolum
3179 2537 3380 2590 malum

1831 2623 1945 2682 fore
1977 2623 2343 2696 prospiceret,
2369 2645 2493 2680 eum
2533 2622 2740 2681 fecerit.
2774 2629 2842 2678 At
2893 2629 3144 2694 pluribus
3200 2636 3384 2679 osten-

1830 2720 1882 2772 di
1918 2719 1979 2782 ¹³,
2011 2719 2053 2770 si
2089 2719 2354 2770 naturalis
2383 2718 2524 2784 juris
2561 2718 2700 2769 ratio
2741 2725 3037 2785 spectetur,
3075 2726 3216 2767 recte.
3256 2732 3380 2768 cum

1833 2809 2111 2860 conditum
2167 2808 2360 2860 fuisse.
2401 2807 2709 2858 Secundum
2746 2807 2888 2858 enim
2943 2815 3149 2856 natura:
3181 2807 3376 2858 seriem

1835 2904 2081 2962 praestat,
2117 2895 2608 2974 vel’tantummodo
2641 2909 2791 2954 esse,
2841 2901 3001 2959 atque
3035 2894 3130 2943 hac
3170 2895 3382 2945 ratiOne

1837 2984 1963 3036 boni
1991 2986 2303 3052 participem
2333 2998 2473 3042 esse.
2495 2998 2652 3049 quam
2691 2997 2795 3034 non
2817 2998 2956 3035 esse.
2981 2982 3255 3047 Siquidem
3295 2982 3378 3050 ip-

1833 3089 1950 3125 sum
1979 3088 2120 3136 esse,
2154 3088 2180 3122 a
2217 3072 2324 3124 Deo
2357 3072 2742 3140 protieiscitur.
2776 3072 2867 3138 qui
2901 3073 3048 3123 solus
3065 3079 3144 3122 est
3166 3085 3382 3137 semper

1833 3177 1895 3213 ac
1916 3165 2176 3214 bonorum
2201 3162 2443 3228 largitor.
2471 3160 2636 3212 Porro
2655 3161 2798 3227 quod
2817 3177 2878 3212 ex
2917 3162 3058 3212 bono
3083 3161 3381 3228 proticisci-

1834 3261 1940 3309 tur,
1974 3251 2023 3302 id
2059 3265 2288 3317 prorsus
2320 3250 2515 3301 bonum
2547 3257 2650 3301 est.
2676 3247 2826 3312 Quod
2857 3249 2901 3300 si
2937 3259 3110 3302 satius
3139 3249 3378 3301 futurum

1833 3339 2000 3392 fuisse
2023 3339 2230 3398 dicitis,
2253 3345 2445 3389 ul-non
2475 3338 2782 3395 exsisteret.
2816 3351 2980 3405 quam
3020 3336 3222 3388 factum
3258 3337 3381 3403 qui-

1831 3429 1950 3480 dem
1995 3443 2151 3488 esse,
2198 3437 2250 3478 at
2300 3425 2648 3494 sempiternis
2696 3425 2872 3492 pmnis
2925 3423 3180 3486 multari;
3216 3423 3314 3475 hoc
3349 3440 3378 3476 ιι

1833 3520 1991 3572 nobis
2025 3519 2272 3588 responsi
2320 3517 2540 3582 feretis;
2581 3531 2791 3585 pcenam
2846 3515 2991 3567 illam
3041 3516 3173 3566 nihil
3234 3517 3379 3568 aliud

1830 3624 1993 3670 esse,
2058 3623 2218 3675 quam
2275 3607 2529 3674 nequitia:
2586 3606 2980 3674 cupiditatem,
3051 3615 3102 3658 et
3172 3605 3377 3673 peccati

1832 3700 2034 3766 ignem,
2068 3697 2448 3764 ﬂammamque
2473 3696 2749 3749 frustrata:
2785 3696 3050 3748 libidinis.
3083 3693 3198 3747 Non
3232 3696 3375 3748 enim

1833 3788 1946 3851 Dei,
1992 3789 2086 3842 sed
2126 3789 2240 3840 vitii
2277 3789 2467 3840 aﬂectu
2505 3786 2716 3847 ardent,
2772 3785 2865 3853 qui
2916 3787 2988 3837 ita
3020 3784 3193 3838 aﬂccti
3227 3794 3377 3846 sunt,

1832 3892 1887 3931 ut
1923 3895 2114 3933 eorum
2173 3878 2505 3946 perversitas
2555 3877 2759 3928 nullam
2816 3876 3063 3928 admittat
3122 3876 3377 3927 mutatio-

1829 3984 1968 4022 nem.
1990 3969 2102 4021 lllic
2118 3969 2257 4019 enim
2284 3967 2429 4018 nulla
2463 3966 2683 4017 malitia:
2713 3977 2777 4016 ac
2797 3963 3002 4031 peccati
3037 3964 3179 4015 actio
3196 3962 3373 4014 futura

1829 4067 1931 4112 est.
1964 4056 2148 4124 Neque
2170 4056 2314 4108 enim
2359 4053 2605 4116 edemus,
2640 4066 2812 4119 neque
2849 4049 3118 4108 bibemus,
3157 4062 3251 4101 nec
3283 4063 3374 4099 νε-

1829 4148 2076 4206 stiemur,
2107 4156 2204 4195 nec
2229 4138 2578 4193 matrimonia
2607 4136 3012 4195 contrahemus,
3047 4147 3146 4185 nec
3179 4131 3377 4199 opibus

1833 4234 2140 4296 aﬂluemus,
2196 4245 2294 4283 nec
2347 4227 2550 4280 invidia
2600 4227 2824 4296 vigebit,
2864 4233 2956 4275 aut
3004 4223 3150 4275 aliud
3207 4222 3372 4274 ullum

1831 4324 1945 4376 \‘itii
1987 4337 2185 4391 genus.
2225 4319 2494 4384 Quocirca
2530 4317 2654 4370 dum
2699 4317 3113 4382 concupiscunt,
3145 4329 3242 4367 nec
3289 4323 3372 4366 ta-

1835 4430 1952 4468 men
1981 4428 2044 4466 eo
2070 4411 2212 4480 quod
2244 4411 2490 4477 cupiunt,
2515 4409 2617 4462 l‘rui
2647 4415 2900 4476 possunt,
2923 4406 3237 4474 cupiditatis
3265 4419 3373 4456 sua:

1833 4516 2086 4571 tanquam
2113 4503 2336 4554 ﬂamma:
2356 4500 2635 4567 cujusdam
2659 4499 2849 4550 ardore
2878 4496 3122 4564 ﬂagrant.
3150 4496 3371 4552 Contra.

1834 4594 1925 4660 qui
1955 4592 2104 4654 boni,
2141 4592 2241 4643 hoc
2276 4599 2360 4642 est
2396 4589 2564 4640 solius
2595 4585 2708 4647 Dei,
2755 4588 2847 4654 qui
2887 4601 3011 4638 rere
3062 4599 3123 4636 ac
3173 4583 3372 4650 sempi-

1834 4693 1987 4734 terne
2041 4691 2142 4743 est,
2195 4679 2463 4732 desiderio
2515 4685 2790 4738 tenentur,
2842 4689 3012 4741 eoque
3068 4673 3372 4741 potiuntur,
3412 4738 3430 4761 .

1834 4787 1930 4842 pro
1969 4771 2226 4824 desiderii
2280 4769 2360 4822 sui
2408 4768 2589 4826 modo.
2633 4781 2740 4833 quo
2779 4781 2833 4818 re
2878 4765 3053 4830 cupita
3097 4762 3372 4823 fruuntur,

1833 4866 2159 4933 voluptatem
2183 4863 2447 4914 sentiunt.
2483 4859 2558 4909 Ac
2590 4857 2806 4924 quidem
2849 4864 2972 4907 vere
3005 4855 3205 4906 bonum
3240 4852 3372 4904 illud

1827 4965 1931 5016 est,
1962 4954 2104 5022 quod
2137 4962 2348 5005 natura:
2383 4952 2582 5002 bonum
2635 4955 2717 5001 est
2758 4965 2772 5000 :
2820 4946 3028 5000 etiamsi
3067 4946 3374 5010 aliquantu-

1834 5045 1969 5103 lum,
2005 5042 2261 5094 nimirum
2285 5040 2584 5094 secundum
2615 5036 2759 5105 quod
2797 5046 2900 5100 cst,
2941 5037 3064 5090 boni
3102 5033 3376 5101 particeps

1833 5136 1928 5189 sit.
1979 5133 2188 5185 Donum
2235 5141 2410 5184 autem
2458 5145 2754 5198 apparens.
2790 5145 2894 5180 non
2934 5136 3125 5179 natura
3153 5126 3372 5180 bonum.

1835 5221 1927 5274 sed
1952 5203 2151 5272 malum
2186 5228 2288 5272 est.
2326 5219 2442 5272 Non
2475 5226 2557 5271 est
2586 5216 2686 5267 viri
2716 5215 2872 5283 justi,
2916 5227 3094 5285 rerum
3127 5209 3368 5263 condita-

262 5390 306 5421 "
330 5391 448 5458 Lib.
478 5392 511 5444 4
546 5391 618 5443 Dc
657 5393 777 5458 ﬁde.
808 5407 924 5461 cap.
957 5392 1043 5444 2'2.
1078 5389 1200 5444 Vid.
1269 5391 1486 5446 Hieron.
1524 5393 1615 5444 lib.
1654 5407 1735 5454 ιιι,
1763 5389 1913 5445 Cum.
1954 5391 2255 5462 Pelag.eap.
2281 5393 2333 5448 2.

1464 5501 1698 5555 νΑιιιλΕ
1739 5501 2136 5558 LECTIONES.

276 5594 289 5631 ί
324 5591 542 5663 Lennel.
587 5599 638 5645 in
665 5609 831 5662 marg.
865 5593 1111 5649 emendat
1143 5594 1480 5663 τῷδιαϐὁλῳ.

189 5661 403 5715 sistendi
439 5663 656 5714 ratione.

1562 5606 1572 5641 ι
1613 5593 1832 5649 Leuncl.
1856 5597 1906 5649 in
1941 5612 2110 5666 marg.
2142 5597 2229 5651 τὸν
2259 5600 2349 5651 τοῦ
2376 5597 2510 5652 εἶναι
2544 5598 2698 5665 λόγον
2728 5600 2983 5668 δηλονότι,
3017 5597 3115 5650 hoc
3147 5605 3246 5656 est,
3281 5612 3368 5650 cx-
