4156 6436
717 397 849 461 2M3

1888 395 1948 450 ὃ.
1976 395 2157 452 JUAN
2174 396 2214 450 .\
2230 397 2299 451 IS
2342 396 2774 455 DAMASCE'M

3852 400 3977 456 131i

712 530 834 569 tum
873 509 1187 564 fruitionem
1220 505 1529 560 conditoris
1562 504 1835 568 fruitioni,
1872 522 2141 576 suamque
2191 522 2286 561 vo—

2403 511 2525 563 Ξλλὰ
2571 511 2825 579 γενέσθαι
2860 514 2960 579 μὲν
3020 512 3198 574 αὑτὸν,
3257 513 3350 564 καὶ
3402 512 3548 579 ἔχειν
3609 513 3821 579 μοῖράν
3868 526 3979 561 τι-υέ

716 606 976 656 Iuntatem
1007 597 1313 651 conditoris
1342 597 1617 651 anteferre
1653 597 1920 650 voluntati
1950 616 1963 662 ;
1994 612 2095 650 ncc
2129 598 2280 660 boni,

715 696 766 749 id
796 691 937 759 quod
980 690 1242 743 bonitatis
1279 700 1491 743 tantum
1526 690 1766 756 speciem
1804 688 1993 751 liabet,
2026 687 2284 757 quodque

716 788 918 838 malum
966 782 1148 851 potius
1182 797 1305 835 esse
1353 780 1733 850 probavimus,
1770 793 1835 833 eo
1881 779 2025 847 quod
2082 787 2282 832 natura

716 877 917 929 bonum
951 881 1055 934 est,
1090 872 1371 941 antiquius
1401 870 1624 925 habere.
1661 869 1805 924 Deus
1839 871 2005 939 igitur
2032 885 2158 923 eum
2193 886 2289 940 po-

715 968 825 1019 tius
879 980 1022 1026 esse,
1059 978 1121 1018 ac
1167 964 1249 1016 vel
1305 961 1589 1015 minimam
1629 963 1757 1015 boni
1809 972 2021 1031 partem
2086 963 2285 1017 habere

715 1057 929 1120 maluit,
964 1071 1123 1125 quam
1179 1062 1236 1107 ut
1289 1054 1359 1108 ob
1396 1056 1621 1118 malum,
1655 1056 1758 1108 hoc
1804 1063 1889 1109 est
1934 1055 2005 1109 ob
2036 1056 2283 1125 iniquam

713 1147 835 1212 ejus
870 1147 1251 1216 cupiditatem,
1282 1146 1556 1213 animique
1578 1148 1905 1210 cruciatum,
1938 1146 2040 1199 hac
2064 1160 2287 1218 quoque

715 1239 910 1307 exigua
945 1238 1071 1291 boni
1109 1245 1264 1305 parte
1314 1236 1651 1305 privaretur.
1708 1235 1897 1306 Neque
1946 1238 2094 1291 enim
2144 1237 2289 1292 Deus

2391 604 2764 673 σμικροτάτην
2789 603 2883 655 τοῦ
2914 603 3066 666 ὄντος
3090 603 3114 641 ὶι
3144 603 3373 669 ἀγαθοῦ,
3402 607 3548 672 ήττερ
3581 603 3674 654 διὰ
3699 605 3763 654 τὸ
3790 604 3977 658 κακὲτι.

2386 693 2655 753 τουτέστι,
2684 694 2773 746 διὰ
2814 694 2913 762 τὴν
2942 693 3124 747 ἄδικον
3168 693 3355 759 ἔφεσιν
3400 694 3493 745 καὶ
3538 690 3754 757 λύπην,
3795 705 3981 757 στερτδο

2394 782 2549 851 ϐῆναι
2576 785 2671 836 καὶ
2700 784 2870 852 αὐτῆς
2900 784 3101 853 μικρᾶς
3145 783 3341 853 μοίρας
3368 782 3462 834 τοῦ
3488 780 3731 849 ἀγαθοῦ.
3782 779 3849 833 Ὀ
3885 780 3983 847 γὰρ

2395 874 2525 937 Θεὸς
2560 876 2619 927 οῦ
2653 874 2796 926 κατὰ
2821 873 2918 944 τήν
2954 876 3231 944 ἡμετέραν
3267 876 3451 944 κρίσιν
3495 873 3608 942 τὴν,
3638 873 3848 939 ἄλογον
3877 870 3984 940 κρί-

2392 982 2493 1029 νει,
2519 963 2655 1017 ἀλλὰ
2698 963 2840 1015 κατὰ
2889 963 2950 1015 τὸ
2985 963 3155 1026 ὅντως
3208 963 3415 1031 ἀγαθὸν
3451 965 3546 1015 καὶ
3575 963 3836 1015 δίκαιον*
3873 962 3983 1013 οὶξὲ

2393 1058 2505 1117 τοῖς
2538 1053 2766 1107 πάθεσιν
2801 1054 2958 1125 ἡμῶν
2996 1054 3362 1121 ἐξακολουθεῖ,
3412 1057 3535 1108 οὐδὲ
3569 1054 3663 1107 διὰ
3688 1050 3983 1123 νομιζομέ-

2392 1162 2493 1213 νην
2519 1145 2883 1215 συμπάθειαν,
2929 1146 3027 1215 τὴν
3063 1145 3233 1209 ὅντως
3273 1145 3604 1216 ὲμπάθειαν,
3640 1148 3738 1198 τὸν
3768 1142 3869 1196 τὸῦ
3912 1143 3982 1194 δι-

2396 1236 2553 1289 καίου
2588 1237 2745 1304 λόγον
2776 1237 3088 1308 προδίδωσι.

719 1332 891 1384 instar
926 1330 1119 1393 nostri,
1155 1343 1389 1399 quorum
1418 1330 1680 1383 stolidum
1712 1341 1798 1385 est
1824 1330 2118 1400 judicium,
2144 1330 2361 1399 judicat
2392 1349 2405 1383 :
2439 1329 2536 1386 scd
2565 1339 2623 1384 ut
2649 1345 2789 1384 verae
2832 1330 3063 1396 iustitiae
3124 1345 3188 1385 ac
3240 1330 3475 1385 bonitati
3538 1338 3980 1383 consentaneum

715 1434 836 1475 est:
874 1422 1202 1476 necuostris
1227 1423 1565 1476 obseeundat
1622 1422 1931 1491 aﬂectibus,
1991 1438 2089 1478 nec
2145 1434 2369 1495 propter
2442 1426 3001 1490 couuuiserationem,
3060 1434 3119 1479 ut
3172 1426 3532 1480 existimatur
3581 1425 3737 1494 (cum
3808 1431 3981 1475 tamen

716 1530 845 1569 vere
902 1524 1232 1582 pra-postera
1289 1515 1537 1583 qumdam
1594 1513 1930 1583 indulgentia
1979 1516 2073 1584 sit)
2105 1515 2197 1584 jus
2229 1526 2283 1571 ct
2323 1533 2541 1588 aequum
2580 1519 2783 1586 prodit.

787 1611 875 1663 '57.
908 1608 1136 1677 Insuper
1167 1627 1179 1661 :
1220 1608 1360 1661 Deus
1388 1626 1449 1660 ca
1475 1623 1595 1677 qua:
1626 1608 1867 1661 nondum
1902 1618 2055 1675 sunt,
2090 1619 2283 1676 vocat;

2468 1613 2561 1676 λζ’.
2602 1613 2711 1666 Καὶ
2746 1613 2905 1667 πάλιν
2929 1630 2941 1640 ·
2973 1614 3002 1665 6
3031 1612 3163 1675 Θεὸς
3193 1612 3260 1665 τὰ
3303 1613 3476 1682 μήπω
3502 1611 3637 1665 ὄντα
3678 1610 3866 1671 καλεῖ,
3900 1614 3983 1661 καὶ

718 1712 771 1753 ει
800 1716 921 1768 qua:
966 1700 1149 1752 futura
1198 1705 1349 1761 sunt,
1389 1698 1537 1751 velut
1566 1698 1679 1765 jam
1731 1698 1870 1753 facta
1931 1702 2193 1769 perspicit
2229 1716 2291 1755 ac

2403 1708 2462 1759 τὰ
2494 1706 2751 1776 ἐσόμενα,
2773 1706 2847 1767 ὡς
2873 1705 2974 1775 ἤδη
3014 1705 3359 1774 γεγενημένα
3384 1704 3598 1774 θεωρεῖ,
3638 1704 3735 1755 καὶ
3775 1703 3951 1771 κρίνει
3971 1719 3983 1731 '

715 1789 951 1858 judicat.
978 1788 1454 1855 Quemadmodum
1482 1790 1648 1859 judex
1668 1792 1730 1852 ιδ,
1758 1792 1811 1843 in
1840 1807 1964 1846 eum
1994 1794 2085 1863 qui
2110 1795 2295 1849 scelus

721 1883 941 1952 aiiquod
964 1882 1207 1943 admisit,
1236 1883 1434 1934 merito
1453 1883 1843 1934 animadvertit
1869 1902 1879 1935 :
1902 1897 1965 1938 ac
1984 1885 2089 1937 nisi
2112 1884 2292 1936 anim-

722 1973 995 2031 advertat,
1032 1972 1253 2039 iniquus
1300 1980 1427 2035 est;
1473 1984 1649 2037 neque
1699 1972 1819 2038 ipse
1878 1970 1932 2024 in
1993 1986 2160 2025 causa
2212 1978 2296 2024 est

720 2078 820 2115 cur
868 2063 956 2112 ilh-
1013 2063 1277 2128 peccarit,
1323 2068 1415 2111 aut
1464 2062 1762 2129 puniatur;
1816 2077 2003 2115 verum
2045 2062 2165 2131 ejus
2199 2062 2295 2131 qui

725 2149 990 2218 peccavit,
1046 2150 1339 2201 voluntas:
1375 2149 1455 2201 sic
1504 2147 1648 2202 Deus
1702 2164 1863 2214 cum,
1918 2150 2013 2220 qui
2077 2152 2298 2207 futurus

724 2248 862 2303 erat,
926 2247 1179 2307 tanquam
1216 2238 1327 2306 jam
1364 2247 1547 2292 ortum
1601 2239 1866 2302 intuens,
1920 2249 1977 2292 ut
2031 2250 2296 2305 exstaret,

723 2332 983 2393 decrevit,
1024 2340 1191 2398 utque
1222 2330 1266 2384 si
1297 2330 1476 2385 malus
1506 2332 1790 2393 evaderet.
1821 2332 1938 2401 ipse
1969 2332 2078 2387 sibi
2109 2348 2297 2402 poena-

725 2438 845 2475 rum
880 2432 1075 2474 auctor
1122 2422 1293 2474 liet'ct.
1347 2419 1503 2476 Unde
1541 2421 1708 2475 etiam
1746 2437 1870 2476 eum
1926 2423 2193 2487 condidit,
2244 2433 2296 2479 et

722 2518 929 2572 bonum
984 2515 1260 2569 condidit.
1325 2513 1530 2569 Verum
1595 2515 1689 2571 ille
1752 2516 1976 2586 propria
2030 2518 2302 2574 electione

724 2608 907 2663 malus
946 2608 1122 2661 lactus
1151 2615 1257 2671 est,
1288 2604 1507 2677 sibique
1540 2606 1647 2678 ipsi
1684 2608 2013 2677 supplicium
2059 2610 2301 2664 accersi-

724 2697 803 2751 vit
832 2717 845 2750 -.
885 2698 1014 2760 imo,
1054 2696 1171 2764 ipse
1202 2696 1443 2765 seipsum
1468 2699 1775 2763 excruciat,
1802 2697 1928 2752 dum
1949 2712 2012 2753 ea
2040 2715 2162 2768 qua:
2192 2716 2301 2753 non

728 2794 880 2848 sunt,
911 2788 1137 2855 expetit.
1177 2786 1333 2851 Quod
1370 2796 1551 2841 autem
1587 2786 1677 2842 Dei
1708 2789 2055 2857 praescientia
2084 2792 2305 2846 diabolo

728 2892 897 2931 causa
934 2893 1040 2930 non
1074 2876 1262 2941 fuerit,
1300 2887 1358 2930 ut
1398 2879 1575 2932 malus
1622 2878 1813 2943 ﬁeret,
1873 2880 2001 2934 hinc
2058 2891 2301 2937 constat.

728 2967 863 3024 Nam
919 2985 1022 3023 nec
1064 2970 1342 3033 medicus,
1380 2971 1509 3024 dum
1560 2970 1808 3025 futurum
1862 2975 2114 3027 morbum
2168 2990 2304 3044 pric-

2396 1798 2585 1869 ὣσπερ
2618 1795 2711 1852 οὖν
2737 1798 2826 1850 τὸν
2866 1799 2964 1868 ἤδη
3002 1799 3399 1868 ἁμαρτήσαντα
3429 1800 3457 1849 6
3511 1796 3716 1864 κριτὴς
3764 1797 3986 1855 δικαίως

2396 1888 2636 1955 κολάζει,
2666 1888 2769 1941 κᾶν
2798 1888 2873 1959 μὴ
2914 1888 3143 1960 κολάσῃ,
3177 1889 3361 1953 ἄδικός
3398 1890 3513 1942 ἔστι
3534 1905 3549 1921 ⁶
3580 1890 3681 1941 καὶ
3703 1889 3812 1941 οὐκ
3848 1888 3985 1938 ἔστιν

2398 1980 2558 2043 αὐτὸς
2581 1978 2755 2042 αἴτιος
2778 1981 2875 2051 τῆς
2906 1978 3000 2032 τοῦ
3024 1978 3390 2050 κολαζομένου
3425 1981 3707 2049 ἁμαρτίας
3737 1980 3773 2047 ἦ
3819 1994 3960 2046 τιμω

2402 2072 2544 2142 ρίας,
2581 2070 2694 2126 ἀλλ’
2719 2073 2752 2141 ἠ
2787 2071 2880 2123 τοῦ
2906 2073 3329 2142 ἁμαρτήσαντος
3362 2072 3721 2140 προαίρεσις·
3756 2069 3939 2130 οὕτως
3964 2074 3989 2119 6

2398 2163 2554 2228 Θεὸς,
2605 2163 2679 2226 ὡς
2728 2163 2828 2233 ήδη
2880 2162 3273 2231 γεγενημένον,
3318 2162 3379 2215 τὸ
3432 2163 3699 2231 ἐσόμενον
3745 2161 3986 2230 βλέπων,

2400 2254 2615 2323 ἔκρινεν
2675 2255 2836 2307 αὑτὸν
2910 2253 3201 2322 γενέσθαι,
3272 2254 3366 2307 καὶ
3416 2256 3465 2307 εἰ
3519 2256 3696 2318 κακὸς
3742 2255 3989 2323 γέιοιτο,

2402 2344 2463 2410 ἐξ
2515 2343 2679 2398 αὑτοῦ
2752 2344 3124 2414 κολασθῆναι·
3181 2344 3262 2397 διὸ
3322 2345 3417 2397 καὶ.
3461 2344 3727 2413 ἐποίησεν
3810 2346 3990 2399 αὑτὸν.

2402 2437 2497 2490 καὶ
2526 2436 2731 2505 ἀγαθὸν
2780 2438 3039 2507 ἐποίησεν
3091 2438 3287 2490 αὐτόν·
3344 2436 3504 2499 αὐτὸς
3550 2438 3605 2489 δὲ
3667 2438 3727 2500 ἐξ
3788 2438 3991 2497 οξκεέςς

2403 2531 2778 2603 προαιρέσεως
2810 2530 3001 2597 γέγονε
3039 2529 3231 2592 κακὸς,
3274 2529 3369 2581 καὶ
3417 2527 3595 2596 ἑαυτῷ
3648 2528 3853 2594 γέγονε
3898 2526 3994 2593 τῆς

2402 2625 2672 2694 τιμωρίας
2704 2623 2877 2686 αἴτιος
2897 2637 2910 2651 ·
2953 2622 3152 2692 μᾶλλον
3183 2622 3242 2675 δὲ
3281 2622 3471 2674 ἑαυτὸν
3490 2625 3857 2691 τιμωρεῖται,
3894 2622 3995 2671 «1'-

2407 2716 2482 2786 μὴ
2508 2715 2677 2768 ὄντων
2711 2714 3020 2784 ἐφιέμενος.
3054 2715 3176 2766 Ὅτι
3213 2713 3271 2765 δὲ
3320 2714 3419 2782 οὐχ
3458 2714 3490 2783 ή
3538 2712 3869 2782 πρόγνωσις
3906 2712 3993 2763 τοῦ

2405 2807 2540 2859 Θεοῦ
2570 2807 2795 2875 γέγονεν
2850 2805 3001 2859 αἰτία
3046 2804 3194 2874 αὐτῷ
3244 2802 3322 2873 τῷ
3379 2803 3616 2873 διαϐόλῳ
3662 2801 3766 2855 τοῦ
3830 2804 3997 2853 κακὸν

2406 2897 2646 2961 ἔσεσθαι,
2677 2896 2834 2967 δῆλον
2856 2911 2869 2925 ·
2906 2894 3027 2947 οὐδὲ
3046 2896 3155 2966 γὰρ
3196 2897 3224 2948 6
3254 2894 3652 2965 προγινώσκων
3683 2892 3879 2963 ἰατρὸς
3903 2892 3997 2960 τὴν

2407 2991 2676 3061 ἐσομένην
2706 2989 2881 3053 νόσον,
2913 2988 3084 3051 αἴτιός
3136 2989 3254 3041 ἐστι
3299 2990 3399 3057 τῆς
3448 2989 3629 3049 νόσου,
3662 2986 3784 3038 ἀλλ’
3828 2986 4000 3037 uitam

732 3061 934 3127 noscit,
966 3061 1141 3114 morbi
1172 3076 1336 3115 causa
1365 3070 1450 3116 est
1481 3080 1493 3115 :
1522 3062 1655 3130 quin
1688 3062 1873 3131 potius
1902 3065 2079 3118 morbi
2108 3079 2299 3124 causa,

2409 3082 2509 3152 μὲν
2546 3084 2643 3150 τῆς
2672 3080 2851 3147 νόσου,
2886 3082 2919 3150 ή
2952 3080 3169 3146 ἀταξία,
3204 3082 3237 3150 ή
3292 3079 3349 3132 δὲ
3384 3078 3722 3149 πρόγνωσις,
3754 3076 3865 3143 τῆς
3908 3076 3998 3127 τοῦ

733 3152 788 3205 in
825 3152 1196 3206 immoderata:
1228 3155 1349 3205 vitae
1382 3152 1593 3206 ratione
1614 3155 1869 3209 consistit
1901 3174 1913 3209 :
1953 3156 2150 3210 medici
2180 3170 2304 3210 vero

738 3242 1089 3312 praecognitio
1113 3281 1128 3305 ,
1162 3241 1493 3296 eruditionis
1547 3243 1723 3310 ipsius
1768 3253 2149 3311 argumentum
2188 3253 2303 3310 est;

739 3332 1206 3401 praenotionisque
1239 3345 1405 3385 causa
1441 3331 1556 3385 hinc
1591 3340 1697 3395 est,
1725 3331 1887 3403 447
1925 3334 2075 3401 quod
2111 3334 2184 3386 ita
2219 3333 2306 3386 fu-

735 3432 919 3475 turum
951 3430 1090 3473 erat.
1123 3421 1277 3488 Quod
1327 3431 1507 3476 autem
1548 3436 1608 3476 se
1657 3424 1730 3475 ita
1777 3439 1865 3477 res
1900 3423 2124 3489 habeat,
2158 3422 2304 3493 Apo-

736 3513 914 3566 stolus
942 3512 1184 3565 declarat
1218 3511 1474 3579 inquiens
1507 3528 1520 3564 :
1565 3529 1582 3561 ι
1624 3513 1726 3576 Qui
1758 3520 1922 3565 vocat
1954 3528 2015 3567 ea
2051 3530 2170 3583 qua:
2196 3530 2306 3568 non

738 3612 887 3665 sunt,
921 3611 1179 3671 tanquam
1212 3618 1273 3657 ea
1306 3612 1592 3671 quassum
1623 3603 1689 3655 ¹⁵.
1731 3620 1748 3653 ι
1792 3601 1937 3668 Quin
1980 3605 2116 3657 illud
2165 3607 2311 3658 scire

737 3708 1028 3749 necessum
1082 3702 1185 3758 est,
1247 3694 1511 3758 animam,
1562 3703 1619 3747 ut
1650 3708 1680 3747 e
1710 3708 1939 3763 corpore
1975 3694 2205 3759 excedit,
2245 3711 2308 3749 ea

734 3783 844 3853 jam
897 3784 1208 3842 conditione
1255 3801 1397 3849 csse,
1446 3793 1504 3837 ut
1554 3786 1757 3838 mutari
1793 3802 1903 3839 non
1954 3786 2150 3855 possit,
2195 3786 2309 3840 sive

740 3874 868 3929 boui
894 3875 1192 3939 desiderio,
1232 3875 1346 3929 sive
1382 3875 1505 3929 mali
1536 3874 1730 3928 atlecta
1760 3875 1911 3929 sit”.

810 3967 899 4019 '58.
927 3966 1131 4021 Praeter
1167 3967 1282 4020 hinc
1316 3975 1497 4021 autem
1520 3968 1727 4031 omnia,
1757 3968 1958 4021 bonum
1996 3968 2237 4022 dicimus
2260 3970 2311 4023 id

741 4058 888 4125 quod
933 4060 1075 4111 Deus
1112 4058 1245 4111 vult.
1290 4056 1358 4111 Ut
1390 4060 1533 4112 enim
1562 4060 1746 4113 lumen
1780 4074 1809 4111 a
1850 4058 1966 4112 sole
1989 4060 2190 4124 oritur,
2238 4060 2312 4112 ita

749 4152 948 4202 bonum
980 4164 1043 4201 ex
1086 4147 1215 4201 lteo.
1238 4148 1422 4212 Quare
1441 4149 1706 4217 quidquid
1741 4150 1916 4203 bonus
1939 4151 2074 4212 vult,
2111 4150 2309 4203 bonum

740 4250 821 4295 est
850 4258 861 4293 :
901 4240 1063 4307 quue
1092 4240 1309 4292 demum
1354 4241 1555 4293 bonum
1588 4250 1692 4303 est,
1733 4242 1876 4309 quod
1915 4243 2031 4311 ipse
2060 4245 2191 4296 vult.
2214 4242 2313 4296 Ju-

740 4333 844 4385 dcx
901 4330 1045 4384 Deus
1097 4344 1200 4393 est,
1242 4350 1349 4385 non
1404 4347 1503 4385 nos
1560 4332 1650 4385 Dei
1697 4334 1935 4400 judices.
1972 4334 2112 4399 Quid
2148 4335 2314 4403 igitur

2410 3173 2598 3244 ἰατροῦ
2644 3175 2957 3244 ἐπιστήμης
3000 3171 3311 3242 γνώρισμα,
3352 3171 3445 3224 καὶ
3496 3172 3675 3224 αἴτιον
3718 3170 3827 3239 τῆς
3867 3185 3998 3239 προ-

2407 3265 2659 3333 γνώσεως
2691 3264 2751 3316 τδ
2796 3264 2969 3323 οὕτως
3003 3263 3218 3332 μέλλειν
3249 3263 3488 3315 ἔσεσθαι.
3524 3283 3540 3312 ι
3563 3264 3692 3315 ’Ὁτι
3719 3262 3782 3315 δὲ
3826 3264 3891 3315 οῦ
3908 3281 3999 3323 ῑιιις

2408 3358 2545 3421 ἐστι,
2584 3357 2747 3425 φησὶν
2788 3358 2817 3409 6
2868 3355 3210 3419 ’Δπόστολος,
3234 3355 3262 3405 6
3292 3355 3476 3407 καλῶν
3516 3354 3584 3405 τὰ
3636 3354 3712 3423 μὴ
3746 3355 3884 3406 ὁντα
3931 3355 4001 3408 ὡς

2406 3449 2556 3503 ὅντα.
2596 3468 2613 3501 ›
2650 3450 2757 3502 Καὶ
2785 3447 2943 3500 τοῦτο
2984 3448 3042 3500 δὲ
3074 3447 3275 3500 ειδέναι
3310 3448 3438 3516 χρὴ,
3470 3447 3550 3498 ὃτι
3580 3446 3775 3506 καθὼς
3806 3446 3997 3508 ἐξελεῖ,

2409 3543 2442 3611 ή
2473 3540 2619 3610 ψυχὴ
2664 3542 2726 3591 ὲκ
2759 3539 2856 3592 τοῦ
2894 3538 3165 3609 σώματος,
3207 3538 3378 3598 οῦτως
3417 3538 3663 3605 διαμένει
3720 3538 3999 3606 ἄτρεπτος

2408 3632 2501 3684 τοῦ
2542 3632 2754 3695 λοιποῦ,
2796 3632 2904 3684 εἴτε
2945 3631 3006 3683 τὸ
3058 3630 3261 3697 ἀγαθὸν
3298 3629 3571 3692 ποθοῦσα,
3612 3630 3724 3680 εἴτε
3786 3630 3845 3681 ιδ
3900 3644 3998 3680 πε-

2410 3739 2472 3791 νη
2484 3721 2597 3791 ρόν.

2483 3989 2582 4056 λη’.
2630 3987 2753 4040 Ἐπὶ
2784 3988 2917 4040 πᾶσι
2948 3986 3003 4038 δὲ
3054 3987 3287 4048 τούτοις,
3317 3985 3476 4038 τοῦτό
3521 4003 3706 4055 φαμεν
3765 3986 3999 4054 ἀγαθοί,

2411 4082 2546 4147 ὅπερ
2586 4078 2730 4131 θέλει
2766 4079 2794 4131 6
2820 4078 2970 4139 Θεός.
3003 4077 3217 4147 ’Ὠσπερ
3246 4076 3356 4147 γὰρ
3382 4078 3442 4129 τὸ
3472 4077 3586 4144 φῶς
3612 4079 3680 4128 ὲκ
3703 4076 3809 4129 τοῦ
3850 4078 3997 4147 ﬁlim

2412 4170 2671 4242 ὀρίζεται,
2704 4168 2845 4223 οὕτω
2870 4169 2962 4223 καὶ
2992 4169 3050 4222 τὸ
3076 4168 3279 4237 ἀγαθὸν
3310 4170 3374 4221 ἐκ
3402 4167 3494 4221 τοῦ
3529 4168 3667 4220 Θεοῦ
3689 4187 3700 4196 ·
3733 4171 3859 4222 Πᾶν
3886 4171 3999 4225 οὖν.

2411 4262 2439 4313 ὃ
2462 4263 2605 4314 θέλει
2634 4262 2855 4329 ἀγαθὸς,
2881 4261 3081 4329 ἀγαθόν
3111 4264 3229 4313 ἐστι
3249 4276 3261 4289 ·
3300 4262 3395 4313 καὶ
3414 4259 3738 4314 τοῦτὸὲστιν
3772 4264 3999 4330 ἀγαθὲ-ι,

2414 4354 2440 4407 ὃ
2475 4354 2636 4406 θέλει.
2673 4355 2880 4423 Κριτής
2915 4355 3065 4406 ἐστιν
3096 4355 3123 4405 6
3153 4353 3306 4416 Θεὸς,
3346 4354 3442 4422 οὐκ
3470 4356 3633 4423 ἡμεῖς
3671 4360 3870 4425 κριταὶ
3913 4357 4003 4408 τοῦ

740 4424 1049 4473 censoriam
1087 4422 1140 4474 in
1176 4437 1298 4473 cum
1338 4424 1544 4489 virgam
1599 4425 1943 4492 arripimus?
1986 4424 2126 4477 licus
2160 4437 2299 4478 motu

2412 4445 2569 4498 Θεοῦ.
2597 4444 2662 4496 Τί
2696 4440 2789 4497 οὖν
2823 4445 2985 4497 αὑτὸν
3012 4446 3378 4514 ἀνακρίνομεν
3404 4462 3417 4505 ;
3447 4444 3575 4506 Θεὸς
3610 4446 3874 4516 όῤῥωδεῖ,
3915 4452 4005 4502 καὶ

741 4514 1080 4579 percellitur,
1114 4512 1433 4581 trepidatac
1465 4514 1659 4567 timet?
1690 4514 1832 4569 Deus
1858 4516 1946 4569 ille
1982 4530 2090 4569 non
2116 4515 2303 4583 fuerit,

738 4618 899 4669 quam
938 4612 1113 4656 mutus
1149 4605 1406 4672 exagitat.

808 4689 895 4743 39.
931 4689 985 4742 Si
1006 4690 1085 4743 sol
1115 4700 1167 4744 et
1192 4693 1319 4743 lana
1341 4701 1605 4761 tanquam
1636 4695 1850 4765 navigia
1876 4694 2125 4765 quaedam
2153 4708 2302 4761 sunt,

736 4794 857 4847 qua:
890 4789 1119 4846 partem,
1155 4795 1320 4849 quam
1353 4782 1580 4835 materia
1630 4780 1742 4835 Deo
1775 4784 2000 4850 eripuit,
2032 4785 2303 4841 evellant:

737 4881 869 4935 ergo
896 4881 996 4920 nec
1027 4868 1130 4931 sol,
1166 4883 1261 4921 nec
1299 4870 1427 4922 luna
1462 4873 1615 4938 prius
1648 4880 1828 4937 erant,
1867 4882 2028 4941 atque
2062 4875 2223 4929 homo
2250 4877 2303 4929 in

738 4956 984 5010 tenebris
1015 4959 1362 5011 versabatur.

807 5045 896 5099 40.
935 5045 992 5098 Si
1025 5046 1247 5101 atllictio
1280 5049 1541 5116 opinione
1569 5060 1753 5105 vestra
1788 5054 1928 5107 mala
1976 5065 2095 5121 est,
2150 5059 2303 5113 volu-

739 5146 858 5203 ptas
900 5146 954 5189 ct
996 5135 1295 5191 oblectatio
1346 5141 1485 5193 bona
1541 5144 1610 5196 sit
1649 5159 1876 5199 necesse
1930 5157 2032 5201 est.
2066 5148 2219 5215 Quod
2258 5154 2303 5206 si

738 5227 809 5276 ita
840 5234 946 5289 est,
982 5226 1122 5279 bona
1173 5226 1339 5295 igitur
1390 5228 1677 5284 foruicatio
1702 5274 1715 5297 ,
1752 5235 2045 5303 ingluvies,
2076 5251 2303 5295 cit-tera-

736 5332 840 5384 que.
863 5332 983 5384 quae
1014 5327 1417 5386 perpetrautem
1471 5324 1749 5391 voluptate
1792 5327 2036 5383 alliciunt
2069 5351 2078 5384 :
2107 5343 2298 5387 contra

734 5423 794 5457 ea
834 5408 1017 5460 omnia
1052 5425 1174 5476 qua:
1204 5411 1509 5465 molestiam
1545 5418 1800 5479 atterunt,
1842 5431 1899 5471 ut
1933 5424 2296 5489 continentia,

735 5498 931 5561 inedia,
965 5499 1182 5567 vigilim,
1218 5502 1430 5569 aliaque
1463 5505 1511 5556 id
1548 5523 1742 5571 genus,
1784 5510 1921 5563 mala
1953 5524 2098 5566 sunt.

2412 4540 2621 4610 δειλιᾷ,
2684 4538 2778 4592 καὶ
2842 4537 3082 4602 δέδοικε;
3140 4536 3273 4599 Θεὸς
3327 4537 3701 4607 φοϐούμενος,
3772 4541 3855 4610 μὴ
3921 4544 4003 4611 εἴη

2412 4633 2561 4694 Θεός.

2480 4722 2579 4774 λθ¹.
2613 4721 2674 4773 El
2714 4722 2741 4773 6
2770 4720 2923 4789 ἥλιος
2957 4720 3049 4772 καὶ
3078 4723 3110 4789 ἡ
3159 4719 3355 4790 σελήνη
3385 4720 3544 4773 πλοῖα
3578 4723 3878 4788 γεγόνασι,
3918 4725 4005 4777 διὲι

2410 4812 2470 4864 τὸ
2492 4813 2718 4880 ἀγαγεῖν
2748 4811 2847 4879 τὴν
2888 4812 3099 4878 μοῖραν,
3130 4809 3197 4877 ἢν
3236 4812 3476 4882 ἥρπασεν
3504 4813 3536 4878 ἡ
3567 4810 3668 4881 ὕλη
3702 4813 3822 4865 ἀπὸ
3839 4813 4001 4875 Θεοῦ,

2412 4908 2510 4959 οῦκ
2565 4901 2632 4975 ἦν
2683 4903 2790 4973 πρὸ
2837 4902 3034 4955 τούτου
3082 4902 3267 4971 ἣλιος,
3311 4901 3430 4955 οῦδὲ
3484 4904 3727 4973 σελήνη,
3785 4906 3885 4958 καὶ
3948 4908 4004 4959 ὲν

2415 4995 2590 5065 σκότῳ
2617 4989 2683 5064 ἦν
2710 4994 2737 5044 6
2760 4991 3066 5063 ἄνθρωπος.

2484 5094 2555 5157 μ’.
2596 5086 2658 5138 El
2689 5084 2806 5137 καθ’
2846 5084 2989 5153 ὑμᾶς
3029 5084 3061 5152 ἡ
3094 5081 3269 5151 θλῖψις
3298 5082 3464 5152 κακὴ,
3508 5082 3731 5135 πάντων
3765 5086 3800 5152 ἡ
3835 5085 3999 5152 ᾕδεις-ξς

2413 5178 2505 5230 καὶ
2562 5178 2595 5241 ὴ
2631 5175 2930 5237 ἀπόλαυσις
2980 5172 3195 5241 ἀγαθήο
3258 5173 3353 5225 καὶ
3392 5175 3440 5225 εἰ
3486 5173 3666 5235 τοῦτο,
3716 5174 4001 5244 ἀγαθὴ-κὴ

2414 5269 2660 5339 πορνεία,
2703 5269 2793 5320 καὶ
2842 5268 2872 5335 ή
2913 5264 3348 5333 γαστριμαργία,
3380 5263 3472 5316 καὶ
3512 5263 3613 5314 ὅσα
3657 5263 3862 5333 τέρπει
3905 5268 4000 5316 καὶ

2405 5362 2519 5431 ἤδει
2550 5361 2641 5412 τὸν
2686 5360 3027 5430 πράττοντα’
3069 5357 3166 5408 ὅσα
3205 5355 3261 5407 δὲ
3290 5354 3472 5417 λυπεῖ,
3529 5357 3862 5425 ἐγκράτεια,
3898 5375 3998 5427 vr,-

2414 5454 2583 5515 στεία,
2624 5451 2918 5521 ἀγρυπνία,
2949 5449 3040 5501 καὶ
3063 5448 3128 5500 τὰ
3150 5446 3393 5513 τοιαῦτα,
3421 5448 3588 5503 κακά.

796 5632 836 5655 ’³
880 5628 994 5683 l.i|i.
1044 5647 1076 5685 ll
1114 5631 1186 5685 De
1211 5634 1334 5702 (ide,
1375 5651 1493 5705 cap.
1532 5638 1617 5693 50.
1674 5641 1713 5671 ¹⁸
1739 5640 1893 5696 llom.
1931 5663 2000 5709 tv,
2048 5649 2125 5703 t7.
2206 5652 2248 5681 ¹⁶
2308 5650 2424 5704 Lib.
2465 5667 2498 5705 tt
2538 5650 2609 5703 De
2660 5649 2786 5715 Ῑῖίίσν
2837 5663 2952 5716 call-
2981 5646 3033 5698 2·

2033 5758 2261 5814 \'.\lll.f.
2310 5759 2703 5815 l,ll('.'l'30.\'l-LS.

802 5823 829 5863 κ
863 5832 1004 5897 ιπεδο
1039 5845 1157 5885 cent
1192 5830 1516 5891 Lcunclavio
1564 5838 1653 5891 τοῦ
1681 5840 1869 5905 ὄντως.
