4156 6436
250 412 384 477 1545

1236 413 1358 470 ΜΛ
1370 410 1613 467 LOGUS
1653 407 1948 467 CONTRA
1991 406 2147 464 MAN
2163 405 2468 462 ICIL'EUS.

3339 402 3473 464 1526

318 540 394 593 μα
415 562 429 575 .
460 523 519 575 ΕΞ
544 520 826 589 ἐγκαλεῖτε
852 519 973 590 Θεῷ
993 519 1091 588 τὴν
1126 519 1220 571 τοῦ
1254 518 1634 586 κατακλυσμοῦ
1675 533 1810 567 παν-

1981 513 2071 564 41.
2108 510 2211 576 Qui
2241 509 2352 563 Deo
2398 506 2592 562 diluvii
2631 503 2931 568 excidium,
2977 512 3032 561 et
3066 503 3474 558 Sodotttitat'uut

243 612 517 685 σλιθρίαν,
564 614 658 666 καὶ
709 612 815 665 τῶν
845 612 1147 681 Σοδομιτῶν
1181 611 1279 681 τὴν
1308 611 1675 678 ὲκφλόγωσιν,
1713 608 1807 658 καὶ

1945 602 2421 672 onnagrationem,
2476 597 2892 666 Pharaonisque
2944 597 3306 651 emersionem
3366 597 3477 649 rri-

243 703 339 758 ·ιοῦ
370 702 568 771 Φαραὼ
595 701 684 752 τὸν
734 700 1022 768 ποντισμὸν
1091 701 1221 769 πρὸς
1276 700 1335 751 τὸ
1370 699 1644 767 συμφέρον
1678 713 1806 748 παι-

244 791 475 855 δεύοντι,
507 791 837 858 ὲγκαλέσατε
871 789 1070 859 μᾶλλον
1098 790 1330 852 αἰωνίως
1353 788 1653 852 κολάζοντι.

322 881 429 953 pp'.
462 882 535 934 Τὸ
585 884 649 933 ἐκ
680 882 779 946 τῆς
808 878 1001 933 ἑαυτοῦ
1033 881 1217 943 οὐσίας
1257 879 1575 949 προφέρειν,
1603 878 1663 930 οὐ
1709 878 1809 946 δη-

252 972 571 1042 μιούργημα
592 987 607 1000 °
624 971 684 1024 τὸ
712 972 769 1023 δὲ
795 972 858 1023 ὲκ
893 970 968 1040 μὴ
991 970 1180 1031 ὀντων,
1201 970 1609 1046 δημιοΰργημα..
1632 970 1695 1021 Εἰ
1722 964 1814 1020 οὖν

246 1064 573 1134 δημιουργεῖ
601 1065 633 1130 ή
667 1061 853 1125 κακία,
888 1062 951 1113 ὲκ
984 1061 1058 1131 μὴ
1082 1060 1248 1113 ὄντων
1280 1061 1541 1127 παράγει,
1574 1060 1668 1112 καὶ
1690 1060 1815 1110 οὑκ-

250 1156 333 1207 ιτι
365 1158 429 1207 ἐκ
460 1155 557 1224 τῆς
604 1153 735 1223 ὕλης
761 1152 822 1205 τδ
860 1152 1037 1220 σῶμα.
1065 1152 1127 1204 Ei
1160 1152 1215 1204 δὲ
1261 1154 1325 1203 ἑκ
1350 1151 1451 1218 τῆς
1479 1150 1630 1220 ὕλης,
1665 1168 1818 1203 τουτ-

250 1245 400 1299 έστιν
436 1246 503 1297 ὲκ
552 1244 653 1312 τῆς
681 1244 870 1306 οὐσίας
900 1244 997 1311 τῆς
1025 1243 1244 1306 κακίας,
1288 1242 1337 1293 εί
1391 1242 1488 1309 μὲν
1522 1240 1752 1311 ἄναρχος
1783 1243 1817 1309 ἡ

251 1334 442 1394 κακία,
474 1332 741 1395 ἀθάνατος
780 1331 996 1394 πάντως
1030 1332 1124 1382 καὶ
1155 1331 1448 1399 ἄτρεπτος.
1482 1330 1554 1382 Τδ
1591 1329 1699 1400 γὰρ
1745 1330 1821 1397 μὴ

252 1422 580 1493 ἀρξάμενον,
610 1424 670 1474 οὐ
696 1422 947 1482 παύεται.
967 1421 1087 1473 οὐδὲ
1108 1423 1388 1490 τρέπεται·
1408 1422 1457 1472 εί
1473 1421 1528 1472 δὲ
1558 1422 1821 1492 τρέπεται

252 1514 349 1567 καὶ
376 1514 680 1584 φθείρεται,
710 1513 810 1565 οὐκ
838 1513 1093 1583 ἄναρχον.
1114 1512 1177 1563 Ei
1201 1513 1258 1565 δὲ
1286 1514 1319 1580 ἠ
1347 1514 1510 1565 κακία
1534 1513 1821 1583 ἄτρεπτος,

253 1606 353 1658 καὶ
377 1604 439 1656 τὸ
473 1605 536 1656 ὲκ
568 1603 666 1671 τῆς
714 1602 903 1664 οὐσίας
932 1601 1104 1671 αὐτῆς
1140 1600 1299 1670 σῶμα
1351 1602 1629 1672 ἄφθαρτον
1672 1604 1826 1655 ἔσται

255 1695 357 1748 καὶ
378 1695 665 1763 ἄτρεπτον.
703 1693 861 1754 Τίνος
894 1691 987 1743 οὖν
1020 1686 1088 1761 ἦν
1135 1693 1168 1761 ἡ
1199 1690 1375 1759 φθορὰ
1419 1693 1513 1746 καὶ
1557 1695 1590 1762 ἠ
1625 1693 1827 1756 κακία;

256 1786 290 1854 ἡ
316 1783 426 1853 γὰρ
468 1783 643 1852 φθορὰ
668 1781 885 1843 πάντως
918 1780 1130 1851 φθείρει
1157 1798 1232 1847 τι,
1278 1782 1311 1852 ἢ
1342 1784 1443 1835 οὐκ
1472 1783 1589 1837 ἔστι
1629 1782 1826 1853 φθορά.

256 1875 321 1931 Ei
358 1876 456 1944 μὲν
494 1874 556 1926 τὸ
586 1874 787 1941 ἀγαθὸν
816 1873 1080 1942 παθητὸν,
1123 1875 1363 1943 παθητὸς
1394 1876 1488 1927 καὶ
1525 1878 1553 1927 ὁ
1582 1876 1787 1943 ἁγαθός
1810 1892 1825 1907 ο

258 1966 355 2019 καὶ
384 1965 500 2027 πῶς
531 1961 623 2018 οὖν
651 1964 872 2027 τελείως
903 1964 1135 2031 ἀγαθὸς;
1168 1965 1523 2035 φθειρόμενος
1544 1966 1601 2018 δὲ
1628 1966 1828 2034 ἀγαθὸς

261 2054 354 2108 ὑπ’
384 2054 579 2121 αὐτῆς,
619 2054 696 2115 είς
747 2051 1087 2122 ἀνυπαρξίαν
1138 2054 1396 2122 χωρήσει.
1443 2054 1505 2106 Ei
1533 2054 1590 2107 δὲ
1630 2054 1831 2124 ἑαυτὴν

261 2143 536 2214 ἔφθειρεν,
574 2142 809 2212 ἐφθάρη,
846 2144 938 2195 καὶ
988 2141 1256 2206 ἀπώλετο,
1294 2144 1387 2195 καὶ
1414 2144 1512 2196 οὐκ
1566 2136 1730 2197 ἔστιν.
1769 2146 1831 2197 El

261 2233 322 2289 δὲ
346 2234 516 2305 μέρος
552 2233 646 2286 τοῦ
696 2230 921 2300 ἀγαθοῦ,
954 2231 988 2302 ἢ
1020 2232 1183 2303 μέρος
1226 2232 1427 2294 ἑαυτῆς
1465 2231 1738 2301 ἔφθειρεν,
1766 2228 1833 2302 ἧς

261 2326 331 2398 δὴ
356 2325 572 2394 φύσεως
608 2324 670 2377 τδ
715 2324 881 2395 μέρος
928 2323 1186 2393 φθαρτὸν,
1241 2324 1336 2376 καὶ
1375 2325 1523 2377 πᾶσα
1578 2324 1831 2396 φθαρτήο

266 2418 529 2473 ἀδύνατον
560 2416 666 2483 γὰρ
720 2413 818 2483 τὴν
865 2413 1034 2483 αὐτὴν
1075 2411 1236 2481 φύσιν
1280 2413 1375 2465 καὶ
1417 2412 1659 2482 φθαρτὴν
1696 2408 1834 2465 εἶναι

266 2511 364 2563 καὶ
396 2509 689 2578 ἄφθαρτον.
711 2508 773 2558 El.
792 2505 898 2574 γὰρ
913 2504 1143 2573 λέγομεν
1168 2503 1229 2555 τὸ
1248 2502 1403 2572 σῶμα
1427 2505 1518 2555 τοῦ
1549 2502 1833 2569 ἀνθρώπου

270 2602 511 2673 φθαρτὸν
543 2601 708 2671 μέρος
736 2599 794 2651 ὃν
825 2590 917 2651 τοῦ
954 2597 1266 2668 ἀνθρώπου,
1325 2596 1424 2666 τὴν
1460 2596 1517 2648 δὲ
1566 2596 1741 2665 ψυχὴν
1776 2595 1835 2648 d-

272 2694 539 2764 φθαρτον,
568 2692 682 2744 ἀλλ’
707 2691 807 2742 οὐκ
831 2690 935 2741 eisi.
965 2690 1092 2758 μιᾶς
1127 2686 1355 2756 φύσεως.
1375 2686 1439 2738 ἸΙ
1472 2685 1578 2755 γὰρ
1608 2684 1773 2756 ψυχὴ,
1792 2686 1840 2737 εἰ

273 2784 375 2837 καὶ
417 2785 474 2834 ἐν
528 2779 741 2850 σώματι
779 2776 1145 2840 πολιτεύεται,
1190 2774 1306 2829 ἀλλ’
1350 2776 1451 2827 οὐκ
1497 2773 1613 2826 ἔστι
1658 2775 1839 2843 σῶμα,

274 2873 393 2929 ἀλλ’
423 2872 712 2942 ἀσώματος
732 2886 747 2901 ⁸
787 2869 927 2923 ὥστε
969 2869 1135 2937 ἄλλης
1166 2865 1379 2935 φύσεώς
1408 2867 1556 2919 ἐστιν
1586 2865 1620 2935 ἡ
1670 2862 1840 2934 ψυχὴ,

1914 694 2047 747 mini
2097 691 2267 753 datis,
2316 706 2440 743 cum
2472 689 2763 742 erudiendi
2799 702 2961 741 causa
2999 686 3113 741 lucc
3149 687 3477 750 illatasint,

1914 784 2062 836 hunc
2089 781 2270 850 potius
2299 787 2555 834 accusate
2582 778 2722 846 quod
2751 788 2951 830 aeterne
2984 778 3193 847 puniat.

1984 872 2072 926 42.
2108 871 2267 935 Quod
2295 886 2360 923 ex
2391 884 2489 924 sua
2529 869 2655 937 quis
2688 868 2995 922 substantia
3046 869 3324 935 producit,
3370 881 3480 920 non

1916 970 2003 1019 est
2033 971 2315 1025 creatura,
2364 976 2527 1015 secus
2569 971 2751 1013 autem
2784 961 2931 1028 quod
2968 974 3034 1013 ex
3066 958 3261 1020 nihilo.
3292 959 3481 1026 Itaque

1919 1057 1967 1110 si
1998 1054 2202 1108 malum
2260 1054 2364 1106 vim
2421 1052 2581 1106 habet
2626 1053 2867 1115 creandi,
2905 1067 2968 1105 ex
3001 1050 3175 1104 nihilo
3206 1052 3477 1118 producit,

1920 1162 2021 1202 nec
2042 1147 2156 1216 jam
2190 1161 2254 1200 ex
2291 1143 2518 1197 materia
2543 1157 2743 1211 corpus
2768 1152 2945 1195 ortum
2986 1140 3188 1195 trahet.
3222 1139 3276 1193 Si
3301 1150 3484 1193 autem

1920 1232 1987 1292 ex
2022 1235 2271 1298 materia,
2297 1235 2402 1286 hoc
2435 1241 2521 1285 εει
2548 1248 2610 1285 cx
2649 1232 2774 1285 mali
2827 1232 3157 1295 substantia,
3185 1231 3485 1299 siquidem

1924 1328 2088 1382 initio
2118 1327 2321 1379 malum
2353 1332 2557 1387 careat,
2588 1324 2898 1376 immortale
2925 1338 3157 1392 prorsus
3194 1330 3246 1377 et
3282 1322 3488 1375 immu-

1923 1418 2092 1473 labile
2123 1425 2229 1471 cst.
2272 1415 2427 1481 Quod
2462 1415 2609 1468 enim
2645 1429 2749 1467 non
2806 1413 3005 1481 incepit
3042 1427 3186 1477 esse,
3218 1427 3287 1465 ne
3324 1415 3489 1467 linem

1926 1509 2170 1579 quidem,
2204 1514 2298 1559 aut
2342 1506 2703 1559 mutationem
2738 1504 3055 1558 habiturum
3091 1510 3193 1557 est.
3229 1501 3329 1557 Sin
3362 1518 3492 1557 vero

1927 1595 2216 1651 mutationi
2245 1602 2301 1647 et
2326 1594 2667 1662 corruptioni
2690 1593 2994 1646 obnoxium
3027 1600 3134 1656 est,
3182 1592 3348 1646 initio
3392 1594 3494 1645 mi-

1929 1687 2075 1740 nime
2098 1695 2267 1739 caret.
2299 1685 2474 1737 Porro
2505 1685 2551 1737 si
2580 1683 2781 1736 malum
2816 1682 3017 1736 mutari
3050 1683 3260 1752 nequit,
3293 1697 3496 1753 corpus

1934 1790 2173 1845 quoque,
2207 1774 2353 1844 quod
2389 1791 2455 1829 ex
2488 1774 2610 1844 ejus
2646 1776 2953 1829 substantia
2986 1782 3168 1827 ortum
3212 1782 3337 1838 est,
3369 1791 3495 1829 cor-

1931 1866 2206 1937 ruptionis
2247 1873 2301 1919 et
2353 1864 2684 1919 mutationis
2716 1878 2927 1937 expers
2956 1864 3081 1919 erit.
3118 1864 3291 1929 Cujus
3328 1866 3501 1933 igitur

1930 1935 2050 2015 erat
2088 1958 2375 2027 corruptio
2418 1963 2473 2011 et
2526 1954 2770 2019 malitia?
2802 1935 3095 2009 Nonenim
3131 1965 3216 2009 est
3267 1954 3498 2008 dubium

1931 2050 2064 2120 quin
2104 2049 2393 2118 corruptio
2431 2046 2639 2117 aliquid
2690 2053 3033 2114 corrumpat,
3069 2054 3163 2097 aut
3214 2046 3502 2114 corruptio

1934 2156 2041 2195 non
2072 2140 2195 2194 erit.
2233 2137 2405 2193 Porro
2447 2138 2493 2193 si
2544 2138 2745 2190 bonum
2800 2136 3145 2205 perpessioni
3202 2135 3501 2189 obnoxium

1934 2240 2041 2296 est,
2110 2222 2456 2300 perpessiOni
2510 2242 2727 2297 quoque
2786 2227 2964 2280 bonus
3031 2227 3312 2281 obnoxius
3373 2228 3501 2280 erit.

1936 2321 2091 2391 Quod
2117 2323 2166 2378 si
2202 2324 2275 2375 ita
2317 2328 2423 2385 est,
2452 2322 2676 2390 quinam
2712 2320 2875 2373 velim
2907 2318 3150 2391 perfecte
3174 2320 3354 2375 bonus
3386 2335 3507 2375 esse

1937 2424 2125 2486 queat.
2156 2414 2301 2480 Quin
2339 2416 2386 2468 sl
2440 2413 2618 2467 bonus
2662 2426 2693 2465 a
2743 2413 2970 2465 materia
3005 2413 3400 2482 corrumpitur,
3440 2414 3506 2465 ad

1939 2506 2178 2563 nihilum
2217 2503 2440 2558 tandem
2469 2502 2768 2572 redigetur.
2801 2502 2954 2568 Quod
2992 2503 3039 2557 si
3078 2505 3361 2572 corruptio
3390 2503 3509 2572 ipsa

1940 2611 2060 2651 sese
2115 2594 2499 2655 labefactabat,
2532 2604 2795 2661 corrupta
2832 2602 2915 2647 est
2951 2594 3119 2663 igitur
3152 2602 3315 2663 atque
3341 2596 3510 2648 inter-

1943 2687 2025 2740 iit.
2089 2683 2186 2740 Sin
2211 2684 2338 2739 boni
2365 2684 2632 2738 duntaxat
2666 2692 2901 2753 partem,
2940 2691 3035 2737 aut
3066 2686 3151 2739 sui
3181 2686 3355 2755 ipsius
3381 2701 3511 2755 par-

1943 2785 2049 2831 tem
2099 2775 2505 2844 corrumpebat,
2559 2788 2693 2841 sane
2742 2775 2901 2843 cujus
2952 2789 3169 2832 natura:
3218 2792 3347 2847 pars
3380 2792 3512 2832 cur-

1943 2867 2186 2939 ruptioni
2219 2868 2562 2938 subjacebat,
2589 2875 2702 2920 tota
2734 2883 2953 2939 quoque
2978 2880 3178 2924 natura
3201 2874 3513 2943 corruptio-

276 2966 372 3018 καὶ
403 2963 568 3031 ἄλλης
588 2962 650 3013 τδ
692 2960 850 3028 σῶμα
872 2974 886 2987 ’
921 2958 1013 3011 καὶ
1048 2957 1107 3009 οὐ
1134 2958 1194 3010 τὺ
1228 2956 1325 3026 μὲν
1358 2956 1519 3027 μέρος
1547 2956 1645 3025 τῆς
1674 2954 1838 3021 αὐτῆς

1946 2962 2000 3015 ni
2050 2961 2289 3016 obnoxia
2345 2970 2482 3015 erat.
2520 2959 2708 3031 Neque
2757 2960 2903 3014 enim
2958 2961 3077 3016 lieri
3112 2970 3297 3031 potest
3350 2971 3407 3018 ut
3458 2966 3513 3019 in

277 3053 495 3125 φῦσεως
537 3050 793 3121 φθαρτὸν,
820 3048 881 3101 τὸ
928 3046 984 3100 δὲ
1017 3046 1328 3117 ἄφθαρτον·
1373 3045 1489 3098 ἀλλ’
1535 3047 1569 3114 ἡ
1609 3045 1706 3115 μὲν
1746 3043 1838 3113 μία

1948 3065 2113 3105 unam
2141 3050 2500 3119 eamdemque
2530 3058 2783 3105 naturam
2808 3052 3006 3121 partim
3030 3052 3190 3106 cadat
3211 3056 3513 3125 corruptio,

276 3142 447 3213 φύσις
469 3140 562 3193 τοῦ
604 3137 894 3208 ἀνθρώπου
942 3135 1179 3207 φθαρτὴ,
1226 3137 1261 3206 ὴ
1291 3135 1349 3189 δὲ
1406 3134 1713 3204 ἄφθαρτος·
1751 3133 1838 3186 καὶ

1949 3140 2145 3210 partim
2178 3154 2287 3194 non
2318 3138 2499 3195 cadat.
2522 3138 2660 3195 Nam
2686 3141 2810 3196 licet
2836 3155 3060 3213 corpus,
3095 3142 3241 3214 quod
3272 3143 3517 3203 hominis

278 3232 408 3287 οὒτε
439 3233 472 3301 ή
504 3229 651 3301 ψυχὴ
680 3227 738 3291 εξ
777 3226 1015 3298 ἀνάρχου
1050 3226 1267 3286 οὐσίας·
1310 3223 1517 3294 τρεπτὴ
1547 3224 1654 3295 γάρ
1676 3239 1689 3253 ·
1722 3220 1845 3275 οὗτε

277 3326 345 3379 τὸ
372 3324 562 3393 σῶμα’
596 3321 689 3373 καὶ
720 3318 852 3373 αὺτδ
882 3319 989 3389 γὰρ
1017 3316 1251 3386 τρεπτδν
1285 3316 1379 3369 καὶ
1416 3315 1677 3385 φθαρτόν·
1718 3316 1848 3384 μιᾶς

280 3416 346 3469 δὲ
372 3414 585 3483 φύσεως
616 3412 834 3478 λέγεται
868 3411 897 3461 ὁ
928 3407 1233 3479 ἄνθρωπος,
1266 3407 1362 3476 οὐχ
1402 3408 1483 3459 ὅτι
1514 3408 1545 3477 ὴ
1575 3405 1723 3477 ψυχὴ
1755 3408 1849 3459 καὶ

282 3503 348 3557 τὸ
371 3502 531 3571 σῶμα
567 3501 696 3571 μιᾶς
733 3500 848 3551 ἐστι
883 3496 1118 3566 φύσεως,
1154 3496 1269 3549 ἀλλ’
1309 3496 1390 3548 ὅτι
1438 3496 1637 3559 πάντες
1673 3497 1721 3549 oi
1755 3497 1850 3550 ἇν-

284 3596 496 3665 θρωποι
539 3592 737 3661 ὁμοίως
781 3590 1007 3650 ἕκαστος
1045 3587 1223 3657 ψυχὴν
1264 3587 1375 3657 ἔχει
1409 3587 1499 3638 καὶ
1546 3586 1724 3655 σῶμα,
1755 3588 1850 3639 καὶ

283 3687 515 3745 ἕκαστος
542 3682 634 3734 δύο
666 3680 856 3748 φύσεις
893 3680 1026 3748 ἔχει.

1952 3243 2079 3299 pars
2107 3237 2216 3295 est,
2252 3230 2591 3300 corruptioni
2626 3229 2924 3285 obnoxium
2948 3270 2963 3294 ,
2995 3231 3233 3287 animam
3264 3244 3448 3289 autem
3485 3251 3518 3289 α

1951 3320 2307 3390 corruptione
2364 3318 2594 3374 liberam
2648 3335 2768 3375 esse
2820 3320 3110 3377 dicamus:
3161 3331 3217 3377 at
3269 3325 3516 3394 ejusdem

1950 3417 2133 3464 tamen
2170 3417 2384 3464 natura:
2419 3425 2528 3465 non
2568 3421 2713 3466 sunt.
2751 3410 3013 3476 Quamvis
3041 3413 3190 3468 enim
3226 3417 3409 3470 anima
3459 3418 3512 3470 in

1952 3514 2185 3569 corpore
2215 3507 2488 3565 versetur,
2515 3516 2623 3553 non
2662 3508 2846 3555 tamen
2886 3516 3088 3571 corpus
3117 3513 3225 3566 εει,
3258 3506 3355 3560 sed
3393 3523 3517 3562 cor-

1951 3590 2108 3659 poris
2138 3604 2357 3660 expers.
2384 3586 2572 3659 Itaque
2599 3591 2637 3621 "’
2675 3591 2911 3645 alterius
2940 3600 3153 3648 natura:
3182 3609 3385 3664 corpus
3411 3608 3515 3660 εει,

1951 3682 2180 3737 alterius
2206 3683 2389 3735 anima
2419 3700 2431 3735 :
2466 3696 2566 3736 nec
2588 3682 2754 3736 unius
2774 3682 3132 3753 ejusdemque
3158 3693 3366 3739 natum
3392 3701 3521 3753 pars

292 3775 464 3831 altera
495 3771 775 3841 corrumpi
825 3776 1026 3839 potest,
1072 3768 1241 3823 altera
1270 3784 1382 3823 non
1410 3777 1827 3839 potest;verum
1893 3773 2063 3826 altera
2104 3773 2347 3829 hominis
2383 3784 2575 3828 natura
2632 3775 2971 3843 corruptioni
3000 3776 3257 3841 obnoxia,
3285 3780 3455 3833 altera
3491 3793 3523 3830 a

288 3867 645 3937 corruptione
692 3863 953 3917 immunis

1013 3879 1026 3915 :
1073 3877 1135 3917 ac
1187 3877 1362 3933 neque
1403 3865 1585 3919 anima
1655 3881 1722 3920 ex
1784 3867 2096 3922 Substantia
2147 3871 2403 3938 principii
2457 3877 2681 3939 experte
2730 3878 2848 3923 orta
2892 3876 3001 3935 est,
3032 3884 3154 3924 cum
3188 3872 3261 3924 sit
3338 3881 3522 3926 muta-

290 3962 445 4028 bilis;
517 3973 617 4013 nec
659 3973 896 4027 corpus,
968 3958 1023 4011 in
1096 3957 1262 4030 448
1308 3957 1453 4028 quod
1505 3961 1669 4015 etiam
1716 3963 1948 4016 mutatio
1977 3963 2137 4019 cadat
2160 3974 2213 4019 et
2239 3964 2539 4043 corruptio.
2571 3962 2771 4018 Verum
2800 3966 2962 4021 unius
2983 3973 3190 4021 natura}
3214 3982 3335 4021 esse
3366 3968 3525 4021 homo

289 4051 516 4116 dicitur,
566 4065 675 4102 non
706 4050 851 4118 quod
885 4064 1088 4117 corpus
1149 4058 1202 4103 et
1267 4050 1449 4105 anima
1483 4053 1651 4107 unius
1696 4062 1909 4109 natura:
1948 4056 2080 4123 sint,
2116 4055 2211 4111 sed
2239 4058 2381 4127 quod
2408 4058 2642 4126 quisque
2667 4056 2948 4110 hominum
2986 4058 3222 4111 animam
3246 4068 3298 4113 et
3322 4073 3523 4129 corpus

292 4142 548 4214 peraeq’ue
599 4141 819 4203 habeat,
870 4140 1118 4208 duasque
1193 4139 1327 4194 adeo
1364 4147 1606 4197 naturas.

373 4239 481 4304 μγ¹.
524 4233 589 4285 ’11
639 4230 837 4303 τροπὴ,
874 4233 938 4283 ὲκ
965 4231 1060 4284 τοῦ
1114 4232 1357 4284 ἐναντίου
1390 4233 1470 4295 είς
1514 4233 1573 4285 τὸ
1620 4234 1860 4287 ἐναντίον

301 4324 594 4397 μεταϐολὴ,
632 4324 696 4375 ἐκ
731 4324 805 4392 μὴ
842 4322 989 4385 ὄντος
1030 4324 1110 4386 είς
1137 4322 1196 4373 τὸ
1222 4317 1381 4383 εἶναι,
1414 4322 1446 4392 ἢ
1477 4322 1537 4387 ἐξ
1579 4324 1745 4377 ὀντων
1779 4328 1859 4389 είς

296 4418 358 4471 τὸ
397 4418 471 4488 μὴ
505 4411 728 4485 εἷναι,ἢ
768 4413 827 4477 ἐξ
871 4413 1073 4484 ἀρετῆς
1131 4413 1211 4475 είς
1252 4414 1480 4475 κακίαν,
1517 4416 1652 4487 ὅπερ
1690 4415 1855 4481 ἐστὶν,

2036 4238 2126 4293 45.
2160 4237 2462 4292 Conversio
2514 4246 2598 4293 est
2638 4238 2704 4293 de
2738 4232 3020 4292 contrario
3076 4240 3127 4293 in
3182 4241 3526 4294 contrarium

1966 4329 2219 4391 mutatio,
2254 4338 2310 4381 ut
2335 4327 2402 4380 de
2434 4328 2601 4389 nihilo
2636 4329 2702 4382 ad
2739 4329 3137 4392 exsistentiam,
3172 4330 3254 4383 vel
3287 4330 3353 4384 de
3386 4334 3531 4386 easi-

1964 4410 2161 4473 stentia
2197 4420 2249 4471 in
2285 4416 2539 4481 nihilum,
2578 4418 2659 4472 vel
2683 4434 2747 4472 ex
2772 4416 2971 4474 virtute
3004 4420 3056 4472 in
3086 4420 3297 4483 vitium,
3325 4420 3429 4473 hoc
3449 4432 3534 4474 est

294 4509 363 4562 ἐκ
405 4506 512 4559 τῶν
565 4504 811 4573 φυσικῶν
862 4502 1027 4566 ἕξεων
1074 4504 1155 4564 είς
1202 4502 1301 4572 τὴν
1329 4502 1529 4557 τούτων
1584 4507 1837 4573 στέρησιν

1964 4524 2030 4563 cx
2089 4507 2369 4563 habilibus
2406 4508 2750 4562 naturalibus
2788 4509 2842 4562 in
2885 4510 3224 4577 privationes
3286 4511 3531 4579 ipsorum

308 4598 379 4650 ⁸11
416 4596 583 4666 ἀρετὴ
610 4593 886 4664 πλήρωσις
916 4595 1032 4645 ἐστι
1075 4592 1168 4645 τοῦ
1214 4592 1378 4662 νόμου
1412 4593 1502 4645 τοῦ
1535 4593 1668 4646 Θεοῦ
1690 4610 1702 4623 ·
1736 4596 1764 4646 ὀ
1808 4595 1863 4647 δὲ

301 4687 468 4756 νόμος
509 4684 605 4737 τοῦ
655 4685 789 4735 Θεοῦ
837 4682 1049 4752 θέλημα
1092 4678 1259 4734 αὐτοῦ
1312 4683 1491 4734 ἐστιν’
1533 4684 1707 4745 οὐδεὶς
1758 4683 1887 4754 γὰρ’

301 4778 609 4833 ἐντέλλεται
629 4776 657 4827 ὃ
679 4776 737 4828 οὐ
774 4775 946 4828 θέλει·
974 4764 1105 4826 τὸδὲ
1135 4773 1341 4843 θέλημα
1369 4774 1460 4825 τοῦ
1486 4774 1618 4827 Θεοῦ
1666 4775 1867 4842 ἀγαθόν

302 4871 475 4931 ἐστιν,
496 4850 790 4935 (ἄτρεπτον,
811 4864 897 4917 ἀεὶ
924 4863 1183 4926 ὡσαύτως
1209 4862 1329 4931 ἔχον
1349 4880 1360 4892 ·
1396 4860 1531 4916 ὥστε
1559 4864 1619 4915 τὸ
1646 4864 1867 4932 ἀγαθὸν,

302 4959 366 5011 ὅν
396 4960 566 5020 ἐστιν,
598 4956 795 5025 ὁμοίως
824 4955 919 5007 καὶ
958 4955 1158 5024 ἀρετή·
1190 4952 1390 5020 ἀγαθὸν
1437 4957 1542 5023 γὰρ
1580 4955 1612 5023 ἡ
1661 4955 1829 5023 ἀρετή
1854 4971 1867 4983 .

307 5050 343 5119 ὴ
385 5048 659 5111 δὲκακία,
708 5046 807 5098 οὐκ
851 5045 943 5108 ὃν,
992 5044 1127 5096 ἀλλὰ
1176 5043 1266 5096 τοῦ
1310 5045 1479 5106 ὕντος,
1506 5043 1749 5095 τουτέστι
1778 5044 1871 5095 τοῦ

307 5136 476 5208 νόμου
528 5138 623 5192 τοῦ
672 5136 806 5189 Θεοῦ
858 5135 1103 5197 ἑκούσιος
1153 5136 1402 5203 παρακοὴ
1440 5135 1529 5186 καὶ
1572 5135 1868 5204 ἀναίρεσις,

311 5233 454 5286 κατὰ
479 5231 750 5299 σύμϐασιν
788 5231 844 5280 ὲν
875 5227 950 5298 τῷ
996 5227 1331 5298 πράττεσθαι
1375 5226 1827 5299 παρυφισταμένη
1853 5242 1867 5257 .

307 5324 409 5377 καὶ
434 5320 553 5391 ἅμα
578 5321 654 5390 τῷ
684 5318 990 5371 παύσασθαι
1022 5317 1121 5385 τῆς
1161 5315 1409 5384 πράξεως
1438 5317 1739 5385 παυομένη.

389 5500 491 5568 μδ’.
524 5500 632 5551 Καὶ
661 5497 816 5548 τοῦτο
857 5498 911 5549 δὲ
952 5496 1148 5548 εἰδέναι
1189 5497 1290 5558 δεῖ,
1334 5498 1412 5548 ὅτι
1449 5499 1474 5548 ὁ
1511 5498 1638 5558 Θεὸς
1676 5500 1734 5550 οὐ
1779 5516 1868 5551 κο-

312 5590 467 5656 λάζει
498 5593 613 5644 τινα
648 5592 704 5641 ἐν
734 5589 809 5658 τῷ
846 5589 1108 5659 μέλλοντι,
1145 5588 1256 5639 ἀλλ’
1292 5589 1519 5645 ἕκαστος
1560 5591 1748 5643 ἑαυτὸν
1777 5590 1865 5643 δε-

458 5770 574 5824 Lib.
620 5785 674 5820 Ill
700 5765 773 5819 De
804 5766 927 5834 ﬁde,
971 5783 1091 5836 cap.
1116 5768 1172 5824 5.

640 5858 907 5915 Parant.
956 5856 1072 5915 Gn.
1122 5856 1322 5914 XCIV.

1970 4600 2220 4654 mutatio.
2257 4599 2442 4653 Virtus
2476 4606 2562 4653 est
2606 4600 2801 4654 divinae
2838 4601 2976 4667 legis
3017 4602 3280 4670 impletio.
3314 4604 3407 4655 Dei
3445 4619 3536 4655 au-

1971 4700 2076 4745 tem
2107 4692 2217 4753 lex,
2252 4690 2509 4744 voluntas
2549 4691 2723 4760 ipsius
2757 4698 2861 4744 εει.
2897 4689 3066 4743 Nemo
3090 4694 3298 4760 quippe
3315 4707 3377 4745 ca
3406 4708 3535 4762 prur-

1972 4779 2126 4846 cipit,
2164 4792 2193 4831 a
2227 4778 2424 4847 quibus
2449 4778 2759 4833 abhorreat.
2794 4778 2886 4833 Dei
2917 4794 3081 4846 porro
3119 4783 3370 4836 voluntas
3396 4786 3538 4835 bona

1974 4874 2081 4931 est,
2120 4868 2500 4931 immutabilis,
2539 4884 2756 4936 semper
2784 4867 2975 4922 eodem
3026 4870 3186 4923 modo
3218 4873 3287 4923 se'
3306 4871 3533 4924 habens.

1976 4956 2163 5025 Itaque
2195 4957 2398 5010 bonum
2432 4973 2559 5012 vere
2584 4965 2692 5021 est,
2730 4972 2793 5009 ac
2830 4956 3086 5011 similiter
3116 4960 3293 5011 virtus
3322 4978 3333 5011 :
3363 4959 3540 5012 virtus

1973 5049 2116 5100 enim
2176 5065 2261 5103 res
2306 5050 2443 5103 bona
2495 5057 2601 5103 est.
2653 5044 2855 5100 Contra
2893 5049 3093 5101 malum
3137 5050 3272 5101 nihil
3306 5059 3413 5109 cst,
3444 5052 3538 5102 St-tl

1973 5138 2093 5204 ejus
2143 5136 2290 5206 quod
2325 5147 2433 5198 cst,
2473 5138 2588 5191 sive
2620 5139 2819 5191 divinze
2854 5138 3013 5205 legis,
3060 5138 3229 5190 libera
3264 5138 3543 5211 giniractio

1971 5237 2024 5281 ct
2055 5228 2301 5281 eversio:
2338 5232 2484 5296 quod
2526 5232 2744 5297 quidem
2774 5244 2838 5282 ex
2871 5228 3187 5293 accidenti,
3222 5227 3348 5281 dum
3389 5243 3543 5280 com-

1972 5319 2223 5384 mittitur,
2272 5321 2419 5374 velut
2450 5320 2688 5385 exsistit,
2726 5336 2787 5373 ac
2822 5322 3072 5389 protinus
3106 5328 3160 5371 ut
3194 5318 3541 5380 desiitactio,

1972 5407 2194 5462 desinit.

2048 5499 2133 5552 M.
2164 5498 2303 5564 Quin
2341 5501 2470 5554 illud
2503 5517 2718 5570 quoque
2751 5500 2895 5555 scire
2931 5500 3207 5561 convenit,
3248 5497 3413 5553 Deum
3449 5515 3542 5551 nc-

1979 5589 2177 5646 mincm
2225 5592 2281 5645 in
2326 5592 2513 5647 futuro
2556 5594 2771 5660 punire,
2823 5592 2915 5647 sed
2961 5605 3402 5658 unumquemque
3458 5605 3546 5645 se-

3027 5852 3091 5915 49
