4156 6436
748 365 769 424 1
782 365 883 427 547

1912 357 1972 413 s.
2015 356 2333 415 JmNNIs
2385 360 2809 441 DAMASCENI

3856 358 3974 422 1588

747 483 927 547 ipsmn
965 477 1035 528 ita
1089 485 1429 540 comparare,
1484 479 1541 521 ut
1594 467 1687 520 Dei
1741 465 2014 534 particeps
2068 464 2180 524 ﬁat,
2223 470 2316 515 aut

2433 465 2604 515 ιιτικὸν
2637 467 2779 515 ποιεῖ
2808 466 2904 531 τῆς
2936 467 3167 534 μετοχῆς
3199 464 3288 516 τοῦ
3332 464 3484 519 Θεοῦ.
3534 467 3690 517 ’Ἐστι
3723 469 3780 518 δὲ
3815 472 3846 535 ἡ
3886 473 3971 535 μὲν

746 577 961 623 cmitra.
986 564 1277 620 Estaulem
1296 561 1386 614 Dei
1425 558 1770 629 participatio
1806 556 2098 623 voluptas;
2140 554 2316 605 anim-

748 654 1001 707 niltcl‘sio
1075 651 1194 717 Dei,
1246 648 1423 718 ipsius
1454 646 1743 716 patientia.
1770 645 1830 696 lu
1865 644 1967 696 hac
1997 651 2177 694 autem
2209 640 2316 691 vita

751 748 892 798 Deus
929 756 1042 795 non
1080 740 1339 811 supplicii
1363 752 1532 792 causa
1560 736 1893 789 tentatioucs
1923 730 2107 794 infert,
2137 730 2231 783 sed
2260 737 2317 781 ιιι

751 850 846 889 nos
876 834 1092 889 erudiat
1118 846 1182 884 ae
1202 831 1337 884 vitio
1369 828 1652 883 medeatur
1682 843 1693 877 :
1724 838 1833 892 quo
1864 821 2118 876 videlicet
2138 821 2314 887 ipsum

747 932 1135 995 agnoscentes,
1175 922 1241 975 ad
1274 923 1448 991 ipsum
1481 922 1839 975 revertamur,
1899 910 2318 977 sanctitatisque

748 1019 920 1086 ipsius
948 1022 1243 1070 consortes
1267 1012 1607 1066 evadamus:
1645 1025 1663 1057 ι
1700 1003 1916 1057 Domini
1962 1002 2108 1055 enim
2156 998 2319 1052 disci-

750 1110 894 1177 plina
927 1107 1146 1175 aperuit
1182 1119 1342 1156 aures
1373 1114 1526 1154 meas
1564 1098 1624 1150 “.
1663 1118 1680 1147 ι

818 1202 903 1253 45.
940 1198 1108 1250 MAN.
1144 1194 1200 1247 Si
1229 1195 1404 1247 bonus
1437 1198 1543 1251 est,
1586 1202 1686 1242 cur
1716 1186 1771 1240 in
1807 1184 1990 1237 futuro
2020 1196 2133 1234 mro
2168 1178 2321 1248 ﬂagi-

752 1291 975 1343 tiusum-
998 1285 1277 1339 hominem
1311 1280 1650 1335 cruciatibus
1684 1274 1871 1335 allicit,
1906 1286 1969 1323 ac
1998 1285 2104 1322 non
2140 1269 2320 1337 pinius

750 1394 873 1435 cum
904 1392 933 1431 e
966 1376 1147 1431 medio
1185 1374 1366 1428 tollit?
1406 1368 1615 1425 ORTll.
1649 1366 1814 1427 Deus,
1853 1362 1928 1415 uti
1975 1360 2151 1413 bouus
2178 1398 2191 1422 ,
2240 1358 2321 1409 sic

750 1482 969 1540 quoque
1001 1465 1190 1534 justus
1226 1472 1326 1517 cst.
1382 1459 1452 1513 Ut
1502 1460 1672 1529 igitur
1708 1457 1918 1517 bonus,
1968 1451 2109 1527 boqa
2141 1448 2319 1502 omnia

752 1561 918 1620 fecit,
983 1567 1325 1624 quaecunque
1385 1551 1536 1605 fecit.
1602 1542 2070 1613 Quemadmodum
2132 1540 2320 1607 itaque

749 1670 961 1723 :equum
993 1659 1131 1712 erat,
1168 1653 1223 1698 ut
1246 1644 1339 1712 qui
1371 1642 1440 1696 ab
1475 1642 1595 1711 ipso
1632 1638 1764 1691 boui
1802 1634 1991 1695 futuri,
2026 1646 2089 1685 ac
2117 1630 2317 1684 bonum

752 1746 851 1799 sibi
885 1744 1072 1797 datum
1104 1752 1212 1789 non
1248 1732 1407 1786 modo
1448 1728 1717 1784 servaturi
1749 1725 1891 1791 ,-sed
1920 1723 2084 1778 etiam
2130 1729 2322 1784 opera-

751 1837 856 1886 turi
890 1841 1101 1892 essent,
1146 1822 1449 1895 perfectum
1478 1821 1683 1873 bonum
1714 1816 2189 1883 scmpiternasque
2219 1808 2316 1861 de-

751 1925 904 1978 lit-ias
972 1924 1261 1991 gustarem
1319 1919 1371 1967 et
1434 1916 1905 1977 consequerentur
1958 1903 2091 1955 :sie
2159 1899 2319 1954 etiam

752 2028 972 2084 arquum
1027 2020 1140 2065 erat
1176 2016 1235 2062 ut
1264 2005 1357 2075 qui
1388 2003 1457 2058 ab
1491 2016 1557 2056 eo
1588 2000 1718 2085 boni
1756 1996 1942 2058 futuri,
1996 2006 2097 2046 nec
2144 2000 2321 2045 tamen

752 2109 939 2161 datum
970 2103 1070 2157 sibi
1109 2100 1317 2153 bonum
1341 2090 1633 2152 servaturi,
1662 2078 1758 2145 sed
1790 2101 1885 2157 per
1928 2086 2198 2139 bonorum
2230 2078 2322 2131 ab-

749 2196 1042 2266 jectiouem
1076 2190 1133 2243 in
1186 2186 1379 2239 vitium
1429 2179 1688 2236 deﬂexuri
1726 2186 1933 2240 essent,
1971 2168 2323 2241 sempiternis

752 2285 968 2342 deliciis
995 2286 1278 2336 carerent.

820 2376 910 2430 46.
947 2371 1190 2441 Longius
1244 2384 1273 2421 a
1330 2366 1439 2419 Deo
1502 2364 1712 2418 distant
1777 2355 2109 2426 Seraphim,
2158 2364 2321 2421 quam

752 2465 1006 2521 diabolus
1044 2478 1075 2515 a
1128 2457 1433 2527 Seraphim.
1469 2451 1738 2519 Quocirca
1788 2447 1894 2502 nisi
1943 2443 2193 2499 diabolus
2231 2456 2330 2492 ex-

755 2558 1009 2618 stitisset,
1043 2554 1090 2607 is
1123 2551 1213 2622 qui
1245 2564 1367 2603 eum
1395 2547 1641 2617 proxime
1677 2537 2050 2600 antecedebat,
2079 2533 2324 2588 omnium

753 2649 1014 2709 deterior,
1052 2620 1163 2697 iure
1202 2641 1368 2692 etiam
1415 2650 1605 2690 eorum
1641 2631 1737 2702 qui
1772 2628 1954 2698 ipsum
1989 2620 2325 2677 antecessis-

752 2744 896 2802 sent,
932 2707 1371 2799 comparatione,
1401 2722 1580 2775 malus
1610 2720 1763 2773 visus
1793 2721 1943 2771 esset
1975 2728 1989 2763 :
2029 2711 2218 2779 sicque
2247 2707 2329 2760 di-

754 2800 1005 2883 ceremus
1036 2842 1047 2875 :
1076 2819 1188 2874 Cur
1228 2816 1407 2880 Deus,
1449 2826 1574 2867 cum
1633 2808 1793 2863 talem
1852 2817 1978 2859 eum
2023 2800 2141 2854 fore
2206 2810 2329 2866 pro-

755 2918 1018 2987 spiceret,
1051 2914 1231 2981 ipsum
1268 2915 1447 2959 tamen
1486 2898 1653 2955 fecit?
1675 2896 1875 2951 Eodem
1897 2893 2058 2947 modo
2101 2892 2153 2944 in
2181 2887 2328 2942 omni

756 2984 974 3081 quoque
1012 3005 1118 3058 alia
1156 3016 1213 3056 re
1254 2996 1557 3069 proposita,
1598 3004 1774 3059 usque
1798 2988 1926 3040 dum
1964 2984 2329 3038 aseendamus

2420 560 2619 629 μετοχὴ
2644 558 2778 611 Θεοῦ
2804 559 3002 629 τρυφὴ,
3031 560 3137 628 ἡδὲ
3163 560 3477 623 ἁνεξικακία
3509 558 3699 619 αὑτοῦ,
3727 560 3972 619 κόλασις·

2418 649 2647 701 ἐνταῦθα
2683 649 2740 700 δὲ
2778 652 2838 701 οὐ
2883 650 3123 712 κολάζων
3166 650 3410 717 ἐπιφέρει
3462 649 3586 708 τοὺς
3639 649 3977 713 πειρασμοῖς

2417 743 2445 791 ὁ
2470 740 2619 800 Θεὸς,
2651 739 2784 791 ἀλλὰ
2813 740 3081 791 παιδεύων
3117 745 3209 790 καὶ
3243 738 3467 806 ἰώμενος
3495 737 3594 805 τὴν
3642 737 3876 793 κακίαν,
3906 738 3981 787 ἵνα

2418 828 2726 894 ὲπιγνῶμεν
2758 829 2937 887 αὑτὸν,
2966 830 3055 878 καὶ
3098 829 3530 894 ἐπιστρέψωμεν,
3587 826 3684 876 καὶ
3734 826 3984 890 τύχωμεν

2417 917 2517 984 τῆς
2576 918 2860 1007 ἀγδότητος
2915 916 3076 969 αὐτοῦ
3112 935 3122 946 ·
3172 936 3188 965 ι
3239 916 3298 967 ἸΙ
3340 916 3448 984 γὰρ
3500 917 3725 967 παιδεία
3785 914 3985 981 Κυρίου

2419 1008 2619 1076 ἀνοίγει
2648 1002 2753 1076 μου
2782 1008 2849 1060 τὰ
2878 1002 3012 1060 ὦτα.
3058 1030 3075 1059 ι

2495 1194 2595 1255 με’.
2646 1187 2815 1239 MAN.
2852 1187 2913 1238 Εἰ
2967 1185 3193 1252 ἀγαθὸς,
3241 1186 3327 1237 διὰ
3376 1187 3431 1236 τί
3488 1188 3545 1236 ὲν
3602 1183 3685 1250 τῷ
3741 1182 3984 1249 μέλλοντι

2422 1277 2576 1328 αἰῶνι
2628 1275 2845 1337 κολάζει
2873 1276 2963 1326 τὸν
2999 1277 3253 1343 πονηρὸν,
3290 1276 3384 1326 καὶ
3428 1276 3488 1325 οὐ
3528 1274 3735 1341 μᾶλλον
3780 1272 3985 1338 ἀναιρεῖ

2422 1366 2612 1427 αὺτὸν;
2646 1364 2794 1417 ΟΡΘ.
2846 1366 2903 1417 Ὀ
2942 1366 3069 1427 Θεὸς
3122 1364 3324 1432 ἁγαθός
3357 1368 3535 1427 ἐστιν,
3574 1364 3717 1415 ἀλλὰ
3776 1363 3877 1413 καὶ
3920 1361 3988 1411 δί-

2422 1471 2601 1516 καιος⁸
2633 1455 2706 1517 ὡς
2734 1454 2935 1521 ἀγαθὸς
2967 1453 3060 1507 οὖν
3104 1457 3379 1523 ἐποίησεν,
3414 1456 3510 1506 ὅσα
3542 1454 3830 1520 ἐποίησεν,
3864 1453 3987 1516 ἀγα⁹

2423 1542 2490 1595 θα
2516 1562 2526 1573 ·
2557 1543 2745 1612 ὥσπερ
2775 1539 2867 1595 οὗν
2897 1545 3104 1596 δίκαιον
3133 1540 3203 1613 ἦν
3231 1547 3355 1606 τοὺς
3385 1546 3473 1596 ὑπ’
3499 1544 3669 1595 αὑτοῦ
3699 1542 3989 1610 ἐσομένους

2422 1634 2684 1699 ἀγαθοὺς,
2708 1635 2801 1685 καὶ
2831 1634 3142 1704 μέλλοντας,
3160 1636 3221 1687 οὐ
3247 1636 3403 1703 μόνον
3433 1634 3729 1702 φυλάττειν
3760 1633 3827 1684 τὸ
3846 1632 3989 1683 δοθὲν

2424 1725 2605 1784 αὐτοῖς
2630 1724 2849 1790 ἀγαθὸν,
2885 1724 3020 1777 ἀλλὰ
3068 1724 3163 1777 καὶ
3211 1724 3605 1791 ἐπεργάζεσθαι
3640 1723 3807 1783 αὐτὸ,
3845 1722 3989 1787 γενέ-

2428 1812 2594 1866 σθαιι
2632 1818 2725 1867 καὶ
2774 1814 3070 1883 ἀξιωθῆναι
3113 1814 3206 1867 τοῦ
3237 1814 3441 1867 τελείου
3482 1814 3726 1880 ἀγαθοῦ,
3761 1812 3865 1864 καὶ
3901 1812 3988 1878 τῆς

2428 1906 2646 1960 αἰωνίου
2674 1909 2903 1977 τρυφῆς,
2928 1907 3097 1970 οῦτως
3135 1908 3228 1959 καὶ
3256 1907 3461 1959 δίκαιον
3494 1902 3582 1975 ἦν,
3608 1907 3743 1965 τοὺς
3776 1903 3873 1955 ὑπ’
3901 1904 3990 1953 αὑ-

2429 1996 2521 2049 τοῦ
2581 1998 2870 2068 ἐσομένους
2928 1999 3205 2066 ἀγαθοὺς,
3261 2001 3355 2051 καὶ
3424 1998 3717 2064 μέλλοντας
3783 1995 3849 2046 οὐ
3906 2004 3993 2059 v9-

2432 2086 2648 2140 λάττειν
2672 2088 2733 2139 τὸ
2760 2088 2909 2141 δοθὲν
2934 2090 3112 2149 αὐτοῖς
3134 2088 3355 2154 ἀγαθὸν,
3383 2087 3494 2139 ἀλλ’
3518 2087 3797 2145 ἑκουσίως
3816 2082 3992 2135 ἐκκλί-

2430 2174 2651 2245 νειν·διᾲ
2679 2176 2777 2244 τῆς
2812 2175 3083 2245 ἀποϐολῆς
3110 2176 3220 2227 τῶν
3263 2174 3482 2241 ἀγαθῶν
3511 2172 3604 2225 ἐπὶ
3634 2171 3737 2238 τὴν
3778 2168 3993 2233 κακίαν,

2430 2264 2526 2317 καὶ
2548 2263 2877 2334 στερηθῆναι
2900 2265 2997 2333 τῆς
3026 2264 3195 2317 ἀϊδίου
3218 2264 3446 2333 τρυφῆς.

2503 2361 2623 2423 μςν.
2656 2354 2823 2406 Πλέον
2849 2354 3042 2422 ἀπέχει
3072 2353 3141 2405 τὰ
3178 2353 3425 2421 Σεραφὶμ
3456 2351 3563 2402 ἀπὸ
3600 2347 3763 2409 Θεοῦ,
3809 2346 3999 2415 ἠπερὸ

2433 2444 2662 2514 πονηρὸς
2690 2442 2797 2495 ἀπὸ
2832 2443 2940 2494 τῶν
2974 2443 3241 2512 Σεραφίμ.
3268 2443 3330 2494 Εἰ
3360 2439 3453 2494 οὖν
3484 2441 3559 2509 μὴ
3584 2441 3815 2507 ἐγένετο
3836 2441 3866 2489 ὁ
3893 2437 4001 2489 59¢-

2433 2532 2608 2595 ϐολος,
2655 2534 2682 2583 ὁ
2715 2532 2821 2602 πρὸ
2871 2531 3057 2594 αὐτοῦ,
3101 2533 3350 2599 ἐφαίνετο
3396 2532 3596 2601 χείρων
3641 2529 3875 2579 πάντων
3913 2524 4000 2577 καὶ

2434 2622 2621 2685 κακὸς,
2657 2622 2715 2673 ὲν
2758 2621 3042 2691 συγκρίσει
3088 2625 3156 2691 τῇ
3188 2621 3322 2697 πρὸς
3369 2621 3492 2681 τοὺς
3531 2620 3640 2690 ¹τιῒρὶ)
3676 2616 3875 2681 αὑτοῦ,
3908 2616 4001 2667 καὶ

2436 2713 2691 2781 ἐλέγομεν
2712 2727 2724 2740 ·
2748 2710 2844 2763 Διὰ
2873 2711 2923 2763 τί
2942 2710 3201 2781 προειδὼς
3220 2713 3248 2762 ὁ
3266 2709 3414 2771 Θεὸς,
3438 2710 3518 2761 ὅτι
3546 2706 3795 2766 τοιοῦτος
3825 2704 4001 2774 μέλλει

2435 2803 2673 2866 ἔσεσθαι,
2702 2802 2953 2878 εποίησεν
2984 2802 3181 2867 αὑτόν;
3216 2799 3418 2869 ὁμοίως
3468 2798 3563 2850 καὶ
3593 2798 3691 2848 ἐπὶ
3720 2796 3823 2847 τοῦ
3868 2810 3998 2865 προ-

2437 2894 2711 2964 κειμένου,
2738 2893 2840 2954 ’έως
2869 2892 2935 2944 ἂν
2965 2892 3205 2960 ἔλθωμεν
3236 2892 3328 2943 καὶ
3357 2891 3436 2951 είς
3464 2888 3604 2941 αὐτὰ
3630 2887 3702 2938 τὰ
3726 2888 3793 2937 Σε
3806 2885 3999 2954 ραφίμ.

2436 2986 2545 3037 Καὶ⁸
2574 2983 2681 3052 γὰρ
2714 2983 2971 3044 πολλάκις
3003 2980 3313 3051 θεωροῦμεν
3344 2982 3575 3048 πρᾶγμα
3608 2978 4001 3033 ἐλεεινότατον,

758 3064 826 3153 :{a
870 3064 988 3166 ipsa
1032 3064 1369 3159 Seraphim;
1396 3081 1607 3137 Etenim
1642 3091 1785 3147 ωερε
1813 3074 1870 3128 iit
1924 3081 1983 3127 ut
2014 3087 2123 3126 rem
2171 3068 2328 3122 mise—

2435 3074 2529 3127 καὶ
2560 3072 2825 3144 δοκοῦμεν
2852 3072 2928 3142 μὴ
2956 3067 3093 3124 εἶναι
3122 3069 3486 3137 ἐλεεινότερον
3520 3068 3587 3119 αὐ
3599 3066 3690 3117 τοῦ
3718 3065 3876 3128 ἄλλο,
3915 3064 4005 3115 καὶ

760 3189 977 3245 ratione
1008 3158 1395 3253 dignissimam
1430 3184 1746 3234 cernamus,
1782 3182 1891 3236 qua
1929 3164 2157 3217 alteram
2200 3158 2327 3229 ﬁngi

762 3297 869 3336 nun
927 3290 1087 3347 posse
1147 3269 1488 3325 miseriorem
1552 3259 1969 3320 existimemus;
2020 3262 2138 3305 tum
2199 3264 2330 3305 vero

759 3343 948 3442 postea
979 3364 1314 3421 deteriorem
1353 3355 1514 3409 aliam
1552 3349 1857 3404 videamus.
1898 3343 2179 3413 Siquidem
2219 3354 2333 3394 ma-

2437 3163 2575 3232 μετὰ
2603 3161 2771 3214 ταῦτα
2792 3161 3007 3230 ὁρῶμεν
3036 3160 3219 3230 ἕτερον
3247 3161 3448 3228 χεῖρον.
3481 3157 3665 3225 Ὀπερ
3695 3156 3809 3222 γὰρ
3844 3154 4003 3219 ἐσχα-

2434 3268 2524 3304 τον
2548 3250 2716 3305 κακὸν
2737 3249 2795 3303 ὃν
2818 3250 3062 3319 εἴδωμεν,
3088 3250 3121 3319 ἢ
3151 3247 3508 3317 λογισώμεθα,
3546 3244 3894 3313 ὑπονοοῦμεν
3933 3244 4003 3311 μὴ

2438 3335 2577 3394 εἶναι
2603 3338 2769 3393 αὑτοῦ
2796 3342 2995 3409 χεῖρον.

758 3467 867 3517 lum
893 3457 1046 3519 illud,
1084 3452 1226 3524 quod
1259 3457 1589 3521 postremum
1616 3439 1877 3500 vidimus,
1910 3432 2184 3505 ejusmodi
2210 3445 2332 3487 esse
2370 3445 2686 3497 censemus,
2755 3428 3044 3485 ut'nulium
3079 3444 3144 3484 eo
3176 3428 3398 3500 gravius
3426 3440 3490 3481 ac
3528 3425 3827 3480 molestius
3888 3431 4005 3475 εδει

758 3557 1129 3626 suspicemur.

828 3623 915 3704 4—7.
960 3646 1105 3699 Deus
1139 3642 1323 3710 itaque
1357 3635 1541 3691 omnia
1586 3628 1744 3683 valde
1772 3628 1913 3681 bona
1956 3623 2104 3689 fecit,
2134 3639 2332 3679 secun-

758 3746 885 3796 dum
917 3736 1189 3805 cujusque
1225 3735 1501 3788 naturam,
1554 3728 1612 3774 ut
1648 3718 1825 3787 ipsius
1857 3714 2112 3769 voluntas
2152 3713 2331 3780 dispo-

760 3832 889 3887 suit.
916 3802 1035 3881 Non
1061 3824 1205 3879 enim
1233 3818 1336 3888 legi
1368 3814 1657 3882 subjectus
1686 3816 1803 3873 est;
1831 3819 2013 3859 verum
2034 3803 2085 3857 id
2112 3802 2330 3857 demum

761 3926 967 3978 bonum
1002 3924 1084 3970 cst
1115 3909 1263 3983 quod
1296 3909 1415 3978 ipse
1454 3917 1591 3967 vnn,
1646 3914 1755 3954 non
1796 3894 1943 3966 quod
1990 3909 2089 3948 nos
2120 3892 2333 3962 judica-

762 4026 928 4067 mus:
962 4022 1070 4062 non
1125 4002 1277 4057 enim
1315 4012 1415 4052 nos
1470 3992 1563 4049 Dei
1610 3988 1829 4060 judices
1881 3986 2093 4040 sumus.
2130 3982 2332 4035 Verum

761 4102 904 4155 sicut
949 4112 1017 4151 ex
1069 4092 1187 4147 sole
1230 4094 1286 4144 et
1326 4087 1453 4153 igne
1483 4082 1578 4136 lux
1613 4076 1795 4133 omnis
1830 4072 2102 4143 splendet,
2135 4072 2215 4126 sic
2242 4069 2333 4123 Dei

762 4192 1045 4246 voluntate
1096 4184 1296 4236 bonum
1346 4187 1508 4229 omne
1559 4168 1840 4225 delinitur.
1888 4162 2020 4217 Nam
2076 4163 2121 4218 si
2168 4161 2337 4216 Deum

766 4286 821 4338 in
854 4281 959 4335 hoc
994 4278 1156 4336 bene,
1196 4271 1251 4323 in
1290 4268 1396 4320 hoc
1428 4262 1572 4317 male
1604 4258 1803 4313 fecisse
1839 4254 2069 4315 dixeris,
2102 4261 2198 4305 aut
2231 4254 2343 4305 sei-

768 4374 999 4428 scitatus
1044 4362 1209 4437 [‘49
1267 4356 1461 4419 fueris,
1504 4366 1604 4406 cur
1650 4349 1755 4402 hoc
1790 4346 2003 4409 iecerit,
2044 4343 2178 4397 illud
2234 4355 2342 4394 non

770 4463 986 4524 iecerit,
1018 4468 1069 4512 te
1098 4456 1189 4508 Dei
1215 4450 1480 4521 judicem,
1529 4454 1707 4509 eoque
1736 4450 1891 4523 majoi

770 4559 969 4608 liorem
1005 4544 1322 4601 constituis.
1379 4533 1653 4601 Quocirca
1707 4527 1884 4590 Deus,
1933 4524 2075 4592 quod
2102 4524 2341 4585 libuerit,

773 4641 1007 4699 I‘acicudi
1039 4641 1364 4706 potestatem
1397 4624 1584 4687 habet,
1621 4628 1786 4687 atque
1818 4615 1951 4669 illud
1985 4615 2186 4668 bonum
2218 4623 2299 4666 est
2327 4631 2338 4664 :

774 4752 837 4788 ac
872 4701 1204 4802 potestatem
1251 4721 1379 4772 item
1411 4714 1579 4768 habet
1620 4720 1809 4763 eorum
1860 4718 1983 4773 quae
2028 4701 2179 4767 facit,
2206 4714 2341 4770 quas

774 4793 887 4877 νιιὶί
919 4832 1118 4875 causas
1157 4812 1316 4867 nobis
1349 4799 1689 4865 declarandi,
1725 4806 1779 4852 et
1812 4810 1951 4865 quas
1981 4794 2116 4856 vult,
2150 4793 2339 4845 occul-

774 4912 943 4967 laudi.
978 4900 1422 4973 Unumquodque
1474 4906 1635 4963 porro
1693 4890 1961 4942 bonorum
2004 4891 2338 4962 creator‘um,

774 5021 893 5076 qum
923 5003 1190 5056 ratiuncm
1224 4995 1576 5059 acceperunt,
1623 4988 1714 5034 aut
1744 4979 1917 5032 libere
1959 4977 2011 5028 in
2050 4974 2192 5027 bono
2221 4959 2343 5059 per-

774 5066 940 5154 stitit,
987 5097 1046 5142 ut
1097 5085 1383 5139 conditum
1462 5075 1601 5139 iuit;
1654 5078 1744 5123 aut
1797 5068 1968 5121 libere
1999 5066 2340 5117 immutatum

773 5196 874 5247 cst,
916 5190 1078 5249 atque
1107 5177 1312 5238 a_lmno
1358 5167 1609 5227 it-ccssit,
1658 5158 1902 5227 iliudque
1955 5153 2208 5225 perdidit.
2240 5152 2345 5204 Bo-

778 5290 905 5327 lllllll
940 5281 1019 5323 est
1049 5267 1344 5337 pralclnrus
1374 5258 1535 5320 (vr-.lo,
1566 5250 1861 5319 unicuique
1892 5247 1938 5300 id
1972 5244 2116 5315 quod
2151 5253 2346 5296 natura

848 5452 887 5483 ”
915 5451 1015 5502 in.
1060 5462 1147 5505 LV,
1185 5458 1291 5495 μοι’.
1330 5438 1484 5491 LXX.

2507 3619 2613 3690 μζ’.
2653 3616 2939 3685 Ἐποίησεν
2988 3614 3080 3668 οῦν
3109 3614 3138 3666 ὁ
3188 3613 3320 3674 Θεὸς
3363 3612 3431 3663 τὰ
3467 3613 3645 3662 πάντα
3692 3608 3846 3661 καλὰ
3891 3607 4005 3658 λίαν

2439 3708 2577 3764 κατὰ
2610 3718 2651 3747 ιι
2677 3707 2774 3777 τὴν
2808 3705 2943 3758 ίδίαν
2978 3703 3179 3772 φύσιν,
3221 3700 3402 3763 καθὼς
3436 3700 3701 3767 ἠθέλησεν
3722 3716 3733 3728 ·
3790 3699 3854 3749 οὐ
3905 3700 4005 3765 γὰρ

2440 3800 2721 3853 ὑπόκειται
2742 3796 2911 3865 νόμῳ,
2932 3794 3045 3847 ἀλλ’
3068 3794 3204 3862 ὅπερ
3225 3791 3385 3853 θέλει,
3413 3788 3568 3842 τοῦτὸ
3596 3790 3744 3839 ἐστιν
3774 3788 4003 3854 ἀγαθὸν,

2439 3892 2536 3959 οὐχ
2557 3890 2691 3955 ὅπερ
2711 3888 2870 3956 ἡμεῖς
2899 3884 3182 3953 κρίνομεν
3210 3881 3271 3932 οὐ
3297 3881 3403 3948 γάρ
3437 3881 3600 3947 ὲσμεν
3629 3879 3798 3945 ἡμεῖς
3828 3877 4009 3946 κριταὶ

2441 3980 2535 4032 τοῦ
2559 3976 2714 4030 Θεοῦ.
2750 3974 2887 4027 Ἀλλ’
2914 3975 3097 4040 ὥσπερ
3124 3974 3186 4023 ὲκ
3218 3970 3311 4023 τοῦ
3342 3969 3513 4037 ἡλίου,
3534 3969 3650 4036 ἦτοι
3680 3966 3779 4018 τοῦ
3817 3964 4005 4033 tum,

2435 4070 2539 4119 πᾶν
2561 4066 2675 4133 φῶς
2696 4064 3006 4133 φωτίζεται,
3022 4059 3191 4120 οὕτως
3214 4062 3276 4110 ὲκ
3298 4057 3390 4109 τοῦ
3424 4057 3725 4124 θελήματος
3752 4054 3857 4105 τοῦ
3880 4052 4010 4104 8εεῦ

2437 4160 2543 4210 πᾶν
2560 4154 2760 4222 ἀγαθὸν
2776 4152 3035 4223 ὁρίζεται.
3055 4151 3117 4201 Εἰ
3134 4148 3240 4217 γὰρ
3268 4146 3468 4213 λέγεις,
3490 4146 3570 4196 ὅτι
3586 4142 3790 4203 Καλῶς
3825 4144 4010 4209 ἐποίη-

2440 4264 2531 4299 σεν
2550 4247 2577 4297 ὁ
2614 4243 2746 4305 Θεὸς
2774 4243 2831 4293 ὲν
2856 4241 3053 4308 τούτῳ,
3103 4237 3196 4290 καὶ
3213 4235 3396 4296 κακῶς
3420 4235 3476 4285 ὲν
3504 4231 3697 4297 τούτῳ.
3726 4230 3830 4281 καὶ
3859 4229 3947 4280 διὰ
3966 4230 4009 4278 τί

2442 4336 2662 4402 ἐποίησε
2698 4331 2897 4395 τοῦτο;
2946 4328 3059 4392 καὶ,
3106 4326 3193 4378 διὰ
3214 4325 3265 4377 τί
3314 4325 3412 4377 οὐκ
3442 4322 3664 4389 ἐποίησε
3702 4318 3909 4383 τοῦτο;
3954 4320 4010 4369 στι

1529 4454 1707 4509 eoque
1736 4435 2001 4505 majorem
2035 4441 2089 4487 et
2123 4432 2328 4500 sapien-

2450 4424 2639 4496 κριτὴς
2669 4431 2696 4458 υ
2723 4416 2773 4472 εῐ
2801 4418 2893 4471 τοῦ
2926 4417 3082 4483 Θεοῦ,
3119 4417 3212 4480 καὶ
3250 4414 3449 4484 μείζων
3486 4410 3672 4472 αὑτοῦ,
3708 4411 3810 4461 καὶ
3843 4409 4012 4475 σοφώ-

2445 4532 2619 4588 τερος.
2655 4510 2932 4575 Ἐξουσίαν
2970 4504 3060 4561 οῦν
3105 4507 3239 4577 ἔχει,
3285 4505 3360 4567 ὡς
3397 4503 3561 4565 Θεὸς,
3609 4502 3846 4569 ποιῆσαι
3884 4501 4012 4567 ὅπερ

2446 4584 2613 4668 θέλει,
2640 4602 2733 4654 καὶ
2767 4600 2926 4652 τοῦτό
2949 4599 3096 4649 ἐστιν
3127 4594 3328 4661 ἀγαθόν
3350 4609 3364 4623 ·
3394 4593 3484 4645 καὶ
3514 4590 3773 4655 ἐξουσίαν
3802 4590 3919 4656 ἔχει
3944 4584 4011 4637 ὧν

2444 4695 2607 4756 ποιεῖ,
2641 4690 2705 4752 ἃς
2735 4689 2875 4741 θέλει
2906 4687 3082 4749 αἰτίας
3129 4682 3475 4751 ἀποκαλύψαι
3505 4682 3665 4749 ἡμῖν,
3701 4679 3802 4730 καὶ
3838 4678 3906 4738 ἃς
3936 4676 4011 4727 θέ-

2443 4785 2523 4836 λει
2569 4778 2902 4849 ἀποκρύψαι.
2938 4778 3202 4829 Ἐκαστον
3230 4775 3286 4825 δὲ
3316 4774 3422 4825 τῶν
3446 4770 3754 4838 γενομένων
3779 4766 4013 4834 λογικῶν

2444 4873 2724 4935 ἑκουσίως,
2760 4870 2793 4941 ἢ
2848 4850 3057 4938 ἔμειλρεν
3091 4850 3148 4919 ἐν
3190 4864 3268 4934 τῷ
3324 4860 3531 4932 ἀγαθῷ,
3570 4861 3643 4923 ὡς
3694 4856 4010 4927 cnidier

2447 4964 2708 5025 ἑκουσίως
2758 4960 2992 5030 ἐτράπη,
3023 4959 3113 5011 καὶ
3158 4955 3484 5023 ἀπεφοίτησε
3513 4950 3605 5003 τοῦ
3640 4948 3883 5015 ἀγαθοῦ,
3924 4947 4014 4998 καὶ

2448 5054 2726 5109 ἀπώλεσεν
2757 5051 2908 5103 αὑτό.
2942 5048 3169 5116 Ἀγαθοῦ
3195 5047 3291 5117 μὲν
3322 5047 3425 5115 γάρ
3462 5045 3577 5095 ἐστι
3604 5041 3762 5104 τάξις
3792 5039 4011 5108 ἀρίστη,

2452 5149 2668 5213 ἑκάστῳ
2702 5144 2760 5195 τὸ
2801 5142 2939 5194 κατὰ
2965 5140 3123 5208 φύσιν
3152 5140 3348 5190 οἰκεῖον
3397 5134 3735 5196 διασώζουσα
3759 5147 3771 5159 ·
3820 5128 4015 5182 nam

2455 5238 2509 5289 δέ
2549 5237 2663 5287 ἐστι
2717 5234 2807 5285 καὶ
2842 5232 3030 5303 ἀρετή.
3063 5230 3245 5283 Κακία
3275 5229 3348 5291 δὲ,
3386 5230 3417 5296 ἠ
3458 5227 3550 5295 τῆς
3597 5222 3810 5287 τάξεως
3840 5220 4012 5281 7331:”:

2077 5515 2309 5571 ικιιιιῶ
2352 5506 2751 5566 LECTIONES.

856 5704 869 5745 ε
908 5704 1129 5757 [ιινιιιιιι.
1173 5692 1425 5749 cii-undat
1461 5687 1740 5757 γεύεεθενι,
1764 5692 1991 5752 gustare.
2068 5685 2102 5711 η’
2138 5672 2301 5728 Busil.
2334 5680 2385 5724 ct
2444 5667 2575 5735 Reg.
2609 5664 2833 5715 Iteastov
2868 5664 3026 5713 κατὰ.

3131 5666 3154 5693 ιι
3184 5655 3333 5710 Basil.
3382 5657 3699 5720 συγκρῑτης,
