4156 6436
293 409 426 474 1549

1241 403 1620 466 DIALOGUS
1653 401 1938 462 CONTRA
1989 402 2086 459 MA
2099 399 2140 456 Ν
2152 398 2448 457 [CH/EOS.

3308 397 3434 460 1350

287 527 460 576 εἴτουν
489 521 698 583 ἀταξία.
729 521 805 572 Τὰ
831 521 955 573 ὂντα
981 519 1172 583 πάντα,
1207 516 1432 568 καθόσον
1465 515 1596 575 ἔστι,
1635 513 1725 564 καὶ
1751 515 1811 563 ἐκ
1840 515 1882 570 Α
1921 510 1928 560 i

1794 528 1811 562 ι
1840 515 1882 570 Α
1921 510 2087 578 ipsius
2129 508 2250 571 fert,
2279 520 2605 561 conservans
2633 523 2643 556 :
2674 513 2832 574 atque
2864 508 3000 561 idem
3025 521 3239 576 quoque
3266 507 3435 558 virtus

287 613 380 664 τοῦ
412 613 611 680 ἀγαθοῦ
636 627 648 640 ⁸
677 611 904 662 καθόσον
937 609 994 661 δὲ
1023 607 1301 676 ἐστέρηται
1320 605 1410 656 τοῦ
1447 603 1667 670 ἀγαθοῦ,
1691 600 1811 653 οῦτε

268 702 486 768 ἀγαθὰ,
517 700 638 752 οὔτε
676 701 802 751 ὅντα
847 698 969 750 είσί.
995 697 1076 748 Τά
1120 697 1225 765 γὰρ
1265 694 1432 757 ἀζωα,
1460 691 1684 744 καθόσον
1716 689 1812 740 οὐκ

282 786 442 853 ἔσχεν
474 787 538 836 ὲκ
567 787 657 837 τοῦ
686 783 885 850 ἀγαθοῦ
921 784 1084 852 ζωὴν,
1111 783 1260 843 ἄζωά
1289 784 1450 839 ἐστιν,
1490 778 1563 839 ὡς
1592 779 1811 844 ἑστερη-

286 875 424 941 μένα
453 875 614 943 ζωῆς,
637 874 832 942 ὁμοίως
858 873 950 924 καὶ
967 871 1035 923 τὰ
1065 869 1377 936 ἀναίσθητα,
1412 867 1504 919 κει)⁵
1535 865 1600 918 τὸ.
1624 865 1807 931 ἄλογα,

283 960 512 1013 καθόσον
537 963 710 1031 ἔσχεν,
741 960 916 1027 ἀγαθά
940 963 1104 1020 ἐστιν.

1917 607 2020 650 est.
2054 595 2247 648 Malum
2280 604 2466 649 contra
2494 605 2574 648 cst
2600 594 2806 648 ordinis
2841 596 3147 664 dissipatio,
3181 596 3291 649 sive
3317 613 3423 661 per-

1919 685 2179 737 turhatio.
2212 682 2400 737 Omnia
2427 698 2545 751 qua:
2574 692 2722 746 sunt,
2747 699 2848 752 qua
2892 687 3093 738 ratione
3122 695 3270 745 sunt,
3299 687 3435 736 bona

1918 788 2128 842 quoque
2151 782 2298 835 sunt,
2331 783 2486 840 atque
2515 789 2578 826 ex
2607 775 2743 826 houo
2769 793 2780 827 :
2804 785 3064 842 quatenus
3091 785 3264 827 autem
3300 776 3435 826 houo

1918 873 2122 927 carent,
2153 877 2251 916 nec
2275 863 2434 925 bona,
2464 877 2564 915 nec
2595 862 2736 914 entia
2769 870 2909 914 sunt.
2941 861 3148 914 Etenim
3185 877 3303 928 qua:
3330 878 3347 910 \
3367 863 3433 910 ita

1917 959 2124 1013 carent,
2155 960 2419 1018 quatenus
2446 950 2604 1001 vitam
2631 963 2657 1000 a
2682 949 2819 1002 hono
2841 963 2943 1000 non
2973 957 3312 1016 acceperunt,
3333 964 3434 998 non

281 1052 518 1104 viventia
561 1061 720 1114 sunt,
761 1053 883 1119 quia
933 1051 1056 1105 vita:
1101 1052 1356 1119 expertia.
1405 1049 1664 1103 Similiter
1705 1060 1824 1115 qua:
1871 1058 2033 1098 sensu
2074 1051 2128 1098 et
2164 1043 2373 1097 ratione
2413 1049 2635 1106 carent,
2685 1049 2952 1110 quatenus
2989 1041 3188 1107 aliquid
3222 1054 3436 1107 aCCcpc-

277 1153 433 1208 runt,
461 1145 720 1198 hactenus
754 1145 891 1198 bona
919 1153 1066 1199 sunt.

356 1237 464 1298 μη’.
497 1227 645 1281 Οἶδεν
675 1233 701 1282 6
728 1231 855 1292 Θεὸς
895 1231 956 1282 τὸ
1010 1231 1196 1296 κακὸν,
1229 1231 1300 1293 ὡς
1355 1230 1584 1298 ἀγαθόν·
1628 1229 1810 1297 ὥσπερ

276 1318 380 1388 τὴν
401 1319 649 1388 πορνείαν
677 1314 829 1382 οἶδεν,
858 1319 930 1381 ὡς
952 1320 1131 1385 ἔφεσιν
1153 1321 1244 1373 καὶ
1270 1321 1446 1389 φιλίαν
1475 1323 1567 1373 καὶ
1599 1320 1807 1372 ἕνωσιν.

280 1409 395 1460 Καὶ
431 1408 556 1475 παρ’
582 1408 832 1476 αὐτῷκαὶ
862 1412 915 1461 αἱ
967 1410 1136 1463 αἰτίαι
1190 1411 1294 1462 τῶν
1323 1409 1524 1473 κακῶν,
1555 1410 1812 1478 δυνάμεις

276 1497 594 1566 ἀγαθοποιοί
612 1513 626 1528 ο
665 1499 914 1562 πολλάκις
954 1501 1014 1552 ἐκ
1035 1500 1282 1571 πορνείας
1307 1502 1621 1571 γεγένηνται
1649 1500 1814 1569 σκεύη

277 1586 477 1656 ὲκλογῆ
491 1605 528 1648 ς.

355 1760 460 1829 μθ⁹.
521 1761 580 1812 El
630 1760 850 1830 κακδνή
913 1763 1095 1826 κακία,
1116 1762 1273 1815 καλὸν
1310 1766 1342 1832 ἠ
1380 1764 1613 1828 κόλασις,
1659 1765 1819 1830 τοῦτο,

274 1849 612 1918 ὲξορίζουσα.
650 1851 826 1902 Κακδν
868 1851 974 1920 γὰρ
1015 1853 1046 1920 ἡ
1101 1853 1339 1922 πορνεία,
1376 1854 1471 1922 οὺχ
1527 1855 1554 1904 6
1599 1871 1807 1924 σωφρο-

274 1940 466 2008 νισμός
494 1955 506 1969 °
537 1940 595 1992 οὐ
625 1939 784 2010 γάρή
819 1941 1033 2003 κόλασις
1058 1943 1216 2013 κακὴ,
1245 1943 1376 1997 ἀλλά
1419 1945 1479 1996 τὸ
1511 1943 1655 2007 ἀξιον
1692 1947 1810 1996 sau-

274 2029 373 2081 τὸν
403 2029 623 2098 ποιῆσαι
660 2030 946 2094 κολάσεως.

351 2126 415 2172 ν’.
451 2121 513 2171 Ei
528 2120 586 2171 τὸ
611 2120 774 2172 κακὸν
794 2122 977 2187 ἀΐδιον,
997 2123 1086 2173 καὶ
1106 2122 1434 2193 δημιουργεῖ,
1462 2126 1550 2176 κατ.
1567 2125 1804 2188 δύναται,

274 2208 373 2261 καὶ
397 2209 508 2260 ἔστι
536 2211 625 2261 καὶ
648 2209 766 2279 δρᾷ,
793 2210 952 2285 Ιιτόθεν
979 2210 1124 2278 αὺτῷ
1175 2210 1374 2274 ταῦτα;
1407 2213 1439 2281 ἢ
1475 2214 1534 2264 ὲκ
1563 2213 1652 2265 τοῦ
1675 2215 1807 2278 ἁγα-

276 2294 396 2359 θοῦ,
433 2295 466 2364 ἢ
491 2295 568 2364 τῷ
597 2295 780 2364 ἀγαθῷ
810 2299 872 2348 ὲκ
895 2296 986 2348 τοῦ
1031 2297 1220 2359 κακοῦ,
1264 2297 1295 2367 ἢ
1339 2300 1537 2368 ἀμφοῖν
1562 2299 1620 2362 ἐξ
1646 2299 1808 2368 ἄλλης

275 2385 478 2447 αἰτίας,
509 2385 588 2437 ὅτι
606 2386 695 2437 καὶ
728 2389 787 2438 τὸ
816 2386 979 2438 κακὸν
1006 2388 1062 2438 ὲν
1082 2386 1158 2454 τῷ
1178 2387 1360 2457 ἀγαθῷ
1388 2387 1806 2458 παρυφίσταται,

274 2473 375 2527 καὶ
431 2475 511 2542 ὃῖι
562 2473 815 2541 ἀγαθύνει
854 2477 948 2528 καὶ
1002 2476 1070 2528 τά
1099 2476 1262 2539 κακὰ,
1311 2477 1402 2529 καὶ
1435 2476 1530 2547 τὴν
1559 2479 1746 2532 ἑαυτοῦ
1780 2487 1806 2514 ο

280 2564 570 2631 στέρησιν;
604 2564 665 2615 Ἦ
700 2563 804 2632 γὰρ
838 2564 984 2632 φιλία
1027 2564 1200 2634 ἀγαθὴ
1236 2561 1384 2626 οὖσα,
1432 2567 1630 2633 ἀγαθὸν
1671 2571 1809 2620 ποιεῖ

279 2656 513 2724 φανῆναι
561 2654 656 2724 τὴν
693 2654 964 2724 πορνείαν,
996 2657 1076 2707 ὅτι
1102 2659 1156 2707 ἐν
1191 2655 1262 2724 τῷ
1295 2655 1477 2725 ἀγαθῷ
1501 2657 1804 2726 φιλονεικεῖ,

277 2742 398 2804 πῶς
429 2743 520 2794 καὶ
552 2745 624 2812 μὴ
657 2743 715 2794 ὃν
761 2744 904 2806 ἔστι;
959 2744 1030 2813 μὴ
1060 2739 1193 2796 εἶναι
1235 2745 1338 2815 γὰρ
1363 2745 1569 2812 λέγεται
1601 2750 1626 2801 6
1657 2749 1802 2811 Θεὸς.

279 2833 422 2886 κατά
445 2835 538 2903 τὴν
568 2837 777 2886 πάντων
807 2823 1130 2903 ὑπεροχὶκὴν
1153 2835 1434 2904 ἀφαίρεσιν
1451 2836 1543 2905 (1).

1979 1223 2069 1276 48.
2113 1222 2250 1277 Deus
2287 1223 2483 1277 malum
2524 1223 2694 1274 noscit
2728 1230 2782 1273 ut
2815 1222 3050 1284 bonum;
3086 1235 3135 1272 v.
3175 1236 3252 1286 gr.
3287 1234 3435 1272 sem--

1915 1313 2167 1367 tationem
2186 1351 2199 1375 ,
2227 1322 2282 1366 ut
2302 1313 2702 1381 appetitionem,
2725 1320 2775 1365 et
2797 1313 3105 1372 amicitiam,
3132 1325 3190 1362 ac
3214 1309 3436 1375 conjun-

1913 1404 2163 1457 ctionem.
2195 1403 2332 1466 Quin
2365 1403 2504 1470 apud
2539 1403 2710 1469 ipsum
2747 1400 3024 1454 facultates
3056 1415 3265 1466 quoque
3297 1401 3434 1457 illze,

1909 1507 2025 1559 quae
2054 1492 2312 1545 maiorum
2345 1506 2522 1546 causa:
2553 1500 2709 1552 sunt,
2759 1491 2882 1545 boni
2929 1491 3230 1544 effectrices
3281 1491 3432 1543 ﬁunt.

1911 1582 2062 1651 Saepe
2085 1583 2228 1635 enim
2257 1583 2436 1635 evenit
2477 1589 2533 1634 ut
2592 1597 2656 1635 ex
2688 1581 3038 1636 fornicatione
3065 1597 3190 1635 vasa
3218 1583 3434 1634 electin-

1911 1673 1996 1726 uis
2030 1682 2155 1724 nata
2189 1671 2321 1726 sint.

1977 1760 2062 1814 49.
2109 1760 2164 1814 Si
2201 1760 2399 1813 malum
2450 1768 2532 1814 est
2583 1759 2807 1822 vitium,
2856 1761 2994 1812 bona
3046 1763 3227 1828 utique
3279 1776 3435 1830 poma

1914 1855 1995 1902 est
2017 1887 2029 1910 ,
2061 1863 2178 1915 quae
2199 1848 2373 1914 ipsum
2404 1848 2657 1916 propellit
2683 1855 2734 1900 et
2765 1848 2932 1916 fugat.
2966 1847 3080 1902 Non
3109 1851 3250 1902 enim
3282 1865 3435 1916 pmizi

1913 1937 2111 1989 malum
2150 1945 2251 2001 est,
2282 1938 2374 1990 sed
2417 1936 2556 2003 quod
2593 1938 2716 2006 quis
2758 1939 2992 2006 seipsum
3035 1953 3188 2006 poena
3219 1939 3434 1992 diL'tmm

1913 2025 2222 2079 reddiderit.

1981 2113 2064 2166 50.
2109 2115 2164 2167 Si
2194 2115 2388 2167 malum
2417 2122 2676 2168 aternum
2707 2124 2790 2168 est
2813 2155 2825 2178 ,
2853 2129 2914 2168 ac
2945 2125 3120 2179 creat,
3145 2125 3196 2170 et
3226 2125 3398 2183 potest
3421 2157 3434 2176 ,

1911 2210 1957 2256 et
1992 2210 2109 2268 est,
2138 2211 2191 2256 et
2222 2205 2367 2272 agit,
2399 2218 2427 2256 α
2453 2219 2684 2272 quonam
2715 2206 2826 2258 haec
2856 2205 3055 2258 habet?
3083 2208 3161 2258 An
3194 2221 3219 2258 a
3255 2207 3436 2273 bono?

1910 2293 1992 2346 An
2020 2300 2207 2346 contra
2239 2294 2436 2347 bonum
2467 2309 2495 2346 a
2528 2296 2708 2348 malo?
2743 2311 2810 2349 an
2845 2298 3024 2365 petius
3055 2306 3340 2368 utrumque
3371 2302 3437 2353 ah

1912 2380 2014 2433 alia
2040 2395 2200 2436 causa
2226 2382 2248 2435 ?
2270 2383 2705 2462 quandoquidem
2739 2385 2935 2438 malum
2966 2385 3178 2454 quidem
3213 2389 3264 2442 in
3299 2390 3436 2442 bona

1911 2471 2062 2538 quasi
2089 2473 2372 2536 consistit,
2404 2480 2454 2527 et
2483 2472 2608 2542 quia
2640 2477 2835 2527 bonum
2865 2477 3060 2529 malum
3095 2494 3307 2545 quoque
3328 2519 3340 2540 ,
3375 2495 3435 2532 ac

1912 2559 1992 2611 sui
2028 2560 2382 2628 privationem
2402 2597 2416 2622 ,
2448 2561 2687 2615 bonitate
2717 2563 2898 2618 allicit.
2929 2564 3136 2616 Etenim
3166 2567 3433 2623 amicitia.

1912 2656 1970 2701 ut
2003 2663 2122 2719 quae
2152 2649 2293 2704 bona
2328 2650 2432 2713 sit,
2465 2652 2564 2704 hoc
2597 2661 2850 2720 pra-stat,
2887 2662 2944 2705 ut
2983 2657 3243 2708 scortatio
3282 2656 3437 2708 honi-

1913 2738 2036 2794 tatis
2067 2739 2300 2808 speciem
2335 2739 2568 2803 habeat,
2605 2741 2859 2809 quoniam
2893 2757 3012 2795 cum
3051 2743 3188 2797 bono
3217 2757 3437 2799 conten-

1911 2826 2021 2891 dit;
2047 2841 2152 2896 quo
2179 2836 2336 2895 pacto
2363 2829 2431 2882 sit
2460 2828 2587 2880 illud
2617 2830 2759 2897 quod
2786 2845 2890 2884 non
2916 2840 2995 2886 est
3021 2834 3156 2886 ens?
3184 2845 3434 2890 ceterum

1913 2929 2018 2968 non
2050 2929 2167 2970 esse
2193 2915 2390 2969 dicitur
2413 2916 2552 2971 Deus
2573 2957 2585 2980 ,
2619 2920 2741 2984 quia
2781 2927 2996 2986 propter
3033 2921 3281 2974 eximiam
3319 2923 3436 2990 ejus

1913 3004 2321 3073 prmeellentiam
2355 3015 2549 3057 cuncta
2582 3007 2646 3059 ab
2680 3007 2794 3073 ipso
2832 3018 3193 3061 removentur.

354 3107 451 3154 va'.
485 3101 604 3152 ’Ὁτι
641 3101 694 3153 δὲ
726 3101 756 3170 ἡ
798 3101 954 3168 φύσις
1009 3104 1145 3172 αὑτὴ
1180 3105 1275 3172 τὴν
1303 3106 1472 3174 ἀρχὴν
1507 3106 1807 3178 μίανπρο-
1836 3111 1880 3171 C
1980 3093 1995 3146 ε

1797 3111 1880 3171 .C
1980 3093 2065 3147 51.
2111 3092 2263 3157 Quod
2313 3095 2424 3159 ipsa
2469 3109 2682 3163 quoque
2727 3104 2918 3148 natura
2971 3112 3132 3150 unum
3181 3100 3438 3152 duntaxat

285 3190 554 3261 βάλλεται,
593 3191 738 3259 δηλοῖ
766 3192 922 3253 αὐτὸς
953 3193 980 3243 6
1005 3193 1250 3263 ἀριθμὸς,
1277 3194 1372 3246 οὐκ
1400 3195 1504 3247 ἀπὸ
1532 3195 1620 3248 δύο
1644 3197 1805 3266 ἀρχό·
1901 3198 1926 3252 1³

1796 3227 1805 3238 .
1901 3181 2225 3252 principium
2263 3190 2505 3248 astruat,
2541 3198 2603 3237 ex
2639 3185 2755 3253 ipso
2796 3201 3018 3239 numero
3054 3186 3287 3243 censtat.
3337 3190 3437 3243 Nc-

284 3297 463 3350 μενος,
497 3280 609 3332 ἀλλ’
639 3281 744 3332 ἀπὸ
776 3281 936 3349 μιᾶς.
978 3281 1037 3332 Ei
1080 3277 1170 3333 οῦν
1192 3282 1330 3352 ἀρχὴ
1369 3278 1595 3351 ἀριθμοῦ
1621 3285 1802 3352 μονὰς,

282 3373 378 3428 καὶ
408 3373 546 3444 ἀρχὴ
571 3373 679 3424 τῶν
711 3373 874 3424 ὄντων
893 3372 1006 3442 μία.
1617 3386 1619 3389 ’

354 3543 448 3613 νβ’.
484 3544 543 3596 El
571 3544 744 3611 πάντη
779 3554 803 3591 P
830 3545 1183 3616 ἀκοινώνητον
1218 3546 1278 3598 τὸ
1306 3547 1503 3613 ἀγαθὸν
1533 3549 1604 3616 τῷ
1637 3551 1804 3618 κακῷ,

282 3636 344 3688 τὸ
371 3635 432 3704 δὴ
459 3634 654 3702 ἀγαθὸν
706 3633 785 3696 ὃν,
826 3635 885 3685 τὸ
931 3636 1095 3687 κακὸν
1143 3636 1238 3688 οὐκ
1287 3637 1363 3689 ὃν.
1406 3637 1507 3687 Δύο
1542 3637 1646 3704 γὰρ
1686 3637 1808 3689 ὄντα

283 3723 424 3776 κατά
442 3723 500 3773 τὸ
534 3717 669 3773 εἶναι
691 3721 1048 3776 κοινωνοῦσιν.
1071 3724 1128 3775 Εἰ
1159 3723 1307 3775 οὐσία
1324 3724 1384 3774 τὸ
1401 3725 1617 3789 ἀγαθὸν,
1661 3724 1810 3774 ἀνού-

283 3826 398 3862 σιον
428 3811 488 3862 τὸ
508 3809 671 3861 κακόν
693 3825 706 3837 ·
724 3809 814 3861 δύο
841 3811 944 3877 γὰρ
969 3811 1160 3873 οὐσίαι,
1203 3812 1340 3863 κατὰ
1369 3812 1427 3863 τὸ
1463 3807 1596 3864 εἶναι
1630 3812 1811 3874 οὐσίας

283 3896 648 3949 κοινωνοῦσιν.

355 4077 452 4139 νγ⁹.
485 4072 546 4122 Ei
567 4071 816 4138 ἀκίνητον
843 4068 900 4132 ἐξ
927 4070 1097 4139 ἀρχῆς
1121 4070 1180 4122 τὸ
1201 4071 1384 4142 κακὸν,
1414 4070 1571 4123 καλὸν
1598 4073 1629 4141 ἡ
1663 4072 1812 4140 κίνη-

288 4177 392 4224 σις,
425 4161 516 4212 καὶ
545 4161 577 4229 ή
610 4160 859 4227 ἀκινησία
901 4161 1085 4212 κακόν.
1133 4161 1299 4212 Πόθεν
1327 4157 1417 4214 οῦν
1439 4163 1560 4230 ἔσχε
1581 4163 1813 4215 τδκακδν

285 4251 384 4318 τὴν
411 4249 651 4318 κίνησιν;
680 4250 712 4318 ἡ
746 4249 876 4316 ζωὴ,
901 4249 1120 4316 ἀγαθὸν,
1141 4250 1234 4301 καὶ
1251 4251 1476 4320 κίνησις,
1494 4253 1584 4303 καί⁵
1615 4249 1680 4321 ἦν
1707 4253 1813 4319 ἀεὶ,

287 4341 380 4390 καὶ
409 4338 551 4390 ἔστιν
580 4339 636 4389 ὲν
665 4324 740 4405 τῷ
763 4338 966 4407 ἀγαθῷ
996 4339 1084 4390 καὶ
1104 4339 1208 4401 ζῶν
1233 4343 1364 4403 ἐστι,
1384 4342 1476 4393 καὶ
1507 4338 1572 4410 ἦν
1597 4343 1811 4408 ἀγαθός.

1904 3287 2006 3342 que
2039 3271 2179 3326 enim
2213 3287 2240 3324 a
2271 3272 2520 3338 duobus,
2552 3274 2641 3327 scd
2675 3274 2741 3328 ab
2770 3289 2878 3328 uno
2906 3277 3266 3344 auspicantur.
3303 3282 3434 3332 Cum

1905 3364 2069 3432 igitur
2104 3362 2285 3417 unitas
2321 3364 2389 3417 sit
2424 3365 2628 3418 numeri
2665 3366 2986 3434 principium
3016 3406 3028 3429 ,
3077 3382 3256 3422 rerum
3303 3386 3436 3438 quo-

1905 3460 2008 3521 qt‘te
2043 3467 2205 3505 unum
2238 3460 2443 3505 tantum
2478 3456 2580 3506 erit
2615 3454 2956 3522 principium.

1976 3541 2061 3594 59..
2109 3540 2162 3594 Si
2200 3541 2338 3595 bono
2373 3541 2505 3594 nihil
2542 3558 2766 3610 prorsus
2812 3561 2933 3598 cum
2981 3546 3118 3597 maio
3159 3561 3437 3600 commune

1906 3637 2012 3693 est,
2041 3645 2164 3683 cum
2190 3631 2388 3684 bonum
2418 3633 2487 3685 sit
2515 3648 2610 3686 ens
2630 3672 2641 3694 ,
2674 3634 2867 3684 malum
2898 3634 3124 3701 proinde
3152 3637 3281 3686 nihil
3311 3637 3431 3689 erit.

1908 3716 2021 3772 Duo
2045 3719 2186 3772 enim
2237 3735 2354 3788 quae
2403 3728 2562 3782 sunt,
2601 3735 2664 3774 co
2716 3723 2852 3775 inter
2898 3736 2954 3775 se
2999 3724 3433 3784 communicant,

1908 3807 2048 3875 quod
2080 3817 2223 3861 sunt.
2273 3808 2325 3860 Si
2360 3808 2656 3863 substantia
2693 3809 2890 3864 bonum
2922 3820 3034 3875 est,
3068 3813 3260 3864 malum
3313 3816 3435 3866 sub-

1909 3898 2117 3950 stantiae
2145 3905 2226 3951 est
2261 3912 2473 3964 expers.
2511 3897 2634 3950 Dum
2662 3900 2803 3952 enim
2851 3901 3195 3964 substantiae,
3249 3911 3436 3968 quate-

1911 4001 2014 4039 nus
2050 3985 2362 4039 substantia:
2393 3993 2518 4039 suul
2543 4025 2558 4050 ,
2597 3987 2734 4039 inter
2763 4003 2820 4041 se
2848 3991 3188 4042 conveniunt.

1979 4076 2062 4128 33.
2107 4074 2161 4128 Si
2211 4076 2485 4129 immobile
2540 4077 2604 4129 ab
2653 4078 2807 4130 initio
2850 4081 3045 4130 malum
3078 4090 3225 4144 erat,
3264 4095 3437 4138 motus

1912 4177 2036 4229 ergo
2086 4163 2283 4216 bonum
2331 4173 2446 4227 est,
2503 4163 2728 4232 ejusque
2779 4167 3007 4233 privatio
3059 4170 3273 4222 malum.
3309 4170 3438 4236 Quis

1913 4260 2039 4314 ergo
2071 4248 2210 4301 malo
2243 4259 2418 4302 motus
2452 4259 2639 4302 auctor
2673 4249 2879 4305 fuerit?
2913 4255 3015 4304 vita
3047 4269 3105 4306 ac
3141 4267 3317 4310 motus
3351 4260 3440 4311 bo-

1914 4350 2040 4388 num
2077 4344 2190 4401 est,
2228 4345 2387 4406 atque
2420 4338 2471 4391 in
2507 4341 2673 4400 hono,
2721 4349 2772 4392 et
2811 4351 2925 4393 erat
2959 4359 3188 4411 semper,
3232 4356 3280 4398 et
3315 4357 3393 4400 est
3424 4364 3435 4400 :

297 4425 356 4477 Ὀ
390 4426 627 4488 θάνατος,
671 4427 742 4485 ὣς
801 4442 962 4492 φατε,
1015 4427 1198 4488 κακὸν,
1259 4427 1353 4480 καὶ
1409 4429 1678 4497 ἀκινησία,
1721 4433 1813 4482 καὶ
1845 4422 1938 4496 [)lJ

1845 4439 1888 4496 υ
1913 4422 2114 4489 bonus,
2147 4435 2198 4478 et
2227 4435 2337 4487 est,
2371 4436 2421 4480 et
2451 4437 2566 4480 erat
2597 4429 2775 4482 rivus.
2811 4429 2953 4483 Mors
2988 4440 3172 4486 contra
3196 4476 3207 4495 ,
3246 4447 3299 4488 ut
3337 4438 3459 4503 ἱιιδξ.

287 4512 476 4582 φθορὰ,
508 4517 598 4564 καὶ
658 4514 933 4583 νέκρωσις,
984 4516 1076 4568 καὶ
1112 4516 1259 4568 οὐδὲν
1286 4512 1444 4586 ἦττον
1482 4518 1801 4586 ἀνυπαρξία.

287 4601 517 4662 Θάνατος
543 4602 595 4653 δὲ
619 4597 686 4671 ἦν
708 4605 739 4671 ἡ
784 4604 966 4666 κακία,
998 4603 1072 4667 ὡς
1103 4606 1255 4672 ὑμεῖς
1274 4604 1456 4672 λέγετε
1480 4625 1493 4638 ·
1517 4605 1700 4676 ὥσπερ
1717 4606 1806 4660 οὖν

288 4692 321 4760 ἠ
353 4691 484 4760 ζωὴ,
511 4693 603 4744 καὶ
632 4692 736 4756 ζῶν
796 4695 824 4745 6
881 4693 1098 4760 ἀγαθὸς,
1125 4694 1363 4757 θάνατος,
1403 4696 1493 4747 καὶ
1527 4696 1805 4765 νέκρωσις,

286 4779 382 4834 καὶ
425 4781 837 4850 νενεκρωμένον,
873 4781 933 4833 τὸ
983 4782 1146 4834 κακόν
1171 4799 1183 4812 ·
1221 4778 1384 4834 ῖπόθεν
1427 4781 1516 4835 οὖν
1560 4785 1807 4852 ἀνέζησε,

291 4871 384 4923 καὶ
406 4871 658 4938 ἐκινήθης
699 4873 756 4925 El
784 4873 878 4940 μὲν
915 4873 972 4935 ἐξ
1007 4872 1214 4935 ἑαυτοῦ,
1257 4877 1318 4926 ὲκ
1354 4873 1443 4925 τοῦ
1480 4874 1645 4927 κακοῦ
1676 4874 1805 4943 ζωὴ,

289 4962 422 5028 ὅπερ
445 4961 736 5029 ἀμήχανον.
780 4963 842 5014 'H
872 4963 1042 5031 φθορά
1061 4963 1165 5032 γὰρ
1193 4964 1252 5016 οὐ
1284 4965 1547 5026 ζωοποιεῖ.
1579 4964 1638 5016 Εἰ
1666 4966 1718 5016 δὲ
1749 4968 1808 5015 ἐκ

287 5049 380 5102 τοῦ
407 5049 627 5116 ἀγαθοῦ,
654 5052 751 5103 οὐκ
800 5051 1001 5118 ἀγαθὸν
1037 5052 1097 5103 τὸ
1139 5051 1356 5118 ἀγαθὸν,
1388 5052 1461 5120 τῷ
1492 5053 1642 5119 κακῷ
1669 5051 1809 5118 ζωῆς

1912 4510 2092 4566 dicitis
2116 4551 2129 4574 ,
2159 4516 2354 4567 malum
2386 4523 2464 4568 est
2487 4557 2499 4578 ,
2535 4527 2586 4569 et
2620 4517 2967 4572 immohilitas
2999 4561 3009 4582 ,
3038 4528 3089 4572 ct
3119 4524 3394 4590 corruptio

1912 4602 2336 4671 etintercmptio,
2360 4605 2465 4656 into
2482 4614 2533 4658 et
2560 4606 2672 4674 ipsa
2697 4608 2748 4659 in
2774 4609 2994 4659 nihilum
3021 4611 3274 4663 redamio.
3300 4611 3436 4667 Mors

1914 4699 2086 4744 autem
2109 4732 2122 4754 ,
2157 4700 2216 4744 ιιι
2248 4695 2506 4756 asseritis,
2542 4696 2740 4748 malum
2771 4707 2905 4750 erat.
2942 4697 3025 4751 Uti
3063 4700 3225 4766 igitur
3254 4701 3354 4751 vita
3385 4710 3437 4752 et

1910 4783 2113 4845 vivens,
2151 4783 2321 4838 bonus
2354 4794 2467 4837 erat
2495 4805 2505 4837 :
2546 4787 2622 4840 sie
2656 4802 2820 4850 mors,
2857 4787 3160 4850 exstinctio,
3194 4799 3243 4841 et
3271 4791 3436 4843 inter-

1913 4877 2180 4938 emptum,
2217 4873 2413 4925 malum
2450 4885 2580 4928 erat.
2637 4874 2786 4929 llnde
2832 4892 2958 4946 ergo
3000 4877 3191 4932 revixit
3225 4894 3285 4932 ac
3320 4895 3436 4931 mo-

1914 4968 2024 5010 tum
2065 4961 2316 5028 accepit?
2359 4964 2400 5016 si
2434 4979 2459 5014 ιι
2493 4965 2700 5031 seipse,
2742 4967 2846 5018 vita
2885 4982 3010 5035 ergo
3051 4982 3110 5020 ex
3149 4968 3284 5020 malo
3321 4978 3436 5020 orta

1912 5059 2027 5113 est,
2061 5051 2205 5118 quod
2241 5051 2352 5107 fieri
2408 5055 2625 5110 minime
2675 5055 2831 5125 450
2885 5066 3079 5129 potest,
3133 5056 3246 5112 Non
3295 5057 3434 5111 enim

1559 5244 1785 5297 VARIAE
1830 5244 2221 5300 LECTIONES.

362 5365 386 5395 ⁰
409 5355 573 5411 Basil.
599 5355 816 5424 ἑαυτῆς.

920 5367 946 5405 p
984 5355 1145 5412 Basil.
1175 5356 1220 5408 εἰ
1247 5356 1348 5426 μὴὴ
1380 5365 1432 5408 et
1461 5354 1615 5424 paulo
1649 5363 1786 5423 post,
1817 5354 1874 5406 τὸ
1895 5355 1945 5407 δὲ
1974 5354 2168 5421 ἀγαθὸν
2193 5355 2266 5421 ὃν,
2304 5369 2404 5411 etc.

1745 5525 1971 5591 NOTA".

360 5653 437 5720 (ἓ)
473 5655 671 5711 Textus
697 5653 780 5708 hic
804 5652 1168 5708 subobscurus
1190 5662 1242 5708 ct
1268 5655 1479 5709 luxatus
1511 5652 1739 5707 videtur.
