  <div class='ocr_page' id='page_1' title='image "/cluster/home/n/w/nwhite01/storage/ocr_20150623/94/nnc1.0046979999/783.png"; bbox 0 0 4156 6436; ppageno 0'>
   <div class='ocr_carea' id='block_1_1' title="bbox 736 322 858 387">
    <p class='ocr_par' dir='ltr' id='par_1_1' title="bbox 736 322 858 387">
     <span class='ocr_line' id='line_1_1' title="bbox 736 322 858 387; baseline 0 -5"><span class='ocrx_word' id='word_1_1' title='bbox 736 322 858 387; x_wconf 67' lang='grc'><strong>1551</strong></span> 
     </span>
    </p>
   </div>
   <div class='ocr_carea' id='block_1_2' title="bbox 717 724 2119 807">
    <p class='ocr_par' dir='ltr' id='par_1_2' title="bbox 717 724 2119 807">
     <span class='ocr_line' id='line_1_2' title="bbox 717 724 2119 807; baseline 0.023 -41"><span class='ocrx_word' id='word_1_2' title='bbox 717 726 1016 779; x_wconf 69' lang='lat' dir='ltr'><strong>praenosset</strong></span> <span class='ocrx_word' id='word_1_3' title='bbox 1045 736 1109 773; x_wconf 85' lang='lat' dir='ltr'><strong>ex</strong></span> <span class='ocrx_word' id='word_1_4' title='bbox 1140 736 1206 777; x_wconf 90' lang='lat' dir='ltr'><strong>eo</strong></span> <span class='ocrx_word' id='word_1_5' title='bbox 1234 724 1441 779; x_wconf 77' lang='lat' dir='ltr'><strong>oritura</strong></span> <span class='ocrx_word' id='word_1_6' title='bbox 1462 768 1477 792; x_wconf 94' lang='lat'><strong>,</strong></span> <span class='ocrx_word' id='word_1_7' title='bbox 1510 730 1674 786; x_wconf 82' lang='lat' dir='ltr'><strong>vitam</strong></span> <span class='ocrx_word' id='word_1_8' title='bbox 1709 734 1811 804; x_wconf 89' lang='lat' dir='ltr'><strong>ipsi</strong></span> <span class='ocrx_word' id='word_1_9' title='bbox 1843 741 2119 807; x_wconf 60' lang='lat' dir='ltr'><strong>prebuit?</strong></span> 
     </span>
    </p>
   </div>
   <div class='ocr_carea' id='block_1_3' title="bbox 783 805 2291 895">
    <p class='ocr_par' dir='ltr' id='par_1_3' title="bbox 783 805 2291 895">
     <span class='ocr_line' id='line_1_3' title="bbox 783 805 2291 895; baseline 0.023 -38"><span class='ocrx_word' id='word_1_10' title='bbox 783 805 874 861; x_wconf 75' lang='grc'><strong>54.</strong></span> <span class='ocrx_word' id='word_1_11' title='bbox 913 807 1434 886; x_wconf 58' lang='grc' dir='ltr'>Μοιυιῐιουοιοηιιε</span> <span class='ocrx_word' id='word_1_12' title='bbox 1484 834 1568 876; x_wconf 79' lang='lat' dir='ltr'><strong>eSt</strong></span> <span class='ocrx_word' id='word_1_13' title='bbox 1621 805 1868 895; x_wconf 61' lang='lat' dir='ltr'><strong>malum,</strong></span> <span class='ocrx_word' id='word_1_14' title='bbox 1924 832 2063 887; x_wconf 87' lang='lat' dir='ltr'><strong>nihil</strong></span> <span class='ocrx_word' id='word_1_15' title='bbox 2128 836 2291 893; x_wconf 90' lang='lat' dir='ltr'><strong>habet</strong></span> 
     </span>
    </p>
   </div>
   <div class='ocr_carea' id='block_1_4' title="bbox 710 898 2287 983">
    <p class='ocr_par' dir='ltr' id='par_1_4' title="bbox 710 898 2287 983">
     <span class='ocr_line' id='line_1_4' title="bbox 710 898 2287 983; baseline 0.024 -37"><span class='ocrx_word' id='word_1_16' title='bbox 710 910 834 951; x_wconf 84' lang='lat' dir='ltr'><strong>cum</strong></span> <span class='ocrx_word' id='word_1_17' title='bbox 874 898 1017 954; x_wconf 91' lang='lat' dir='ltr'><strong>hono</strong></span> <span class='ocrx_word' id='word_1_18' title='bbox 1048 916 1373 971; x_wconf 94' lang='lat' dir='ltr'><strong>commune,</strong></span> <span class='ocrx_word' id='word_1_19' title='bbox 1406 911 1567 981; x_wconf 87' lang='lat' dir='ltr'><strong>eique</strong></span> <span class='ocrx_word' id='word_1_20' title='bbox 1599 922 1943 976; x_wconf 90' lang='lat' dir='ltr'><strong>contrarium</strong></span> <span class='ocrx_word' id='word_1_21' title='bbox 1976 934 2059 979; x_wconf 91' lang='lat' dir='ltr'><strong>est</strong></span> <span class='ocrx_word' id='word_1_22' title='bbox 2091 937 2144 981; x_wconf 87' lang='lat' dir='ltr'><strong>et</strong></span> <span class='ocrx_word' id='word_1_23' title='bbox 2183 931 2287 983; x_wconf 90' lang='lat' dir='ltr'><strong>ini-</strong></span> 
     </span>
    </p>
   </div>
   <div class='ocr_carea' id='block_1_5' title="bbox 710 987 2286 1083">
    <p class='ocr_par' dir='ltr' id='par_1_5' title="bbox 710 987 2286 1083">
     <span class='ocr_line' id='line_1_5' title="bbox 710 987 2286 1083; baseline 0.023 -45"><span class='ocrx_word' id='word_1_24' title='bbox 710 987 955 1046; x_wconf 86' lang='lat' dir='ltr'><strong>micum:</strong></span> <span class='ocrx_word' id='word_1_25' title='bbox 1009 993 1139 1047; x_wconf 91' lang='lat' dir='ltr'><strong>boni</strong></span> <span class='ocrx_word' id='word_1_26' title='bbox 1172 1005 1355 1053; x_wconf 90' lang='lat' dir='ltr'><strong>autem</strong></span> <span class='ocrx_word' id='word_1_27' title='bbox 1391 1006 1656 1073; x_wconf 74' lang='lat' dir='ltr'><strong>appetitio</strong></span> <span class='ocrx_word' id='word_1_28' title='bbox 1698 1010 1841 1065; x_wconf 88' lang='lat' dir='ltr'><strong>bona</strong></span> <span class='ocrx_word' id='word_1_29' title='bbox 1883 1022 1985 1068; x_wconf 89' lang='lat' dir='ltr'><strong>est.</strong></span> <span class='ocrx_word' id='word_1_30' title='bbox 2037 1020 2286 1083; x_wconf 78' lang='lat' dir='ltr'><strong>Quonam</strong></span> 
     </span>
    </p>
   </div>
   <div class='ocr_carea' id='block_1_6' title="bbox 706 1084 2285 1170">
    <p class='ocr_par' dir='ltr' id='par_1_6' title="bbox 706 1084 2285 1170">
     <span class='ocr_line' id='line_1_6' title="bbox 706 1084 2285 1170; baseline 0.025 -42"><span class='ocrx_word' id='word_1_31' title='bbox 706 1094 835 1148; x_wconf 66' lang='lat' dir='ltr'><strong>ergo</strong></span> <span class='ocrx_word' id='word_1_32' title='bbox 864 1084 1024 1137; x_wconf 88' lang='lat' dir='ltr'><strong>modo</strong></span> <span class='ocrx_word' id='word_1_33' title='bbox 1055 1086 1107 1139; x_wconf 91' lang='lat' dir='ltr'><strong>id</strong></span> <span class='ocrx_word' id='word_1_34' title='bbox 1137 1088 1281 1155; x_wconf 87' lang='lat' dir='ltr'><strong>quod</strong></span> <span class='ocrx_word' id='word_1_35' title='bbox 1318 1107 1532 1151; x_wconf 81' lang='lat' dir='ltr'><strong>suntme</strong></span> <span class='ocrx_word' id='word_1_36' title='bbox 1568 1100 1770 1154; x_wconf 88' lang='lat' dir='ltr'><strong>malum</strong></span> <span class='ocrx_word' id='word_1_37' title='bbox 1808 1111 1891 1159; x_wconf 88' lang='lat' dir='ltr'><strong>est</strong></span> <span class='ocrx_word' id='word_1_38' title='bbox 1915 1145 1929 1170; x_wconf 94' lang='lat'><strong>,</strong></span> <span class='ocrx_word' id='word_1_39' title='bbox 1966 1106 2095 1162; x_wconf 88' lang='lat' dir='ltr'><strong>boni</strong></span> <span class='ocrx_word' id='word_1_40' title='bbox 2138 1111 2285 1167; x_wconf 86' lang='lat' dir='ltr'><strong>desi-</strong></span> 
     </span>
    </p>
   </div>
   <div class='ocr_carea' id='block_1_7' title="bbox 708 1171 1184 1244">
    <p class='ocr_par' dir='ltr' id='par_1_7' title="bbox 708 1171 1184 1244">
     <span class='ocr_line' id='line_1_7' title="bbox 708 1171 1184 1244; baseline 0.025 -24"><span class='ocrx_word' id='word_1_41' title='bbox 708 1171 858 1226; x_wconf 83' lang='lat' dir='ltr'><strong>derio</strong></span> <span class='ocrx_word' id='word_1_42' title='bbox 894 1173 1141 1244; x_wconf 76' lang='lat' dir='ltr'><strong>ﬂagravit</strong></span> <span class='ocrx_word' id='word_1_43' title='bbox 1162 1179 1184 1232; x_wconf 89' lang='lat'><strong>?</strong></span> 
     </span>
    </p>
   </div>
   <div class='ocr_carea' id='block_1_8' title="bbox 773 1260 2282 1361">
    <p class='ocr_par' dir='ltr' id='par_1_8' title="bbox 773 1260 2282 1361">
     <span class='ocr_line' id='line_1_8' title="bbox 773 1260 2282 1361; baseline 0.024 -48"><span class='ocrx_word' id='word_1_44' title='bbox 773 1260 866 1315; x_wconf 77' lang='lat'><strong>55.</strong></span> <span class='ocrx_word' id='word_1_45' title='bbox 910 1264 1113 1321; x_wconf 81' lang='lat' dir='ltr'><strong>Malum</strong></span> <span class='ocrx_word' id='word_1_46' title='bbox 1140 1279 1291 1325; x_wconf 91' lang='lat' dir='ltr'><strong>motu</strong></span> <span class='ocrx_word' id='word_1_47' title='bbox 1318 1285 1501 1339; x_wconf 90' lang='lat' dir='ltr'><strong>caret,</strong></span> <span class='ocrx_word' id='word_1_48' title='bbox 1526 1284 1582 1332; x_wconf 90' lang='lat' dir='ltr'><strong>et</strong></span> <span class='ocrx_word' id='word_1_49' title='bbox 1605 1286 1888 1354; x_wconf 82' lang='lat' dir='ltr'><strong>corruptio</strong></span> <span class='ocrx_word' id='word_1_50' title='bbox 1912 1291 2094 1356; x_wconf 86' lang='lat' dir='ltr'><strong>potius</strong></span> <span class='ocrx_word' id='word_1_51' title='bbox 2116 1308 2282 1361; x_wconf 87' lang='lat' dir='ltr'><strong>quam</strong></span> 
     </span>
    </p>
   </div>
   <div class='ocr_carea' id='block_1_9' title="bbox 704 1356 2283 1439">
    <p class='ocr_par' dir='ltr' id='par_1_9' title="bbox 704 1356 2283 1439">
     <span class='ocr_line' id='line_1_9' title="bbox 704 1356 2283 1439; baseline 0.023 -36"><span class='ocrx_word' id='word_1_52' title='bbox 704 1356 984 1415; x_wconf 63' lang='lat' dir='ltr'><strong>generatio</strong></span> <span class='ocrx_word' id='word_1_53' title='bbox 1028 1366 1110 1412; x_wconf 89' lang='lat' dir='ltr'><strong>est</strong></span> <span class='ocrx_word' id='word_1_54' title='bbox 1137 1375 1151 1412; x_wconf 91' lang='lat'><strong><em>:</em></strong></span> <span class='ocrx_word' id='word_1_55' title='bbox 1188 1362 1283 1430; x_wconf 87' lang='lat' dir='ltr'><strong>qui</strong></span> <span class='ocrx_word' id='word_1_56' title='bbox 1314 1379 1448 1434; x_wconf 76' lang='lat' dir='ltr'><strong>ergo</strong></span> <span class='ocrx_word' id='word_1_57' title='bbox 1480 1370 1684 1425; x_wconf 89' lang='lat' dir='ltr'><strong>malum</strong></span> <span class='ocrx_word' id='word_1_58' title='bbox 1717 1374 1862 1431; x_wconf 81' lang='lat' dir='ltr'><strong>fetus</strong></span> <span class='ocrx_word' id='word_1_59' title='bbox 1897 1395 2027 1435; x_wconf 90' lang='lat' dir='ltr'><strong>suos</strong></span> <span class='ocrx_word' id='word_1_60' title='bbox 2059 1387 2283 1439; x_wconf 85' lang='lat' dir='ltr'><strong>emisit?</strong></span> 
     </span>
    </p>
   </div>
   <div class='ocr_carea' id='block_1_10' title="bbox 701 1440 2279 1539">
    <p class='ocr_par' dir='ltr' id='par_1_10' title="bbox 701 1440 2279 1539">
     <span class='ocr_line' id='line_1_10' title="bbox 701 1440 2279 1539; baseline 0.025 -49"><span class='ocrx_word' id='word_1_61' title='bbox 701 1440 823 1493; x_wconf 68' lang='lat' dir='ltr'><strong>vita:</strong></span> <span class='ocrx_word' id='word_1_62' title='bbox 853 1452 906 1496; x_wconf 92' lang='lat' dir='ltr'><strong>et</strong></span> <span class='ocrx_word' id='word_1_63' title='bbox 939 1460 1136 1504; x_wconf 89' lang='lat' dir='ltr'><strong>sensus</strong></span> <span class='ocrx_word' id='word_1_64' title='bbox 1170 1466 1369 1521; x_wconf 83' lang='lat' dir='ltr'><strong>expers</strong></span> <span class='ocrx_word' id='word_1_65' title='bbox 1395 1466 1478 1510; x_wconf 91' lang='lat' dir='ltr'><strong>est</strong></span> <span class='ocrx_word' id='word_1_66' title='bbox 1508 1471 1523 1510; x_wconf 90' lang='lat'><strong>:</strong></span> <span class='ocrx_word' id='word_1_67' title='bbox 1554 1465 1827 1527; x_wconf 89' lang='lat' dir='ltr'><strong>quomodo</strong></span> <span class='ocrx_word' id='word_1_68' title='bbox 1860 1465 1974 1523; x_wconf 77' lang='lat' dir='ltr'><strong>fieri</strong></span> <span class='ocrx_word' id='word_1_69' title='bbox 2010 1474 2187 1539; x_wconf 76' lang='lat' dir='ltr'><strong>putuit</strong></span> <span class='ocrx_word' id='word_1_70' title='bbox 2221 1485 2279 1528; x_wconf 91' lang='lat' dir='ltr'><strong>ut</strong></span> 
     </span>
    </p>
   </div>
   <div class='ocr_carea' id='block_1_11' title="bbox 704 1533 1643 1607">
    <p class='ocr_par' dir='ltr' id='par_1_11' title="bbox 704 1533 1643 1607">
     <span class='ocr_line' id='line_1_11' title="bbox 704 1533 1643 1607; baseline 0.024 -24"><span class='ocrx_word' id='word_1_71' title='bbox 704 1533 901 1589; x_wconf 85' lang='lat' dir='ltr'><strong>bonum</strong></span> <span class='ocrx_word' id='word_1_72' title='bbox 933 1548 989 1593; x_wconf 89' lang='lat' dir='ltr'><strong>et</strong></span> <span class='ocrx_word' id='word_1_73' title='bbox 1022 1540 1148 1596; x_wconf 88' lang='lat' dir='ltr'><strong>boni</strong></span> <span class='ocrx_word' id='word_1_74' title='bbox 1179 1543 1326 1601; x_wconf 80' lang='lat' dir='ltr'><strong>fetus</strong></span> <span class='ocrx_word' id='word_1_75' title='bbox 1358 1552 1595 1605; x_wconf 86' lang='lat' dir='ltr'><strong>senserit</strong></span> <span class='ocrx_word' id='word_1_76' title='bbox 1621 1553 1643 1607; x_wconf 88' lang='lat'><strong>?</strong></span> 
     </span>
    </p>
   </div>
   <div class='ocr_carea' id='block_1_12' title="bbox 763 1709 2272 1797">
    <p class='ocr_par' dir='ltr' id='par_1_12' title="bbox 763 1709 2272 1797">
     <span class='ocr_line' id='line_1_12' title="bbox 763 1709 2272 1797; baseline 0.023 -35"><span class='ocrx_word' id='word_1_77' title='bbox 763 1709 851 1766; x_wconf 81' lang='grc'><strong>56.</strong></span> <span class='ocrx_word' id='word_1_78' title='bbox 897 1712 1049 1778; x_wconf 85' lang='lat' dir='ltr'><strong>Quod</strong></span> <span class='ocrx_word' id='word_1_79' title='bbox 1082 1732 1145 1772; x_wconf 79' lang='lat' dir='ltr'><strong>ex</strong></span> <span class='ocrx_word' id='word_1_80' title='bbox 1178 1722 1369 1776; x_wconf 75' lang='lat' dir='ltr'><strong>aeterni</strong></span> <span class='ocrx_word' id='word_1_81' title='bbox 1399 1734 1454 1779; x_wconf 87' lang='lat' dir='ltr'><strong>et</strong></span> <span class='ocrx_word' id='word_1_82' title='bbox 1481 1725 1710 1783; x_wconf 90' lang='lat' dir='ltr'><strong>increati</strong></span> <span class='ocrx_word' id='word_1_83' title='bbox 1742 1734 2051 1790; x_wconf 83' lang='lat' dir='ltr'><strong>substantia</strong></span> <span class='ocrx_word' id='word_1_84' title='bbox 2090 1748 2272 1797; x_wconf 89' lang='lat' dir='ltr'><strong>ortum</strong></span> 
     </span>
    </p>
   </div>
   <div class='ocr_carea' id='block_1_13' title="bbox 692 1802 2409 1901">
    <p class='ocr_par' dir='ltr' id='par_1_13' title="bbox 692 1802 2409 1901">
     <span class='ocr_line' id='line_1_13' title="bbox 692 1802 2409 1901; baseline 0.025 -48"><span class='ocrx_word' id='word_1_85' title='bbox 692 1811 779 1855; x_wconf 89' lang='lat' dir='ltr'><strong>est</strong></span> <span class='ocrx_word' id='word_1_86' title='bbox 800 1841 814 1865; x_wconf 95' lang='lat'><strong>,</strong></span> <span class='ocrx_word' id='word_1_87' title='bbox 840 1802 1018 1871; x_wconf 88' lang='lat' dir='ltr'><strong>ipsum</strong></span> <span class='ocrx_word' id='word_1_88' title='bbox 1044 1825 1191 1879; x_wconf 84' lang='lat' dir='ltr'><strong>quoq</strong></span> <span class='ocrx_word' id='word_1_89' title='bbox 1211 1829 1277 1867; x_wconf 92' lang='lat' dir='ltr'><strong>ue</strong></span> <span class='ocrx_word' id='word_1_90' title='bbox 1299 1822 1560 1871; x_wconf 63' lang='lat' dir='ltr'><strong>mternum</strong></span> <span class='ocrx_word' id='word_1_91' title='bbox 1587 1830 1672 1875; x_wconf 90' lang='lat' dir='ltr'><strong>est</strong></span> <span class='ocrx_word' id='word_1_92' title='bbox 1694 1832 1749 1877; x_wconf 92' lang='lat' dir='ltr'><strong>et</strong></span> <span class='ocrx_word' id='word_1_93' title='bbox 1769 1823 2076 1882; x_wconf 84' lang='lat' dir='ltr'><strong>increatum</strong></span> <span class='ocrx_word' id='word_1_94' title='bbox 2106 1849 2276 1901; x_wconf 92' lang='lat' dir='ltr'><strong>:quo-</strong></span> <span class='ocrx_word' id='word_1_95' title='bbox 2308 1841 2349 1894; x_wconf 88' lang='lat' dir='ltr'><strong>B</strong></span> <span class='ocrx_word' id='word_1_96' title='bbox 2379 1860 2409 1901; x_wconf 62' lang='grc' dir='ltr'><em>ἦ</em></span> 
     </span>
    </p>
   </div>
   <div class='ocr_carea' id='block_1_14' title="bbox 694 1897 2271 1990">
    <p class='ocr_par' dir='ltr' id='par_1_14' title="bbox 694 1897 2271 1990">
     <span class='ocr_line' id='line_1_14' title="bbox 694 1897 2271 1990; baseline 0.021 -48"><span class='ocrx_word' id='word_1_97' title='bbox 694 1905 816 1944; x_wconf 88' lang='lat' dir='ltr'><strong>nam</strong></span> <span class='ocrx_word' id='word_1_98' title='bbox 843 1905 998 1962; x_wconf 88' lang='lat' dir='ltr'><strong>pacto</strong></span> <span class='ocrx_word' id='word_1_99' title='bbox 1030 1897 1193 1967; x_wconf 84' lang='lat' dir='ltr'><strong>igitur</strong></span> <span class='ocrx_word' id='word_1_100' title='bbox 1217 1904 1401 1958; x_wconf 88' lang='lat' dir='ltr'><strong>omnia</strong></span> <span class='ocrx_word' id='word_1_101' title='bbox 1426 1922 1491 1961; x_wconf 88' lang='lat' dir='ltr'><strong>ex</strong></span> <span class='ocrx_word' id='word_1_102' title='bbox 1518 1918 1825 1968; x_wconf 89' lang='lat' dir='ltr'><strong>vestrorum</strong></span> <span class='ocrx_word' id='word_1_103' title='bbox 1875 1918 2271 1990; x_wconf 86' lang='lat' dir='ltr'><strong>principiorum</strong></span> 
     </span>
    </p>
   </div>
   <div class='ocr_carea' id='block_1_15' title="bbox 692 1982 2270 2069">
    <p class='ocr_par' dir='ltr' id='par_1_15' title="bbox 692 1982 2270 2069">
     <span class='ocr_line' id='line_1_15' title="bbox 692 1982 2270 2069; baseline 0.023 -36"><span class='ocrx_word' id='word_1_104' title='bbox 692 1982 1004 2040; x_wconf 81' lang='lat' dir='ltr'><strong>substantia</strong></span> <span class='ocrx_word' id='word_1_105' title='bbox 1053 1998 1174 2044; x_wconf 89' lang='lat' dir='ltr'><strong>orta</strong></span> <span class='ocrx_word' id='word_1_106' title='bbox 1224 2008 1346 2051; x_wconf 88' lang='lat' dir='ltr'><strong>esse</strong></span> <span class='ocrx_word' id='word_1_107' title='bbox 1385 1997 1693 2055; x_wconf 90' lang='lat' dir='ltr'><strong>dicuntur?</strong></span> <span class='ocrx_word' id='word_1_108' title='bbox 1733 2004 1869 2060; x_wconf 89' lang='lat' dir='ltr'><strong>Nam</strong></span> <span class='ocrx_word' id='word_1_109' title='bbox 1903 2008 1949 2063; x_wconf 90' lang='lat' dir='ltr'><strong>si</strong></span> <span class='ocrx_word' id='word_1_110' title='bbox 1983 2025 2048 2064; x_wconf 87' lang='lat' dir='ltr'><strong>ex</strong></span> <span class='ocrx_word' id='word_1_111' title='bbox 2080 2027 2270 2069; x_wconf 86' lang='lat' dir='ltr'><strong>eorum</strong></span> 
     </span>
    </p>
   </div>
   <div class='ocr_carea' id='block_1_16' title="bbox 690 2073 2270 2170">
    <p class='ocr_par' dir='ltr' id='par_1_16' title="bbox 690 2073 2270 2170">
     <span class='ocr_line' id='line_1_16' title="bbox 690 2073 2270 2170; baseline 0.022 -45"><span class='ocrx_word' id='word_1_112' title='bbox 690 2073 997 2131; x_wconf 89' lang='lat' dir='ltr'><strong>substantia</strong></span> <span class='ocrx_word' id='word_1_113' title='bbox 1051 2083 1239 2136; x_wconf 89' lang='lat' dir='ltr'><strong>omnia</strong></span> <span class='ocrx_word' id='word_1_114' title='bbox 1287 2096 1448 2141; x_wconf 88' lang='lat' dir='ltr'><strong>enata</strong></span> <span class='ocrx_word' id='word_1_115' title='bbox 1502 2101 1666 2158; x_wconf 91' lang='lat' dir='ltr'><strong>sunt,</strong></span> <span class='ocrx_word' id='word_1_116' title='bbox 1718 2097 1992 2168; x_wconf 90' lang='lat' dir='ltr'><strong>principia</strong></span> <span class='ocrx_word' id='word_1_117' title='bbox 2041 2103 2270 2170; x_wconf 88' lang='lat' dir='ltr'><strong>perinde</strong></span> 
     </span>
    </p>
   </div>
   <div class='ocr_carea' id='block_1_17' title="bbox 687 2161 2265 2248">
    <p class='ocr_par' dir='ltr' id='par_1_17' title="bbox 687 2161 2265 2248">
     <span class='ocr_line' id='line_1_17' title="bbox 687 2161 2265 2248; baseline 0.02 -33"><span class='ocrx_word' id='word_1_118' title='bbox 687 2161 806 2218; x_wconf 89' lang='lat' dir='ltr'><strong>sine</strong></span> <span class='ocrx_word' id='word_1_119' title='bbox 840 2164 1114 2236; x_wconf 85' lang='lat' dir='ltr'><strong>principio</strong></span> <span class='ocrx_word' id='word_1_120' title='bbox 1141 2180 1308 2239; x_wconf 85' lang='lat' dir='ltr'><strong>sunt;</strong></span> <span class='ocrx_word' id='word_1_121' title='bbox 1335 2182 1387 2230; x_wconf 90' lang='lat' dir='ltr'><strong>et</strong></span> <span class='ocrx_word' id='word_1_122' title='bbox 1419 2178 1500 2232; x_wconf 89' lang='lat' dir='ltr'><strong>sic</strong></span> <span class='ocrx_word' id='word_1_123' title='bbox 1526 2179 1689 2248; x_wconf 89' lang='lat' dir='ltr'><strong>plane</strong></span> <span class='ocrx_word' id='word_1_124' title='bbox 1714 2161 1852 2238; x_wconf 82' lang='lat' dir='ltr'><strong>nihil</strong></span> <span class='ocrx_word' id='word_1_125' title='bbox 1882 2161 2129 2244; x_wconf 74' lang='lat' dir='ltr'><strong>creatum</strong></span> <span class='ocrx_word' id='word_1_126' title='bbox 2159 2202 2265 2246; x_wconf 89' lang='lat' dir='ltr'><strong>est.</strong></span> 
     </span>
    </p>
   </div>
   <div class='ocr_carea' id='block_1_18' title="bbox 686 2251 2263 2340">
    <p class='ocr_par' dir='ltr' id='par_1_18' title="bbox 686 2251 2263 2340">
     <span class='ocr_line' id='line_1_18' title="bbox 686 2251 2263 2340; baseline 0.023 -36"><span class='ocrx_word' id='word_1_127' title='bbox 686 2251 780 2306; x_wconf 89' lang='lat' dir='ltr'><strong>Sin</strong></span> <span class='ocrx_word' id='word_1_128' title='bbox 816 2265 995 2310; x_wconf 91' lang='lat' dir='ltr'><strong>autem</strong></span> <span class='ocrx_word' id='word_1_129' title='bbox 1028 2271 1294 2319; x_wconf 64' lang='lat' dir='ltr'><strong>creaturae</strong></span> <span class='ocrx_word' id='word_1_130' title='bbox 1331 2276 1481 2335; x_wconf 81' lang='lat' dir='ltr'><strong>sunt,</strong></span> <span class='ocrx_word' id='word_1_131' title='bbox 1519 2271 1768 2340; x_wconf 80' lang='lat' dir='ltr'><strong>profecto</strong></span> <span class='ocrx_word' id='word_1_132' title='bbox 1812 2292 1920 2331; x_wconf 94' lang='lat' dir='ltr'><strong>non</strong></span> <span class='ocrx_word' id='word_1_133' title='bbox 1962 2294 2030 2335; x_wconf 80' lang='lat' dir='ltr'><strong>ex</strong></span> <span class='ocrx_word' id='word_1_134' title='bbox 2072 2296 2263 2338; x_wconf 89' lang='lat' dir='ltr'><strong>eorum</strong></span> 
     </span>
    </p>
   </div>
   <div class='ocr_carea' id='block_1_19' title="bbox 681 2344 1766 2419">
    <p class='ocr_par' dir='ltr' id='par_1_19' title="bbox 681 2344 1766 2419">
     <span class='ocr_line' id='line_1_19' title="bbox 681 2344 1766 2419; baseline 0.021 -23"><span class='ocrx_word' id='word_1_135' title='bbox 681 2344 991 2402; x_wconf 85' lang='lat' dir='ltr'><strong>substantia</strong></span> <span class='ocrx_word' id='word_1_136' title='bbox 1022 2360 1202 2407; x_wconf 91' lang='lat' dir='ltr'><strong>ortum</strong></span> <span class='ocrx_word' id='word_1_137' title='bbox 1233 2356 1420 2411; x_wconf 87' lang='lat' dir='ltr'><strong>omnia</strong></span> <span class='ocrx_word' id='word_1_138' title='bbox 1457 2369 1766 2419; x_wconf 82' lang='lat' dir='ltr'><strong>traxerunt.</strong></span> 
     </span>
    </p>
   </div>
   <div class='ocr_carea' id='block_1_20' title="bbox 749 2436 2256 2534">
    <p class='ocr_par' dir='ltr' id='par_1_20' title="bbox 749 2436 2256 2534">
     <span class='ocr_line' id='line_1_20' title="bbox 749 2436 2256 2534; baseline 0.024 -47"><span class='ocrx_word' id='word_1_139' title='bbox 749 2436 839 2489; x_wconf 84' lang='lat'><strong>57.</strong></span> <span class='ocrx_word' id='word_1_140' title='bbox 882 2436 1081 2494; x_wconf 79' lang='lat' dir='ltr'><strong>Malum</strong></span> <span class='ocrx_word' id='word_1_141' title='bbox 1110 2448 1396 2515; x_wconf 88' lang='lat' dir='ltr'><strong>corruptio</strong></span> <span class='ocrx_word' id='word_1_142' title='bbox 1424 2458 1480 2504; x_wconf 93' lang='lat' dir='ltr'><strong>et</strong></span> <span class='ocrx_word' id='word_1_143' title='bbox 1507 2468 1656 2509; x_wconf 90' lang='lat' dir='ltr'><strong>mors</strong></span> <span class='ocrx_word' id='word_1_144' title='bbox 1679 2466 1784 2511; x_wconf 90' lang='lat' dir='ltr'><strong>est.</strong></span> <span class='ocrx_word' id='word_1_145' title='bbox 1809 2458 2009 2516; x_wconf 86' lang='lat' dir='ltr'><strong>Malum</strong></span> <span class='ocrx_word' id='word_1_146' title='bbox 2040 2473 2221 2522; x_wconf 90' lang='lat' dir='ltr'><strong>autem</strong></span> <span class='ocrx_word' id='word_1_147' title='bbox 2243 2511 2256 2534; x_wconf 93' lang='lat'><strong>,</strong></span> 
     </span>
    </p>
   </div>
   <div class='ocr_carea' id='block_1_21' title="bbox 678 2523 2258 2619">
    <p class='ocr_par' dir='ltr' id='par_1_21' title="bbox 678 2523 2258 2619">
     <span class='ocr_line' id='line_1_21' title="bbox 678 2523 2258 2619; baseline 0.023 -43"><span class='ocrx_word' id='word_1_148' title='bbox 678 2523 953 2594; x_wconf 80' lang='lat' dir='ltr'><strong>siquidem</strong></span> <span class='ocrx_word' id='word_1_149' title='bbox 986 2530 1110 2587; x_wconf 85' lang='lat' dir='ltr'><strong>aliis</strong></span> <span class='ocrx_word' id='word_1_150' title='bbox 1143 2534 1348 2589; x_wconf 88' lang='lat' dir='ltr'><strong>malum</strong></span> <span class='ocrx_word' id='word_1_151' title='bbox 1370 2576 1388 2602; x_wconf 92' lang='lat'><strong>,</strong></span> <span class='ocrx_word' id='word_1_152' title='bbox 1421 2538 1525 2595; x_wconf 87' lang='lat' dir='ltr'><strong>sibi</strong></span> <span class='ocrx_word' id='word_1_153' title='bbox 1558 2550 1738 2598; x_wconf 81' lang='lat' dir='ltr'><strong>autem</strong></span> <span class='ocrx_word' id='word_1_154' title='bbox 1773 2546 1973 2603; x_wconf 91' lang='lat' dir='ltr'><strong>bonum</strong></span> <span class='ocrx_word' id='word_1_155' title='bbox 2010 2561 2093 2607; x_wconf 90' lang='lat' dir='ltr'><strong>est</strong></span> <span class='ocrx_word' id='word_1_156' title='bbox 2118 2595 2133 2619; x_wconf 90' lang='lat'><strong>,</strong></span> <span class='ocrx_word' id='word_1_157' title='bbox 2171 2572 2258 2611; x_wconf 88' lang='lat' dir='ltr'><strong>se-</strong></span> 
     </span>
    </p>
   </div>
   <div class='ocr_carea' id='block_1_22' title="bbox 678 2616 2256 2709">
    <p class='ocr_par' dir='ltr' id='par_1_22' title="bbox 678 2616 2256 2709">
     <span class='ocr_line' id='line_1_22' title="bbox 678 2616 2256 2709; baseline 0.022 -41"><span class='ocrx_word' id='word_1_158' title='bbox 678 2616 855 2686; x_wconf 88' lang='lat' dir='ltr'><strong>ipsum</strong></span> <span class='ocrx_word' id='word_1_159' title='bbox 886 2629 1090 2687; x_wconf 89' lang='lat' dir='ltr'><strong>tuetur,</strong></span> <span class='ocrx_word' id='word_1_160' title='bbox 1115 2634 1279 2695; x_wconf 91' lang='lat' dir='ltr'><strong>atque</strong></span> <span class='ocrx_word' id='word_1_161' title='bbox 1306 2628 1409 2683; x_wconf 86' lang='lat' dir='ltr'><strong>hac</strong></span> <span class='ocrx_word' id='word_1_162' title='bbox 1432 2633 1643 2691; x_wconf 88' lang='lat' dir='ltr'><strong>ratione</strong></span> <span class='ocrx_word' id='word_1_163' title='bbox 1668 2652 1773 2690; x_wconf 91' lang='lat' dir='ltr'><strong>non</strong></span> <span class='ocrx_word' id='word_1_164' title='bbox 1798 2654 2026 2709; x_wconf 91' lang='lat' dir='ltr'><strong>prorsus</strong></span> <span class='ocrx_word' id='word_1_165' title='bbox 2054 2646 2256 2703; x_wconf 87' lang='lat' dir='ltr'><strong>malum</strong></span> 
     </span>
    </p>
   </div>
   <div class='ocr_carea' id='block_1_23' title="bbox 675 2716 2251 2794">
    <p class='ocr_par' dir='ltr' id='par_1_23' title="bbox 675 2716 2251 2794">
     <span class='ocr_line' id='line_1_23' title="bbox 675 2716 2251 2794; baseline 0.022 -34"><span class='ocrx_word' id='word_1_166' title='bbox 675 2716 792 2762; x_wconf 83' lang='lat' dir='ltr'><strong>est:</strong></span> <span class='ocrx_word' id='word_1_167' title='bbox 828 2725 952 2764; x_wconf 86' lang='lat' dir='ltr'><strong>nam</strong></span> <span class='ocrx_word' id='word_1_168' title='bbox 981 2726 1254 2781; x_wconf 84' lang='lat' dir='ltr'><strong>quatenus</strong></span> <span class='ocrx_word' id='word_1_169' title='bbox 1290 2734 1349 2774; x_wconf 88' lang='lat' dir='ltr'><strong>se</strong></span> <span class='ocrx_word' id='word_1_170' title='bbox 1381 2727 1585 2789; x_wconf 87' lang='lat' dir='ltr'><strong>tuetur,</strong></span> <span class='ocrx_word' id='word_1_171' title='bbox 1622 2730 1829 2783; x_wconf 90' lang='lat' dir='ltr'><strong>malum</strong></span> <span class='ocrx_word' id='word_1_172' title='bbox 1864 2748 1974 2787; x_wconf 92' lang='lat' dir='ltr'><strong>non</strong></span> <span class='ocrx_word' id='word_1_173' title='bbox 2010 2745 2115 2791; x_wconf 91' lang='lat' dir='ltr'><strong>est.</strong></span> <span class='ocrx_word' id='word_1_174' title='bbox 2154 2737 2251 2794; x_wconf 89' lang='lat' dir='ltr'><strong>Sin</strong></span> 
     </span>
    </p>
   </div>
   <div class='ocr_carea' id='block_1_24' title="bbox 673 2807 2251 2898">
    <p class='ocr_par' dir='ltr' id='par_1_24' title="bbox 673 2807 2251 2898">
     <span class='ocr_line' id='line_1_24' title="bbox 673 2807 2251 2898; baseline 0.022 -47"><span class='ocrx_word' id='word_1_175' title='bbox 673 2807 856 2858; x_wconf 87' lang='lat' dir='ltr'><strong>autem</strong></span> <span class='ocrx_word' id='word_1_176' title='bbox 885 2817 1113 2871; x_wconf 82' lang='lat' dir='ltr'><strong>prorsus</strong></span> <span class='ocrx_word' id='word_1_177' title='bbox 1139 2809 1342 2864; x_wconf 90' lang='lat' dir='ltr'><strong>malum</strong></span> <span class='ocrx_word' id='word_1_178' title='bbox 1369 2822 1488 2879; x_wconf 89' lang='lat' dir='ltr'><strong>est,</strong></span> <span class='ocrx_word' id='word_1_179' title='bbox 1519 2817 1622 2871; x_wconf 89' lang='lat' dir='ltr'><strong>sibi</strong></span> <span class='ocrx_word' id='word_1_180' title='bbox 1648 2834 1869 2891; x_wconf 88' lang='lat' dir='ltr'><strong>quoque</strong></span> <span class='ocrx_word' id='word_1_181' title='bbox 1891 2834 1977 2879; x_wconf 88' lang='lat' dir='ltr'><strong>est</strong></span> <span class='ocrx_word' id='word_1_182' title='bbox 2006 2829 2251 2898; x_wconf 89' lang='lat' dir='ltr'><strong>malum,</strong></span> 
     </span>
    </p>
   </div>
   <div class='ocr_carea' id='block_1_25' title="bbox 672 2893 2249 2990">
    <p class='ocr_par' dir='ltr' id='par_1_25' title="bbox 672 2893 2249 2990">
     <span class='ocr_line' id='line_1_25' title="bbox 672 2893 2249 2990; baseline 0.021 -46"><span class='ocrx_word' id='word_1_183' title='bbox 672 2907 840 2962; x_wconf 80' lang='lat' dir='ltr'><strong>seque</strong></span> <span class='ocrx_word' id='word_1_184' title='bbox 864 2893 1169 2965; x_wconf 89' lang='lat' dir='ltr'><strong>interimit,</strong></span> <span class='ocrx_word' id='word_1_185' title='bbox 1200 2904 1446 2971; x_wconf 87' lang='lat' dir='ltr'><strong>atquein</strong></span> <span class='ocrx_word' id='word_1_186' title='bbox 1473 2907 1703 2965; x_wconf 87' lang='lat' dir='ltr'><strong>nihilum</strong></span> <span class='ocrx_word' id='word_1_187' title='bbox 1728 2914 1892 2968; x_wconf 86' lang='lat' dir='ltr'><strong>cedit.</strong></span> <span class='ocrx_word' id='word_1_188' title='bbox 1920 2916 2249 2990; x_wconf 87' lang='lat' dir='ltr'><strong>Quanquam</strong></span> 
     </span>
    </p>
   </div>
   <div class='ocr_carea' id='block_1_26' title="bbox 670 2988 2247 3086">
    <p class='ocr_par' dir='ltr' id='par_1_26' title="bbox 670 2988 2247 3086">
     <span class='ocr_line' id='line_1_26' title="bbox 670 2988 2247 3086; baseline 0.022 -49"><span class='ocrx_word' id='word_1_189' title='bbox 670 2994 852 3041; x_wconf 90' lang='lat' dir='ltr'><strong>autetn</strong></span> <span class='ocrx_word' id='word_1_190' title='bbox 886 2988 941 3043; x_wconf 89' lang='lat' dir='ltr'><strong>in</strong></span> <span class='ocrx_word' id='word_1_191' title='bbox 974 2990 1201 3048; x_wconf 85' lang='lat' dir='ltr'><strong>alterius</strong></span> <span class='ocrx_word' id='word_1_192' title='bbox 1234 3010 1456 3067; x_wconf 89' lang='lat' dir='ltr'><strong>quoque</strong></span> <span class='ocrx_word' id='word_1_193' title='bbox 1486 3006 1848 3073; x_wconf 87' lang='lat' dir='ltr'><strong>corruptione</strong></span> <span class='ocrx_word' id='word_1_194' title='bbox 1881 3008 2110 3067; x_wconf 87' lang='lat' dir='ltr'><strong>alterius</strong></span> <span class='ocrx_word' id='word_1_195' title='bbox 2150 3030 2247 3086; x_wconf 82' lang='lat' dir='ltr'><strong>ge-</strong></span> 
     </span>
    </p>
   </div>
   <div class='ocr_carea' id='block_1_27' title="bbox 669 3078 2245 3171">
    <p class='ocr_par' dir='ltr' id='par_1_27' title="bbox 669 3078 2245 3171">
     <span class='ocr_line' id='line_1_27' title="bbox 669 3078 2245 3171; baseline 0.022 -43"><span class='ocrx_word' id='word_1_196' title='bbox 669 3078 888 3133; x_wconf 88' lang='lat' dir='ltr'><strong>neratio</strong></span> <span class='ocrx_word' id='word_1_197' title='bbox 910 3089 1027 3145; x_wconf 88' lang='lat' dir='ltr'><strong>est,</strong></span> <span class='ocrx_word' id='word_1_198' title='bbox 1060 3098 1169 3138; x_wconf 92' lang='lat' dir='ltr'><strong>non</strong></span> <span class='ocrx_word' id='word_1_199' title='bbox 1202 3094 1386 3142; x_wconf 89' lang='lat' dir='ltr'><strong>tamen</strong></span> <span class='ocrx_word' id='word_1_200' title='bbox 1418 3096 1702 3163; x_wconf 89' lang='lat' dir='ltr'><strong>corruptio</strong></span> <span class='ocrx_word' id='word_1_201' title='bbox 1736 3113 1902 3153; x_wconf 90' lang='lat' dir='ltr'><strong>causa</strong></span> <span class='ocrx_word' id='word_1_202' title='bbox 1937 3108 2245 3171; x_wconf 81' lang='lat' dir='ltr'><strong>generatio-</strong></span> 
     </span>
    </p>
   </div>
   <div class='ocr_carea' id='block_1_28' title="bbox 666 3167 2245 3253">
    <p class='ocr_par' dir='ltr' id='par_1_28' title="bbox 666 3167 2245 3253">
     <span class='ocr_line' id='line_1_28' title="bbox 666 3167 2245 3253; baseline 0.022 -34"><span class='ocrx_word' id='word_1_203' title='bbox 666 3167 754 3221; x_wconf 92' lang='lat' dir='ltr'><strong>nis</strong></span> <span class='ocrx_word' id='word_1_204' title='bbox 784 3180 905 3223; x_wconf 91' lang='lat' dir='ltr'><strong>est:</strong></span> <span class='ocrx_word' id='word_1_205' title='bbox 942 3187 1130 3227; x_wconf 81' lang='lat' dir='ltr'><strong>verum</strong></span> <span class='ocrx_word' id='word_1_206' title='bbox 1164 3174 1306 3231; x_wconf 87' lang='lat' dir='ltr'><strong>Deus</strong></span> <span class='ocrx_word' id='word_1_207' title='bbox 1339 3195 1438 3248; x_wconf 93' lang='lat' dir='ltr'><strong>pro</strong></span> <span class='ocrx_word' id='word_1_208' title='bbox 1472 3182 1741 3253; x_wconf 77' lang='lat' dir='ltr'><strong>singulari</strong></span> <span class='ocrx_word' id='word_1_209' title='bbox 1773 3204 1871 3243; x_wconf 92' lang='lat' dir='ltr'><strong>sua</strong></span> <span class='ocrx_word' id='word_1_210' title='bbox 1902 3191 2146 3250; x_wconf 90' lang='lat' dir='ltr'><strong>bonitate</strong></span> <span class='ocrx_word' id='word_1_211' title='bbox 2178 3213 2245 3252; x_wconf 93' lang='lat' dir='ltr'><strong>ex</strong></span> 
     </span>
    </p>
   </div>
   <div class='ocr_carea' id='block_1_29' title="bbox 665 3258 2241 3349">
    <p class='ocr_par' dir='ltr' id='par_1_29' title="bbox 665 3258 2241 3349">
     <span class='ocr_line' id='line_1_29' title="bbox 665 3258 2241 3349; baseline 0.022 -41"><span class='ocrx_word' id='word_1_212' title='bbox 665 3258 893 3314; x_wconf 84' lang='lat' dir='ltr'><strong>alterius</strong></span> <span class='ocrx_word' id='word_1_213' title='bbox 928 3262 1091 3316; x_wconf 85' lang='lat' dir='ltr'><strong>etiam</strong></span> <span class='ocrx_word' id='word_1_214' title='bbox 1145 3270 1501 3337; x_wconf 85' lang='lat' dir='ltr'><strong>corruptione</strong></span> <span class='ocrx_word' id='word_1_215' title='bbox 1549 3274 1778 3332; x_wconf 86' lang='lat' dir='ltr'><strong>alterius</strong></span> <span class='ocrx_word' id='word_1_216' title='bbox 1831 3286 2241 3349; x_wconf 83' lang='lat' dir='ltr'><strong>generationem</strong></span> 
     </span>
    </p>
   </div>
   <div class='ocr_carea' id='block_1_30' title="bbox 664 3349 2243 3439">
    <p class='ocr_par' dir='ltr' id='par_1_30' title="bbox 664 3349 2243 3439">
     <span class='ocr_line' id='line_1_30' title="bbox 664 3349 2243 3439; baseline 0.022 -41"><span class='ocrx_word' id='word_1_217' title='bbox 664 3350 814 3404; x_wconf 81' lang='lat' dir='ltr'><strong>facit.</strong></span> <span class='ocrx_word' id='word_1_218' title='bbox 854 3349 1079 3406; x_wconf 82' lang='lat' dir='ltr'><strong>Materia</strong></span> <span class='ocrx_word' id='word_1_219' title='bbox 1112 3357 1258 3409; x_wconf 86' lang='lat' dir='ltr'><strong>enim</strong></span> <span class='ocrx_word' id='word_1_220' title='bbox 1293 3375 1416 3428; x_wconf 83' lang='lat' dir='ltr'><strong>quae</strong></span> <span class='ocrx_word' id='word_1_221' title='bbox 1453 3377 1480 3414; x_wconf 92' lang='lat' dir='ltr'><strong>a</strong></span> <span class='ocrx_word' id='word_1_222' title='bbox 1516 3362 1663 3419; x_wconf 91' lang='lat' dir='ltr'><strong>bono</strong></span> <span class='ocrx_word' id='word_1_223' title='bbox 1698 3366 1770 3420; x_wconf 90' lang='lat' dir='ltr'><strong>ita</strong></span> <span class='ocrx_word' id='word_1_224' title='bbox 1804 3381 1989 3426; x_wconf 86' lang='lat' dir='ltr'><strong>creata</strong></span> <span class='ocrx_word' id='word_1_225' title='bbox 2021 3385 2105 3430; x_wconf 83' lang='lat' dir='ltr'><strong>est</strong></span> <span class='ocrx_word' id='word_1_226' title='bbox 2129 3415 2144 3439; x_wconf 85' lang='lat'><strong>,</strong></span> <span class='ocrx_word' id='word_1_227' title='bbox 2186 3388 2243 3433; x_wconf 93' lang='lat' dir='ltr'><strong>ut</strong></span> 
     </span>
    </p>
   </div>
   <div class='ocr_carea' id='block_1_31' title="bbox 662 3438 2240 3538">
    <p class='ocr_par' dir='ltr' id='par_1_31' title="bbox 662 3438 2240 3538">
     <span class='ocr_line' id='line_1_31' title="bbox 662 3438 2240 3538; baseline 0.021 -48"><span class='ocrx_word' id='word_1_228' title='bbox 662 3438 763 3505; x_wconf 85' lang='lat' dir='ltr'><strong>ipsi</strong></span> <span class='ocrx_word' id='word_1_229' title='bbox 798 3442 1045 3507; x_wconf 89' lang='lat' dir='ltr'><strong>subjecta</strong></span> <span class='ocrx_word' id='word_1_230' title='bbox 1098 3447 1201 3512; x_wconf 88' lang='lat' dir='ltr'><strong>sit,</strong></span> <span class='ocrx_word' id='word_1_231' title='bbox 1256 3450 1396 3504; x_wconf 90' lang='lat' dir='ltr'><strong>bona</strong></span> <span class='ocrx_word' id='word_1_232' title='bbox 1429 3462 1512 3507; x_wconf 89' lang='lat' dir='ltr'><strong>est</strong></span> <span class='ocrx_word' id='word_1_233' title='bbox 1542 3473 1554 3509; x_wconf 91' lang='lat'><strong>:</strong></span> <span class='ocrx_word' id='word_1_234' title='bbox 1589 3458 1866 3526; x_wconf 87' lang='lat' dir='ltr'><strong>siquidem</strong></span> <span class='ocrx_word' id='word_1_235' title='bbox 1904 3478 1932 3516; x_wconf 92' lang='lat' dir='ltr'><strong>a</strong></span> <span class='ocrx_word' id='word_1_236' title='bbox 1968 3466 2240 3538; x_wconf 92' lang='lat' dir='ltr'><strong>principio</strong></span> 
     </span>
    </p>
   </div>
   <div class='ocr_carea' id='block_1_32' title="bbox 658 3536 1977 3618">
    <p class='ocr_par' dir='ltr' id='par_1_32' title="bbox 658 3536 1977 3618">
     <span class='ocr_line' id='line_1_32' title="bbox 658 3536 1977 3618; baseline 0.019 -38"><span class='ocrx_word' id='word_1_237' title='bbox 658 3542 857 3585; x_wconf 88' lang='lat' dir='ltr'><strong>cuncta</strong></span> <span class='ocrx_word' id='word_1_238' title='bbox 891 3548 955 3586; x_wconf 80' lang='lat' dir='ltr'><strong>ex</strong></span> <span class='ocrx_word' id='word_1_239' title='bbox 992 3536 1167 3591; x_wconf 90' lang='lat' dir='ltr'><strong>nihilo</strong></span> <span class='ocrx_word' id='word_1_240' title='bbox 1196 3538 1261 3592; x_wconf 92' lang='lat' dir='ltr'><strong>ad</strong></span> <span class='ocrx_word' id='word_1_241' title='bbox 1296 3539 1401 3595; x_wconf 90' lang='lat' dir='ltr'><strong>hoc</strong></span> <span class='ocrx_word' id='word_1_242' title='bbox 1434 3553 1490 3595; x_wconf 95' lang='lat' dir='ltr'><strong>ut</strong></span> <span class='ocrx_word' id='word_1_243' title='bbox 1520 3547 1625 3599; x_wconf 86' lang='lat' dir='ltr'><strong>sint</strong></span> <span class='ocrx_word' id='word_1_244' title='bbox 1649 3587 1663 3612; x_wconf 91' lang='lat'><strong>,</strong></span> <span class='ocrx_word' id='word_1_245' title='bbox 1697 3551 1977 3618; x_wconf 89' lang='lat' dir='ltr'><strong>produxit.</strong></span> 
     </span>
    </p>
   </div>
   <div class='ocr_carea' id='block_1_33' title="bbox 727 3620 2236 3705">
    <p class='ocr_par' dir='ltr' id='par_1_33' title="bbox 727 3620 2236 3705">
     <span class='ocr_line' id='line_1_33' title="bbox 727 3620 2236 3705; baseline 0.022 -33"><span class='ocrx_word' id='word_1_246' title='bbox 727 3620 814 3674; x_wconf 78' lang='lat'><strong>53.</strong></span> <span class='ocrx_word' id='word_1_247' title='bbox 858 3622 1007 3677; x_wconf 85' lang='lat' dir='ltr'><strong>Idem</strong></span> <span class='ocrx_word' id='word_1_248' title='bbox 1054 3629 1352 3684; x_wconf 80' lang='lat' dir='ltr'><strong>secundant</strong></span> <span class='ocrx_word' id='word_1_249' title='bbox 1403 3636 1674 3691; x_wconf 89' lang='lat' dir='ltr'><strong>rationem</strong></span> <span class='ocrx_word' id='word_1_250' title='bbox 1724 3642 1970 3697; x_wconf 89' lang='lat' dir='ltr'><strong>eamdem</strong></span> <span class='ocrx_word' id='word_1_251' title='bbox 2008 3662 2116 3701; x_wconf 91' lang='lat' dir='ltr'><strong>non</strong></span> <span class='ocrx_word' id='word_1_252' title='bbox 2151 3658 2236 3705; x_wconf 91' lang='lat' dir='ltr'><strong>est</strong></span> 
     </span>
    </p>
   </div>
   <div class='ocr_carea' id='block_1_34' title="bbox 659 3712 2235 3807">
    <p class='ocr_par' dir='ltr' id='par_1_34' title="bbox 659 3712 2235 3807">
     <span class='ocr_line' id='line_1_34' title="bbox 659 3712 2235 3807; baseline 0.02 -43"><span class='ocrx_word' id='word_1_253' title='bbox 659 3712 861 3767; x_wconf 92' lang='lat' dir='ltr'><strong>bonum</strong></span> <span class='ocrx_word' id='word_1_254' title='bbox 897 3725 949 3770; x_wconf 88' lang='lat' dir='ltr'><strong>et</strong></span> <span class='ocrx_word' id='word_1_255' title='bbox 985 3719 1189 3772; x_wconf 87' lang='lat' dir='ltr'><strong>malum</strong></span> <span class='ocrx_word' id='word_1_256' title='bbox 1230 3739 1243 3774; x_wconf 91' lang='lat'><strong>:</strong></span> <span class='ocrx_word' id='word_1_257' title='bbox 1276 3738 1451 3794; x_wconf 91' lang='lat' dir='ltr'><strong>neque</strong></span> <span class='ocrx_word' id='word_1_258' title='bbox 1480 3728 1726 3796; x_wconf 89' lang='lat' dir='ltr'><strong>ejusdem</strong></span> <span class='ocrx_word' id='word_1_259' title='bbox 1762 3735 1836 3788; x_wconf 90' lang='lat' dir='ltr'><strong>rei</strong></span> <span class='ocrx_word' id='word_1_260' title='bbox 1869 3741 2153 3807; x_wconf 84' lang='lat' dir='ltr'><strong>corruptio</strong></span> <span class='ocrx_word' id='word_1_261' title='bbox 2180 3751 2235 3795; x_wconf 91' lang='lat' dir='ltr'><strong>et</strong></span> 
     </span>
    </p>
   </div>
   <div class='ocr_carea' id='block_1_35' title="bbox 654 3808 2231 3896">
    <p class='ocr_par' dir='ltr' id='par_1_35' title="bbox 654 3808 2231 3896">
     <span class='ocr_line' id='line_1_35' title="bbox 654 3808 2231 3896; baseline 0.02 -41"><span class='ocrx_word' id='word_1_262' title='bbox 654 3808 933 3871; x_wconf 78' lang='lat' dir='ltr'><strong>generatio</strong></span> <span class='ocrx_word' id='word_1_263' title='bbox 969 3812 1268 3865; x_wconf 90' lang='lat' dir='ltr'><strong>secundum</strong></span> <span class='ocrx_word' id='word_1_264' title='bbox 1304 3816 1549 3871; x_wconf 90' lang='lat' dir='ltr'><strong>eamdem</strong></span> <span class='ocrx_word' id='word_1_265' title='bbox 1585 3821 1851 3877; x_wconf 88' lang='lat' dir='ltr'><strong>rationem</strong></span> <span class='ocrx_word' id='word_1_266' title='bbox 1889 3825 2003 3896; x_wconf 88' lang='lat' dir='ltr'><strong>ipsa</strong></span> <span class='ocrx_word' id='word_1_267' title='bbox 2056 3830 2231 3887; x_wconf 84' lang='lat' dir='ltr'><strong>virtus</strong></span> 
     </span>
    </p>
   </div>
   <div class='ocr_carea' id='block_1_36' title="bbox 652 3904 2231 3987">
    <p class='ocr_par' dir='ltr' id='par_1_36' title="bbox 652 3904 2231 3987">
     <span class='ocr_line' id='line_1_36' title="bbox 652 3904 2231 3987; baseline 0.021 -42"><span class='ocrx_word' id='word_1_268' title='bbox 652 3905 735 3947; x_wconf 86' lang='lat' dir='ltr'><strong>est</strong></span> <span class='ocrx_word' id='word_1_269' title='bbox 767 3904 821 3949; x_wconf 90' lang='lat' dir='ltr'><strong>et</strong></span> <span class='ocrx_word' id='word_1_270' title='bbox 853 3908 1095 3966; x_wconf 85' lang='lat' dir='ltr'><strong>potestas</strong></span> <span class='ocrx_word' id='word_1_271' title='bbox 1122 3918 1139 3967; x_wconf 91' lang='lat'><strong>;</strong></span> <span class='ocrx_word' id='word_1_272' title='bbox 1170 3917 1271 3957; x_wconf 90' lang='lat' dir='ltr'><strong>nec</strong></span> <span class='ocrx_word' id='word_1_273' title='bbox 1303 3904 1419 3974; x_wconf 89' lang='lat' dir='ltr'><strong>ipsa</strong></span> <span class='ocrx_word' id='word_1_274' title='bbox 1447 3908 1622 3965; x_wconf 88' lang='lat' dir='ltr'><strong>virtus</strong></span> <span class='ocrx_word' id='word_1_275' title='bbox 1652 3917 1936 3984; x_wconf 90' lang='lat' dir='ltr'><strong>corruptio</strong></span> <span class='ocrx_word' id='word_1_276' title='bbox 1966 3919 2082 3987; x_wconf 90' lang='lat' dir='ltr'><strong>ipsa</strong></span> <span class='ocrx_word' id='word_1_277' title='bbox 2108 3938 2231 3979; x_wconf 89' lang='lat' dir='ltr'><strong>esse</strong></span> 
     </span>
    </p>
   </div>
   <div class='ocr_carea' id='block_1_37' title="bbox 655 3978 2227 4069">
    <p class='ocr_par' dir='ltr' id='par_1_37' title="bbox 655 3978 2227 4069">
     <span class='ocr_line' id='line_1_37' title="bbox 655 3978 2227 4069; baseline 0.02 -34"><span class='ocrx_word' id='word_1_278' title='bbox 655 3978 859 4050; x_wconf 81' lang='lat' dir='ltr'><strong>potest.</strong></span> <span class='ocrx_word' id='word_1_279' title='bbox 910 3986 1110 4042; x_wconf 85' lang='lat' dir='ltr'><strong>Malum</strong></span> <span class='ocrx_word' id='word_1_280' title='bbox 1145 4006 1245 4045; x_wconf 88' lang='lat' dir='ltr'><strong>nec</strong></span> <span class='ocrx_word' id='word_1_281' title='bbox 1277 4001 1391 4058; x_wconf 80' lang='lat' dir='ltr'><strong>est,</strong></span> <span class='ocrx_word' id='word_1_282' title='bbox 1448 4011 1547 4050; x_wconf 84' lang='lat' dir='ltr'><strong>nec</strong></span> <span class='ocrx_word' id='word_1_283' title='bbox 1580 3998 1783 4055; x_wconf 90' lang='lat' dir='ltr'><strong>bonum</strong></span> <span class='ocrx_word' id='word_1_284' title='bbox 1818 4012 1937 4069; x_wconf 89' lang='lat' dir='ltr'><strong>est,</strong></span> <span class='ocrx_word' id='word_1_285' title='bbox 1988 4023 2093 4065; x_wconf 86' lang='lat' dir='ltr'><strong>nec</strong></span> <span class='ocrx_word' id='word_1_286' title='bbox 2139 4026 2227 4065; x_wconf 90' lang='lat' dir='ltr'><strong>re-</strong></span> 
     </span>
    </p>
   </div>
   <div class='ocr_carea' id='block_1_38' title="bbox 655 4076 2227 4159">
    <p class='ocr_par' dir='ltr' id='par_1_38' title="bbox 655 4076 2227 4159">
     <span class='ocr_line' id='line_1_38' title="bbox 655 4076 2227 4159; baseline 0.02 -32"><span class='ocrx_word' id='word_1_287' title='bbox 655 4092 774 4129; x_wconf 86' lang='lat' dir='ltr'><strong>rum</strong></span> <span class='ocrx_word' id='word_1_288' title='bbox 808 4076 991 4147; x_wconf 81' lang='lat' dir='ltr'><strong>opifex</strong></span> <span class='ocrx_word' id='word_1_289' title='bbox 1024 4092 1109 4135; x_wconf 91' lang='lat' dir='ltr'><strong>est</strong></span> <span class='ocrx_word' id='word_1_290' title='bbox 1132 4122 1145 4146; x_wconf 96' lang='lat'><strong>,</strong></span> <span class='ocrx_word' id='word_1_291' title='bbox 1185 4099 1285 4138; x_wconf 91' lang='lat' dir='ltr'><strong>nec</strong></span> <span class='ocrx_word' id='word_1_292' title='bbox 1317 4085 1446 4141; x_wconf 83' lang='lat' dir='ltr'><strong>boni</strong></span> <span class='ocrx_word' id='word_1_293' title='bbox 1481 4090 1687 4159; x_wconf 90' lang='lat' dir='ltr'><strong>aliquid</strong></span> <span class='ocrx_word' id='word_1_294' title='bbox 1718 4096 1861 4152; x_wconf 80' lang='lat' dir='ltr'><strong>valet</strong></span> <span class='ocrx_word' id='word_1_295' title='bbox 1891 4099 2125 4157; x_wconf 83' lang='lat' dir='ltr'><strong>ellicere.</strong></span> <span class='ocrx_word' id='word_1_296' title='bbox 2157 4105 2227 4158; x_wconf 80' lang='lat' dir='ltr'><strong>At</strong></span> 
     </span>
    </p>
   </div>
   <div class='ocr_carea' id='block_1_39' title="bbox 653 4168 2221 4261">
    <p class='ocr_par' dir='ltr' id='par_1_39' title="bbox 653 4168 2221 4261">
     <span class='ocr_line' id='line_1_39' title="bbox 653 4168 2221 4261; baseline 0.02 -42"><span class='ocrx_word' id='word_1_297' title='bbox 653 4168 854 4221; x_wconf 85' lang='lat' dir='ltr'><strong>bonum</strong></span> <span class='ocrx_word' id='word_1_298' title='bbox 876 4208 889 4230; x_wconf 95' lang='lat'><strong>,</strong></span> <span class='ocrx_word' id='word_1_299' title='bbox 924 4171 977 4224; x_wconf 92' lang='lat' dir='ltr'><strong>in</strong></span> <span class='ocrx_word' id='word_1_300' title='bbox 1005 4173 1209 4241; x_wconf 88' lang='lat' dir='ltr'><strong>quibus</strong></span> <span class='ocrx_word' id='word_1_301' title='bbox 1238 4176 1394 4245; x_wconf 87' lang='lat' dir='ltr'><strong>plene</strong></span> <span class='ocrx_word' id='word_1_302' title='bbox 1421 4188 1473 4233; x_wconf 89' lang='lat' dir='ltr'><strong>et</strong></span> <span class='ocrx_word' id='word_1_303' title='bbox 1500 4182 1739 4251; x_wconf 85' lang='lat' dir='ltr'><strong>perfecte</strong></span> <span class='ocrx_word' id='word_1_304' title='bbox 1766 4189 1998 4246; x_wconf 92' lang='lat' dir='ltr'><strong>insitum</strong></span> <span class='ocrx_word' id='word_1_305' title='bbox 2027 4193 2221 4261; x_wconf 83' lang='lat' dir='ltr'><strong>fuerit,</strong></span> 
     </span>
    </p>
   </div>
   <div class='ocr_carea' id='block_1_40' title="bbox 649 4258 2222 4354">
    <p class='ocr_par' dir='ltr' id='par_1_40' title="bbox 649 4258 2222 4354">
     <span class='ocr_line' id='line_1_40' title="bbox 649 4258 2222 4354; baseline 0.02 -43"><span class='ocrx_word' id='word_1_306' title='bbox 649 4258 888 4324; x_wconf 79' lang='lat' dir='ltr'><strong>perfecta</strong></span> <span class='ocrx_word' id='word_1_307' title='bbox 927 4276 1148 4332; x_wconf 85' lang='lat' dir='ltr'><strong>quoque</strong></span> <span class='ocrx_word' id='word_1_308' title='bbox 1186 4266 1327 4321; x_wconf 89' lang='lat' dir='ltr'><strong>bona</strong></span> <span class='ocrx_word' id='word_1_309' title='bbox 1362 4269 1526 4325; x_wconf 85' lang='lat' dir='ltr'><strong>eﬂicit</strong></span> <span class='ocrx_word' id='word_1_310' title='bbox 1556 4291 1567 4327; x_wconf 90' lang='lat'><strong>:</strong></span> <span class='ocrx_word' id='word_1_311' title='bbox 1608 4274 1664 4329; x_wconf 90' lang='lat' dir='ltr'><strong>in</strong></span> <span class='ocrx_word' id='word_1_312' title='bbox 1700 4280 1907 4346; x_wconf 88' lang='lat' dir='ltr'><strong>quibus</strong></span> <span class='ocrx_word' id='word_1_313' title='bbox 1936 4283 2120 4354; x_wconf 89' lang='lat' dir='ltr'><strong>aliqua</strong></span> <span class='ocrx_word' id='word_1_314' title='bbox 2156 4258 2222 4342; x_wconf 72' lang='lat' dir='ltr'><strong>ex</strong></span> 
     </span>
    </p>
   </div>
   <div class='ocr_carea' id='block_1_41' title="bbox 651 4352 2220 4434">
    <p class='ocr_par' dir='ltr' id='par_1_41' title="bbox 651 4352 2220 4434">
     <span class='ocr_line' id='line_1_41' title="bbox 651 4352 2220 4434; baseline 0.02 -34"><span class='ocrx_word' id='word_1_315' title='bbox 651 4358 803 4415; x_wconf 82' lang='lat' dir='ltr'><strong>parte</strong></span> <span class='ocrx_word' id='word_1_316' title='bbox 822 4390 836 4415; x_wconf 96' lang='lat'><strong>,</strong></span> <span class='ocrx_word' id='word_1_317' title='bbox 864 4352 1125 4422; x_wconf 84' lang='lat' dir='ltr'><strong>aliqualia</strong></span> <span class='ocrx_word' id='word_1_318' title='bbox 1154 4372 1169 4421; x_wconf 89' lang='lat'><strong>;</strong></span> <span class='ocrx_word' id='word_1_319' title='bbox 1204 4356 1257 4410; x_wconf 93' lang='lat' dir='ltr'><strong>in</strong></span> <span class='ocrx_word' id='word_1_320' title='bbox 1289 4360 1492 4428; x_wconf 89' lang='lat' dir='ltr'><strong>quibus</strong></span> <span class='ocrx_word' id='word_1_321' title='bbox 1523 4362 1762 4434; x_wconf 79' lang='lat' dir='ltr'><strong>denique</strong></span> <span class='ocrx_word' id='word_1_322' title='bbox 1790 4352 2105 4429; x_wconf 79' lang='lat' dir='ltr'><strong>nullatenus</strong></span> <span class='ocrx_word' id='word_1_323' title='bbox 2133 4376 2220 4430; x_wconf 86' lang='lat' dir='ltr'><strong>in-</strong></span> 
     </span>
    </p>
   </div>
   <div class='ocr_carea' id='block_1_42' title="bbox 646 4438 2291 4540">
    <p class='ocr_par' dir='ltr' id='par_1_42' title="bbox 646 4438 2291 4540">
     <span class='ocr_line' id='line_1_42' title="bbox 646 4438 2291 4540; baseline 0.019 -50"><span class='ocrx_word' id='word_1_324' title='bbox 646 4438 755 4502; x_wconf 87' lang='lat' dir='ltr'><strong>sit,</strong></span> <span class='ocrx_word' id='word_1_325' title='bbox 791 4456 891 4498; x_wconf 88' lang='lat' dir='ltr'><strong>nec</strong></span> <span class='ocrx_word' id='word_1_326' title='bbox 925 4443 1041 4512; x_wconf 88' lang='lat' dir='ltr'><strong>ipsa</strong></span> <span class='ocrx_word' id='word_1_327' title='bbox 1074 4453 1245 4512; x_wconf 87' lang='lat' dir='ltr'><strong>sunt;</strong></span> <span class='ocrx_word' id='word_1_328' title='bbox 1280 4457 1334 4502; x_wconf 89' lang='lat' dir='ltr'><strong>et</strong></span> <span class='ocrx_word' id='word_1_329' title='bbox 1364 4450 1503 4503; x_wconf 91' lang='lat' dir='ltr'><strong>mala</strong></span> <span class='ocrx_word' id='word_1_330' title='bbox 1534 4467 1766 4521; x_wconf 79' lang='lat' dir='ltr'><strong>prorsus</strong></span> <span class='ocrx_word' id='word_1_331' title='bbox 1790 4458 2072 4516; x_wconf 80' lang='lat' dir='ltr'><strong>dicuntur.</strong></span> <span class='ocrx_word' id='word_1_332' title='bbox 2244 4484 2291 4540; x_wconf 77' lang='grc' dir='ltr'><strong>ι)</strong></span> 
     </span>
    </p>
   </div>
   <div class='ocr_carea' id='block_1_43' title="bbox 713 4532 2213 4617">
    <p class='ocr_par' dir='ltr' id='par_1_43' title="bbox 713 4532 2213 4617">
     <span class='ocr_line' id='line_1_43' title="bbox 713 4532 2213 4617; baseline 0.019 -33"><span class='ocrx_word' id='word_1_333' title='bbox 713 4532 802 4586; x_wconf 83' lang='grc'><strong>59.</strong></span> <span class='ocrx_word' id='word_1_334' title='bbox 844 4532 1157 4589; x_wconf 88' lang='lat' dir='ltr'><strong>Fornicatio</strong></span> <span class='ocrx_word' id='word_1_335' title='bbox 1185 4553 1291 4608; x_wconf 88' lang='lat' dir='ltr'><strong>qua</strong></span> <span class='ocrx_word' id='word_1_336' title='bbox 1322 4543 1539 4597; x_wconf 88' lang='lat' dir='ltr'><strong>ratione</strong></span> <span class='ocrx_word' id='word_1_337' title='bbox 1565 4548 1829 4616; x_wconf 90' lang='lat' dir='ltr'><strong>appetitio</strong></span> <span class='ocrx_word' id='word_1_338' title='bbox 1847 4591 1863 4617; x_wconf 94' lang='lat'><strong>,</strong></span> <span class='ocrx_word' id='word_1_339' title='bbox 1889 4561 1943 4608; x_wconf 91' lang='lat' dir='ltr'><strong>et</strong></span> <span class='ocrx_word' id='word_1_340' title='bbox 1970 4557 2213 4612; x_wconf 91' lang='lat' dir='ltr'><strong>amicitia</strong></span> 
     </span>
    </p>
   </div>
   <div class='ocr_carea' id='block_1_44' title="bbox 641 4625 2213 4717">
    <p class='ocr_par' dir='ltr' id='par_1_44' title="bbox 641 4625 2213 4717">
     <span class='ocr_line' id='line_1_44' title="bbox 641 4625 2213 4717; baseline 0.018 -42"><span class='ocrx_word' id='word_1_341' title='bbox 641 4635 694 4676; x_wconf 89' lang='lat' dir='ltr'><strong>et</strong></span> <span class='ocrx_word' id='word_1_342' title='bbox 722 4625 917 4694; x_wconf 91' lang='lat' dir='ltr'><strong>copula</strong></span> <span class='ocrx_word' id='word_1_343' title='bbox 948 4636 1063 4692; x_wconf 92' lang='lat' dir='ltr'><strong>est,</strong></span> <span class='ocrx_word' id='word_1_344' title='bbox 1101 4629 1305 4684; x_wconf 91' lang='lat' dir='ltr'><strong>bonum</strong></span> <span class='ocrx_word' id='word_1_345' title='bbox 1336 4641 1459 4688; x_wconf 88' lang='lat' dir='ltr'><strong>est:</strong></span> <span class='ocrx_word' id='word_1_346' title='bbox 1491 4646 1763 4703; x_wconf 90' lang='lat' dir='ltr'><strong>quatenus</strong></span> <span class='ocrx_word' id='word_1_347' title='bbox 1785 4650 1969 4698; x_wconf 90' lang='lat' dir='ltr'><strong>autem</strong></span> <span class='ocrx_word' id='word_1_348' title='bbox 2000 4649 2213 4717; x_wconf 85' lang='lat' dir='ltr'><strong>cupidi-</strong></span> 
     </span>
    </p>
   </div>
   <div class='ocr_carea' id='block_1_45' title="bbox 644 4716 2211 4806">
    <p class='ocr_par' dir='ltr' id='par_1_45' title="bbox 644 4716 2211 4806">
     <span class='ocr_line' id='line_1_45' title="bbox 644 4716 2211 4806; baseline 0.02 -42"><span class='ocrx_word' id='word_1_349' title='bbox 644 4724 726 4767; x_wconf 86' lang='lat' dir='ltr'><strong>tas</strong></span> <span class='ocrx_word' id='word_1_350' title='bbox 757 4722 840 4769; x_wconf 90' lang='lat' dir='ltr'><strong>est</strong></span> <span class='ocrx_word' id='word_1_351' title='bbox 871 4716 1047 4782; x_wconf 92' lang='lat' dir='ltr'><strong>illius,</strong></span> <span class='ocrx_word' id='word_1_352' title='bbox 1077 4720 1223 4788; x_wconf 92' lang='lat' dir='ltr'><strong>quod</strong></span> <span class='ocrx_word' id='word_1_353' title='bbox 1253 4723 1476 4778; x_wconf 90' lang='lat' dir='ltr'><strong>minimc</strong></span> <span class='ocrx_word' id='word_1_354' title='bbox 1504 4737 1807 4797; x_wconf 84' lang='lat' dir='ltr'><strong>congruat,</strong></span> <span class='ocrx_word' id='word_1_355' title='bbox 1838 4736 2096 4806; x_wconf 88' lang='lat' dir='ltr'><strong>quodque</strong></span> <span class='ocrx_word' id='word_1_356' title='bbox 2127 4741 2211 4795; x_wconf 85' lang='lat' dir='ltr'><strong>lex</strong></span> 
     </span>
    </p>
   </div>
   <div class='ocr_carea' id='block_1_46' title="bbox 642 4803 2209 4899">
    <p class='ocr_par' dir='ltr' id='par_1_46' title="bbox 642 4803 2209 4899">
     <span class='ocr_line' id='line_1_46' title="bbox 642 4803 2209 4899; baseline 0.021 -44"><span class='ocrx_word' id='word_1_357' title='bbox 642 4803 824 4857; x_wconf 83' lang='lat' dir='ltr'><strong>uivina</strong></span> <span class='ocrx_word' id='word_1_358' title='bbox 856 4816 1035 4871; x_wconf 73' lang='lat' dir='ltr'><strong>vetet,</strong></span> <span class='ocrx_word' id='word_1_359' title='bbox 1078 4812 1282 4864; x_wconf 89' lang='lat' dir='ltr'><strong>malum</strong></span> <span class='ocrx_word' id='word_1_360' title='bbox 1311 4822 1416 4867; x_wconf 88' lang='lat' dir='ltr'><strong>est.</strong></span> <span class='ocrx_word' id='word_1_361' title='bbox 1453 4814 1586 4870; x_wconf 86' lang='lat' dir='ltr'><strong>Natu</strong></span> <span class='ocrx_word' id='word_1_362' title='bbox 1632 4820 1762 4876; x_wconf 89' lang='lat' dir='ltr'><strong>illud</strong></span> <span class='ocrx_word' id='word_1_363' title='bbox 1798 4840 1903 4880; x_wconf 91' lang='lat' dir='ltr'><strong>non</strong></span> <span class='ocrx_word' id='word_1_364' title='bbox 1947 4803 2030 4883; x_wconf 79' lang='lat' dir='ltr'><strong>est</strong></span> <span class='ocrx_word' id='word_1_365' title='bbox 2065 4835 2209 4899; x_wconf 85' lang='lat' dir='ltr'><strong>quod</strong></span> 
     </span>
    </p>
   </div>
   <div class='ocr_carea' id='block_1_47' title="bbox 641 4895 2212 4987">
    <p class='ocr_par' dir='ltr' id='par_1_47' title="bbox 641 4895 2212 4987">
     <span class='ocr_line' id='line_1_47' title="bbox 641 4895 2212 4987; baseline 0.025 -44"><span class='ocrx_word' id='word_1_366' title='bbox 641 4908 748 4946; x_wconf 91' lang='lat' dir='ltr'><strong>non</strong></span> <span class='ocrx_word' id='word_1_367' title='bbox 776 4895 1102 4964; x_wconf 87' lang='lat' dir='ltr'><strong>imperatum</strong></span> <span class='ocrx_word' id='word_1_368' title='bbox 1126 4938 1141 4963; x_wconf 93' lang='lat'><strong>,</strong></span> <span class='ocrx_word' id='word_1_369' title='bbox 1181 4902 1274 4955; x_wconf 89' lang='lat' dir='ltr'><strong>sed</strong></span> <span class='ocrx_word' id='word_1_370' title='bbox 1304 4904 1643 4971; x_wconf 85' lang='lat' dir='ltr'><strong>prohibitum</strong></span> <span class='ocrx_word' id='word_1_371' title='bbox 1671 4922 1757 4965; x_wconf 90' lang='lat' dir='ltr'><strong>est</strong></span> <span class='ocrx_word' id='word_1_372' title='bbox 1781 4954 1794 4976; x_wconf 93' lang='lat'><strong>,</strong></span> <span class='ocrx_word' id='word_1_373' title='bbox 1828 4924 1885 4968; x_wconf 91' lang='lat' dir='ltr'><strong>ut</strong></span> <span class='ocrx_word' id='word_1_374' title='bbox 1911 4923 2055 4987; x_wconf 88' lang='lat' dir='ltr'><strong>quod</strong></span> <span class='ocrx_word' id='word_1_375' title='bbox 2081 4895 2212 4981; x_wconf 73' lang='lat' dir='ltr'><strong>esse</strong></span> 
     </span>
    </p>
   </div>
   <div class='ocr_carea' id='block_1_48' title="bbox 1844 336 2747 433">
    <p class='ocr_par' dir='ltr' id='par_1_48' title="bbox 1844 336 2747 433">
     <span class='ocr_line' id='line_1_48' title="bbox 1844 336 2747 433; baseline 0.029 -25"><span class='ocrx_word' id='word_1_376' title='bbox 1844 336 1920 411; x_wconf 24' lang='lat' dir='ltr'><strong>IS.</strong></span> <span class='ocrx_word' id='word_1_377' title='bbox 1963 352 2281 420; x_wconf 68' lang='lat' dir='ltr'><strong>JOANNIS</strong></span> <span class='ocrx_word' id='word_1_378' title='bbox 2320 363 2747 433; x_wconf 69' lang='lat' dir='ltr'><strong>DAMASCENI</strong></span> 
     </span>
    </p>
   </div>
   <div class='ocr_carea' id='block_1_49' title="bbox 725 442 2500 545">
    <p class='ocr_par' dir='ltr' id='par_1_49' title="bbox 725 442 2500 545">
     <span class='ocr_line' id='line_1_49' title="bbox 725 442 2500 545; baseline 0.026 -56"><span class='ocrx_word' id='word_1_379' title='bbox 725 442 1007 511; x_wconf 57' lang='lat' dir='ltr'><strong>corruptio</strong></span> <span class='ocrx_word' id='word_1_380' title='bbox 1038 446 1204 500; x_wconf 64' lang='lat' dir='ltr'><strong>vitam</strong></span> <span class='ocrx_word' id='word_1_381' title='bbox 1237 446 1412 506; x_wconf 70' lang='lat' dir='ltr'><strong>aﬂ‘ert.</strong></span> <span class='ocrx_word' id='word_1_382' title='bbox 1447 454 1500 508; x_wconf 88' lang='lat' dir='ltr'><strong>Si</strong></span> <span class='ocrx_word' id='word_1_383' title='bbox 1557 469 1621 510; x_wconf 84' lang='lat' dir='ltr'><strong>ex</strong></span> <span class='ocrx_word' id='word_1_384' title='bbox 1685 458 1868 530; x_wconf 92' lang='lat' dir='ltr'><strong>bono,</strong></span> <span class='ocrx_word' id='word_1_385' title='bbox 1917 466 2121 525; x_wconf 90' lang='lat' dir='ltr'><strong>bonum</strong></span> <span class='ocrx_word' id='word_1_386' title='bbox 2174 490 2302 545; x_wconf 82' lang='lat' dir='ltr'><strong>ergo</strong></span> <span class='ocrx_word' id='word_1_387' title='bbox 2332 487 2376 541; x_wconf 76' lang='grc' dir='ltr'>Α</span> <span class='ocrx_word' id='word_1_388' title='bbox 2407 484 2500 536; x_wconf 69' lang='grc' dir='ltr'><strong>καὶ</strong></span> 
     </span>
    </p>
   </div>
   <div class='ocr_carea' id='block_1_50' title="bbox 719 530 2295 633">
    <p class='ocr_par' dir='ltr' id='par_1_50' title="bbox 719 530 2295 633">
     <span class='ocr_line' id='line_1_50' title="bbox 719 530 2295 633; baseline 0.023 -51"><span class='ocrx_word' id='word_1_389' title='bbox 719 530 925 586; x_wconf 85' lang='lat' dir='ltr'><strong>bonum</strong></span> <span class='ocrx_word' id='word_1_390' title='bbox 956 550 1066 589; x_wconf 92' lang='lat' dir='ltr'><strong>non</strong></span> <span class='ocrx_word' id='word_1_391' title='bbox 1103 539 1239 604; x_wconf 86' lang='lat' dir='ltr'><strong>erit,</strong></span> <span class='ocrx_word' id='word_1_392' title='bbox 1275 550 1334 595; x_wconf 96' lang='lat' dir='ltr'><strong>ut</strong></span> <span class='ocrx_word' id='word_1_393' title='bbox 1372 544 1518 611; x_wconf 86' lang='lat' dir='ltr'><strong>quod</strong></span> <span class='ocrx_word' id='word_1_394' title='bbox 1564 549 1709 605; x_wconf 89' lang='lat' dir='ltr'><strong>malo</strong></span> <span class='ocrx_word' id='word_1_395' title='bbox 1760 560 1869 608; x_wconf 90' lang='lat' dir='ltr'><strong>tam</strong></span> <span class='ocrx_word' id='word_1_396' title='bbox 1924 560 2084 625; x_wconf 81' lang='lat' dir='ltr'><strong>vitae,</strong></span> <span class='ocrx_word' id='word_1_397' title='bbox 2131 530 2295 633; x_wconf 55' lang='lat' dir='ltr'><strong>quain</strong></span> 
     </span>
    </p>
   </div>
   <div class='ocr_carea' id='block_1_51' title="bbox 721 632 2295 711">
    <p class='ocr_par' dir='ltr' id='par_1_51' title="bbox 721 632 2295 711">
     <span class='ocr_line' id='line_1_51' title="bbox 721 632 2295 711; baseline 0.024 -38"><span class='ocrx_word' id='word_1_398' title='bbox 721 632 900 677; x_wconf 87' lang='lat' dir='ltr'><strong>motus</strong></span> <span class='ocrx_word' id='word_1_399' title='bbox 950 640 1117 682; x_wconf 90' lang='lat' dir='ltr'><strong>causa</strong></span> <span class='ocrx_word' id='word_1_400' title='bbox 1166 632 1460 689; x_wconf 80' lang='lat' dir='ltr'><strong>exstiterit.</strong></span> <span class='ocrx_word' id='word_1_401' title='bbox 1515 636 1693 694; x_wconf 86' lang='lat' dir='ltr'><strong>Eccur</strong></span> <span class='ocrx_word' id='word_1_402' title='bbox 1741 655 1924 700; x_wconf 80' lang='lat' dir='ltr'><strong>autent</strong></span> <span class='ocrx_word' id='word_1_403' title='bbox 1976 666 2104 705; x_wconf 86' lang='lat' dir='ltr'><strong>eum</strong></span> <span class='ocrx_word' id='word_1_404' title='bbox 2154 632 2295 711; x_wconf 86' lang='lat' dir='ltr'><strong>mala</strong></span> 
     </span>
    </p>
   </div>
   <div class='ocr_carea' id='block_1_52' title="bbox 3863 405 3985 470">
    <p class='ocr_par' dir='ltr' id='par_1_52' title="bbox 3863 405 3985 470">
     <span class='ocr_line' id='line_1_52' title="bbox 3863 405 3985 470; baseline 0.025 -3"><span class='ocrx_word' id='word_1_405' title='bbox 3863 405 3985 470; x_wconf 57' lang='lat' dir='ltr'><strong>Ibi-2</strong></span> 
     </span>
    </p>
   </div>
   <div class='ocr_carea' id='block_1_53' title="bbox 2540 492 3985 585">
    <p class='ocr_par' dir='ltr' id='par_1_53' title="bbox 2540 492 3985 585">
     <span class='ocr_line' id='line_1_53' title="bbox 2540 492 3985 585; baseline 0.026 -48"><span class='ocrx_word' id='word_1_406' title='bbox 2540 492 2802 559; x_wconf 81' lang='grc' dir='ltr'>κινήσεως</span> <span class='ocrx_word' id='word_1_407' title='bbox 2823 496 3044 561; x_wconf 72' lang='grc' dir='ltr'>γεγονὸς</span> <span class='ocrx_word' id='word_1_408' title='bbox 3067 501 3259 558; x_wconf 74' lang='grc' dir='ltr'>αἴτιον.</span> <span class='ocrx_word' id='word_1_409' title='bbox 3293 507 3405 560; x_wconf 66' lang='grc' dir='ltr'>Καὶ</span> <span class='ocrx_word' id='word_1_410' title='bbox 3434 510 3523 563; x_wconf 74' lang='grc' dir='ltr'><strong>διὰ</strong></span> <span class='ocrx_word' id='word_1_411' title='bbox 3549 514 3604 565; x_wconf 85' lang='grc' dir='ltr'><strong>τι</strong></span> <span class='ocrx_word' id='word_1_412' title='bbox 3645 518 3899 585; x_wconf 55' lang='grc' dir='ltr'>πφειδὶρς</span> <span class='ocrx_word' id='word_1_413' title='bbox 3929 529 3985 576; x_wconf 63' lang='grc' dir='ltr'>τά</span> 
     </span>
    </p>
   </div>
   <div class='ocr_carea' id='block_1_54' title="bbox 2404 576 3701 671">
    <p class='ocr_par' dir='ltr' id='par_1_54' title="bbox 2404 576 3701 671">
     <span class='ocr_line' id='line_1_54' title="bbox 2404 576 3701 671; baseline 0.025 -45"><span class='ocrx_word' id='word_1_414' title='bbox 2404 576 2460 641; x_wconf 77' lang='grc' dir='ltr'><strong>ἐξ</strong></span> <span class='ocrx_word' id='word_1_415' title='bbox 2492 578 2654 633; x_wconf 74' lang='grc' dir='ltr'>αὑτοῦ</span> <span class='ocrx_word' id='word_1_416' title='bbox 2684 584 2916 655; x_wconf 84' lang='grc' dir='ltr'><strong>ἐσόμενα</strong></span> <span class='ocrx_word' id='word_1_417' title='bbox 2947 592 3113 655; x_wconf 76' lang='grc' dir='ltr'>κακὰ,</span> <span class='ocrx_word' id='word_1_418' title='bbox 3138 594 3506 669; x_wconf 75' lang='grc' dir='ltr'>ὲζωοποὶησεν</span> <span class='ocrx_word' id='word_1_419' title='bbox 3530 606 3701 671; x_wconf 62' lang='grc' dir='ltr'>αὑτός</span> 
     </span>
    </p>
   </div>
   <div class='ocr_carea' id='block_1_55' title="bbox 2468 858 3977 954">
    <p class='ocr_par' dir='ltr' id='par_1_55' title="bbox 2468 858 3977 954">
     <span class='ocr_line' id='line_1_55' title="bbox 2468 858 3977 954; baseline 0.023 -46"><span class='ocrx_word' id='word_1_420' title='bbox 2468 858 2558 911; x_wconf 81' lang='grc' dir='ltr'><strong>νδ’.</strong></span> <span class='ocrx_word' id='word_1_421' title='bbox 2589 858 2662 911; x_wconf 84' lang='grc' dir='ltr'>Τὸ</span> <span class='ocrx_word' id='word_1_422' title='bbox 2711 863 2897 928; x_wconf 69' lang='grc' dir='ltr'>κακὸν,</span> <span class='ocrx_word' id='word_1_423' title='bbox 2942 867 3075 920; x_wconf 84' lang='grc' dir='ltr'>καθὸ</span> <span class='ocrx_word' id='word_1_424' title='bbox 3106 870 3220 923; x_wconf 80' lang='grc' dir='ltr'>ἐστι</span> <span class='ocrx_word' id='word_1_425' title='bbox 3254 876 3442 940; x_wconf 74' lang='grc' dir='ltr'>κακὸν,</span> <span class='ocrx_word' id='word_1_426' title='bbox 3477 880 3555 949; x_wconf 82' lang='grc' dir='ltr'>τῷ</span> <span class='ocrx_word' id='word_1_427' title='bbox 3604 883 3808 954; x_wconf 82' lang='grc' dir='ltr'>ἀγαθῷ</span> <span class='ocrx_word' id='word_1_428' title='bbox 3838 890 3977 942; x_wconf 75' lang='grc' dir='ltr'>ἀκοι-</span> 
     </span>
    </p>
   </div>
   <div class='ocr_carea' id='block_1_56' title="bbox 2395 952 3975 1046">
    <p class='ocr_par' dir='ltr' id='par_1_56' title="bbox 2395 952 3975 1046">
     <span class='ocr_line' id='line_1_56' title="bbox 2395 952 3975 1046; baseline 0.019 -43"><span class='ocrx_word' id='word_1_429' title='bbox 2395 952 2653 1019; x_wconf 80' lang='grc' dir='ltr'>νώνητον,</span> <span class='ocrx_word' id='word_1_430' title='bbox 2695 958 2788 1007; x_wconf 72' lang='grc' dir='ltr'><strong>καὶ</strong></span> <span class='ocrx_word' id='word_1_431' title='bbox 2811 958 3074 1024; x_wconf 75' lang='grc' dir='ltr'>ἐναντίον,</span> <span class='ocrx_word' id='word_1_432' title='bbox 3106 963 3201 1016; x_wconf 80' lang='grc' dir='ltr'>καὶ</span> <span class='ocrx_word' id='word_1_433' title='bbox 3227 966 3419 1035; x_wconf 79' lang='grc' dir='ltr'>ἐχθρόν</span> <span class='ocrx_word' id='word_1_434' title='bbox 3438 984 3451 995; x_wconf 89' lang='grc'><strong>·</strong></span> <span class='ocrx_word' id='word_1_435' title='bbox 3470 973 3502 1039; x_wconf 80' lang='grc' dir='ltr'>ἡ</span> <span class='ocrx_word' id='word_1_436' title='bbox 3518 972 3571 1024; x_wconf 82' lang='grc' dir='ltr'><strong>δὲ</strong></span> <span class='ocrx_word' id='word_1_437' title='bbox 3598 952 3878 1046; x_wconf 72' lang='grc' dir='ltr'>ἐπιθυμία</span> <span class='ocrx_word' id='word_1_438' title='bbox 3896 983 3975 1034; x_wconf 65' lang='grc' dir='ltr'>τοῦ</span> 
     </span>
    </p>
   </div>
   <div class='ocr_carea' id='block_1_57' title="bbox 2394 1043 3977 1141">
    <p class='ocr_par' dir='ltr' id='par_1_57' title="bbox 2394 1043 3977 1141">
     <span class='ocr_line' id='line_1_57' title="bbox 2394 1043 3977 1141; baseline 0.019 -47"><span class='ocrx_word' id='word_1_439' title='bbox 2394 1043 2623 1109; x_wconf 78' lang='grc' dir='ltr'><strong>ἀγαθοῦ,</strong></span> <span class='ocrx_word' id='word_1_440' title='bbox 2660 1047 2883 1115; x_wconf 80' lang='grc' dir='ltr'>ἀγαθόν.</span> <span class='ocrx_word' id='word_1_441' title='bbox 2908 1051 3031 1115; x_wconf 85' lang='grc' dir='ltr'><strong>Πῶς</strong></span> <span class='ocrx_word' id='word_1_442' title='bbox 3057 1054 3150 1107; x_wconf 78' lang='grc' dir='ltr'><strong>οὖν</strong></span> <span class='ocrx_word' id='word_1_443' title='bbox 3175 1058 3234 1109; x_wconf 81' lang='grc' dir='ltr'>τὸ</span> <span class='ocrx_word' id='word_1_444' title='bbox 3252 1059 3438 1128; x_wconf 82' lang='grc' dir='ltr'>ἄκρως</span> <span class='ocrx_word' id='word_1_445' title='bbox 3452 1066 3626 1118; x_wconf 82' lang='grc' dir='ltr'>κακὸν</span> <span class='ocrx_word' id='word_1_446' title='bbox 3660 1043 3977 1141; x_wconf 65' lang='grc' dir='ltr'>ἐπεθύμησε</span> 
     </span>
    </p>
   </div>
   <div class='ocr_carea' id='block_1_58' title="bbox 2390 1134 2759 1205">
    <p class='ocr_par' dir='ltr' id='par_1_58' title="bbox 2390 1134 2759 1205">
     <span class='ocr_line' id='line_1_58' title="bbox 2390 1134 2759 1205; baseline 0.019 -20"><span class='ocrx_word' id='word_1_447' title='bbox 2390 1134 2484 1187; x_wconf 83' lang='grc' dir='ltr'>τοῦ</span> <span class='ocrx_word' id='word_1_448' title='bbox 2516 1136 2726 1205; x_wconf 78' lang='grc' dir='ltr'>ἀγαθοῦ</span> <span class='ocrx_word' id='word_1_449' title='bbox 2746 1157 2759 1202; x_wconf 81' lang='grc' dir='ltr'>ς</span> 
     </span>
    </p>
   </div>
   <div class='ocr_carea' id='block_1_59' title="bbox 2458 1314 3974 1405">
    <p class='ocr_par' dir='ltr' id='par_1_59' title="bbox 2458 1314 3974 1405">
     <span class='ocr_line' id='line_1_59' title="bbox 2458 1314 3974 1405; baseline 0.018 -41"><span class='ocrx_word' id='word_1_450' title='bbox 2458 1318 2549 1365; x_wconf 78' lang='grc' dir='ltr'><strong>γε’.</strong></span> <span class='ocrx_word' id='word_1_451' title='bbox 2593 1314 2656 1367; x_wconf 85' lang='grc' dir='ltr'><em>Ἢ</em></span> <span class='ocrx_word' id='word_1_452' title='bbox 2691 1316 2879 1381; x_wconf 83' lang='grc' dir='ltr'><strong>κακία,</strong></span> <span class='ocrx_word' id='word_1_453' title='bbox 2908 1321 3184 1391; x_wconf 73' lang='grc' dir='ltr'>ἀκίνητος,</span> <span class='ocrx_word' id='word_1_454' title='bbox 3220 1328 3314 1379; x_wconf 70' lang='grc' dir='ltr'><strong>καὶ</strong></span> <span class='ocrx_word' id='word_1_455' title='bbox 3348 1329 3524 1400; x_wconf 77' lang='grc' dir='ltr'>φθορά</span> <span class='ocrx_word' id='word_1_456' title='bbox 3558 1335 3769 1401; x_wconf 72' lang='grc' dir='ltr'>μᾶλλον</span> <span class='ocrx_word' id='word_1_457' title='bbox 3800 1336 3833 1405; x_wconf 72' lang='grc' dir='ltr'>ἦ</span> <span class='ocrx_word' id='word_1_458' title='bbox 3865 1340 3974 1405; x_wconf 80' lang='grc' dir='ltr'>γέν-</span> 
     </span>
    </p>
   </div>
   <div class='ocr_carea' id='block_1_60' title="bbox 2387 1409 3973 1499">
    <p class='ocr_par' dir='ltr' id='par_1_60' title="bbox 2387 1409 3973 1499">
     <span class='ocr_line' id='line_1_60' title="bbox 2387 1409 3973 1499; baseline 0.015 -42"><span class='ocrx_word' id='word_1_459' title='bbox 2387 1422 2539 1473; x_wconf 76' lang='grc' dir='ltr'>νησις</span> <span class='ocrx_word' id='word_1_460' title='bbox 2585 1416 2634 1462; x_wconf 69' lang='grc' dir='ltr'><strong>τι.</strong></span> <span class='ocrx_word' id='word_1_461' title='bbox 2687 1409 2811 1471; x_wconf 85' lang='grc' dir='ltr'><strong>Πῶς</strong></span> <span class='ocrx_word' id='word_1_462' title='bbox 2866 1413 2959 1463; x_wconf 78' lang='grc' dir='ltr'><strong>οὖν</strong></span> <span class='ocrx_word' id='word_1_463' title='bbox 2982 1416 3344 1485; x_wconf 83' lang='grc' dir='ltr'>προεϐάλλετο</span> <span class='ocrx_word' id='word_1_464' title='bbox 3376 1423 3442 1475; x_wconf 84' lang='grc' dir='ltr'>τὰ</span> <span class='ocrx_word' id='word_1_465' title='bbox 3495 1425 3698 1496; x_wconf 77' lang='grc' dir='ltr'>ἑαυτῆς</span> <span class='ocrx_word' id='word_1_466' title='bbox 3735 1430 3973 1499; x_wconf 57' lang='grc' dir='ltr'><strong>πωῦλή-</strong></span> 
     </span>
    </p>
   </div>
   <div class='ocr_carea' id='block_1_61' title="bbox 2388 1498 3968 1582">
    <p class='ocr_par' dir='ltr' id='par_1_61' title="bbox 2388 1498 3968 1582">
     <span class='ocr_line' id='line_1_61' title="bbox 2388 1498 3968 1582; baseline 0.018 -37"><span class='ocrx_word' id='word_1_467' title='bbox 2388 1512 2531 1563; x_wconf 89' lang='grc' dir='ltr'>ματα</span> <span class='ocrx_word' id='word_1_468' title='bbox 2588 1498 2621 1566; x_wconf 84' lang='grc' dir='ltr'>ἡ</span> <span class='ocrx_word' id='word_1_469' title='bbox 2681 1500 2869 1562; x_wconf 81' lang='grc' dir='ltr'>κακία,</span> <span class='ocrx_word' id='word_1_470' title='bbox 2930 1503 3106 1569; x_wconf 76' lang='grc' dir='ltr'>ἀζωος</span> <span class='ocrx_word' id='word_1_471' title='bbox 3144 1509 3237 1559; x_wconf 80' lang='grc' dir='ltr'><strong>καὶ</strong></span> <span class='ocrx_word' id='word_1_472' title='bbox 3286 1511 3654 1582; x_wconf 81' lang='grc' dir='ltr'>ἀναίσθητος;</span> <span class='ocrx_word' id='word_1_473' title='bbox 3717 1520 3845 1581; x_wconf 73' lang='grc' dir='ltr'>πῶς</span> <span class='ocrx_word' id='word_1_474' title='bbox 3884 1520 3968 1573; x_wconf 75' lang='grc' dir='ltr'>οὖν</span> 
     </span>
    </p>
   </div>
   <div class='ocr_carea' id='block_1_62' title="bbox 2383 1585 3965 1678">
    <p class='ocr_par' dir='ltr' id='par_1_62' title="bbox 2383 1585 3965 1678">
     <span class='ocr_line' id='line_1_62' title="bbox 2383 1585 3965 1678; baseline 0.018 -45"><span class='ocrx_word' id='word_1_475' title='bbox 2383 1585 2695 1639; x_wconf 72' lang='grc' dir='ltr'>αἰσθάνεται</span> <span class='ocrx_word' id='word_1_476' title='bbox 2724 1589 2817 1643; x_wconf 81' lang='grc' dir='ltr'>τοῦ</span> <span class='ocrx_word' id='word_1_477' title='bbox 2841 1591 3069 1660; x_wconf 77' lang='grc' dir='ltr'><strong>ἀγαθοῦ,</strong></span> <span class='ocrx_word' id='word_1_478' title='bbox 3102 1599 3197 1649; x_wconf 81' lang='grc' dir='ltr'><strong>καὶ</strong></span> <span class='ocrx_word' id='word_1_479' title='bbox 3223 1599 3330 1652; x_wconf 90' lang='grc' dir='ltr'><strong>τῶν</strong></span> <span class='ocrx_word' id='word_1_480' title='bbox 3353 1601 3443 1654; x_wconf 81' lang='grc' dir='ltr'>τοῦ</span> <span class='ocrx_word' id='word_1_481' title='bbox 3474 1604 3688 1671; x_wconf 79' lang='grc' dir='ltr'>ἀγαθοῦ</span> <span class='ocrx_word' id='word_1_482' title='bbox 3722 1609 3965 1678; x_wconf 67' lang='grc' dir='ltr'><strong>προϐλη-</strong></span> 
     </span>
    </p>
   </div>
   <div class='ocr_carea' id='block_1_63' title="bbox 2386 1677 2606 1745">
    <p class='ocr_par' dir='ltr' id='par_1_63' title="bbox 2386 1677 2606 1745">
     <span class='ocr_line' id='line_1_63' title="bbox 2386 1677 2606 1745; baseline 0.005 -16"><span class='ocrx_word' id='word_1_483' title='bbox 2386 1677 2569 1745; x_wconf 82' lang='grc' dir='ltr'>μάτων</span> <span class='ocrx_word' id='word_1_484' title='bbox 2592 1696 2606 1742; x_wconf 87' lang='grc'><strong>;</strong></span> 
     </span>
    </p>
   </div>
   <div class='ocr_carea' id='block_1_64' title="bbox 2450 1770 3964 1862">
    <p class='ocr_par' dir='ltr' id='par_1_64' title="bbox 2450 1770 3964 1862">
     <span class='ocr_line' id='line_1_64' title="bbox 2450 1770 3964 1862; baseline 0.02 -43"><span class='ocrx_word' id='word_1_485' title='bbox 2450 1775 2555 1833; x_wconf 81' lang='grc' dir='ltr'><strong>νς’.</strong></span> <span class='ocrx_word' id='word_1_486' title='bbox 2587 1770 2659 1823; x_wconf 84' lang='grc' dir='ltr'><strong>Τὸ</strong></span> <span class='ocrx_word' id='word_1_487' title='bbox 2692 1772 2755 1825; x_wconf 80' lang='grc' dir='ltr'>ἐκ</span> <span class='ocrx_word' id='word_1_488' title='bbox 2782 1775 2878 1843; x_wconf 78' lang='grc' dir='ltr'><strong>τῆς</strong></span> <span class='ocrx_word' id='word_1_489' title='bbox 2926 1778 3112 1842; x_wconf 75' lang='grc' dir='ltr'>οὐσίας</span> <span class='ocrx_word' id='word_1_490' title='bbox 3144 1781 3239 1835; x_wconf 80' lang='grc' dir='ltr'>τοῦ</span> <span class='ocrx_word' id='word_1_491' title='bbox 3282 1785 3519 1857; x_wconf 75' lang='grc' dir='ltr'>ἀνάρχου</span> <span class='ocrx_word' id='word_1_492' title='bbox 3544 1792 3640 1843; x_wconf 77' lang='grc' dir='ltr'><strong>καὶ</strong></span> <span class='ocrx_word' id='word_1_493' title='bbox 3677 1793 3964 1862; x_wconf 70' lang='grc' dir='ltr'>ἀκτίστου,</span> 
     </span>
    </p>
   </div>
   <div class='ocr_carea' id='block_1_65' title="bbox 2379 1866 3964 1941">
    <p class='ocr_par' dir='ltr' id='par_1_65' title="bbox 2379 1866 3964 1941">
     <span class='ocr_line' id='line_1_65' title="bbox 2379 1866 3964 1941; baseline 0.018 -28"><span class='ocrx_word' id='word_1_494' title='bbox 2379 1866 2615 1932; x_wconf 76' lang='grc' dir='ltr'><strong>ἄναρχον</strong></span> <span class='ocrx_word' id='word_1_495' title='bbox 2652 1866 2747 1917; x_wconf 74' lang='grc' dir='ltr'><strong>καὶ</strong></span> <span class='ocrx_word' id='word_1_496' title='bbox 2794 1868 3047 1922; x_wconf 83' lang='grc' dir='ltr'>ἀκτιστὸν</span> <span class='ocrx_word' id='word_1_497' title='bbox 3096 1874 3246 1926; x_wconf 74' lang='grc' dir='ltr'>ἐστι·</span> <span class='ocrx_word' id='word_1_498' title='bbox 3280 1878 3397 1941; x_wconf 79' lang='grc' dir='ltr'>πῶς</span> <span class='ocrx_word' id='word_1_499' title='bbox 3444 1877 3537 1934; x_wconf 72' lang='grc' dir='ltr'><strong>οὖν</strong></span> <span class='ocrx_word' id='word_1_500' title='bbox 3578 1884 3651 1936; x_wconf 75' lang='grc' dir='ltr'>τὰ</span> <span class='ocrx_word' id='word_1_501' title='bbox 3687 1886 3876 1939; x_wconf 75' lang='grc' dir='ltr'>πάντα</span> <span class='ocrx_word' id='word_1_502' title='bbox 3908 1892 3964 1941; x_wconf 83' lang='grc' dir='ltr'>ὲκ</span> 
     </span>
    </p>
   </div>
   <div class='ocr_carea' id='block_1_66' title="bbox 2376 1954 3963 2049">
    <p class='ocr_par' dir='ltr' id='par_1_66' title="bbox 2376 1954 3963 2049">
     <span class='ocr_line' id='line_1_66' title="bbox 2376 1954 3963 2049; baseline 0.019 -47"><span class='ocrx_word' id='word_1_503' title='bbox 2376 1954 2474 2022; x_wconf 72' lang='grc' dir='ltr'><strong>τῆς</strong></span> <span class='ocrx_word' id='word_1_504' title='bbox 2501 1955 2686 2018; x_wconf 74' lang='grc' dir='ltr'>οὐσίας</span> <span class='ocrx_word' id='word_1_505' title='bbox 2719 1957 2826 2011; x_wconf 88' lang='grc' dir='ltr'><strong>τῶν</strong></span> <span class='ocrx_word' id='word_1_506' title='bbox 2855 1961 2976 2014; x_wconf 88' lang='grc' dir='ltr'>καθ’</span> <span class='ocrx_word' id='word_1_507' title='bbox 3000 1963 3143 2033; x_wconf 80' lang='grc' dir='ltr'>ὑμᾶς</span> <span class='ocrx_word' id='word_1_508' title='bbox 3162 1966 3345 2036; x_wconf 86' lang='grc' dir='ltr'>ἀρχῶν</span> <span class='ocrx_word' id='word_1_509' title='bbox 3361 1970 3549 2038; x_wconf 84' lang='grc' dir='ltr'><strong>λέγετε</strong></span> <span class='ocrx_word' id='word_1_510' title='bbox 3578 1992 3592 2037; x_wconf 89' lang='grc'>;</span> <span class='ocrx_word' id='word_1_511' title='bbox 3629 1976 3692 2027; x_wconf 82' lang='lat' dir='ltr'><strong>Ei</strong></span> <span class='ocrx_word' id='word_1_512' title='bbox 3725 1978 3835 2045; x_wconf 78' lang='grc' dir='ltr'><strong>μὲν</strong></span> <span class='ocrx_word' id='word_1_513' title='bbox 3860 1981 3963 2049; x_wconf 70' lang='grc' dir='ltr'><strong>γὰρ</strong></span> 
     </span>
    </p>
   </div>
   <div class='ocr_carea' id='block_1_67' title="bbox 2372 2044 3963 2138">
    <p class='ocr_par' dir='ltr' id='par_1_67' title="bbox 2372 2044 3963 2138">
     <span class='ocr_line' id='line_1_67' title="bbox 2372 2044 3963 2138; baseline 0.018 -43"><span class='ocrx_word' id='word_1_514' title='bbox 2372 2044 2437 2097; x_wconf 82' lang='grc' dir='ltr'>ὲκ</span> <span class='ocrx_word' id='word_1_515' title='bbox 2467 2045 2564 2115; x_wconf 82' lang='grc' dir='ltr'><strong>τῆς</strong></span> <span class='ocrx_word' id='word_1_516' title='bbox 2600 2048 2788 2112; x_wconf 80' lang='grc' dir='ltr'>οὐσίας</span> <span class='ocrx_word' id='word_1_517' title='bbox 2844 2053 3022 2107; x_wconf 82' lang='grc' dir='ltr'>αὐτῶν</span> <span class='ocrx_word' id='word_1_518' title='bbox 3073 2058 3177 2110; x_wconf 78' lang='grc' dir='ltr'>εἰσι</span> <span class='ocrx_word' id='word_1_519' title='bbox 3205 2058 3271 2111; x_wconf 84' lang='grc' dir='ltr'><strong>τά</strong></span> <span class='ocrx_word' id='word_1_520' title='bbox 3309 2060 3510 2125; x_wconf 74' lang='grc' dir='ltr'>πάντα,</span> <span class='ocrx_word' id='word_1_521' title='bbox 3539 2064 3712 2134; x_wconf 80' lang='grc' dir='ltr'>ἀρχαὶ</span> <span class='ocrx_word' id='word_1_522' title='bbox 3728 2044 3963 2138; x_wconf 61' lang='grc' dir='ltr'><strong>ἆναρχᾷ</strong></span> 
     </span>
    </p>
   </div>
   <div class='ocr_carea' id='block_1_68' title="bbox 2370 2138 3961 2231">
    <p class='ocr_par' dir='ltr' id='par_1_68' title="bbox 2370 2138 3961 2231">
     <span class='ocr_line' id='line_1_68' title="bbox 2370 2138 3961 2231; baseline 0.017 -44"><span class='ocrx_word' id='word_1_523' title='bbox 2370 2138 2496 2203; x_wconf 78' lang='grc' dir='ltr'>εἱσι,</span> <span class='ocrx_word' id='word_1_524' title='bbox 2533 2140 2626 2191; x_wconf 77' lang='grc' dir='ltr'><strong>καὶ</strong></span> <span class='ocrx_word' id='word_1_525' title='bbox 2682 2141 2857 2195; x_wconf 78' lang='grc' dir='ltr'>οὐδέν.</span> <span class='ocrx_word' id='word_1_526' title='bbox 2904 2145 2968 2199; x_wconf 81' lang='grc' dir='ltr'><strong>Εἰ</strong></span> <span class='ocrx_word' id='word_1_527' title='bbox 3017 2147 3073 2203; x_wconf 85' lang='grc' dir='ltr'><strong>δὲ</strong></span> <span class='ocrx_word' id='word_1_528' title='bbox 3105 2150 3380 2222; x_wconf 80' lang='grc' dir='ltr'>κτίσματά</span> <span class='ocrx_word' id='word_1_529' title='bbox 3416 2155 3580 2223; x_wconf 76' lang='grc' dir='ltr'>εἰσιν,</span> <span class='ocrx_word' id='word_1_530' title='bbox 3616 2158 3721 2211; x_wconf 81' lang='grc' dir='ltr'><strong>οὐκ</strong></span> <span class='ocrx_word' id='word_1_531' title='bbox 3758 2160 3830 2212; x_wconf 77' lang='grc' dir='ltr'>ὲκ</span> <span class='ocrx_word' id='word_1_532' title='bbox 3868 2162 3961 2231; x_wconf 74' lang='grc' dir='ltr'><strong>τῆς</strong></span> 
     </span>
    </p>
   </div>
   <div class='ocr_carea' id='block_1_69' title="bbox 2368 2224 2919 2290">
    <p class='ocr_par' dir='ltr' id='par_1_69' title="bbox 2368 2224 2919 2290">
     <span class='ocr_line' id='line_1_69' title="bbox 2368 2224 2919 2290; baseline 0.018 -14"><span class='ocrx_word' id='word_1_533' title='bbox 2368 2224 2555 2290; x_wconf 84' lang='grc' dir='ltr'>οὐσίας</span> <span class='ocrx_word' id='word_1_534' title='bbox 2576 2228 2756 2284; x_wconf 81' lang='grc' dir='ltr'>αὐτῶν</span> <span class='ocrx_word' id='word_1_535' title='bbox 2791 2231 2919 2288; x_wconf 79' lang='grc' dir='ltr'>εισι.</span> 
     </span>
    </p>
   </div>
   <div class='ocr_carea' id='block_1_70' title="bbox 2433 2491 3951 2575">
    <p class='ocr_par' dir='ltr' id='par_1_70' title="bbox 2433 2491 3951 2575">
     <span class='ocr_line' id='line_1_70' title="bbox 2433 2491 3951 2575; baseline 0.013 -33"><span class='ocrx_word' id='word_1_536' title='bbox 2433 2491 2528 2556; x_wconf 59' lang='grc' dir='ltr'><strong>νζ.</strong></span> <span class='ocrx_word' id='word_1_537' title='bbox 2549 2492 2622 2545; x_wconf 85' lang='grc' dir='ltr'>Τὸ</span> <span class='ocrx_word' id='word_1_538' title='bbox 2649 2495 2837 2561; x_wconf 75' lang='grc' dir='ltr'>κακὸν,</span> <span class='ocrx_word' id='word_1_539' title='bbox 2877 2497 3053 2569; x_wconf 86' lang='grc' dir='ltr'>φθορά</span> <span class='ocrx_word' id='word_1_540' title='bbox 3098 2501 3193 2554; x_wconf 70' lang='grc' dir='ltr'>καὶ</span> <span class='ocrx_word' id='word_1_541' title='bbox 3241 2502 3467 2569; x_wconf 81' lang='grc' dir='ltr'>θάνατος</span> <span class='ocrx_word' id='word_1_542' title='bbox 3488 2522 3501 2535; x_wconf 89' lang='grc'><strong>·</strong></span> <span class='ocrx_word' id='word_1_543' title='bbox 3545 2508 3607 2561; x_wconf 81' lang='grc' dir='ltr'>τὸ</span> <span class='ocrx_word' id='word_1_544' title='bbox 3632 2504 3727 2563; x_wconf 70' lang='grc' dir='ltr'>οὖν</span> <span class='ocrx_word' id='word_1_545' title='bbox 3760 2511 3951 2575; x_wconf 69' lang='grc' dir='ltr'>κακὸν,</span> 
     </span>
    </p>
   </div>
   <div class='ocr_carea' id='block_1_71' title="bbox 2360 2582 3949 2673">
    <p class='ocr_par' dir='ltr' id='par_1_71' title="bbox 2360 2582 3949 2673">
     <span class='ocr_line' id='line_1_71' title="bbox 2360 2582 3949 2673; baseline 0.014 -40"><span class='ocrx_word' id='word_1_546' title='bbox 2360 2582 2409 2634; x_wconf 83' lang='grc' dir='ltr'>εἰ</span> <span class='ocrx_word' id='word_1_547' title='bbox 2438 2583 2534 2651; x_wconf 84' lang='grc' dir='ltr'><strong>μὲν</strong></span> <span class='ocrx_word' id='word_1_548' title='bbox 2560 2583 2741 2650; x_wconf 83' lang='grc' dir='ltr'>ἀλλοις</span> <span class='ocrx_word' id='word_1_549' title='bbox 2774 2590 2958 2652; x_wconf 79' lang='grc' dir='ltr'>κακὸν,</span> <span class='ocrx_word' id='word_1_550' title='bbox 2994 2592 3173 2663; x_wconf 79' lang='grc' dir='ltr'>ἑαυτῷ</span> <span class='ocrx_word' id='word_1_551' title='bbox 3203 2593 3258 2646; x_wconf 85' lang='grc' dir='ltr'><strong>δὲ</strong></span> <span class='ocrx_word' id='word_1_552' title='bbox 3311 2597 3536 2664; x_wconf 85' lang='grc' dir='ltr'>ἀγαθὸν,</span> <span class='ocrx_word' id='word_1_553' title='bbox 3575 2605 3813 2672; x_wconf 75' lang='grc' dir='ltr'>συνιατᾷ</span> <span class='ocrx_word' id='word_1_554' title='bbox 3848 2605 3949 2673; x_wconf 85' lang='grc' dir='ltr'>μὲν</span> 
     </span>
    </p>
   </div>
   <div class='ocr_carea' id='block_1_72' title="bbox 2358 2675 3949 2763">
    <p class='ocr_par' dir='ltr' id='par_1_72' title="bbox 2358 2675 3949 2763">
     <span class='ocr_line' id='line_1_72' title="bbox 2358 2675 3949 2763; baseline 0.014 -36"><span class='ocrx_word' id='word_1_555' title='bbox 2358 2675 2520 2729; x_wconf 78' lang='grc' dir='ltr'>ἑαυτὸ</span> <span class='ocrx_word' id='word_1_556' title='bbox 2553 2688 2599 2742; x_wconf 72' lang='grc' dir='ltr'>τ,</span> <span class='ocrx_word' id='word_1_557' title='bbox 2631 2680 2691 2731; x_wconf 82' lang='grc' dir='ltr'><strong>οὐ</strong></span> <span class='ocrx_word' id='word_1_558' title='bbox 2723 2682 3003 2748; x_wconf 77' lang='grc' dir='ltr'><strong>παντελῶς</strong></span> <span class='ocrx_word' id='word_1_559' title='bbox 3024 2685 3081 2738; x_wconf 86' lang='grc' dir='ltr'><strong>δὲ</strong></span> <span class='ocrx_word' id='word_1_560' title='bbox 3123 2688 3290 2740; x_wconf 81' lang='grc' dir='ltr'>κακόν</span> <span class='ocrx_word' id='word_1_561' title='bbox 3320 2705 3333 2715; x_wconf 92' lang='grc'><strong>·</strong></span> <span class='ocrx_word' id='word_1_562' title='bbox 3364 2695 3591 2762; x_wconf 82' lang='grc' dir='ltr'>συνιστᾷ</span> <span class='ocrx_word' id='word_1_563' title='bbox 3612 2693 3725 2763; x_wconf 71' lang='grc' dir='ltr'><strong>γὰρ</strong></span> <span class='ocrx_word' id='word_1_564' title='bbox 3760 2696 3949 2760; x_wconf 77' lang='grc' dir='ltr'>ἑαυτὸ,</span> 
     </span>
    </p>
   </div>
   <div class='ocr_carea' id='block_1_73' title="bbox 2356 2768 3952 2853">
    <p class='ocr_par' dir='ltr' id='par_1_73' title="bbox 2356 2768 3952 2853">
     <span class='ocr_line' id='line_1_73' title="bbox 2356 2768 3952 2853; baseline 0.016 -35"><span class='ocrx_word' id='word_1_565' title='bbox 2356 2768 2451 2820; x_wconf 80' lang='grc' dir='ltr'>καὶ</span> <span class='ocrx_word' id='word_1_566' title='bbox 2514 2769 2656 2823; x_wconf 82' lang='grc' dir='ltr'><strong>κατά</strong></span> <span class='ocrx_word' id='word_1_567' title='bbox 2711 2772 2872 2827; x_wconf 77' lang='grc' dir='ltr'>τοῦτο</span> <span class='ocrx_word' id='word_1_568' title='bbox 2911 2776 3010 2830; x_wconf 72' lang='grc' dir='ltr'>οὐκ</span> <span class='ocrx_word' id='word_1_569' title='bbox 3050 2776 3190 2831; x_wconf 73' lang='grc' dir='ltr'>ἐστι’</span> <span class='ocrx_word' id='word_1_570' title='bbox 3227 2784 3415 2836; x_wconf 86' lang='grc' dir='ltr'>κακόν.</span> <span class='ocrx_word' id='word_1_571' title='bbox 3451 2785 3515 2839; x_wconf 85' lang='grc' dir='ltr'><strong>Εἰ</strong></span> <span class='ocrx_word' id='word_1_572' title='bbox 3560 2786 3619 2839; x_wconf 82' lang='grc' dir='ltr'><strong>δὲ</strong></span> <span class='ocrx_word' id='word_1_573' title='bbox 3661 2791 3952 2853; x_wconf 78' lang='grc' dir='ltr'>παντελῶς</span> 
     </span>
    </p>
   </div>
   <div class='ocr_carea' id='block_1_74' title="bbox 2354 2861 3946 2947">
    <p class='ocr_par' dir='ltr' id='par_1_74' title="bbox 2354 2861 3946 2947">
     <span class='ocr_line' id='line_1_74' title="bbox 2354 2861 3946 2947; baseline 0.015 -37"><span class='ocrx_word' id='word_1_574' title='bbox 2354 2861 2543 2926; x_wconf 76' lang='grc' dir='ltr'>κακὸν,</span> <span class='ocrx_word' id='word_1_575' title='bbox 2574 2863 2666 2915; x_wconf 78' lang='grc' dir='ltr'><strong>καὶ</strong></span> <span class='ocrx_word' id='word_1_576' title='bbox 2704 2864 2881 2935; x_wconf 78' lang='grc' dir='ltr'>ἐαυτῷ</span> <span class='ocrx_word' id='word_1_577' title='bbox 2918 2869 3118 2935; x_wconf 78' lang='grc' dir='ltr'>κακὸν,</span> <span class='ocrx_word' id='word_1_578' title='bbox 3158 2872 3354 2926; x_wconf 77' lang='grc' dir='ltr'>ἑαυτοῦ</span> <span class='ocrx_word' id='word_1_579' title='bbox 3412 2877 3792 2947; x_wconf 67' lang='grc' dir='ltr'><strong>ἀναιρετικὸν,</strong></span> <span class='ocrx_word' id='word_1_580' title='bbox 3850 2883 3946 2936; x_wconf 71' lang='grc' dir='ltr'><strong>καὶ</strong></span> 
     </span>
    </p>
   </div>
   <div class='ocr_carea' id='block_1_75' title="bbox 2352 2955 3942 3044">
    <p class='ocr_par' dir='ltr' id='par_1_75' title="bbox 2352 2955 3942 3044">
     <span class='ocr_line' id='line_1_75' title="bbox 2352 2955 3942 3044; baseline 0.013 -37"><span class='ocrx_word' id='word_1_581' title='bbox 2352 2955 2720 3028; x_wconf 85' lang='grc' dir='ltr'>ἀνύπαρκτον.</span> <span class='ocrx_word' id='word_1_582' title='bbox 2771 2958 2833 3012; x_wconf 85' lang='grc' dir='ltr'>Εἰ</span> <span class='ocrx_word' id='word_1_583' title='bbox 2863 2962 2919 3015; x_wconf 86' lang='grc' dir='ltr'>δὲ</span> <span class='ocrx_word' id='word_1_584' title='bbox 2950 2965 3044 3017; x_wconf 76' lang='grc' dir='ltr'>καὶ</span> <span class='ocrx_word' id='word_1_585' title='bbox 3085 2965 3143 3017; x_wconf 81' lang='grc' dir='ltr'>ὲν</span> <span class='ocrx_word' id='word_1_586' title='bbox 3174 2967 3239 3033; x_wconf 80' lang='grc' dir='ltr'>τῇ</span> <span class='ocrx_word' id='word_1_587' title='bbox 3271 2967 3460 3037; x_wconf 83' lang='grc' dir='ltr'>ἐτέρου</span> <span class='ocrx_word' id='word_1_588' title='bbox 3519 2971 3701 3041; x_wconf 73' lang='grc' dir='ltr'>φθορᾷ</span> <span class='ocrx_word' id='word_1_589' title='bbox 3747 2974 3942 3044; x_wconf 76' lang='grc' dir='ltr'>ἑτέρου</span> 
     </span>
    </p>
   </div>
   <div class='ocr_carea' id='block_1_76' title="bbox 2351 3046 3937 3127">
    <p class='ocr_par' dir='ltr' id='par_1_76' title="bbox 2351 3046 3937 3127">
     <span class='ocr_line' id='line_1_76' title="bbox 2351 3046 3937 3127; baseline 0.01 -30"><span class='ocrx_word' id='word_1_590' title='bbox 2351 3046 2565 3114; x_wconf 83' lang='grc' dir='ltr'>γένεσις</span> <span class='ocrx_word' id='word_1_591' title='bbox 2592 3050 2829 3116; x_wconf 86' lang='grc' dir='ltr'>γίνεται,</span> <span class='ocrx_word' id='word_1_592' title='bbox 2855 3052 2951 3121; x_wconf 80' lang='grc' dir='ltr'>οὐχ</span> <span class='ocrx_word' id='word_1_593' title='bbox 2980 3056 3012 3121; x_wconf 85' lang='grc' dir='ltr'><strong>ή</strong></span> <span class='ocrx_word' id='word_1_594' title='bbox 3054 3055 3231 3125; x_wconf 79' lang='grc' dir='ltr'>φθορά</span> <span class='ocrx_word' id='word_1_595' title='bbox 3258 3057 3523 3124; x_wconf 81' lang='grc' dir='ltr'>γενέσεώς</span> <span class='ocrx_word' id='word_1_596' title='bbox 3559 3062 3709 3113; x_wconf 75' lang='grc' dir='ltr'>ἐστιν</span> <span class='ocrx_word' id='word_1_597' title='bbox 3736 3065 3937 3127; x_wconf 78' lang='grc' dir='ltr'>αἴτιον,</span> 
     </span>
    </p>
   </div>
   <div class='ocr_carea' id='block_1_77' title="bbox 2270 3138 3938 3224">
    <p class='ocr_par' dir='ltr' id='par_1_77' title="bbox 2270 3138 3938 3224">
     <span class='ocr_line' id='line_1_77' title="bbox 2270 3138 3938 3224; baseline 0.009 -35"><span class='ocrx_word' id='word_1_598' title='bbox 2270 3166 2313 3224; x_wconf 74' lang='lat' dir='ltr'><strong>c</strong></span> <span class='ocrx_word' id='word_1_599' title='bbox 2348 3138 2483 3191; x_wconf 80' lang='grc' dir='ltr'><strong>ἀλλά</strong></span> <span class='ocrx_word' id='word_1_600' title='bbox 2516 3139 2581 3191; x_wconf 82' lang='grc' dir='ltr'>δι’</span> <span class='ocrx_word' id='word_1_601' title='bbox 2608 3141 2913 3213; x_wconf 77' lang='grc' dir='ltr'>ὑπερϐολὴν</span> <span class='ocrx_word' id='word_1_602' title='bbox 2966 3144 3325 3214; x_wconf 83' lang='grc' dir='ltr'>ἀγαθότητος,</span> <span class='ocrx_word' id='word_1_603' title='bbox 3374 3149 3467 3200; x_wconf 76' lang='grc' dir='ltr'>καὶ</span> <span class='ocrx_word' id='word_1_604' title='bbox 3507 3152 3571 3202; x_wconf 84' lang='grc' dir='ltr'>ὲκ</span> <span class='ocrx_word' id='word_1_605' title='bbox 3601 3153 3709 3219; x_wconf 82' lang='grc' dir='ltr'>τῆς</span> <span class='ocrx_word' id='word_1_606' title='bbox 3742 3153 3938 3221; x_wconf 68' lang='grc' dir='ltr'>ἐτέρου</span> 
     </span>
    </p>
   </div>
   <div class='ocr_carea' id='block_1_78' title="bbox 2347 3229 3935 3317">
    <p class='ocr_par' dir='ltr' id='par_1_78' title="bbox 2347 3229 3935 3317">
     <span class='ocr_line' id='line_1_78' title="bbox 2347 3229 3935 3317; baseline 0.007 -36"><span class='ocrx_word' id='word_1_607' title='bbox 2347 3229 2577 3300; x_wconf 76' lang='grc' dir='ltr'>φθορᾶς,</span> <span class='ocrx_word' id='word_1_608' title='bbox 2609 3231 2795 3302; x_wconf 79' lang='grc' dir='ltr'>ἐτέρου</span> <span class='ocrx_word' id='word_1_609' title='bbox 2856 3236 3257 3304; x_wconf 76' lang='grc' dir='ltr'><strong>κατεργάζεται</strong></span> <span class='ocrx_word' id='word_1_610' title='bbox 3314 3239 3658 3317; x_wconf 57' lang='grc' dir='ltr'>γένεσιν..Ἡ</span> <span class='ocrx_word' id='word_1_611' title='bbox 3688 3243 3805 3310; x_wconf 74' lang='grc' dir='ltr'><strong>γὰρ</strong></span> <span class='ocrx_word' id='word_1_612' title='bbox 3837 3243 3935 3311; x_wconf 72' lang='grc' dir='ltr'><strong>ὖὶη</strong></span> 
     </span>
    </p>
   </div>
   <div class='ocr_carea' id='block_1_79' title="bbox 2346 3322 3930 3401">
    <p class='ocr_par' dir='ltr' id='par_1_79' title="bbox 2346 3322 3930 3401">
     <span class='ocr_line' id='line_1_79' title="bbox 2346 3322 3930 3401; baseline 0.008 -29"><span class='ocrx_word' id='word_1_613' title='bbox 2346 3322 2657 3393; x_wconf 77' lang='grc' dir='ltr'>ὑποχείριος</span> <span class='ocrx_word' id='word_1_614' title='bbox 2677 3324 2754 3392; x_wconf 84' lang='grc' dir='ltr'>τῷ</span> <span class='ocrx_word' id='word_1_615' title='bbox 2802 3326 3013 3394; x_wconf 83' lang='grc' dir='ltr'>ἀγαθῷ,</span> <span class='ocrx_word' id='word_1_616' title='bbox 3061 3328 3155 3379; x_wconf 82' lang='grc' dir='ltr'>ὑπ’</span> <span class='ocrx_word' id='word_1_617' title='bbox 3182 3329 3348 3381; x_wconf 75' lang='grc' dir='ltr'>αὑτοῦ</span> <span class='ocrx_word' id='word_1_618' title='bbox 3398 3333 3669 3401; x_wconf 74' lang='grc' dir='ltr'>γενομένη</span> <span class='ocrx_word' id='word_1_619' title='bbox 3701 3334 3888 3400; x_wconf 72' lang='grc' dir='ltr'>ἀγαθή</span> <span class='ocrx_word' id='word_1_620' title='bbox 3919 3353 3930 3363; x_wconf 89' lang='grc'><strong>·</strong></span> 
     </span>
    </p>
   </div>
   <div class='ocr_carea' id='block_1_80' title="bbox 2342 3411 3931 3489">
    <p class='ocr_par' dir='ltr' id='par_1_80' title="bbox 2342 3411 3931 3489">
     <span class='ocr_line' id='line_1_80' title="bbox 2342 3411 3931 3489; baseline 0.007 -27"><span class='ocrx_word' id='word_1_621' title='bbox 2342 3413 2563 3481; x_wconf 74' lang='grc' dir='ltr'>καὶγὰρ</span> <span class='ocrx_word' id='word_1_622' title='bbox 2602 3414 2664 3463; x_wconf 84' lang='grc' dir='ltr'>ὲκ</span> <span class='ocrx_word' id='word_1_623' title='bbox 2703 3411 2797 3483; x_wconf 67' lang='grc' dir='ltr'>τοῦ</span> <span class='ocrx_word' id='word_1_624' title='bbox 2851 3414 2925 3483; x_wconf 79' lang='grc' dir='ltr'>μὴ</span> <span class='ocrx_word' id='word_1_625' title='bbox 2979 3414 3130 3479; x_wconf 75' lang='grc' dir='ltr'>ὄντος</span> <span class='ocrx_word' id='word_1_626' title='bbox 3179 3419 3258 3480; x_wconf 75' lang='grc' dir='ltr'><strong>εἰς</strong></span> <span class='ocrx_word' id='word_1_627' title='bbox 3305 3418 3366 3470; x_wconf 86' lang='grc' dir='ltr'><strong>τὸ</strong></span> <span class='ocrx_word' id='word_1_628' title='bbox 3410 3414 3551 3470; x_wconf 74' lang='grc' dir='ltr'>εἶναι</span> <span class='ocrx_word' id='word_1_629' title='bbox 3588 3421 3649 3473; x_wconf 74' lang='grc' dir='ltr'>ἐν</span> <span class='ocrx_word' id='word_1_630' title='bbox 3682 3421 3829 3489; x_wconf 76' lang='grc' dir='ltr'>ἀρχῇ</span> <span class='ocrx_word' id='word_1_631' title='bbox 3864 3424 3931 3473; x_wconf 61' lang='grc' dir='ltr'><strong>τὰ</strong></span> 
     </span>
    </p>
   </div>
   <div class='ocr_carea' id='block_1_81' title="bbox 2341 3502 2891 3572">
    <p class='ocr_par' dir='ltr' id='par_1_81' title="bbox 2341 3502 2891 3572">
     <span class='ocr_line' id='line_1_81' title="bbox 2341 3502 2891 3572; baseline 0.007 -19"><span class='ocrx_word' id='word_1_632' title='bbox 2341 3502 2518 3554; x_wconf 77' lang='grc' dir='ltr'>πάντα</span> <span class='ocrx_word' id='word_1_633' title='bbox 2550 3503 2891 3572; x_wconf 82' lang='grc' dir='ltr'>παρήγαγεν.</span> 
     </span>
    </p>
   </div>
   <div class='ocr_carea' id='block_1_82' title="bbox 2400 3682 3926 3753">
    <p class='ocr_par' dir='ltr' id='par_1_82' title="bbox 2400 3682 3926 3753">
     <span class='ocr_line' id='line_1_82' title="bbox 2400 3682 3926 3753; baseline 0.004 -20"><span class='ocrx_word' id='word_1_634' title='bbox 2400 3688 2500 3749; x_wconf 82' lang='grc' dir='ltr'><strong>νη⁹.</strong></span> <span class='ocrx_word' id='word_1_635' title='bbox 2533 3682 2645 3735; x_wconf 80' lang='grc' dir='ltr'>Οὐκ</span> <span class='ocrx_word' id='word_1_636' title='bbox 2667 3682 2781 3735; x_wconf 83' lang='grc' dir='ltr'>ἔστι</span> <span class='ocrx_word' id='word_1_637' title='bbox 2831 3684 2893 3738; x_wconf 83' lang='grc' dir='ltr'><strong>τὸ</strong></span> <span class='ocrx_word' id='word_1_638' title='bbox 2954 3684 3086 3737; x_wconf 78' lang='grc' dir='ltr'>αὐτὸ</span> <span class='ocrx_word' id='word_1_639' title='bbox 3115 3685 3254 3737; x_wconf 84' lang='grc' dir='ltr'><strong>κατά</strong></span> <span class='ocrx_word' id='word_1_640' title='bbox 3304 3686 3365 3737; x_wconf 74' lang='grc' dir='ltr'>τὸ</span> <span class='ocrx_word' id='word_1_641' title='bbox 3388 3686 3539 3746; x_wconf 74' lang='grc' dir='ltr'>αὐτὸ,</span> <span class='ocrx_word' id='word_1_642' title='bbox 3590 3687 3805 3753; x_wconf 70' lang='grc' dir='ltr'>ἀγαθὸν</span> <span class='ocrx_word' id='word_1_643' title='bbox 3834 3688 3926 3739; x_wconf 68' lang='grc' dir='ltr'><strong>καὶ</strong></span> 
     </span>
    </p>
   </div>
   <div class='ocr_carea' id='block_1_83' title="bbox 2336 3771 3924 3846">
    <p class='ocr_par' dir='ltr' id='par_1_83' title="bbox 2336 3771 3924 3846">
     <span class='ocr_line' id='line_1_83' title="bbox 2336 3771 3924 3846; baseline 0.004 -24"><span class='ocrx_word' id='word_1_644' title='bbox 2336 3771 2503 3823; x_wconf 79' lang='grc' dir='ltr'>κακόν</span> <span class='ocrx_word' id='word_1_645' title='bbox 2528 3788 2540 3801; x_wconf 94' lang='grc'><strong>·</strong></span> <span class='ocrx_word' id='word_1_646' title='bbox 2578 3772 2698 3823; x_wconf 80' lang='grc' dir='ltr'>οὐδὲ</span> <span class='ocrx_word' id='word_1_647' title='bbox 2727 3772 2819 3825; x_wconf 78' lang='grc' dir='ltr'>τοῦ</span> <span class='ocrx_word' id='word_1_648' title='bbox 2849 3773 3011 3826; x_wconf 78' lang='grc' dir='ltr'>αὑτοῦ</span> <span class='ocrx_word' id='word_1_649' title='bbox 3072 3774 3250 3843; x_wconf 85' lang='grc' dir='ltr'>φθορὰ</span> <span class='ocrx_word' id='word_1_650' title='bbox 3303 3775 3399 3827; x_wconf 76' lang='grc' dir='ltr'><strong>καὶ</strong></span> <span class='ocrx_word' id='word_1_651' title='bbox 3429 3777 3666 3841; x_wconf 72' lang='grc' dir='ltr'>γένεσις,</span> <span class='ocrx_word' id='word_1_652' title='bbox 3704 3780 3736 3845; x_wconf 78' lang='grc' dir='ltr'><strong>ἠ</strong></span> <span class='ocrx_word' id='word_1_653' title='bbox 3776 3779 3924 3846; x_wconf 69' lang='grc' dir='ltr'>αὑτὴ</span> 
     </span>
    </p>
   </div>
   <div class='ocr_carea' id='block_1_84' title="bbox 2334 3862 3924 3936">
    <p class='ocr_par' dir='ltr' id='par_1_84' title="bbox 2334 3862 3924 3936">
     <span class='ocr_line' id='line_1_84' title="bbox 2334 3862 3924 3936; baseline 0.003 -22"><span class='ocrx_word' id='word_1_654' title='bbox 2334 3862 2474 3915; x_wconf 85' lang='grc' dir='ltr'><strong>κατὰ</strong></span> <span class='ocrx_word' id='word_1_655' title='bbox 2505 3863 2564 3915; x_wconf 87' lang='grc' dir='ltr'><strong>τὸ</strong></span> <span class='ocrx_word' id='word_1_656' title='bbox 2617 3863 2748 3915; x_wconf 83' lang='grc' dir='ltr'>αὐτὸ</span> <span class='ocrx_word' id='word_1_657' title='bbox 2795 3863 3044 3932; x_wconf 83' lang='grc' dir='ltr'>δύναμις,</span> <span class='ocrx_word' id='word_1_658' title='bbox 3108 3862 3233 3916; x_wconf 74' lang='grc' dir='ltr'>οὔτε</span> <span class='ocrx_word' id='word_1_659' title='bbox 3272 3865 3330 3915; x_wconf 83' lang='grc' dir='ltr'><strong>τὸ</strong></span> <span class='ocrx_word' id='word_1_660' title='bbox 3366 3865 3498 3919; x_wconf 79' lang='grc' dir='ltr'>αὐτὸ</span> <span class='ocrx_word' id='word_1_661' title='bbox 3543 3866 3779 3936; x_wconf 69' lang='grc' dir='ltr'>δύναμις</span> <span class='ocrx_word' id='word_1_662' title='bbox 3816 3880 3837 3906; x_wconf 69' lang='grc'><strong>³</strong></span> <span class='ocrx_word' id='word_1_663' title='bbox 3890 3870 3924 3935; x_wconf 77' lang='grc' dir='ltr'><strong>ἡ</strong></span> 
     </span>
    </p>
   </div>
   <div class='ocr_carea' id='block_1_85' title="bbox 2333 3954 3918 4024">
    <p class='ocr_par' dir='ltr' id='par_1_85' title="bbox 2333 3954 3918 4024">
     <span class='ocr_line' id='line_1_85' title="bbox 2333 3954 3918 4024; baseline 0.001 -17"><span class='ocrx_word' id='word_1_664' title='bbox 2333 3954 2659 4023; x_wconf 84' lang='grc' dir='ltr'>αὑτοφθορά.</span> <span class='ocrx_word' id='word_1_665' title='bbox 2717 3954 2790 4006; x_wconf 79' lang='grc' dir='ltr'><strong>Τὸ</strong></span> <span class='ocrx_word' id='word_1_666' title='bbox 2813 3954 2910 4024; x_wconf 85' lang='grc' dir='ltr'>μὲν</span> <span class='ocrx_word' id='word_1_667' title='bbox 2931 3954 3022 4006; x_wconf 75' lang='grc' dir='ltr'><strong>οὖν</strong></span> <span class='ocrx_word' id='word_1_668' title='bbox 3051 3954 3240 4021; x_wconf 81' lang='grc' dir='ltr'>κακὸν,</span> <span class='ocrx_word' id='word_1_669' title='bbox 3269 3955 3393 4006; x_wconf 68' lang='grc' dir='ltr'>οὔτε</span> <span class='ocrx_word' id='word_1_670' title='bbox 3416 3954 3494 4020; x_wconf 75' lang='grc' dir='ltr'>ὃν,</span> <span class='ocrx_word' id='word_1_671' title='bbox 3522 3956 3650 4008; x_wconf 69' lang='grc' dir='ltr'>οὗτε</span> <span class='ocrx_word' id='word_1_672' title='bbox 3683 3958 3918 4024; x_wconf 70' lang='grc' dir='ltr'>ἀγαθὸν,</span> 
     </span>
    </p>
   </div>
   <div class='ocr_carea' id='block_1_86' title="bbox 2328 4042 3915 4117">
    <p class='ocr_par' dir='ltr' id='par_1_86' title="bbox 2328 4042 3915 4117">
     <span class='ocr_line' id='line_1_86' title="bbox 2328 4042 3915 4117; baseline 0.002 -20"><span class='ocrx_word' id='word_1_673' title='bbox 2328 4043 2454 4097; x_wconf 72' lang='grc' dir='ltr'>οὔτε</span> <span class='ocrx_word' id='word_1_674' title='bbox 2483 4043 2881 4112; x_wconf 84' lang='grc' dir='ltr'>γενεσιουργδν,</span> <span class='ocrx_word' id='word_1_675' title='bbox 2909 4042 3031 4096; x_wconf 72' lang='grc' dir='ltr'>οὔτε</span> <span class='ocrx_word' id='word_1_676' title='bbox 3054 4042 3242 4109; x_wconf 75' lang='grc' dir='ltr'>ὄντων,</span> <span class='ocrx_word' id='word_1_677' title='bbox 3270 4043 3392 4096; x_wconf 77' lang='grc' dir='ltr'>οὔτε</span> <span class='ocrx_word' id='word_1_678' title='bbox 3434 4046 3659 4111; x_wconf 81' lang='grc' dir='ltr'>ἀγαθῶν</span> <span class='ocrx_word' id='word_1_679' title='bbox 3694 4066 3915 4117; x_wconf 70' lang='grc' dir='ltr'>ποιητι-</span> 
     </span>
    </p>
   </div>
   <div class='ocr_carea' id='block_1_87' title="bbox 2328 4128 3913 4207">
    <p class='ocr_par' dir='ltr' id='par_1_87' title="bbox 2328 4128 3913 4207">
     <span class='ocr_line' id='line_1_87' title="bbox 2328 4128 3913 4207; baseline 0.004 -21"><span class='ocrx_word' id='word_1_680' title='bbox 2328 4134 2423 4187; x_wconf 84' lang='grc' dir='ltr'>κόν</span> <span class='ocrx_word' id='word_1_681' title='bbox 2457 4137 2475 4170; x_wconf 68' lang='grc' dir='ltr'>ι</span> <span class='ocrx_word' id='word_1_682' title='bbox 2506 4149 2518 4163; x_wconf 88' lang='grc'><strong>·</strong></span> <span class='ocrx_word' id='word_1_683' title='bbox 2549 4133 2611 4186; x_wconf 84' lang='grc' dir='ltr'><strong>τὸ</strong></span> <span class='ocrx_word' id='word_1_684' title='bbox 2640 4132 2697 4186; x_wconf 84' lang='grc' dir='ltr'><strong>δὲ</strong></span> <span class='ocrx_word' id='word_1_685' title='bbox 2730 4133 2955 4201; x_wconf 84' lang='grc' dir='ltr'>ἀγαθὸν,</span> <span class='ocrx_word' id='word_1_686' title='bbox 3008 4134 3066 4186; x_wconf 79' lang='grc' dir='ltr'>ὲν</span> <span class='ocrx_word' id='word_1_687' title='bbox 3120 4128 3202 4196; x_wconf 74' lang='grc' dir='ltr'><strong>οἷς</strong></span> <span class='ocrx_word' id='word_1_688' title='bbox 3242 4135 3341 4203; x_wconf 84' lang='grc' dir='ltr'><strong>μὲν</strong></span> <span class='ocrx_word' id='word_1_689' title='bbox 3372 4135 3439 4188; x_wconf 80' lang='grc' dir='ltr'>ἂν</span> <span class='ocrx_word' id='word_1_690' title='bbox 3490 4137 3720 4200; x_wconf 76' lang='grc' dir='ltr'>τελείως</span> <span class='ocrx_word' id='word_1_691' title='bbox 3743 4141 3913 4207; x_wconf 78' lang='grc' dir='ltr'>ἐγγέ-</span> 
     </span>
    </p>
   </div>
   <div class='ocr_carea' id='block_1_88' title="bbox 2328 4222 3908 4296">
    <p class='ocr_par' dir='ltr' id='par_1_88' title="bbox 2328 4222 3908 4296">
     <span class='ocr_line' id='line_1_88' title="bbox 2328 4222 3908 4296; baseline 0.003 -21"><span class='ocrx_word' id='word_1_692' title='bbox 2328 4240 2506 4292; x_wconf 84' lang='grc' dir='ltr'>νηται,</span> <span class='ocrx_word' id='word_1_693' title='bbox 2541 4223 2720 4275; x_wconf 76' lang='grc' dir='ltr'>τέλεια</span> <span class='ocrx_word' id='word_1_694' title='bbox 2743 4222 2923 4290; x_wconf 82' lang='grc' dir='ltr'>ἀγαθά</span> <span class='ocrx_word' id='word_1_695' title='bbox 2945 4222 3347 4287; x_wconf 79' lang='grc' dir='ltr'>ἀποδείκνυσιν,</span> <span class='ocrx_word' id='word_1_696' title='bbox 3378 4226 3436 4277; x_wconf 80' lang='grc' dir='ltr'>ἐν</span> <span class='ocrx_word' id='word_1_697' title='bbox 3453 4222 3534 4288; x_wconf 78' lang='grc' dir='ltr'><strong>οἷς</strong></span> <span class='ocrx_word' id='word_1_698' title='bbox 3551 4227 3607 4279; x_wconf 80' lang='grc' dir='ltr'><strong>δὲ</strong></span> <span class='ocrx_word' id='word_1_699' title='bbox 3632 4230 3908 4296; x_wconf 76' lang='grc' dir='ltr'>μερικῶς,</span> 
     </span>
    </p>
   </div>
   <div class='ocr_carea' id='block_1_89' title="bbox 2328 4304 3912 4383">
    <p class='ocr_par' dir='ltr' id='par_1_89' title="bbox 2328 4304 3912 4383">
     <span class='ocr_line' id='line_1_89' title="bbox 2328 4304 3912 4383; baseline 0.004 -19"><span class='ocrx_word' id='word_1_700' title='bbox 2328 4311 2561 4383; x_wconf 86' lang='grc' dir='ltr'>μερικά·</span> <span class='ocrx_word' id='word_1_701' title='bbox 2596 4311 2654 4362; x_wconf 80' lang='grc' dir='ltr'>ὲν</span> <span class='ocrx_word' id='word_1_702' title='bbox 2690 4304 2772 4373; x_wconf 75' lang='grc' dir='ltr'><strong>οἷς</strong></span> <span class='ocrx_word' id='word_1_703' title='bbox 2808 4311 2863 4363; x_wconf 80' lang='grc' dir='ltr'><strong>δὲ</strong></span> <span class='ocrx_word' id='word_1_704' title='bbox 2896 4310 3159 4381; x_wconf 80' lang='grc' dir='ltr'><strong>μηδὸλως,</strong></span> <span class='ocrx_word' id='word_1_705' title='bbox 3200 4311 3321 4365; x_wconf 75' lang='grc' dir='ltr'>οὔτε</span> <span class='ocrx_word' id='word_1_706' title='bbox 3362 4315 3488 4378; x_wconf 73' lang='grc' dir='ltr'>εἰσὶ,</span> <span class='ocrx_word' id='word_1_707' title='bbox 3526 4318 3616 4367; x_wconf 77' lang='grc' dir='ltr'><strong>καὶ</strong></span> <span class='ocrx_word' id='word_1_708' title='bbox 3643 4317 3796 4369; x_wconf 81' lang='grc' dir='ltr'><strong>κακά</strong></span> <span class='ocrx_word' id='word_1_709' title='bbox 3827 4318 3912 4371; x_wconf 75' lang='grc' dir='ltr'><strong>λέ-</strong></span> 
     </span>
    </p>
   </div>
   <div class='ocr_carea' id='block_1_90' title="bbox 2323 4398 2943 4475">
    <p class='ocr_par' dir='ltr' id='par_1_90' title="bbox 2323 4398 2943 4475">
     <span class='ocr_line' id='line_1_90' title="bbox 2323 4398 2943 4475; baseline 0.006 -23"><span class='ocrx_word' id='word_1_710' title='bbox 2323 4420 2512 4475; x_wconf 79' lang='grc' dir='ltr'>γονται</span> <span class='ocrx_word' id='word_1_711' title='bbox 2542 4398 2819 4462; x_wconf 81' lang='grc' dir='ltr'>παντελῶς</span> <span class='ocrx_word' id='word_1_712' title='bbox 2844 4400 2943 4471; x_wconf 75' lang='grc'><strong>(⁵2).</strong></span> 
     </span>
    </p>
   </div>
   <div class='ocr_carea' id='block_1_91' title="bbox 2391 4576 3905 4651">
    <p class='ocr_par' dir='ltr' id='par_1_91' title="bbox 2391 4576 3905 4651">
     <span class='ocr_line' id='line_1_91' title="bbox 2391 4576 3905 4651; baseline 0.013 -30"><span class='ocrx_word' id='word_1_713' title='bbox 2391 4580 2487 4634; x_wconf 74' lang='grc' dir='ltr'>νθν,</span> <span class='ocrx_word' id='word_1_714' title='bbox 2522 4578 2585 4631; x_wconf 84' lang='grc' dir='ltr'><strong><em>Ἦ</em></strong></span> <span class='ocrx_word' id='word_1_715' title='bbox 2617 4577 2864 4647; x_wconf 75' lang='grc' dir='ltr'>πορνεία,</span> <span class='ocrx_word' id='word_1_716' title='bbox 2895 4576 3030 4630; x_wconf 79' lang='grc' dir='ltr'>καθὸ</span> <span class='ocrx_word' id='word_1_717' title='bbox 3064 4578 3161 4647; x_wconf 85' lang='grc' dir='ltr'><strong>μὲν</strong></span> <span class='ocrx_word' id='word_1_718' title='bbox 3192 4579 3397 4649; x_wconf 75' lang='grc' dir='ltr'>ἔφεσις,</span> <span class='ocrx_word' id='word_1_719' title='bbox 3452 4584 3545 4635; x_wconf 84' lang='grc' dir='ltr'><strong>καὶ</strong></span> <span class='ocrx_word' id='word_1_720' title='bbox 3592 4584 3769 4651; x_wconf 64' lang='grc' dir='ltr'>φιλία,</span> <span class='ocrx_word' id='word_1_721' title='bbox 3811 4590 3905 4641; x_wconf 70' lang='grc' dir='ltr'>καὶ</span> 
     </span>
    </p>
   </div>
   <div class='ocr_carea' id='block_1_92' title="bbox 2320 4667 3904 4740">
    <p class='ocr_par' dir='ltr' id='par_1_92' title="bbox 2320 4667 3904 4740">
     <span class='ocr_line' id='line_1_92' title="bbox 2320 4667 3904 4740; baseline 0.005 -18"><span class='ocrx_word' id='word_1_722' title='bbox 2320 4669 2531 4732; x_wconf 80' lang='grc' dir='ltr'>ἓνωσις,</span> <span class='ocrx_word' id='word_1_723' title='bbox 2562 4667 2765 4734; x_wconf 82' lang='grc' dir='ltr'>ἀγαθόν</span> <span class='ocrx_word' id='word_1_724' title='bbox 2786 4683 2798 4696; x_wconf 84' lang='lat'><strong><em>°</em></strong></span> <span class='ocrx_word' id='word_1_725' title='bbox 2832 4668 2968 4720; x_wconf 78' lang='grc' dir='ltr'>καθὸ</span> <span class='ocrx_word' id='word_1_726' title='bbox 3000 4669 3057 4721; x_wconf 76' lang='grc' dir='ltr'><strong>δὲ</strong></span> <span class='ocrx_word' id='word_1_727' title='bbox 3108 4668 3200 4721; x_wconf 76' lang='grc' dir='ltr'>τοῦ</span> <span class='ocrx_word' id='word_1_728' title='bbox 3249 4670 3324 4740; x_wconf 85' lang='grc' dir='ltr'>μὴ</span> <span class='ocrx_word' id='word_1_729' title='bbox 3355 4670 3662 4738; x_wconf 66' lang='grc' dir='ltr'>ὀςρείλοντος</span> <span class='ocrx_word' id='word_1_730' title='bbox 3685 4679 3784 4727; x_wconf 66' lang='grc' dir='ltr'><strong>καὶ</strong></span> <span class='ocrx_word' id='word_1_731' title='bbox 3811 4680 3904 4730; x_wconf 68' lang='grc' dir='ltr'>τοῦ</span> 
     </span>
    </p>
   </div>
   <div class='ocr_carea' id='block_1_93' title="bbox 2318 4757 3903 4832">
    <p class='ocr_par' dir='ltr' id='par_1_93' title="bbox 2318 4757 3903 4832">
     <span class='ocr_line' id='line_1_93' title="bbox 2318 4757 3903 4832; baseline 0.003 -19"><span class='ocrx_word' id='word_1_732' title='bbox 2318 4758 2768 4829; x_wconf 78' lang='grc' dir='ltr'>ἀπηγορευμένον</span> <span class='ocrx_word' id='word_1_733' title='bbox 2791 4757 2997 4826; x_wconf 79' lang='grc' dir='ltr'>ἔφεσις,</span> <span class='ocrx_word' id='word_1_734' title='bbox 3047 4760 3215 4811; x_wconf 87' lang='grc' dir='ltr'>κακόν</span> <span class='ocrx_word' id='word_1_735' title='bbox 3240 4776 3252 4787; x_wconf 83' lang='grc'><em>’</em></span> <span class='ocrx_word' id='word_1_736' title='bbox 3291 4761 3351 4812; x_wconf 73' lang='grc' dir='ltr'>τὸ</span> <span class='ocrx_word' id='word_1_737' title='bbox 3388 4762 3498 4829; x_wconf 74' lang='grc' dir='ltr'><strong>γὰρ</strong></span> <span class='ocrx_word' id='word_1_738' title='bbox 3539 4764 3610 4832; x_wconf 80' lang='grc' dir='ltr'>μὴ</span> <span class='ocrx_word' id='word_1_739' title='bbox 3641 4767 3903 4818; x_wconf 71' lang='grc' dir='ltr'>ἐντετα).-</span> 
     </span>
    </p>
   </div>
   <div class='ocr_carea' id='block_1_94' title="bbox 2322 4848 3897 4921">
    <p class='ocr_par' dir='ltr' id='par_1_94' title="bbox 2322 4848 3897 4921">
     <span class='ocr_line' id='line_1_94' title="bbox 2322 4848 3897 4921; baseline 0.003 -20"><span class='ocrx_word' id='word_1_740' title='bbox 2322 4850 2503 4919; x_wconf 84' lang='grc' dir='ltr'>μένον,</span> <span class='ocrx_word' id='word_1_741' title='bbox 2535 4848 2647 4901; x_wconf 87' lang='grc' dir='ltr'><strong>ἀλλ’</strong></span> <span class='ocrx_word' id='word_1_742' title='bbox 2668 4849 3138 4919; x_wconf 77' lang='grc' dir='ltr'>ἀπηγορευμένον,</span> <span class='ocrx_word' id='word_1_743' title='bbox 3173 4850 3272 4902; x_wconf 79' lang='grc' dir='ltr'><strong>οὑκ</strong></span> <span class='ocrx_word' id='word_1_744' title='bbox 3313 4850 3393 4913; x_wconf 77' lang='grc' dir='ltr'>ὃν,</span> <span class='ocrx_word' id='word_1_745' title='bbox 3418 4851 3493 4914; x_wconf 82' lang='grc' dir='ltr'>ὡς</span> <span class='ocrx_word' id='word_1_746' title='bbox 3529 4854 3602 4921; x_wconf 79' lang='grc' dir='ltr'>μὴ</span> <span class='ocrx_word' id='word_1_747' title='bbox 3637 4854 3863 4921; x_wconf 67' lang='grc' dir='ltr'>ὀφεῖλον</span> <span class='ocrx_word' id='word_1_748' title='bbox 3885 4874 3897 4884; x_wconf 89' lang='grc'>·</span> 
     </span>
    </p>
   </div>
   <div class='ocr_carea' id='block_1_95' title="bbox 2315 4938 3897 5012">
    <p class='ocr_par' dir='ltr' id='par_1_95' title="bbox 2315 4938 3897 5012">
     <span class='ocr_line' id='line_1_95' title="bbox 2315 4938 3897 5012; baseline 0.003 -19"><span class='ocrx_word' id='word_1_749' title='bbox 2315 4941 2394 4993; x_wconf 86' lang='grc' dir='ltr'><strong>διὸ</strong></span> <span class='ocrx_word' id='word_1_750' title='bbox 2416 4938 2682 5009; x_wconf 80' lang='grc' dir='ltr'>καὶήτοῦ</span> <span class='ocrx_word' id='word_1_751' title='bbox 2746 4938 2821 5008; x_wconf 83' lang='grc' dir='ltr'><strong>μὴ</strong></span> <span class='ocrx_word' id='word_1_752' title='bbox 2864 4938 3034 5005; x_wconf 76' lang='grc' dir='ltr'>ὄντος,</span> <span class='ocrx_word' id='word_1_753' title='bbox 3092 4940 3225 5010; x_wconf 73' lang='grc' dir='ltr'><strong>μηδὲ</strong></span> <span class='ocrx_word' id='word_1_754' title='bbox 3274 4942 3581 5008; x_wconf 71' lang='grc' dir='ltr'>ὀφείλοντος</span> <span class='ocrx_word' id='word_1_755' title='bbox 3633 4946 3897 5012; x_wconf 71' lang='grc' dir='ltr'>γενέσθαι</span> 
     </span>
    </p>
   </div>
   <div class='ocr_carea' id='block_1_96' title="bbox 642 4986 2253 5099">
    <p class='ocr_par' dir='ltr' id='par_1_96' title="bbox 642 4986 2216 5099">
     <span class='ocr_line' id='line_1_96' title="bbox 642 4986 2216 5077; baseline 0.02 -43"><span class='ocrx_word' id='word_1_756' title='bbox 642 4999 747 5036; x_wconf 88' lang='lat' dir='ltr'><strong>non</strong></span> <span class='ocrx_word' id='word_1_757' title='bbox 786 4986 997 5040; x_wconf 82' lang='lat' dir='ltr'><strong>debeat.</strong></span> <span class='ocrx_word' id='word_1_758' title='bbox 1035 4989 1152 5069; x_wconf 85' lang='lat' dir='ltr'><strong>Quo</strong></span> <span class='ocrx_word' id='word_1_759' title='bbox 1184 4991 1274 5055; x_wconf 82' lang='lat' dir='ltr'><strong>iit,</strong></span> <span class='ocrx_word' id='word_1_760' title='bbox 1329 5003 1388 5047; x_wconf 93' lang='lat' dir='ltr'><strong>ut</strong></span> <span class='ocrx_word' id='word_1_761' title='bbox 1441 4997 1561 5064; x_wconf 81' lang='lat' dir='ltr'><strong>ejus</strong></span> <span class='ocrx_word' id='word_1_762' title='bbox 1604 5003 1746 5068; x_wconf 86' lang='lat' dir='ltr'><strong>quod</strong></span> <span class='ocrx_word' id='word_1_763' title='bbox 1796 4986 2060 5077; x_wconf 18' lang='lat' dir='ltr'><strong>nonisit,</strong></span> <span class='ocrx_word' id='word_1_764' title='bbox 2113 5032 2216 5073; x_wconf 81' lang='lat' dir='ltr'><strong>nec</strong></span> 
     </span>
     <span class='ocr_line' id='line_1_97' title="bbox 643 5072 1657 5099; baseline 0 0"><span class='ocrx_word' id='word_1_765' title='bbox 643 5074 754 5099; x_wconf 66' lang='grc' dir='ltr'><strong>ιιι-..ἶ</strong></span> <span class='ocrx_word' id='word_1_766' title='bbox 793 5076 983 5099; x_wconf 71' lang='grc' dir='ltr'><strong>.1..ι.-,..</strong></span> <span class='ocrx_word' id='word_1_767' title='bbox 1068 5072 1177 5099; x_wconf 41' lang='grc' dir='ltr'><strong>Αλμ</strong></span> <span class='ocrx_word' id='word_1_768' title='bbox 1205 5083 1259 5099; x_wconf 76' lang='grc' dir='ltr'><strong>ιθ.</strong></span> <span class='ocrx_word' id='word_1_769' title='bbox 1454 5087 1465 5099; x_wconf 79' lang='grc' dir='ltr'><strong>ι</strong></span> <span class='ocrx_word' id='word_1_770' title='bbox 1625 5092 1657 5099; x_wconf 67' lang='lat'><strong>.,</strong></span> 
     </span>
    </p>
   </div>
   <div class='ocr_carea' id='block_1_97' title="bbox 2347 4986 2725 5099">
    <p class='ocr_par' dir='ltr' id='par_1_97' title="bbox 2347 4986 2725 5099">
     <span class='ocr_line' id='line_1_98' title="bbox 2350 4986 2677 5009; baseline 0.021 -16"><span class='ocrx_word' id='word_1_771' title='bbox 2350 4986 2391 4993; x_wconf 79' lang='lat'><strong>--</strong></span> <span class='ocrx_word' id='word_1_772' title='bbox 2418 4986 2507 4993; x_wconf 54' lang='grc' dir='ltr'><strong>ην-</strong></span> <span class='ocrx_word' id='word_1_773' title='bbox 2538 4986 2563 5009; x_wconf 84' lang='grc'>-,</span> <span class='ocrx_word' id='word_1_774' title='bbox 2600 4986 2677 4991; x_wconf 62' lang='grc' dir='ltr'><strong>--ν</strong></span> 
     </span>
     <span class='ocr_line' id='line_1_99' title="bbox 2347 5030 2725 5099; baseline 0.003 -17"><span class='ocrx_word' id='word_1_775' title='bbox 2347 5048 2516 5099; x_wconf 69' lang='grc' dir='ltr'>φεσις,</span> <span class='ocrx_word' id='word_1_776' title='bbox 2536 5030 2725 5083; x_wconf 84' lang='grc' dir='ltr'>κακόν.</span> 
     </span>
    </p>
   </div>
   <div class='ocr_carea' id='block_1_98' title="bbox 642 5072 1684 5150">
    <p class='ocr_par' dir='ltr' id='par_1_98' title="bbox 642 5072 1684 5150">
     <span class='ocr_line' id='line_1_100' title="bbox 642 5072 1684 5150; baseline 0.019 -25"><span class='ocrx_word' id='word_1_777' title='bbox 642 5074 755 5127; x_wconf 86' lang='lat' dir='ltr'><strong>tieri</strong></span> <span class='ocrx_word' id='word_1_778' title='bbox 789 5076 1024 5141; x_wconf 82' lang='lat' dir='ltr'><strong>debeat,</strong></span> <span class='ocrx_word' id='word_1_779' title='bbox 1058 5072 1330 5150; x_wconf 80' lang='lat' dir='ltr'><strong>cupiditas</strong></span> <span class='ocrx_word' id='word_1_780' title='bbox 1361 5087 1562 5141; x_wconf 90' lang='lat' dir='ltr'><strong>malum</strong></span> <span class='ocrx_word' id='word_1_781' title='bbox 1592 5092 1684 5145; x_wconf 89' lang='lat' dir='ltr'><strong>sit.</strong></span> 
     </span>
    </p>
   </div>
   <div class='ocr_carea' id='block_1_99' title="bbox 708 5162 2207 5260">
    <p class='ocr_par' dir='ltr' id='par_1_99' title="bbox 708 5162 2207 5260">
     <span class='ocr_line' id='line_1_101' title="bbox 708 5162 2207 5260; baseline 0.021 -41"><span class='ocrx_word' id='word_1_782' title='bbox 708 5162 794 5219; x_wconf 80' lang='lat'><strong>60.</strong></span> <span class='ocrx_word' id='word_1_783' title='bbox 838 5167 1038 5223; x_wconf 83' lang='lat' dir='ltr'><strong>Malum</strong></span> <span class='ocrx_word' id='word_1_784' title='bbox 1068 5171 1264 5241; x_wconf 87' lang='lat' dir='ltr'><strong>duplex</strong></span> <span class='ocrx_word' id='word_1_785' title='bbox 1298 5184 1420 5229; x_wconf 88' lang='lat' dir='ltr'><strong>est:</strong></span> <span class='ocrx_word' id='word_1_786' title='bbox 1456 5178 1684 5234; x_wconf 88' lang='lat' dir='ltr'><strong>alterum</strong></span> <span class='ocrx_word' id='word_1_787' title='bbox 1718 5200 1845 5242; x_wconf 84' lang='lat' dir='ltr'><strong>vere</strong></span> <span class='ocrx_word' id='word_1_788' title='bbox 1878 5193 2077 5249; x_wconf 89' lang='lat' dir='ltr'><strong>malum</strong></span> <span class='ocrx_word' id='word_1_789' title='bbox 2102 5239 2114 5260; x_wconf 89' lang='lat'><strong>,</strong></span> <span class='ocrx_word' id='word_1_790' title='bbox 2146 5210 2207 5253; x_wconf 90' lang='lat' dir='ltr'><strong>ut</strong></span> 
     </span>
    </p>
   </div>
   <div class='ocr_carea' id='block_1_100' title="bbox 637 5261 2199 5344">
    <p class='ocr_par' dir='ltr' id='par_1_100' title="bbox 637 5261 2199 5344">
     <span class='ocr_line' id='line_1_102' title="bbox 637 5261 2199 5344; baseline 0.024 -37"><span class='ocrx_word' id='word_1_791' title='bbox 637 5272 663 5307; x_wconf 75' lang='grc' dir='ltr'>τι</span> <span class='ocrx_word' id='word_1_792' title='bbox 698 5261 931 5312; x_wconf 86' lang='lat' dir='ltr'><strong>naturali</strong></span> <span class='ocrx_word' id='word_1_793' title='bbox 975 5262 1160 5317; x_wconf 83' lang='lat' dir='ltr'><strong>habitu</strong></span> <span class='ocrx_word' id='word_1_794' title='bbox 1196 5274 1249 5319; x_wconf 90' lang='lat' dir='ltr'><strong>et</strong></span> <span class='ocrx_word' id='word_1_795' title='bbox 1284 5274 1427 5322; x_wconf 82' lang='lat' dir='ltr'><strong>statu</strong></span> <span class='ocrx_word' id='word_1_796' title='bbox 1472 5272 1751 5341; x_wconf 89' lang='lat' dir='ltr'><strong>prolapsio</strong></span> <span class='ocrx_word' id='word_1_797' title='bbox 1788 5297 1801 5331; x_wconf 87' lang='lat'><strong>:</strong></span> <span class='ocrx_word' id='word_1_798' title='bbox 1837 5298 1855 5331; x_wconf 78' lang='grc' dir='ltr'>σ</span> <span class='ocrx_word' id='word_1_799' title='bbox 1886 5281 2029 5341; x_wconf 86' lang='lat' dir='ltr'><strong>Deus</strong></span> <span class='ocrx_word' id='word_1_800' title='bbox 2054 5292 2199 5344; x_wconf 86' lang='lat' dir='ltr'><strong>enim</strong></span> 
     </span>
    </p>
   </div>
   <div class='ocr_carea' id='block_1_101' title="bbox 2379 5204 3883 5279">
    <p class='ocr_par' dir='ltr' id='par_1_101' title="bbox 2379 5204 3883 5279">
     <span class='ocr_line' id='line_1_103' title="bbox 2379 5204 3883 5279; baseline 0.004 -21"><span class='ocrx_word' id='word_1_801' title='bbox 2379 5204 2439 5268; x_wconf 81' lang='grc' dir='ltr'><strong>ξ’.</strong></span> <span class='ocrx_word' id='word_1_802' title='bbox 2476 5204 2549 5256; x_wconf 84' lang='grc' dir='ltr'><strong>Τὸ</strong></span> <span class='ocrx_word' id='word_1_803' title='bbox 2583 5204 2768 5266; x_wconf 85' lang='grc' dir='ltr'>κακὸν,</span> <span class='ocrx_word' id='word_1_804' title='bbox 2817 5204 3024 5256; x_wconf 76' lang='grc' dir='ltr'>διττόν³</span> <span class='ocrx_word' id='word_1_805' title='bbox 3072 5205 3130 5258; x_wconf 84' lang='grc' dir='ltr'><strong>τὸ</strong></span> <span class='ocrx_word' id='word_1_806' title='bbox 3158 5206 3254 5275; x_wconf 83' lang='grc' dir='ltr'>μὲν</span> <span class='ocrx_word' id='word_1_807' title='bbox 3302 5210 3366 5277; x_wconf 74' lang='grc' dir='ltr'>τῇ</span> <span class='ocrx_word' id='word_1_808' title='bbox 3420 5208 3647 5279; x_wconf 67' lang='grc' dir='ltr'>ἀληθεία</span> <span class='ocrx_word' id='word_1_809' title='bbox 3691 5213 3883 5274; x_wconf 62' lang='grc' dir='ltr'>κακὲ-ί,</span> 
     </span>
    </p>
   </div>
   <div class='ocr_carea' id='block_1_102' title="bbox 2309 5295 3882 5373">
    <p class='ocr_par' dir='ltr' id='par_1_102' title="bbox 2309 5295 3882 5373">
     <span class='ocr_line' id='line_1_104' title="bbox 2309 5295 3882 5373; baseline 0.006 -25"><span class='ocrx_word' id='word_1_810' title='bbox 2309 5296 2383 5359; x_wconf 83' lang='grc' dir='ltr'><strong>ὡς</strong></span> <span class='ocrx_word' id='word_1_811' title='bbox 2410 5299 2441 5366; x_wconf 78' lang='grc' dir='ltr'>ὴ</span> <span class='ocrx_word' id='word_1_812' title='bbox 2471 5296 2577 5348; x_wconf 86' lang='grc' dir='ltr'><strong>τῶν</strong></span> <span class='ocrx_word' id='word_1_813' title='bbox 2607 5295 2852 5365; x_wconf 85' lang='grc' dir='ltr'>φυσικῶν</span> <span class='ocrx_word' id='word_1_814' title='bbox 2879 5297 3042 5361; x_wconf 77' lang='grc' dir='ltr'>ἕξεων</span> <span class='ocrx_word' id='word_1_815' title='bbox 3060 5298 3397 5363; x_wconf 76' lang='grc' dir='ltr'>ἁπόπτωσις.</span> <span class='ocrx_word' id='word_1_816' title='bbox 3439 5321 3454 5351; x_wconf 79' lang='grc' dir='ltr'><strong>ι</strong></span> <span class='ocrx_word' id='word_1_817' title='bbox 3512 5303 3569 5355; x_wconf 87' lang='grc' dir='ltr'><strong>Ὀ</strong></span> <span class='ocrx_word' id='word_1_818' title='bbox 3608 5304 3715 5373; x_wconf 67' lang='grc' dir='ltr'>γὰρ</span> <span class='ocrx_word' id='word_1_819' title='bbox 3747 5306 3882 5369; x_wconf 62' lang='grc' dir='ltr'><strong>Θεὸς</strong></span> 
     </span>
    </p>
   </div>
   <div class='ocr_carea' id='block_1_103' title="bbox 1974 5400 2653 5469">
    <p class='ocr_par' dir='ltr' id='par_1_103' title="bbox 1974 5400 2653 5469">
     <span class='ocr_line' id='line_1_105' title="bbox 1974 5400 2653 5469; baseline 0.019 -15"><span class='ocrx_word' id='word_1_820' title='bbox 1974 5400 2208 5464; x_wconf 74' lang='lat' dir='ltr'><strong>VARUE</strong></span> <span class='ocrx_word' id='word_1_821' title='bbox 2250 5411 2653 5469; x_wconf 78' lang='lat' dir='ltr'><strong>LECTIONES.</strong></span> 
     </span>
    </p>
   </div>
   <div class='ocr_carea' id='block_1_104' title="bbox 702 5464 1422 5542">
    <p class='ocr_par' dir='ltr' id='par_1_104' title="bbox 702 5464 1422 5542">
     <span class='ocr_line' id='line_1_106' title="bbox 702 5464 1422 5542; baseline 0.022 -32"><span class='ocrx_word' id='word_1_822' title='bbox 702 5471 731 5510; x_wconf 87' lang='lat' dir='ltr'><strong>&#39;t</strong></span> <span class='ocrx_word' id='word_1_823' title='bbox 772 5464 932 5519; x_wconf 76' lang='lat' dir='ltr'><strong>Basil.</strong></span> <span class='ocrx_word' id='word_1_824' title='bbox 971 5469 1061 5520; x_wconf 73' lang='grc' dir='ltr'><strong>καὶ</strong></span> <span class='ocrx_word' id='word_1_825' title='bbox 1090 5472 1120 5537; x_wconf 83' lang='grc' dir='ltr'>ή</span> <span class='ocrx_word' id='word_1_826' title='bbox 1152 5470 1422 5542; x_wconf 74' lang='grc' dir='ltr'>γέννησις.</span> 
     </span>
    </p>
   </div>
   <div class='ocr_carea' id='block_1_105' title="bbox 1545 5480 3036 5574">
    <p class='ocr_par' dir='ltr' id='par_1_105' title="bbox 1545 5480 3036 5574">
     <span class='ocr_line' id='line_1_107' title="bbox 1545 5480 3036 5574; baseline 0.026 -44"><span class='ocrx_word' id='word_1_827' title='bbox 1545 5488 1564 5514; x_wconf 73' lang='grc' dir='ltr'><strong>τ</strong></span> <span class='ocrx_word' id='word_1_828' title='bbox 1605 5480 1961 5543; x_wconf 75' lang='grc' dir='ltr'><strong>[·Ζ(1ἰι.ὲυατό.</strong></span> <span class='ocrx_word' id='word_1_829' title='bbox 2038 5500 2059 5528; x_wconf 78' lang='grc'><strong><em>³</em></strong></span> <span class='ocrx_word' id='word_1_830' title='bbox 2092 5494 2259 5554; x_wconf 90' lang='lat' dir='ltr'><strong>Basil.</strong></span> <span class='ocrx_word' id='word_1_831' title='bbox 2297 5509 2350 5557; x_wconf 92' lang='lat' dir='ltr'><strong>et</strong></span> <span class='ocrx_word' id='word_1_832' title='bbox 2390 5500 2611 5557; x_wconf 87' lang='lat' dir='ltr'><strong>Leuncl.</strong></span> <span class='ocrx_word' id='word_1_833' title='bbox 2652 5502 3036 5574; x_wconf 75' lang='grc' dir='ltr'>αὑτοδὺναμοςσ</span> 
     </span>
    </p>
   </div>
   <div class='ocr_carea' id='block_1_106' title="bbox 3140 5503 3815 5577">
    <p class='ocr_par' dir='ltr' id='par_1_106' title="bbox 3140 5503 3815 5577">
     <span class='ocr_line' id='line_1_108' title="bbox 3140 5503 3815 5577; baseline 0.004 -19"><span class='ocrx_word' id='word_1_834' title='bbox 3140 5503 3345 5561; x_wconf 68' lang='grc' dir='ltr'><strong>ίΒοείΙ.</strong></span> <span class='ocrx_word' id='word_1_835' title='bbox 3390 5505 3815 5577; x_wconf 61' lang='grc' dir='ltr'>ἁγαθοποιητικτ.</span> 
     </span>
    </p>
   </div>
   <div class='ocr_carea' id='block_1_107' title="bbox 2093 5648 2320 5708">
    <p class='ocr_par' dir='ltr' id='par_1_107' title="bbox 2093 5648 2320 5708">
     <span class='ocr_line' id='line_1_109' title="bbox 2093 5648 2320 5708; baseline 0.031 -7"><span class='ocrx_word' id='word_1_836' title='bbox 2093 5648 2135 5701; x_wconf 84' lang='grc' dir='ltr'><strong>Ν</strong></span> <span class='ocrx_word' id='word_1_837' title='bbox 2142 5648 2297 5706; x_wconf 59' lang='grc' dir='ltr'><strong>ΟΤΑΕ</strong></span> <span class='ocrx_word' id='word_1_838' title='bbox 2308 5694 2320 5708; x_wconf 96' lang='lat'><strong>.</strong></span> 
     </span>
    </p>
   </div>
   <div class='ocr_carea' id='block_1_108' title="bbox 694 5703 1692 5780">
    <p class='ocr_par' dir='ltr' id='par_1_108' title="bbox 694 5703 1692 5780">
     <span class='ocr_line' id='line_1_110' title="bbox 694 5703 1692 5780; baseline 0.025 -25"><span class='ocrx_word' id='word_1_839' title='bbox 694 5703 778 5775; x_wconf 76' lang='lat'><strong>(‘2)</strong></span> <span class='ocrx_word' id='word_1_840' title='bbox 818 5703 1021 5763; x_wconf 63' lang='lat' dir='ltr'><strong>Toxlus</strong></span> <span class='ocrx_word' id='word_1_841' title='bbox 1061 5711 1145 5765; x_wconf 88' lang='lat' dir='ltr'><strong>hic</strong></span> <span class='ocrx_word' id='word_1_842' title='bbox 1172 5714 1551 5777; x_wconf 71' lang='lat' dir='ltr'><strong>subobscurus</strong></span> <span class='ocrx_word' id='word_1_843' title='bbox 1588 5733 1692 5780; x_wconf 66' lang='lat' dir='ltr'><strong>cst.</strong></span> 
     </span>
    </p>
   </div>
  </div>
