4156 6436
251 402 407 467 1553.

1212 404 1582 464 DIALOGUS
1629 405 1917 463 CONTRA
1962 405 2423 464 MANICHJSOS.

3283 404 3417 468 1554

247 510 469 576 ἐποίησε
493 507 584 563 τὸν
615 505 892 575 ἄνθρωπον
927 508 1079 574 εὐθῆ,
1129 509 1281 561 αὐτοὶ
1318 510 1373 560 δὲ
1420 509 1685 578 ἐζήτησαν
1709 509 1788 559 λο-

1927 511 2017 561 :cit
2056 510 2326 563 hominem
2367 518 2605 572 rectum;
2641 510 2736 577 ipsi
2775 526 2895 565 vero
2913 512 3238 578 qumsierunt
3271 517 3413 577 engi-

216 624 219 626 ·
250 602 479 668 γισμοίις
510 598 735 658 πολλοὺς
768 616 780 627 ·
818 598 1001 665 ἕτερον
1024 598 1079 649 δὲ
1124 599 1286 649 κακὸν
1320 600 1552 662 λέγεται,
1583 598 1643 648 τὸ
1673 598 1788 649 κατ’

248 689 514 755 αἴσθησιν,
545 687 621 747 ὡς
643 687 696 736 αί
717 685 939 752 θλίψεις,
958 686 1012 736 αἱ
1032 686 1166 737 κατά
1197 688 1319 747 τοὺς
1345 685 1679 754 πειρασμούς
1699 683 1793 734 ’τὸ

245 780 353 844 ,γάρ
376 777 470 841 τῆς
494 775 684 835 κακίας
703 774 867 842 ὄνομα
880 774 1159 842 ὁμώνυμόν
1176 776 1311 825 ἐστι.
1343 775 1442 825 Δύο
1458 773 1562 841 γὰρ
1598 771 1791 838 σημαί-

248 881 326 915 νει
348 881 360 892 ·
388 865 514 914 ποτε
549 863 647 931 μὲν
664 862 768 931 γὰρ
788 861 1038 930 σημαίνει
1055 863 1149 926 τὴν
1169 860 1268 927 τῆς
1287 861 1479 928 ἀρετῆς
1510 860 1760 927 στέρησιν
1777 872 1790 886 ⁸

247 953 380 1004 ποτὲ
407 953 461 1003 δὲ
490 952 587 1019 τὴν
618 951 715 1018 τῆς
737 951 928 1017 χαρᾶς,
953 949 1193 1001 τουτέστι
1222 948 1312 999 τοῦ
1330 947 1589 1015 ὲπιθυμου
1598 946 1755 1014 μένου
1779 960 1791 973 °

249 1043 283 1109 ἡ
305 1040 403 1109 μὲν
426 1039 531 1107 γάρ
553 1039 774 1107 πορνεία
788 1038 937 1090 οὐδὲν
966 1037 1148 1104 ’ἑτερόν
1170 1038 1334 1097 ἐστιν,
1353 1036 1399 1086 εί
1433 1034 1504 1103 μὴ
1523 1032 1796 1102 σωφροσύ-

246 1144 352 1196 νης
395 1128 661 1194 στέρησις,
689 1126 781 1176 καὶ
836 1125 975 1193 κακὴ
997 1125 1209 1192 χρῆσις.
1248 1123 1389 1174 Ἀντὶ
1420 1122 1523 1191 γὰρ
1540 1120 1633 1172 τοῦ
1662 1122 1795 1185 ἁγα-

249 1219 424 1282 πῆσαι
452 1214 542 1265 καὶ
564 1213 782 1281 μιγῆναι
811 1214 886 1273 είς
916 1210 976 1262 τὸ
1028 1210 1156 1262 ἴδιον
1198 1208 1405 1271 σκεῦος,
1429 1207 1670 1259 τουτέστι
1699 1205 1798 1272 τὴν

253 1304 392 1356 ίδίαν
447 1305 694 1369 γυναῖκα,
727 1299 1034 1368 ἀγαπᾷλκαὶ
1067 1299 1314 1368 μίγνυται
1338 1301 1402 1367 τῇ
1431 1295 1699 1364 ἀλλοτρίᾳ.
1737 1296 1799 1347 Ἦ

251 1390 502 1451 ἀπιστία,
537 1390 654 1441 ἀντὶ
676 1388 766 1440 τοῦ
801 1386 1082 1439 πιστεῦσαι
1110 1387 1202 1438 καὶ
1222 1386 1501 1451 ἀγαπῆσαι
1532 1384 1622 1434 τὸν
1643 1384 1799 1448 φύσει

252 1478 412 1544 Θεὸν,
469 1478 714 1530 πιστεύει
762 1476 836 1545 τῷ
884 1478 958 1545 μὴ
1014 1477 1129 1527 ὄντι
1164 1474 1300 1543 Θεῷ.
1356 1473 1523 1525 Τοῦτο
1558 1472 1649 1524 οῦν
1686 1472 1799 1522 ἐστι

254 1567 448 1629 κακία,
477 1567 537 1619 τὸ
571 1566 647 1634 τῷ
678 1566 752 1635 μὴ
804 1566 914 1617 ὄντι
965 1563 1040 1624 ὡς
1071 1564 1183 1614 ὄντι
1220 1561 1518 1630 χρήσασθαι
1542 1574 1555 1589 ·
1609 1560 1670 1612 τὸ
1726 1562 1800 1628 μὴ

254 1655 518 1724 παρέχειν
544 1656 754 1723 ἑκάστῳ
789 1655 859 1705 τά
885 1653 992 1706 ῐδια
1010 1670 1023 1683 ’
1059 1653 1164 1703 ἴδια
1203 1652 1413 1718 ἑκάστῳ
1442 1649 1511 1701 τά
1544 1649 1646 1700 ὑπὸ
1670 1647 1800 1699 Θεοῦ

253 1746 569 1814 ὀριζὸμενα.
605 1744 762 1796 Ἰδιον
809 1743 904 1812 μὲν
935 1741 1089 1801 Θεοῦ,
1120 1742 1152 1808 ὴ
1186 1740 1310 1801 δόξα
1349 1740 1445 1791 καὶ
1487 1740 1520 1806 ἡ
1551 1737 1701 1806 τιμὴ,
1728 1736 1802 1798 ὡς

1894 598 2126 651 lationes
2163 598 2355 649 multas
2396 598 2476 659 ¹⁹;
2512 616 2528 647 ι
2562 598 2787 649 alterum
2825 613 3015 651 sensus
3051 599 3219 650 nostri
3254 612 3415 649 causa

1898 686 1970 737 ita
2007 685 2329 752 appellatur,
2359 695 2414 737 ιιι
2449 686 2782 739 calamitates
2833 688 3026 753 quibus
3060 687 3112 739 in
3166 686 3417 738 tentatio-

1896 774 2055 826 nibus
2086 772 2367 826 allicimur.
2400 773 2533 825 Muli
2556 774 2696 826 enim
2730 774 3045 826 vocabulum
3081 788 3274 841 anceps
3300 781 3375 825 est
3402 812 3416 834 ,

1895 859 2039 927 quod
2090 859 2225 913 duas
2264 861 2686 928 signiﬁcationes
2727 861 2909 914 habet.
2958 859 3229 913 interdum
3276 860 3417 912 enim

1896 948 2149 1013 virtutis,
2182 950 2445 1002 interdum
2479 950 2697 1017 gaudii,
2727 950 2828 1002 hoc
2881 958 2962 1003 est
3009 950 3085 1003 rei
3136 951 3417 1016 θιρριίιτιι,

1899 1038 2255 1104 privationem
2292 1037 2510 1091 indicat.
2544 1038 2851 1091 l-‘ornicatio
2902 1039 3046 1091 enim
3098 1039 3228 1089 nihil
3278 1038 3420 1090 aliud

1897 1129 2015 1182 est,
2050 1136 2209 1189 quam
2242 1122 2512 1189 pudicitia:
2547 1124 2774 1190 privatio
2822 1131 2873 1177 et
2920 1123 3218 1192 ﬂagitiosus
3267 1140 3418 1178 usus.

1897 1206 2026 1258 Nam
2060 1221 2156 1275 pro
2184 1207 2335 1277 451
2368 1224 2431 1261 eo
2463 1209 2601 1277 quod
2628 1210 2892 1277 quispiam
2938 1225 3031 1262 vas
3080 1225 3236 1263 suum
3260 1249 3273 1272 ,
3322 1210 3422 1263 hoc

1897 1303 1980 1349 est
2007 1311 2229 1349 uxorem
2278 1313 2429 1351 suam
2476 1313 2688 1361 amare,
2737 1299 2890 1366 eique
2937 1301 3150 1351 misceri
3195 1300 3419 1361 deludat,

1898 1382 2128 1436 alienam
2161 1384 2398 1450 deperit.
2445 1393 2603 1453 atque
2656 1386 2718 1438 ad
2767 1402 2881 1439 eam
2938 1388 3163 1439 accedit.
3222 1387 3422 1440 Eodem

1898 1473 2054 1525 modo
2082 1471 2371 1525 inﬁdelitas
2422 1484 2532 1525 tum
2586 1474 2948 1536 contrahitur,
2983 1490 3102 1526 cum
3158 1475 3278 1542 quis
3330 1490 3428 1542 pro

1899 1575 1963 1614 eo
1999 1569 2157 1629 atque
2182 1562 2231 1615 ei
2262 1562 2351 1629 qui
2386 1572 2575 1615 natura
2609 1562 2748 1616 Deus
2779 1571 2861 1616 est
2888 1602 2901 1624 ,
2936 1564 3187 1629 credere,
3223 1565 3424 1633 ipsum—

1901 1664 2003 1717 que
2033 1650 2432 1731 amare‘debeat
2455 1691 2469 1714 ,
2501 1651 2575 1702 illi
2620 1652 2712 1719 qui
2763 1650 2901 1704 Deus
2933 1666 3037 1704 non
3071 1661 3186 1712 est,
3234 1654 3427 1705 credit.

1904 1739 1960 1789 In
1992 1737 2094 1790 hoc
2120 1752 2249 1805 ergo
2282 1738 2480 1789 malum
2514 1740 2674 1791 situm
2712 1747 2825 1801 est,
2861 1754 2979 1791 cum
3024 1741 3146 1807 quis
3189 1756 3251 1792 eo
3285 1742 3427 1808 quod

254 1832 585 1902 Δημιουργῷ
626 1833 934 1902 πρέπουσαο
969 1831 1100 1883 ίδιον
1136 1831 1191 1882 δὲ
1237 1829 1344 1881 τῶν
1391 1827 1719 1895 κτισμάτων,
1740 1825 1788 1876 τὶ

1927 1840 2004 1878 ιοιι
2034 1834 2145 1888 est,
2184 1833 2437 1894 tanquam
2472 1827 2540 1879 sit
2574 1827 2784 1881 utitur:
2820 1841 2939 1879 emn
2970 1843 3072 1880 non
3105 1829 3392 1897 unicuique
3415 1869 3427 1890 ,

258 1923 485 1990 μέτρον,
525 1923 553 1973 ὃ
580 1923 790 1989 ἑκάστῳ
811 1920 1006 1990 ὥρισεν
1033 1922 1060 1972 ό
1093 1919 1153 1971 τὸ
1184 1913 1321 1970 εἶναι
1345 1916 1484 1977 δούς.
1533 1915 1642 1982 Ἐφ’
1671 1916 1788 1983 ἡμῖν

1936 1916 2040 1969 uod
2066 1930 2223 1969 suum
2257 1924 2374 1981 est,
2414 1918 2620 1971 tribuit.
2663 1916 3109 1987 Uniuscujusque
3150 1920 3425 1986 proprium

255 2012 321 2064 δέ
352 2013 499 2063 ἐστιν
542 2010 575 2079 ἢ
621 2009 921 2079 χρήσασθαι
948 2011 1058 2071 τοῖς
1087 2008 1315 2061 δοθεῖσιν
1350 2008 1479 2075 ἡμῖν
1510 2005 1611 2058 ὑπὸ
1642 2000 1795 2066 Θεοῦ,

258 2099 352 2169 ἀφ’
384 2094 428 2166 ᾧ
454 2100 698 2161 δέδωκεν,
727 2098 759 2168 ἢ
808 2099 916 2166 μή·
952 2093 1094 2160 οἷον,
1121 2096 1314 2149 ιδωκεν
1346 2097 1475 2164 ἡμῖν
1510 2093 1569 2145 τὸ
1615 2091 1797 2143 ἐπιθυ-

263 2189 514 2257 μητικὸν,
536 2188 624 2242 ἴνα
658 2185 1006 2256 ὲπιθυμῶμεν
1035 2184 1195 2239 αὐτοῦ
1229 2184 1387 2253 μόνου
1419 2181 1640 2250 ἀγαθοῦ.
1675 2180 1797 2231 Ἑάν

261 2277 357 2329 ἀπὶ
386 2278 554 2345 τούτῳ
578 2274 906 2345 χρησώμεθα
924 2278 987 2344 τῇ
1016 2274 1297 2343 ἐπιθυμίᾳ,
1320 2271 1485 2341 ἀρετὴ
1508 2271 1600 2322 κιι)⁵
1612 2266 1792 2321 καλὸν·

263 2367 316 2417 εί
348 2365 402 2417 δὲ
429 2364 608 2433 ἕτερόν
632 2380 684 2415 τι
726 2362 851 2432 παρ’
892 2362 1049 2414 αὐτὸν
1094 2362 1482 2430 ἀγαπήσωμεν,
1547 2358 1647 2409 οὐκ
1688 2355 1799 2407 ἐστι

266 2455 484 2525 κρῆσις.
550 2453 683 2506 ἀλλά
731 2452 1088 2522 παράχρησις.
1137 2451 1227 2512 Et;
1286 2450 1417 2513 αὐτὸ
1481 2448 1587 2516 γὰρ
1647 2446 1803 2499 τοῦτο

266 2544 523 2611 ὶποίησεν
549 2544 716 2611 ἡμᾶς,
779 2542 863 2594 ἵνα
924 2540 1235 2610 μετέχωμεν
1271 2538 1435 2592 αὐτοῦ
1479 2536 1803 2606 ἐπιθυμοῦν-

268 2647 384 2693 τες.

1898 2004 2028 2058 illud
2058 2014 2172 2070 est,
2203 2005 2346 2074 quod
2395 2020 2424 2057 a
2471 2005 2577 2059 Deo
2607 2006 2938 2060 decernitur.
2968 2010 3041 2060 Ac
3079 2008 3183 2059 Deo
3212 2007 3427 2075 quidem

1898 2094 2171 2162 proprium
2200 2101 2281 2147 est
2307 2094 2469 2163 gloria
2498 2106 2547 2147 et
2576 2095 2763 2149 honor.
2794 2095 2919 2147 Nam
2948 2096 3059 2149 hmc
3084 2097 3130 2150 ei
3152 2136 3165 2159 ,
3194 2107 3248 2148 ut
3274 2097 3431 2150 Crea-

1900 2184 2039 2247 tori,
2092 2185 2442 2237 conveniunt.
2500 2184 2782 2253 Proprium
2832 2192 3011 2239 autem
3062 2194 3429 2239 creaturarum

1896 2277 2011 2333 est,
2047 2286 2302 2325 mensura
2336 2272 2457 2335 illa,
2488 2288 2647 2340 quam
2681 2273 2874 2341 cuique
2912 2273 2990 2326 rei
3038 2272 3178 2326 Deus
3226 2272 3430 2325 consti-

1905 2361 2012 2413 tuit
2031 2402 2044 2427 ,
2070 2362 2159 2430 qui
2184 2361 2344 2417 etiam
2369 2362 2655 2430 ipsummet
2677 2378 2797 2418 esse
2816 2362 2981 2417 dedit.
3008 2363 3169 2432 Atqui
3196 2362 3249 2416 in
3279 2361 3429 2415 nobis

1904 2452 2065 2504 situm
2096 2459 2178 2503 est
2204 2448 2291 2503 bis
2311 2488 2324 2513 ,
2358 2465 2478 2519 qum
2506 2451 2664 2505 nobis
2697 2466 2724 2503 a
2755 2450 2862 2505 Deo
2892 2466 3148 2505 concessa
3183 2460 3339 2512 sunt,
3368 2452 3430 2502 ad

1908 2539 2058 2592 illum
2099 2539 2258 2593 ﬁnem
2292 2541 2369 2593 uti
2394 2580 2407 2601 ,
2439 2540 2503 2593 ad
2534 2557 2688 2608 quem
2724 2557 2979 2596 concessa
3013 2552 3157 2596 sunt.
3193 2544 3432 2610 Exempli

1912 2628 2113 2697 gratia,
2144 2629 2425 2697 appetendi
2477 2628 2787 2683 facultatem
2837 2631 2991 2685 nobis
3025 2631 3224 2685 idcirco
3249 2632 3434 2697 dedit,

269 2732 336 2776 ut
360 2725 571 2792 ipsum,
608 2724 701 2792 qui
731 2724 882 2778 solus
930 2722 1106 2777 bonus
1157 2727 1272 2783 est,
1323 2718 1799 2787 concupiscamus.
1838 2715 2026 2786 Itaque
2090 2718 2439 2786 si,.appetitu
2486 2719 2551 2771 ad
2602 2734 2723 2772 eum
2771 2721 2925 2773 ﬁnem
2974 2730 3218 2783 utamur,
3262 2722 3437 2774 virtus

267 2820 361 2867 est
398 2820 452 2865 et
494 2813 731 2876 bonum;
786 2812 869 2864 sin
902 2810 1047 2863 aliud
1080 2808 1357 2877 quidpiam
1391 2815 1582 2875 praeter
1611 2820 1731 2859 eum
1768 2819 2047 2866 amamus,
2090 2803 2201 2870 jam
2232 2818 2339 2856 non
2370 2813 2454 2857 est
2481 2820 2634 2868 usus,
2668 2807 2758 2861 sed
2790 2807 3011 2863 abusus.
3057 2808 3113 2860 ln
3155 2808 3257 2864 hoc
3294 2810 3434 2863 enim

272 2916 382 2956 nos
415 2900 698 2962 condidit,
730 2908 789 2953 ut
820 2900 995 2967 ipsum
1022 2906 1373 2966 expetamus,
1408 2910 1579 2962 eoque
1610 2893 1842 2961 impletis
1879 2893 2017 2947 votis
2047 2891 2309 2945 fruamur.

348 2986 578 3055 Ea’.'Hv,
601 2991 782 3057 φησιν,
804 2992 836 3057 ἡ
865 2989 963 3057 ὕλη
983 2989 1230 3057 ἄναρχος,
1256 2986 1563 3056 ἀγέννητος,
1582 2988 1637 3036 ἐν
1658 2985 1806 3045 ίδίοις

1977 2983 2064 3036 ϐι.
2123 2984 2274 3047 Erat,
2331 2982 2616 3051 inquiunt,
2652 2986 2873 3041 materia
2922 2988 3172 3058 principii
3222 3004 3435 3057 expers,

271 3077 442 3146 ὅροις,
462 3078 546 3128 ἀεὶ
576 3056 1147 3143 ἀτάκτωςίκινουμένη,
1180 3074 1265 3126 ἀεὶ
1312 3075 1476 3142 ἑαυτῇ
1512 3072 1786 3141 μαχομένη

1927 3073 2170 3142 ingenita,
2196 3072 2252 3125 in
2279 3073 2395 3127 suis
2425 3074 2621 3127 tinilms
2654 3056 2959 3131 inordinate
2987 3056 3195 3146 semper
3220 3056 3434 3147 agitata.

274 3165 377 3217 καὶ
426 3164 619 3231 ἑαυτὴν
666 3163 1040 3216 ἀναλίσκουσα.
1064 3158 1170 3214 Ἦν
1198 3163 1275 3225 δὲ,
1317 3163 1470 3229 φησι,
1505 3162 1595 3213 καὶ
1636 3163 1663 3212 ὁ
1688 3160 1817 3221 Θεὸς

277 3254 341 3305 ιν
365 3253 513 3315 ίδίοις
536 3253 700 3321 ὅροις,
732 3254 960 3320 ἄναρχος
981 3291 997 3315 ,
1036 3252 1343 3320 ἀγέννητος,
1374 3252 1561 3315 ἀΐδιος,
1598 3251 1818 3319 ἀσώμαο

277 3358 393 3403 τος,
414 3341 532 3403 ὅλος
580 3341 726 3408 φῶς·
791 3340 904 3393 ἀλλ’
964 3342 997 3409 ὴ
1051 3339 1171 3408 ὖλη,
1214 3340 1394 3408 φησιν,
1439 3340 1682 3401 ἀτάκτως
1728 3338 1818 3391 καὶ

282 3430 491 3495 ἀλόγως
530 3430 838 3498 κινουμένη,
879 3430 975 3482 ἐπὶ
1000 3430 1065 3481 τά
1091 3428 1181 3481 τοῦ
1216 3429 1347 3481 Θεοῦ
1389 3430 1508 3498 ὅρια
1533 3424 1682 3497 ἦλθε.
1710 3430 1819 3481 Καὶ

281 3517 609 3586 θαυμάσασα
639 3519 697 3569 τὸ
733 3516 823 3568 τοῦ
862 3517 992 3568 Θεοῦ
1024 3517 1158 3585 φῶς,
1183 3518 1280 3585 τῆς
1313 3517 1410 3584 μὲν
1456 3518 1587 3581 πρὸς
1621 3517 1815 3585 ἑαυτὴν

289 3606 467 3674 μάχης
516 3605 783 3657 ἐπαύσατο
817 3621 828 3633 ⁸
864 3605 941 3673 τῷ
994 3606 1050 3657 δὲ
1093 3607 1230 3672 φωτὶ
1264 3606 1483 3658 ἐπέθετο
1524 3608 1817 3676 μαχομένη,

285 3694 501 3755 ὡςὴκαι
548 3694 708 3762 μέρος
765 3694 923 3745 αὐτοῦ
955 3695 1194 3763 ἁρπάσαι
1237 3697 1313 3757 είς
1341 3696 1535 3764 ἑαυτήν
1554 3710 1568 3726 ⁸
1594 3696 1686 3748 καὶ
1716 3696 1820 3765 γὰρ

288 3782 571 3849 ἄρχοντας,
602 3781 674 3841 ὡς
703 3782 793 3833 ἐπὶ
824 3785 1199 3851 κεκρυμμένου
1246 3784 1513 3851 βασιλείου
1551 3786 1647 3854 τὴν
1692 3785 1821 3846 ὓλην

289 3870 429 3936 ἔχειν
478 3868 920 3931 διαϐεϐαιοῦνται,
947 3870 1036 3931 οὓς
1068 3872 1161 3923 καὶ
1190 3869 1663 3939 κοσμοκράτορας
1716 3873 1821 3925 τοῦ

291 3959 590 4020 σκότους,
645 3960 738 4009 καὶ⁵
796 3960 1098 4026 πνεύματα
1166 3958 1272 4025 τῆς
1337 3963 1623 4027 πονηρίας
1688 3958 1822 4014 εἶναι

294 4043 575 4111 φάσκουσι.
622 4044 965 4112 Συνεχώρησε
1018 4046 1092 4106 δὲ,
1152 4046 1332 4112 φησὶν,
1378 4048 1406 4098 ὁ
1452 4047 1649 4113 ἀγαθὸς
1674 4048 1821 4111 Θεὸς,

296 4133 456 4200 μέρος
480 4131 665 4182 ἑαυτοῦ
696 4126 784 4183 ὐπ’
824 4133 989 4199 αὐτῆς
1020 4134 1293 4201 ἁρπασθὲν
1316 4136 1657 4209 αἰχμάλωτον
1688 4138 1825 4203 γενέ·

297 4220 440 4282 σθαι,
490 4222 634 4281 ὅπως
686 4222 852 4289 αὐτὴν
896 4221 1205 4290 περιγράψῃ
1252 4212 1345 4273 καὶ
1402 4226 1685 4295 περιορίσῃ
1732 4226 1823 4277 τοῦ

299 4306 372 4375 μὴ
402 4309 703 4375 περαιτέρω
739 4306 1045 4375 προϐαίνειν
1068 4308 1229 4368 εἰς’τά
1261 4308 1447 4360 ἑαυτοῦ
1478 4310 1615 4376 ὅρια.

365 4396 425 4446 El
456 4396 701 4462 ἄναρχος,
728 4397 1033 4462 ἀγέννητος,
1079 4396 1383 4465 ἀσώματος,
1430 4398 1635 4462 ἄποιος,
1664 4401 1825 4469 ἀόρα-

296 4501 383 4546 τος
412 4484 529 4549 ῦλη,
559 4484 755 4550 ὁμοίως
784 4485 874 4533 καὶ
901 4487 928 4535 ὁ
958 4485 1155 4551 ἀγαθὸς
1178 4486 1326 4549 Θεὸς,
1362 4487 1424 4537 ὲκ
1455 4487 1509 4537 δὲ
1530 4487 1628 4553 τῆς
1645 4488 1825 4549 οὐσίας

297 4571 554 4623 αὐτῶντά
596 4573 787 4634 πάντα,
837 4572 950 4631 πῶς
993 4572 1219 4640 ὁρῶνται
1261 4572 1328 4622 τὰ
1358 4572 1415 4635 ἐξ
1450 4574 1623 4624 αὐτῶν
1681 4577 1828 4639 γενό-

301 4678 472 4729 iuva;
520 4662 577 4712 τὸ
627 4662 732 4729 γὰρ
790 4661 846 4722 ἐξ
898 4662 1179 4728 ἀσωμάτου
1233 4663 1323 4712 καὶ
1372 4664 1601 4729 ἀοράτου
1645 4665 1827 4724 οὐσίας

300 4749 715 4816 προερχόμενον,
772 4747 1056 4814 ἀσώματον
1092 4750 1302 4809 πάντως
1356 4750 1504 4803 ἔσται
1540 4737 1631 4803 καί
1663 4754 1824 4821 ἀόρα-

298 4853 405 4889 τον.
444 4840 549 4888 Καὶ
579 4838 682 4902 πρὸ
709 4837 895 4887 τούτου
930 4853 944 4867 ο
983 4840 1028 4888 εἰ
1053 4839 1142 4889 καὶ
1165 4840 1218 4890 αἱ
1239 4839 1329 4889 δύο
1366 4839 1559 4903 οὐσίαι,
1585 4842 1823 4909 ἄναρχοι,

300 4926 393 4975 καὶ
413 4925 708 4991 ἀγέννητοι,
740 4926 832 4978 καὶ
871 4926 1045 4985 ἀΐδιοι,
1087 4926 1143 4989 ἐξ
1185 4926 1357 4979 αὐτῶν
1380 4928 1432 4979 δέ
1457 4929 1616 4995 ἐσμεν
1650 4932 1824 4996 ἡμεῖς,

299 5018 398 5068 οὐκ
424 5018 484 5066 ἐκ
515 5015 605 5065 τοῦ
654 5014 727 5082 μὴ
783 5016 930 5071 ὄντος
975 5016 1051 5075 εἰς
1094 5014 1152 5064 τὸ
1184 5012 1315 5065 εἶναι
1353 5017 1441 5066 ὐπ’
1479 5018 1653 5068 αὐτῶν
1690 5035 1825 5086 παρ-

301 5105 572 5172 αχθέντες,
632 5104 745 5156 ἀλλ’
800 5105 863 5153 ὲκ
903 5103 995 5169 τῆς
1027 5103 1207 5163 οὐσίας
1235 5104 1429 5162 αὐτῶν,
1478 5106 1693 5173 ἄναρχοι
1733 5110 1825 5157 καὶ

301 5196 456 5247 ἀϊδιοὶ
486 5196 645 5261 ἐσμεν
674 5195 847 5261 ἡμεῖς.
892 5192 1150 5257 Ἐκάστης
1186 5193 1291 5259 γὰρ
1340 5194 1519 5255 οὐσίας
1567 5195 1824 5263 γέννημα,

302 5282 657 5351 ὁμοούσιοντῇ
688 5279 985 5345 γεννησάσῃ
1010 5278 1163 5345 οὐσίᾳ
1182 5294 1195 5307 ο
1231 5280 1419 5343 ἀϊδίου,
1450 5281 1611 5331 ἀΐδιον
1632 5298 1644 5310 ·
1676 5282 1827 5346 ἀγεν-

303 5375 481 5439 νήτου,
511 5370 794 5436 ἀγέννητον
814 5386 826 5399 ·
853 5369 1103 5436 άνάρχου,
1134 5368 1380 5435 ἄναρχον.

1914 3170 1969 3216 et
2000 3175 2184 3215 secum
2238 3176 2503 3229 pugnans,
2559 3164 2901 3233 seipsamque
2956 3167 3268 3220 absumens.
3314 3168 3441 3220 Erat

1914 3252 2073 3306 etiam
2103 3248 2242 3315 Deus
2282 3251 2335 3304 in
2373 3252 2488 3306 suis
2531 3251 2749 3313 ﬁnibus,
2799 3254 3063 3322 principio
3092 3269 3317 3318 carens,
3358 3258 3440 3309 in-

1916 3339 2151 3409 genitus,
2189 3340 2577 3407 sempiternus,
2630 3342 3009 3410 incorporeus,
3061 3352 3202 3397 totus
3230 3345 3343 3398 lux.
3376 3346 3444 3398 At

1917 3427 2142 3481 materia
2176 3436 2375 3480 temere
2402 3439 2454 3480 et
2484 3428 2789 3483 inordinate
2821 3430 3045 3496 agitata,
3086 3430 3152 3483 ad
3186 3431 3277 3485 Dei
3306 3433 3442 3487 ﬁnes

1918 3515 2188 3581 perrexit;
2247 3514 2495 3582 lucisque
2530 3513 2891 3568 admiratione
2937 3522 3228 3579 commota,
3260 3532 3443 3571 secum

1918 3617 2159 3671 pugnare
2202 3603 2393 3666 desiit,
2446 3603 2729 3671 lucemque
2766 3619 2940 3673 pugna
2989 3606 3278 3670 lacessivit,
3314 3607 3447 3661 adeo

1920 3700 1977 3745 ut
2003 3691 2170 3758 ipsius
2195 3706 2408 3759 quoque
2439 3702 2640 3761 partem
2666 3692 2731 3745 ad
2756 3708 2812 3745 se
2840 3695 3104 3761 rapuerit.
3131 3693 3258 3747 Nam
3286 3696 3446 3748 etiam

1921 3778 2204 3846 praefectos
2264 3793 2393 3833 suos
2443 3781 2589 3832 velut
2643 3781 2695 3831 in
2743 3781 2973 3834 obscura
3020 3782 3249 3848 quadam
3300 3783 3447 3850 regia

1921 3867 2198 3919 materiam
2229 3867 2425 3921 habere
2453 3866 2744 3931 allirmant,
2770 3884 2905 3935 quos
2936 3876 2988 3921 ct
3014 3870 3192 3921 mundi
3228 3881 3448 3925 rectores

1923 3957 2246 4009 tenebrarum
2291 3971 2355 4010 ac
2401 3957 2697 4023 spiritualia
2755 3958 2992 4022 nequitia:
3034 3960 3078 3989 ὀ
3107 3974 3226 4013 esse
3275 3960 3445 4013 aiunt.

1923 4047 2126 4100 Passus
2173 4055 2274 4110 est,
2319 4046 2592 4115 inquiunt,
2646 4047 2820 4100 bonus
2859 4048 2995 4101 Deus
3032 4050 3115 4101 sui
3152 4049 3449 4116 portionem

1924 4136 2019 4191 abs
2040 4151 2096 4189 se
2116 4135 2390 4201 abreptam
2423 4134 2688 4200 captivam
2718 4133 2910 4196 teneri,
2939 4148 3046 4201 quo
3076 4148 3191 4186 eam
3215 4137 3448 4187 circum-

1925 4227 2184 4280 scriberet
2208 4238 2271 4275 ac
2296 4223 2566 4286 deﬁniret,
2599 4239 2662 4276 ne
2712 4238 2774 4277 ea
2807 4224 3033 4279 ulterius
3063 4224 3126 4277 ad
3162 4224 3293 4278 ﬁnes
3322 4241 3451 4280 suos

1857 4356 1898 4407 Β
1927 4314 2358 4385 progrederetur.

1997 4406 2050 4457 Si
2085 4403 2334 4472 principii
2382 4417 2598 4470 expers,
2652 4403 2911 4471 ingenita,
2944 4403 3287 4470 incorporea,
3318 4419 3450 4471 qua-

1927 4494 2080 4547 litate
2110 4505 2329 4554 vacans,
2360 4490 2650 4543 invisibilis
2684 4498 2766 4543 est
2798 4491 3043 4555 materia,
3078 4492 3312 4560 itemque
3351 4493 3448 4545 bo-
3536 4533 3539 4536 μ

1928 4598 2029 4636 nus
2061 4582 2223 4643 Deus,
2261 4590 2422 4649 atque
2446 4596 2510 4633 ex
2541 4594 2725 4633 eorum
2752 4582 3055 4635 substantia
3085 4583 3266 4635 omnia
3295 4592 3451 4635 enata

1926 4680 2085 4733 sunt;
2122 4683 2349 4737 quonam
2389 4667 2545 4720 modo
2593 4682 2654 4721 ea
2700 4682 2819 4735 qua
2858 4683 2919 4722 ex
2976 4669 3062 4722 his
3110 4668 3449 4737 prodierunt,

1930 4757 2101 4809 oculis
2151 4756 2465 4823 spectabilia
2511 4757 2670 4810 sunt?
2698 4771 2819 4808 nam
2859 4757 3002 4824 quod
3034 4772 3098 4811 ex
3131 4758 3450 4826 incorporea

1932 4844 2235 4897 substantia
2290 4841 2516 4910 prodiit,
2589 4844 2969 4911 incorporeum
3019 4860 3232 4914 quoque
3272 4846 3452 4913 ipsqu

1931 4936 2090 4995 atque
2131 4928 2405 4980 invisibile
2434 4928 2506 4980 sit
2538 4938 2774 4995 oportet.
2807 4930 2882 4982 Ac
2922 4931 2974 4982 in
3013 4932 3224 4999 primis,
3258 4932 3303 4984 si
3331 4934 3453 4985 dua:

1932 5018 2010 5069 hze
2087 5015 2403 5070 substantiae
2457 5016 2708 5084 principii
2775 5026 3044 5085 expertes,
3098 5019 3343 5088 ingenitae
3398 5031 3451 5075 ct

1932 5110 2267 5176 sempiterna‘
2298 5117 2425 5164 sunt
2453 5150 2467 5173 ,
2501 5126 2599 5164 nos
2653 5121 2831 5163 autem
2862 5123 2923 5161 ex
2965 5110 3043 5161 eis
3074 5123 3296 5173 sumus;
3343 5124 3450 5162 non

1932 5196 2000 5248 ab
2030 5198 2109 5249 eis
2158 5211 2220 5249 ex
2261 5198 2453 5258 nihilo,
2501 5196 2593 5250 sed
2646 5213 2709 5250 ex
2763 5198 3068 5251 substantia
3111 5211 3294 5250 earum
3327 5212 3453 5265 pro—

1933 5282 2080 5334 ducti
2133 5282 2321 5336 simus.
2381 5283 2662 5351 Cujusque
2703 5283 2869 5335 etiam
2919 5282 3235 5339 substantiae
3277 5283 3451 5349 proles

1933 5371 2140 5439 parenti
2191 5386 2298 5424 sua:
2347 5372 2823 5427 consubstantialis
2855 5380 2968 5436 cst;
3002 5372 3099 5425 hoc
3131 5380 3211 5426 est
3244 5382 3453 5427 aeterna:

303 5475 519 5522 :cterna,
570 5460 815 5527 ingenim
864 5460 1114 5525 ingenita,
1166 5460 1426 5525 principio
1472 5462 1670 5514 carenti
1716 5463 1797 5512 illa
1832 5477 1947 5528 qnze
1980 5462 2237 5528 principio
2276 5473 2439 5515 caret.

380 5645 415 5671 "
453 5639 624 5691 lic-cie.
671 5652 760 5698 ιιι,
791 5639 875 5688 50.
954 5638 995 5666 ²⁰
1031 5635 1215 5703 lipltcs.
1258 5652 1325 5698 ιἰ,
1366 5636 1442 5687 l2.
