4156 6436
1876 384 1936 437 S.
1971 382 2288 441 JUANNIS
2330 386 2747 447 DAMASCEN!

3812 388 3948 451 15ἷῦ

764 488 988 550 Dciinie,
1026 490 1071 540 si
1120 504 1183 542 ex
1237 491 1361 542 maii
1398 490 1645 560 bonique
1678 492 1989 545 substantia
2019 495 2262 547 concreti

2440 500 2548 551 Καὶ
2580 501 2741 553 πάλιν
2763 518 2775 529 ·
2808 504 2855 553 εἰ
2888 502 2952 553 ἐκ
3014 504 3111 572 τῆς
3145 504 3328 566 οὐσίας
3355 504 3445 556 τοῦ
3488 503 3708 571 ἀγαθώ
3735 505 3833 555 καὶ
3858 505 3948 554 τοῦ

690 595 907 640 sumus,
942 591 1054 630 non
1106 587 1397 642 creaturze,
1436 580 1531 634 sed
1588 579 1678 633 ﬁlii
1722 595 1955 647 sumus;
2015 598 2117 636 nec
2154 584 2261 636 ulla

693 667 746 719 in
794 664 996 719 mumlo
1031 674 1283 721 creatura
1313 668 1439 723 erit.

763 756 1010 811 itursus:
1043 757 1088 811 si
1130 758 1243 811 lieri
1292 760 1487 828 nequit
1533 769 1591 814 ut
1657 761 1789 815 boni
1831 770 2029 816 natura
2063 764 2116 817 in
2148 778 2265 817 ma-

696 851 804 899 lum
833 857 1103 916 vertatur,
1142 851 1479 921 omninoque
1528 854 1733 907 malum
1766 857 1989 926 cogitet,
2027 858 2105 910 vel
2140 872 2267 927 per-

696 948 910 1008 pelrct:
944 941 1060 994 ﬁeri
1115 944 1242 997 item
1284 945 1494 1013 nequit,
1553 955 1610 999 ut
1643 946 1822 1001 malus
1868 956 2132 1012 mutetur,
2169 950 2266 1001 bo-

697 1047 939 1101 numque
971 1032 1179 1102 aliquid
1215 1034 1293 1088 vel
1340 1036 1679 1103 cogitatione
1724 1037 2144 1106 complectatur,
2174 1049 2269 1093 aut

700 1121 897 1176 iaciat:
952 1122 1202 1194 profecto
1237 1136 1362 1178 cum
1400 1124 1580 1179 anima
1622 1134 1813 1181 nostra
1860 1127 2018 1192 boni,
2067 1142 2267 1197 corpus

698 1225 881 1270 autem
918 1216 1043 1269 mali
1078 1215 1153 1269 sit
1184 1229 1357 1285 pars;
1412 1214 1675 1286 possibile
1728 1231 1946 1287 quoque
1991 1233 2096 1271 non
2139 1219 2264 1283 erit,

702 1316 757 1361 ut
788 1309 971 1359 anima
1006 1313 1194 1361 nostra
1231 1307 1357 1360 mali
1408 1307 1709 1377 quidquam
1758 1310 1983 1379 cogitet,
2018 1317 2113 1362 aut
2145 1325 2267 1363 cor-

698 1411 803 1465 pus
836 1405 1087 1451 nostrum
1121 1397 1248 1451 boni
1290 1396 1593 1467 quidquam
1646 1397 1864 1453 emciat.
1914 1390 2089 1469 Atqui
2129 1401 2271 1454 mul-

700 1498 783 1540 tas
809 1488 1021 1541 animas
1057 1486 1196 1541 mala
1237 1487 1543 1557 cogitantes
1588 1490 1890 1553 cernimus,
1947 1498 2005 1543 ut
2054 1492 2268 1545 animas

698 1576 861 1647 452
897 1576 1352 1643 Maniclireorum;
1388 1593 1691 1649 rursusque
1718 1581 1889 1634 multa
1920 1580 2269 1649 corpora-bo—

702 1668 788 1721 nis
829 1667 1091 1736 operibus
1119 1667 1359 1735 addicta,
1403 1670 1480 1724 uti
1512 1680 1832 1726 sanctorum
1869 1686 2127 1743 corpora.

770 1758 926 1825 Quod
977 1760 1022 1815 si
1064 1760 1240 1814 malus
1284 1776 1348 1815 ex
1394 1761 1722 1831 incorporeo
1773 1770 1827 1817 et
1873 1778 2107 1833 corpore
2134 1780 2268 1819 con-

701 1856 891 1901 cretus
923 1855 1025 1910 est,
1088 1856 1142 1902 et
1185 1850 1361 1903 bonus
1410 1849 1713 1916 similiter;
1770 1865 1903 1905 sane
1934 1832 2058 1906 cum
2088 1853 2269 1907 anima
2303 1832 2343 1885 Β

703 1945 889 1994 nostra
930 1956 991 1993 ex
1027 1940 1152 1994 boni
1184 1940 1519 2003 substantia,
1572 1956 1779 2013 corpus
1828 1952 2009 2000 autem
2040 1960 2104 2000 ex
2140 1948 2270 2000 mali

703 2029 1012 2083 substantia
1042 2030 1140 2095 sit,
1175 2030 1361 2085 anima
1389 2047 1611 2102 quoque
1660 2044 1847 2089 nostra
1893 2051 1959 2091 ex
2016 2036 2273 2106 incorpo-

706 2134 799 2174 reo
830 2126 885 2173 et
937 2135 1173 2190 corpore
1227 2125 1528 2193 composita
1574 2125 1699 2191 erit,
1750 2142 2063 2197 corpusque
2118 2130 2269 2197 item,

704 2220 974 2265 ιιοδιηιιη.

773 2300 1044 2356 Praeterea
1079 2318 1090 2355 :
1126 2304 1172 2358 si
1212 2304 1441 2360 materia
1470 2306 1744 2376 principio
1793 2316 1966 2373 caret,
2001 2310 2269 2380 siquidem

703 2393 1027 2461 incorporea
1057 2395 1128 2449 sit
1159 2414 1171 2449 :
1200 2410 1441 2466 quonam
1480 2397 1641 2451 modo
1663 2412 1727 2451 ex
1780 2398 2105 2469 incorporea
2136 2402 2269 2458 sub-

704 2484 909 2538 stantia
942 2501 1145 2556 corpus
1173 2487 1418 2555 prodiit?
1452 2504 1576 2541 nam
1609 2490 1754 2557 quod
1788 2492 2062 2561 principio
2097 2502 2269 2562 caret,

706 2574 773 2629 ab
806 2579 952 2631 omni
988 2578 1293 2634 mutatione
1319 2580 1559 2635 alienum
1592 2589 1699 2637 est.
1737 2581 1811 2636 Ea
1843 2591 1995 2639 certe
2028 2602 2149 2654 qua:
2176 2603 2272 2641 ua-

709 2677 828 2718 tnra
865 2667 1135 2736 simplicia
1170 2677 1319 2734 sunt,
1378 2670 1628 2740 copulari
1675 2687 1785 2726 non
1836 2681 2092 2741 possunt.
2153 2675 2269 2740 Qua

711 2757 881 2825 igitur
910 2759 1119 2815 ratione
1147 2760 1600 2830 permistioiacta
1630 2766 1746 2820 est?

778 2848 855 2902 Ad
890 2848 1000 2903 haec
1032 2866 1043 2902 :
1078 2850 1121 2905 si
1164 2851 1393 2906 materia
1443 2857 1745 2923 composita
1786 2864 1869 2912 est
1917 2872 1983 2912 ex
2018 2859 2270 2929 incorpo-

709 2952 803 2992 reo
829 2946 880 2993 et
911 2954 1157 3008 corpore,
1211 2957 1333 2995 eum
1386 2956 1588 3012 corpus
1637 2947 1976 2999 contrarium
2020 2949 2274 3018 incorpo-

713 3043 809 3082 reo
843 3030 939 3091 sit,
990 3030 1115 3098 quis
1164 3033 1444 3086 contraria
1506 3033 1670 3088 simul
1718 3036 2039 3104 copulavit?
2096 3052 2273 3106 neque

2366 592 2601 662 πονηροῦ
2632 595 2663 662 ή
2690 593 2951 656 σύστασις
2974 595 3151 664 ἡμῶν,
3188 597 3249 647 οὐ
3276 597 3575 664 κτίσματα,
3614 596 3759 648 me
3788 597 3947 648 τέκνα

2365 684 2532 770 ξσμέν
2560 701 2572 715 ·
2615 684 2708 736 καὶ
2736 686 2835 738 οὐκ
2856 685 2970 737 ἔστι
2991 688 3167 748 κτίσις
3193 689 3250 739 ὲν
3276 688 3484 756 κόσμῳ.

2436 777 2545 829 Καὶ
2570 776 2732 828 πάλιν
2754 793 2767 805 ·
2802 778 2848 829 εί
2879 778 3138 831 ἀδύνατον
3188 780 3466 848 τραπῆναι
3502 780 3602 848 τὴν
3637 778 3841 831 οὐσίαν
3864 779 3949 830 τοῦ

2366 866 2572 937 ἀγαθοῤ
2612 868 2691 929 είς
2718 868 2779 919 τὸ
2810 869 3067 938 πονηρὸν,
3098 870 3194 921 καὶ
3225 872 3360 932 ὅὶως
3383 869 3703 937 λογίσασθαι
3736 870 3772 936 ἧ
3812 870 3951 935 τερὶ-

2368 959 2457 1023 ξαι
2493 958 2731 1028 πονηρόν
2758 974 2772 989 ⁸
2797 959 2893 1011 καὶ
2945 959 3205 1013 ἀδυνατον
3230 962 3322 1012 τὸν
3364 962 3601 1029 πονηρὸν
3646 959 3951 1028 τραπῆναι,

2368 1051 2462 1103 καὶ
2500 1049 2841 1118 λογίσασθαι,
2897 1050 2930 1119 ἢ
2990 1050 3193 1120 πρᾶξαί
3242 1068 3295 1103 τι
3344 1052 3571 1118 ἀγαθόν’
3630 1054 3664 1119 ἡ
3716 1050 3778 1102 δὲ
3810 1051 3954 1118 ψυχὴ

2364 1141 2541 1211 ἡμῶν,
2572 1140 2668 1193 τοῦ
2689 1141 2893 1207 ἀγαθοῦ
2925 1141 3088 1211 μέρος
3113 1142 3251 1205 ἐστὶ,
3268 1142 3327 1194 τὸ
3350 1142 3403 1193 δὲ
3427 1143 3609 1211 σῶμα,
3628 1142 3728 1194 τοῦ
3754 1143 3954 1194 κακοῖν*

2369 1222 2773 1285 ἀδύνατόνῗστι
2810 1233 2908 1302 τὴν
2956 1232 3133 1303 ψυχὴν
3174 1234 3333 1302 ἡμῶν
3371 1234 3695 1302 λογίσασθαι
3752 1234 3955 1300 φαῦλῦν

2368 1342 2443 1390 τι,
2470 1326 2564 1379 καὶ
2586 1324 2647 1377 τὸ
2670 1325 2829 1395 σῶμα
2849 1328 2881 1395 ἡ
2891 1326 3006 1396 μῶν
3053 1327 3261 1396 πρᾶξαι
3286 1326 3507 1393 ἀγαθόν.
3545 1327 3689 1379 Ἀλλ’
3732 1325 3955 1394 ὁρῶμεν

2372 1418 2574 1481 πολλὰς
2600 1417 2777 1487 ψυχὰς
2796 1418 3151 1487 λογιζομένας
3193 1421 3424 1487 πονηρὰ,
3450 1418 3526 1480 ὡς
3561 1418 3664 1479 τὰς
3687 1418 3808 1470 τῶν
3838 1418 3957 1469 Μα-

2372 1510 2595 1579 νιχαίων
2617 1528 2628 1538 ·
2661 1510 2753 1564 καὶ
2785 1509 2953 1563 πολλὰ
2977 1510 3205 1579 σώματα
3242 1510 3497 1563 ποιοῦντα
3540 1510 3752 1580 ἀγαθὰ,
3786 1510 3867 1571 ὡς
3889 1508 3957 1560 τὰ

2370 1602 2478 1654 τῶν
2508 1601 2701 1670 ἁγίων.

2446 1778 2509 1832 Εἰ
2540 1778 2634 1832 καὶ
2692 1780 2720 1829 6
2777 1779 3011 1846 πονηρὸς
3076 1777 3327 1840 σύνθετός
3364 1782 3508 1832 ἐστιν
3545 1778 3608 1841 ἐξ
3650 1776 3954 1845 ἀσωμάτου

2378 1874 2471 1924 καὶ
2492 1870 2765 1941 σώματος,
2798 1870 2893 1922 καὶ
2917 1872 2945 1921 6
2974 1868 3177 1936 ἀγαθὸς
3203 1869 3424 1937 ὁμοίως,
3473 1871 3567 1921 καὶ
3592 1870 3627 1925 ἦ
3676 1869 3782 1937 μὲν
3807 1868 3953 1936 ψυχὴ

2375 1961 2550 2031 ἡμῶν,
2580 1960 2680 2031 τῆς
2703 1960 2891 2024 οὐσίας
2914 1959 3008 2013 τοῦ
3040 1959 3247 2026 ἀγαθοῦ
3290 1960 3424 2022 ἐστι,
3456 1960 3517 2012 τὸ
3543 1961 3599 2012 δὲ
3636 1960 3831 2028 σῶμ-α,
3862 1959 3955 2010 τοῦ

2375 2052 2645 2123 πονηροῢ’
2666 2055 2819 2124 καὶή
2849 2053 2998 2123 ψυχὴ
3026 2053 3185 2123 ἡμῶν
3234 2052 3484 2114 σύνθετος
3523 2052 3682 2104 ἔσται
3717 2051 3783 2115 ἐξ
3814 2051 3958 2102 ἀσω-

2376 2145 2547 2215 μάτου
2577 2145 2673 2198 καὶ
2704 2143 2976 2214 σώματος,
3006 2144 3100 2197 καὶ
3130 2143 3192 2197 τὸ
3220 2143 3378 2213 σῶμα
3406 2144 3438 2212 ἡ
3449 2142 3585 2213 μῶν.

2442 2316 2555 2371 Καὶ
2582 2316 2744 2369 πάλιν
2768 2331 2784 2348 ο
2815 2316 2864 2369 εἰ
2899 2315 3132 2386 ἄναρχος
3158 2313 3192 2381 ἡ
3230 2315 3353 2383 ὕλη,
3393 2316 3442 2367 εί
3484 2314 3585 2383 μὲν
3632 2311 3955 2380 ἀσώματος,

2378 2402 2495 2471 πῶς
2519 2407 2578 2474 ἑξ
2600 2407 2896 2476 ἀσωμάτου
2933 2406 3127 2469 οὐσίας
3150 2404 3424 2474 προῆλθες
3453 2404 3515 2455 τὸ
3546 2405 3657 2472 γὰρ
3686 2405 3955 2470 ἄναρχον,

2376 2505 2595 2563 πάντως
2659 2500 2949 2569 ἄτρεπτον.
2996 2499 3078 2551 Τὰ
3130 2499 3290 2566 φύσει
3360 2498 3507 2549 ἁπλᾶ
3567 2497 3633 2549 οὐ
3704 2495 3958 2561 πέφυκεν

2372 2592 2639 2646 ἐνοῦσθαι·
2674 2591 2789 2655 πῶς
2813 2587 2906 2645 οὖν
2935 2592 3151 2658 ἐγένετο
3180 2592 3212 2660 ἡ
3246 2588 3549 2657 σύγκρασις
3573 2604 3586 2616 θ

2442 2858 2553 2910 Καὶ
2587 2858 2785 2912 πάλιν·
2832 2838 2880 2911 ει
2941 2856 3194 2910 σύνθετον
3224 2856 3258 2925 ἡ
3300 2855 3398 2925 ὕλη
3428 2853 3486 2920 ιε
3528 2851 3837 2922 ἀσωμάτου
3867 2850 3961 2901 καὶ

2376 2951 2647 3019 σώματος,
2676 2950 2740 3002 τδ
2783 2949 2841 3002 δὲ
2894 2949 3053 3018 σῶμα
3086 2948 3330 3001 ἐναντίον
3363 2946 3441 3015 τῷ
3481 2945 3791 3013 ἀσωμάτῳ,
3820 2943 3906 3003 τίς
3933 2943 3961 2993 6

2376 3038 2582 3101 ὲνώσας
2603 3038 2671 3091 τὰ
2695 3038 2944 3101 ὲναντία;
2967 3038 3067 3090 οὐκ
3096 3036 3161 3090 ἂν
3183 3037 3291 3106 γὰρ
3319 3035 3390 3088 τὰ
3409 3035 3626 3088 ἐναντία
3650 3036 3769 3093 τοῖς
3802 3034 3961 3083 ἐναν-

710 3122 853 3173 enim
885 3122 1163 3176 contraria
1197 3137 1319 3177 cum
1368 3126 1666 3179 contrariis
1714 3136 2090 3194 versarentur,
2133 3131 2266 3183 ami-

2383 3130 2509 3192 τίοις
2532 3130 2730 3199 ὁμιλεῖ,
2758 3130 2987 3196 φιλικῶς
3032 3130 3412 3196 συναπτόμενα
3467 3128 3546 3188 είς
3577 3125 3636 3177 ἓν
3693 3124 3837 3190 ὕφος
3868 3123 3961 3173 καί

712 3226 883 3280 eoque
911 3212 963 3265 in
1002 3227 1163 3266 unam
1196 3214 1363 3268 veluti
1400 3225 1688 3281 texturam,
1721 3232 1994 3289 unamque
2021 3220 2273 3274 substan-

713 3302 846 3355 tiam
879 3301 1375 3371 eonjungerentur,
1418 3304 1525 3361 nisi
1556 3306 1838 3362 Creatoris
1890 3310 2133 3377 potentia
2162 3310 2277 3365 haec

717 3395 770 3446 in
824 3407 992 3446 unum
1036 3397 1426 3464 eompegisset.
1468 3396 1538 3449 At
1590 3411 1719 3451 vero
1753 3399 2001 3464 materia,
2047 3408 2105 3453 ut
2162 3396 2281 3470 quae

717 3482 1111 3551 compositioni
1148 3484 1435 3549 inserviat,
1474 3499 1501 3539 a
1534 3484 1716 3541 Verbo
1754 3487 1963 3554 divino,
2013 3498 2071 3544 ut
2108 3499 2277 3557 esset,

720 3574 950 3641 accepit.

792 3660 1020 3730 Insuper
1051 3679 1062 3715 :
1108 3663 1336 3717 materia
1372 3663 1455 3717 vel
1490 3665 1782 3733 corruptio
1820 3674 1925 3727 est,
1972 3666 2051 3719 vel
2088 3664 2282 3720 corru-

728 3749 901 3817 ptioui
938 3749 1201 3804 obnoxia.
1254 3749 1426 3805 Porro
1480 3755 1766 3822 corruptio
1817 3770 1926 3808 non
1974 3757 2282 3825 corrumpi-

724 3849 833 3901 tur,
874 3839 969 3894 sed
1011 3840 1347 3910 corrumpit;
1387 3841 1531 3908 quod
1587 3850 1769 3895 autem
1807 3844 2145 3912 corruptioni
2182 3845 2284 3898 ob-

725 3931 947 3983 noxium
977 3938 1083 3992 est,
1119 3945 1147 3983 a
1176 3931 1539 3999 corruptione
1578 3935 1974 4001 corrumpitur.

794 4019 883 4072 (39..
916 4018 1117 4073 Deinde
1146 4039 1156 4073 :
1190 4019 1453 4089 quidnam
1482 4028 1567 4074 est
1600 4022 1873 4074 materia?
1903 4037 2284 4092 corrumpens,

726 4124 794 4162 att
828 4111 1124 4179 corruptio,
1159 4125 1229 4164 an
1277 4125 1364 4164 res
1415 4111 1757 4179 corruptioni
1816 4112 2101 4183 subjecta?
2152 4114 2287 4169 Cor-

726 4199 911 4268 ruptio
953 4209 1037 4254 est
1067 4202 1500 4269 compositarum
1541 4216 1723 4255 rerum
1766 4202 2063 4257 dissolutio
2096 4222 2111 4259 :
2165 4220 2289 4259 cor-

726 4306 1007 4359 rumpens,
1045 4292 1096 4345 id
1144 4291 1290 4360 quod
1337 4293 1746 4361 corruptionem
1788 4294 1986 4348 aﬂ‘ert:
2040 4310 2128 4349 res
2170 4311 2288 4351 cor-

725 4383 973 4449 ruptioui
1020 4383 1294 4451 subjecta,
1357 4385 1724 4451 compositum
1783 4384 1918 4437 illud
1969 4386 2113 4453 quod
2169 4388 2288 4443 dis-

2382 3220 2509 3289 μίαν
2540 3220 2861 3284 ὑπόστασιν,
2912 3220 2962 3272 εί
3009 3219 3082 3288 μὴ
3125 3220 3158 3288 ἡ
3197 3218 3291 3271 τοῦ
3341 3214 3696 3286 Δημιουργοῦ
3728 3212 3961 3280 δύναμις

2379 3313 2458 3373 εἰς
2495 3310 2551 3362 ἒν
2585 3310 2722 3362 αὐτὰ
2751 3308 3139 3364 συνεϐίϐασεν·
3175 3310 3207 3379 ἡ
3235 3307 3335 3377 ὕλη
3352 3304 3775 3374 παρασύνθετος
3806 3296 3960 3360 οὖσα,

2381 3401 2485 3454 ὑπὸ
2523 3399 2666 3453 θείου
2697 3400 2874 3473 Λόγου
2901 3398 2962 3451 τὸ
2993 3395 3131 3451 εἶναι
3157 3399 3366 3465 εἴληφε.

2452 3662 2561 3715 Καὶ
2585 3661 2744 3714 πάλιν
2763 3661 2829 3731 ’ἡ
2858 3658 2958 3727 ὕλη
2993 3657 3166 3726 φθορά
3193 3658 3361 3719 ἐστιν,
3390 3657 3422 3726 ἦ
3461 3655 3679 3724 φθαρτή
3707 3668 3721 3681 ·
3766 3653 3833 3706 Ἢ
3867 3653 3963 3721 μὲ)

2383 3756 2492 3824 γὰρ
2520 3753 2717 3822 φθορὰ,
2750 3753 2980 3820 φθείρει,
3012 3750 3107 3802 καὶ
3150 3749 3211 3802 οὐ
3254 3749 3537 3817 φθείρεται
3568 3763 3582 3777 ο
3619 3747 3686 3798 τὸ
3708 3748 3766 3798 δὲ
3794 3746 3964 3813 φθαρ-

2384 3846 2496 3909 τὸν,
2520 3842 2804 3912 φθείρεται
2837 3841 2940 3893 ὑπὸ
2959 3839 3056 3908 τῆς
3081 3839 3283 3909 φθορᾶς
3302 3855 3315 3868 ·
3344 3837 3439 3889 καὶ
3466 3836 3527 3888 τὸ
3562 3836 3663 3905 μὲν
3695 3834 3961 3903 φθαρτὴν,

2383 3936 2630 3989 τουτέστι
2654 3934 2714 3986 τὸ
2748 3932 3130 4001 φθειρόμενον.

2457 4025 2555 4094 ξβν.
2593 4025 2655 4076 Ἥ
2682 4023 2779 4091 ὕλη
2812 4022 3029 4084 τίὲστι;
3062 4020 3305 4089 φθεῖρον,
3336 4018 3369 4085 ἢ
3399 4014 3594 4086 φθορὰ,
3630 4016 3665 4083 ἢ
3711 4014 3963 4082 φθαρτῆζ

2386 4116 2564 4185 Φθορὰ
2637 4117 2736 4182 μὲν
2796 4112 2904 4181 γάρ
2959 4112 3194 4179 ὲστιν,ἠ
3248 4109 3356 4160 τῶν
3392 4107 3667 4159 συνθέτων
3695 4106 3962 4165 διάλυσις.

2386 4207 2601 4276 Φθείρει
2631 4204 2708 4268 δὲ,
2738 4206 2766 4256 ὁ
2795 4204 2891 4271 τὴν
2918 4201 3120 4271 φθορὰν
3166 4201 3385 4266 ἐπάγων
3412 4214 3425 4227 ·
3468 4195 3757 4264 φθείρεται
3798 4196 3877 4254 δὲ,
3912 4194 3968 4244 τὸ

2389 4296 2739 4365 διαλυόμενον
2771 4293 3051 4345 σύνθετονο
3087 4291 3261 4343 καὶτὸ
3294 4290 3390 4358 μὲν
3410 4287 3652 4358 φθεῖρον,
3685 4288 3788 4339 καὶ
3821 4288 3967 4352 φθει-

2396 4389 2640 4457 ρόμενον,
2663 4382 2839 4436 οὐσίαι
2893 4382 3053 4443 εἰσὶν,
3094 4382 3129 4448 ἡ
3176 4380 3233 4431 δὲ
3264 4379 3460 4447 φθορὰ,
3497 4376 3877 4445 συμϐεϐηκδς.
3914 4376 3967 4424 ἐν

728 4472 983 4525 solvitur.
1017 4472 1179 4540 Atqui
1216 4481 1329 4525 tum
1371 4472 1501 4526 illud
1536 4474 1679 4540 quod
1713 4475 2045 4542 corrumpit,
2079 4484 2192 4529 tum
2235 4478 2277 4531 id

2392 4479 2469 4547 τῷ
2488 4476 2715 4529 λύεσθαι
2766 4476 2835 4529 τὰ
2892 4472 3216 4526 συντεθέντα
3268 4470 3651 4539 θεωρονμένη·
3704 4470 3802 4519 καὶ
3850 4467 3965 4516 ait:

726 4563 872 4631 quod
902 4564 1292 4630 corrumpitur,
1325 4562 1649 4615 substantiae
1683 4570 1810 4615 sunt
1837 4581 1849 4615 :
1884 4566 2167 4632 corruptio
2194 4581 2290 4619 au-

2390 4568 2842 4639 προϋπάρχουσα,
2896 4563 3017 4616 οὔτε
3052 4562 3192 4632 μετὰ
3236 4562 3296 4613 τὸ
3343 4561 3567 4629 λυθῆναι
3608 4558 3966 4625 διαμένουσα.

729 4664 839 4707 tem
871 4663 955 4705 cst
987 4653 1265 4715 accidens,
1300 4659 1356 4705 ut
1378 4666 1499 4721 qua:
1522 4650 1576 4705 in
1601 4652 1897 4722 compositi
1928 4652 2291 4712 dissolutione
2327 4657 2759 4711 consideretur:
2800 4668 2864 4708 ac
2898 4668 3075 4722 neque
3112 4663 3239 4706 ante
3266 4659 3372 4715 est,
3408 4663 3585 4716 neque
3658 4657 3793 4717 post
3858 4646 3969 4699 dis-

728 4750 1053 4803 solutionem
1083 4758 1285 4801 manet.

799 4838 888 4889 (35.
926 4812 1194 4900 Quidnam
1249 4837 1418 4907 igitur
1456 4844 1539 4890 cst
1583 4835 1854 4889 materia?
1905 4851 2286 4907 corrumpens,

732 4943 798 4981 an
845 4927 1149 4993 corruptio,
1201 4940 1269 4978 an
1319 4926 1657 4989 corruptioni
1702 4926 1997 4995 subjecta?
2054 4927 2111 4980 Si
2164 4944 2291 4982 cor-

735 5024 1079 5083 iunipentem
1111 5015 1392 5077 dixeritis,
1421 5030 1689 5084 quau-am.
1736 5016 1999 5084 quidnam
2045 5017 2134 5069 illa
2168 5033 2293 5071 cor-

738 5114 975 5175 rumpat,
1011 5106 1115 5159 uisi
1152 5105 1293 5159 forte
1340 5106 1575 5159 bonum?
1618 5105 1753 5158 nihil
1803 5108 1949 5161 enim
1997 5108 2145 5161 aliud
2172 5124 2294 5163 esse

739 5199 943 5255 dicitis.
985 5196 1091 5251 nisi
1149 5197 1434 5251 materiam
1488 5208 1541 5250 et
1597 5196 1823 5250 bonum.
1862 5197 1918 5249 Si
1975 5198 2084 5251 duo
2116 5208 2293 5263 erant,

741 5288 1076 5355 materiaque
1124 5286 1447 5355 corrumpit,
1510 5295 1561 5339 et
1614 5287 1791 5339 bonus
1830 5287 1993 5339 vitam
2030 5288 2295 5356 largitur,

742 5378 969 5430 materia
999 5376 1219 5446 quidem
1251 5378 1547 5431 incolumis
1591 5389 1696 5441 est,
1733 5377 1911 5431 bonus
1946 5388 2129 5431 autem
2174 5394 2297 5432 cor-

741 5469 1009 5536 rumpitur
1039 5478 1093 5521 et
1123 5469 1333 5521 interit.
1364 5467 1520 5531 Quod
1563 5468 1609 5523 si
1662 5467 1765 5521 hoc
1813 5468 2084 5531 dixeritis,
2124 5480 2299 5525 mate-

743 5560 876 5611 riam
908 5560 1145 5628 seipsam
1175 5574 1547 5628 corrumpere,
1597 5560 1733 5613 illud
1769 5560 1933 5612 velim
1970 5561 2183 5621 sciatis,
2214 5562 2299 5614 ui-

744 5650 818 5701 liii
850 5665 971 5703 esse
1004 5650 1150 5718 quod
1195 5665 1223 5702 a
1264 5651 1445 5719 scipso
1491 5658 1890 5717 corrumpatur.
1932 5649 1996 5703 Et
2045 5659 2211 5713 certe,
2251 5653 2295 5705 si

744 5742 977 5809 seiosaui
1011 5742 1415 5813 corrumpebat,
1442 5742 1553 5808 jam
1579 5743 1816 5812 scipsam
1843 5744 2298 5813 consumpsisset,

2460 4838 2560 4904 g3».
2594 4834 2659 4885 Τί
2684 4828 2775 4885 οὖν
2804 4832 3010 4899 ἐστινὴ
3088 4828 3221 4896 ὕλης
3261 4827 3579 4895 φθείρουσα,
3621 4825 3656 4893 ἦ
3694 4824 3900 4894 φθορὰ,
3938 4827 3966 4893 ἦ

2390 4926 2599 4995 φθαρτή
2626 4941 2639 4987 ;
2664 4923 2775 4976 Καὶ
2799 4923 2846 4974 εί
2887 4922 2983 4989 μὲν
3020 4920 3230 4985 εἴπητε,
3263 4920 3343 4971 ὅτι
3375 4917 3706 4987 φθείρουσα,
3756 4921 3969 4979 εῐπατι,

2389 5021 2439 5072 τε
2465 5018 2696 5086 φθείρει,
2729 5017 2776 5066 εἰ
2803 5021 2876 5082 μὴ
2904 5013 2962 5064 τὸ
2987 5012 3219 5077 ἁγαθόν;
3247 5011 3400 5062 οὐδὲν
3418 5011 3525 5077 γὰρ
3545 5010 3731 5075 λέγετε
3756 5009 3849 5060 Et:
3862 5025 3971 5075 ρον,

2394 5110 2539 5178 εἰμὴ
2570 5110 2668 5179 τὴν
2702 5106 2855 5173 ὓλην,
2884 5105 2977 5156 καὶ
3007 5104 3098 5155 τὸν
3131 5102 3353 5170 ἀγαθόν.
3396 5100 3457 5154 ΕΞ
3504 5097 3596 5153 οὖν
3656 5099 3752 5151 δύο
3808 5096 3969 5168 ἧσαι,

2400 5199 2610 5268 φθείρει
2665 5199 2698 5265 ἠ
2762 5193 2885 5263 ὕλη,
2936 5194 3311 5261 γενεσιουργεῖ
3347 5191 3403 5243 δὲ
3444 5192 3473 5241 6
3520 5188 3722 5253 ἀγαθὴ
3757 5205 3771 5215 -
3804 5190 3837 5255 ἡ
3880 5190 3974 5255 μὲν

2402 5290 2499 5357 ὓλη
2535 5286 2867 5347 συνίσταται,
2907 5282 3185 5349 φθείρεται
3228 5281 3285 5332 δὲ
3321 5280 3413 5330 καὶ
3448 5279 3751 5331 ἀπόλλυται
3782 5280 3811 5329 ὁ
3836 5282 3975 5342 ἁγα-

2403 5381 2520 5441 θόςο
2576 5380 2624 5430 εἰ
2685 5378 2739 5430 δὲ
2774 5376 2971 5444 ἑαυτὴν
3016 5372 3247 5441 φθείρει,
3288 5370 3481 5436 γνῶτε,
3512 5370 3593 5420 ὅτι
3636 5370 3795 5421 οὐδὲν
3828 5372 3975 5421 ἐστιν

2400 5469 2594 5526 ἑαυτοῦ
2630 5468 2923 5536 φθαρτικόν
2942 5483 2954 5494 ·
2986 5466 3099 5517 εἰδὲ
3121 5466 3214 5517 καὶ
3244 5465 3441 5533 ἑαυτὴν
3471 5463 3741 5531 ἔφθειρεν,
3760 5463 3974 5528 ἀνήλυ-

2402 5578 2491 5613 σεν
2518 5561 2581 5612 ἂν
2611 5558 2828 5627 ἑαυτὴν,
2856 5558 2951 5608 καὶ
2976 5558 3054 5618 εἰς
3109 5555 3450 5624 ἀνυπαρξίαν
3501 5555 3691 5623 ἧλασε.
3751 5555 3877 5615 Πῶς
3924 5555 3974 5604 E7:

2408 5652 2499 5705 καὶ
2528 5652 2586 5703 τὸ
2608 5652 2977 5718 φθειρόμενον,
3011 5649 3276 5715 ἅκιαρχονς
3304 5648 3350 5698 εἰ
3381 5646 3433 5698 δὲ
3456 5646 3692 5716 φθαρτὴ,
3712 5647 3819 5697 ἰπὶ
3837 5652 3977 5706 τέκεος

2412 5745 2707 5815 φθείρεται,
2742 5743 2787 5795 εἰ
2821 5741 2894 5811 μὴ
2930 5740 3033 5793 ὑπὸ
3073 5739 3164 5793 τοῦ
3197 5736 3436 5803 ἀγαθοῦ;
3479 5739 3573 5790 καὶ
3610 5738 3765 5789 ἔσται
3794 5738 3821 5789 ὁ
3844 5740 3977 5801 ἀτα-
