4156 6436
316 384 444 467 r557

1276 412 1642 470 lllAlDUUb'
1675 411 1960 469 (ΖΟΝἸῊΛ
2007 412 2469 469 MANICllrliUS.

3332 413 3461 473 1558

307 513 680 581 θδς,φθορεύς.
720 516 779 564 Εἰ
806 515 859 565 δὲ
889 514 1061 581 φθορά
1094 515 1256 576 ἐστιν,
1297 516 1397 565 ὑπὸ
1426 517 1565 575 τίνος
1597 518 1832 584 ἐνεργεῖ·
1864 525 1904 574 Λ
1936 536 1948 568 ε

1819 547 1832 556 -
1864 525 1904 574 Λ
1936 526 2094 584 atque
2130 518 2193 569 ad
2232 517 2462 569 nihilum
2511 517 2826 583 redegisset.
2862 517 2999 579 Quin
3031 518 3192 573 etiam
3227 518 3275 569 id
3315 519 3460 582 prin-

303 620 415 663 ται,
440 604 532 663 καὶ
560 603 732 664 ἐστιν;
756 605 787 668 ἡ
813 604 918 669 γὰρ
941 603 1130 670 φθορὰ,
1172 604 1406 667 διὰλυσίς
1461 607 1621 669 ἐστιν,
1655 607 1727 665 ὡς
1759 609 1832 656 εί-

301 706 493 757 πομεν.
529 689 621 750 Τίς
647 689 737 740 οὖν
782 692 809 740 ὁ
860 689 1111 753 διαλῦων;
1140 690 1230 740 καὶ
1272 690 1322 739 τί
1361 690 1420 740 τὺ
1455 691 1829 757 διαλυόμενονς

297 776 424 831 Ὀτι
452 780 505 830 δὲ
536 781 595 830 οὐ
629 779 843 831 δύναται
892 781 923 845 ἡ
974 779 1067 843 ὕλη
1097 779 1265 846 φθορὰ
1305 777 1461 843 εἶναι,
1496 781 1587 831 καὶ
1625 782 1831 851 φθαρτὴ

297 869 474 927 οὐσία,
509 868 751 919 ἐντεῦθεν
782 867 1011 933 γνωστόν
1033 883 1044 895 '
1078 869 1109 934 ή
1166 868 1262 934 μὲν
1290 868 1398 934 γὰρ
1438 868 1643 935 φθαρτὴ
1679 869 1831 919 οὐσία

297 960 614 1026 προηγεῖται
633 958 722 1007 καὶ
749 957 1158 1024 προϋφίσταται,
1178 956 1247 1015 ὡς
1268 956 1575 1008 συντεθεῖσα
1598 957 1828 1008 ὑπόστα-

297 1063 408 1106 σες.
450 1047 514 1095 Ἦ
563 1046 619 1095 δὲ
674 1044 864 1109 φθορὰ,
924 1046 1219 1109 ἐπιγίνεται
1248 1044 1382 1110 μετὰ
1421 1045 1515 1109 τὴν
1558 1046 1823 1108 σύνθετον,

293 1132 495 1183 λύουσα
545 1134 610 1183 τὰ
665 1132 1059 1199 συντεθειμένα.
1089 1131 1207 1191 Πῶς
1235 1131 1290 1182 δὲ
1336 1132 1426 1181 καὶ
1460 1128 1525 1199 ἦν
1553 1133 1704 1182 οὐσία
1733 1134 1827 1198 τῆς

294 1219 459 1287 ὓλης,
522 1220 811 1289 σύνδρομον
870 1220 961 1270 καὶ
1014 1219 1441 1286 συνουσιωμένην
1485 1220 1677 1287 ἔχουσα
1731 1222 1828 1289 τὴν

290 1312 499 1379 φθοράν
523 1329 537 1374 ;

288 1401 399 1462 dit,
438 1401 667 1468 etprius
691 1399 923 1463 exsistit,
963 1400 1107 1453 velut
1172 1399 1469 1466 composita
1502 1398 1806 1451 substantia
1847 1416 1859 1449 :

1934 604 2060 669 cipii
2110 617 2301 668 expers
2347 616 2466 654 esse
2496 604 2703 666 nequit,
2753 603 2895 669 quod
2930 604 3323 669 corrumpitur.
3369 603 3460 654 Sin

1935 696 2112 745 autem
2142 703 2229 739 res
2253 694 2337 740 est
2369 689 2703 754 corruptioni
2755 688 3020 753 subjecta,
3053 703 3077 737 a
3113 703 3219 754 quo
3248 687 3460 739 tandem

1932 776 2321 843 corrumpitur,
2376 775 2484 827 nisi
2535 790 2562 825 a
2608 776 2790 827 bono?
2844 775 2913 827 Ita
2962 776 3136 827 bonus
3177 784 3463 842 corruptor

1931 864 2055 915 erit.
2094 862 2196 915 Sin
2243 863 2475 929 denique
2520 862 2795 928 corruptio
2827 874 2926 923 est,
2960 878 2985 913 a
3029 877 3266 930 quonam
3306 863 3462 914 elfici-

1932 962 2041 1013 tur,
2071 960 2125 1004 et
2161 953 2276 1005 est?
2302 953 2576 1019 corruptio
2609 953 2776 1012 enim,
2820 960 2876 1003 ut
2918 953 3173 1014 diximus,
3222 953 3462 1004 dissolu—

1932 1042 2010 1093 tio
2036 1048 2137 1094 est.
2171 1041 2428 1104 Quisnam
2466 1049 2547 1093 est
2604 1041 2768 1107 igitur
2820 1042 2909 1107 qui
2952 1042 3221 1101 dissolvit,
3256 1052 3309 1093 et
3337 1043 3463 1108 quid

1931 1130 2073 1197 quod
2112 1128 2467 1183 dissolvitur?
2502 1129 2644 1196 quod
2689 1139 2866 1181 autem
2916 1131 3140 1183 materia
3189 1134 3465 1196 corruptio

1931 1236 2036 1272 non
2068 1222 2156 1282 sit,
2188 1236 2284 1273 nec
2311 1218 2681 1285 corruptibilis
2713 1221 3041 1277 substantia,
3077 1220 3200 1271 hinc
3236 1221 3461 1285 pet-spii-i

1932 1316 2125 1377 potest.
2166 1308 2443 1375 Siquidem
2494 1308 2863 1375 corruptibilis
2913 1311 3217 1361 substantia
3264 1322 3475 1376 prece»

1936 1399 2211 1465 corruptio
2270 1407 2444 1450 autem
2505 1410 2628 1464 post
2696 1398 3148 1463 compositionem
3237 1396 3460 1449 accedit.

288 1486 601 1539 dissolvens
651 1500 712 1538 ea
767 1500 889 1552 qua:
927 1495 1055 1539 sunt
1104 1488 1425 1552 composita.
1471 1484 1611 1548 Quin
1642 1492 1694 1537 et
1729 1485 1829 1537 hoc
1865 1499 2069 1553 quaero,
2104 1499 2338 1552 quonam
2386 1494 2541 1552 pacto
2572 1494 2687 1538 erat
2721 1486 2959 1537 materiae
3026 1486 3351 1545 substantia,
3395 1488 3462 1536 si-

289 1575 513 1640 quidem
548 1575 798 1626 comitem
832 1588 893 1626 ac
926 1575 1029 1627 si'bi
1064 1582 1373 1626 concrctam
1420 1574 1831 1639 corruptionem
1866 1574 2137 1625 habebat?

378 1658 510 1708 Ἀλλ’
569 1661 697 1718 ῐσως
749 1661 952 1725 ἐρεῖτε,
1004 1660 1081 1709 ὅτι
1128 1655 1194 1726 ἦν
1256 1674 1381 1709 ποτε
1432 1659 1530 1709 οὐκ
1583 1656 1825 1725 ἐνεργείᾳ
1857 1662 1899 1717 Β
1997 1659 2019 1710 Α

1820 1662 1899 1717 ιΒ
1997 1659 2061 1710 At
2114 1658 2341 1712 fortasse
2405 1662 2693 1726 reponetis,
2758 1661 2924 1714 fuisse
2984 1661 3295 1727 aliquando,
3346 1676 3461 1711 cum

288 1746 491 1812 φθορὰ,
541 1746 672 1797 ἀλλὰ
716 1747 967 1813 δυνάμει*
1009 1746 1204 1811 ὁμοίως
1247 1745 1337 1795 καὶ
1378 1744 1625 1812 φθαρτόν.
1670 1744 1825 1795 Ἀλλὰ

290 1833 488 1897 γνῶτε,
525 1838 604 1886 ἔτι
638 1837 695 1886 τὸ
728 1837 825 1903 μὲν
854 1833 987 1886 εἶναι
1016 1831 1324 1902 φθαρτικὸν,
1359 1835 1391 1901 ἢ
1422 1834 1820 1903 δημιουργικὸν,

295 1928 465 1993 μήπω
490 1926 542 1976 δὲ
568 1927 804 1992 ἐνεργεῖν
856 1925 948 1993 τὴν
989 1924 1209 1992 φθορὰν,
1250 1925 1405 1992 ἢτὴν
1450 1925 1818 1994 δημιουργίαν,

291 2015 386 2065 διὰ
409 2015 468 2065 τὸ
506 2015 577 2082 μὴ
622 2012 874 2066 δύνασθαι
932 2013 997 2064 τὰ
1032 2013 1372 2081 φθειρόμενα,
1407 2014 1437 2080 ἢ
1469 2013 1824 2082 δημιουργού-

296 2121 439 2171 μενα
474 2103 708 2155 συναῖδια
735 2099 869 2159 εἶναι
900 2101 980 2168 τῷ
1017 2102 1306 2169 φθείροντι,
1333 2102 1365 2169 ἢ
1396 2101 1827 2169 δημιουργοῦντι,

290 2191 511 2257 ἀληθές.
550 2190 686 2242 Ἀλλ’
722 2191 875 2257 ὑμεῖς
924 2190 1073 2241 οὐδὲν
1130 2190 1192 2240 ἐκ
1236 2188 1325 2239 τοῦ
1368 2190 1439 2257 μὴ
1481 2189 1628 2251 ὗντος
1672 2191 1748 2249 είς
1769 2190 1827 2239 τὸ

291 2276 437 2330 εἶναι
490 2278 826 2346 παραχθῆναι
875 2279 1073 2345 λέγετε,
1125 2281 1235 2331 ἀλλ’
1282 2278 1448 2348 αὐτὴν
1475 2282 1666 2349 ἐαυτῆς
1692 2278 1827 2333 εῖναι

296 2368 402 2435 τὴν
435 2368 626 2419 κακίαν
654 2369 950 2437 φθαρτικὴν
978 2372 1069 2421 καὶ
1102 2369 1454 2438 ἁναλωτικήν.
1476 2370 1635 2422 Ὥστε
1666 2371 1829 2439 αὐτὴν

292 2456 519 2522 δυνάμει
576 2456 799 2523 ἔχουσαν
852 2458 910 2509 τό
974 2474 1031 2509 τε
1076 2458 1313 2525 φθείρειν
1360 2459 1448 2509 καὶ
1497 2458 1828 2527 φθείρεσθαι,

294 2545 396 2595 καὶ
453 2546 548 2596 οὐκ
600 2545 880 2613 ἐνεργείᾳο
936 2546 1128 2614 ἀτελὴς
1178 2541 1287 2597 οὖν.
1322 2547 1393 2596 Τὸ
1417 2546 1470 2597 δὲ
1514 2548 1572 2610 ἐξ
1613 2547 1826 2607 ἀτελοῦς

293 2635 604 2701 προκόπτον
634 2637 712 2696 είς
762 2635 1083 2703 τελειότητα,
1125 2637 1220 2686 οὐκ
1265 2634 1520 2703 ἄναρχον’
1556 2638 1602 2686 εί
1631 2636 1737 2703 γὰρ
1774 2636 1831 2686 τὸ

295 2721 580 2787 ἄτρεπτον,
616 2723 863 2789 ἄναρχον,
894 2721 953 2771 τὸ
980 2721 1331 2789 τρεπόμενον,
1364 2723 1459 2772 οὐκ
1488 2720 1737 2790 ἄναρχον.

1927 1747 2206 1813 corruptio
2242 1757 2398 1808 esset,
2434 1763 2539 1799 non
2565 1756 2709 1810 actu,
2747 1750 2837 1801 sed
2883 1749 3115 1815 potentia
3161 1752 3462 1800 duntaxat:

1926 1834 2081 1903 553
2112 1836 2345 1901 itemque
2369 1836 2508 1902 quod
2542 1838 2817 1904 corrumpi
2868 1846 3047 1888 natum
3093 1845 3233 1889 erat.
3273 1836 3463 1888 Verum

1932 1924 2063 1975 illud
2096 1924 2236 1976 seire
2266 1940 2361 1977 vos
2392 1925 2534 1985 volo,
2580 1941 2606 1976 a
2651 1941 2780 1976 vero
2812 1927 3028 1993 quidem
3067 1926 3195 1977 illud
3232 1939 3337 1976 non
3378 1924 3469 1974 ab-

1932 2015 2179 2075 horrere,
2244 2024 2301 2067 ut
2353 2016 2553 2082 aliquid
2603 2015 2983 2082 corrumpendi
3030 2022 3080 2065 et
3144 2013 3462 2080 procreandi

1932 2104 2036 2155 vim
2072 2104 2291 2165 habeat,
2326 2104 2551 2156 necdum
2590 2111 2765 2154 tamen
2799 2110 2857 2152 ut
2895 2103 3071 2168 reipsa
3106 2115 3320 2168 semper
3348 2115 3466 2151 (or-

1932 2201 2143 2259 rumpat
2172 2201 2263 2244 aut
2296 2201 2473 2245 creet:
2507 2192 2652 2259 quod
2689 2192 2939 2243 videlicet
2976 2206 3034 2243 ea
3070 2206 3190 2257 qua:
3220 2204 3465 2241 corrum-

1934 2291 2132 2351 puntur
2161 2292 2211 2335 et
2243 2290 2512 2344 creantur,
2541 2283 2780 2349 ejusdem
2812 2297 2933 2335 cum
2965 2283 3080 2348 ipso
3106 2282 3196 2348 qui
3228 2295 3464 2333 corrum-

1931 2372 2008 2439 pit
2036 2379 2089 2424 et
2114 2380 2281 2434 creat,
2324 2373 2645 2424 :eternitatis
2697 2387 2819 2425 esse
2864 2386 2969 2423 nou
3000 2373 3227 2437 possint.
3273 2372 3339 2421 At
3376 2384 3465 2421 vos

1930 2461 2063 2512 nihil
2096 2461 2265 2513 nihilo
2295 2461 2611 2528 productum
2646 2476 2765 2513 esse
2799 2461 3011 2523 dicitis;
3046 2475 3230 2513 verum
3266 2452 3463 2511 malum

1929 2547 2103 2613 ipsum
2125 2546 2389 2613 ejusmodi
2418 2562 2561 2608 esse,
2590 2556 2648 2598 ut
2671 2548 2907 2614 seipsum
2947 2553 3261 2613 corrumpat
3296 2552 3348 2598 et
3373 2545 3465 2598 ab-

1929 2643 2125 2688 sumat.
2161 2635 2279 2698 Quo
2317 2635 2375 2687 ﬁt
2402 2648 2461 2689 ut
2511 2638 2740 2694 materia
2784 2638 3111 2703 quandoque
3140 2637 3191 2687 id
3238 2635 3465 2699 habens,

1934 2731 1991 2774 ut
2041 2725 2278 2790 potentia
2334 2732 2569 2786 tantum,
2613 2740 2716 2776 non
2751 2734 2873 2777 actu
2917 2732 3248 2792 corrumpat,
3304 2732 3468 2792 atque

296 2822 703 2881 corrumpatur,
738 2812 1052 2881 imperfecta
1098 2820 1264 2866 esset.
1317 2812 1449 2865 lllud
1484 2828 1647 2880 porro
1688 2814 1831 2880 quod
1870 2830 1932 2867 ex
1974 2816 2288 2885 imperfecto
2320 2818 2387 2871 ad
2426 2818 2721 2886 perfectum
2752 2818 2984 2885 prolicit,
3053 2819 3304 2885 principii
3372 2833 3468 2870 cx-

296 2918 425 2971 pers
451 2921 553 2956 non
576 2912 679 2958 est.
717 2904 844 2956 Nam
876 2905 920 2959 si
952 2905 1094 2972 quod
1126 2907 1472 2959 mutationem
1507 2908 1707 2959 nullam
1739 2896 1992 2973 admittit,
2027 2912 2292 2983 principio
2356 2920 2527 2974 caret,
2597 2913 2714 2982 ejus
2780 2919 2925 2965 certe
2965 2927 3160 2979 expers
3210 2927 3318 2966 non
3391 2920 3471 2965 est

298 2995 358 3047 id
390 2996 443 3047 in
468 2996 610 3062 quod
642 2996 869 3047 mutatio
908 2995 1069 3048 cadit.

372 3084 480 3135 Καὶ
513 3083 711 3135 πάλιντ
745 3083 797 3135 τί
823 3085 1030 3151 πρῶτον
1074 3085 1171 3151 τῆς
1203 3084 1366 3151 ὖληςς
1398 3086 1429 3152 ἡ
1465 3086 1615 3137 οὐσία
1637 3086 1821 3151 αὐτῆς,
1853 3090 1899 3148 C
1997 3088 2013 3137 1

1853 3090 1899 3148 (ἶ
1997 3086 2073 3140 Ac
2097 3099 2314 3138 rursum
2344 3083 2508 3151 :quid
2543 3085 2771 3152 primum
2796 3092 2876 3138 est
2903 3083 2956 3135 in
2991 3084 3255 3136 materia?
3282 3084 3470 3151 ejusnc

298 3174 394 3241 ἥή
427 3173 597 3241 φθορά
629 3172 774 3237 ;Ka.i.
813 3174 858 3224 εί
886 3173 993 3240 ιμὲν
1039 3174 1071 3242 ἡ
1110 3174 1300 3243 φθορὰ,
1355 3176 1605 3227 ἀδύνατον
1666 3175 1831 3240 αὐτὴν

300 3262 539 3330 ὑπάρξαι
559 3263 663 3330 πρὸ
690 3262 782 3314 τοῦ
812 3259 951 3314 εἶναι
971 3263 1417 3332 ἀναλισκομένην.
1443 3266 1502 3316 Εί
1529 3266 1582 3316 δὲ
1615 3268 1648 3332 ἡ
1678 3265 1831 3315 οὐσία

296 3341 468 3419 αὐτῆς
525 3350 835 3419 προῦπῆρξε
884 3352 981 3419 τῆς
1024 3348 1244 3419 φθορᾶς,
1290 3338 1443 3403 οὐσία
1490 3352 1683 3420 μςξλλον
1742 3353 1833 3404 καὶ

298 3439 529 3506 ὓπαρξίς
560 3441 691 3504 ἐστι,
716 3439 805 3489 καὶ
832 3440 891 3490 οὐ
922 3439 1092 3507 φθορά
1122 3456 1135 3469 ο
1172 3441 1262 3491 καὶ
1286 3436 1352 3507 ἦν
1381 3440 1650 3507 ἀφθαρσία
1683 3441 1827 3503 ποτὲ,

302 3528 380 3596 μὴ
418 3528 610 3595 ἔχουσα
644 3528 883 3579 ἐναντίαν
908 3528 1004 3595 τὴν
1034 3527 1254 3596 φθορὰν,
1282 3529 1371 3579 καὶ
1400 3528 1496 3580 οὐκ
1525 3529 1753 3596 ἄναρχος
1797 3529 1831 3596 ἡ

303 3617 497 3683 φθορά.
530 3618 590 3667 Ei
622 3616 676 3667 δὲ
706 3617 788 3667 ἀεὶ
809 3613 921 3684 ἦνή
950 3617 1103 3667 οὐσία
1131 3617 1299 3683 αὐτῆς
1324 3617 1681 3669 ἀναλίσκουσα
1707 3616 1831 3667 ἐαυ-

295 3705 415 3774 τὴν,
448 3706 559 3766 πῶς
584 3708 859 3774 προήγαγε
890 3707 1011 3767 τοὺς
1042 3704 1278 3774 καρπούς
1317 3723 1331 3769 ;
1380 3706 1439 3759 El
1471 3706 1705 3774 μερικῶς
1742 3705 1834 3756 dv-

299 3797 562 3862 ήλισκεν,
607 3796 666 3845 οὐ
716 3794 987 3852 παντελῶς
1045 3793 1344 3861 φθαρτικὴ,
1397 3796 1512 3846 οὐδὲ
1563 3795 1834 3856 παντελῶς

300 3883 532 3950 φθαρτὴ,
578 3883 635 3933 οὐ
670 3882 861 3941 τελέως
897 3882 1057 3949 κακή.
1092 3883 1153 3931 Et
1183 3881 1237 3932 δὲ
1266 3882 1469 3950 φθαρτή
1497 3882 1645 3945 οὖσα,
1670 3884 1837 3949 ἐπαιῖ⁹

302 3988 430 4023 σατο
457 3971 547 4021 τοῦ
570 3972 763 4037 ἑαυτὴν
794 3971 1049 4038 φθείρειν,
1078 3971 1109 4038 ἢ
1141 3971 1303 4022 κακὸν
1350 3970 1410 4021 τὸ
1457 3970 1695 4038 φθείρειν
1741 3971 1835 4023 καὶ

299 4062 365 4110 ἐκ
396 4058 560 4111 κακοῦ
600 4062 676 4119 είς
710 4059 907 4123 ἀγαθὸν
937 4059 1144 4126 ἐτράπη
1169 4075 1182 4089 ο
1202 4059 1237 4126 ἢ
1266 4058 1461 4123 ἀγαθὸν
1490 4060 1548 4109 τὸ
1576 4058 1830 4127 φθείρειν,

300 4148 395 4199 καὶ
412 4146 469 4210 ἐξ
496 4147 693 4213 ἀγαθοῦ
712 4146 893 4213 γέγονε
913 4150 1073 4214 κακή.
1106 4148 1213 4213 Eii}
1240 4146 1335 4215 ὕλη
1364 4148 1546 4209 κακία,
1567 4147 1757 4215 ἑαυτὴν
1778 4149 1834 4199 δὲ

302 4236 569 4305 ἔφθειρεν,
604 4235 778 4302 ἀγαθή
816 4251 829 4264 ·
870 4236 927 4286 τὸ
955 4236 1059 4303 γὰρ
1087 4236 1299 4304 φθεῖρον
1325 4235 1384 4287 τὸ
1409 4235 1589 4298 κακὸν,
1615 4236 1830 4319 ἀγαθόν.

1936 3175 2260 3237 substantia,
2298 3188 2363 3226 an
2397 3173 2714 3240 corruptio?
2758 3173 2814 3225 Si
2868 3174 3166 3238 corruptio,
3206 3173 3470 3227 exsistere

1936 3279 2052 3326 eam
2116 3264 2451 3331 impossibile
2496 3256 2604 3325 est,
2640 3271 2698 3314 ut
2739 3276 2857 3329 quas
2908 3270 3194 3328 antequam
3232 3262 3303 3313 sit
3348 3252 3470 3313 σοι-ὲ

1936 3359 2239 3420 rumpatur.
2284 3349 2376 3403 Sin
2410 3358 2588 3403 autem
2622 3351 2793 3415 ipsius
2831 3350 3130 3402 substantia
3165 3350 3470 3418 corruptio-

1937 3457 2056 3496 nem
2110 3442 2424 3502 antecessit,
2477 3442 2778 3492 substantia
2840 3441 3020 3507 potius
3051 3448 3105 3493 et
3156 3439 3468 3494 exslsteutla

1933 3539 2037 3596 est,
2066 3545 2230 3603 gnam
2270 3530 2545 3597 corruptio
2576 3543 2590 3581 :
2647 3538 2809 3596 atque
2855 3524 2950 3580 ita‘
2982 3529 3469 3596 iucorruptibilitas

1936 3622 2203 3691 quondam
2240 3629 2379 3680 erat,
2417 3620 2747 3672 contrariam
2796 3621 3197 3687 corruptionem
3230 3634 3335 3670 non
3372 3616 3468 3669 ba-

1936 3712 2088 3773 bens,
2129 3723 2226 3761 nec
2254 3708 2479 3776 pminde
2532 3706 2783 3774 principii
2835 3722 3027 3774 expers
3056 3714 3136 3759 est
3167 3707 3462 3773 corruptio.

1933 3796 2027 3848 Sin
2058 3803 2236 3853 autem
2268 3797 2507 3848 materiae
2536 3796 2860 3857 substantia,
2893 3810 3015 3847 cum
3048 3811 3260 3864 semper
3297 3805 3462 3856 esset,

1931 3897 1990 3936 se
2022 3884 2401 3944 consumebat,
2432 3898 2663 3949 quonam
2708 3892 2868 3951 pacto
2914 3883 3116 3937 fructus
3168 3884 3467 3953 produxit?

1931 3973 1977 4025 si
2017 3974 2193 4039 aliqua
2232 3980 2440 4026 tantum
2473 3988 2536 4026 ex
2576 3982 2729 4041 parte
2756 3976 3138 4036 consumebat;
3189 3990 3315 4042 ergo
3348 3990 3468 4025 cor-

1937 4062 2219 4127 rumpendi
2267 4063 2371 4113 viin
2403 4077 2508 4114 non
2539 4063 2685 4113 omni
2719 4077 2782 4116 ex
2816 4071 2964 4130 parte
2992 4065 3249 4127 habebat,
3284 4080 3380 4117 nec
3413 4066 3465 4115 in

1939 4162 2053 4201 eam
2077 4148 2225 4201 omni
2256 4164 2320 4201 ex
2353 4159 2501 4216 parte
2539 4150 2818 4218 corruptio
2867 4150 3115 4214 cadebat,
3163 4167 3265 4205 nec
3314 4153 3465 4203 deni-

1937 4251 2040 4303 que
2069 4237 2211 4289 omni
2239 4244 2387 4305 parte
2416 4238 2552 4290 mala
2596 4249 2729 4291 erat.
2765 4238 2862 4291 Sin
2909 4249 3082 4291 autem
3113 4255 3232 4291 eum
3266 4242 3317 4292 in
3351 4257 3465 4293 eam

298 4327 575 4390 corruptio
600 4326 834 4389 caderet,
862 4326 980 4393 ipsa
1012 4340 1131 4379 sese
1163 4338 1508 4391 corrumpere
1536 4325 1715 4386 desiit,
1740 4332 1831 4377 aut
1871 4325 2069 4376 malum
2104 4332 2185 4379 est
2209 4340 2579 4393 corrumpere,
2614 4337 2773 4395 atque
2806 4328 2877 4379 ita
2926 4344 2991 4380 ex
3061 4328 3199 4380 malo
3251 4329 3304 4379 in
3371 4327 3466 4379 bo-

302 4429 433 4467 num
468 4420 669 4465 mutata
693 4421 815 4467 est:
856 4421 947 4465 aut
994 4413 1191 4466 bonum
1228 4421 1310 4465 est
1348 4427 1717 4482 corrumpere,
1749 4421 1910 4479 atque
1967 4413 2041 4465 ita
2089 4429 2155 4467 ex
2203 4415 2341 4466 mala
2393 4416 2532 4468 bona
2575 4416 2716 4468 facta
2758 4424 2861 4469 est.

2938 4416 2995 4468 Si
3063 4418 3287 4469 materia
3354 4433 3467 4469 ma-

301 4504 413 4553 lum
457 4508 561 4563 est,
613 4515 731 4563 cur,
790 4500 837 4554 si
888 4500 1119 4567 seipsam
1180 4500 1580 4566 corrumpebat,
1648 4499 1867 4551 minime
1940 4500 2078 4553 bona
2131 4502 2241 4555 sit?
2290 4502 2419 4555 illud
2469 4504 2611 4555 enim
2675 4520 2784 4572 quo
2830 4506 3027 4556 malum
3076 4506 3467 4573 corrumpitur,

302 4592 461 4658 plane
489 4589 687 4641 bonum
715 4596 815 4640 est.

374 4682 481 4732 Καὶ
509 4680 666 4730 πάλιν
691 4682 877 4730 εἴπατε
902 4695 917 4710 θ
950 4680 983 4747 ἡ
1013 4679 1108 4747 ὕλη
1148 4679 1258 4745 φῶς
1294 4676 1377 4747 ἦν,
1409 4680 1440 4747 ἢ
1482 4680 1699 4745 σκότος;
1738 4680 1830 4730 καὶ
1862 4681 1904 4735 D
2001 4682 2015 4728 Α

1829 4719 1830 4726 η
1862 4681 1904 4735 Ι)
2001 4677 2077 4729 Ac
2110 4690 2298 4730 rursus
2332 4674 2459 4727 illud
2492 4694 2504 4727 :
2561 4677 2786 4729 materia
2830 4677 2993 4730 luxne
3022 4687 3158 4739 erat,
3207 4693 3272 4731 an
3326 4687 3470 4734 tene-

300 4771 352 4822 εί
379 4769 471 4836 μὲν
496 4768 609 4833 φῶς
630 4809 643 4830 ,
694 4770 791 4835 τῆς
820 4766 1002 4827 οὐσίας
1050 4767 1142 4818 τοῦ
1178 4767 1378 4833 ἀγαθοῦ
1413 4783 1425 4796 ⁸
1474 4769 1564 4818 κα)⁵
1600 4769 1707 4849 ίδοῆ
1736 4769 1833 4834 μία

302 4856 462 4925 ἀρχὴ,
489 4855 582 4905 καὶ
604 4855 663 4904 οὐ
683 4854 790 4906 δύο.
818 4854 877 4904 Et
894 4855 947 4905 δὲ
965 4854 1171 4915 σκότος,
1191 4855 1303 4915 πῶς
1328 4855 1386 4905 τὸ
1402 4856 1584 4915 σκότος
1608 4855 1829 4922 θεωρείς

1931 4761 2072 4816 brae?
2100 4762 2145 4815 si
2177 4763 2287 4823 lux,
2321 4776 2385 4813 ex
2416 4762 2540 4813 boui
2577 4762 2739 4828 igitur
2768 4764 3067 4816 substantia
3099 4774 3215 4817 erat
3242 4782 3256 4818 :
3287 4766 3470 4834 sicque

1934 4865 2041 4903 non
2071 4850 2178 4902 duo
2253 4850 2519 4917 principia
2560 4859 2705 4912 sunt,
2762 4851 2855 4905 sed
2895 4867 3083 4904 unum.
3140 4852 3233 4905 Sin
3292 4863 3467 4908 autem

310 4945 370 4995 Et
402 4943 509 5009 γὰρ
541 4942 748 5010 θεωρεῖ,
782 4942 893 5007 φῶς
925 4942 1033 5009 ἔχει
1058 4958 1071 4971 °
1114 4944 1159 4993 εί
1199 4942 1253 4993 δὲ
1293 4943 1389 4993 οὐκ
1419 4942 1528 5009 ἔχει
1556 4943 1689 5009 φῶς,
1737 4958 1831 4993 τυν
1928 4948 1947 4991 ι

1825 4972 1831 4981 ι
1928 4939 2185 5002 tenebrae,
2216 4953 2446 5006 quonam
2483 4946 2639 5006 pacto
2697 4940 2883 4992 vident
2915 4940 3189 4993 tenebraz?
3245 4958 3365 4993 nam
3427 4944 3466 4995 si

309 5030 434 5093 φλόν
468 5032 601 5083 ἐστι,
636 5032 739 5080 Καὶ
770 5031 880 5091 πῶς
909 5025 1013 5080 εἶδε
1038 5029 1097 5081 τὸ
1131 5029 1241 5095 φῶς
1272 5047 1285 5093 ;
1317 5031 1429 5090 πῶς
1455 5031 1508 5081 δὲ
1539 5033 1629 5082 καὶ
1650 5031 1835 5091 σκότος

309 5118 459 5169 ἔσται
489 5120 545 5167 ἐν
587 5116 662 5183 τῷ
700 5117 959 5185 φωτεινῷ,
1008 5117 1098 5167 καὶ.
1126 5118 1184 5167 οὐ
1222 5117 1506 5184 λυθήσεται
1535 5135 1547 5182 ;
1578 5118 1609 5187 ἦ
1645 5137 1663 5168 ι
1710 5118 1835 5171 ποία

311 5207 555 5259 κοινωνία
583 5210 719 5279 φωτὶ
751 5208 882 5273 πρὸς
933 5206 1115 5267 σκότος
1149 5222 1163 5268 ;
1200 5225 1217 5256 ι

382 5379 488 5429 Καὶ
518 5378 675 5429 πάλιν
713 5394 727 5407 ·
753 5379 783 5445 ἡ
808 5377 901 5443 ὕλη
925 5377 1104 5446 ἓξις,ἢ
1144 5378 1200 5429 οὗ
1226 5397 1240 5442 ;
1274 5382 1365 5430 καὶ
1389 5381 1435 5430 εἰ
1465 5382 1560 5447 μὲν
1588 5382 1682 5449 οὐχ
1705 5381 1830 5445 ἕξις,

309 5467 423 5527 πῶς
446 5466 663 5533 ἐκινήθη
699 5482 713 5528 ;
745 5467 853 5517 Πᾶν
882 5467 984 5534 γὰρ
1022 5467 1080 5517 τὸ
1107 5468 1178 5535 μὴ
1216 5467 1333 5534 ἔχον
1370 5468 1531 5533 ζωὴν,
1565 5469 1832 5537 ἀκίνητον.

310 5554 372 5609 Li
400 5556 454 5605 δὲ
470 5554 645 5621 ἕεις,ἢ
670 5554 725 5617 ἐξ
740 5555 902 5622 αὐτῆς
924 5556 1033 5623 ἔχει
1054 5558 1147 5624 τὴν
1170 5556 1327 5624 ζωὴν,
1353 5557 1381 5623 ἢ
1406 5557 1688 5625 ἀλλαχόθεν
1709 5560 1830 5627 ἔσχε

385 5643 424 5673 ’¹
462 5642 497 5694 l!
550 5642 670 5697 Cor.
716 5660 782 5706 VI,
814 5646 860 5697 ί.

1929 5027 2134 5089 vident,
2173 5027 2345 5079 lucem
2379 5026 2613 5090 habent;
2656 5027 2701 5078 si
2751 5028 2869 5081 lucc
2904 5038 3288 5091 carent,~cacc:e
3319 5038 3465 5083 sunt.

1934 5117 2163 5179 Quinam
2217 5116 2387 5168 lucem
2450 5115 2743 5168 viderunt?
2794 5130 3026 5183 quanam
3080 5120 3206 5170 item
3261 5119 3471 5173 ratione

1932 5208 2166 5259 tenebrae
2198 5206 2452 5258 inlucido
2486 5216 2663 5268 erunt,
2701 5221 2799 5260 nec
2829 5208 3141 5261 solventur?
3169 5221 3257 5262 aut
3294 5229 3310 5259 ι
3351 5227 3469 5279 qua:

1932 5296 2161 5348 societas
2189 5296 2293 5347 luci
2327 5296 2391 5346 ad
2422 5296 2667 5348 tenebras
2702 5298 2742 5325 ¹¹
2773 5297 2793 5347 ?
2826 5316 2842 5345 ι

2001 5381 2279 5443 Praeterea,
2343 5384 2560 5435 materia
2608 5384 2686 5435 vel
2735 5384 2949 5437 habitus
3002 5396 3104 5451 est,
3138 5387 3219 5439 vel
3251 5402 3375 5439 non.
3414 5386 3468 5439 Si

1932 5486 2040 5524 non
2076 5478 2155 5525 est
2190 5471 2425 5532 habitus,
2462 5488 2570 5538 quo
2606 5484 2761 5540 pacto
2794 5482 2994 5526 motmn
3041 5475 3261 5527 habuit?
3298 5477 3463 5539 Quid-

1939 5561 2062 5628 quid
2092 5561 2232 5614 enim
2258 5561 2363 5614 vita
2394 5570 2559 5625 caret,
2595 5563 2879 5630 ncquidcui
2926 5573 3099 5631 potest
3146 5582 3202 5619 sc
3236 5583 3463 5619 ιιιωϊιρ.
