4156 6436
262 380 390 447 ιωι

1216 392 1589 458 DIALOOUS
1637 398 1928 460 CONTRA
1969 404 2435 465 MANICII/EOS.

3303 405 3432 469 1562

261 509 412 560 νησιν
434 491 580 563 παρά
605 496 692 546 τὸν
712 495 909 561 ἀγαθόν
937 510 949 526 ο
973 496 1065 549 καὶ
1099 497 1305 552 ἔσονται
1332 507 1477 571 τρεῖς
1504 507 1686 573 ἀρχαὶ,
1707 511 1799 560 καὶ

1836 518 1870 572 Α
1900 510 1943 563 si
1976 511 2195 565 immota
2228 525 2363 575 erat,
2395 528 2623 581 quonam
2657 514 2815 569 modo
2844 514 2910 567 ad
2940 512 3079 568 lucis
3115 512 3248 567 ﬁnes
3272 514 3431 579 agita-

257 580 322 631 οὐ
339 580 451 633 δύο.
484 581 544 633 Et
565 583 621 635 δὲ
648 583 852 648 λέγετε,
903 586 983 635 ὅτι
1021 585 1304 654 ἀσώματος
1324 586 1389 658 ἦν
1423 594 1455 658 ὴ
1488 592 1613 660 ὓλη,
1639 594 1799 645 πόθεν

263 670 458 737 σῶμα;
492 673 522 739 ἡ
554 672 661 740 γὰρ
686 672 971 753 ἀσώματος
1004 675 1097 725 καὶ
1131 677 1357 745 ἄναρχος
1390 681 1573 743 οὐσία,
1609 683 1668 732 οὐ
1709 683 1800 733 δύ-

259 772 415 809 ναται
445 760 521 819 εἰς
548 760 699 826 σῶμα
715 762 1004 828 τραπῆναι.
1044 763 1209 813 Πόθεν
1238 762 1331 815 οὖν
1375 769 1404 833 ὴ
1438 768 1800 837 ἀναρίθμητος

259 845 366 896 τῶν
402 847 664 915 σωμάτων
703 849 907 916 πληθύς
942 852 1041 913 ;Εί
1070 852 1127 903 δὲ
1182 853 1433 906 σύνθετον
1485 857 1673 926 εἴπητε
1704 860 1800 926 τὴν

262 931 394 1001 ὓλην
422 934 481 995 ἐξ
507 936 791 1003 ἀσωμάτου
825 938 916 988 καὶ
958 939 1450 1007 σώματος,”γνῶτε,
1492 945 1572 995 ὅτι
1611 946 1801 999 ἀδύνα-

261 1037 350 1072 τον
369 1021 616 1075 σύνθετον
644 1026 892 1091 γενέσθαι
920 1027 1223 1095 ἄνθρωπον,
1248 1034 1294 1082 εί
1321 1034 1393 1098 μὴ
1426 1034 1488 1083 ἐκ
1510 1033 1686 1101 ψυχῆς
1710 1037 1802 1087 καὶ
1835 1072 1838 1075 ν

264 1109 530 1177 σώματος.
581 1117 687 1166 Καὶ
719 1115 971 1168 ἀδύνατον
1020 1119 1267 1183 γενέσθαι
1299 1121 1476 1188 σῶμα.
1508 1124 1555 1173 εί
1609 1124 1681 1193 μὴ
1740 1126 1802 1177 ἐκ

261 1198 369 1250 τῶν
392 1200 577 1253 ἁπλῶν
616 1205 907 1272 στοιχείων,
936 1206 1034 1273 τῆς
1057 1206 1179 1272 γῆς,
1213 1208 1306 1260 καὶ
1332 1210 1424 1259 τοῦ
1460 1208 1667 1273 ὓδατος,
1711 1212 1804 1264 καὶ

261 1285 357 1337 τοῦ
386 1287 562 1355 ἀέρος,
597 1290 689 1340 καὶ
710 1290 801 1341 τοῦ
830 1292 1016 1355 πυρός.
1051 1293 1169 1361 Χρὴ
1192 1294 1284 1345 οῦν
1313 1297 1530 1362 πρῶτον
1572 1294 1708 1349 εἶναι
1735 1300 1805 1351 τά

265 1373 435 1435 ἁπλᾶ,
471 1376 563 1427 καὶ
589 1378 710 1429 τότε
737 1379 987 1443 γενέσθαι
1042 1383 1107 1431 ἐκ
1159 1382 1267 1435 τῶν
1308 1383 1491 1435 ἁπλῶν
1533 1386 1801 1439 σύνθετον.

266 1463 518 1517 Ἔσονται
545 1461 637 1518 οῦν
664 1468 724 1517 οὑ
781 1467 872 1520 δύο
897 1470 1086 1537 ἀρχαὶ,
1112 1471 1248 1522 ἀλλά
1270 1475 1438 1540 τρεῖς.
1476 1473 1659 1536 Οὕτως
1681 1475 1805 1526 ἀδύ-

262 1567 417 1602 νατον
446 1552 677 1621 ἄναρχον
706 1552 841 1608 εῖναι
885 1555 981 1623 τὴν
1004 1556 1135 1624 ὕλην
1160 1574 1171 1586 ·
1217 1560 1309 1610 καὶ
1358 1564 1405 1612 εἰ
1455 1562 1705 1623 σύνθετος
1746 1562 1805 1624 ἐξ

261 1638 552 1707 ἀσωμάτου
582 1643 673 1693 καὶ
701 1642 967 1710 σώματος,
1003 1644 1092 1696 διὰ
1115 1646 1169 1696 τί
1193 1647 1291 1698 οὐκ
1328 1649 1546 1716 ἐποίησε
1577 1650 1668 1701 τὸν
1710 1651 1804 1702 άν-

259 1724 479 1831 θρωπον
523 1730 586 1781 ὲκ
614 1733 713 1799 τῆς
758 1731 1049 1799 ἀσωμάτου
1105 1734 1268 1787 αὐτοῦ
1320 1735 1532 1802 φύσεως
1591 1739 1684 1789 καὶ
1712 1738 1803 1789 τοῦ

257 1829 510 1884 σωματος
532 1835 547 1881 ;

1898 600 2045 652 tione
2075 604 2349 668 pervenit?
2387 611 2476 655 aut
2503 618 2737 670 quonam
2768 612 2925 673 pacto
2956 610 3156 655 motum
3207 602 3435 673 habui_t?

1899 695 1992 737 aut
2039 667 2182 738 onim
2208 703 2236 739 a
2270 692 2409 741 bono
2455 667 2659 743 motum
2712 667 2953 758 accepit;
2991 700 3151 755 atque
3180 689 3314 741 adeo
3349 667 3443 759 ille

1900 772 2071 826 bonus
2096 790 2201 827 non
2228 776 2329 828 erit
2351 818 2364 839 ,
2390 778 2480 843 qui
2509 778 2651 830 malo
2679 786 2883 831 motum
2911 778 3153 831 dederit:
3186 784 3277 827 aut
3310 791 3436 841 pm:-

1898 865 1980 912 ter
2008 860 2210 913 bonum
2245 863 2385 917 alius
2413 873 2494 920 est
2541 867 2631 933 qui
2688 867 2789 933 ipsi
2823 876 3022 918 motum
3070 864 3259 917 indidit
3289 880 3304 927 ;
3331 866 3437 916 sic-

1899 964 2005 1015 que
2057 952 2159 1003 tria
2214 954 2475 1021 principia
2522 965 2672 1016 sunt,
2723 970 2829 1007 non
2870 955 2997 1007 duo.
3042 953 3097 1006 Si
3149 963 3326 1005 autem
3353 953 3438 1003 hic

1899 1034 2080 1089 dicitis
2108 1039 2249 1105 quod
2290 1042 2519 1094 materia
2553 1043 2871 1109 incorporea
2917 1050 3071 1105 erat;
3107 1043 3248 1093 unde
3278 1041 3440 1109 igitur

1904 1123 1961 1175 lit
1983 1126 2224 1193 corpus?
2253 1142 2425 1194 neque
2445 1129 2586 1180 enim
2625 1129 2946 1197 incorporea
2968 1144 3031 1181 ac
3058 1129 3325 1197 principio
3352 1144 3441 1178 ca-

1900 1226 2028 1266 rens
2054 1215 2361 1268 substantia
2406 1218 2458 1269 in
2496 1232 2692 1285 corpus
2733 1218 2867 1270 verti
2898 1226 3097 1284 potest.
3132 1217 3284 1269 Unde
3314 1231 3442 1282 ergo

1901 1302 2311 1357 innumerabilis
2367 1305 2481 1358 haec
2546 1320 2828 1372 corporum
2894 1306 3182 1357 multitudo
3262 1304 3444 1356 ﬂuxit?

1904 1389 1998 1443 Sin
2033 1399 2209 1445 autem
2241 1395 2521 1466 materiam
2552 1410 2614 1447 ex
2646 1396 2966 1461 incorporeo
2991 1401 3043 1446 et
3065 1407 3291 1459 corpore
3317 1408 3444 1445 cnn—

1903 1485 2106 1530 cretam
2140 1478 2307 1533 fuisse
2348 1479 2628 1541 dixeritis,
2667 1482 2798 1533 illud
2846 1496 3008 1534 nosse
3042 1494 3139 1533 vos
3168 1479 3442 1540 convenit,

1904 1566 2017 1618 ﬁeri
2053 1580 2158 1619 non
2190 1582 2371 1633 posse,
2398 1578 2457 1621 ut
2481 1570 2659 1633 homo,
2687 1570 2788 1623 nisi
2820 1584 2883 1623 ex
2910 1569 3086 1622 anima
3117 1578 3171 1622 et
3221 1580 3448 1634 corpore

1904 1654 2238 1719 compositus
2269 1657 2373 1719 sit;
2425 1670 2523 1709 nec
2548 1670 2740 1709 rursus
2771 1656 2883 1710 ﬁeri
2917 1670 3097 1723 posse,
3135 1663 3193 1705 ut
3220 1668 3442 1720 corpus,

1904 1744 2007 1796 nisi
2036 1759 2100 1799 ex
2140 1747 2480 1814 simplicibus
2510 1746 2812 1808 elementis,
2852 1746 2952 1799 hoc
2986 1753 3068 1799 est
3091 1752 3255 1803 terra,
3286 1759 3444 1811 aqua,

1836 1817 1879 1871 Β
1909 1844 2035 1884 aere
2074 1841 2129 1885 et
2184 1836 2330 1901 igne,
2368 1833 2648 1887 connetur.
2686 1826 3149 1900 Quocirca'prius
3182 1832 3446 1898 simplicia

252 1917 383 1957 osse
409 1919 694 1959 necessum
740 1914 846 1971 est,
888 1921 950 1960 ac
982 1916 1094 1959 tum
1129 1907 1361 1978 denique
1384 1923 1447 1963 ea
1489 1909 1627 1975 ﬁeri;
1679 1926 1799 1980 qua:
1835 1928 1902 1966 ex
1931 1916 2273 1985 simplicibus
2296 1926 2577 1972 constant.
2618 1918 2956 1986 Proindeque
2992 1934 3096 1971 non
3155 1919 3286 1978 duo,
3354 1919 3446 1971 sed

255 1993 367 2046 t-ria
396 1994 663 2062 principia
703 1995 886 2048 futura
917 2007 1063 2051 sunt.
1088 1996 1167 2051 Ex
1189 2013 1297 2066 quo
1328 1998 1649 2067 intelligitur
1722 2002 1836 2055 ﬁeri
1912 2018 2018 2057 non
2066 2020 2248 2075 posse,
2296 2017 2359 2075 ut
2403 2009 2624 2060 materia
2679 2008 2942 2075 principio
2987 2016 3187 2061 careat.
3220 2009 3357 2071 Quin
3399 2010 3444 2061 si

256 2086 375 2138 haec
408 2098 473 2138 ex
500 2084 817 2153 incorporeo
846 2094 901 2138 et
928 2099 1158 2167 corpore
1190 2093 1426 2150 constat,
1459 2087 1589 2155 quid
1613 2104 1789 2144 causa
1817 2098 1901 2145 est
1929 2110 1946 2149 :
1978 2096 2325 2167 quamobrem
2374 2098 2644 2150 hominem
2676 2112 2741 2151 ex
2807 2098 3125 2164 incorporea
3185 2113 3281 2150 sua
3348 2113 3449 2151 na-

253 2179 384 2225 tura
406 2177 462 2226 et
493 2186 557 2225 ex
588 2186 815 2240 corpore
840 2164 949 2227 suo’
968 2186 1077 2226 non
1114 2172 1337 2228 fecerit?

332 2259 431 2324 ξε.
466 2278 485 2310 ι
535 2261 750 2326 ¹Ἄκουε,
786 2262 1003 2329 οὐρανὶ,
1034 2263 1131 2315 καὶ
1167 2249 1442 2327 ἑνωτίζου,
1465 2266 1499 2334 ἠ
1537 2265 1635 2335 γῆ.
1681 2284 1701 2319 ι
1727 2294 1805 2308 -

260 2365 282 2401 ι
304 2349 563 2417 Πρόσεχε,
580 2350 792 2419 οὐρανὶ,
811 2351 904 2404 καὶ
924 2350 1156 2420 λαλήσωο
1182 2354 1274 2404 καὶ
1300 2353 1558 2418 ἀκουέτω,
1589 2356 1679 2424 γῆ,
1704 2355 1805 2424 ῥή-

259 2454 409 2509 ματα
435 2439 499 2491 ικ
527 2441 788 2509 στόματός
813 2457 934 2508 μου.
976 2458 995 2491 ι
1030 2441 1262 2511 Δαλήσω
1290 2442 1397 2512 γὰρ
1430 2444 1668 2512 ῥήματα,
1706 2446 1807 2498 οὐκ

262 2528 408 2600 δμῆς
432 2528 678 2598 καρδίας,
701 2528 834 2581 ἀλλὰ
860 2529 968 2582 τῶν
1020 2530 1416 2598 ὲσκοτισμένων
1458 2533 1553 2584 καὶ
1608 2550 1809 2600 μεμιαο

259 2618 476 2688 σμένων
493 2619 803 2687 Μανιχαίων
822 2634 835 2647 ·
860 2620 1148 2681 ἀκούσατε,
1174 2620 1313 2681 λαοὶ,
1347 2621 1525 2687 φυλαὶ,
1545 2622 1806 2687 γλῶσσαι,

260 2704 550 2757 ἀκούσατε.
589 2704 683 2756 Ἐν
710 2703 933 2773 θέατρον
962 2706 1200 2771 γενέσθω
1236 2708 1471 2774 σήμερον
1525 2709 1553 2757 6
1581 2709 1805 2777 οὐρανὸς

260 2795 356 2848 καὶ
385 2795 418 2862 ἡ
442 2794 535 2861 γῆ.
596 2793 909 2857 ’Δκούσατε,
960 2796 1014 2846 τί
1068 2795 1319 2860 λέγουσιν
1348 2798 1396 2846 οἱ
1428 2797 1809 2866 ὲπικατάρατοι

260 2884 570 2951 Μανιχαῖοι,
599 2884 646 2934 oi
674 2883 1043 2951 ἑσκοτισμένοι
1089 2885 1217 2953 περὶ
1248 2884 1308 2936 τὸ
1361 2884 1491 2951 φῶς,
1540 2886 1600 2937 τὸ
1637 2886 1807 2954 στόμα

259 2971 357 3025 τοῦ
383 2972 645 3024 διαϐόλου.
670 2973 949 3037 Λέγουσιν,
982 2974 1062 3025 ὅτι
1092 2976 1125 3041 ἠ
1166 2973 1262 3041 ὕλη
1308 2972 1610 3042 ἐπολέμησε
1668 2976 1804 3042 μετά

260 3060 358 3114 τοῦ
384 3061 539 3125 Θεοῦ,
568 3062 661 3113 καὶ
701 3061 967 3113 ἀνέσπασε
994 3062 1156 3130 μέρος
1180 3062 1273 3113 ἀπ’
1301 3061 1485 3114 αὐτοῦ.
1538 3064 1808 3131 Περιγραο

262 3151 396 3203 πτὸν
428 3150 750 3217 λέγουσι’τὸν
769 3149 920 3213 Θεὸν,
949 3151 1302 3218 πολεμοῦντα,
1346 3152 1440 3203 καὶ
1473 3152 1811 3222 πολεμούμε-

259 3257 373 3303 νον,
401 3241 493 3293 καὶ
518 3238 866 3307 λυπούμενον,
908 3242 998 3292 καὶ
1024 3241 1468 3309 ἀποτεμνόμενον.
1504 3242 1820 3309 Πολεμεῖται

258 3331 294 3381 6
318 3330 447 3391 Θεὸς
473 3347 486 3391 ;
522 3329 904 3380 Ἀποκόπτεται
925 3330 952 3380 6
977 3329 1107 3390 Θεός
1133 3331 1343 3397 ;()ῐμοι,
1376 3331 1547 3399 οἷμοιῐ
1569 3332 1665 3383 οὐκ
1690 3333 1821 3384 ἀπο-

263 3417 559 3489 κιενοῦμεν
583 3418 773 3478 αὐτούς
799 3435 813 3482 ;
862 3417 922 3467 οὐ
951 3418 1085 3485 πυρὶ
1115 3419 1561 3486 καταναλώσομεν
1580 3438 1593 3483 ;
1614 3420 1822 3483 τούτοις

260 3508 620 3577 ὁμιλήσομεν;
646 3507 861 3568 τούτους
879 3509 957 3567 είς
979 3509 1257 3559 κοινωνίαν
1274 3509 1532 3578 δεξόμεθα
1553 3527 1565 3571 ;
1588 3513 1616 3561 6
1632 3528 1818 3562 κοινω-

264 3597 369 3647 νῶν
391 3596 592 3659 αὐτοῖς,
618 3596 800 3663 ὅμοιος
819 3595 997 3647 αὐτῶν
1014 3598 1150 3660 ἐστι,
1180 3598 1386 3665 καὶτῆς
1412 3598 1621 3665 μερίδος
1646 3596 1820 3650 αὐτῶν

261 3687 435 3750 ἔσται,
468 3688 559 3737 καὶ
578 3689 635 3737 ὲν
656 3686 733 3753 τῷ
757 3685 851 3737 νῦν
882 3686 1059 3751 αἰῶνι,
1084 3690 1175 3739 καὶ
1200 3690 1258 3738 ιν
1272 3686 1347 3753 τῷ
1373 3687 1627 3753 μέλλοντι.
1646 3688 1821 3739 Ἀδελσ
1848 3699 1853 3703 ·

263 3776 377 3844 φοι,
405 3775 651 3828 κοινωνία
695 3776 953 3841 λέγεται;
1016 3776 1389 3843 ἀποθάνωμεν,
1441 3776 1530 3827 καὶ
1580 3774 1821 3843 μὴδεξὼ-

267 3866 406 3934 μεθα
424 3868 501 3928 είς
524 3866 802 3917 κοινωνίαν
822 3865 944 3926 τοὺς
956 3864 1280 3933 Μανιχάίους
1302 3882 1315 3894 ·
1336 3865 1708 3932 ἀποθάνωμεν,
1735 3865 1820 3916 ἵνα

262 3954 513 4025 ζήσωμεν
539 3971 553 3985 ο
574 3958 601 4006 6
614 3955 896 4022 δεχόμενος
913 3954 1105 4015 αὐτοὺς
1122 3958 1200 4016 εἰς
1211 3956 1509 4015 κοινωνίαν,
1526 3955 1576 4006 Μ
1584 3955 1819 4021 ανιχαῖός

262 4045 431 4105 ἔστιν,
462 4046 643 4113 ὅμοιος
672 4044 867 4097 αὐτῶν.
912 4044 1173 4112 Κρεῖττόν
1199 4046 1345 4095 ἐστιν
1389 4045 1693 4106 Ἰουδαῖσαι,
1716 4046 1810 4096 καὶ

277 4132 527 4188 Ἰουδαῖον
576 4134 880 4197 ἀποθανεῖν,
938 4134 1081 4202 ἥπερ
1120 4134 1441 4201 κοινωνῆσαι
1484 4137 1597 4196 τοῖς
1647 4136 1818 4186 Μανι-

263 4222 459 4292 χαίοις.
484 4218 554 4275 Ὦ
577 4224 683 4276 ἀπὸ
714 4223 819 4277 τῶν
849 4234 873 4261 ν
902 4225 1247 4292 Μανιχαίωνι
1299 4224 1565 4276 ἀκούσατε
1595 4226 1656 4293 δὴ
1687 4226 1819 4293 πρὸς

262 4312 423 4374 Θεοῦ,
470 4307 514 4364 ὦ
562 4313 768 4379 ἄνδρες,
823 4313 1087 4365 ἀκούσατε
1148 4314 1197 4365 τε
1248 4330 1409 4383 φησιν
1447 4317 1483 4367 6
1540 4314 1819 4376 θεόλεστος

266 4399 471 4465 Μάνης.
501 4402 612 4451 υὺκ
643 4400 776 4461 ἔστι,
819 4402 1002 4469 φησιν,
1026 4402 1059 4452 ὁ
1080 4401 1281 4468 κόσμος
1324 4385 1418 4451 τόῦ
1468 4400 1624 4465 Θεοῦ,
1678 4401 1815 4452 άλλά

1973 2267 2064 2321 67.
2093 2284 2111 2318 ι
2135 2268 2293 2333 Audi,
2324 2252 2544 2332 ccelum,
2575 2276 2627 2323 et
2644 2270 2865 2323 auribus
2896 2269 3130 2338 percipe,
3159 2276 3303 2323 terra
3343 2270 3444 2323 ".t

1904 2353 2067 2424 ‘55
2127 2371 2145 2405 ι
2166 2352 2417 2415 Attende,
2476 2357 2693 2418 caelum,
2724 2365 2778 2410 et
2811 2357 3033 2425 loquar;
3091 2358 3274 2410 audiat
3305 2364 3450 2411 terra

1905 2443 2067 2497 verba
2103 2444 2217 2498 oris
2246 2444 2433 2499 mei".
2470 2461 2489 2494 ι
2536 2444 2757 2513 Loquar
2783 2446 2928 2499 enim
2959 2446 3145 2509 verba,
3189 2461 3299 2499 non
3330 2460 3451 2501 cor-

1906 2529 1993 2584 dis
2053 2530 2182 2590 mei,
2233 2530 2327 2585 sed
2378 2531 2620 2585 tenebris
2675 2532 2976 2585 obsitorum
3009 2541 3062 2585 et
3118 2534 3451 2600 impurorum

1909 2614 2350 2670 Manichaeorum.
2408 2617 2624 2679 Audite,
2686 2617 2893 2685 pupuli.
2950 2617 3165 2679 tribus,
3229 2620 3451 2687 linguae,

1910 2706 2114 2758 audite.
2133 2707 2339 2764 Caelum
2368 2713 2420 2759 et
2437 2715 2577 2758 terra
2604 2721 2770 2758 unum
2802 2706 2963 2759 bodie
2989 2707 3262 2759 theatrum
3298 2708 3448 2760 ﬂant.

1908 2792 2105 2846 Audite
2137 2792 2265 2859 quid
2300 2792 2668 2845 exsecraliiles
2708 2790 2987 2844 Mauichaai
3025 2792 3231 2853 dicant,
3256 2794 3309 2846 in
3335 2794 3451 2860 ipsa

1903 2883 2029 2937 luce
2082 2881 2397 2950 caligantes,
2461 2895 2629 2948 osque
2662 2894 2788 2934 vere
2849 2879 3071 2935 diaboli.
3118 2881 3287 2934 Aiunt
3343 2897 3457 2933 ma-

1903 2972 2095 3025 teriam
2142 2986 2263 3025 cum
2291 2970 2398 3024 Deo
2443 2969 2778 3047 conﬂixisse,
2798 2976 3113 3038 partemque
3146 2969 3214 3020 ab
3235 2984 3302 3023 eo
3332 2972 3457 3023 abs-

1914 3064 2163 3116 traxisse.
2248 3060 2734 3127 Circumscriptum
2819 3057 2987 3111 Deum
3056 3058 3273 3121 dicunt,
3359 3058 3456 3126 qui

1918 3163 2214 3221 oppugnet,
2267 3159 2321 3205 et
2350 3158 2714 3219 oppugnetur,
2746 3162 2978 3201 maerore
3009 3148 3137 3201 item
3171 3147 3455 3223 alliciatur,

1921 3248 1974 3293 et
2007 3247 2335 3307 amputetur.
2364 3238 2527 3301 Quid,
2581 3236 2723 3290 Deus
2751 3236 2894 3290 bello
2918 3235 3253 3289 lacessitur?
3314 3235 3458 3289 Deus

1922 3328 2301 3382 abscinditur?
2331 3325 2374 3379 0
2399 3341 2483 3380 me
2531 3327 2824 3380 miserum!
2865 3341 2972 3378 non
3032 3339 3128 3378 eos
3166 3324 3462 3378 interﬁcie-

1920 3420 2085 3472 mus?
2108 3433 2209 3470 non
2237 3417 2469 3470 ﬂammis
2485 3416 2873 3469 absumemus?
2900 3430 3020 3467 cum
3048 3415 3131 3468 his
3153 3430 3457 3469 sermonem

1920 3506 2308 3559 miscebimus?
2347 3504 2458 3558 Hoc
2502 3504 2567 3557 ad
2605 3505 3043 3558 communionem
3096 3504 3462 3571 recipiemus?

1919 3595 2177 3663 Quisquis
2211 3609 2333 3647 cum
2378 3595 2463 3648 bis
2491 3594 2877 3657 communicat,
2916 3595 3109 3647 borum
3131 3595 3328 3649 similis
3353 3603 3457 3661 est,

1918 3701 2252 3754 consorsque
2300 3699 2489 3738 eorum
2530 3684 2636 3737 erit
2692 3692 2805 3736 tum
2842 3685 2895 3737 in
2947 3685 3049 3741 hoc
3092 3699 3227 3744 evo,
3262 3691 3374 3736 tum
3404 3686 3459 3736 in

1918 3777 2122 3830 futuro.
2176 3775 2415 3837 Fratres,
2474 3775 2787 3827 communio
2841 3790 2966 3829 cum
3012 3774 3122 3828 illis
3155 3774 3462 3829 indicitur?

1918 3872 2146 3918 mortem
2210 3868 2358 3932 prius
2387 3872 2733 3931 oppetamus,
2758 3878 2919 3930 quam
2951 3871 3009 3915 ut
3046 3862 3369 3915 Manicbaaos
3394 3862 3462 3915 ad

1918 3955 2351 4007 communionem
2383 3954 2752 4006 admittamus.
2779 3952 3090 4016 Moriamur,
3122 3954 3460 4007 utvivamus.

1918 4043 2020 4107 Qui
2056 4057 2149 4096 eos
2173 4044 2237 4095 ad
2267 4042 2710 4095 communionem
2736 4042 2959 4107 excipit,
2995 4040 3325 4094 Manicheus
3352 4050 3459 4102 est,

1918 4133 2270 4200 ipsorumque
2315 4130 2527 4183 similis.
2566 4127 2905 4181 Judaismum
2952 4128 3193 4194 profiteri
3245 4138 3464 4196 praesta-

1919 4231 2018 4284 ret,
2055 4232 2147 4275 aut
2182 4225 2232 4274 in
2269 4220 2552 4274 Judaismo
2611 4219 2766 4279 mori,
2802 4233 2963 4283 quam
3024 4220 3462 4293 communionem

1917 4328 2040 4365 cum
2112 4310 2419 4364 Manichaeis
2453 4309 2670 4361 habere.
2708 4307 2904 4359 Procul
2936 4314 3099 4360 estea
3134 4307 3460 4359 Manichmis.

1916 4400 2113 4451 Audite
2134 4412 2227 4465 per
2254 4396 2441 4458 Deum,
2467 4409 2566 4448 vos
2589 4397 2858 4454 obtestor,
2899 4394 3019 4456 viri,
3050 4394 3178 4459 quid
3212 4396 3464 4462 perditis-

264 4486 360 4540 τοῦ
398 4487 664 4540 διαῦόλου.
728 4486 1187 4556 Ἀπαλλοτριῶσαι
1226 4499 1249 4526 ι
1279 4487 1426 4553 ἡμᾶς
1459 4486 1701 4553 βούλεται
1726 4488 1815 4539 τοῦ

1852 4509 1894 4562 D
1924 4489 2092 4541 simus
2134 4488 2234 4540 iste
2263 4485 2444 4537 Manes
2471 4483 2632 4536 dicat.
2673 4483 2925 4545 Mundus,
2964 4484 3061 4545 ait,
3091 4498 3197 4536 non
3231 4494 3315 4535 est
3348 4484 3461 4543 Dvi,

265 4576 403 4628 Θεοῦ
450 4578 625 4645 ἡμῶν.
672 4578 778 4628 Καὶ
808 4576 1068 4644 ἐλυπήθη,
1104 4577 1289 4643 φησιν,
1326 4578 1353 4626 6
1395 4577 1545 4636 Θεὸς,
1592 4579 1672 4628 ὅτι
1714 4578 1822 4629 ἀπ-

268 4667 438 4733 εκόπη
476 4665 636 4734 μέρος
660 4667 752 4717 άπ’
779 4666 962 4730 αὐτοῦ,
992 4665 1081 4716 καὶ
1110 4665 1379 4716 ὲπόνεσεν.
1425 4666 1544 4717 Ἐὰν
1575 4666 1820 4735 ἀπεκόπη

272 4756 561 4824 μέροςάτέ
590 4755 773 4819 αὐτοῦ,
797 4757 889 4807 καὶ
916 4755 1149 4822 φθαρτός
1180 4757 1311 4806 ἐστι.
1360 4756 1471 4807 Πᾶν
1502 4756 1607 4823 γάρ
1645 4757 1704 4807 τὸ
1732 4774 1817 4807 τε·

275 4845 557 4913 μνόμενον,
609 4846 843 4913 φθαρτόν
893 4847 1056 4896 ἐστιν.
1118 4844 1375 4909 Ἐσύλησε
1429 4845 1521 4896 καὶ
1572 4847 1811 4913 ἥρπαξε,

273 4933 459 5002 φησιν,
498 4935 530 5002 ἡ
560 4936 726 4986 κακία
773 4934 935 5003 μέρος
966 4932 1073 4985 ἀπὸ
1121 4932 1213 4983 τοῦ
1240 4932 1392 4994 Θεοῦ,
1422 4934 1515 4985 καὶ
1557 4934 1643 4985 διὰ
1666 4935 1822 4987 τοῦτο

272 5023 479 5091 πέμπει
515 5026 544 5075 6
573 5024 724 5086 Θεὸς,
755 5024 847 5075 καὶ¹
887 5021 1040 5091 συλᾷ.
1089 5022 1181 5073 καὶ
1211 5022 1443 5088 ἁρπάζει
1469 5022 1530 5073 τὸ
1571 5024 1731 5091 μέρος
1762 5024 1822 5074 τὸ

273 5113 504 5183 συληθὲν
548 5115 642 5166 ἀπ’
684 5112 866 5165 αὐτοῦ.
918 5111 1129 5180 Λῃστάς
1169 5109 1299 5161 Θεοῦ
1340 5113 1594 5176 είσάγεις,
1629 5108 1672 5164 ὦ
1708 5114 1819 5164 θεό-

274 5204 465 5269 λεστε;
503 5204 635 5255 ἀλλὰ
663 5204 756 5256 καὶ
796 5201 1062 5271 μηχανὰς,
1108 5200 1288 5267 φησὶν,
1325 5200 1576 5268 ἐποίησεν
1606 5206 1633 5254 ὁ
1670 5203 1823 5267 Θεὸς,

351 5379 394 5409 ’⁸
441 5378 543 5432 lsa.
579 5394 618 5441 I,
672 5378 725 5431 2.
828 5380 873 5409 ⁸⁸
911 5378 1062 5431 Deut.
1103 5394 1270 5442 xxxii,
1306 5382 1357 5432 l.

1929 4576 2023 4631 sed
2065 4575 2264 4628 diab'oli
2289 4612 2303 4625 .
2349 4573 2614 4625 Nimirum
2649 4588 2750 4626 nos
2783 4589 2809 4624 a
2843 4572 2952 4626 Deo
3012 4583 3195 4625 nostro
3233 4574 3468 4625 alienare

1929 4664 2127 4719 studet.
2190 4663 2419 4716 Indoluit
2445 4662 2612 4724 Deus,
2650 4663 2846 4729 inquit,
2882 4661 3024 4729 quod
3071 4664 3248 4729 portio
3284 4662 3380 4713 abs
3408 4676 3466 4713 sc

1925 4761 2071 4808 esset
2117 4753 2384 4807 abscissa.
2442 4753 2603 4820 Atqui
2630 4754 2675 4805 si
2710 4765 2833 4819 pars
2859 4752 2926 4803 ab
2973 4765 3037 4803 eo
3060 4751 3237 4802 decisa
3272 4761 3375 4813 est,
3402 4753 3453 4800 iu

1926 4842 2045 4910 ipso
2103 4857 2319 4910 quoque
2344 4844 2624 4909 corruptio
2675 4842 2849 4894 locum
2903 4840 3083 4892 habet.
3129 4839 3264 4892 Nam
3323 4840 3465 4907 quod

1926 4928 2627 4999 amputatur,_corruptioni
2666 4927 2967 4980 obnoxium
2997 4933 3100 4977 est.
3134 4924 3464 4985 Malum,ait,

1928 5027 2131 5086 partem
2167 5018 2274 5071 Deo
2305 5018 2576 5084 praedatus
2607 5025 2715 5079 est,
2744 5024 2797 5070 et
2827 5016 3058 5069 abstulit
3094 5032 3106 5066 :
3141 5015 3210 5067 ob
3241 5029 3468 5082 eamque

1927 5122 2148 5162 causam
2178 5109 2345 5160 mittit
2378 5106 2536 5169 Deus,
2564 5121 2670 5173 quo
2695 5112 2899 5173 partem
2935 5114 3176 5171 ereptam
3201 5104 3304 5157 sibi
3337 5118 3470 5169 pnu-

1929 5202 2088 5253 detur
2115 5206 2169 5253 et
2195 5197 2425 5250 auferat.
2451 5194 2543 5249 Dei
2583 5193 2916 5263 prtntlatores
2948 5192 3271 5253 introducis,
3291 5206 3323 5243 ο
3344 5206 3467 5261 [ΜΤ-

1548 5460 1770 5515 VMHA'J
1798 5458 2187 5513 LECTIONES.
2258 5486 2265 5493 ε

357 5591 378 5657 _'
413 5580 531 5657 Nisi
548 5596 630 5633 me
664 5594 883 5657 pro-rsus
922 5579 1053 5634 fallit
1087 5581 1364 5651 judicium,
1397 5578 1569 5647 inquit
1600 5564 1804 5642 ltillius,

1836 5575 2067 5639 ἀτόπων,
2100 5570 2385 5642 legendum
2415 5578 2514 5623 est.
2596 5581 2620 5608 ι
2653 5565 2813 5620 Basil.
2858 5562 3128 5633 βούλονται
3188 5563 3329 5631 ἡμᾶς
3362 5564 3467 5616 άπ-

285 5649 632 5720 ολλίιριῶσαι
689 5649 801 5701 τοῦ.
