4156 6436
781 358 922 425 1563
1961 376 2018 429 S.
2058 373 2371 431 JOANNIS

2433 375 2839 461 )AMASCENl

780 470 1057 523 ditissime
1106 471 1127 520 ?
1162 478 1215 521 at
1252 471 1435 533 etiam,
1496 471 1694 538 inquit,
1736 472 2014 526 machinas
2059 476 2324 527 exstruxit

782 557 957 618 Deus;
995 556 1247 606 nimirum
1294 557 1576 609 duodecim
1640 558 1826 619 cados,
1860 569 1911 610 ct
1938 560 2127 622 solem,
2160 570 2212 611 et
2243 561 2327 611 lu-

780 658 929 698 nam.
986 652 1040 695 ut
1076 644 1220 710 quod
1255 660 1411 696 suum
1463 653 1602 706 erat,
1648 646 1934 713 reciperet.
1966 645 2080 709 Qua
2114 646 2327 699 tandem

777 731 845 782 ile
877 746 1040 782 causa
1070 731 1091 781 ?
1124 739 1181 781 ut
1202 732 1377 784 bonus
1404 733 1650 785 immisso
1682 738 1803 802 igne
1834 735 2094 785 mundum
2115 743 2326 793 exurat,

776 832 1085 890 cunctaque
1111 824 1310 887 deleat,
1343 840 1407 877 ac
1437 828 1713 879 materiam
1753 825 1965 878 inferne
1993 826 2047 878 in
2083 841 2186 880 suo
2210 828 2327 880 loco

780 921 1025 979 reponat,
1064 914 1385 981 animasque
1426 916 1545 966 illas
1579 930 1697 981 quae
1748 914 1953 967 Manent
2007 930 2114 967 non
2144 932 2329 969 susce-

780 1005 960 1069 perint
981 1004 1045 1053 “.
1069 1004 1267 1056 Audite
1288 1006 1416 1071 quid
1448 1003 1538 1057 Dei
1575 1004 1925 1059 adversarius
1950 1006 2115 1067 dicat,
2150 1021 2328 1072 quan-

779 1101 1003 1159 tumque
1034 1095 1275 1145 materia:
1305 1094 1411 1144 vim
1452 1094 1655 1145 tribuat
1684 1110 1698 1146 :
1730 1094 1822 1146 Dei
1850 1095 2104 1147 altissimi
2140 1104 2327 1161 poten-
2360 1100 2365 1103 “

780 1180 909 1229 tiam
943 1178 1140 1242 dejicit.
1193 1180 1427 1231 Primum
1489 1182 1633 1232 enim
1684 1182 1758 1232 ait
1817 1182 2108 1248 spoliatum
2157 1181 2327 1235 fuisse

782 1267 968 1318 Deum.
1002 1265 1045 1319 Ο
1076 1268 1502 1321 imbecillitatem
1536 1270 1548 1319 ι
1592 1269 1829 1323 Deumne
1854 1285 2031 1322 meum
2069 1270 2327 1323 imbecil-

781 1354 885 1408 lem
917 1355 1086 1407 dicis?
1113 1364 1166 1406 at
1201 1357 1341 1408 ultro
1383 1356 1566 1409 lorsan
1611 1357 1889 1423 libensque
1921 1356 1973 1409 id
2004 1371 2195 1424 passus
2221 1366 2324 1410 est.

781 1443 892 1498 Cur
957 1460 1087 1511 ergo
1119 1459 1352 1498 mmrore
1386 1446 1613 1498 ali’ectus
1652 1445 1773 1507 luit,
1806 1446 1850 1499 si
1908 1446 1992 1499 vis
2024 1446 2127 1514 ipsi
2180 1447 2327 1499 illata

782 1553 891 1589 non
949 1537 1069 1589 est?
1096 1535 1265 1588 Nemo
1292 1536 1432 1587 enim
1466 1544 1661 1601 sponte
1716 1550 1814 1589 sua
1848 1536 2045 1603 perdit,
2072 1551 2134 1588 ac
2159 1535 2324 1589 dolet.

2428 474 2632 527 δώδεκα
2662 479 2874 540 κάδους,
2918 481 3010 532 καὶ
3034 484 3121 535 τὸν
3150 488 3314 554 ἥλιον,
3349 491 3441 543 καὶ
3470 493 3566 558 τὴν
3619 493 3871 559 σελήνην,
3893 494 3969 544 ἵνα

2428 562 2564 631 λάϐῃ
2594 564 2651 613 τὸ
2681 564 2824 617 ἴδιον.
2861 565 2971 618 ’Ἰνα
3000 570 3051 619 τί
3078 572 3373 625 τελευταῖον
3394 578 3615 643 γένηται
3646 594 3660 636 ;
3694 579 3815 627 Ἶνια
3840 579 3970 645 πέμ-

2427 651 2500 717 ψῃ
2528 651 2635 720 πῦρ
2667 655 2694 704 ὀ
2730 654 2947 718 ἀγαθὸς,
2992 660 3079 708 καὶ
3117 661 3285 730 καύσῃ
3330 664 3420 714 τὸν
3465 667 3694 733 κόσμον,
3752 667 3851 715 καὶ
3889 668 3971 715 ἀν-

2426 739 2605 807 αλώσῃ
2638 743 2829 804 πάντα,
2864 745 2956 794 καὶ
2978 748 3389 820 ἀποκαταστήσῃ
3418 753 3511 819 τὴν
3547 754 3677 819 ὓλην
3710 754 3865 803 κάτω
3900 756 3971 813 εὶς

2425 825 2530 875 τὸν.
2572 828 2731 877 τόπον
2781 831 2879 894 τῆς
2918 833 3101 899 αὐτῆς,
3155 838 3247 886 καὶ
3296 839 3392 897 τὰς
3423 839 3595 905 ψυχὰς
3627 842 3724 900 τὰς
3782 842 3858 905 μὴ
3888 840 3959 888 δει

2428 912 2658 979 ξαμὲνας
2691 914 2779 964 τὸν
2808 918 3074 972 Μάνεντα.
3121 924 3428 983 Ἀκούσατε.
3468 924 3555 977 οἷα
3579 928 3733 989 λέγει
3769 932 3799 977 ὁ
3826 928 3971 977 ἀντί-

2426 1002 2570 1062 δικος
2598 1002 2689 1052 τοῦ
2711 1003 2865 1064 Θεοῦ,
2890 1007 3061 1074 πόσην
3082 1010 3305 1078 δύναμιν
3332 1013 3512 1063 δίδωσι
3538 1018 3606 1081 τῇ
3642 1015 3748 1084 ὕλῃ
3769 1031 3785 1043 ·
3815 1031 3980 1065 κατα-

2427 1090 2611 1141 ϐάλλει
2644 1093 2737 1141 τοῦ
2778 1092 2910 1144 Θεοῠ
2941 1095 3032 1145 τοῦ
3082 1098 3302 1164 ὑψίστου
3339 1102 3439 1167 τὴν
3465 1102 3716 1168 δύναμιν.
3766 1102 3981 1169 Πρῶτον

2429 1180 2527 1245 μέν
2558 1196 2737 1246 φησιν,
2764 1182 2842 1231 ὃτι
2874 1184 3104 1253 ἐσυλήθη
3137 1188 3229 1237 καὶ
3272 1188 3499 1256 ὲκλάπη.
3531 1191 3593 1239 Ὃ
3625 1190 3935 1255 ἀδυναμίας
3965 1192 3978 1239 l

2425 1268 2515 1319 τὸν
2562 1268 2692 1320 Θεὸν
2746 1287 2842 1337 μου
2900 1271 3075 1337 λέγεις
3120 1275 3412 1338 ἀδύνατονς
3451 1276 3586 1327 Ἀλλ’
3635 1277 3785 1327 ἑκὼν
3846 1293 3983 1344 παρ-

2426 1357 2687 1424 εχώρησε.
2724 1359 2841 1418 Πῶς
2872 1355 2961 1411 οὖν
2995 1361 3251 1429 ἐλυπήθη,
3297 1366 3343 1415 εἰ
3372 1366 3443 1431 μὴ
3492 1366 3721 1430 eadem
3755 1382 3770 1425 ;
3805 1365 3984 1425 Οὐδεὶς

2427 1445 2713 1513 προδίδωσι
2751 1447 2818 1499 τὰ
2848 1449 3037 1499 ἑαυτοῦ
3068 1452 3344 1513 ἑκουσίως,
3375 1454 3466 1503 καὶ
3520 1455 3803 1503 λυπεῖται.
3835 1454 3897 1502 Εἰ
3932 1452 3983 1502 δὲ

2433 1534 2517 1584 ἵνα
2559 1536 2632 1601 μὴ
2681 1538 3077 1605 κατακυριευθῇ
3117 1542 3144 1589 ὁ
3183 1539 3344 1601 τόπος
3379 1541 3561 1602 αὐτοῦ,
3614 1542 3690 1608 μὴ
3738 1540 3985 1607 δυνηθεὶς

782 1624 938 1689 Quod
972 1626 1037 1686 si,
1072 1640 1138 1677 ne
1172 1626 1327 1677 locus
1356 1625 1530 1691 ipsius
1570 1634 1949 1693 occuparetur,
1975 1640 2098 1677 cum
2126 1626 2326 1693 alioqui

2433 1622 2597 1679 ἄλλως
2650 1624 3032 1689 περιγενέσθαι
3071 1629 3169 1692 τῆς
3210 1628 3360 1693 ὕλης,
3413 1628 3692 1695 ἐλυπήθη,
3737 1628 3863 1687 πῶς
3893 1628 3985 1679 οὐκ

782 1714 1062 1765 materiam
1110 1727 1369 1778 superare
1410 1727 1518 1764 non
1573 1720 1776 1779 posset,
1815 1712 1973 1779 diripi
2023 1728 2080 1767 se
2133 1728 2327 1779 passus

2433 1711 2692 1778 ἀδύναμος
2718 1730 2732 1774 ;
2772 1710 2888 1765 εἶτα
2918 1713 3163 1766 λυπεῖται
3191 1717 3282 1767 καὶ
3326 1718 3607 1779 κολάζεται
3637 1719 3697 1767 τὸ
3731 1718 3906 1783 μέρος
3932 1718 3987 1767 τδ

784 1808 886 1858 est,
923 1799 1014 1865 qui
1042 1798 1223 1851 alTerri
1252 1800 1447 1867 possit,
1495 1801 1628 1867 quin
1690 1800 2058 1853 imbecillitate
2100 1801 2325 1854 laboret.
2361 1802 2379 1854 Ι

2433 1800 2519 1849 ἀπ’
2550 1799 2748 1850 αὐτοῦ’
2782 1802 2871 1851 καὶ
2919 1802 3245 1869 τεχνάζεται,
3289 1806 3379 1855 καὶ
3433 1806 3674 1872 μηχανὰς
3730 1808 3984 1867 ποιεῖται,

783 1884 975 1939 Postea
1038 1889 1091 1938 in
1153 1901 1385 1941 maerore
1418 1898 1685 1950 versatur,
1720 1902 1784 1941 ac
1838 1903 1961 1954 pars
1991 1904 2108 1956 qua:
2142 1890 2208 1940 ab
2265 1903 2329 1941 eo

781 1978 970 2031 avulsa
1002 1976 1303 2031 cruciatur.
1328 1977 1510 2045 Itaque
1538 1979 1762 2030 technas
1785 1977 2023 2040 adhibet,
2047 1987 2099 2029 et
2124 1977 2330 2029 machi-

782 2080 883 2119 nas
909 2067 1092 2129 struit,
1134 2074 1191 2118 ut
1213 2066 1359 2134 quod
1380 2081 1537 2118 suum
1569 2074 1675 2129 est,
1699 2066 1886 2130 capiat,
1910 2048 2011 2117 {at
2036 2080 2102 2118 ne
2128 2066 2177 2117 id
2207 2064 2330 2132 qui-

782 2154 905 2208 dem
964 2158 1233 2225 integrum
1285 2156 1497 2222 recipit.
1568 2156 1778 2207 Etenim
1821 2157 2015 2207 animae
2074 2155 2179 2207 illae
2211 2170 2331 2219 quae

784 2244 998 2298 llanem
1063 2245 1218 2311 sequi
1275 2254 1620 2307 recusarunt,
1687 2253 1950 2296 :eternum
2009 2244 2331 2312 puniuntur.

782 2334 1094 2388 Extremum
1149 2333 1250 2387 hoc
1300 2342 1402 2391 est,
1454 2332 1599 2400 quod
1659 2334 1883 2386 materia
1941 2333 2137 2384 iterum
2191 2338 2339 2395 post-

782 2440 946 2493 quam
966 2424 1231 2477 adversus
1252 2422 1453 2477 bonum
1477 2420 1857 2483 insurrexerit,
1876 2434 2109 2487 eumque
2138 2418 2339 2471 alllixe-

784 2516 877 2577 rit,
908 2514 1059 2566 nullo
1086 2511 1299 2566 tandem
1324 2518 1542 2579 accepto
1563 2511 1687 2563 inde
1715 2509 2060 2569 detrimento,
2095 2521 2251 2561 suum
2275 2506 2339 2557 ad

2436 1885 2520 1935 ἵνα
2574 1885 2709 1953 λάϐῃ
2754 1886 2812 1937 τὺ
2856 1887 3005 1949 ἴδιον,
3046 1891 3141 1939 καὶ
3177 1890 3297 1941 οὐδὲ
3332 1890 3446 1942 ὅλον
3490 1892 3876 1959 ἀπολαμϐάνει
3902 1891 3987 1941 τὲν

2437 1973 2564 2023 ἴδιον
2589 1988 2601 2001 ⁸
2634 1976 2688 2025 αἱ
2726 1972 2831 2042 γὰρ
2863 1974 3048 2042 ψυχαὶ,
3093 1978 3146 2027 αἱ
3182 1977 3255 2044 μὴ
3287 1977 3713 2046 ἀκολουθήσασαι
3762 1980 3847 2045 τῷ
3880 1980 3988 2030 Μά-

2435 2080 2574 2114 νεντι
2609 2064 2687 2123 εἰς
2734 2064 2898 2115 αἰῶνα
2937 2067 3249 2128 κολάζονται
3291 2084 3303 2097 ο
3336 2069 3427 2117 καὶ
3462 2068 3799 2129 τελευταῖον,
3829 2070 3864 2135 ή
3896 2066 3987 2134 ὕλη

2436 2150 2592 2201 πάλιν
2617 2152 2673 2200 ὲν
2693 2154 2802 2211 τοῖς
2832 2152 2980 2212 ἰδίοις
3003 2155 3187 2213 τόποις
3227 2149 3561 2207 στασιάσασα
3608 2157 3703 2205 τὸν
3760 2155 3987 2218 ἀγαθὸν,

2436 2239 2526 2288 καὶ¹
2554 2238 2810 2303 θλίψασα,
2853 2240 2986 2307 αὐτὴ
3019 2242 3073 2292 δὲ
3106 2241 3179 2308 μὴ
3206 2226 3468 2304 θλιϐεἰσα,
3498 2244 3637 2295 ἀλλὰ
3674 2246 3737 2293 τὸ
3770 2244 3989 2309 ἔσχατον

2438 2327 2568 2395 πρὸς
2592 2328 2652 2378 τὸ
2688 2327 2815 2379 [διον
2843 2329 3322 2398 παλινδρομήσασα
3356 2333 3492 2398 μετά
3515 2332 3741 2383 καὶτῶν
3778 2333 3986 2398 ψυχῶν,

2438 2417 2545 2469 τῶν
2570 2418 2642 2485 μὴ
2672 2418 3039 2469 πιστευσασῶν
3060 2428 3086 2467 1
3117 2420 3192 2487 τῷ
3221 2422 3476 2473 Μάνεντι.
3515 2421 3676 2473 Ἀ).λά
3704 2421 3878 2489 τυχὸν
3903 2422 3992 2473 καὶ

2442 2506 2601 2561 πάλιν
2630 2506 2695 2556 ἀν
2708 2508 2840 2568 αστή
2850 2522 3017 2558 σεται.

784 2602 961 2654 locum
1023 2603 1339 2663 recurrerit,
1377 2616 1485 2654 una
1543 2615 1663 2653 cum
1713 2599 1998 2653 animabus
2033 2598 2161 2660 illis,
2193 2610 2315 2662 qua
2356 2594 2492 2646 Mani
2521 2596 2739 2649 minime
2765 2595 3131 2649 crediderunt.
3194 2597 3261 2648 At
3330 2596 3563 2651 fortasse
3583 2613 3815 2651 rursum
3884 2598 3992 2664 ipsa

782 2705 1001 2759 quamne
1034 2690 1159 2743 hinc
1189 2696 1449 2756 emerget.

854 2779 941 2831 68.
998 2778 1168 2832 Dicite
1217 2780 1375 2832 nobis
1408 2817 1423 2838 ,
1469 2792 1502 2832 ο
1561 2778 1837 2830 Manicltaei
1882 2775 2153 2829 :materia
2214 2788 2334 2828 cum

786 2873 938 2940 prius
961 2869 1142 2938 quieta
1170 2876 1336 2931 esset,
1373 2868 1604 2930 bonane,
1634 2880 1701 2917 an
1738 2866 1874 2918 mala
1911 2864 2064 2917 erat?
2092 2863 2147 2915 Si
2178 2864 2338 2927 maia,

789 2967 974 3029 postea
1040 2958 1204 3027 igitur
1260 2958 1496 3010 excitata
1532 2955 1799 3009 seditione
1832 2954 1972 3007 bona
2008 2951 2169 3023 456
2196 2952 2336 3004 facta

788 3058 893 3102 est.
950 3045 1044 3098 Sin
1082 3045 1235 3113 prius
1265 3044 1427 3106 bona,
1471 3052 1593 3111 post
1622 3042 1785 3110 igitur
1830 3041 1965 3094 mala
1990 3040 2194 3093 reddita
2231 3048 2335 3094 est.

860 3137 1087 3198 Deinde,
1112 3150 1234 3189 cum
1263 3133 1520 3188 intestina
1546 3132 1815 3187 seditione
1855 3131 2125 3192 laborans,
2154 3144 2337 3187 amen-

790 3229 945 3298 tique
972 3236 1119 3281 motu
1144 3224 1343 3295 agitata
1368 3224 1435 3278 ad
1467 3223 1604 3278 lucis
1629 3222 1764 3277 ﬁnes
1786 3221 2039 3291 pervasit,
2067 3220 2333 3289 siquidem

791 3326 1068 3387 expertem
1104 3317 1346 3368 materia:
1391 3314 1568 3368 lucem
1601 3312 1892 3380 aspexerit,
1918 3324 2154 3379 quonam
2179 3309 2338 3362 modo

793 3423 937 3463 czeca
971 3406 1076 3462 sit?
1099 3405 1203 3470 Qui
1240 3406 1356 3458 lieri
1395 3403 1557 3457 etiam
1590 3409 1770 3470 potest
1817 3407 1875 3451 ut
1910 3399 2133 3451 materia
2162 3398 2336 3449 lucem

795 3515 825 3552 a
872 3498 1102 3553 materia
1166 3504 1429 3550 remotam
1488 3490 1723 3546 cernat?
1755 3489 1809 3543 Si
1844 3496 2021 3565 autem
2055 3486 2338 3547 intellexit,

795 3603 1031 3658 quonam
1087 3594 1245 3654 pacto
1277 3584 1483 3637 ratione
1520 3590 1575 3637 et
1608 3587 1788 3634 mente
1830 3585 1997 3640 caret,
2030 3578 2338 3644 lucemque,

796 3688 860 3733 ut
912 3676 1267 3737 existimatis,
1320 3671 1609 3727 adamavit.
1638 3665 1919 3734 Quomodo
1973 3672 2091 3721 sine
2139 3663 2348 3718 anima?

795 3767 1074 3839 quomodo
1100 3763 1279 3818 mala?
1309 3776 1486 3832 neque
1532 3761 1677 3815 enim
1703 3758 1831 3812 illud
1853 3760 2052 3810 malum
2074 3765 2177 3822 est,
2203 3754 2349 3823 quod

799 3858 927 3915 boni
981 3870 1165 3910 amore
1219 3854 1449 3920 rapitur.
1504 3849 1751 3915 Quonam
1810 3849 1939 3901 item
1980 3845 2143 3898 modo
2174 3854 2351 3898 mente

800 3954 855 4001 et
883 3944 1151 4014 sapientia
1192 3951 1361 4005 caret,
1402 3955 1523 4007 qua:
1556 3954 1621 3991 ex
1659 3937 1860 3989 linibus
1891 3935 2026 3995 suis,
2048 3947 2170 4007 non
2203 3933 2349 3986 bruti

802 4036 1090 4104 cujusdam
1122 4032 1431 4093 animantis,
1462 4029 1552 4083 sed
1589 4024 2023 4096 praestantissimi
2063 4020 2347 4089 cujusdam

805 4142 870 4181 ac
922 4126 1056 4179 bene
1102 4124 1339 4178 ordinati
1373 4116 1722 4187 imperatoris
1770 4116 1943 4167 instar
1985 4112 2244 4172 excessit,
2272 4109 2366 4179 luL‘

806 4218 994 4283 eisque
1039 4214 1183 4267 haud
1214 4207 1613 4267 contemnenda
1664 4210 1877 4271 arrepta
1924 4201 2124 4270 praeda,
2162 4200 2225 4253 ad
2255 4214 2352 4253 sua

2518 2768 2616 2838 ξη⁸.
2658 2771 2855 2822 Εἴπατε
2886 2772 3032 2838 ἡμῖν,
3057 2766 3101 2822 ὧ
3122 2773 3425 2838 Μανιχαῖοι,
3455 2774 3485 2838 ἡ
3516 2772 3614 2839 ὖλη
3637 2773 3992 2839 ἡσυχάζουσι

2441 2861 2502 2911 τὸ
2522 2860 2779 2928 πρότερον
2808 2860 2944 2927 καλὴ
2968 2856 3053 2929 ἦν,
3082 2860 3114 2927 ἢ
3145 2863 3321 2927 κακής
3357 2861 3417 2911 Ei
3451 2860 3550 2927 μὲν
3572 2862 3740 2929 κακὴ,
3771 2860 3997 2930 ὕστερον

2444 2947 2776 2998 στασιάσασα
2806 2944 2943 3015 καλὴ
2972 2948 3201 3013 ἐγένετο.
3230 2946 3292 2998 Εἰ
3321 2946 3374 2999 δὲ
3398 2946 3611 3014 πρῶτον
3639 2947 3810 3015 καλὴ,
3845 2946 3998 2999 ὓστε-

2444 3053 2534 3105 ρον
2557 3036 2720 3104 κακή.

2511 3123 2643 3180 Εἶτα
2668 3125 3001 3178 στασιάσασα
3030 3125 3165 3194 πρὸς
3194 3124 3407 3193 ἑαυτὴν,
3442 3124 3531 3176 καὶ
3558 3124 3824 3187 ἀτάκτως
3848 3141 3998 3193 κινη-

2438 3215 2610 3278 θεῖσα,
2646 3215 2737 3267 καὶ
2768 3212 2991 3264 ἐλθοῦσα
3033 3214 3111 3274 εἰς
3140 3214 3207 3265 τὰ
3253 3213 3346 3264 τοῦ
3384 3214 3556 3280 φωτὸς
3598 3216 3728 3281 ὅρια
3752 3253 3773 3275 ,
3825 3216 3874 3264 si
3906 3214 3999 3280 μὲν

2438 3304 2696 3358 ἐθεάσατο
2737 3302 2796 3352 τὸ
2834 3300 3003 3352 ἄῦλονη
3035 3300 3149 3367 φῶς
3179 3341 3192 3365 ,
3245 3300 3358 3357 πῶς
3390 3299 3600 3368 well];
3656 3300 3787 3361 Πῶς
3822 3300 3877 3351 δὲ
3912 3300 3999 3349 καὶ

2442 3394 2539 3460 ὓλη
2567 3392 2727 3443 ἄῦλον
2763 3390 2875 3456 φῶς
2908 3390 3198 3455 θεάσηταις
3236 3390 3295 3439 Ei
3326 3389 3377 3440 δὲ
3408 3389 3618 3455 ἐνόησε,
3653 3388 4001 3453 πῶς-ἄλογος

2444 3484 2537 3534 καὶ
2570 3481 2763 3541 ἄνους;
2811 3478 2902 3529 καὶ
2951 3476 3163 3545 ἠράσθη
3214 3476 3332 3527 καθ’
3373 3478 3533 3543 ὑμᾶς.
3580 3477 3707 3537 Πῶς
3754 3476 3998 3543 ἄψυχοςς

2444 3571 2558 3630 πῶς
2592 3569 2649 3619 δὲ
2679 3568 2856 3634 mal);
2895 3567 2955 3616 τὸ
2984 3564 3092 3634 γὰρ
3126 3565 3265 3633 ὲρῶν
3311 3565 3403 3615 τοῦ
3435 3564 3663 3629 ἀγαθοῦ,
3700 3566 3763 3615 οὐ
3804 3566 3997 3615 κακόν·

2448 3658 2562 3718 πῶς
2590 3656 2645 3709 δὲ
2678 3656 2836 3717 ἄνους
2865 3655 2956 3705 καὶ
2987 3654 3204 3719 ἄσοφος,
3240 3653 3271 3720 ή
3309 3652 3513 3703 ἐκϐᾶσα
3553 3655 3613 3703 ὲκ
3660 3651 3775 3701 τῶν
3816 3653 3999 3718 αὐτῆς,

2447 3749 2629 3815 ὥσπερ
2666 3745 2800 3808 ζῶον
2834 3745 2930 3796 οὐκ
2971 3743 3180 3808 ἄλογον,
3226 3742 3338 3803 axx
3368 3742 3551 3809 ὥσπερ
3582 3742 3815 3808 ἀριστος
3850 3758 4003 3809 στρα-

2450 3838 2609 3907 τηγὸς
2636 3838 2727 3888 καὶ
2757 3832 3037 3895 εὔτακτος,
3074 3833 3165 3883 καὶ
3188 3832 3427 3884 λαϐοῦσα
3457 3831 3735 3897 ἀξιόλογον
3764 3832 4004 3899 λάςυρον

2454 3929 2546 3980 τοῦ
2581 3926 2753 3992 φωτὸς
2778 3964 2791 3985 ,
2828 3924 2919 3974 καὶ
2946 3925 3021 3983 εἰς
3051 3922 3117 3973 τὰ
3163 3921 3362 3987 ἑαυτῆς
3413 3919 3812 3988 ὑποστρέψασα
3842 3937 3856 3983 ;
3892 3919 4005 3978 Πῶς

2456 4019 2511 4071 δὲ
2543 4019 2635 4070 καὶ
2670 4014 2877 4081 φαύλην
2901 4014 3110 4079 λέγετε,
3142 4011 3239 4079 τὴν
3266 4012 3324 4061 τὸ
3358 4010 3555 4075 ἀγαθὸν
3584 4010 3896 4076 δεξαμένην
3922 4008 4007 4058 καὶ

2458 4106 2822 4175 χωρήσασανς
2858 4100 2924 4152 τὰ
2972 4100 3077 4167 γὰρ
3112 4096 3331 4151 δεκτικά
3357 4096 3581 4164 ἀγαθοῦ,
3628 4096 3731 4147 οὐκ
3772 4095 4003 4153 ἐναντία,

2457 4198 2576 4249 οὐδὲ
2615 4195 2864 4263 πολέμια.

807 4274 1038 4361 sub-inde
1100 4313 1348 4370 regressa
1380 4294 1670 4358 est?'Quo,
1726 4292 1966 4359 inquam.
2015 4287 2175 4340 modo
2205 4286 2397 4339 malam
2435 4285 2639 4347 dicitis,
2680 4300 2799 4352 quae
2840 4284 3037 4337 bonum
3088 4277 3327 4346 suscepit
3390 4290 3453 4329 ac
3511 4274 3835 4328 continuit?
3900 4286 4009 4342 qua:

805 4399 954 4453 enim
986 4366 1257 4463 ejusmodi
1306 4397 1456 4446 sunt.
1491 4396 1547 4438 ut
1587 4385 1786 4439 bonum
1828 4379 2109 4445 suscipere
2129 4386 2353 4446 queant,
2393 4390 2454 4429 ea
2479 4391 2575 4428 nec
2605 4376 2684 4427 illi
2717 4368 2992 4427 contrfria
3026 4380 3174 4431 sunt.
3217 4383 3317 4421 nec
3339 4366 3621 4463 pugnacia.

881 4488 961 4540 Ac
1006 4450 1227 4538 rursum
1268 4498 1279 4532 :
1320 4480 1364 4532 si
1398 4476 1489 4529 Dei
1521 4489 1646 4542 pars
1686 4486 1717 4525 a
1756 4470 1979 4524 materia
2003 4470 2222 4537 abrepta
2252 4474 2357 4528 est,

2433 4493 2435 4508 ι
2529 4466 2636 4517 Καὶ
2665 4464 2844 4515 πάλιν·
2873 4464 2919 4513 εἰ
2947 4462 3045 4530 ὕλη
3077 4462 3363 4528 ἀφήρπασε
3392 4456 3551 4523 μέρος
3580 4453 3671 4504 τοῦ
3701 4450 3871 4542 Θεοῦ,
3898 4452 4012 4542 Epa-

812 4577 1063 4645 sequitur
1102 4578 1161 4624 ut
1196 4568 1421 4622 materia
1464 4562 1656 4634 agendi
1685 4562 1796 4613 vim
1830 4567 1884 4614 et
1910 4558 2230 4612 industriam
2266 4556 2363 4607 lta-
2398 4554 2407 4565 ‘

815 4673 967 4734 beat;
1021 4676 1213 4721 contra
1271 4661 1398 4715 boni
1455 4665 1644 4711 natura
1692 4653 1934 4725 patibilis
1985 4660 2040 4706 et
2067 4650 2210 4705 ﬂuxa
2269 4649 2362 4703 sit.

815 4757 974 4824 Quod
1015 4756 1061 4810 si
1097 4755 1189 4807 illa
1234 4751 1361 4804 boni
1392 4746 1686 4817 cupiditate
1722 4743 1912 4798 effecta
1939 4750 2046 4805 est,
2071 4742 2247 4795 bonus
2271 4752 2367 4790 au-

820 4863 928 4905 tem
957 4847 1041 4903 sui
1070 4852 1278 4915 partem
1307 4842 1448 4895 malo
1481 4838 1650 4900 dedit,
1679 4843 1974 4902 utrumque
2006 4830 2362 4885 mutationem

820 4937 1087 5007 suscepit.
1135 4934 1267 4987 Nam
1302 4942 1356 4986 et
1384 4930 1583 4983 malum
1633 4941 1697 4980 eo
1726 4925 1924 4979 bonum
1966 4921 2217 4975 elIectum
2259 4924 2363 4978 est,

823 5029 967 5099 quod
1028 5026 1154 5079 boni
1188 5022 1459 5078 desiderio
1525 5015 1769 5086 ﬂagravit
1810 5031 1824 5067 :
1858 5022 1912 5067 et
1942 5014 2144 5067 bonum
2168 5024 2232 5063 eo
2258 5021 2371 5060 ma-

825 5120 934 5172 izun
960 5115 1158 5177 evasit,
1190 5111 1336 5181 quod
1370 5110 1510 5162 malo
1551 5105 1766 5159 misceri
1801 5117 1905 5158 non
1931 5101 2228 5155 recusavit.

902 5208 1195 5268 Praeterea,
1260 5204 1459 5256 bonum
1494 5214 1555 5255 ex
1584 5201 1689 5251 isto
1718 5203 1873 5264 raptu
1903 5201 1957 5248 et
1983 5191 2253 5246 mistione.
2292 5186 2375 5240 vel

906 5384 950 5415 ”
987 5383 1116 5437 Vide
1142 5377 1401 5453 lipiplian.
1441 5376 1493 5429 in
1524 5376 1717 5431 lieres.
1749 5372 1978 5427 Manich.

2466 4556 2682 4622 στήριον
2715 4553 2809 4619 μὲν
2854 4552 2947 4602 καὶ
2994 4548 3269 4619 ποιητικὸν
3334 4548 3367 4615 ἡ
3403 4544 3502 4611 ὖλη
3524 4585 3537 4605 ,
3570 4543 3795 4609 παθητὴ
3842 4540 3899 4591 δὲ
3932 4541 4011 4590 καὶ

2469 4642 2665 4713 ρευστὴ
2700 4642 2732 4709 ή
2761 4639 2935 4706 ’φύσις
2971 4638 3061 4690 τοῦ
3090 4634 3313 4701 ἀγαθοῦ.
3361 4634 3419 4684 Εἰ
3467 4631 3527 4682 δὲ
3567 4628 3751 4693 ἐκείνη
3805 4628 3905 4695 μὲν
3930 4625 4011 4677 τοῦ

2466 4730 2669 4798 ἀγαθοῦ
2698 4727 3060 4795 ἐπεθύμησεν,
3089 4726 3117 4776 ὀ
3152 4724 3205 4774 δὲ
3226 4722 3421 4788 ἀγαθὸς
3457 4722 3614 4787 μέρος
3652 4716 3825 4769 αὑτοῦ
3859 4716 4011 4766 ἔδωκε

2466 4822 2542 4889 τῷ
2580 4818 2754 4887 κακῷ,
2805 4817 3082 4885 ἀμφότερα
3116 4814 3425 4882 ἐτράπησαν
3448 4826 3460 4837 ·
3495 4807 3585 4859 καὶ
3613 4806 3677 4855 τὸ
3713 4806 3893 4857 κακὸν
3922 4804 4015 4868 γὰρ

2474 4908 2783 4977 ἐπεθύμησε
2826 4906 2917 4958 τοῦ
2948 4902 3149 4971 ἀγαθοῦ
3174 4942 3189 4968 ,
3243 4902 3335 4953 καὶ
3356 4918 3357 4923 ‘
3381 4898 3579 4963 ἀγαθὸν
3616 4895 3848 4960 ἐγένετο
3874 4910 3887 4920 θ
3932 4890 4018 4941 τισὶ

2472 5002 2533 5053 τὸ
2560 4998 2756 5066 ἀγαθὲ».⁵
2789 4996 3078 5064 δεξάμενον
3108 4995 3332 5061 μιγῆναι
3370 4989 3445 5057 τῷ
3483 4985 3656 5055 κακῷ,
3696 4984 3872 5035 κακὸν
3907 4980 4017 5047 ἐγέ-

2476 5109 2612 5146 νετο.

2543 5182 2647 5234 Καὶ
2678 5178 2836 5232 πάλιν
2860 5194 2874 5209 ο
2911 5174 3106 5243 ἐϐλάϐη
3152 5172 3210 5224 τὸ
3255 5170 3451 5238 ἀγαθὸν
3487 5166 3589 5217 ὑπὸ
3628 5163 3729 5233 τῆς
3774 5158 4017 5231 ἁρπαγῆς

2127 5517 2347 5576 VARIle
2389 5504 2781 5568 LECTIONES.

913 5639 938 5685 θ
992 5631 1055 5686 It.
1090 5629 1500 5684 πιστευσάντων.
