4156 6436
210 436 343 501 1385

1183 445 1562 506 DlALOGUS
1602 447 1742 505 (ἾΟΝ
1752 450 1893 506 'l‘iU

1955 453 2005 507 Μ
2016 451 2112 509 AN
2123 451 2219 508 ICl
2232 451 2413 508 ΜΞΟὸ
3325 442 3460 503 Νι(ἶῦ

204 549 299 601 καὶ
324 548 425 616 τῆς
453 548 671 617 μεξεως,
701 550 733 620 ἢ
757 548 985 619 ἔϐλαψεν
1013 568 1024 581 ·
1052 551 1082 622 ἢ
1109 552 1412 624 ὠφέλησεν,
1440 555 1471 625 ἢ
1499 555 1751 626 ὠφελήθη

1884 558 2276 613 detrimentum
2311 558 2540 628 accepit,
2574 558 2658 612 vel
2681 561 2895 623 attulit;
2932 558 3013 610 τρι
3048 556 3335 609 utilitatum
3366 569 3459 608 ac-

204 638 265 689 ΕΞ
300 638 398 705 μὲν
435 638 711 709 ὠφελήθη,
749 641 969 711 ἐνεργὸν
1010 644 1102 694 καὶ
1133 644 1337 712 ἀγαθὸν
1370 645 1431 697 τὸ
1463 646 1772 716 ὠφελῆσαν,

199 727 294 779 καὶ
326 724 489 800 ἦττον
519 730 579 782 τὸ
614 730 892 799 ὠφεληθὲν
924 733 1016 785 καὶ
1048 733 1293 805 παθητόν
1317 751 1331 766 ο
1372 738 1420 788 εἰ
1457 736 1512 790 δὲ
1546 738 1772 810 ἐϐλάϐη,

198 819 295 870 καὶ
337 819 479 872 οὕτω
514 820 757 891 παθητὸν
804 824 864 876 τὸ
900 824 1096 893 βλαϐὲν
1121 867 1135 891 ,
1172 826 1267 878 καὶ
1320 828 1777 901 ἐπικρατέστερον

194 908 259 961 τὸ
281 910 514 978 ,βλάψαν
541 928 554 941 ·
598 914 645 964 εἰ
684 913 738 965 δὲ
769 913 968 983 ἔσλαψε
989 957 1003 980 ,
1057 919 1225 970 κακόν
1267 920 1379 971 ἐστι
1406 937 1420 950 ο
1461 921 1509 972 ει
1551 921 1605 975 δὲ
1629 921 1775 992 ὠφέ-

193 998 353 1068 λησε,
381 1000 645 1071 φθονερὸς
670 1005 698 1055 ὁ
720 1004 940 1071 ἀγαθὸς,
968 1006 1256 1075 λυπηθεὶς,
1286 1010 1379 1061 καὶ
1414 1012 1774 1081 μνησίκακος,

195 1092 337 1161 πυρὶ
368 1095 640 1163 παραδοὺς
665 1095 760 1166 τὴν
790 1097 947 1165 ὓλην,
974 1099 1069 1151 καὶ
1100 1102 1165 1169 τῇ
1200 1100 1472 1173 ὑπερϐολῇ
1504 1104 1604 1173 τῆς
1640 1123 1772 1176 μνη-

195 1184 482 1247 σικακίας,
516 1188 697 1239 καὶτὸ
734 1188 926 1240 ἑαυτοῦ
965 1190 1131 1261 μέρος
1161 1191 1258 1245 σὺν
1286 1196 1444 1265 αὑτῇ.
1477 1196 1539 1247 Ei
1574 1196 1630 1249 δὲ
1654 1198 1775 1251 οὐδὲ

194 1272 433 1369 ξθλαψεν
456 1316 471 1339 ,
504 1277 625 1330 οὐδὲ
675 1279 877 1350 ὲΰλάὁη
897 1320 911 1341 ,
943 1281 1062 1334 οὐδὲ
1107 1282 1395 1352 ὠφέλησεν
1424 1325 1439 1350 ,
1480 1287 1600 1369 οὺξὲ
1632 1289 1778 1357 ὠφε-

191 1363 337 1438 λήθη
364 1407 379 1429 ,
422 1368 637 1439 πρῶτον
671 1371 772 1442 μὲν
796 1412 811 1437 ,
854 1373 1216 1443 ἀνενέργητον
1248 1391 1262 1405 ⁸
1312 1377 1372 1429 τὸ
1417 1376 1526 1447 γὰρ
1566 1363 1776 1448 ’ἀγαθὸν

189 1455 332 1509 ἔνθα
359 1458 425 1511 ἂν
454 1460 694 1530 γένηται,
722 1462 942 1531 ὠφελεῖ,
966 1465 1060 1516 ἐὰν
1093 1465 1192 1537 ἔχῃ
1221 1467 1433 1536 ἀγαθὴν
1456 1470 1737 1536 ἐνέργειαν
1757 1486 1771 1501 ·

189 1545 458 1618 δεύτερον
480 1549 561 1613 δὲ,
592 1550 795 1614 ἄδικον,
827 1552 909 1605 ὃτι
947 1553 1021 1622 μὴ
1046 1554 1346 1622 ὠφεληθὲν,
1380 1556 1515 1625 μηδὲ
1555 1555 1773 1625 βλαϐὲν,

189 1636 415 1702 κολάζει
455 1638 554 1708 τὴν
597 1641 761 1709 μηδὲν
805 1641 1144 1711 ἁδικήσασαν
1183 1642 1314 1713 ὕλην
1344 1659 1357 1671 ·
1396 1647 1445 1698 εὶ
1488 1644 1543 1698 δὲ
1591 1646 1678 1699 διὰ
1714 1648 1774 1700 τὸ

188 1729 494 1800 ἐρασθῆναι
540 1732 706 1784 αὑτοῦ
759 1732 861 1803 τὴν
902 1732 1073 1804 ὓλην,
1129 1736 1228 1788 καὶ
1268 1740 1559 1806 μετασχεῖν
1606 1740 1771 1792 αὑτοῦ

185 1818 475 1887 ὀργίζεται
514 1822 607 1873 καὶ
646 1822 936 1889 λυπεῖται,
978 1823 1101 1877 καθ’
1145 1826 1309 1895 ὑμᾶς,
1347 1827 1534 1897 μηδεὶς
1564 1830 1769 1899 ὲρασθῇ

185 1925 385 1963 αυτου.

1880 652 2044 718 cepit,
2080 652 2162 704 vel
2187 649 2355 704 dedit.
2388 650 2443 702 Si
2477 651 2771 704 utilitatem
2791 649 3024 718 accepit,
3047 646 3235 701 eliicax
3255 660 3385 715 ergo
3407 653 3463 699 et

1880 740 2081 793 bonum
2109 741 2241 794 illud
2265 751 2347 795 est
2377 742 2522 810 quod
2542 743 2696 797 alteri
2719 742 2851 795 utile
2886 740 3012 801 fuit,
3040 738 3378 806 interiusque
3408 746 3461 791 et

1878 832 2124 901 patiliile,
2180 834 2266 886 cui
2312 833 2523 886 utilitas
2552 834 2803 889 accessit.
2832 832 2929 885 Sin
2955 832 3344 887 detrimentum
3372 844 3463 883 ac-

1877 923 2044 989 cepit,
2100 922 2181 975 sic
2230 938 2453 992 quoque
2508 924 2733 991 patibile
2772 923 2845 977 sit
2896 928 3113 989 oportet
3155 919 3288 973 illud
3315 919 3460 987 quod

1878 1011 2065 1064 lzesum
2125 1011 2248 1075 fuit,
2301 1020 2355 1067 et
2402 1011 2678 1066 valentius
2734 1011 2788 1064 id
2816 1011 2961 1081 quod
3004 1009 3164 1064 laesit.
3199 1008 3293 1061 Sin
3333 1021 3463 1060 vero

1879 1102 2019 1155 laesit
2081 1104 2237 1173 ipse,
2294 1105 2472 1159 malus
2521 1118 2651 1173 ergo
2707 1111 2811 1157 est.
2882 1101 2938 1155 Si
3000 1099 3229 1170 profuit,
3323 1099 3462 1151 invi-

1878 1190 2067 1244 dentia
2126 1190 2295 1259 igitur
2358 1191 2537 1245 bonus
2598 1189 2835 1253 laborat,
2907 1191 2999 1256 qui
3059 1187 3272 1241 idcirco
3328 1198 3463 1238 moe-

1877 1289 1995 1335 stus
2055 1283 2148 1347 sit,
2214 1291 2269 1337 et
2318 1283 2532 1352 injuriae
2588 1297 2823 1344 memor,
2886 1286 2945 1334 ut
2996 1281 3286 1333 materiam
3350 1275 3461 1347 igni

1879 1372 2077 1438 tradat,
2109 1388 2329 1443 unaque
2353 1375 2437 1427 sui
2474 1384 2702 1444 partem,
2724 1372 3035 1427 incredibili
3087 1371 3313 1424 ultionis
3343 1377 3461 1423 stu-

1876 1463 1990 1519 dio.
2013 1466 2169 1530 Quod
2200 1467 2245 1522 si
2274 1481 2375 1520 nec
2393 1468 2582 1521 laesum
2606 1475 2710 1532 est,
2743 1481 2843 1519 nec
2868 1466 3026 1528 laesit,
3083 1460 3459 1518 commodum-

1876 1572 1982 1626 que
2039 1560 2165 1614 item
2232 1575 2334 1615 nec
2390 1560 2667 1629 prastitit,
2724 1573 2825 1612 nec
2878 1557 3175 1627 percepit:
3214 1556 3451 1623 primum

1876 1650 2093 1718 quidem
2126 1652 2311 1705 omnis
2343 1652 2581 1706 actionis
2611 1660 2695 1706 est
2742 1665 2939 1720 expers
2970 1668 2982 1715 ;
3022 1662 3147 1702 cum
3180 1655 3363 1700 tamen
3386 1658 3451 1699 ea

1873 1740 2007 1796 boni
2059 1753 2258 1797 natura
2308 1746 2400 1809 sit,
2452 1752 2513 1798 ut
2554 1745 2875 1813 ubicunque
2931 1741 3194 1803 adfuerit,
3258 1738 3454 1808 prosit,

1875 1834 2038 1888 modo
2084 1837 2257 1903 proba
2312 1835 2631 1890 ellitacitate
2688 1835 2906 1904 polleat.
2968 1833 3172 1886 Deinde
3218 1831 3456 1898 injustas

1805 1919 1976 1989 Best,
2029 1929 2121 1996 qui
2168 1942 2267 1982 nec
2318 1926 2604 1991 beneﬁcio,
2659 1940 2760 1980 nec
2823 1921 3176 1979 incommodo
3205 1918 3454 1980 alIeetus,

184 2008 477 2061 materiam
519 2008 653 2063 nihil
694 2012 1071 2066 commeritam
1122 2014 1330 2083 puniat.
1384 2013 1711 2078 Sin,vestra
1749 2021 1967 2088 quidem
2020 2023 2310 2093 opinione,
2363 2032 2649 2091 propterea
2704 2021 2964 2073 irascitur
2994 2025 3048 2072 et
3104 2016 3272 2078 dolet,
3308 2011 3455 2083 quod

183 2098 423 2151 materia
484 2113 672 2155 amore
697 2100 781 2156 sui
826 2112 1199 2174 capta,seque
1232 2105 1448 2160 tandem
1484 2106 1653 2176 potita
1708 2109 1799 2174 sit,
1834 2125 1942 2166 non
1984 2111 2242 2182 estquod
2317 2112 2607 2181 quisquam
2662 2110 2835 2179 ipsius
2897 2120 3085 2160 amore
3138 2104 3347 2156 ardeat.

258 2190 327 2242 Ei
361 2189 448 2253 δὲ,
498 2190 574 2255 ὣς
608 2209 743 2261 φατε
764 2232 780 2257 ,
809 2195 972 2261 γνοὺς
1003 2198 1030 2249 ὁ
1072 2196 1206 2260 Θεὸς
1236 2198 1335 2268 τὴν
1366 2197 1500 2269 ὓλην
1534 2201 1769 2270 ἐπερχο-

188 2280 366 2351 μένην
389 2281 558 2359 αὑτῷ,
592 2284 734 2336 έχὼν
767 2287 1147 2357 συνεχώρησεν
1174 2289 1489 2360 ἁρπαγῆναί
1518 2308 1567 2344 τι
1601 2291 1767 2345 αὐτοῦ

183 2374 279 2425 ὑπ’
315 2376 505 2444 αὐτῆς,
528 2362 624 2429 ἶνα
646 2377 816 2445 αὐτῆς
844 2377 944 2448 τὴν
970 2379 1186 2448 κίνησιν
1211 2382 1561 2453 περιγράψας
1588 2400 1764 2452 τιμω-

184 2465 253 2534 ρή
266 2482 445 2535 σηται,
470 2465 660 2537 ὥσπερ
687 2467 875 2536 βόλονι
903 2469 1156 2541 ἐμπήξας
1190 2474 1253 2541 τῇ
1291 2473 1514 2545 γεέννῃο
1550 2475 1764 2543 πρῶτον

185 2557 287 2625 μὲν
312 2557 457 2620 τίνος
490 2557 679 2611 ἕνεκεν
712 2556 812 2613 οὐκ
846 2560 1050 2625 εὐθέως
1082 2562 1275 2632 ἔπηξε,
1321 2565 1415 2617 καὶ
1444 2566 1765 2636 παρέδωκεν

180 2650 361 2720 αὐτὴν
390 2652 454 2721 τῇ
495 2651 726 2723 γεέννῃ;
758 2654 805 2705 εἰ
838 2653 894 2706 δὲ
929 2654 1028 2706 οὐκ
1059 2653 1321 2723 ἠδύνατο,
1365 2658 1413 2709 εἰ
1468 2658 1543 2728 μὴ
1576 2660 1765 2729 τρόπῳ

178 2740 413 2812 τοιούτῳ
437 2787 451 2811 ,
489 2744 620 2814 ἡμῖν
663 2745 716 2797 τί
751 2745 1029 2816 μέμφεται
1051 2787 1066 2812 ,
1123 2748 1197 2819 μὴ
1231 2748 1658 2819 ἀνθιστωμένοις
1688 2750 1765 2821 τῷ

179 2834 429 2905 πονηρῷ,
462 2836 629 2901 αὐτὸς
658 2839 888 2909 προδοὺς
921 2840 1020 2903 τὰς
1055 2840 1235 2911 ψυχὰς
1277 2841 1435 2912 ἡμῶν
1467 2842 1533 2895 δι’
1568 2842 1764 2896 ἀδυνα-

185 2927 321 2996 μίαν
341 2945 354 2992 ;

256 3014 414 3085 Εἶτα,
446 3020 671 3091 γεέννην
724 3022 995 3091 λέγοντες,
1037 3023 1071 3094 ἦ
1119 3023 1406 3094 ὁμοούσιον
1433 3023 1525 3077 τοῦ
1552 3024 1757 3092 ἀγαθοῦ

181 3110 391 3181 ταύτην
423 3113 598 3181 ἐρεῖτε
620 3155 634 3179 ,
679 3113 712 3184 ἦ
755 3114 1042 3184 ὁμοούσιον
1077 3116 1170 3169 τοῦ
1202 3117 1441 3186 πονηροῦ
1462 3158 1476 3181 ,
1528 3117 1560 3186 ἢ
1591 3117 1761 3185 ἄλλην

179 3204 406 3268 οὐσίαν,
452 3206 548 3258 καὶ
596 3186 781 3259 asiam
830 3207 923 3260 δύο
951 3247 964 3270 ,
1022 3208 1160 3261 ἀλλὰ
1206 3212 1375 3278 τρεῖς.
1424 3210 1487 3262 Εἰ
1532 3210 1639 3279 γὰρ
1665 3209 1760 3261 τοῦ

1941 2204 2097 2271 Quod
2129 2206 2197 2269 si,
2228 2214 2286 2259 ut
2320 2204 2531 2265 dicitis,
2563 2203 2708 2258 Deus
2782 2201 3127 2255 invadentem
3191 2214 3250 2253 se
3281 2203 3454 2251 mate-

1869 2299 2007 2353 riam
2060 2299 2405 2369 prospiciens
2460 2298 2607 2350 ultro
2666 2295 2772 2350 sibi
2842 2294 2909 2348 ab
2945 2307 3009 2348 ea
3063 2291 3201 2360 eripi
3240 2296 3452 2359 partem

1869 2401 2067 2456 passus
2096 2395 2199 2452 est,
2234 2394 2293 2439 ut
2332 2387 2453 2453 ejus
2480 2391 2631 2437 motu
2655 2395 2975 2451 compresso
3004 2380 3269 2433 ultionem
3297 2383 3451 2446 post-

1868 2479 1971 2533 hac
2027 2494 2094 2533 ex
2123 2493 2184 2533 ea
2238 2484 2498 2542 sumeret,
2555 2489 2621 2529 ac
2679 2474 2824 2529 velut
2859 2486 3134 2527 carcerem
3191 2469 3454 2539 gehennae

1864 2571 2095 2639 ﬁgeret:
2129 2571 2362 2638 primum
2415 2567 2549 2623 illud
2585 2582 2793 2637 quaero,
2816 2581 2917 2618 cur
2951 2578 3060 2618 non
3094 2563 3277 2617 statim
3312 2561 3449 2614 liae-

1863 2663 1956 2725 rit,
1996 2662 2365 2732 gehennasque
2407 2676 2527 2715 eam
2566 2657 2897 2714 tradiderit?
2935 2656 3090 2722 Quod
3132 2656 3177 2710 si
3227 2652 3447 2710 nonnisi

1864 2752 1969 2806 hoc
1992 2757 2157 2806 modo
2185 2752 2239 2804 id
2296 2759 2530 2821 poterat,
2572 2750 2705 2823 quid
2749 2750 2971 2804 tandem
3003 2756 3087 2803 est
3111 2746 3256 2816 quod
3284 2744 3443 2800 nobis

1861 2845 2009 2897 malo
2048 2859 2157 2897 non
2186 2845 2578 2899 resistentibus
2610 2849 2960 2905 succenseat,
2996 2856 3122 2893 cum
3172 2841 3291 2909 ipse
3332 2852 3452 2909 prae

1864 2936 2064 2990 virium
2094 2936 2468 2991 imbecillitate
2496 2937 2711 2991 animas
2764 2932 3105 3005 prodiderit?

1937 3027 2187 3097 Insuper,
2237 3028 2542 3098 gehennam
2594 3027 2871 3089 dicentes,
2905 3033 3000 3079 aut
3030 3038 3150 3079 eam
3188 3020 3442 3091 ejusdem

1868 3134 1991 3173 cum
2022 3120 2185 3182 bono,
2230 3130 2323 3173 aut
2352 3119 2600 3189 ejusdem
2643 3134 2768 3173 cum
2806 3117 2952 3171 malo
2980 3115 3299 3172 substantiae
3323 3128 3448 3169 esse

1868 3210 2054 3264 dicitis
2075 3253 2089 3275 ,
2148 3218 2240 3264 aut
2296 3211 2525 3266 alterius
2560 3210 2850 3279 cujusdam
2882 3207 3206 3263 substantiae
3237 3224 3250 3261 :
3285 3215 3340 3261 et
3370 3207 3447 3260 ita

180 3295 389 3361 ἀγαθοῦ
410 3336 424 3359 ,
472 3296 590 3358 πῶς
644 3298 896 3363 κολάζεις
929 3301 1030 3353 οὐκ
1061 3300 1241 3372 ἀγαθὴ
1264 3313 1288 3342 α
1322 3302 1430 3372 γὰρ
1465 3303 1497 3370 ὴ
1542 3303 1755 3368 γέεννα.

1868 3313 1974 3352 non
2008 3299 2149 3361 dum,
2217 3300 2309 3353 sed
2342 3308 2455 3354 tres
2490 3299 2688 3354 tutum
2743 3307 2892 3354 sunt.
2937 3296 2994 3351 Si
3021 3296 3268 3366 ejusdem
3320 3309 3445 3349 cum

179 3385 242 3439 Ei
278 3385 335 3438 δὲ
374 3386 466 3438 τοῦ
513 3387 753 3457 πονηροῦ
781 3429 795 3452 ,
866 3390 927 3441 οὐ
992 3388 1211 3452 κολάζει
1253 3390 1314 3442 τὸ
1362 3389 1564 3442 κακόν·
1613 3389 1764 3442 οὐδὲν

181 3476 293 3545 γὰρ
325 3478 485 3530 ἑαυτὸ
520 3479 760 3542 κολάζει.
797 3481 859 3533 Ei
889 3481 946 3533 δὲ
993 3481 1181 3551 ἕτερόν
1224 3498 1276 3533 τι
1326 3481 1477 3553 παρὰ
1526 3479 1595 3532 τὰ
1646 3480 1760 3543 δύο,

179 3568 329 3633 τρεῖς
366 3567 553 3636 ἁρχαὶ,
587 3571 682 3622 καὶ
711 3572 770 3622 οὐ
799 3570 892 3623 δύο
912 3586 925 3600 ’
960 3570 993 3640 ἢ
1030 3571 1093 3622 ὲκ
1124 3570 1197 3640 μὴ
1240 3572 1393 3632 ὄντος
1432 3572 1510 3630 εἰς
1539 3570 1599 3621 τὸ
1623 3566 1763 3621 εἶναι

184 3658 464 3729 παρήχθη.
505 3661 616 3713 Καὶ
646 3663 694 3713 εἰ
726 3662 907 3725 τοῦτο,
944 3662 1032 3714 διὰ
1060 3664 1112 3713 τί
1140 3662 1214 3731 μὴ
1255 3662 1392 3730 πρὸς
1422 3662 1520 3729 τὴν
1552 3661 1763 3713 εὐθεῖαν

181 3749 468 3817 ἐρχόμενοι
503 3752 753 3821 εἴπομεν,
812 3754 905 3805 Ἐκ
937 3753 1013 3823 μὴ
1056 3753 1205 3815 ὄντος
1242 3756 1321 3815 εἰς
1357 3752 1418 3804 τὸ
1452 3747 1588 3805 εἶναι
1617 3769 1759 3822 παρ-

182 3834 326 3902 ήχθη
354 3835 420 3889 τὰ
449 3837 627 3891 πάντα
652 3854 666 3903 ;

1861 3389 2009 3445 bono
2035 3390 2197 3461 457
2223 3392 2549 3445 substantiae
2580 3401 2684 3455 est,
2721 3404 2960 3460 quonam
3002 3387 3167 3442 modo
3195 3386 3449 3440 cruciat?

1861 3495 1971 3533 non
2040 3482 2189 3535 enim
2219 3482 2360 3535 bona
2406 3493 2490 3536 est
2550 3481 2820 3551 gehenna.
2868 3480 2923 3532 Si
2957 3486 3140 3533 autem
3196 3475 3444 3545 ejusdem

1861 3579 1946 3626 est
1979 3586 2105 3626 cum
2145 3573 2286 3625 malo
2304 3573 2664 3637 substantiae,
2720 3585 3068 3641 nequaquam
3119 3570 3319 3623 malum
3346 3582 3445 3621 ex-

1860 3664 2088 3717 cruciat.
2141 3665 2289 3719 Nihil
2329 3667 2475 3720 enim
2537 3666 2783 3733 seipsum
2846 3664 3024 3733 punit.
3057 3662 3151 3715 Sin
3208 3660 3448 3728 denique

1868 3752 2016 3806 aliud
2057 3754 2315 3822 quiddam
2372 3763 2567 3826 praeter
2602 3755 2717 3809 haec
2749 3756 2887 3821 duo;
2925 3754 3031 3806 tria
3076 3767 3207 3822 ergo
3237 3751 3443 3820 princi-

1872 3842 1962 3912 pia
2014 3852 2199 3908 erunt,
2232 3860 2344 3898 non
2393 3844 2526 3899 duo.
2557 3843 2697 3898 Num
2728 3859 2859 3899 vero
2888 3858 2954 3897 ex
2976 3843 3146 3896 nihilo
3176 3841 3442 3909 producta

180 3923 303 3976 est?
333 3926 476 3988 quod
507 3927 551 3980 si
590 3927 663 3980 ita
707 3937 827 3991 est;
863 3926 1053 3996 quidni
1091 3942 1223 3998 ergo
1295 3937 1443 3982 recta
1470 3928 1555 3981 via
1600 3928 1939 3996 incedentes,
1994 3935 2178 3987 omnia
2217 3950 2284 3989 ex
2352 3933 2524 3987 nihilo
2592 3932 2656 3986 ad
2695 3932 2799 3986 hoc
2862 3940 2918 3986 ut
2964 3937 3148 3986 essent
3222 3929 3442 3983 condita

182 4016 359 4069 fuisse
385 4016 708 4071 dixerimus.

255 4103 332 4155 Τὸ
376 4104 647 4173 ἄναρχον,
683 4105 970 4176 ἄτρεπτον.
1020 4107 1210 4179 Τροπὴ
1258 4109 1366 4181 γάρ
1397 4109 1542 4176 ἐστι,
1575 4110 1635 4164 τὸ
1678 4110 1751 4180 μὴ

1926 4109 2083 4177 Quod
2113 4109 2232 4165 sine
2264 4107 2535 4177 principio
2567 4114 2674 4171 est,
2705 4106 2757 4159 id
2806 4119 3025 4175 quoque
3054 4113 3138 4158 est
3188 4105 3444 4157 immuta-

181 4194 448 4264 πρότερον
475 4194 534 4247 ὃν
554 4235 567 4259 ,
606 4195 829 4266 ὕστερον
861 4198 1134 4264 γενέσθαι.
1170 4193 1269 4251 Ὦν
1303 4200 1359 4254 δὲ
1388 4201 1447 4253 τὸ
1476 4199 1612 4254 εἶναι
1646 4202 1753 4255 ἀπὸ

1864 4206 1985 4260 bile.
2020 4202 2244 4256 Mutatio
2267 4200 2414 4255 enim
2446 4207 2551 4262 est,
2589 4213 2715 4251 cum
2745 4199 2794 4250 id
2823 4197 2967 4267 quod
2994 4197 3145 4266 prius
3165 4206 3274 4248 non
3298 4200 3439 4257 erat,

178 4287 389 4356 τροπῆς
432 4286 654 4356 ἦρξατο,
701 4288 796 4340 καὶ
836 4289 1066 4356 τρεπτὰ,
1103 4288 1214 4341 ἀλλ’
1247 4290 1481 4362 ἄναρχα,
1511 4294 1755 4362 ἄτρεπτα

1864 4292 2206 4365 postmodqu
2266 4289 2506 4344 exsistit.
2542 4289 2789 4355 Quorum
2830 4300 2997 4355 porro
3027 4299 3151 4339 esse
3183 4298 3213 4336 a
3270 4290 3444 4335 muta-

180 4374 364 4439 φύσει.
397 4373 519 4435 Πῶς
558 4370 651 4427 οὖν
682 4377 744 4427 ὲκ
767 4375 873 4428 τῶν
903 4377 1154 4447 ἀνάρχων
1180 4379 1379 4431 οὐσιῶν
1412 4381 1712 4449 ἐγενόμεθα
1740 4398 1753 4445 ;

180 4463 243 4514 Εἰ
271 4463 379 4533 γὰρ
411 4464 506 4517 καὶ
538 4465 698 4527 αὐταὶ
724 4466 969 4519 τοιαῦταί
1003 4468 1160 4533 εἰσιν,
1197 4466 1298 4522 οἷοι
1330 4472 1512 4541 ἡμεῖς,
1546 4471 1755 4542 ἄνθρω-

180 4575 276 4609 ποι
310 4559 405 4610 καὶ
431 4559 613 4613 αὐταί.
649 4560 709 4611 Εἰ
739 4560 794 4612 δὲ
829 4559 903 4630 μὴ
932 4560 1201 4625 τοιαῦται,
1237 4563 1352 4626 πῶς
1392 4564 1751 4633 ἐτράπησαν;

180 4649 300 4703 Οὐκ
343 4651 405 4702 ἐκ
446 4651 554 4702 τῶν
596 4650 846 4721 ἁνάρχων
874 4654 1052 4705 τοίνυν
1089 4652 1287 4706 οὐσιῶν
1325 4655 1514 4725 ἡμεῖς,
1547 4654 1660 4708 ἀλλ’
1693 4658 1757 4708 ἐκ

177 4738 278 4791 τοῦ
316 4739 389 4809 μὴ
427 4740 598 4802 ὄντος.

1859 4385 2008 4439 tione
2030 4382 2215 4451 coepit,
2258 4396 2322 4435 ea
2346 4395 2567 4450 quoque
2600 4387 2793 4447 suapte
2844 4384 3039 4429 natura
3070 4374 3271 4427 mutari
3312 4387 3441 4442 pos-

1863 4485 2042 4539 sunt;
2085 4471 2338 4526 vicissim
2390 4484 2455 4524 ea
2504 4476 2703 4523 natura
2740 4482 2839 4522 sua
2890 4464 3091 4518 mutari
3136 4469 3437 4531 nequeunt,

1862 4577 2098 4633 quorum
2131 4576 2254 4615 esse
2282 4559 2554 4629 principio
2595 4568 2763 4612 caret.
2800 4556 3048 4620 Quonam
3086 4554 3255 4623 igitur
3278 4552 3439 4605 modo

1864 4670 1965 4708 nos
2000 4669 2066 4708 ex
2100 4651 2425 4707 substantiis
2457 4647 3053 4719 principiiexpertibus
3086 4642 3438 4725 ortisumus?

1788 4738 1828 4792 Β
1862 4745 1922 4800 Si
1964 4746 2109 4801 enim
2155 4759 2232 4799 eae
2261 4744 2396 4797 tales
2431 4751 2581 4803 sunt,
2610 4741 2801 4809 quales
2832 4754 2935 4792 nos
2967 4737 3109 4806 ipsi;
3144 4738 3278 4806 ipsae
3310 4748 3440 4804 quo-

178 4845 294 4899 que
326 4839 452 4885 sunt
479 4832 749 4887 homines.
777 4833 870 4887 Sin
920 4841 1102 4889 autem
1135 4833 1271 4891 tales
1299 4849 1409 4889 non
1443 4845 1591 4900 sunt,
1619 4853 1858 4907 quonam
1888 4846 2048 4910 pacto
2079 4845 2305 4891 mutatae
2331 4835 2499 4891 sunt?
2529 4832 2649 4887 Non
2679 4848 2811 4903 ergo
2881 4847 2950 4887 ex
3024 4828 3283 4901 principii
3342 4841 3440 4882 ex-

181 4921 429 4991 pertibus
484 4923 831 4989 substantiis,
864 4926 957 4980 sed
978 4941 1043 4980 ex
1074 4927 1253 4979 nihilo
1289 4927 1393 4981 orti
1431 4943 1646 4984 sumus.

259 5013 322 5065 Εἰ
351 5013 584 5082 ἄναρχος
620 5015 764 5085 ἀρχὴ
801 5018 893 5069 καὶ
941 5017 1109 5079 ἀΐδιος
1148 5019 1182 5086 ἡ
1226 5016 1322 5088 ὕλη
1356 5020 1449 5071 καὶ
1480 5022 1512 5089 ἡ
1559 5019 1747 5084 κακία,

180 5103 243 5167 ἐξ
277 5103 475 5171 ἑαυτῆς
513 5104 712 5172 ἔχουσα
762 5106 824 5158 τὸ
872 5102 1033 5171 εἶναι,
1068 5107 1163 5160 καὶ
1194 5108 1294 5161 ὃσα
1328 5109 1463 5179 ἔχει,
1500 5111 1750 5163 τουτέστι

178 5194 283 5263 τὴν
334 5196 656 5264 τυραννίδα,
708 5200 802 5250 καὶ
851 5200 949 5270 τὴν
997 5200 1188 5269 ἰσχὺν,
1250 5201 1343 5254 καὶ
1385 5202 1484 5272 τὴν
1531 5203 1752 5266 κακίαν,

180 5284 433 5353 ἄτρεπτα
462 5286 635 5339 ταῦτα
667 5288 797 5352 ἕξει.
831 5290 955 5352 Πῶς
994 5286 1087 5344 οὖν
1120 5292 1148 5345 ὁ
1179 5292 1430 5346 τοσοῦτον
1454 5294 1623 5364 αὐτὴν
1655 5312 1756 5363 φο-

180 5375 396 5444 ϐηθεὶς,
420 5377 559 5431 ὥστε
587 5382 986 5452 παραχωρῆσαι
1019 5384 1183 5454 μέρος
1213 5385 1378 5439 αὐτοῦ
1411 5386 1755 5456 αἰχμάλωτον

182 5468 279 5520 ὑπ’
309 5470 476 5540 αὐτῆς
521 5473 815 5541 γενέσθαι,
851 5477 1096 5546 ἐσχάτως
1147 5478 1321 5549 αὐτῆς
1367 5478 1751 5552 περιγενέσθαι

182 5559 513 5616 δυνήσεται·

1927 5017 1984 5071 Si
2014 5013 2268 5085 principii
2335 5026 2536 5081 expers
2576 5025 2639 5064 ac
2664 5017 2929 5062 mteruum
2985 5005 3322 5076 principium
3352 5012 3438 5059 cst

1854 5108 2080 5163 materia
2114 5112 2166 5159 et
2188 5104 2389 5157 malum
2420 5102 2561 5171 quod
2586 5116 2649 5155 ex
2711 5101 2825 5170 ipsa
2852 5106 3034 5152 ortum
3069 5097 3243 5159 ducit,
3278 5094 3439 5165 quid-

1854 5198 1986 5271 quid
2016 5196 2198 5259 habet,
2222 5196 2324 5248 hoc
2341 5205 2423 5248 est
2446 5192 2818 5260 tyrannidem,
2842 5190 3013 5244 robur
3063 5196 3115 5241 et
3137 5187 3395 5240 malitiam
3417 5202 3442 5250 ;

1864 5293 2001 5356 haec,
2037 5289 2284 5356 inquam,
2318 5286 2504 5340 omnia
2558 5290 2824 5353 perpetua
2856 5289 2911 5334 et
2947 5278 3312 5334 immutabilia
3341 5277 3439 5331 lia-

1864 5386 2037 5441 bebit.
2071 5380 2189 5447 Qua
2222 5380 2386 5451 igitur
2440 5378 2657 5432 ratione
2698 5376 2765 5441 is,
2797 5375 2889 5445 qui
2922 5389 3097 5443 usque
3143 5374 3279 5429 adeo
3313 5387 3434 5427 eam

1863 5472 2168 5547 pertimuit,
2230 5478 2291 5524 ut
2320 5474 2531 5537 partem
2574 5467 2738 5521 etiam
2772 5466 2856 5521 sui
2895 5465 2964 5518 ab
3010 5478 3072 5517 ea
3099 5464 3215 5531 rapi
3240 5459 3440 5532 permi-

1863 5566 2018 5629 serit,
2053 5563 2198 5616 lianc
2242 5561 2307 5614 ad
2335 5568 2640 5615 extremum
2693 5571 2957 5626 superare
2990 5552 3232 5625 poterit?

1458 5685 1689 5740 VARle
1727 5675 2129 5739 LECTIONES.

192 5759 689 5885 auzlmgnclavius
742 5769 898 5827 benc‘
927 5773 1177 5830 emendat
1215 5775 1287 5839 ὡς
1325 5774 1627 5846 περίϐολον.

1743 5785 1765 5813 α
1803 5771 1877 5827 lta
1919 5766 2085 5823 Basil.
2128 5773 2179 5820 ct
2244 5763 2307 5819 ιι.
2366 5763 2591 5821 l.cuncl.
2629 5762 2686 5817 οὗ
2737 5759 2904 5831 κακή,
2967 5765 3154 5816 contra
3206 5770 3433 5813 sensum
