4156 6436
809 398 945 461 1557

1952 403 1993 458 S
2054 400 2365 460 JIMXNIS
2395 397 2813 457 DAMASCENI

3866 380 3977 451 1558

876 508 982 559 68'.
1046 505 1204 558 MAN.
1242 506 1413 559 Eccur
1448 507 1668 569 Deus”,
1703 523 1823 560 cum
1871 516 2166 575 pratnossct
2229 506 2344 557 fore
2373 534 2414 582 Α
2513 516 2517 554 1

2333 522 2414 582 ελ
2513 505 2633 571 ξη⁹⁸.
2672 503 2835 554 ΜΔΝ.
2870 500 2965 551 Διά
2998 499 3049 549 τί
3087 496 3467 565 προγινώσκων
3518 495 3546 543 ὁ
3590 489 3733 547 9:6;
3769 488 3852 536 τῖον
3883 488 3974 539 5.;-

807 594 1131 648 utdiubnlus
1164 610 1227 646 ex
1266 596 1402 647 bono
1431 595 1483 646 in
1519 596 1716 647 malum
1749 603 2069 656 mutaretur,
2096 595 2344 661 factaan

805 683 931 734 boni
968 683 1201 749 jactura,
1256 682 1380 733 boui
1440 700 1649 747 exsors,
1681 686 1791 735 sive
1843 682 2018 735 malus
2067 684 2339 745 evaderet,

805 772 948 823 hunc
983 783 1154 823 tamen
1189 772 1429 822 creavit?
1459 772 1661 823 URTll.
1709 771 1762 822 Si
1804 786 1924 823 cum
1953 778 2342 839 prmuoscebat,

805 868 949 911 certe
996 866 1051 908 ut
1114 860 1337 909 omnino
1383 859 1623 910 futurum
1685 860 2075 926 pra-noscebat.
2133 858 2342 911 Etenim

806 947 921 1006 ejus
982 945 1125 1011 quod
1181 948 1401 997 omnino
1435 946 1672 995 futurum
1723 960 1828 996 non
1881 946 1971 1007 sit,
2010 946 2341 1013 praescieutia

806 1048 909 1083 nun
968 1041 1073 1090 est,
1106 1031 1197 1083 sed
1235 1034 1504 1098 ignoratio
1547 1040 1597 1082 et
1628 1047 1800 1084 error.
1850 1031 2007 1084 MAN.
2070 1031 2343 1085 Vulcusnc

807 1117 945 1170 Deus
967 1134 1085 1170 cum
1121 1118 1286 1169 fecit?
1317 1118 1523 1170 ORTll.
1559 1118 1714 1171 Certe
1745 1120 1953 1170 volens.
1981 1118 2138 1170 MAN.
2165 1118 2343 1182 Quare

806 1220 948 1265 vero,
984 1220 1102 1255 cum
1156 1206 1329 1258 bonus
1360 1208 1427 1258 sit
1454 1205 1612 1263 Deus,
1650 1206 1827 1257 facere
1862 1208 2010 1256 illum
2064 1207 2339 1273 \‘oluitqui

805 1292 977 1343 malus
1011 1291 1222 1345 futurus
1243 1293 1424 1345 esset?
1455 1292 1659 1346 ORTII.
1690 1293 1826 1346 Deus
1857 1308 1979 1345 eum
2030 1293 2229 1346 bonum
2268 1294 2343 1346 fe-

803 1378 877 1429 cit
908 1393 919 1427 :
952 1395 1134 1432 verum
1189 1382 1305 1448 ipse
1352 1392 1541 1447 sponte
1574 1391 1832 1443 mutatus,
1863 1381 2065 1433 bonum
2124 1382 2339 1447 abjccit,

803 1467 1000 1532 quippe
1059 1470 1149 1535 qui
1212 1469 1364 1521 liberi
1420 1469 1630 1520 arbitrii
1683 1482 1909 1536 compos
1959 1479 2173 1523 creatus
2201 1478 2338 1523 erat.

805 1550 968 1605 MAN.
1003 1553 1266 1616 Quidnam
1306 1565 1483 1607 autem
1529 1570 1708 1607 causa:
1738 1564 1840 1617 est,
1868 1570 1966 1609 cur
1994 1570 2114 1607 eum
2137 1556 2342 1609 arbitrii

803 1644 1045 1696 libertate
1078 1644 1357 1712 prreditum
1392 1659 1454 1699 ac
1486 1646 1798 1698 mutabilem
1835 1645 2107 1700 eﬂ'ecerit?
2131 1645 2341 1700 08TH.

801 1728 1074 1795 Quidquid
1129 1740 1369 1785 creatum
1394 1741 1499 1795 est,
1547 1748 1576 1785 a
1605 1740 1799 1784 natura
1842 1733 2029 1796 habet,
2055 1742 2117 1786 ut
2140 1734 2341 1786 mutari

2449 591 2620 649 ϐολον,
2654 591 2733 639 ὅτι
2767 588 2960 656 ἤμελλε
3007 585 3294 653 τρέπεσθαι
3344 586 3405 633 ἐκ
3458 578 3553 631 τοῦ
3584 576 3797 641 ἀγαθοῦ
3834 578 3900 635 εἰς
3929 578 3977 624 τὸ

2449 678 2635 738 κακὸν,
2673 678 2766 729 καὶ
2795 674 3183 727 ἀποϐάλλεσθαι
3214 674 3272 721 τὸ
3296 669 3513 735 ἀγαθὸν,
3554 666 3653 716 καί
3680 666 3737 713 ἐν
3767 664 3977 727 ἀναπαρ-

2448 766 2533 831 ξίᾳ
2565 765 2659 815 τοῦ
2714 764 2915 829 ἀγαθοῦ
2955 759 3108 822 εἶναι,
3153 764 3287 827 ὅπερ
3343 759 3458 809 ἐστὶ
3498 755 3676 807 λαχὸν
3702 794 3716 811 ,
3750 754 3975 816 Eminus

2445 849 2644 910 αὖτόν;
2693 850 2842 900 ΟΡΘ.
2889 849 2953 899 ΕΞ
2989 847 3387 915 πρπγίνωσκεν
3416 843 3575 895 αὑτὸν
3600 879 3614 901 ,
3662 840 3743 897 ὡς
3790 839 3975 896 παντως

2445 942 2702 1007 ἐσόμενον
2734 938 3129 1007 προεγίνωσιεν
3158 937 3347 987 αὐτόν·
3384 936 3417 1001 ἡ
3456 934 3555 997 γὰρ
3593 930 3671 996 μὴ
3705 928 3897 985 παντὶ(
3917 928 3977 985 ὡς

2444 1030 2708 1095 ἐσομένου
2738 1030 2763 1066 δ
2809 1030 3143 1095 πρόγνωσις,
3190 1026 3249 1075 o6
3289 1022 3594 1093 πρόγνωτίς
3645 1022 3800 1068 ἐστιν
3828 1054 3842 1075 ,
3880 1016 3976 1063 ἀλλ’

2445 1115 2685 1180 ἀγνωσία
2738 1114 2831 1164 καὶ
2866 1113 3055 1177 πλάνη.
3098 1111 3264 1162 MAN.
3313 1110 3490 1167 Θέλῳν
3530 1105 3799 1169 ἐποξῃσεν
3839 1100 3975 1149 ait?»

2441 1206 2469 1254 6
2498 1203 2627 1263 Θεός
2653 1219 2667 1264 ;
2699 1203 2846 1253 ΟΡΘ.
2876 1201 2981 1252 Ναὶ
3005 1200 3186 1249 θέλων.
3229 1197 3397 1249 MAN.
3428 1196 3536 1246 Καὶ
3568 1194 3660 1243 διὰ
3695 1192 3747 1240 τί
3771 1189 3974 1254 ἠθέλησε

2443 1290 2667 1355 ποιῆσαι
2722 1289 2922 1349 αὑτὸν,
2956 1286 3152 1351 ἀγαθὸς
3203 1285 3311 1345 ὢν,
3356 1283 3447 1333 τιν
3493 1281 3669 1332 κακὸν
3704 1280 3973 1343 ὲσόμενον;

2442 1380 2591 1431 ΟΡΘ.
2636 1379 2918 1445 Ἐποίησεν
2942 1378 3098 1428 αὑτὸν
3121 1376 3293 1434 ὀΘεδς
3327 1374 3490 1424 καλόν
3509 1389 3524 1402 ·
3558 1371 3729 1429 αὐτὸς
3758 1368 3812 1417 δὲ
3840 1368 3975 1415 ἔπιον-

2446 1469 2574 1529 σίως
2604 1469 2811 1536 ἐτράπη
2832 1506 2846 1527 ,
2881 1469 2973 1518 καὶ
3010 1465 3307 1519 ἁττεϐἀλετο
3338 1464 3396 1512 τὸ
3433 1460 3637 1527 ἀγαθὸν
3662 1498 3679 1520 ,
3739 1458 3821 1507 ὅτι
3864 1455 3974 1504 αὓτ-

2442 1553 2682 1615 εξούσιος
2731 1553 2960 1617 ἐγένετο.
3011 1552 3178 1603 MAN.
3213 1550 3323 1599 Καὶ
3350 1548 3436 1598 διὰ
3466 1547 3517 1596 τί
3548 1546 3814 1612 ἐποίησεν
3840 1542 3975 1591 αὐτὸν

2445 1639 2786 1701 αὐτεξούσιον
2818 1639 2909 1690 καὶ
2938 1638 3164 1705 τρεπτὸν
3191 1654 3203 1699 ;
3249 1636 3396 1687 ΟΡΘ.
3427 1632 3675 1701 Τρεπτδν
3719 1631 3819 1697 μὲν
3854 1628 3977 1679 inv

2447 1731 2649 1798 κτίσμα
2679 1731 2815 1782 κατά
2846 1729 3035 1797 φύσιν·
3073 1721 3148 1780 ὧν
3176 1728 3285 1795 γὰρ
3315 1728 3347 1794 ἡ
3391 1726 3609 1791 γένεσις
3642 1722 3756 1773 ἀπὸ
3793 1717 3980 1785 τροπῆς

802 1817 997 1884 possit.
1026 1817 1269 1881 Quorum
1324 1821 1467 1873 enim
1502 1829 1657 1873 ortus
1685 1834 1714 1870 a
1747 1821 2049 1873 mutatione
2080 1824 2346 1889 cmpit,ea
2380 1828 2419 1881 Β

2337 1839 2346 1874 ι
2380 1828 2419 1881 Β
2448 1821 2669 1888 ἧρξατο,
2693 1820 2863 1871 ταῦτα
2902 1819 3114 1883 ἀνάγκη
3158 1816 3297 1867 κατὰ
3324 1814 3483 1882 φύσιν
3510 1811 3726 1881 τρεπτά
3752 1806 3889 1861 εἶναι
3911 1823 3925 1836 ·
3951 1805 3978 1873 ἢ

798 1920 1012 1975 quoque
1043 1920 1231 1975 suapte
1252 1918 1440 1962 natura
1494 1910 1769 1963 mutabilia
1825 1925 1945 1965 esse
1989 1911 2348 1977 oportet.An-

800 2011 907 2048 non
934 1999 1072 2049 enirn
1099 1998 1141 2028 ²⁶
1172 2002 1396 2051 mutatio
1424 2006 1525 2063 est,
1554 2016 1676 2054 cum
1707 2000 1836 2069 quid
1873 2001 1939 2053 ab
1967 2014 2031 2053 eo
2067 2000 2209 2068 quod
2241 2014 2347 2052 non

799 2096 937 2148 erat,
990 2088 1053 2139 ad
1097 2087 1196 2141 hoc
1257 2096 1311 2140 ut
1340 2090 1411 2142 sit
1466 2089 1966 2157 producitur?Quo
2001 2088 2060 2142 ﬁt
2111 2097 2169 2141 ut
2209 2087 2348 2144 Deus

801 2174 952 2227 solus
981 2183 1175 2229 natura
1229 2177 1582 2233 immutabilis
1612 2180 1705 2242 sit,
1765 2186 1951 2247 utpote
1993 2179 2271 2232 increatus
2295 2187 2348 2232 et

795 2271 1055 2318 aeternus.
1086 2262 1157 2317 Ex
1186 2267 1349 2319 rebus
1377 2274 1556 2320 autem
1588 2268 1848 2330 conditis,
1880 2283 2072 2323 omnes
2101 2269 2206 2323 illa:
2229 2282 2349 2336 qua

800 2356 1093 2411 rationales
1130 2366 1282 2419 sunt.
1336 2368 1529 2427 sponte
1585 2368 1886 2423 mutantur,
1923 2375 2021 2427 pro
2053 2359 2348 2414 voluntatis

800 2447 1028 2498 arbitrio
1084 2447 1347 2514 :reliquc
1397 2457 1602 2510 autem,
1627 2449 1836 2502 ratione
1868 2449 2136 2518 corporis.

870 2533 957 2585 69.
997 2536 1063 2586 At
1090 2548 1237 2597 vero,
1272 2534 1477 2588 idcirco
1509 2536 1741 2589 liberum
1762 2552 1887 2591 eum
1914 2538 2178 2604 condidit,
2222 2540 2346 2609 quia

799 2622 1059 2692 quidquid
1113 2625 1325 2679 ratione
1377 2626 1569 2687 utitur,
1610 2627 1697 2679 sui
1748 2627 1891 2694 juris
1940 2637 2043 2682 est.
2075 2629 2345 2693 Quorsum

800 2714 945 2765 enim
998 2713 1205 2766 ratione
1256 2722 1461 2779 utatur,
1492 2716 1537 2769 si
1579 2717 1791 2770 arbitrii
1841 2718 2095 2773 libertate
2127 2720 2349 2773 careat?

802 2816 926 2853 nam
966 2802 1109 2869 quod
1145 2810 1242 2855 aut
1270 2803 1345 2866 vi,
1379 2812 1472 2856 aut
1513 2813 1724 2859 natura:
1762 2808 2097 2861 necessitate
2127 2808 2207 2868 ﬁt,
2241 2810 2351 2861 vir-

804 2890 940 2943 tutis
989 2906 1184 2945 nomen
1224 2908 1568 2963 nequaquam
1597 2894 1827 2948 obtinet.
1859 2894 1933 2947 Ex
1959 2911 2067 2964 quo
2119 2896 2350 2951 edicitur

803 2988 864 3032 ut
900 2995 969 3034 ne
1003 2981 1173 3035 virtus
1210 2983 1431 3049 quidem
1483 2984 1657 3038 brutis
1700 2986 1849 3039 insit.
1878 2985 2049 3039 Porro
2080 2985 2348 3040 bonorum

2448 1914 2507 1964 οὐ
2530 1912 2725 1981 τροπὴ,
2743 1914 2775 1979 ἡ
2801 1912 2863 1963 ἐκ
2886 1910 2978 1961 τοῦ
3006 1910 3077 1977 μὴ
3105 1909 3253 1968 ὄντος
3287 1909 3366 1967 εἰς
3394 1906 3453 1957 τὸ
3480 1900 3623 1956 εἶναι
3653 1900 3978 1968 «apum;

2450 2004 2624 2055 Μόνον
2651 1998 2743 2054 οὖν
2789 2002 2945 2069 φύσει
2980 2002 3245 2067 ἄτρεπτον
3270 1999 3330 2050 τὸ
3364 1999 3516 2049 Θείον
3541 2036 3557 2059 ,
3603 1995 3681 2057 ὡς
3724 1995 3979 2053 ᾶκτιστον,

2448 2096 2541 2149 καὶ
2572 2096 2658 2146 ἀεὶ
2695 2094 2771 2145 6v.
2796 2092 2876 2144 Τά
2912 2092 2968 2143 δὲ
2997 2091 3289 2158 κτίσματα,
3314 2090 3411 2141 ὅσα
3442 2088 3543 2157 μὲν
3568 2085 3788 2151 λογικὰ,
3821 2082 3981 2135 ἔθελό-

2446 2200 2672 2255 τρεπτα,
2700 2182 2779 2251 τῷ
2801 2182 3063 2250 θελήματι
3082 2178 3390 2249 τρεπόμενα
3412 2192 3427 2207 ⁸
3452 2178 3524 2229 τὰ
3545 2176 3605 2227 δὲ
3636 2173 3826 2239 λοιπὰ,
3857 2170 3981 2223 κατά

2448 2291 2624 2344 σωμα.

2520 2533 2615 2596 ἔθ’.
2638 2527 2989 2591 Δῦτεξούσιον
3012 2525 3089 2588 δὲ,
3119 2525 3147 2577 ὅ
3166 2540 3219 2574 τι
3250 2522 3322 2591 μὴ
3361 2519 3418 2583 ἐξ
3448 2519 3719 2584 ἀνάγκηςο
3754 2514 3862 2566 πᾶν
3886 2513 3980 2579 γὰρ

2446 2623 2695 2687 λογικὸν,
2731 2615 3095 2681 αὐτεξούσιον.
3150 2614 3242 2673 Εἰς
3270 2610 3323 2662 τί
3356 2610 3461 2677 γὰρ
3495 2607 3575 2675 τῷ
3623 2603 3831 2671 λογικῷ
3865 2602 3984 2671 χρή-

2449 2727 2609 2778 σηται
2633 2749 2647 2772 ,
2684 2708 2757 2776 μὴ
2786 2706 2859 2757 ὢν
2888 2701 3260 2765 αὑτεξοὺσιος;
3309 2698 3369 2750 τδ
3408 2696 3516 2766 γάρ
3552 2695 3644 2763 βίᾳ
3693 2694 3980 2759 γινόμενον,

2447 2801 2479 2869 ἢ
2504 2800 2717 2867 ἀνάγκῃ
2748 2797 2981 2865 φύσεως,
3007 2794 3103 2844 οὐκ
3125 2792 3288 2859 ἀρετή
3315 2805 3328 2817 ·
3360 2788 3479 2839 ὅθεν
3507 2786 3629 2838 οὐδὲ
3658 2784 3775 2853 ἔχει
3802 2780 3983 2850 ἀρετὴν

2446 2891 2513 2942 τὰ
2545 2890 2712 2953 ἄλογα
2735 2903 2749 2917 ⁶
2784 2885 2844 2938 ἰδ
2889 2885 2976 2937 διά
3008 2897 3165 2934 τινων
3206 2878 3473 2949 ρᾳθυμίαν
3517 2878 3729 2927 ἀνελεῖν
3767 2874 3868 2939 τὴν
3892 2870 3983 2922 τῶν

2448 2978 2665 3046 ἀγαθῶν
2703 2974 2923 3047 ἀρετὴν,
2950 2972 3009 3024 οὐ
3034 2969 3261 3022 δικαίου.
3291 2966 3462 3021 MAN.
3491 2964 3724 3030 Ὠφελεν
3761 2961 3855 3013 οὖν
3875 2957 3982 3047 τοὺς

802 3066 1059 3122 virtutem
1087 3070 1157 3123 ob
1205 3072 1591 3125 nonnullorum
1630 3072 1877 3126 inertiam
1907 3073 2097 3128 tollere
2132 3089 2345 3141 aequum
2386 3133 2416 3141 _

2344 3098 2345 3127 ι
2386 3133 2416 3141 _
2454 3045 2755 3138 μέλλοντας
2796 3061 3077 3128 ἐναρέτους
3111 3056 3325 3108 ἔσεσθαι
3376 3055 3569 3141 μόνους
3600 3050 3870 3141 nutriant.-.
3910 3045 3985 3096 ῐνα

804 3172 911 3211 non
946 3166 1047 3211 est.
1082 3158 1244 3211 MAN.
1284 3159 1450 3229 Igitur
1479 3176 1571 3215 eos
1594 3169 1808 3213 tantum
1830 3133 2348 3227 condere.deb-ebat,
2377 3133 2418 3188 C

2341 3205 2348 3227 ,
2377 3133 2418 3188 C
2454 3133 2611 3226 μόνον
2638 3150 2754 3224 ᾖτδ
2788 3149 2989 3215 ἀγαθὸν
3012 3188 3025 3209 ,
3056 3146 3149 3197 καὶ
3186 3146 3321 3213 μόνη
3358 3145 3391 3211 ἡ
3424 3140 3589 3209 ἀρετὴ
3624 3136 3982 3229 ττολιτειὶητιι.

802 3246 897 3314 qui
928 3247 1078 3314 probi
1115 3247 1291 3300 l‘uturi
1354 3259 1558 3309 essent,
1616 3259 1673 3301 ut
1710 3250 1909 3304 bonum
1942 3252 2120 3304 solum
2183 3262 2350 3319 esset,

802 3332 1027 3400 solaque
1068 3335 1239 3387 virtus
1269 3335 1494 3403 vigeret.
1552 3334 1759 3389 ORTH.
1803 3336 2111 3392 Perfectum
2148 3339 2350 3393 bonum

803 3419 948 3474 Deus
983 3421 1131 3473 solus
1149 3430 1229 3474 est
1253 3461 1267 3484 ,
1302 3430 1632 3489 cunctaque,
1663 3422 1705 3475 si
1735 3437 1859 3475 cum
1884 3438 1950 3475 eo
1975 3422 2349 3487 conferantur,

805 3506 1121 3574 imperfecta
1150 3520 1298 3570 sunt,
1349 3520 1400 3563 et
1430 3520 1655 3564 eatenus
1708 3509 1991 3572 duntaxat,
2032 3518 2084 3564 et
2123 3519 2269 3573 sunt,
2297 3518 2351 3564 et

802 3595 1059 3647 dicuntur
1074 3596 1236 3667 458
1250 3598 1410 3658 bona,
1430 3607 1697 3665 quatenus
1728 3599 1903 3666 ipsum
1934 3601 2349 3668 participant,et

803 3698 868 3736 cx
896 3692 1079 3736 mutua
1107 3699 1293 3736 eorum
1328 3687 1470 3739 inter
1495 3703 1553 3741 se
1582 3688 2012 3755 comparatione.
2041 3685 2170 3740 Nam
2204 3689 2346 3756 quod

805 3773 933 3825 boni
962 3776 1129 3841 magis
1147 3784 1230 3827 est
1254 3777 1547 3843 particeps,
1578 3776 1749 3843 magis
1779 3792 1996 3843 quoque
2024 3777 2223 3829 bonum
2244 3785 2345 3841 est,

806 3872 857 3915 et
878 3863 1177 3929 dicitur.Qu
1190 3866 1255 3917 od
1275 3876 1449 3919 autem
1484 3867 1677 3928 minus,
1703 3866 1883 3920 minus
1897 3867 2055 3919 etiam
2074 3877 2175 3920 cst.
2198 3866 2348 3931 Quod

806 3965 970 4020 porro
1010 3956 1154 4005 nulla
1192 3955 1397 4008 ratione
1432 3956 1630 4007 bonum
1660 3964 1761 4015 est,
1798 3955 1847 4007 id
1898 3970 1964 4008 ne
1992 3955 2211 4022 quidem
2240 3963 2343 4010 est.

809 4041 961 4106 Quod
1023 4043 1255 4111 denique
1310 4044 1458 4095 nullo
1519 4043 1678 4094 modo
1719 4043 1915 4095 bonum
1966 4051 2068 4106 est,
2110 4059 2335 4109 prorsus

2448 3224 2597 3297 0P8.
2630 3240 2846 3293 Τέλειον
2877 3236 3076 3304 ἀγαθὸν
3102 3236 3129 3286 6
3155 3234 3284 3295 Θεὸς
3316 3233 3471 3302 μόνος
3490 3247 3504 3261 ·
3535 3232 3603 3297 τῇ
3652 3228 3710 3279 δὲ
3738 3226 3878 3294 πρὸς
3907 3224 3986 3275 αὖ·

2446 3334 2535 3385 τὸν
2565 3330 2845 3400 συγκρίσει
2888 3326 3062 3379 πάντα
3097 3324 3257 3392 ἀτελῆ
3285 3362 3301 3385 ,
3344 3324 3485 3374 κατὰ
3512 3321 3672 3372 τοῦτο
3703 3320 3840 3372 ὄντα
3864 3360 3879 3381 ,
3904 3316 3985 3367 καὶ

2447 3424 2712 3491 λεγόμενα
2752 3419 2951 3487 ἀγαθὰ,
2987 3417 3105 3472 καθ’
3156 3417 3277 3468 ὅσον
3322 3413 3486 3466 αὑτοῦ
3534 3414 3835 3479 μετέχουσι
3862 3450 3877 3470 ,
3906 3407 3989 3461 καὶ

2455 3515 2521 3581 τῇ
2558 3509 2692 3578 πρὸς
2735 3506 2933 3575 ἄλληλα
2983 3502 3280 3570 συγκρίσει.
3314 3501 3488 3569 Ὀπερ
3526 3499 3633 3566 γὰρ
3673 3498 3842 3548 πλέον
3880 3510 3987 3563 μετ-

2458 3601 2568 3668 έχει
2602 3596 2694 3668 τοῦ
2733 3595 2932 3662 ἀγαθοῦ
2961 3634 2975 3659 ,
3006 3593 3161 3644 πλέον
3194 3592 3306 3643 ἔστι
3352 3607 3409 3640 τε
3445 3588 3536 3639 καὶ
3578 3586 3804 3651 λέγεται
3825 3602 3837 3613 ·
3868 3586 3989 3650 ὅπερ

2455 3690 2509 3741 δὲ
2536 3668 2773 3745 ἔλαττον,
2800 3684 3035 3741 ιλαττον,
3078 3682 3209 3748 ὅπερ
3237 3677 3462 3736 οὖδόλως
3490 3674 3713 3740 ἀγαθὸν,
3750 3673 3988 3730 οὖδόὶως.

2457 3778 2529 3830 Τὸ
2567 3777 2622 3827 δὲ
2656 3774 2881 3833 οὐδόλως
2914 3769 3112 3836 ἀγαθὸν
3140 3808 3155 3831 ,
3186 3764 3459 3825 παντελῶς
3499 3763 3666 3815 κακόν
3690 3777 3706 3791 ·
3752 3762 3850 3812 καὶ
3880 3760 3991 3811 αὐτὸ

2456 3869 2512 3919 δὲ
2543 3866 2603 3917 τὸ
2636 3860 2774 3916 εἶναι
2799 3901 2813 3923 ,
2870 3860 3067 3926 ἀγαθόν
3093 3874 3107 3888 ·
3158 3858 3221 3909 ὲκ
3257 3855 3390 3908 Θεοῦ
3430 3854 3533 3921 γὰρ
3578 3851 3689 3902 τοῦ¹
3710 3848 3991 3917 ἀγαθοῦτδ

2458 3952 2594 4008 εἶναι
2613 3970 2627 3985 ·
2661 3954 2798 4006 ὥστε
2830 3951 2903 4004 ὣν
2930 3953 2957 4006 ό
2984 3948 3240 4009 διάϐολος,
3272 3947 3389 3999 κατ’
3412 3944 3541 3996 αὐτὸ
3566 3943 3627 3994 τὸ
3666 3938 3839 4003 εἶναι,
3870 3943 3991 4005 ἀγα·

2456 4045 2545 4105 θός
2572 4045 2708 4094 ἐστι.

810 4134 1008 4186 malum
1054 4144 1157 4187 est.
1201 4135 1371 4202 Atque
1403 4134 1576 4202 ipsum
1609 4134 1709 4186 hoc
1735 4148 1875 4197 esse,
1905 4134 2102 4187 bonum
2134 4145 2236 4189 est.
2265 4134 2343 4205 _Ex
2388 4136 2491 4189 Deo
2512 4134 2708 4204 quippe
2730 4129 3022 4199 qui‘bonus
3045 4134 3147 4191 est,
3201 4122 3583 4193 proﬁciscitur.
3636 4119 3990 4184 Quamobrem

810 4236 931 4275 cum
968 4223 1213 4276 diabolus
1237 4226 1324 4285 sit,
1357 4224 1457 4275 hac
1484 4222 1694 4276 ratione
1724 4224 1866 4293 quod
1907 4232 2011 4285 est,
2042 4224 2214 4277 bonus
2242 4233 2345 4278 est.

884 4310 968 4365 70.
1001 4312 1163 4366 MAN.
1212 4313 1361 4378 Quid
1392 4328 1571 4368 causa:
1597 4323 1698 4375 est,
1726 4286 1825 4365 cur
1873 4313 2133 4367 Dominus
2167 4314 2311 4368 dicat
2341 4333 2354 4368 :
2391 4318 2432 4371 D

2353 4359 2354 4364 η
2391 4318 2432 4371 D
2528 4306 2588 4359 o'.
2624 4304 2795 4358 MAN.
2829 4302 2924 4354 Διά
2952 4301 3003 4353 τι
3042 4299 3186 4364 λέγει
3230 4300 3258 4349 6
3290 4296 3509 4363 Κύριος,
3548 4312 3566 4343 ι
3599 4291 3785 4345 Καλὸν
3832 4286 3899 4358 ἦν
3928 4288 3994 4355 τῷ

819 4420 837 4451 ι
863 4399 1066 4453 Bonum
1096 4412 1207 4454 erat
1241 4403 1441 4455 homini
1475 4404 1574 4463 illi,
1598 4405 1641 4456 si
1674 4418 1776 4455 non
1799 4402 1987 4455 fuisset
2012 4412 2171 4456 natus
2198 4404 2359 4456 homo

816 4493 902 4546 ille
924 4494 1001 4543 "1'
1040 4491 1245 4546 ORTH.
1306 4493 1569 4556 Quoniam
1617 4494 1757 4546 bono
1805 4492 2018 4561 quidem
2071 4493 2210 4546 bona
2232 4496 2360 4547 dare

815 4585 1105 4637 convenit:
1151 4593 1234 4637 ast
1292 4584 1579 4652 accipienti
1625 4584 1875 4651 probrum
1921 4593 1973 4635 et
1998 4583 2228 4637 dedecus
2255 4594 2354 4647 est,

818 4684 1033 4740 accepta
1071 4674 1208 4725 dona
1244 4675 1462 4725 minime
1489 4687 1745 4725 servare:
1774 4672 1922 4739 quod
1954 4686 2059 4723 non
2087 4671 2355 4735 donantis,

818 4762 911 4815 sed
948 4763 1087 4831 illius
1118 4762 1275 4829 eulp—a
1318 4768 1371 4814 ct
1416 4760 1661 4813 socordia
1687 4759 1900 4813 accnlit.
1934 4758 2074 4812 Deus
2106 4770 2278 4811 autem
2316 4760 2358 4789 '°

820 4853 944 4917 quia
970 4851 1139 4902 bonus
1170 4858 1272 4911 est,
1296 4850 1432 4902 bona
1459 4864 1565 4901 non
1587 4846 1765 4911 largiri
1790 4861 1895 4898 non
1928 4854 2122 4913 potest,
2148 4846 2249 4898 hoc
2278 4852 2361 4899 est

822 4953 927 4989 non
976 4938 1087 4989 vult
1140 4952 1245 4991 non
1308 4937 1526 5003 la-giri;
1562 4936 1651 5004 qui
1686 4948 1812 4986 vero
1853 4936 2097 5002 accipere
2126 4942 2358 4995 recusat,

824 5031 938 5096 ipse
989 5028 1088 5081 sibi
1142 5029 1521 5081 detrimentum
1579 5024 1830 5085 accersit,
1857 5023 1981 5075 dum
2006 5024 2174 5077 satius
2213 5023 2361 5075 ducit

825 5130 932 5169 non
993 5116 1260 5183 accipere,
1310 5130 1473 5184 quam
1526 5115 1791 5181 accipere.
1823 5110 2091 5175 Quocirca
2144 5124 2355 5179 aequum

2464 4395 2731 4465 ἀνθρώπῳ
2762 4393 2969 4457 ἐκείνῳ,
2999 4390 3044 4441 εἰ
3068 4389 3165 4439 οὐκ
3190 4385 3445 4454 ἐγεννήθη
3482 4387 3509 4435 6
3544 4382 3839 4448 ἄνθρωπος
3870 4380 3993 4431 ἐκεῖ·

2464 4499 2586 4546 νοςς
2622 4502 2639 4533 r
2678 4480 2826 4533 0P6.
2866 4477 3077 4544 Ἐπειδὴ
3109 4473 3185 4542 τῷ
3232 4474 3327 4542 μὲν
3353 4471 3539 4539 ἀγαθῷ
3577 4469 3804 4538 πρέπει,
3833 4469 3896 4519 τὸ
3924 4468 3989 4517 δι-

2462 4577 2607 4627 δόναι
2654 4572 2721 4622 τὰ
2766 4568 2941 4635 ἀγαθά
2966 4605 2980 4629 ,
3032 4565 3106 4633 τῷ
3158 4564 3214 4615 δὲ
3246 4562 3570 4630 λαμϐάνοντι
3597 4598 3611 4620 ,
3643 4559 3878 4624 αἰσχύνη
3913 4554 3992 4607 καὶ

2463 4663 2683 4721 ϐνειδος,
2710 4658 2782 4710 τὸ·
2799 4658 2873 4725 μὴ
2903 4654 3149 4723 φυλάξαι,
3176 4653 3209 4704 ἃ
3242 4650 3427 4702 ἔλαϐεν
3461 4648 3655 4714 ἀγαθὰ,
3702 4647 3766 4697 οὐ
3803 4646 3891 4697 διὰ
3917 4644 3993 4695 τὸν

2463 4749 2720 4807 διδοῦντα,
2752 4745 2883 4797 ἀλλὰ
2913 4742 2977 4794 δι’
3004 4741 3211 4803 ἑαυτὸν,
3240 4740 3332 4790 καὶ
3358 4738 3452 4805 τὴν
3481 4734 3672 4787 ἑαυτοῦ
3706 4735 3990 4801 ρᾳθυμίαν.

2463 4840 2571 4890 Καὶ
2597 4838 2624 4887 ὁ
2646 4836 2776 4896 Θεδς
2801 4834 2857 4886 οὐ
2887 4832 3104 4884 δύναται
3136 4831 3208 4897 μὴ
3240 4829 3498 4896 παρέχειν
3537 4825 3602 4876 τὰ
3631 4825 3838 4889 ἀγαθὰ,
3874 4825 3991 4887 ἀγα-

2466 4926 2555 4987 θὸς
2588 4923 2683 4981 ὢν,
2708 4921 2979 4972 τουτέστιν
3000 4910 3079 4969 ὀὐ
3121 4917 3300 4967 θέλει·
3334 4917 3367 4966 ὁ·
3390 4914 3445 4965 δὲ
3481 4912 3553 4980 μὴ
3579 4911 3748 4962 θέλων
3794 4910 3989 4963 λαϐεῖν,

2466 5015 2624 5074 αὐτὸς
2654 5009 2841 5064 ἑαυτοῦ
2862 5020 2883 5045 ε
2913 5007 3079 5067 αἴτιος
3106 5044 3121 5067 ,
3154 5002 3324 5071 ἑαυτῷ
3352 5002 3413 5052 τὸ
3442 5002 3516 5068 μὴ
3543 4999 3723 5050 λαϐεῖν
3755 5002 3992 5065 κρεῖττον

2463 5104 2631 5157 ποιῶν
2657 5101 2749 5153 τοῦ
2779 5098 2978 5150 λαϐεῖν.
3012 5095 3083 5147 Οὐ
3116 5093 3313 5145 δίκαιον
3346 5084 3436 5141 οὗν
3464 5126 3478 5152 ,
3509 5088 3626 5139 οὐδὲ
3660 5086 3824 5137 καλὸν
3847 5124 3863 5147 ,
3915 5085 3989 5135 διὰ

897 5289 940 5321 ⁸⁷
976 5287 1090 5342 Lib.
1138 5305 1208 5356 tv,
1252 5290 1324 5345 De
1356 5290 1476 5359 ﬁde,
1524 5303 1642 5357 cap.
1672 5289 1759 5353 2|,
1804 5287 1892 5339 29..
1973 5287 2015 5318 "
2046 5284 2161 5339 Lib.
2202 5298 2235 5337 ll
2268 5282 2342 5335 Dc
2364 5279 2486 5348 fide,
2514 5293 2538 5331 c

2364 5279 2486 5348 ﬁde,
2514 5292 2631 5346 cap.
2658 5276 2749 5328 ’27.
2851 5274 2894 5304 ’³
2924 5270 3107 5323 Mattb.
3142 5284 3285 5321 sxw.
3310 5267 3402 5321 54.
3450 5267 3492 5297 ³ο
3524 5264 3640 5317 Lib.
3673 5279 3744 5325 tv,
3781 5261 3988 5331 Deﬁdc,

830 5371 942 5429 cap.
980 5359 1064 5412 9.2.

2107 5496 2335 5551 VARI/ﬁ
2376 5488 2767 5548 LECTIONES.

906 5624 937 5669 ὃ
969 5624 1102 5680 Ειιίι,
1134 5621 1344 5683 παντός.
1378 5618 1508 5688 Reg.
1544 5615 1775 5679 πάντως,
1815 5614 1965 5687 longe
1998 5610 2205 5666 melius.

2284 5621 2304 5647 ε
2345 5604 2693 5662 Lcunclavius
2725 5598 2970 5657 emendat
3000 5594 3187 5663 ἑαυτῷ.
