4156 6436
211 452 340 514 Ιῦϐθ

1188 453 1565 515 [ὶΙᾹΙΩΟΗδ
1590 452 1732 514 CON
1738 452 1781 511 Τ
1797 453 1898 511 ΠΛ
1943 453 2097 514 ΜΛΝ
2112 453 2419 515 [CIL-1303.

3311 457 3446 522 1570

199 564 260 615 τὸ
290 561 363 632 μὴ
405 560 580 613 θέλειν
610 558 800 613 τοῦτον
839 560 1021 614 λαϐεῖν
1043 602 1057 626 ,
1086 561 1394 631 κωλυθῆναι
1434 564 1524 616 τὸν
1570 562 1765 631 ἀγαθὸν

1876 577 1982 615 non
2018 572 2121 626 est,
2147 578 2247 617 nec
2273 562 2498 630 bonum,
2532 563 2602 618 ob
2650 578 2770 618 eam
2798 578 3040 629 causam,
3072 566 3199 636 quia
3238 566 3325 622 hic
3362 583 3449 622 ac-

197 654 290 707 τοῦ
321 648 378 706 εὖ
425 657 599 706 ποιεῖν
620 693 634 716 ,
690 654 785 705 καὶ
814 652 1013 706 διδόναι
1043 654 1112 707 τὰ
1142 654 1342 723 ἀγαθά.
1392 655 1546 708 Οὕτω
1573 655 1680 724 γὰρ
1708 653 1773 707 ἂν

195 749 227 818 ἡ
266 745 433 799 κακία
487 747 642 798 ὲνίκα
698 746 759 797 τὸ
811 745 1036 813 ἀγαθὸν,
1088 748 1137 798 εί
1163 748 1190 797 6
1221 746 1355 810 Θεὸς
1384 747 1679 816 ἀγαθότητι
1710 747 1773 799 ὲκ

193 840 290 892 τοῦ
325 838 399 909 μὴ
437 838 593 901 ὄντος
640 840 717 901 εἰς
777 839 841 890 τὸ
898 834 1037 890 εἶναι
1088 839 1330 908 παράγει
1357 856 1369 868 ο
1406 840 1466 891 τὸ
1499 839 1555 891 δὲ
1605 839 1771 892 κακὸν

192 930 439 993 ἔσεσθαι,
484 930 543 997 ἐξ
574 929 779 998 ἀγαθοῦ
832 929 1097 992 ἑκουσίως
1128 930 1482 999 τρεπόμεκον,
1529 931 1772 983 ἐκώλυσε

188 1022 291 1091 τὴν
324 1022 535 1091 ἀγαθὴν
564 1020 659 1073 τοῦ
693 1020 900 1089 ἀγαθοῦ
938 1022 1325 1090 δημιουργίαν.
1362 1022 1454 1073 Διὸ
1478 1022 1577 1073 οὐκ
1621 1017 1772 1073 εἷπεν

189 1116 219 1166 6
250 1113 489 1185 Κύριος,
528 1114 830 1184 Συνέφερεν
880 1114 926 1165 εί
966 1114 1068 1165 ούκ
1122 1114 1386 1183 ἐγεννήθη
1414 1115 1442 1165 6
1483 1114 1771 1184 ἄνθρωπος

188 1209 438 1272 ἐκεῖνος,
476 1206 645 1272 ἀλλὰ,
686 1225 703 1258 ι
758 1206 1027 1276 Συνέφερε
1063 1205 1141 1275 τῷ
1180 1205 1452 1276 ἀνθρώπῳ
1492 1206 1701 1274 ἐκείνῳ.
1748 1225 1765 1256 ι

188 1298 377 1350 Καλὸν
420 1298 518 1367 μὲν
544 1298 685 1350 κατά
716 1297 897 1367 φύσιν,
933 1299 1027 1350 καὶ
1042 1297 1194 1351 ’κατὰ
1228 1297 1288 1349 τὸ
1316 1297 1523 1350 δίκαιον
1554 1298 1614 1349 τὸ
1636 1299 1774 1364 ἀγα-

187 1388 287 1441 θὸν
319 1384 377 1442 εὖ
414 1393 624 1453 ποιεῖν,
660 1392 755 1443 καὶ
801 1391 1000 1444 διδόναι
1034 1392 1103 1443 τὰ
1136 1389 1337 1458 ἀγαθά.
1378 1392 1443 1444 '0
1475 1391 1531 1443 δὲ
1564 1390 1769 1453 λαϐὼν,

188 1482 288 1534 καὶ
344 1482 418 1551 μὴ
474 1482 753 1550 φυλάξας,
809 1482 1174 1535 ἐπονείδιστον
1233 1480 1410 1549 ἑαυτῷ
1465 1481 1527 1533 τὸ
1586 1479 1771 1534 λαϐεῖν

186 1572 475 1641 ἐποίησεν.
521 1572 690 1635 Αὐτὸς
731 1573 841 1644 γὰρ
875 1576 902 1626 6
937 1573 1011 1643 μὴ
1062 1573 1229 1626 θέλων
1258 1574 1318 1626 τὸ
1353 1573 1579 1641 ἀγαθὸν,
1622 1574 1717 1625 καὶ
1743 1573 1770 1626 ὃ

186 1663 310 1732 ἔχει
338 1664 539 1730 ἀγαθὸν
568 1665 627 1716 οὐ
661 1664 828 1728 θέλει,
860 1664 979 1717 οὐδὲ
1002 1665 1210 1733 ἥδεται.
1238 1664 1311 1717 Τὸ
1345 1666 1443 1735 μὲν
1470 1664 1578 1735 γὰρ
1609 1662 1767 1727 εἶναι,

183 1753 295 1806 οὐκ
343 1754 430 1821 ἐφ’
462 1752 640 1822 ἡμῶν,
677 1754 793 1806 ἀλλ’
832 1754 896 1805 ὲκ
942 1753 1076 1805 Θεοῦ
1129 1755 1292 1824 μόνου
1317 1772 1331 1785 ·
1364 1755 1424 1806 τδ
1465 1755 1524 1807 δὲ
1567 1754 1771 1823 ἀγαθὸν

184 1834 359 1901 εἶναι,
396 1842 461 1892 ὲκ
507 1839 664 1903 Θεοῦ,
710 1840 800 1893 καὶ
847 1840 906 1905 ἐξ
947 1840 1123 1911 ἡμῶν.
1165 1843 1221 1894 '0
1271 1841 1403 1905 Θεὸς
1448 1840 1579 1905 οὖν,
1630 1845 1769 1912 ὅπερ

1875 655 2055 723 ciperc
2083 655 2239 717 nolit,
2274 655 2472 708 bonum
2505 654 2802 723 prohiberi,
2833 657 3126 724 quominus
3168 658 3449 713 beneﬁcus

1874 746 1969 808 sit,
2002 760 2067 798 ac
2103 745 2244 800 bona
2285 746 2568 812 largiatur.
2600 747 2737 799 Nam
2765 746 2966 816 alioqui
2989 748 3191 803 bonum
3222 766 3251 803 a
3295 751 3449 805 malo

1873 837 2206 901 vinceretur,
2263 837 2557 907 siquidem,
2587 853 2710 891 cum
2744 838 2888 893 Deus
2934 855 3000 893 ex
3033 856 3180 895 mera
3204 841 3446 897 bonitate

1876 944 1963 982 res
1998 945 2060 983 ex
2121 930 2294 984 nihilo
2333 931 2618 1000 producat,
2681 943 2894 995 contra,
2947 933 3071 987 ideo
3102 934 3229 1002 quia
3265 935 3445 988 malus

1874 1020 2073 1089 aliquis
2128 1020 2347 1075 futurus
2395 1031 2559 1085 esset,
2601 1030 2795 1091 sponte
2848 1024 3145 1077 videliceta
3186 1025 3329 1079 bono
3368 1025 3449 1079 di—

1875 1120 2116 1175 vertens,
2172 1113 2314 1167 bona
2370 1113 2494 1167 boni
2550 1114 2761 1169 creatio
2796 1115 3171 1184 impediretur.
3204 1115 3333 1169 Eam
3376 1118 3446 1170 ob

1874 1215 1987 1254 rem
2023 1216 2133 1254 non
2178 1200 2314 1254 dixit
2338 1200 2632 1255 Dominus:
2672 1203 2872 1256 bonum
2903 1211 3041 1268 erat,
3076 1204 3120 1256 si
3155 1212 3314 1260 natus
3338 1220 3445 1258 non

1875 1290 2067 1346 fuisset
2099 1292 2261 1346 homo
2296 1293 2424 1358 ille;
2459 1293 2555 1346 sed
2589 1309 2602 1344 :
2634 1311 2652 1343 ι
2678 1292 2878 1347 bonum
2912 1305 3027 1348 erat
3050 1296 3256 1349 homini
3286 1296 3385 1349 illi.
3422 1314 3441 1347 ι

1874 1380 2083 1434 Bonum
2140 1380 2359 1449 quidem
2417 1388 2525 1443 est,
2562 1392 2824 1449 quantum
2858 1382 2924 1436 ad
2983 1394 3258 1450 naturam,
3296 1395 3351 1440 et
3377 1385 3446 1440 ad

1868 1473 1960 1542 jus
2007 1461 2220 1537 attinet,
2251 1482 2311 1527 ut
2343 1473 2521 1527 bonus
2550 1473 2873 1537 benefaciat,
2912 1482 2966 1526 et
2993 1476 3133 1529 bona
3164 1478 3444 1546 largiatur.

1874 1562 2076 1618 Verum
2145 1564 2240 1634 qui
2294 1566 2524 1632 accepit,
2564 1580 2664 1619 nec
2719 1567 3091 1629 conservavit,
3129 1568 3230 1621 hoc
3265 1570 3446 1635 ipsum

1874 1662 2033 1725 turpe
2080 1656 2185 1710 sibi
2234 1662 2289 1709 et
2350 1655 2681 1725 probrosum
2734 1654 2883 1721 fecit,
2939 1657 3084 1726 quod
3145 1660 3442 1726 acceperit.

1873 1747 1994 1815 lpse
2052 1748 2218 1809 enim,
2281 1747 2374 1815 qui
2407 1747 2610 1800 bonum
2650 1763 2759 1801 non
2809 1750 2947 1808 vult,
2981 1765 3049 1802 ne
3092 1748 3194 1802 hoc
3224 1750 3443 1818 quidem

1873 1838 1988 1891 vult
2016 1838 2242 1903 bonum,
2301 1837 2447 1906 quod
2491 1838 2672 1901 habet,
2711 1855 2886 1907 neque
2909 1855 2973 1894 eo
3024 1841 3347 1895 delectatur.
3380 1840 3446 1894 Et

183 1930 363 1983 αὐτοῦ
392 1932 529 1995 ἐστι,
565 1930 748 1984 δίδωσι
784 1932 846 1983 τὸ
888 1932 949 1984 εὖ
991 1909 1158 1996 εἶναι,
1205 1935 1368 2003 ἡμεῖς
1397 1934 1475 1999 δὲ,
1514 1936 1652 2004 ὅπερ
1682 1909 1764 2004 ἐφ’

1870 1930 2087 2000 quidem
2122 1938 2182 1983 ut
2214 1928 2411 1995 simus,
2469 1928 2641 1982 nostri
2687 1930 2897 1985 arbitrii
2939 1946 3046 1985 non
3078 1941 3181 1996 est,
3218 1932 3311 1987 sed
3351 1931 3444 1985 Dei

180 2024 328 2093 ἡμῖν
365 2026 503 2086 ἐστι,
545 2022 607 2076 τὸ
656 2022 888 2091 φυλάξαι
922 2025 992 2078 τὰ
1016 2026 1235 2078 δοθέντα
1276 2027 1476 2094 ἁγαθά,
1515 2029 1546 2098 ἢ
1587 2028 1771 2081 ποιοῦ-

185 2130 321 2181 μεν,
354 2112 387 2182 ἦ
418 2111 501 2167 οῦ.
536 2114 711 2182 Ὅπερ
743 2114 799 2166 δὲ
831 2114 994 2184 μόνου
1024 2115 1157 2167 Θεοῦ
1198 2118 1334 2181 ἐστι,
1374 2116 1468 2169 καὶ
1505 2116 1767 2171 θελόντων

181 2207 285 2257 καὶ
324 2206 397 2275 μὴ
434 2204 696 2257 θελόντων
742 2204 900 2273 ήμῶν
932 2204 1092 2266 αὐτὸς
1123 2206 1374 2271 δίδωσιν,
1418 2204 1496 2269 ὼς
1536 2207 1764 2275 ἀγαθὸς,

182 2297 280 2349 ἴνα
311 2296 424 2349 κᾶν
449 2296 630 2358 ποσῶς
737 2296 794 2347 ὲν
823 2298 955 2365 ἡμῖν
994 2297 1051 2348 τὸ
1080 2295 1304 2363 ἀγαθόν.

178 2404 334 2453 mus,
368 2390 470 2443 hoc
502 2388 584 2442 vel
619 2385 872 2453 facimus,
906 2388 985 2441 vel
1016 2387 1358 2455 negligimus.
1394 2385 1551 2454 Quod
1608 2402 1767 2457 porro
1805 2388 1978 2446 solius
2039 2384 2133 2441 Dei
2191 2392 2297 2448 est,
2360 2386 2477 2441 sive
2529 2386 2633 2455 ipsi
2699 2387 2948 2452 velimus,

1867 2024 2040 2078 solius
2080 2040 2093 2076 :
2129 2029 2189 2076 ut
2251 2028 2431 2075 autem
2470 2021 2599 2075 boni
2656 2022 2851 2081 simus,
2894 2034 3007 2076 tum
3059 2039 3124 2076 ex
3168 2023 3296 2087 Deo,
3326 2032 3441 2077 tum

1865 2131 1930 2170 ex
1964 2113 2124 2169 nobis
2158 2119 2261 2168 est.
2311 2113 2457 2168 Deus
2512 2113 2697 2181 itaque
2734 2112 2880 2181 quod
2931 2128 3155 2167 suarum
3205 2114 3441 2182 partium

1864 2213 1968 2270 est,
2001 2205 2137 2260 bene
2168 2218 2289 2259 esse
2318 2204 2581 2273 largitur;
2637 2219 2738 2258 nos
2776 2219 2902 2257 vero
2933 2205 2983 2257 id
3016 2205 3163 2273 quod
3200 2205 3254 2257 in
3291 2214 3445 2273 pote-

1866 2303 2009 2352 state
2039 2302 2229 2349 nostra
2265 2294 2429 2350 situm
2462 2302 2570 2357 est,
2609 2310 2806 2364 nempe
2838 2303 2897 2349 ut
2930 2296 3054 2349 data
3088 2297 3226 2349 bona
3265 2311 3448 2348 serve—

3036 2389 3151 2442 sive
3185 2388 3423 2442 nolimus

184 2483 315 2551 ipse
351 2496 449 2550 pro
483 2494 581 2533 sua
637 2478 882 2533 bonitate
910 2478 1136 2543 tribuit;
1167 2494 1275 2548 quo
1306 2479 1509 2533 bonum
1536 2481 1619 2535 vel
1660 2482 1844 2551 aliqua
1877 2480 2071 2535 saltem
2114 2485 2271 2546 parte
2302 2477 2356 2531 in
2404 2477 2563 2532 nobis
2589 2477 2681 2532 sit.

254 2582 360 2629 oa’.
412 2574 471 2626 '0
522 2573 653 2636 Θεὸς
702 2573 797 2625 καὶ
849 2572 927 2643 τῷ
979 2571 1209 2641 διαϐόλῳ
1266 2572 1353 2625 ἀεὶ
1404 2574 1636 2643 παρέχει
1688 2579 1761 2628 τὰ

177 2664 389 2731 ἀγαθὰ,
420 2663 534 2716 ἀλλ’
566 2664 771 2725 ἐκεῖνος
793 2662 852 2715 ού
884 2661 1027 2715 θέλει
1050 2662 1235 2714 λαϐεῖν
1261 2678 1273 2691 ·
1308 2664 1403 2715 καὶ
1432 2665 1490 2716 ὲν
1520 2664 1599 2733 τῷ
1633 2664 1761 2734 μέλ-

178 2756 335 2808 λοντι
363 2756 518 2809 αίῶνι
566 2756 698 2808 πᾶσι
735 2755 953 2807 δίδωσιν
997 2757 1024 2807 6
1060 2754 1192 2818 Θεὸς
1232 2755 1300 2808 τὰ
1338 2755 1519 2823 ἀγαθά
1542 2771 1556 2785 ⁸
1609 2756 1760 2827 πηγὴ

176 2847 301 2917 γάρ
343 2848 459 2899 ὲστι
509 2846 617 2899 τῶν
674 2846 894 2913 ἀγαθῶν
957 2844 1205 2917 βρύουσα
1254 2847 1353 2917 τὴν
1406 2848 1763 2918 ἀγαθότητα·

178 2938 420 3001 ἕκαστος
474 2938 550 3000 δὲ,
603 2937 783 2999 καθὼς
826 2937 1019 2990 ἑαυτὸν
1069 2938 1445 2991 κατεσκεύασε
1489 2939 1763 3004 δεκτικὸν,

181 3029 411 3100 μετέχει
460 3028 552 3081 τοῦ
590 3028 821 3095 ἀγαθοῦ.
885 3027 1153 3082 Ἑνταῦοα
1196 3029 1293 3099 μὲν
1326 3028 1419 3081 οὖν
1460 3030 1590 3098 περὶ
1626 3029 1761 3082 ἄλλα

178 3121 289 3190 τὴν
321 3118 497 3187 ὄρεξιν
525 3118 761 3187 ἔχοντες,
797 3119 890 3171 καὶ
916 3118 1388 3187 ἐπιτυγχάνοντες,
1420 3118 1521 3171 κᾶν
1557 3119 1760 3183 ποσῶς,

179 3210 463 3280 ἡδόμεθα⁹
512 3210 690 3261 ἐκεῖσε
723 3208 799 3271 δὲ,
834 3208 965 3261 ὅταν
999 3227 1016 3259 ι
1050 3209 1136 3275 εἴη
1170 3212 1197 3262 6
1226 3208 1358 3271 Θεὸς
1390 3209 1458 3261 τὰ
1488 3208 1663 3263 πάντα
1705 3212 1762 3262 ὲν

178 3301 347 3361 πᾶσι,
383 3316 401 3348 ›
434 3298 509 3367 μὴ
552 3297 804 3367 βρώσεως
842 3297 1039 3367 οὓσης,
1078 3298 1151 3367 μὴ
1184 3298 1412 3363 πόσεως,
1449 3298 1582 3368 μηδέ
1621 3315 1765 3361 τινος

183 3389 461 3458 σαρκικῆς
505 3390 726 3458 ἡδονῆς,
773 3387 907 3458 μηδέ
943 3405 1087 3450 τινος
1118 3388 1329 3451 ἀδικίας
1356 3431 1370 3453 ,
1415 3390 1468 3440 οἱ
1500 3390 1634 3459 μηδὲ
1665 3390 1762 3453 τὰς

1936 2572 2021 2625 7|.
2065 2570 2207 2637 Quin
2264 2570 2482 2625 diabolo
2540 2570 2684 2625 Deus
2745 2584 2959 2638 semper
3021 2568 3162 2624 bona
3223 2571 3450 2640 largitur

1865 2662 1961 2720 sed
2007 2663 2121 2731 ipse
2174 2669 2390 2716 recusat
2430 2661 2699 2729 accipere.
2739 2662 2916 2729 Atque
2979 2661 3035 2715 in
3098 2662 3281 2715 futuro
3332 2676 3451 2717 aevo

1866 2754 2011 2809 Deus
2050 2753 2193 2808 bona
2220 2752 2435 2806 cunctis
2476 2752 2670 2805 tribuit
2702 2752 3011 2821 (bonorum
3070 2754 3274 2822 quippe
3326 2753 3448 2807 fons

1867 2853 1972 2909 est,
2030 2844 2301 2899 universis
2341 2843 2639 2898 bonitatem
2680 2843 3031 2913 infundens);
3068 2852 3122 2895 at
3153 2844 3451 2911 unusquis-

1869 2952 2000 3007 que,
2054 2943 2217 3006 prout
2262 2949 2381 2990 sese
2408 2948 2662 3004 capacem
2713 2934 2969 2997 reddidit,
3024 2933 3151 2987 boni
3178 2935 3447 3004 particeps

1868 3027 2132 3084 redditur.
2168 3030 2245 3082 Ac
2296 3027 2522 3097 quidem
2564 3027 2654 3081 hic
2685 3026 2813 3080 dum
2873 3026 3020 3080 aliud
3052 3026 3329 3095 quidpiam
3354 3042 3448 3095 ap-

1866 3120 2124 3188 petimus,
2177 3132 2351 3187 eoque
2376 3118 2636 3186 potimur,
2668 3119 2998 3185 voluptatem
3023 3118 3289 3186 capimus.
3333 3116 3448 3171 Illic

1867 3219 2068 3272 autem,
2105 3210 2325 3279 quando
2354 3228 2370 3259 ι
2401 3207 2543 3262 Deus
2596 3209 2699 3263 erit
2739 3210 2919 3261 omnia
2952 3209 3005 3261 in
3040 3209 3378 3273 omnibus“,
3420 3227 3439 3260 ι

1867 3317 1969 3356 nec
1998 3302 2176 3366 cibus,
2212 3315 2313 3354 nec
2341 3309 2521 3367 potus,
2552 3315 2654 3354 nec
2684 3301 2792 3353 ulla
2821 3302 3002 3354 carnis
3034 3301 3305 3368 voluptas,
3338 3314 3439 3353 nec

1869 3389 2129 3459 iniquitas
2181 3390 2287 3442 ulla
2331 3388 2513 3442 futura
2555 3399 2638 3444 est
2673 3406 2684 3439 :
2720 3398 2833 3443 tum
2859 3390 2892 3442 ii
2918 3391 3009 3459 qui
3038 3390 3091 3443 in
3125 3391 3225 3444 hac
3249 3392 3441 3444 condi~

183 3480 445 3549 συνήθεις
484 3481 679 3549 ἡδονὰς
712 3479 958 3547 ἔχοντες,
1007 3480 1141 3548 μηδὲ
1176 3479 1281 3531 τῶν
1316 3481 1380 3531 ἐκ
1415 3451 1762 3535 Θεόῦπδεκτι-

1870 3482 2019 3536 tione
2049 3490 2231 3544 erunt,
2260 3486 2320 3533 ut
2372 3495 2472 3534 nec
2498 3488 2790 3535 consuetas
2841 3481 3146 3550 voluptates
3183 3482 3440 3549 habeant,

179 3573 275 3623 κο“ι
308 3572 482 3633 ὄντες,
517 3569 808 3622 ὀδυνῶνται
838 3568 1149 3637 ἀνηκέστως
1174 3566 1236 3606 d'
1277 3570 1337 3620 ού
1368 3568 1461 3620 τοῦ
1493 3569 1628 3622 Θεοῦ
1671 3571 1763 3623 κό-

178 3663 344 3713 λασιν
374 3662 701 3729 ποιήσαντος
726 3702 741 3724 ,
789 3658 902 3711 ἀλλ’
955 3656 1113 3726 ἡμῶν
1164 3659 1378 3721 ἑαυτοῖς
1409 3659 1509 3727 τὴν
1544 3660 1761 3713 κόλασιν

178 3751 646 3821 εύτρεπισάντων.
685 3747 838 3799 Ἐπεὶ
867 3747 987 3799 οὐδὲ
1016 3749 1043 3798 ὁ
1082 3745 1214 3808 Θεὸς
1250 3747 1471 3816 ἐποίησε
1511 3748 1758 3814 θάνατον,

1869 3587 1971 3626 nec
1997 3586 2206 3635 earum,
2246 3586 2367 3641 quae
2399 3586 2462 3627 ex
2501 3570 2610 3625 Deo
2638 3572 3086 3640 proﬁciscuntur,
3123 3574 3233 3626 sint
3274 3588 3439 3641 capa-

1868 3677 1981 3723 ces,
2044 3663 2097 3715 in
2120 3664 2446 3732 gravissimo
2501 3678 2722 3731 quoque
2770 3663 2961 3717 dolore
3011 3664 3379 3718 versabuntur
3425 3681 3440 3717 :

1866 3769 1973 3807 non
2003 3755 2151 3823 quod
2185 3753 2326 3807 Deus
2393 3755 2717 3824 supplicium
2765 3754 2985 3819 fecerit;
3018 3756 3111 3810 sed
3147 3756 3291 3824 quod
3342 3771 3445 3809 nos

178 3842 305 3894 ἀλλ’
331 3843 487 3909 ἡμεῖς
520 3840 729 3901 ἑαυτοῖς
755 3836 940 3890 τοῦτον
972 3836 1429 3904 ὲπεσπασάμεθα.
1460 3838 1624 3891 Φύσει
1659 3840 1757 3907 μὲν

1870 3856 2078 3911 poenam
2109 3842 2269 3895 nobis
2306 3843 2423 3910 ipse
2472 3844 2867 3911 paraverimus.
2914 3843 3049 3896 Nam
3090 3859 3263 3911 neque
3302 3843 3446 3896 Deus

180 3935 302 4002 γὰρ
338 3933 442 3984 πᾶν
500 3929 752 3982 σύνθετον
790 3927 1068 3981 διαλύεται
1097 3943 1109 3955 °
1164 3926 1281 3980 ἀλλ’
1327 3928 1450 3979 ὅσον
1501 3928 1621 3997 Θεῷ
1671 3929 1759 3983 διὰ

180 4025 423 4095 θεωρίας
464 4025 640 4093 ἡνωτο
677 4024 704 4074 6
747 4022 939 4090 Ἀδὰμ,
982 4022 1040 4073 ὲν
1074 4019 1254 4089 ἑαυτῷ
1303 4014 1417 4088 εἶχε
1446 4020 1544 4088 τὴν
1590 4020 1756 4091 ζωὴν,

182 4121 334 4188 ὑπὲρ
376 4117 536 4186 φύσιν
579 4113 948 4179 ζωοποιοῦσαν
993 4112 1093 4182 τὴν
1126 4112 1328 4181 θνητὴν
1368 4110 1535 4163 αὑτοῦ
1569 4112 1754 4181 φύσιν.

181 4212 324 4263 "Ovs
351 4208 407 4260 δὲ
433 4206 643 4274 ἀπέστη
676 4205 774 4272 τῆς
800 4203 934 4271 πρὸς
966 4202 1063 4271 τὴν
1094 4201 1262 4271 ζωὴν,
1292 4202 1459 4268 ἡγουν
1483 4202 1575 4252 τὸν
1603 4202 1757 4267 Θεὸν,

178 4300 457 4361 ὲνὼσεως,
492 4292 656 4365 ἦλθεν
698 4297 761 4347 ὲκ
794 4294 893 4363 τῆς
932 4294 1074 4362 ὑπὲρ
1115 4291 1276 4360 φύσιν
1327 4291 1640 4362 ἀφθαρσίας
1683 4295 1762 4356 είς

176 4390 291 4458 τὴν
343 4388 479 4440 κατά
520 4386 680 4455 φύσιν
710 4383 804 4437 τοῦ
843 4383 1100 4437 συνθέτου
1146 4382 1392 4436 διάλυσιν
1416 4421 1429 4446 ,
1465 4383 1601 4455 ὅπερ
1648 4385 1766 4437 ἐστὶ

178 4478 442 4537 Θάνατος.

1863 3940 2093 3986 mortem
2153 3931 2301 3997 fecit,
2365 3933 2459 3987 sed
2521 3934 2668 3987 illam
2754 3935 2912 3989 nobis
2959 3935 3443 3990 accersivimus“.

1863 4022 2182 4093 Quanquam
2208 4023 2350 4077 enim
2368 4040 2429 4078 ea
2478 4025 2725 4093 corporis
2755 4026 2901 4078 omni
2936 4025 3221 4095 compositi
3253 4032 3445 4078 natura

1860 4123 1964 4178 est,
2027 4123 2087 4167 ut
2131 4114 2463 4169 dissolvatur
2523 4116 2854 4186 aliquando;
2908 4124 3154 4170 attamen
3201 4115 3445 4185 quandiu

1869 4205 2110 4259 Adamus
2132 4219 2227 4273 per
2258 4206 2778 4275 contemplationem
2811 4221 2938 4260 cum
2966 4203 3081 4261 Deo
3112 4207 3447 4273 coniunctus

1871 4293 2038 4365 559
2081 4302 2220 4357 erat,
2258 4294 2311 4347 in
2353 4309 2413 4347 se
2444 4297 2612 4347 vitam
2646 4295 2908 4361 habebat,
2944 4308 3052 4364 qua
3083 4295 3333 4349 mortalis
3363 4296 3445 4364 ip-

1874 4386 1989 4439 sius
2020 4400 2149 4439 caro
2171 4398 2337 4454 supra
2368 4395 2577 4439 natura:
2606 4385 2750 4454 leges
2783 4386 3176 4439 viviticaretur.
3209 4384 3438 4440 Postea-

1873 4489 2037 4541 quam
2093 4489 2223 4528 vero
2255 4474 2481 4528 recessit
2510 4488 2539 4526 a
2595 4474 3006 4542 conjunctione,
3040 4489 3162 4542 quae
3202 4474 3278 4526 illi
3316 4488 3441 4527 cum

175 4567 323 4625 vita,
357 4565 469 4619 sive
524 4578 647 4616 cum
685 4560 793 4615 Deo
846 4568 984 4625 erat,
1021 4559 1089 4615 ab
1136 4576 1200 4617 ea
1253 4560 1486 4616 subinde
1549 4560 1959 4631 incorruptione
1991 4577 2113 4631 qua:
2158 4569 2369 4616 natura:
2435 4562 2578 4615 vires
2636 4561 2965 4625 excedebat,
3032 4560 3086 4613 in
3155 4560 3445 4631 compositi

183 4656 616 4714 dissolutionem
669 4665 878 4708 naturae
933 4663 1379 4719 consentaneam,
1430 4654 1534 4708 hoc
1587 4663 1672 4708 est
1711 4654 1765 4707 in
1806 4664 2058 4719 mortem,
2094 4655 2303 4710 incidit.

258 4746 355 4815 οβ’.
405 4744 623 4813 Ἐπειδὴ
667 4744 723 4795 δέ
777 4744 922 4807 τινές
959 4744 1255 4813 φασιν,ὠς
1313 4745 1420 4798 ἔδει
1478 4745 1570 4797 τὸν
1625 4744 1757 4798 Θεὸν

1933 4747 2016 4800 72.
2069 4746 2337 4812 Quoniam
2410 4752 2589 4799 autem
2662 4743 2883 4813 quidam
2948 4745 3132 4799 dicant
3184 4759 3292 4799 non
3346 4746 3443 4801 de-

178 4837 481 4908 προειδότα
527 4837 654 4897 τοὺς
686 4836 1128 4904 ἀμαρτὴσοντας,
1166 4836 1262 4889 καὶ
1293 4836 1368 4905 μὴ
1405 4836 1766 4905 μετανοήσον-

173 4944 310 4989 τας,
335 4928 429 4979 καὶ
449 4924 897 4995 κριθησομένους,
924 4926 999 4995 μὴ
1045 4925 1311 4994 παράγειν
1339 4927 1533 4988 αὐτοὺς
1573 4928 1637 4977 ὲκ
1668 4925 1763 4977 τοῦ

180 5015 272 5085 μὴ
308 5014 455 5075 ὄντος
485 5009 563 5074 ἐίς
603 5012 665 5064 τὸ
698 5007 873 5065 εἶναι·
925 5014 985 5064 οὺ
1038 5013 1148 5082 γὰρ
1204 5013 1628 5082 ἀγαθοποιῆσαι,
1670 5015 1765 5067 καὶ

177 5105 450 5160 κολάσαιο
486 5103 667 5172 φαμὲν
711 5104 845 5173 πρὸς
899 5104 1097 5165 αὐτοὺς
1127 5143 1142 5166 ,
1178 5104 1395 5173 πρῶτον
1446 5106 1542 5175 μὲν
1582 5104 1641 5157 τὸ
1672 5105 1766 5157 τοῦ

192 5193 527 5250 Ἀποστόλου
557 5208 567 5220 '
625 5211 641 5243 ι
705 5193 1004 5261 Μενοῦνγε,
1040 5187 1083 5245 ὧ
1115 5192 1394 5263 ἄνθρωπε,
1432 5196 1494 5247 σὺ
1528 5193 1608 5255 τίς
1639 5187 1708 5255 εἶ,
1740 5195 1767 5245 6

176 5284 716 5354 ἀνταποκρινόμενος
750 5282 826 5351 τῷ
858 5282 1011 5352 Θεῷ;
1038 5284 1114 5353 τῷ
1153 5284 1261 5353 γὰρ
1296 5283 1559 5354 θελήματι
1600 5284 1765 5335 αὑτοῦ

176 5376 272 5436 τῖς
305 5374 666 5440 ἀνθέστηκεν;
705 5391 722 5423 ι
762 5372 789 5424 ὃ
818 5374 927 5443 γὰρ
958 5374 1122 5436 θέλει,
1146 5374 1299 5426 τοῦτό
1341 5376 1488 5426 ἐστιν
1522 5372 1722 5440 ἀγαθόν
1745 5387 1759 5402 ⁸

268 5550 305 5585 ³¹
349 5551 365 5603 l
395 5550 520 5604 Cor.
546 5566 632 5614 xv,
661 5548 749 5603 9.8.
829 5551 871 5581 ³²
902 5548 1029 5618 Sap.
1065 5551 1229 5614 1,·15.

1308 5550 1351 5582 ³³
1380 5551 1535 5605 Rom.
1593 5565 1670 5613 Ix,
1702 5548 1793 5603 20.

1871 4836 2056 4903 buisse
2088 4837 2279 4899 Deum,
2312 4850 2449 4903 quos
2477 4835 2590 4901 jam
2622 4842 2747 4888 ante
2779 4842 3147 4903 pramosceret
3188 4846 3445 4903 peccatu-

1871 4939 1985 4985 ros,
2010 4938 2108 4977 nec
2132 4922 2511 4992 pcenitentiam
2546 4922 3051 4991 acturos,adeoque
3080 4923 3439 4985 damnandos,

1874 5027 1968 5067 eos
1992 5012 2046 5065 in
2080 5026 2258 5066 rerum
2301 5020 2554 5065 naturam
2579 5026 2644 5064 ex
2673 5009 2842 5062 nihilo
2873 5009 3207 5078 producere;
3242 5010 3441 5064 nedum

1874 5099 2434 5161 beneﬁciis-allicere,
2473 5113 2535 5152 ac
2574 5096 2771 5151 deinde
2800 5097 2993 5166 punire
3026 5115 3039 5151 :
3081 5097 3167 5151 his
3206 5098 3439 5165 primum

1874 5189 2089 5259 quidem
2129 5204 2252 5242 cum
2296 5188 2553 5257 Apostolo
2585 5202 2953 5255 reponemus:
2991 5205 3010 5236 ‹
3058 5186 3101 5241 Ο
3145 5186 3338 5249 homo,
3384 5197 3438 5239 ιιι

1873 5282 1997 5351 quis
2022 5296 2102 5344 es,
2128 5281 2221 5350 qui
2246 5280 2579 5349 respondeas
2615 5278 2745 5333 Deo?
2776 5277 3057 5332 Voluntati
3093 5278 3235 5331 enim
3270 5278 3439 5346 ipsius

1869 5373 1992 5440 quis
2018 5372 2227 5427 resistit
2255 5372 2340 5426 ³³2
2374 5389 2391 5423 ι
2426 5370 2577 5436 Quod
2603 5370 2747 5424 enim
2779 5369 2911 5435 vult,
2946 5369 3047 5423 hoc
3086 5367 3285 5423 bonum
3325 5370 3435 5422 est!

1444 5704 1669 5760 VARI}:
1711 5700 2113 5761 LECTIONES.

267 5801 290 5843 ἀ
323 5802 485 5858 Basil.
518 5812 571 5857 et
602 5800 731 5872 Reg.
761 5800 1107 5868 ἀνεικεστῶς,
1137 5800 1295 5857 male.
