4156 6436
791 377 935 446 .1571
956 440 959 441 ν

1946 390 2004 446 s.
2045 388 2357 448 JOANNIS
2391 391 2810 453 DAMASCEXI
2832 418 2849 476 γ,

3869 404 3999 470 ιξτι

752 540 753 543 η
814 512 834 543 ι
878 497 1015 560 Quin
1058 507 1107 549 et
1156 498 1349 565 ligultts
1398 504 1715 564 potestatem
1762 499 1921 553 habet
1961 499 2193 555 faciendi
2239 515 2393 565 νος..

2387 508 2428 563 Α
2463 520 2481 553 ι
2526 504 2635 556 Καὶ
2662 504 2905 567 ἐξουσίαν
2935 506 3045 575 ἔχει
3069 508 3096 558 ὁ
3129 510 3397 575 κεραμεὺς
3448 511 3709 579 ποιῆσαι,
3738 514 3767 564 ὃ
3803 516 3903 579 μὲν
3930 520 4000 574 εἰς

812 584 951 635 aliud
986 583 1197 649 quidem
1253 586 1303 637 in
1343 586 1622 650 honorem,
1674 586 1818 641 aliud
1865 599 2042 642 autem
2079 589 2132 642 in
2162 597 2352 643 contu-

811 675 1018 724 mellam
1062 674 1124 724 ³⁸.
1165 692 1181 722 ι
1218 673 1332 740 Ipse
1373 676 1635 743 siquidem
1683 685 1765 730 est
1807 678 1897 746 qui
1940 678 2119 745 justos
2163 687 2218 732 ct
2268 681 2353 732 iu-

804 762 1000 828 justos,
1046 772 1156 814 tum
1199 764 1420 827 honore,
1479 775 1591 817 tum
1647 766 1933 834 ignominia
1970 767 2155 820 allicit.
2208 769 2350 822 Idem

807 849 1004 916 quippe
1064 851 1357 918 Apostolus
1413 854 1466 906 in
1526 855 1764 923 Epistola
1835 854 1901 907 ad
1971 853 2347 921 Timotheum,

805 938 1134 990 enumeratis
1192 942 1340 1006 prius
1397 941 1576 1004 vitiis,
1629 942 1905 1010 subjungit
1960 960 1971 994 :
2033 961 2050 992 ι
2109 941 2162 995 Si
2229 944 2351 1011 quis

806 1027 970 1092 igitur
1009 1028 1383 1081 emundaverit
1430 1043 1485 1081 se
1527 1028 1593 1081 ab
1627 1030 1765 1090 istis,
1809 1042 1901 1083 vas
1949 1030 2233 1085 electionis
2273 1030 2354 1083 l'a-

808 1124 929 1169 ctus
996 1122 1077 1170 est
1123 1117 1187 1168 ³⁸.
1245 1135 1262 1166 ι
1312 1116 1445 1169 Cum
1504 1118 1644 1170 enim
1686 1114 1840 1171 liberi
1896 1118 2105 1170 arbitrii
2153 1118 2354 1171 conditi

809 1206 999 1266 sin‘us,
1046 1220 1209 1274 penes
1252 1220 1351 1258 nos
1384 1213 1487 1268 est,
1553 1216 1611 1258 ut
1652 1222 1682 1258 a
1715 1205 2033 1261 foedissimis
2076 1206 2355 1261 aﬂcctibus

807 1310 906 1347 nos
937 1296 1082 1363 ipsos
1113 1310 1495 1363 expurgemus,
1548 1297 1631 1349 vel
1670 1297 1861 1351 iisdem
1897 1297 2239 1365 inquinemus
2289 1297 2355 1348 ³⁸.

806 1386 1068 1439 Caeterum
1128 1387 1267 1441 Deus
1324 1403 1512 1443 omnes
1582 1389 1785 1455 pariter
1855 1387 2028 1440 bonos
2090 1387 2353 1441 condidit.

810 1473 924 1542 ipse
956 1490 1187 1543 namque
1218 1484 1323 1529 tam
1366 1491 1505 1541 esse,
1553 1490 1713 1543 quam
1766 1477 1900 1529 bene
1941 1490 2063 1529 esse
2109 1474 2352 1544 largitur,

806 1564 1062 1618 bonitatis
1090 1580 1199 1619 siue
1246 1567 1426 1619 radios
1480 1566 1532 1618 in
1568 1566 1823 1618 universa
1882 1579 2044 1633 opera
2095 1580 2190 1617 sua
2222 1564 2356 1618 solis

807 1653 980 1705 instar
1028 1654 1356 1722 expandens.
1407 1656 1580 1724 Atque
1626 1656 1678 1708 in
1720 1666 1905 1709 nostra
1944 1655 2161 1724 quidem
2210 1663 2359 1723 pote-

806 1752 942 1796 state
994 1758 1099 1796 non
1153 1754 1234 1797 est
1290 1746 1538 1813 accipere
1569 1753 1629 1798 ut
1681 1746 1853 1800 simus
1893 1763 1907 1797 :
1945 1754 2005 1797 ut
2054 1759 2181 1798 vero
2230 1746 2355 1799 boni

806 1834 1017 1886 beative
1071 1833 1263 1897 simus,
1317 1835 1419 1887 hoc
1468 1850 1631 1903 penes
1691 1848 1790 1888 nos
1838 1845 1941 1887 est.
1989 1834 2257 1899 Quocirca
2308 1836 2355 1889 si

803 1923 1033 1978 velimus
1081 1932 1135 1978 et
1176 1924 1482 1993 cupiamus,
1537 1924 1797 1978 bonitatis
1851 1924 2023 1991 ipsius
2064 1924 2353 1992 participes

803 2014 1028 2074 erimus,
1085 2027 1147 2067 ac
1197 2014 1249 2066 in
1299 2015 1629 2082 sempiterna
1672 2014 1793 2068 luce
1841 2014 2203 2068 versabimur.
2258 2012 2353 2066 Sin

804 2118 934 2157 vero
982 2103 1227 2158 socordia
1278 2114 1668 2172 torpescamus,
1722 2118 1928 2172 nosque
1976 2103 2125 2173 ipsos
2175 2104 2351 2157 obeat-

806 2203 995 2247 cantes
1030 2208 1152 2247 eum
1192 2208 1299 2246 non
1340 2203 1674 2262 expetamus,
1711 2195 1779 2249 ab
1807 2195 1925 2261 ejus
1961 2193 2218 2247 fruitione
2256 2208 2353 2247 ex-

806 2289 1107 2342 cludemur.
1163 2286 1314 2341 llaud
1373 2288 1538 2356 igitur
1584 2286 1933 2356 congruebat,
1983 2292 2041 2339 ut
2092 2284 2162 2338 ob
2205 2283 2356 2353 igua-

803 2376 943 2446 viam
976 2384 1214 2431 nostram
1260 2378 1514 2449 bonitatis
1563 2393 1676 2432 suze
1719 2390 1945 2432 munera
1989 2375 2125 2430 nulli
2164 2388 2355 2428 conce-

804 2467 1004 2535 deret;
1057 2470 1199 2521 inter
1239 2484 1358 2539 quae
1409 2469 1642 2538 primum
1704 2466 1834 2520 illud
1882 2472 1989 2531 est,
2039 2473 2099 2519 ut
2161 2466 2353 2519 simus.

804 2555 991 2626 Neque
1032 2557 1258 2612 decebat
1303 2567 1363 2611 ut
1426 2556 1627 2610 malitia
1676 2563 1865 2610 nostra
1905 2556 2199 2608 bonitatem
2238 2553 2357 2622 ejus

809 2657 1117 2717 superaret,
1174 2657 1267 2702 aut
1326 2648 1554 2701 inertem
1616 2646 1888 2700 redderet.
1946 2644 2082 2699 Nam
2156 2644 2357 2712 alioqui

804 2734 954 2790 nulla
1002 2751 1228 2806 prorsus
1290 2750 1377 2789 res
1418 2734 1760 2788 exstitisset:
1806 2733 1933 2802 quia
1980 2733 2110 2785 nihil
2151 2739 2235 2786 est
2263 2747 2358 2787 eo-

805 2840 927 2880 rum
996 2840 1116 2893 qme
1175 2832 1348 2890 sunt,
1408 2823 1549 2892 quod
1587 2860 1602 2886 ,
1670 2829 1833 2890 prout
1890 2822 2062 2890 ipsius
2108 2821 2351 2875 bonitate

2452 592 2616 660 τιμὴν
2658 593 2868 655 σκεῦος,
2899 594 2926 646 δ
2950 596 3006 646 δὲ
3054 597 3131 658 εἰς
3174 598 3415 665 ἀτιμίαν.
3449 618 3467 650 ι
3505 600 3676 660 Αὐτὸς
3719 603 3832 667 γάρ
3870 607 4003 655 ἐστιν

2452 682 2481 731 ὁ
2522 682 2690 734 ποιῶν
2739 685 2862 745 τούς
2891 703 2948 737 τε
2984 686 3217 748 δικαίους
3257 689 3348 739 καὶ
3390 691 3515 751 τοὺς
3554 691 3942 758 ἁμαρτωλοὺς,
3974 696 4004 760 ἦ

2452 774 2682 839 τιμίους.
2717 775 2749 841 ἢ
2787 776 3027 843 ἀτίμους.
3066 775 3122 826 Ὀ
3152 778 3312 838 αὐτὸς
3347 778 3451 846 γὰρ
3485 779 3812 840 Ἀπὸστολος
3852 782 3910 829 ἐν
3948 784 4007 848 τῇ

2455 863 2589 929 πρὸς
2614 864 2875 930 Τιμόθεον
2892 866 3191 934 Ἐπιστολῇ,
3213 866 3633 935 πρδαριθμήσας
3658 869 3761 929 τὰς
3794 870 4007 929 κακίας,

2453 951 2647 1017 ἐπάγει
2702 952 2910 1019 λέγων’
2946 972 2963 1004 ι
3001 955 3184 1016 Ὅστις
3237 956 3328 1007 οὖν
3382 957 3668 1026 ἐκκαθάρῃ
3722 958 3923 1008 ἑαυτὸν
3954 960 4011 1010 ὲκ

2454 1036 2675 1100 τούτων,
2710 1039 2898 1106 γέγονε
2953 1040 3140 1102 σκεῦος
3170 1040 3416 1108 ἐκλογῆς.
3466 1061 3483 1092 ι
3522 1043 3888 1109 Δὺτεξούσιοι
3914 1045 4012 1112 γὰρ

2454 1126 2735 1193 γενόμενοι
2762 1168 2776 1191 ,
2812 1128 3052 1192 ἐξουσίαν
3101 1129 3291 1197 ἔχομεν
3349 1130 3658 1200 ἐκκαθᾶραι
3692 1134 3929 1193 ἑαυτοὺς
3958 1134 4013 1183 ἐκ

2454 1213 2561 1264 τῶν
2603 1216 2893 1283 αἰσχίστων
2926 1217 3128 1279 παθῶν,
3162 1218 3251 1268 καὶ
3296 1212 3519 1285 μολῦναι
3551 1220 3814 1281 ἑαυτούς.
3836 1221 4014 1287 ’Ὅμως

2454 1305 2664 1367 πάντας
2701 1306 2728 1356 ὁ
2758 1306 2886 1367 Θεὸς
2915 1307 3149 1374 ἀγαθοὺς
3176 1308 3445 1375 ἐποίησεν.
3470 1310 3643 1368 Αὐτὸς
3672 1310 3781 1378 μὲν
3808 1305 3904 1361 οὖν
3932 1312 4013 1361 καὶ

2454 1392 2514 1444 τὸ
2540 1388 2699 1455 εἶναι,
2736 1397 2827 1447 καὶ
2854 1397 2914 1448 τὸ
2944 1393 3002 1448 εὖ
3024 1392 3164 1448 εἶναι
3202 1399 3331 1449 πᾶσι
3372 1400 3622 1467 παρέχει,
3654 1400 3859 1467 ὥσπερ
3878 1400 4014 1466 ἥλιος

2457 1484 2714 1550 ὲφαπλῶν
2748 1485 2845 1547 τὰς
2895 1487 3115 1548 ἀκτῖνας
3167 1487 3264 1555 τῆς
3317 1488 3654 1556 ἁγαοότητος
3710 1488 3888 1539 αὐτοῦ
3935 1489 4017 1537 ἐπὶ

2458 1574 2631 1624 πάντα
2675 1574 2743 1625 τὰ
2780 1574 2914 1642 ἔργα
2948 1561 3132 1626 αὐτοῦ.
3189 1574 3297 1626 Καὶ
3341 1576 3401 1625 τὸ
3462 1576 3559 1643 μὲν
3605 1571 3753 1625 εἶναι
3808 1574 3910 1623 οὐκ
3943 1574 4015 1639 ἐφ’

2456 1663 2586 1729 ἡμῖν
2614 1662 2797 1714 λαϐεῖν
2822 1680 2834 1692 ·
2856 1663 2913 1714 τὸ
2940 1664 2995 1715 δὲ
3034 1659 3091 1714 εὖ
3121 1658 3279 1725 εἶναι,
3309 1665 3391 1729 ἐφ’
3430 1666 3558 1731 ἡμῖν
3597 1665 3753 1714 ἐστιν
3773 1680 3787 1691 ’
3821 1662 3889 1713 ἂν
3917 1662 4017 1711 τοξ-

2460 1766 2554 1800 νυν
2587 1750 2898 1821 Θελήσωμεν
2931 1753 3025 1805 καὶ
3050 1734 3392 1821 ποΟήσωμεν,
3423 1754 3729 1821 μετέχομεν
3764 1752 3868 1819 τῆς
3901 1753 4017 1817 ἀγα-

2389 1815 2429 1874 Β
2457 1836 2679 1906 θότητος
2702 1815 2921 1900 -αὑτοῦ,
2952 1839 3045 1891 καὶ
3102 1815 3185 1890 ὲν-
3210 1815 3344 1907 φωτὶ
3380 1815 3477 1900 εἰς
3530 1815 3707 1892 alio“
3764 1815 4014 1908 ἐσόμεθα.

2469 1925 2592 1976 Ἐάν
2624 1925 2682 1976 δὲ
2729 1927 3170 2004 ρᾳθυμὴσωμεν,
3198 1930 3290 1981 καὶ
3345 1930 3567 1991 ἑαυτοὺς
3617 1930 4013 1997 τυφλώσωμεν,

2456 2018 2550 2069 καὶ
2586 2017 2660 2086 μὴ
2680 2019 3002 2090 ποθήσωμεν
3032 2022 3212 2085 αὑτὸν,
3247 2023 3499 2091 ἀμέτοχοι
3552 2025 3723 2076 αὐτοῦ
3759 2022 4013 2092 ἐσόμεθα.

2457 2107 2569 2159 Οὐκ
2601 2096 2707 2161 ἔδει
2731 2104 2822 2162 οὖν
2853 2110 2939 2162 διὰ
2990 2112 3088 2181 τὴν
3144 2112 3413 2180 ἡμετέραν
3457 2112 3735 2182 ρᾳθυμίαν
3760 2152 3776 2174 ,
3819 2112 4019 2180 ἀμετά-

2456 2198 2605 2250 δοτον
2636 2198 2886 2267 γενέσθαι
2933 2202 3038 2255 τῶν
3068 2203 3166 2271 τῆς
3204 2204 3534 2273 ἁγαθὸτητος
3573 2203 3747 2256 αὐτοῦ
3784 2203 4015 2273 δωρεῶν,

2460 2277 2534 2337 ὧν
2570 2285 2760 2354 πρώτη
2792 2289 2907 2340 ἐστὶ
2951 2290 3011 2340 τὸ
3064 2286 3233 2342 εἶναι·
3264 2292 3381 2343 οὐδὲ
3432 2292 3540 2344 ἔδει
3590 2292 3691 2361 τὴν
3745 2292 4018 2361 ἡμετέραν

2460 2376 2657 2429 κακίαν
2683 2377 2925 2446 νικῆσαι,
2957 2379 3050 2431 καὶ
3082 2380 3436 2449 ἀνενὲργητον
3480 2383 3705 2449 ποιῆσαι
3738 2382 3847 2450 τὴν
3897 2383 4022 2448 ἀγα-

2462 2466 2661 2536 Θότητα
2690 2468 2874 2521 αὑτοῦ.
2913 2468 2976 2522 Εἰ
3004 2471 3111 2540 γὰρ
3139 2471 3294 2523 τοῦτο
3322 2468 3574 2540 ἦν,οὖδὲν
3608 2471 3676 2523 ἂν
3704 2473 3826 2532 τῶν
3861 2472 4021 2523 ὅντων

2460 2557 2671 2622 ἐγένετο
2696 2572 2708 2583 ·
2752 2558 2901 2610 οὐδὲν
2931 2559 3037 2629 γὰρ
3087 2562 3193 2612 τῶν
3240 2562 3407 2613 ὄντων
3449 2563 3639 2626 ἀξίως,
3676 2562 4021 2614 πολιτεύεται

2458 2644 2559 2713 τῆς
2589 2645 2921 2712 άγαθότητος
2949 2648 3133 2701 αὑτοῦ.
3168 2650 3394 2711 Δικαὶως
3443 2650 3570 2717 γὰρ,
3600 2651 3650 2701 εἰ
3687 2651 3833 2718 πρὸς
3868 2649 4023 2702 αὐτὸν

2462 2734 2828 2802 συγκρίνομεν
2848 2736 2915 2788 τὰ
2939 2737 3133 2801 πάντα,
3164 2738 3353 2800 ἀνάξια
3382 2739 3472 2791 τοῦ
3504 2733 3641 2791 εἷναί
3670 2741 3837 2792 εἰσιν.

2472 2823 2798 2893 condignum
2862 2834 2965 2890 est,
3016 2842 3238 2881 munere
3290 2845 3390 2883 suo
3453 2829 3837 2899 per-fungatur.
3895 2829 4023 2883 Nam

808 2918 1084 2979 universa,
1115 2915 1161 2969 si
1186 2930 1307 2969 cum
1340 2931 1405 2969 eo
1432 2922 1841 2983 comparantur,
1860 2912 2089 2982 indigna
2131 2926 2354 2981 prorsus
2378 2925 2441 2965 cx
2468 2912 2590 2981 jure
2625 2924 2770 2979 sunt,
2804 2928 2861 2970 ut
2899 2918 3181 2971 exsismant.
3773 2908 3791 2941 ’

852 3007 963 3093 ‘73.
1026 3005 1210 3075 Neque
1267 3014 1443 3060 tamen
1501 3004 1675 3058 bonus
1732 3004 1995 3088 duntaxat
2058 3003 2198 3058 Deus
2252 3012 2357 3066 est,

810 3096 905 3153 sed
943 3096 1105 3150 etiam
1146 3096 1350 3164 justus,
1384 3103 1543 3163 atque
1572 3107 1633 3147 ea
1680 3107 1801 3163 quae
1830 3093 2072 3147 nondum
2120 3101 2356 3157 exstant,

2533 3004 2633 3072 ογ’.
2676 3006 2863 3075 Ὅμως
2897 3009 2957 3059 οὗ
3011 3009 3169 3076 μόνον
3206 3009 3407 3076 ἀγαθός
3441 3011 3586 3061 ἐστιν
3631 3013 3659 3062 ὁ
3684 3010 3864 3075 Θεὸς,
3897 3011 4023 3073 ά),λά

2465 3098 2560 3149 καὶ
2597 3097 2825 3161 δίκαιος,
2857 3099 2952 3150 καὶ
2982 3098 3080 3169 ὁρᾷ
3115 3101 3181 3152 τά
3225 3101 3399 3153 πάντα
3436 3103 3599 3170 μήπω
3624 3101 3927 3168 γενόμενα,
3957 3102 4025 3161 εἰς

811 3186 1034 3258 perinde
1083 3201 1147 3241 ac
1204 3186 1250 3241 si
1300 3192 1501 3248 essent,
1554 3184 1838 3238 intuetur:
1890 3201 1911 3234 ι
1975 3184 2145 3237 Vocat
2192 3185 2358 3248 enim,
2388 3205 2429 3262 ο

2388 3205 2429 3262 (ς
2464 3186 2610 3239 ὄντα.
2648 3203 2667 3236 ι
2721 3188 2777 3239 Ὀ
2802 3187 2979 3240 καλῶν
3010 3188 3137 3258 γάρ,
3172 3189 3323 3258 φησὶ,
3354 3191 3419 3243 τὰ
3451 3189 3525 3258 μὴ
3551 3190 3682 3243 ὅντα
3714 3190 3795 3253 ὡς
3828 3191 3978 3243 ὄντα.
4004 3210 4017 3237 ι

811 3280 986 3349 inquit
1031 3278 1344 3347 Apostolus,
1396 3289 1459 3329 ca
1514 3276 1633 3344 quae
1685 3286 1791 3327 non
1827 3280 1973 3336 sunt,
2017 3281 2269 3341 tanquam
2300 3287 2363 3327 ea

811 3384 930 3438 qua:
961 3375 1087 3423 sunt
1116 3367 1181 3439 ξ’.
1249 3384 1271 3417 ι
1318 3363 1473 3430 Quod
1515 3363 1560 3417 si
1604 3377 1697 3416 eos
1756 3361 1848 3430 qui
1883 3361 2138 3429 puniendi
2165 3367 2358 3423 erant,

811 3475 998 3515 creare
1046 3473 1155 3512 non
1187 3457 1419 3511 debuit:
1462 3470 1558 3523 pro
1597 3467 1696 3508 sua
1750 3452 2074 3521 precellenti
2124 3451 2364 3505 bonitate

810 3566 905 3606 cos
934 3549 1115 3619 potius
1160 3561 1366 3620 creare,
1410 3560 1507 3599 nec
1550 3546 1825 3614 supplicio
1869 3540 2078 3595 allicere
2106 3540 2360 3599 debebat,

812 3640 907 3695 scd
949 3636 1300 3707 peccantibus
1327 3636 1607 3702 ignoscere
1641 3634 1858 3699 (horum
1902 3630 2043 3683 enim
2076 3636 2365 3695 utrumque

811 3730 865 3783 in
897 3728 1015 3796 ejus
1048 3734 1311 3796 potestate
1340 3732 1441 3789 est,
1484 3738 1676 3792 nempe
1719 3721 2016 3793 producere
2065 3727 2122 3773 et
2157 3718 2362 3773 condo-

814 3818 996 3887 nare).
1063 3816 1217 3882 Quod
1254 3816 1301 3871 si
1346 3830 1557 3883 :equum
1608 3823 1709 3877 est,
1757 3813 1823 3867 de
1858 3812 1926 3865 iis
1969 3811 2061 3879 qui
2103 3816 2362 3876 peccant,

814 3906 1137 3977 supplicium
1178 3904 1339 3967 sumi,
1370 3919 1583 3972 aequum
1637 3915 1853 3972 quoque
1899 3906 2036 3961 erat,
2093 3905 2150 3950 ut
2180 3905 2233 3951 et
2262 3895 2365 3965 ipsi

814 4006 1149 4051 crearentur.
1220 3992 1363 4049 Deus
1415 3994 1560 4047 enim
1624 4007 1687 4046 ea
1750 4004 1870 4061 qua
1910 4003 2016 4043 non
2048 3997 2196 4051 sunt,
2236 4000 2365 4054 per-

814 4088 942 4143 inde
982 4097 1145 4156 atque
1208 4099 1273 4139 ea
1321 4098 1440 4154 qua:
1475 4091 1600 4138 sum
1642 4080 1920 4151 perspicit,
1951 4091 2051 4132 nec
2079 4091 2144 4130 ex
2186 4090 2365 4130 rerum

815 4186 1007 4233 eventu
1054 4176 1297 4245 judicat,
1362 4171 1457 4227 sed
1524 4187 1590 4226 ex
1646 4170 1949 4223 futurorum
2016 4164 2363 4233 praenotione.

814 4267 949 4323 Nam
979 4282 1043 4321 ex
1085 4279 1274 4320 eorum
1331 4279 1451 4331 quae
1484 4262 1622 4317 ﬁunt
1680 4266 1901 4321 eventu,
1936 4270 2023 4311 res
2061 4270 2168 4308 non
2197 4254 2364 4316 novit,

815 4362 909 4417 sed
966 4374 1085 4429 qua:
1143 4356 1326 4411 l‘utura
1377 4363 1523 4420 sunt,
1583 4352 1818 4422 praescit,
1852 4358 1906 4404 et
1953 4363 2050 4417 pro
2106 4361 2203 4403 sua
2233 4361 2369 4415 pra:-

816 4452 1044 4507 scientia
1070 4464 1133 4503 ca
1196 4444 1447 4516 praelinit.
1499 4443 1605 4509 Qui
1666 4443 1810 4496 enim
1871 4438 2166 4508 pnesciret,
2224 4436 2367 4505 quod

2462 3276 2523 3329 El
2562 3277 2660 3346 μὲν
2686 3278 2879 3345 ὤφειλε
2932 3279 2997 3331 δι’
3029 3280 3335 3349 ἀγαοότητα
3374 3282 3446 3350 μὴ
3501 3281 3733 3351 ποιῆσαι
3770 3283 3911 3343 τοὺς
3938 3301 4021 3333 κο-

2460 3366 2783 3436 λαζομένους
2808 3411 2822 3433 ,
2862 3370 3056 3439 μᾶλλον
3108 3371 3175 3423 δι’
3200 3372 3640 3440 ὑπερϐάλλουσαν
3712 3374 4023 3440 ἀγαθότητα

2460 3455 2655 3524 ὤφειλε
2692 3459 2785 3509 καὶ
2837 3459 3059 3523 ποιῆσαι
3091 3462 3285 3522 αὐτοὺς
3309 3503 3323 3527 ,
3356 3463 3449 3514 καὶ
3485 3463 3559 3530 μὴ
3591 3462 3835 3515 κολάσαι
3862 3505 3875 3523 ,
3901 3464 4026 3516 em

2464 3549 2808 3617 συγχωρῆσαι
2854 3551 3036 3612 αὐτοῖς
3093 3552 3513 3620 ἁμαρτάνουσιν.
3571 3553 3752 3614 Αὐτὸς
3780 3553 3894 3621 γὰρ
3937 3554 4024 3604 κί-

2464 3655 2576 3709 ριος
2601 3638 2919 3708 ἀμφοτέρων
2946 3640 3059 3691 ἐστὶ
3078 3678 3092 3702 ,
3132 3642 3223 3692 καὶ
3247 3641 3339 3693 τοῦ
3371 3642 3613 3708 ποιῆσαι,
3647 3642 3745 3693 καὶ
3776 3642 3875 3694 τοῦ
3910 3659 4024 3707 συγ-

2462 3732 2732 3801 χωρῆσαι.
2773 3732 2833 3783 Εἰ
2888 3732 2945 3785 δὲ
2994 3733 3197 3785 δίκαιόν
3246 3735 3360 3785 ἐστι
3406 3735 3466 3786 τὸ
3522 3734 3862 3796 κολάζεσθαι
3910 3737 4027 3795 τοὺς

2465 3821 2894 3890 ἁμαρτάνοντας,
2919 3822 3120 3874 δίκαιον
3149 3818 3214 3890 ἦν
3250 3824 3344 3875 καὶ
3366 3823 3619 3890 γενέσθαι
3644 3824 3878 3885 αὐτούς.
3907 3824 4027 3891 Ὁρᾷ

2464 3910 2571 3979 γὰρ
2614 3909 2683 3962 τὰ
2718 3911 2791 3980 μὴ
2816 3912 2941 3964 ὄντα
2972 3951 2985 3973 ,
3015 3913 3088 3974 ὡς
3136 3911 3265 3964 ὄντα
3297 3914 3324 3964 ὁ
3358 3913 3487 3975 Θεὸς
3507 3954 3521 3978 ,
3552 3914 3647 3965 καὶ
3699 3915 3809 3965 οὐκ
3841 3915 3907 3965 ὲκ
3938 3913 4027 3981 τῆς

2465 4000 2782 4062 ἀποϐάσεως
2806 4004 2912 4054 τῶν
2943 4002 3281 4069 πραγμάτων
3312 4003 3482 4070 κρίνει
3508 4041 3522 4062 ,
3541 4002 3659 4054 ἀλλ’
3676 4004 3743 4055 ὲκ
3776 4005 3880 4071 τῆς
3907 4019 4026 4073 προ-

2465 4078 2717 4159 γνώσεως
2754 4092 2872 4151 τῶν,
2890 4091 3183 4160 ἐσομένων.
3230 4091 3383 4143 Ἐπεὶ
3434 4091 3553 4143 οὐδὲ
3582 4094 3648 4143 ὲκ
3676 4092 3786 4159 τῆς
3826 4092 4027 4146 ἀποδά-

2467 4198 2605 4243 σεως
2652 4181 2761 4234 τῶν
2817 4183 3115 4251 γινομένων
3170 4181 3445 4249 γινώσκει,
3481 4181 3615 4233 ἀλλὰ
3649 4181 4027 4251 ’προγινώσκει

2466 4272 2532 4325 τὰ
2561 4274 2812 4342 ἐσόμενα,
2836 4272 2928 4325 καὶ
2983 4273 3120 4324 κατὰ
3154 4270 3252 4341 τὴν
3314 4272 3620 4341 πρόγνωσιν
3672 4273 3852 4325 αὑτοῦ
3903 4291 4026 4342 προ-

2466 4361 2656 4431 ορίζει.
2690 4359 2810 4423 Πῶς
2833 4360 2888 4413 δὲ
2934 4361 3026 4413 καὶ
3053 4359 3413 4429 προγινώσκει
3444 4361 3503 4411 τὸ
3538 4360 3610 4428 μὴ
3647 4361 3955 4429 ὲσόμενονς
3986 4362 4029 4412 εἰ

2470 4449 2577 4517 γὰρ
2618 4448 2865 4518 προέγνω
2909 4449 3002 4500 τδν
3047 4448 3445 4517 ἁμαρτάνοντα,
3484 4448 3576 4499 καὶ
3639 4448 3715 4516 μὴ
3778 4450 4029 4517 ἐποίησεν

818 4543 1059 4596 futurum
1096 4554 1204 4592 non
1234 4538 1354 4593 est?
1395 4550 1518 4590 nam
1560 4535 1605 4588 si
1634 4546 1795 4602 quem
1834 4535 2183 4600 peccaturum
2233 4542 2369 4597 ιιι-αι-
2399 4510 2446 4566 υ

2399 4510 2446 4566 D
2474 4510 2675 4600 αὺτὺνξ
2696 4510 3099 4607 οἰδ-πρόγνωσις-
3145 4510 3233 4607 ἦν,
3265 4538 3399 4590 ἀλλὰ
3445 4510 3653 4605 πλάνη.⁷
3672 4510 3895 4607 ΙὭσπερ
3932 4510 4028 4606 γὰρ

816 4640 1028 4694 nosset,
1079 4632 1227 4683 hunc
1287 4644 1395 4682 non
1454 4618 1817 4683 condidisset,
1872 4618 2218 4691 praescientia
2263 4633 2373 4671 non

2474 4632 2506 4698 ἡ
2532 4627 2733 4695 γνῶσις
2760 4628 2866 4680 τῶν
2888 4628 3054 4680 ὄντων
3090 4629 3259 4693 ἐστὶν,
3290 4627 3431 4681 οὕτω
3461 4627 3554 4679 καὶ
3584 4627 3910 4696 πρόγνωσις
3931 4627 4028 4679 τῶν

819 4722 978 4782 foret,
1010 4720 1103 4774 sed
1155 4733 1331 4773 error.
1373 4716 1527 4770 Sicut
1580 4714 1727 4767 enim
1771 4712 2014 4780 cognitio
2054 4718 2140 4764 est
2188 4723 2372 4764 rerum

820 4813 1035 4867 illarum
1081 4826 1201 4880 qua:
1245 4816 1393 4873 sunt,
1438 4808 1518 4861 sic
1554 4814 1609 4861 ct
1658 4803 2005 4874 pnescientia
2043 4816 2229 4857 carum
2271 4808 2374 4866 est,

819 4918 941 4973 qua:
976 4910 1125 4956 certo
1152 4901 1347 4954 futura:
1376 4906 1523 4952 sunt.

891 4992 1055 5064 460
1089 4991 1177 5044 74.
1212 4988 1329 5044 Non
1358 5002 1488 5061 ergo
1513 4986 1682 5039 Deum
1714 4984 2047 5053 judicemus.
2073 4978 2374 5035 Consilium

2476 4721 2693 4774 πάντων
2718 4719 2987 4789 ἐσομένων
3014 4719 3127 4771 ἐστι
3144 4729 3189 4772 ε.

2542 4982 2633 5035 οδ⁹.
2666 4979 2759 5049 Μὴ
2799 4972 2888 5031 οὖν
2922 4977 3193 5046 κρίνωμεν
3227 4976 3319 5027 τὸν
3367 4975 3516 5027 Θεὸν.
3549 4976 3624 5028 Οὐ
3663 4976 3780 5045 γὰρ
3820 4977 4030 5043 οἴδαμεν

827 5086 1092 5154 siquidem
1130 5084 1249 5152 ejus
1284 5081 1437 5135 nobis
1474 5079 1817 5147 exploratum
1859 5090 1966 5130 non
2024 5082 2152 5129 est:
2194 5091 2211 5122 ι
2248 5072 2379 5138 Quis

2476 5070 2573 5140 τὴν
2604 5068 2795 5139 βουλὴν
2823 5068 2986 5122 αὑτοῦ
3006 5083 3018 5096 ·
3059 5084 3076 5116 ι
3112 5066 3205 5127 Τίς
3238 5066 3345 5134 γάρ
3374 5066 3513 5132 ἔγνω
3534 5066 3664 5118 νοῦν
3713 5069 3933 5137 Κυρίου
3958 5085 3972 5130 ;
4001 5068 4026 5131 ἦ

828 5177 970 5229 enim
1007 5173 1157 5226 novit
1198 5165 1417 5226 sensum
1452 5167 1707 5221 Domini?
1740 5174 1834 5219 aut
1866 5166 1992 5236 quis
2024 5158 2379 5219 consiliarius

831 5269 949 5338 ejus
972 5265 1073 5321 luit
1106 5264 1186 5317 ἐἳ
1224 5282 1241 5314 ι
1272 5262 1513 5318 Consilia
1536 5259 1731 5327 quippe
1756 5257 2051 5313 suaomuia
2087 5269 2192 5309 non
2228 5263 2379 5322 pate-

2484 5162 2564 5223 τίς
2596 5158 2894 5229 σύμϐουλος
2942 5157 3099 5210 αὐτοῦ
3135 5158 3383 5235 ὲγένετος
3420 5176 3436 5207 ι
3471 5158 3543 5208 Οὐ
3582 5158 3693 5226 γὰρ
3722 5161 3909 5211 πᾶσαν
3946 5157 4031 5222 τὴν

2490 5248 2697 5318 βουλὴν
2728 5247 2889 5300 αὑτοῦ
2924 5245 3272 5313 ἀπεκάλυψεν
3309 5247 3457 5314 ἡμῖν,
3493 5245 3604 5296 ἀλλ’
3640 5246 3782 5316 ὅπερ
3816 5246 4030 5313 συνέξε-

905 5443 946 5472 ει
975 5438 1123 5492 omn.
1154 5437 1313 5501 xei.
1390 5435 1430 5465 υ
1463 5433 1502 5487 ιι
1531 5433 1667 5485 Tim.
1696 5445 1757 5495 ιι,
1788 5402 1880 5483 eo;
1952 5429 1995 5460 ιο
2035 5427 2152 5481 Lib.
2191 5441 2262 5491 ιν,
2292 5422 2367 5477 De
2406 5424 2532 5492 ﬁde,

2191 5441 2262 5491 Iv,
2292 5422 2367 5477 De
2406 5424 2532 5492 ﬁde,
2566 5435 2685 5490 cap.
2711 5419 2798 5473 ‘20.
2877 5420 2918 5450 ³⁷
2948 5418 3100 5472 Rom.
3132 5433 3201 5481 ιν,
3226 5418 3309 5474 l7.
3385 5420 3425 5451 ³⁸
3456 5417 3614 5473 Rom.
3648 5412 3706 5482 ιί,
3736 5417 3828 5472 54.

2115 5570 2345 5627 Villile
2384 5566 2779 5625 LECTIONES.

919 5698 943 5730 ε
968 5684 1274 5757 Legendum
1298 5695 1421 5739 cum
1476 5678 1637 5733 Billio
1670 5676 1881 5735 πάντως
1914 5671 2208 5752 ἐσομένων,
2240 5684 2415 5740 eorum
2442 5680 2556 5735 qua:
2599 5662 2805 5717 omnino
2832 5665 3010 5731 futura
3050 5670 3184 5713 sum.
