4156 6436
201 383 328 449 1573

1148 379 1521 441 DIALOGUS
1545 382 1837 442 CONTRA
1870 367 2354 441 MANIClI/EOS'.

3230 382 3253 442 1
3264 379 3365 445 574

195 511 285 561 ρεν
320 493 448 561 ἡμῖν
474 492 691 558 γνῶναι.
726 491 900 558 Ὅπερ
935 488 991 540 δὲ
1022 489 1082 539 οὺ
1125 489 1415 555 συνέφερεν
1445 490 1574 556 ἡμῖν
1601 485 1730 554 γνῶ-

1780 498 1805 544 ι
1837 487 1960 539 fecit
2013 486 2210 549 nobis,
2274 485 2382 539 nisi
2444 498 2506 539 ea
2553 485 2765 538 deruunt
2813 501 2931 555 qua:
2984 494 3167 541 nostra
3231 491 3370 546 seire

190 600 296 645 ναι,
328 582 625 649 ἀπέκρυψε.
659 579 749 648 Μὴ
777 576 869 630 οῦν
910 575 1218 643 εὐθὲνωμεν
1260 576 1350 626 τὸν
1375 575 1534 626 Θεόν⁸
1569 575 1727 637 αὐτὸς

108 734 114 740 ,
190 676 295 741 γάρ
330 675 472 724 ἐστιν
504 673 531 721 6
567 668 773 738 κριτὴς,
828 667 920 719 καὶ
969 667 1127 725 αὐτὸς
1175 666 1320 717 ἐστιν
1354 665 1386 732 ἡ
1432 664 1581 732 πηγὴ
1620 666 1726 717 τῶν

186 762 428 830 ἀγαθῶν·
463 760 556 811 καὶ
598 759 696 810 οὐκ
728 756 873 809 ἔστιν
922 755 1145 821 ἀγαθὸν,
1185 755 1232 806 εί
1266 753 1387 822 μὴὸ
1409 754 1567 815 αὐτὸς
1603 753 1726 821 βού-

187 850 365 906 λεται,
391 849 575 918 ὥσπερ
618 848 714 900 οὑκ
758 847 869 900 ἔστι
899 846 1013 913 φῶς
1032 883 1047 910 ,
1082 847 1131 897 εί
1178 844 1252 914 μὴ
1279 843 1337 895 τὸ
1364 847 1427 896 ὲκ
1455 844 1547 896 τοῦ
1578 844 1726 913 ἡλίου

184 938 587 1010 πηγαζὸμενον.

252 1117 346 1162 οε’.
385 1109 551 1169 Αὐτὸς
575 1109 671 1177 μὲν
704 1109 793 1160 οὖν
821 1110 848 1160 6
880 1110 1030 1170 Θεὸς,
1058 1109 1212 1178 φύσει
1240 1109 1439 1176 ἀγαθὸς
1472 1109 1563 1161 καὶ
1594 1125 1727 1176 συμ-

182 1198 366 1268 παθὴς
405 1198 499 1259 ὢν,
530 1200 587 1250 οὐ
617 1198 758 1249 θέλει
786 1198 884 1266 τὴν
911 1199 1205 1266 ἁμαρτίαν,
1228 1200 1295 1275 ei)
1327 1199 1467 1251 θέλει
1508 1199 1598 1252 τὸν
1632 1197 1727 1250 θά-

182 1305 343 1341 νατον
392 1286 483 1339 τοῦ
511 1288 829 1357 ἁμαρτω).οῦ
859 1328 873 1350 ,
898 1289 1017 1340 οὐδὲ
1062 1289 1324 1355 τέρπεται
1359 1289 1443 1340 ἐπ’
1485 1288 1729 1357 ἀπωλείᾳ

182 1378 404 1439 ζώντων
428 1417 443 1439 ,
476 1379 593 1429 οὐδὲ
633 1378 793 1431 πάθει
842 1378 1009 1446 ὀργῆς
1051 1379 1337 1446 κατέχεται
1362 1418 1375 1441 ,
1404 1378 1435 1446 ἦ
1487 1376 1725 1440 κολάζει,

179 1467 321 1520 ὰ).λά
351 1470 482 1519 πᾶσι
516 1468 666 1536 βρύει
695 1466 763 1518 τά
805 1467 1000 1533 ἀγαθά.
1042 1468 1099 1518 '0
1130 1468 1330 1530 ποθῶν,
1367 1467 1633 1537 λαμϐάνει
1658 1483 1672 1498 ο
1701 1468 1729 1518 6

176 1558 291 1623 γὰρ
320 1556 516 1623 ἀγαθὸς
543 1594 557 1617 ,
586 1556 802 1623 ἀγαθῶν
851 1557 1138 1623 τυγχάνει·
1178 1556 1269 1608 καὶ
1305 1558 1360 1608 ὲν
1404 1557 1500 1625 μὲν
1526 1555 1601 1623 τῷ
1632 1555 1729 1625 βίῳ

177 1645 358 1713 τούτῳ
379 1646 654 1714 οἰκονομία
684 1644 765 1705 τίς
795 1647 930 1708 ἐστι,
967 1646 1058 1697 καὶ
1103 1644 1445 1715 κυϐέρνησις,
1476 1646 1568 1697 καὶ
1600 1645 1729 1715 πρόσ

178 1752 306 1788 vat:
346 1736 607 1806 ἁρῤητος,
644 1736 778 1805 πρὸς
810 1735 1144 1806 ἐπιστροφὴν
1180 1736 1273 1788 καὶ
1305 1736 1589 1803 μετάνοιαν
1631 1754 1728 1788 καρ

178 1823 354 1878 λοῦσα
381 1828 505 1888 τοὺς
537 1826 963 1895 ἁμαρτάνοντας.
1004 1825 1149 1880 Μετὰ
1176 1826 1232 1877 δὲ
1279 1824 1520 1887 θάνατον,
1551 1825 1730 1877 οὐκέτι

176 1916 382 1984 τροπὴ,
419 1916 599 1967 οὐκέτι
655 1915 937 1983 μετάνοια,
969 1914 1086 1981 οὐχὶ
1118 1913 1211 1965 τοῦ
1246 1914 1379 1966 Θεοῦ
1409 1915 1482 1983 μὴ
1511 1915 1733 1984 δεχομέ-

176 2022 278 2055 νου
334 2004 654 2073 μετάνοιαν·
686 2003 847 2063 αὐτὸς
895 2004 1001 2071 γάρ
1056 2002 1245 2055 ἑαυτὸν
1292 2002 1632 2071 ἀρνήσασθαι
1671 2002 1731 2053 οὐ

176 2094 436 2155 δύναται,
467 2092 585 2145 οὐδὲ
621 2091 981 2146 ἁποὸάλλεται
1012 2091 1111 2160 τὴν
1143 2092 1481 2159 συμπάθειαν
1507 2107 1521 2121 ο
1547 2090 1660 2143 ἀλλ’
1699 2091 1731 2159 ἡ

173 2182 334 2252 ψυχὴ
381 2182 565 2235 οὐκέτι
596 2182 871 2251 τρέπεται.
918 2180 1008 2232 Διὸ
1045 2180 1145 2233 κᾶν
1181 2197 1263 2241 τις
1302 2180 1502 2251 ποιήσῃ
1554 2180 1734 2241 πάσας

177 2274 284 2335 τὰς
332 2272 708 2338 δικαιοσύνας,
750 2271 842 2324 καὶ
903 2265 1234 2338 ἐπιστρέψας
1286 2270 1604 2342 ἁμαρτήσῃ,
1640 2269 1733 2321 καὶ

179 2362 376 2433 ἐξέλθῃ
405 2363 582 2431 ποθῷν
605 2362 701 2431 τὴν
729 2360 1001 2432 ἁμαρτίαν
1030 2362 1093 2413 ὲκ
1119 2360 1210 2412 τοῦ
1238 2359 1372 2429 βίου,
1390 2363 1446 2412 ὲν
1473 2362 1537 2429 τῇ
1556 2363 1733 2429 ἁμαρ-

179 2454 278 2522 τίᾳ
305 2451 466 2505 αὑτοῦ
498 2440 864 2505 ἀποθανεῖται.
917 2433 1167 2519 Ὁμοίως
1196 2450 1287 2503 καὶ
1332 2453 1360 2502 6
1392 2449 1731 2519 ἁμαρτωλὸς,

183 2542 287 2595 ἐὰν
319 2543 641 2611 μετανοήσῃ,
672 2542 764 2593 καὶ
793 2542 849 2593 ὲν
882 2543 946 2609 τῇ
986 2539 1242 2610 μετανοίᾳ
1276 2540 1439 2592 αὐτοῦ
1468 2539 1732 2609 ἀποθάνῃ,

179 2632 247 2686 οὐ
283 2632 357 2702 μὴ
413 2632 719 2703 μνησθῶσιν
765 2631 821 2683 αἱ
871 2629 1134 2705 ἁμαρτίαι
1185 2629 1366 2683 αὐτοῦ.
1412 2630 1498 2693 Ὠς
1542 2630 1649 2699 γὰρ
1686 2632 1732 2682 oi

182 2722 438 2792 δαίμονες
497 2722 633 2792 μετά
671 2722 767 2791 τὴν
808 2720 1080 2775 ἔκπτωσιν
1129 2719 1189 2772 οὐ
1223 2720 1589 2789 μετανοοῦσιν,
1615 2720 1735 2772 οὐδὲ

181 2812 236 2864 οι
281 2810 497 2878 ἄγγελοι
539 2809 633 2863 νῦν
663 2810 1056 2879 ἁμαρτάνουσι,
1086 2808 1202 2861 ἀλλ’
1249 2809 1545 2877 ἀμφότεροι
1581 2808 1735 2876 ἔσχον

181 2902 247 2955 τὸ
276 2901 575 2972 ἄτρεπτον,
621 2899 764 2952 οὕτω
801 2900 892 2953 καὶ
933 2900 983 2951 οἱ
1026 2898 1299 2968 ἄνθρωποι
1336 2900 1471 2968 μετά
1511 2897 1735 2951 θάνατον

183 2993 247 3043 τὸ
287 2990 548 3060 ἄτρεπτον
580 2989 779 3058 ἔχουσι.
816 2988 924 3041 Καὶ
964 2990 1012 3040 οἱ
1059 2989 1159 3056 μὲν.
1202 2989 1397 3041 δίκαιοι
1448 2988 1735 3049 ποθοῦντες

1829 578 2107 629 intererat.
2152 577 2282 641 Quae
2316 584 2495 629 autem
2525 578 2667 630 scire
2708 579 2882 630 nostri
2919 594 3025 631 non
3073 590 3212 645 erat,
3261 581 3372 632 ha'e

1828 666 2139 718 occultavit.
2165 664 2271 718 Nec
2300 666 2524 733 proinde
2551 667 2819 719 rationem
2851 682 2879 718 a
2915 666 3022 721 Deo
3060 685 3367 737 poscamus.

1828 754 1947 825 Ipse
1980 756 2124 807 enim
2158 762 2211 808 et
2252 755 2439 822 judex,
2474 762 2527 806 et
2568 755 2831 808 bonorum
2884 756 3027 808 idem
3080 759 3196 826 ipse
3251 761 3370 814 fons

1826 853 1910 899 εει
1942 864 1955 897 ;
1993 858 2093 897 nec
2136 845 2332 895 bonum
2380 844 2546 894 ullum
2581 852 2684 904 est,
2713 844 2817 897 nisi
2868 844 3014 912 quod
3069 846 3183 913 ipse
3212 849 3366 912 velit;

1828 936 1968 988 sicut
1998 948 2065 987 nc
2108 934 2285 986 lumen
2317 931 2479 984 ullum
2528 942 2631 993 est,
2674 932 2782 986 nisi
2828 932 2972 1001 quod
3007 950 3036 987 a
3070 934 3188 988 sole
3221 935 3369 987 deri-

1828 1032 2004 1077 VMUI‘.

1895 1112 1984 1165 75.
2034 1113 2111 1165 Ac
2142 1126 2269 1166 sane
2300 1111 2459 1173 Deus,
2510 1126 2634 1165 cum
2681 1122 2871 1166 natura
2905 1111 3082 1168 bonus
3116 1123 3168 1167 et
3203 1116 3367 1169 mise-

1828 1203 1998 1255 .'icors
2028 1202 2121 1265 sit,
2148 1216 2245 1255 nec
2276 1213 2555 1269 peceatum
2592 1204 2725 1264 vult,
2760 1218 2858 1256 nec
2886 1204 3193 1271 peccatoris
3222 1219 3371 1255 mor-

1828 1299 1956 1355 tem,
2012 1306 2112 1344 nec
2169 1291 2470 1343 delectatur
2523 1290 2577 1341 in
2637 1290 2863 1351 interitu
2925 1291 3222 1343 viventium
3287 1291 3368 1353 η,

1829 1393 1929 1432 nec
1980 1379 2072 1432 irae
2124 1378 2338 1430 atl‘cclui
2382 1378 2629 1445 subiacet
2678 1392 2782 1443 quo
2850 1392 3059 1445 pmnam
3120 1377 3367 1430 inferat:

1828 1468 1956 1535 quin
1984 1469 2159 1535 potius
2191 1468 2243 1519 in
2279 1482 2467 1520 omnes
2517 1468 2654 1519 bona
2707 1467 3009 1533 profundit.
3044 1466 3147 1530 Qui
3198 1470 3368 1534 cupit,

1827 1557 2063 1625 accipit:
2100 1571 2221 1608 nam
2255 1558 2348 1624 qui
2391 1556 2503 1624 jan
2549 1556 2726 1609 honus
2781 1565 2886 1616 est,
2924 1556 3187 1623 ampliora
3231 1556 3370 1608 bona

1829 1646 2201 1714 consequitur.
2242 1644 2419 1713 Atque
2450 1646 2505 1697 in
2536 1645 2637 1698 hac
2678 1646 2893 1713 quidem
2925 1646 3033 1696 vita
3077 1646 3373 1697 moderatio

1832 1737 2072 1804 quzedam
2107 1746 2206 1800 est,
2241 1743 2293 1788 et
2333 1735 2675 1802 gubernatio,
2726 1749 3035 1801 arcanaque
3084 1735 3372 1801 providen—

1836 1827 1929 1889 tia,
1962 1840 2067 1892 qua
2116 1824 2150 1876 ii
2194 1826 2285 1892 qui
2335 1832 2589 1892 peccant,
2632 1824 2697 1877 ad
2744 1826 3021 1877 meliorem
3064 1824 3269 1891 frugem
3321 1831 3373 1876 et

1835 1912 2207 1981 paenitentiam
2261 1921 2604 1964 revocantur.
2654 1910 2787 1964 Post
2816 1923 3048 1963 mortem
3101 1926 3227 1963 vero
3275 1926 3372 1963 nec

1833 2000 2229 2065 conversionis,
2262 2014 2361 2053 nec
2386 2000 2717 2067 paenitentiae
2760 2000 2911 2053 locus
2943 2010 3044 2053 est.
3084 1999 3197 2051 Non
3226 2000 3370 2068 quod

1834 2089 1976 2145 Deus
2020 2089 2391 2157 pmnitentiam
2435 2092 2477 2120 ⁸ο
2518 2105 2626 2143 ιιοη
2679 2089 2940 2157 suscipiat
2994 2088 3189 2158 (neque
3227 2091 3373 2143 enim

1834 2180 2073 2249 seipsum
2129 2194 2327 2248 negare
2372 2187 2571 2248 potest,
2621 2194 2719 2232 nec
2776 2180 3180 2233 miserationem
3216 2195 3369 2234 suam

1832 2271 2059 2339 abiicit),
2104 2270 2197 2324 sed
2220 2269 2460 2323 conditio
2490 2270 2683 2323 anima:
2712 2278 2814 2332 est,
2851 2284 2968 2337 qua:
2996 2270 3236 2323 converti
3278 2283 3371 2322 ne=-

1832 2369 2015 2428 queat.
2056 2358 2205 2413 Unde
2235 2360 2280 2412 si
2320 2361 2441 2427 quis
2488 2360 2741 2412 omnibus
2786 2358 3010 2426 justitia:
3056 2360 3373 2413 muneribus

1836 2451 2115 2519 fungatur,
2144 2449 2341 2502 deinde
2371 2457 2578 2501 mutata
2613 2451 2900 2511 sententia,
2934 2458 3136 2516 peccet,
3168 2457 3219 2502 et
3251 2463 3374 2502 eum

1834 2541 2041 2610 peccati
2074 2538 2370 2607 cupiditate
2414 2554 2442 2591 e
2486 2539 2591 2591 vita
2636 2539 2879 2604 excedat,
2930 2541 2982 2591 in
3020 2548 3241 2606 peccato
3274 2554 3375 2594 suo

1834 2631 2114 2683 morietur.
2170 2626 2365 2680 Eodem
2418 2627 2580 2679 modo
2614 2636 2893 2694 peccator,
2930 2628 2975 2682 si
3026 2644 3149 2682 eum
3199 2630 3376 2697 pueri-

1834 2721 2021 2780 tuerit,
2092 2718 2254 2785 inque
2316 2717 2635 2784 pcenitentia
2688 2727 2915 2771 mortem
2985 2719 3163 2779 obeat,
3229 2721 3374 2772 nulla

1833 2810 2112 2877 culparum
2145 2808 2263 2876 ejus
2291 2806 2529 2861 manebit
2558 2807 2841 2860 memoria.
2896 2805 3048 2860 Sicut
3083 2808 3224 2861 enim
3267 2810 3377 2862 da:-

1835 2913 2021 2953 mones
2056 2906 2175 2967 post
2206 2898 2418 2966 lapsum
2458 2911 2564 2949 non
2598 2896 2953 2964 resipiscam,
3002 2913 3174 2966 neque
3213 2900 3374 2952 etiam

1836 2988 2011 3057 angeli
2057 3003 2200 3042 nunc
2232 2994 2480 3055 peccant,
2531 2985 2621 3040 sed
2660 2986 2876 3054 utrique
2926 2987 3029 3039 hoc
3069 2987 3284 3052 habent,
3320 2998 3378 3042 ut

185 3080 280 3133 τὸν
308 3078 460 3139 Θεὸν,
490 3078 582 3129 καὶ
609 3077 818 3145 ἔχοντες
851 3074 1010 3127 αὐτὸν
1046 3074 1149 3135 ἀεὶ,
1175 3074 1578 3143 εὐφραίνονται·
1600 3074 1647 3123 οἱ
1678 3072 1730 3124 δὲ

1780 3080 1982 3161 :nulla
2024 3077 2075 3130 in
2125 3077 2271 3145 ipsos
2332 3076 2558 3129 mutatio
2614 3075 2771 3127 cadat
2819 3077 2900 3129 sic
2950 3076 3197 3131 homines
3256 3088 3377 3146 post.

185 3169 499 3238 ἁμαρτωλοὶ
531 3167 816 3227 ποθοῦντες
845 3164 942 3233 τὴν
973 3163 1261 3232 ἁμαρτίαν,
1291 3162 1381 3215 καὶ
1417 3163 1490 3231 μὴ
1520 3162 1730 3230 ἔχοντες

1825 3169 2029 3225 cbitum
2074 3166 2480 3219 conversionem
2522 3164 2726 3217 nullam
2779 3166 3089 3230 admittunt.
3124 3168 3351 3236 chusti

186 3257 287 3319 τὰς
314 3256 442 3318 ὔλας
484 3256 580 3323 τῆς
610 3254 899 3324 ἁμαρτίας,
931 3253 1005 3314 ὡς
1038 3252 1140 3303 ὑπὸ
1194 3251 1357 3320 πυρὸς
1384 3250 1479 3302 καὶ
1525 3249 1730 3317 σκώλη-

1826 3258 2043 3328 quidem
2080 3256 2255 3321 Deum
2298 3255 2687 3320 desiderantes,
2734 3256 2853 3325 ejus
2895 3258 3241 3325 possessione
3282 3276 3375 3327 pe-

188 3362 288 3407 κος
321 3345 756 3411 κατεσθιόμενα,
788 3332 1120 3404 κολάζονται,
1172 3340 1437 3410 μηδεμίαν
1490 3356 1733 3409 παρηγο-

192 3437 316 3506 ρίαν
348 3435 576 3503 ἐχοντες.
610 3434 675 3485 Τί
706 3432 811 3502 γάρ
840 3434 952 3483 ὲστι
1001 3431 1254 3493 κόλασις,
1295 3432 1343 3481 εί
1387 3430 1462 3499 μὴ
1508 3429 1601 3481 τοῦ
1634 3447 1730 3480 πο-

190 3524 455 3593 θουμένου
501 3524 789 3592 στέρησιςς
840 3520 991 3573 Κατὰ
1034 3520 1127 3590 τὴν
1182 3519 1469 3587 ἀναλογίαν
1515 3519 1604 3571 οῦν
1642 3518 1731 3570 τοῦ

190 3613 382 3675 πόθου,
412 3614 547 3665 οἵτε
583 3613 673 3665 τὸν
721 3612 849 3664 Θεὸν
896 3610 1181 3673 ποθοῦντες
1214 3611 1610 3680 εὐφραίνονται,
1643 3610 1735 3661 καὶ

189 3705 243 3755 oi
279 3702 372 3773 τὴν
401 3701 667 3771 ἁμαρτίαν
698 3700 981 3759 ποθοῦντες
1024 3698 1338 3761 κολάζονται
1373 3712 1385 3727 ·
1421 3698 1511 3749 καὶ
1549 3698 1654 3765 γὰρ
1687 3698 1733 3747 oi

191 3793 643 3861 ἐπιτυγχάνοντες
676 3790 766 3842 τοῦ
795 3789 1147 3858 ποθουμένου,
1167 3788 1379 3839 κατὰτὸ
1411 3787 1606 3856 μέτρον
1639 3785 1732 3837 τοῦ

194 3880 360 3936 πόθου
413 3880 823 3949 εὐφραίνονται·
874 3880 967 3930 καὶ
995 3879 1041 3929 οἱ
1074 3878 1564 3946 ἀποτυγχάνοντες,
1600 3876 1737 3929 κατὰ

190 3972 260 4023 τὸ
293 3972 485 4042 μέτρον
523 3971 614 4025 τοῦ
650 3970 810 4023 πόθου
846 3968 1160 4022 ὀδυνῶνται.

191 4062 495 4119 secundum
581 4060 833 4115 desiderii
914 4072 1225 4111 mensuram
1310 4056 1653 4111 obiectantur

190 4155 380 4208 ditatis
413 4167 521 4206 sua:
558 4149 717 4204 modo
753 4149 1170 4203 discruciantur.

267 4250 368 4308 οςν,
407 4243 596 4310 Ὑμεῖς
632 4242 687 4294 δὲ
715 4242 901 4293 εἴπατε
924 4240 1073 4309 ἡμῖν,
1095 4237 1146 4288 τί
1176 4240 1290 4288 ὲστι
1320 4239 1704 4308 παντοκράτωρ
1729 4258 1741 4304 ;
1779 4243 1819 4296 D

192 4337 417 4395 Πάντως
442 4336 472 4385 ό
499 4332 692 4384 πάντα
722 4329 966 4397 κρατῶν.
997 4330 1131 4396 Φησὶ
1168 4328 1273 4395 γὰρ
1316 4329 1343 4379 6
1388 4330 1702 4392 Ἀπόστολος
1726 4347 1739 4361 ι

196 4442 217 4474 ι
266 4422 319 4474 Ὀ
347 4421 402 4473 δὲ
435 4420 607 4471 πάντα
639 4416 1048 4477 κατασκευάσας
1081 4415 1229 4477 Θεὸς.
1269 4434 1285 4464 ι
1326 4416 1433 4467 Καὶ
1467 4416 1581 4478 πῶς
1609 4434 1742 4470 παν-

189 4512 478 4582 τοκράτωρ
518 4512 545 4561 ὁ
574 4509 723 4572 Θεὸς,
762 4509 835 4577 μὴ
864 4506 1078 4575 κρατῶν
1107 4508 1200 4575 τῆς
1227 4506 1355 4573 me;
1384 4507 1476 4559 καὶ
1510 4508 1606 4575 τῆς
1640 4525 1737 4559 κα-

192 4602 318 4664 κίας
362 4618 374 4664 ;
422 4602 454 4671 ἢ
512 4601 625 4662 πῶς
676 4597 1040 4668 Δημιουργδς.
1074 4596 1145 4665 μὴ
1203 4596 1597 4665 δημιουργήσας
1649 4597 1744 4667 τὴν

196 4690 357 4759 ὓληνς
390 4690 421 4758 ἢ
463 4690 578 4752 πῶς
619 4688 766 4752 Θεὸς,
807 4687 999 4754 ἀτελὴς
1033 4726 1046 4749 ,
1076 4687 1166 4739 καὶ
1223 4686 1415 4754 ἐλλιπῆ
1459 4688 1593 4755 ἔχων
1646 4687 1743 4757 τὴν

195 4780 455 4849 δύναμιν;
484 4779 578 4831 Διά
608 4779 657 4830 τί
710 4779 818 4847 γὰρ
848 4777 946 4829 οὐκ
1001 4777 1175 4828 ἀνεῖλε
1230 4777 1323 4828 καὶ
1378 4776 1621 4840 ὑπέταξε,
1647 4780 1743 4847 τὴν

200 4873 369 4939 ὓλην,
403 4870 515 4923 ἀλλ’
556 4870 733 4920 εἴασεν
782 4866 945 4937 αὐτὴν
996 4866 1420 4930 στασιάζουσαν,
1454 4868 1543 4918 καὶ
1584 4867 1741 4935 μέχρι

200 4963 392 5032 καιροῦ
429 4961 637 5032 ροπῆς;
675 4960 733 5010 Ei
784 4960 879 5029 μὲν
911 4958 984 5027 μὴ
1042 4956 1336 5027 βουληθεὶς,
1369 4959 1465 5008 οὐκ
1518 4957 1737 5023 ἀγαθός.

201 5055 313 5106 Οὐκ
346 5053 543 5120 ἀγαθοῦ
580 5052 708 5121 γὰρ,
738 5051 852 5103 οὐδὲ
891 5050 1119 5113 δικαίου,
1150 5048 1209 5100 τὸ
1247 5048 1604 5115 ὲφησυχάζειν
1633 5050 1739 5109 τοῖς

201 5143 622 5213 ἁμαρτάνουσιν.
657 5142 714 5193 El
740 5141 793 5192 δὲ
822 5138 896 5209 μὴ
926 5139 1189 5207 δυνηθεὶς,
1220 5137 1349 5199 Θεὸς
1382 5137 1633 5197 ἀδύνατος
1668 5137 1739 5205 μὴ

203 5236 290 5301 είη
318 5233 472 5295 Θεός*
505 5232 562 5284 οὐ
592 5232 697 5299 γάρ
725 5228 944 5281 δύνασθε
977 5230 1167 5292 εἰπεῖν,
1203 5227 1380 5288 καθὼς
1418 5228 1573 5293 ἡμεῖς
1608 5224 1740 5292 ἔφη·

210 5342 307 5397 μεν
335 5325 461 5394 περὶ
501 5322 592 5375 τοῦ
629 5319 876 5389 γενέσθαι
924 5320 1014 5371 καὶ
1045 5314 1180 5371 εἶναι
1224 5318 1312 5370 τὸν
1352 5316 1588 5369 διάϐολον
1613 5356 1626 5379 ,
1658 5317 1737 5366 ὅτι

214 5413 337 5471 αὐτὸ
368 5412 426 5463 τὸ
470 5406 604 5462 εἶναι
641 5410 800 5461 αὑτὸν
857 5408 1058 5474 ἀγαθόν
1110 5409 1279 5459 ἐστιν..
1312 5406 1499 5473 Ἡμεῖς
1540 5405 1645 5472 γὰρ
1678 5407 1739 5455 ὲκ

1830 3348 1982 3400 rcnni
2036 3338 2419 3411 obiectantur;
2469 3356 2784 3414 peccatores
2845 3355 3031 3399 contra
3098 3358 3376 3416 peceatum

1835 3435 2303 3505 concupisceiites,
2346 3450 2445 3489 nec
2486 3437 2746 3502 peccandi
2786 3439 3063 3490 materiem
3098 3439 3377 3502 habentes,

1836 3537 2089 3595 tanquam
2126 3526 2248 3594 igne
2281 3536 2332 3579 et
2360 3541 2543 3580 verme
2573 3527 2803 3590 corrosi,
2846 3530 3185 3592 cruciantur,
3233 3532 3377 3584 omni

1836 3632 2061 3685 prorsus
2094 3617 2289 3671 solatio
2322 3617 2587 3671 destituti.
2633 3615 2770 3681 Quid
2807 3620 2947 3671 enim
2992 3620 3135 3672 aliud
3173 3622 3380 3688 suppli-

1836 3707 1979 3758 cium
2006 3708 2096 3769 sit,
2126 3708 2229 3760 nisi
2263 3708 2508 3775 expetitaa
2540 3708 2617 3759 rei
2666 3708 2938 3774 privatio?
2985 3707 3120 3775 Ergo
3152 3725 3249 3777 pro
3283 3727 3378 3762 cu-

1840 3796 2085 3863 piditatis
2125 3796 2333 3848 ratione
2367 3796 2404 3848 ii
2440 3796 2531 3864 qui
2566 3796 2729 3850 Deum
2761 3805 3035 3866 exoptant,
3072 3800 3125 3851 in
3170 3800 3379 3854 deliciis

1838 3893 2051 3951 agunt:
2108 3885 2199 3953 qui
2248 3900 2374 3938 vero
2434 3896 2655 3954 peccato
2707 3886 3003 3956 indulgent,
3060 3891 3376 3957 puniuntur.

1841 3972 1972 4024 Nam
2002 3981 2055 4027 et
2086 3974 2161 4026 illi
2197 3976 2288 4042 qui
2323 3990 2433 4028 rem
2468 3990 2628 4043 quam
2660 3978 2971 4045 cupierunt,
2993 3990 3378 4049 assequuntur,

1715 4078 1729 4112 :
1772 4071 1960 4115 contra
1993 4065 2064 4118 illi
2113 4064 2205 4133 qui
2240 4080 2299 4120 re
2339 4066 2641 4120 desiderata
2672 4069 3010 4133 exciderunt,
3070 4086 3169 4139 pm
3232 4074 3383 4137 cupio

1917 4239 2004 4295 76.
2070 4240 2177 4294 Vos
2228 4248 2407 4293 autem
2494 4242 2620 4295 mihi
2685 4230 3378 4317 respondeatis:quidnam

1840 4332 2525 4398 omnipotentis-vocabulo
2589 4334 2983 4402 signiﬁcatur?
3042 4353 3220 4393 annon
3287 4345 3377 4411 qui

1839 4423 2086 4475 universa
2122 4421 2345 4490 imperic
2390 4423 2671 4475 continet?
2702 4424 2787 4475 Ait
2841 4424 2985 4477 enim
3040 4429 3327 4497 Apostolus
3362 4451 3375 4486 :

1841 4527 1857 4559 ι
1898 4509 1997 4573 Qui
2026 4509 2206 4563 omnia
2253 4510 2477 4575 creavit,
2516 4509 2655 4564 Deus
2699 4521 2780 4565 εει
2830 4512 2895 4566 ⁸⁸.
2932 4533 2950 4563 ι
2996 4514 3062 4566 At
3112 4520 3380 4583 quomodo

1842 4602 2182 4668 omnipotens
2221 4600 2360 4654 Deus
2390 4611 2492 4664 est,
2548 4601 2592 4655 si
2636 4602 2765 4654 nihil
2814 4604 2868 4655 in
2924 4607 3198 4660 materiam
3240 4620 3292 4660 et
3327 4610 3379 4663 in

1842 4692 2039 4745 malum
2082 4692 2410 4760 possit‘laut
2458 4694 2730 4755 quomodo
2786 4704 3019 4751 Creator.
3072 4699 3161 4764 qui
3210 4710 3379 4751 matc-

1840 4784 1971 4834 riam
2013 4797 2117 4834 non
2161 4767 2491 4835 condiderit?
2523 4792 2615 4834 aut
2653 4798 2750 4835 cur
2808 4773 3037 4852 denique
3085 4785 3244 4848 Deus,
3287 4789 3377 4856 qui

1841 4869 2105 4938 perfectus
2138 4885 2241 4923 non
2270 4879 2371 4934 est,
2406 4871 2561 4940 cujus
2588 4872 2747 4924 etiam
2781 4874 2957 4941 virtus,
2979 4874 3233 4929 deficiens
3262 4879 3382 4931 est?

1844 4959 2016 5013 Eceur
2078 4960 2218 5014 enim
2271 4960 2547 5013 materiam
2598 4968 2689 5013 aut
2730 4977 2833 5015 non
2871 4965 3115 5029 sustulit,
3153 4974 3243 5017 aut
3277 4982 3381 5019 non

1846 5050 2095 5119 subjecit,
2134 5049 2225 5103 sed
2278 5065 2393 5103 eam
2440 5050 2503 5103 ad
2551 5059 2883 5104 momentum
2921 5053 3237 5107 seditionem
3272 5070 3383 5107 mo-

1844 5151 1967 5189 vere
2003 5133 2282 5204 permisit?
2324 5136 2369 5189 si
2414 5136 2651 5203 quidem,
2685 5138 2810 5205 quia
2871 5138 3078 5204 noluit;
3141 5141 3385 5209 profecto

1846 5226 2019 5280 bonus
2054 5242 2158 5279 non
2209 5233 2313 5280 est.
2372 5224 2555 5295 Neque
2589 5227 2731 5279 enim
2767 5226 2998 5292 bonum,
3053 5243 3151 5282 nec
3178 5231 3383 5296 justum

1844 5318 2018 5380 decet,
2051 5325 2107 5369 ut
2152 5319 2496 5387 peccantibus
2529 5321 2859 5385 acquiescat.
2904 5319 2961 5373 Si
2991 5336 3117 5373 vero
3149 5337 3253 5374 non
3287 5339 3384 5391 po-

1846 5410 1970 5471 tuit,
2007 5410 2290 5463 imbecillis
2321 5426 2447 5481 ergo
2491 5420 2573 5465 est
2618 5411 2779 5477 Deus,
2823 5428 2919 5466 nec
2962 5412 3187 5481 proinde
3219 5412 3383 5468 Dens.
3447 5436 3455 5442 ·

212 5502 300 5556 τοῦ
331 5502 528 5570 ἀγαθοῦ
563 5500 785 5562 διδόντες
816 5498 958 5566 αὐτῷ
990 5500 1048 5550 τὺ
1081 5493 1213 5549 εἶναι
1239 5538 1251 5560 ,
1286 5496 1481 5562 ἀγαθον
1511 5496 1568 5545 τὸ
1607 5490 1730 5546 εἶναι

1836 5498 2183 5570 Nequaquam
2224 5503 2369 5556 enim
2423 5504 2560 5558 idem
2608 5504 2797 5561 achrre
2852 5504 3002 5559 vobis
3050 5505 3192 5571 licet,
3242 5508 3385 5577 quod

281 5678 324 5709 ⁸³
365 5678 481 5747 sap.
542 5698 575 5745 ι,
618 5682 695 5736 15.
778 5684 818 5714 ἠδ
857 5683 969 5736 Lib.
1050 5698 1063 5733 ι
1110 5681 1179 5733 De
1205 5682 1322 5749 ﬁde,
1356 5696 1475 5750 Cilp.
1521 5681 1559 5734 ί.

1642 5684 1679 5715 ⁵⁸
1717 5682 1877 5738 Hebr.
1925 5699 2000 5744 In,
2046 5687 2083 5738 ἱ.
