4156 6436
190 434 336 500 1577

1207 433 1589 494 DIALOGUS
1629 432 1927 494 CONTRA
1967 431 2447 493 MANICH/EOS.

3333 427 3465 493 1578

187 538 572 614 Προεγνωκὼς
609 540 718 610 γὰρ
749 539 777 593 6
812 538 945 602 Θεὸς
993 539 1062 593 τὰ
1107 539 1285 593 πάντα
1336 540 1468 611 πρὶν
1511 540 1771 608 γενέσεως

1886 538 2083 606 placet,
2117 536 2213 593 sed
2252 535 2376 591 aliis
2417 535 2548 588 alia.
2596 533 2665 587 At
2696 531 2840 588 Deus
2875 548 2984 589 non
3017 548 3084 589 ex
3113 533 3467 604 pmnitentta.

183 633 397 694 αὐτῶν,
427 630 733 702 προώρισεν
786 631 1002 701 ἑκάστῳ
1050 630 1299 694 δικαῖως.
1343 632 1439 683 καὶ
1490 648 1775 701 προνοητιο

278 736 331 784 ς,
362 722 451 774 καὶ
480 722 893 792 συμφερόντως,
918 721 1234 791 κατάλληλα
1269 722 1381 784 τοῖς
1422 722 1508 789 ἐφ’
1532 723 1686 792 ἡμῖν,
1711 720 1781 772 τὰ

180 811 294 865 οὐκ
330 812 400 881 ἐφ
431 813 588 883 ἡμῖν.
614 813 778 867 Ἀλλο
807 813 915 885 γάρ
944 816 1061 866 ἐστι
1087 813 1310 882 γνῶσις,
1349 813 1444 865 καὶ
1472 812 1602 867 ἄλλο
1646 813 1781 883 πρό-

179 916 421 968 γνωσις,
459 904 556 957 καὶ
586 904 721 967 ἄλλο,
758 904 1089 974 ἐπίγνωσις,
1120 905 1214 958 καὶ
1251 904 1380 959 ἄλλο
1413 903 1661 975 ὁρισμὸς,
1688 904 1781 955 καὶ

177 992 324 1046 ἄλλο
354 996 695 1066 προορισμός
717 1014 731 1027 ο
760 998 964 1067 γνῶσις
994 998 1092 1068 μὲν
1114 997 1222 1069 γάρ
1246 997 1457 1059 ἐστι,τὸ
1490 995 1690 1049 εἰδέναι
1714 993 1781 1050 τὰ

178 1079 353 1147 ὅντα,
381 1083 414 1154 ἦ
445 1084 515 1137 τὰ
559 1085 841 1156 γινόμενα.
876 1086 1193 1156 Πρόγνωσις
1238 1086 1303 1139 .δέ
1324 1126 1338 1149 ,
1364 1085 1424 1139 τὸ
1465 1084 1664 1138 εἰδέναι
1710 1084 1781 1137 τὰ

178 1171 456 1244 ἐσόμενα,
476 1176 605 1246 πρὶν
632 1179 899 1246 γενέσεως
936 1178 1138 1232 αὐτῶν.
1171 1176 1501 1245 Ἐπίγνωσις
1519 1176 1576 1230 δέ
1607 1177 1778 1240 ἐστιν,

182 1262 221 1332 ἠ
260 1264 405 1334 μετὰ
425 1265 595 1338 ψευδῆ
624 1269 978 1340 ἐπιγινομένη
1044 1268 1252 1340 ἀληθὴς
1282 1268 1484 1338 γνῶσις
1503 1284 1517 1298 °
1543 1269 1637 1321 καὶ
1663 1270 1779 1338 ὁρι-

184 1355 345 1425 σμὸς
375 1356 475 1427 μὲν
505 1356 621 1410 ἔστι
652 1358 833 1429 κρίσις
863 1362 957 1413 καὶ
978 1360 1253 1429 ἀπόφασις
1281 1358 1376 1412 ἐπὶ
1404 1359 1515 1422 τοίς
1548 1373 1780 1426 γεγενη-

186 1445 392 1516 μένοις
412 1464 425 1478 ·
456 1450 792 1521 προορισμὸς
820 1449 1092 1521 δὲ,κρίσις
1123 1451 1218 1504 καὶ
1249 1449 1523 1520 ἀπόφασις
1556 1450 1651 1503 ἐπὶ
1667 1454 1781 1512 τοῖς

182 1537 505 1608 ἐσομένοις.

274 1803 372 1860 οθ’.
408 1806 681 1877 Προειδὼς
710 1802 803 1861 οὖν
850 1810 877 1861 6
925 1808 1057 1873 Θεὸς
1101 1809 1170 1861 τὰ
1214 1808 1449 1878 ἐσόμενα
1506 1807 1779 1879 ὑφ’ήμῶν

1887 644 1996 685 non
2035 643 2101 696 ex
2133 635 2358 697 postera
2384 623 2723 697 cognitione,
2763 623 2859 679 sed
2899 638 2967 678 ex
3002 624 3344 695 praenotione
3379 624 3470 692 ju-

1886 722 2056 776 dicat.
2086 720 2224 775 Cum
2262 719 2407 773 enim
2452 724 2655 774 cuncta
2714 723 3007 786 antequam
3053 715 3207 779 ﬂant,
3246 730 3466 784 praeno-

1887 811 2086 874 scat“,
2122 809 2292 879 juste,
2317 817 2371 864 et
2394 808 2642 879 provide,
2669 815 2728 862 et
2757 807 2962 861 utiliter
2998 806 3298 875 unicuique
3327 821 3468 877 prae-

1889 903 2010 957 ﬁnit
2033 909 2124 966 ;ut
2152 917 2272 970 qua;
2317 901 2371 955 in
2409 909 2597 955 nostra
2631 906 2903 969 potestate
2933 899 3039 955 sita
3070 905 3223 961 sunt,
3253 899 3320 952 iis
3345 913 3465 966 qum

1886 1010 2056 1067 penes
2086 1008 2189 1049 nos
2232 1008 2342 1048 non
2380 1001 2529 1056 Sunt,
2561 991 2951 1062 respondeant.
2996 990 3155 1045 Aliud
3191 992 3462 1061 siquidem

1886 1095 1971 1143 est
2000 1086 2241 1156 cognitio
2262 1124 2278 1149 ,
2304 1084 2457 1138 aliud
2490 1085 2776 1153 pramotio,
2830 1082 2975 1137 aliud
3028 1083 3235 1153 agnitio
3260 1123 3274 1147 ,
3316 1082 3463 1136 aliud

1888 1178 2018 1231 item
2050 1176 2356 1241 decretum,
2391 1181 2446 1229 et
2488 1174 2636 1228 aliud
2669 1174 2980 1244 praetinitio.
3007 1174 3264 1245 Cognitio
3293 1174 3467 1244 siqui-

1888 1265 2010 1321 dem
2036 1276 2140 1329 est,
2168 1279 2231 1319 ea
2259 1280 2382 1333 quae
2412 1272 2639 1343 suntafc
2675 1264 2814 1318 liunt
2844 1265 3005 1320 scire.
3038 1265 3335 1328 Pt‘aanotio,
3381 1273 3467 1319 est

1888 1356 2071 1412 futura
2102 1372 2271 1411 nosse
2313 1338 2790 1427 antequa‘m,1iant.
2830 1356 3075 1427 Agnitio,
3109 1372 3238 1413 vera
3264 1357 3463 1428 cogni-

1888 1449 1965 1503 tio
1995 1459 2097 1515 est,
2136 1462 2259 1518 qua:
2304 1458 2429 1518 post
2477 1446 2671 1502 falsam
2707 1448 2943 1503 accedit.
2986 1446 3278 1503 Decretum
3310 1462 3462 1507 vero.

1884 1548 1969 1596 est
2002 1539 2269 1609 judicium
2304 1554 2369 1593 ac
2418 1539 2687 1595 sententia
2721 1538 2789 1593 de
2845 1539 2913 1595 iis
2966 1553 3090 1609 quae
3139 1538 3255 1608 jam
3310 1536 3457 1593 facta

1886 1639 2037 1687 sunt.
2073 1630 2369 1689 Praelinitio
2408 1632 2652 1696 tandem,
2687 1638 2772 1687 est
2792 1630 3063 1700 judicium
3100 1640 3155 1688 et
3188 1631 3460 1689 sententia

1886 1723 1955 1778 de
1994 1722 2218 1780 futuris.

1837 1850 1846 1859 .
1882 1812 2045 1886 462
2123 1814 2206 1871 79.
2236 1813 2513 1870 Praescit"
2548 1813 2728 1884 itaque
2748 1812 2913 1879 Deus,
2948 1828 3010 1870 ea
3033 1828 3154 1884 qur
3175 1822 3371 1883 sponte
3399 1826 3465 1866 ac

178 1892 484 1957 ἑκουσίως,
522 1894 689 1964 ηγουν
713 1895 783 1948 τὰ
815 1898 899 1964 ἐφ’
930 1898 1083 1968 ἡμῖν,
1117 1898 1319 1969 ἀρετήν
1351 1915 1515 1969 φημι,
1550 1898 1644 1951 καὶ
1674 1916 1771 1953 κα-

1881 1905 2054 1961 libere
2099 1909 2277 1960 acturi
2322 1921 2542 1971 sumus,
2573 1906 2679 1960 hoc
2722 1914 2807 1961 est
2838 1920 2959 1976 quae
2997 1907 3051 1960 in
3092 1917 3281 1961 nostra
3316 1912 3465 1975 pote-

184 1985 345 2050 κίαν,
379 1986 745 2056 προορίζειτὰ
797 1989 897 2043 οὐκ
948 1989 1226 2061 ἐφ’ήμῖν.⁹
1270 1990 1381 2045 Καὶ
1423 1993 1455 2060 ή
1503 1990 1605 2061 μὲν
1649 2007 1781 2062 προ-

185 2076 475 2145 γνωστικὴ
520 2075 748 2130 δυνατοῦ
797 2079 955 2145 Θεοῦ,
1000 2080 1100 2134 οὐκ
1128 2082 1187 2145 ἐξ
1216 2081 1372 2151 ήμῶν
1412 2080 1527 2151 ἔχει
1573 2080 1672 2151 τὴν
1705 2082 1783 2135 αἰ-

182 2164 319 2217 τίαν
342 2181 355 2194 ο
388 2165 450 2218 τὸ
470 2166 527 2218 δέ
554 2168 865 2237 προγνῶναι
893 2170 929 2224 ἃ
962 2171 1229 2242 μέλλομεν
1272 2174 1467 2237 ποιεῖν,
1494 2171 1555 2238 ἐξ
1579 2173 1738 2245 ἡμῶν
1761 2189 1776 2203 ⁸

184 2255 240 2305 εἰ
277 2253 387 2324 γὰρ
422 2255 499 2325 μὴ
532 2256 832 2328 ἐμέλλομεν
862 2263 1071 2325 ποιεῖν,
1109 2261 1235 2315 οὐδὲ
1272 2262 1433 2326 αὐτὸς
1474 2265 1778 2333 προεγίνω-

187 2359 333 2407 σκε,
365 2346 461 2398 καὶ
516 2346 591 2417 μὴ
629 2348 906 2419 ἐσόμενον.
937 2353 1048 2406 Καὶ
1090 2354 1123 2423 η
1163 2353 1263 2424 μὲν
1321 2356 1630 2425 πρόγνωσις
1680 2357 1775 2410 τοῦ

183 2436 332 2489 Θεοῦ
370 2438 578 2510 ἁληθῄς
627 2440 746 2493 ἐστι
792 2442 885 2494 καὶ
924 2443 1298 2515 ἀπαρὰὀατος,
1347 2446 1463 2499 ἀλλ’
1505 2447 1606 2500 οὐκ
1640 2449 1776 2520 αὐτή

184 2527 347 2581 ἐστιν
373 2530 404 2599 ή
432 2530 581 2583 αἰτία
610 2535 704 2584 τοῦ
730 2532 981 2600 γενέσθαι
1012 2538 1229 2599 πάντως
1248 2539 1307 2590 τὸ
1346 2537 1606 2608 ἐσόμενον
1631 2555 1645 2569 ο
1663 2539 1779 2593 ἀλλ’

181 2618 278 2672 ὅτι
309 2619 574 2691 μέλλομεν
616 2625 792 2676 ποιεῖν
819 2624 995 2696 τόδεῆ
1027 2626 1179 2692 τόδε,
1206 2626 1595 2699 προγινώσκει.
1635 2631 1775 2701 Προ-

183 2708 450 2773 γινώσκει
476 2710 532 2763 δὲ
589 2712 757 2766 πολλά
780 2752 797 2777 ,
826 2713 864 2767 ἃ.
891 2715 991 2767 οὐκ
1038 2714 1186 2768 ἐστιν
1224 2717 1374 2787 αύτῷ
1409 2719 1647 2789 ἀρεστάο
1684 2720 1779 2773 καὶ

184 2800 297 2853 οὐκ
318 2801 480 2865 αὐτὸς
509 2802 683 2867 αἴτιος
716 2804 942 2859 τούτων.
986 2805 1073 2869 Ὠς
1117 2807 1237 2861 οὐδὲ
1267 2809 1448 2878 ἰατρὸς
1470 2810 1642 2872 αἴτιος
1675 2810 1779 2881 τῆς

186 2892 375 2956 νόσου,
427 2894 476 2945 εί
512 2894 799 2964 προέγνω,
832 2897 916 2950 ὅτι
952 2897 1138 2968 μέλλει
1186 2916 1270 2964 τις
1313 2903 1522 2969 νοσεῖν,
1546 2901 1684 2956 ἀλλὰ
1716 2902 1781 2957 τὸ

185 2983 296 3053 μὲν
332 2984 557 3055 νοσῆσαι
587 2986 754 3059 ἄλλης
779 2990 978 3057 αἰτίας,
1009 2992 1110 3062 τῆς
1138 2995 1403 3066 ποιούσης
1447 2996 1547 3067 τὴν
1593 2998 1773 3052 νόσον.

195 3071 270 3124 Ἦ
300 3073 358 3126 δὲ
397 3075 707 3146 πρόγνωσις
738 3078 834 3132 τοῦ
884 3080 1069 3152 ἰατροῦ
1094 3120 1110 3147 ,
1130 3083 1231 3153 τῆς
1268 3085 1329 3137 ἐν
1356 3086 1507 3158 αὐτῷ
1542 3088 1772 3160 τέχνηςο

1884 2003 2027 2050 state
2057 1994 2162 2050 sita
2206 2002 2360 2060 sunt,
2404 2002 2537 2065 puta
2568 1996 2825 2057 virtutem
2863 2002 2918 2050 et
2950 1994 3145 2048 vitium
3184 2010 3198 2047 :
3236 2009 3299 2049 ea
3334 2010 3464 2049 vero

1882 2086 2140 2157 praeﬂuit,
2165 2102 2287 2156 qua:
2319 2088 2372 2141 in
2405 2088 2638 2143 arbitrio
2663 2098 2851 2142 nostro
2874 2088 3101 2143 minime
3120 2089 3458 2144 consistunt.

1880 2180 1961 2233 Ac
1993 2180 2075 2233 vis
2121 2180 2345 2250 quidem
2394 2179 2488 2235 Dei
2551 2180 2846 2250 praesciens
2906 2196 3133 2236 causam
3186 2196 3254 2235 ex
3296 2181 3461 2237 nobis

1882 2286 2228 2342 nequaquam
2260 2272 2423 2327 habet
2462 2289 2477 2327 :
2513 2288 2699 2327 verum
2748 2281 2808 2327 ut
2860 2288 2981 2342 qua:
3031 2272 3229 2328 facturi
3266 2289 3460 2329 sumus

1881 2365 2158 2433 praesciat,
2189 2364 2295 2419 hoc
2328 2379 2360 2419 a
2390 2364 2551 2420 nobis
2605 2364 2997 2435 proﬁciscitur.
3041 2363 3159 2420 Nisi
3195 2366 3341 2420 enim
3376 2364 3464 2418 la-

1880 2457 2022 2511 cturi
2056 2470 2330 2521 essemus,
2365 2471 2434 2513 ne
2464 2456 2583 2526 ipse
2615 2456 2860 2527 quidem,
2888 2457 3036 2527 quod
3071 2456 3316 2511 futurum
3350 2471 3461 2511 non

1879 2556 2047 2613 esset,
2081 2556 2575 2619 praecognosceret.
2601 2547 2775 2604 Porro
2809 2548 2903 2605 Dei
2935 2549 3275 2619 praescientia
3308 2557 3460 2603 certa

1878 2648 1934 2695 et
1972 2640 2311 2697 inviolabilis
2353 2648 2441 2697 est
2474 2656 2488 2693 :
2520 2642 2613 2697 sed
2653 2642 2774 2711 ipsa
2824 2656 2933 2696 non
2974 2648 3059 2696 est
3104 2654 3273 2697 causa
3302 2680 3316 2705 ,
3359 2655 3461 2695 cur

1879 2731 2109 2787 omnino
2159 2730 2274 2796 ﬁat,
2323 2730 2376 2786 id
2423 2729 2572 2802 quod
2625 2729 2871 2786 futurum
2904 2741 3033 2786 est:
3084 2715 3216 2800 quin
3250 2733 3456 2800 potius.

1880 2824 2009 2894 quia
2033 2823 2137 2879 hoc
2159 2824 2245 2879 vel
2279 2823 2415 2879 illud
2438 2823 2616 2878 acturi
2654 2839 2871 2888 sumus,
2899 2824 3107 2878 idcirco
3138 2825 3453 2893 praenoscit.

1879 2914 2045 2970 Multa
2079 2924 2263 2971 autem
2311 2915 2641 2986 praenoscit,
2696 2931 2818 2985 quae
2869 2916 2976 2986 ipsi
3032 2915 3258 2972 minime
3300 2924 3457 2986 grata

1879 3016 2048 3071 sunt,
2097 3022 2448 3078 quorumque
2494 3019 2787 3079 propterea
2830 3010 3058 3064 minime
3106 3016 3302 3064 auctor
3345 3019 3454 3065 est.

1879 3096 2038 3152 Sicut
2069 3113 2169 3154 nec
2200 3099 2446 3154 medicus
2481 3098 2691 3153 idcirco
2739 3099 2917 3153 morbi
2956 3113 3124 3154 causa
3170 3107 3289 3164 est,
3325 3098 3455 3170 quia

182 3162 335 3258 οῦτω
375 3167 558 3220 καὶτὸ
600 3169 862 3239 ἐσόμενον
908 3171 1201 3244 ὑφ’ήμῶν,
1239 3176 1341 3230 οὐκ
1374 3178 1441 3230 ἐκ
1492 3178 1588 3232 τοῦ
1633 3179 1771 3234 Θεοῦ

1879 3188 2126 3244 futurum
2164 3189 2464 3258 praenovit,
2514 3196 2575 3243 ut
2618 3189 2744 3257 quis
2786 3188 2842 3243 iu
2892 3190 3147 3243 morbum
3199 3162 3449 3244 incidat:

181 3255 289 3350 τὴν
321 3259 499 3312 αἰτίαν
528 3259 662 3330 ἔχει,
694 3262 833 3317 ἀλλὰ
860 3264 923 3317 τὸ
969 3240 1309 3331 αὐτεξούσιον
1334 3272 1493 3340 ήμῶν
1521 3270 1766 3343 θέλημα·

1876 3279 1974 3335 sed
2001 3240 2293 3350 aegrotatio
2338 3280 2559 3350 quidem
2612 3240 2681 3334 ξι)
2711 3280 2819 3333 alia
2846 3293 3014 3335 causa
3059 3279 3449 3350 proﬁciscitur,

182 3349 251 3400 οὐ
284 3350 453 3402 κακὸν
482 3350 539 3404 δὲ
578 3352 640 3404 τὸ
683 3353 1054 3422 αὐτεξούσιον,
1086 3359 1134 3411 εἰ
1179 3358 1256 3423 ὡς
1299 3360 1459 3431 ἐδόθη
1493 3363 1648 3431 ἡμῖν,
1672 3365 1768 3417 καὶ

182 3438 275 3507 ἐφ’
303 3432 346 3507 ᾧ
390 3441 543 3512 ἐδόθη
568 3483 583 3506 ,
613 3444 945 3527 χρησώμεθα
1000 3449 1173 3519 αὐτῷ.
1218 3450 1292 3503 Τὸ
1341 3451 1429 3518 δὲ,
1458 3455 1767 3524 προγνῶναι

181 3532 281 3583 τὸν
308 3532 464 3597 Θεὸν,
486 3535 589 3605 τῆς
629 3534 1049 3609 προγνωῖςτικῆς
1091 3542 1255 3595 αὑτοῦ
1288 3544 1593 3615 δυνάμεως.
1625 3547 1766 3601 Ἀλλ’

181 3622 310 3674 οὐδὲ
340 3626 393 3677 αἱ
421 3626 683 3697 τιμωρίαι
706 3629 864 3698 ἡμῶν
892 3632 984 3684 τὸν
1032 3631 1165 3686 Θεὸν
1217 3633 1431 3704 ἔχουσιν
1465 3637 1656 3692 αἴτιον.
1690 3640 1765 3692 Οὐ

181 3712 299 3781 γὰρ
331 3716 358 3764 ὁ
406 3716 601 3784 κριτής
648 3718 764 3769 ἐστι
799 3721 896 3786 τῆς
942 3722 1215 3790 τιμωρίας
1264 3721 1360 3774 τοῦ
1399 3722 1637 3793 πονηροῦ
1676 3726 1765 3777 αῖ-

177 3819 323 3869 τιος,
377 3806 425 3857 εἰ
476 3809 571 3859 καὶ
618 3808 783 3872 αὐτὸς
826 3809 997 3865 θέλων
1043 3813 1255 3883 κρίνει·
1287 3813 1402 3867 ἀλλ’
1460 3815 1634 3879 αἰτιος
1665 3818 1766 3886 μὲν

179 3892 339 3947 ἐστιν
364 3896 391 3946 6
425 3894 662 3961 πταίσας
712 3900 810 3965 τῆς
840 3898 1035 3953 ἑαυτοῦ
1070 3902 1343 3973 τιμωρίας
1365 3944 1379 3968 ,
1406 3905 1434 3958 6
1464 3904 1521 3957 δὲ
1571 3907 1765 3976 κριτὴς

178 3986 289 4055 τῆς
331 3986 683 4059 δικαιοσύνης
713 3991 886 4054 αἴτιος
909 4008 922 4022 ·
941 3992 1146 4060 ἀγαθὸν
1176 3992 1232 4046 δὲ
1265 3995 1298 4064 ἡ
1333 3994 1665 4066 δικαιοσύνη.
1700 3998 1764 4050 Εἰ

181 4076 299 4146 γὰρ
328 4077 499 4131 θέλων
558 4079 755 4150 κρίνει,
787 4080 901 4133 ἀλλ’
931 4082 994 4134 ού
1036 4082 1177 4136 κατὰ
1235 4082 1647 4154 προηγούμενον
1671 4083 1762 4139 θέ-

180 4166 358 4237 λημα,
390 4168 526 4223 ἀλλὰ
559 4170 701 4223 κατὰ
746 4171 808 4223 τὸ
859 4172 1149 4240 ἑπόμενον.
1190 4174 1609 4246 Προηγούμενον
1663 4176 1763 4246 μέν

184 4260 307 4311 ἐστι
339 4259 573 4331 θέλημα,
596 4261 778 4332 ὅπεριι
807 4281 891 4325 τις
925 4264 1019 4331 ἀφ’
1051 4263 1245 4317 ἐαυτοῦ
1280 4264 1455 4318 θέλει*
1497 4266 1764 4336 ἑπόμενον

181 4349 267 4411 δὲ,
303 4351 437 4421 ὅπερ
470 4354 535 4404 ἐκ
571 4353 674 4420 τῆς
696 4355 804 4406 τῶν
830 4356 1134 4424 γινομένων
1170 4355 1383 4419 αἰτίας·
1412 4358 1763 4428 προηγουμέ-

182 4457 295 4501 νως
319 4440 425 4511 γὰρ
457 4442 514 4506 ἐξ
540 4443 735 4495 ἑαυτοῦ
763 4461 783 4494 t
822 4444 967 4498 Θέλει
990 4447 1018 4498 6
1051 4445 1184 4507 Θεὸς
1210 4446 1419 4509 πάντας
1440 4446 1762 4518 ἀνθρώπους

185 4532 448 4601 σωθῆναι,
463 4553 481 4585 ι
504 4536 597 4587 καὶ
621 4538 701 4600 εἰς
732 4538 1025 4606 ἐπίγνωσιν
1044 4536 1299 4607 ἀληθείας
1321 4536 1517 4590 ἐλθεῖν.
1546 4537 1759 4608 Ἀμαρ-

180 4622 454 4675 τανόντων
482 4625 539 4677 δὲ
568 4626 746 4693 ἡμῶν,
787 4627 931 4681 θέλει
965 4625 1318 4681 παιδεύεσθαι
1348 4628 1499 4698 ἡμᾶς
1526 4627 1663 4697 πρὸς
1698 4627 1760 4681 τὸ

184 4713 465 4784 συμφέρον
502 4732 517 4746 ο
551 4718 642 4769 καὶ
689 4718 750 4771 τὸ
802 4721 900 4789 μὲν
934 4718 1349 4790 προηγούμενον
1399 4718 1614 4789 θέλημα
1664 4718 1759 4772 τοῦ

183 4800 322 4855 Θεοῦ
352 4845 366 4868 ,
399 4809 498 4876 τῆς
537 4808 876 4880 ἁγαθότητός
929 4810 1086 4874 ἐστι,
1118 4809 1179 4862 τὸ
1228 4808 1287 4863 δέ
1337 4809 1636 4880 ἑπόμενον,
1661 4809 1761 4881 τῆς

182 4891 533 4966 δικαιοσύνης
561 4898 751 4953 αὑτοῦ.

1874 3384 1999 3439 quae
2036 3370 2289 3425 morbum
2338 3371 2514 3440 parit;
2556 3370 2759 3426 medici
2805 3386 2938 3426 vero
2985 3372 3335 3440 praescientia
3383 3389 3453 3429 ex

1875 3460 2051 3531 ipsius
2097 3469 2214 3515 arte
2254 3461 2432 3515 oritur
2468 3479 2483 3517 :
2520 3462 2594 3516 ita
2636 3464 2844 3533 pariter
2874 3464 2931 3519 id
2978 3480 3196 3535 quoque
3241 3468 3386 3536 quod
3418 3483 3449 3521 a

1873 3552 2034 3607 nobis
2082 3550 2329 3606 futurum
2358 3559 2471 3616 est,
2521 3552 2691 3608 Deum
2722 3568 2945 3610 causam
2982 3570 3089 3610 non
3127 3557 3313 3622 habet,
3351 3561 3449 3615 sed

1872 3642 2102 3697 liberam
2134 3651 2382 3698 nostram
2411 3644 2767 3700 voluntatem.
2808 3645 2989 3714 Atque
3021 3646 3246 3703 libertas
3274 3649 3451 3704 haud-

1872 3747 2150 3803 quaquam
2192 3734 2335 3789 maia
2365 3745 2449 3790 est
2472 3776 2487 3799 ,
2524 3736 2609 3797 si,
2646 3737 2815 3791 veluti
2847 3737 3008 3793 nobis
3033 3776 3049 3803 ,
3089 3747 3145 3793 et
3183 3739 3249 3795 ad
3285 3755 3449 3810 quem

1873 3840 2032 3879 usum
2063 3839 2325 3881 concessa
2359 3834 2464 3891 est,
2515 3840 2580 3881 ea
2626 3836 2867 3881 utamur.
2898 3828 3057 3894 Quod
3091 3837 3275 3884 autem
3307 3846 3452 3901 pra:-

1872 3924 2066 3968 noscat
2101 3914 2268 3978 Deus,
2306 3915 2359 3969 id
2382 3917 2693 3986 praescienti
2733 3917 2855 3986 ejus
2880 3919 3138 3988 potentiae
3173 3920 3449 3977 ascriben-

1869 4002 2001 4056 dum
2051 4013 2156 4059 est.
2204 4004 2346 4070 Quin
2388 4019 2459 4059 ne
2515 4019 2805 4075 ptenarum
2855 4007 3076 4076 quidem
3129 4023 3250 4078 quae
3283 4011 3449 4065 nobis

1869 4093 2217 4166 inﬂiguntur,
2261 4097 2407 4153 Deus
2452 4106 2646 4152 auctor
2688 4113 2801 4154 non
2849 4106 2934 4155 est
2951 4100 3018 4154 ".
3068 4101 3253 4170 Neque
3294 4103 3443 4157 enim

1871 4200 1970 4241 cur
1988 4187 2274 4257 improbus
2304 4203 2498 4258 poenas
2524 4191 2660 4254 luat,
2691 4202 2888 4245 auctor
2910 4203 2991 4247 est
3007 4192 3197 4261 judcx,
3224 4197 3443 4250 tametsi

1868 4276 1987 4344 ipse
2020 4275 2200 4333 libens
2234 4279 2566 4334 sententiam
2600 4281 2781 4336 ferat:
2821 4297 3015 4337 verum
3056 4285 3127 4349 is,
3165 4284 3261 4353 qui
3306 4283 3446 4339 faci-

1869 4379 1974 4419 nus
2021 4364 2280 4431 admisit,
2316 4383 2535 4439 poenam
2568 4371 2674 4426 sibi
2708 4373 2826 4442 ipse
2854 4374 3143 4428 accersivit
3177 4390 3191 4426 :
3217 4373 3445 4442 justitiac

1868 4463 2051 4509 autem
2104 4456 2250 4527 (qua:
2276 4458 2419 4513 bona
2455 4474 2547 4514 res
2585 4460 2690 4530 est)
2737 4476 2904 4515 causa
2930 4462 3225 4529 estjudex.
3258 4461 3445 4527 Quan-

1869 4545 2068 4600 tumvis
2090 4549 2239 4601 enim
2268 4551 2461 4604 volens
2483 4550 2715 4619 judicet,
2742 4567 2850 4605 non
2882 4560 3064 4606 tamen
3097 4552 3441 4607 antecedenti

1865 4636 2166 4704 voluntate,
2199 4639 2294 4693 sed
2337 4642 2698 4711 consequenti
2742 4642 2799 4697 id
2834 4642 2986 4697 facit.
3022 4644 3207 4713 Itaque
3244 4646 3441 4697 volun-

1866 4735 1952 4782 tas
1986 4730 2314 4785 antecedens
2343 4739 2446 4796 est,
2488 4731 2623 4787 illud
2652 4732 2801 4803 quod
2836 4735 2959 4803 quis
2991 4748 3023 4787 ιι
3049 4734 3231 4803 seipso
3273 4735 3389 4788 vult
3424 4754 3437 4789 :

1866 4831 2213 4887 consequens
2267 4835 2431 4886 vero,
2481 4822 2534 4876 id
2592 4823 2742 4893 quod
2787 4839 2853 4879 ex
2902 4838 3094 4879 eorum
3127 4838 3250 4894 quae
3300 4823 3439 4878 liunt

1868 4921 2037 4961 causa
2091 4906 2551 4977 proﬁciscitur“.
2605 4912 2961 4966 Antecedenti
3002 4912 3150 4967 enim
3184 4911 3325 4967 Deus
3369 4926 3436 4967 ex

185 4984 370 5051 seipso
420 5004 438 5036 ι
475 4989 590 5041 vult
628 5004 820 5046 omnes
851 4990 1104 5046 homines
1142 4990 1329 5047 salvos
1377 4989 1535 5057 ﬁeri,
1586 4999 1648 5062 et.
1693 4992 1763 5048 ad
1802 4995 2134 5065 agnitionem
2161 5000 2404 5055 veritatis
2431 5002 2619 5056 venire
2640 5002 2707 5056 '°.
2748 5023 2767 5056 ι
2800 5001 2937 5058 Cum
2996 5014 3176 5059 autem
3240 5019 3435 5075 pecca-

184 5089 329 5137 mus,
384 5079 635 5134 utilitatis
692 5090 896 5137 nostrae
942 5097 1111 5139 causa
1170 5083 1289 5139 vult
1323 5098 1426 5141 nos
1474 5085 1759 5157 castigari.
1832 5087 1907 5143 Ita
1977 5092 2308 5148 antecedens
2342 5092 2435 5148 Dei
2475 5094 2749 5160 voluntas,
2791 5096 3050 5152 bonitatis
3106 5098 3279 5167 ipsius
3305 5108 3433 5162 est;

182 5182 529 5237 consequens
555 5184 707 5233 vero,
740 5170 1047 5240 iustitiae".

254 5269 330 5318 π’.
360 5263 481 5316 Ὅτι
513 5263 571 5317 δὲ
602 5264 908 5337 προώρισεν
940 5269 969 5321 6
1005 5267 1137 5332 Θεὸς
1158 5268 1227 5321 τὰ
1258 5268 1437 5325 πάντα
1471 5270 1613 5324 κατὰ
1649 5272 1750 5342 τὴν

1929 5271 2019 5326 80.
2041 5270 2197 5338 Quod
2221 5280 2400 5328 autem
2422 5276 2627 5341 omnia,
2652 5290 2751 5346 pro
2778 5290 2875 5331 sua
2910 5276 3267 5345 prmscientla,
3298 5289 3435 5344 prae-

184 5354 491 5425 πρόγνωσιν
524 5354 723 5420 αὐτοῦ,
757 5356 927 5421 οὕτως
980 5360 1322 5430 γνωσόμεθα.
1358 5363 1454 5415 Ἀτ
1467 5376 1662 5431 ρεπτον
1691 5365 1752 5416 τὸ

1876 5362 2065 5419 inierit
2120 5363 2289 5430 Deus,
2355 5364 2484 5421 hinc
2541 5367 2882 5437 colligemus.
2939 5365 3083 5422 Deus
3140 5364 3432 5419 mutationi

254 5528 644 5606 ‘_‘__Dau._xnt,
674 5530 767 5606 ΔΩ.
852 5531 896 5564 δ’
923 5531 1041 5606 Lit).
1073 5550 1131 5606 ιι,
1156 5532 1400 5606 _Deﬁde,
1451 5549 1571 5606 cap.

1614 5537 1715 5607 50.;
1792 5539 1837 5571 "
1873 5537 2041 5596 Basil.
2077 5543 2221 5597 hom.
2259 5542 2410 5607 Quod
2456 5542 2592 5599 Deus
2644 5560 2745 5598 non
2811 5548 2880 5597 sit
2946 5558 3109 5595 causa
3138 5545 3432 5603 malorum,

189 5584 235 5621 ⁸⁸
266 5597 384 5653 Lib.
423 5617 461 5654 ll
495 5600 569 5654 De
610 5584 732 5670 fide,
764 5616 884 5671 cap.
1076 5584 1131 5635 1'“;
1156 5584 1571 5668 1Ῠ’Ϊ¹ἱίιιή.νῖι,ἶί.Γ
1600 5584 1798 5664 ’ἶνίίίὼ
1828 5584 2592 5683 $.—

1481 5697 1717 5753 VARLE
1762 5701 2156 5759 LECTIONES.

250 5783 277 5824 ιι
305 5786 465 5842 Basil.
495 5785 879 5855 προηγούμενα
917 5785 1014 5855 μέν
1045 5788 1159 5839 ἐστι
1191 5788 1492 5859 θελήματα,
1515 5790 1673 5863 ὅπερ.

502 5884 772 5946 Panos.
818 5884 929 5943 GR.
980 5884 1176 5947 XCIV.

3034 5884 3106 5944 50
