4156 6436
794 377 923 452 2579

1935 384 1993 442 S.
2035 385 2346 446 JOANNIS
2387 387 2837 450 DAMASCENI.

3858 387 3988 451 1560

789 495 1051 547 obnoxius
1100 505 1205 545 non
1239 499 1320 547 est
1347 531 1359 555 ,
1393 498 1554 559 atque
1600 504 1664 543 ex
1713 491 2043 558 praenotione
2069 528 2084 552 ,
2132 506 2235 544 non
2265 507 2326 546 ex
2357 545 2361 554 ,

2432 496 2601 557 Θεῖον,
2634 497 2726 547 καὶ
2754 499 2852 548 οὐκ
2895 497 2949 560 ἐξ
2982 497 3321 562 ἐπιγνώσεως
3352 500 3558 565 κρῖνον,
3598 495 3712 548 ἀλλ’
3753 497 3818 546 ἐκ
3862 515 3986 561 προ-

787 591 1001 650 postcra
1028 582 1304 650 agnitione
1331 579 1561 648 judicat.
1597 577 1653 632 Si
1684 579 1844 649 igitur
1877 580 1928 632 in
1959 579 2100 633 diem
2128 579 2333 647 judicat

784 684 835 725 ct
865 672 1070 733 delinit,
1113 672 1162 722 iit
1203 672 1342 722 diem
1380 683 1596 738 quoque
1629 667 1678 721 id
1716 669 1860 737 quod
1900 668 1977 731 lit,
2011 670 2287 736 cognoscit
2318 687 2329 720 :

785 763 914 830 quin
955 762 1136 819 etiam,
1183 768 1240 810 ut
1271 757 1492 827 quidam
1527 759 1700 820 aiunt,
1733 758 2042 812 nescientes
2076 757 2204 826 quid
2253 757 2334 809 di-

784 861 930 908 cant,
969 847 1282 918 poenitentia
1325 847 1575 908 ducitur;
1614 847 1721 900 imo
1767 849 1888 900 vita:
1920 860 2091 899 annos
2121 846 2327 912 adjicit.

787 939 841 990 Si
872 938 1010 992 enim
1059 936 1377 1004 poenitentia
1415 936 1653 996 ducitur,
1690 947 1744 989 ut
1786 948 1956 986 annos
1993 933 2171 991 addat.
2209 927 2367 1001 [ιι-ου’

786 1029 923 1080 lecto
982 1034 1033 1079 et
1101 1028 1431 1079 voluntatem
1499 1033 1550 1078 et
1607 1025 1964 1093 cognitionem
2020 1023 2330 1076 variabilem

786 1116 978 1175 habet;
1031 1113 1176 1182 quod
1224 1122 1404 1166 tamen
1459 1113 1564 1165 Deo
1617 1112 1898 1180 indignum
1950 1119 2056 1164 est.
2099 1108 2250 1173 Quod
2288 1109 2331 1162 si

784 1218 956 1256 annos
997 1202 1236 1256 Ezechize
1268 1201 1512 1269 adiectos
1540 1217 1605 1256 ex
1640 1201 1924 1271 Scriptura
1949 1201 1994 1231 "
2022 1200 2289 1270 objiciatis
2316 1216 2330 1264 ;

786 1297 884 1348 hoc
913 1296 1105 1348 scitote
1129 1335 1142 1360 ,
1177 1309 1280 1347 non
1326 1295 1404 1348 sic
1439 1309 1532 1349 eos
1558 1294 1824 1362 adjecisse
1861 1295 2047 1355 Deum,
2085 1293 2237 1362 quasi
2281 1292 2332 1345 id

786 1387 1119 1450 ignorasset,
1150 1394 1242 1436 aut
1275 1399 1380 1436 non
1413 1384 1735 1452 praelinisset
1779 1401 1790 1436 :
1831 1383 1961 1452 quin
2008 1383 2185 1451 potius
2219 1382 2334 1449 ipse

781 1491 843 1528 ea
887 1490 1007 1542 qua:
1039 1476 1100 1526 ad
1141 1473 1426 1527 Ezechiatn
1459 1473 1802 1541 spectabant,
1834 1481 1888 1528 et
1922 1470 2248 1540 préscierat,
2281 1477 2334 1525 et

785 1562 1112 1627 prasliuierat
1153 1579 1164 1613 :
1202 1575 1384 1614 verum
1429 1573 1525 1628 pro
1561 1574 1658 1614 sua
1697 1559 2058 1629 providentia,
2086 1568 2146 1611 ut
2172 1557 2330 1612 saluti

786 1659 985 1703 llOSll‘iC
1019 1650 1330 1704 consuleret
1358 1689 1371 1712 ,
1424 1663 1728 1703 sermonem
1763 1635 1835 1703 ita
1863 1649 2194 1716 composuit,
2227 1662 2334 1716 quo

782 1751 983 1804 quanta
1043 1746 1187 1792 esset
1242 1738 1570 1806 poenitentia:
1634 1737 1756 1800 vis,
1825 1738 2138 1792 declararet.
2198 1737 2330 1789 Nam

780 1824 923 1892 quod
958 1824 1274 1892 pceuitcntia
1310 1824 1577 1878 adductus
1611 1824 1828 1888 dicitur,
1869 1825 1919 1878 id
1953 1841 2019 1880 ex
2057 1825 2214 1879 nobis
2247 1839 2335 1879 as-

2434 1824 2672 1890 λέγεται,
2717 1824 2888 1877 ι’Ὶνα
2910 1826 2960 1876 τί
2991 1825 3194 1886 ὑπνοϊς,
3226 1823 3394 1892 Κύριε
3427 1840 3441 1886 ;

783 1926 1058 1984 sumptum
1115 1923 1218 1971 est.
1289 1915 1572 1983 Scriptura
1628 1913 1895 1982 siquidem
1952 1913 2018 1966 ad
2073 1914 2330 1982 puerilem

782 2005 1123 2059 audientium
1159 2004 1590 2059 imbecillitatem
1617 2017 1736 2058 sese
1768 2002 2202 2064 accommodans,
2235 2001 2332 2054 hu-

782 2110 942 2148 mano
986 2111 1138 2150 more
1163 2094 1228 2150 de
1273 2094 1376 2149 Deo
1423 2094 1684 2164 loquitur.
1719 2092 1872 2148 Sicut
1900 2093 2042 2148 enim
2084 2092 2330 2146 dicitur:

785 2205 804 2234 ι
843 2188 1025 2250 Quare
1069 2184 1368 2247 obdormis,
1427 2182 1763 2239 Domine“?
1808 2199 1826 2232 ι
1863 2196 1969 2236 non
2003 2179 2148 2250 quod
2193 2179 2331 2235 Deus

784 2276 1062 2340 dormiat;
1105 2274 1199 2330 sed
1238 2272 1380 2343 quod
1412 2271 1727 2342 patientiam
1753 2271 1872 2340 ejus
1921 2282 1984 2324 ac
2032 2269 2329 2334 lenitatem,

782 2366 1076 2433 auxiliique
1104 2363 1443 2426 dilationem,
1494 2375 1746 2417 somnum
1780 2360 2012 2429 appellet
2042 2358 2205 2429 (apud
2231 2374 2331 2414 nos

781 2457 924 2507 enim
969 2455 1004 2507 ii
1037 2454 1130 2523 qui
1182 2467 1374 2508 somno
1425 2458 1679 2506 tenentur
1703 2490 1718 2515 ,
1752 2449 1885 2503 nulli
1918 2462 2072 2517 opem
2108 2435 2328 2516 lerunt),

781 2545 967 2598 eodem
999 2542 1160 2614 463
1195 2541 1358 2596 modo
1409 2538 1743 2609 paenitentiae
1801 2537 2120 2592 vocabulum
2171 2553 2343 2592 usur-.

785 2633 950 2701 pavit.
981 2631 1133 2684 Sicut
1180 2630 1322 2684 enim
1358 2642 1456 2684 nos
1489 2627 1716 2698 poenitet
1744 2664 1759 2690 ,
1792 2641 1915 2680 cum
1955 2626 2079 2695 quis
2111 2626 2328 2695 Opibus,

781 2721 980 2785 quibus
1011 2733 1133 2773 eum
1168 2717 1438 2780 auximus,
1472 2715 1612 2769 male
1637 2713 1809 2768 utitur
1837 2728 1852 2765 :
1886 2714 1967 2768 sic
2009 2713 2172 2779 Deus,
2208 2729 2329 2768 cum

785 2810 1056 2863 hominem
1093 2807 1450 2868 condidisset,
1490 2804 1728 2875 Saulque
1759 2805 1814 2859 in
1851 2819 2028 2872 regem
2065 2805 2330 2869 unxisset,

783 2901 949 2967 hique
991 2908 1174 2968 postea
1209 2897 1261 2950 itt
1295 2896 1578 2965 peccatum
1611 2895 1746 2965 lapsi
1773 2901 1977 2956 essent,
2012 2894 2332 2962 paenitentia

783 2988 1009 3042 allectus
1035 2987 1244 3040 'tllCllUl‘
1277 3003 1288 3038 :
1323 3000 1429 3039 non
1469 2985 1616 3054 quod
1660 2985 1828 3039 Deum
1858 2999 1985 3038 vere
2021 2984 2336 3051 pmnituerit

2431 585 2700 652 γνώσεως.
2739 586 2800 638 Εί
2853 583 2945 637 οὖν
2987 587 3106 638 καθ’
3157 588 3369 656 ἡμέραν
3416 589 3594 656 κρίνει
3655 586 3755 634 καὶ
3802 585 3987 650 ὁρίζει,

2432 676 2552 728 καθ’
2581 676 2788 743 ἡμέραν
2823 675 3077 742 γινώσκει
3121 677 3180 727 τὸ
3224 677 3539 743 γινόμενον,
3570 656 3689 737 καὶ,
3724 672 3802 733 ὣς
3854 674 3991 732 τινές

2433 781 2583 831 φασι,
2614 765 2707 816 καὶ
2745 766 3153 833 μεταμελείται,
3183 767 3275 817 καὶ
3321 765 3678 833 προστίθησιν
3709 762 3809 828 ἔτη
3835 762 3988 827 ζωῆς,

2434 853 2508 922 μὴ
2529 853 2725 914 εἰδότες
2752 854 2803 904 τί
2834 870 3018 920 φασιν.
3059 854 3117 905 El
3141 853 3246 922 γὰρ
3281 853 3689 921 μεταμελεῖται,
3712 852 3812 901 καὶ
3836 865 3992 916 προσ-

2431 943 2606 1012 τίθησι
2633 981 2647 1004 ,
2675 943 2902 1011 τρεπτὸν
2953 943 3062 1011 ἔχει
3091 943 3181 996 καὶ
3232 943 3290 993 τὸ
3324 943 3552 1010 θέλημα,
3577 942 3676 992 καὶ
3720 941 3826 1004 τὴν
3859 938 3991 1000 γνὼ-

2434 1045 2548 1081 σιν’
2592 1029 2682 1080 καὶ
2731 1028 2887 1080 τοῦτο
2923 1030 3136 1094 ἀνάξιον
3198 1028 3348 1084 Θεοῦ.
3384 1030 3442 1080 Ei
3496 1029 3549 1079 δὲ
3596 1029 3797 1092 λέγετε
3837 1041 3993 1090 προσ-

2431 1115 2728 1168 τεθεικέναι
2767 1116 2843 1185 τῷ
2879 1118 3092 1188 Ἐζεκίᾳ
3113 1156 3126 1178 ,
3159 1117 3296 1169 κατὰ
3341 1117 3437 1186 τὴν
3468 1116 3718 1184 Γραφὴν,
3754 1113 3872 1164 ἀλλ’
3905 1113 3994 1163 οὐκ

2433 1203 2660 1271 ἀγνοῶν,
2691 1204 2810 1256 οὐδὲ
2844 1205 2918 1273 μὴ
2940 1207 3231 1274 προορίσας
3252 1245 3263 1264 ,
3295 1203 3663 1271 προσέθηκεν,
3692 1200 3818 1252 ἀλλ’
3843 1198 3994 1257 αὐτὸς

2435 1293 2532 1362 μὲν
2558 1294 2651 1346 καὶ
2676 1295 2945 1361 προέγνω,
2977 1296 3068 1346 καὶ
3114 1294 3383 1362 προώρισε
3416 1294 3479 1344 τὰ
3517 1293 3664 1343 κατὰ
3713 1292 3813 1340 τὸν
3855 1288 3992 1347 ἐξε-

2433 1385 2554 1435 κίαν
2571 1400 2583 1414 ’
2618 1384 2981 1452 προνοητικῶς
3003 1385 3056 1435 δὲ
3087 1387 3216 1451 ἐσχη
3228 1384 3479 1452 ματίζετο
3505 1385 3544 1441 i,
3564 1377 3884 1444 οἰκονομῶν
3910 1379 3992 1441 τὴν

2435 1473 2703 1541 σωτηρίαν
2725 1475 2898 1540 ἡμῶν,
2927 1473 3012 1524 ἴνα
3059 1473 3225 1540 δείξῃ,
3258 1473 3416 1522 πότον
3442 1470 3672 1523 δύναται
3718 1469 3989 1536 μετάνοια.

2433 1561 2866 1629 Μεταμελεῖσοαι
2909 1561 2964 1612 δὲ
3019 1561 3263 1627 λέγεται,
3297 1563 3358 1612 ἐκ
3404 1561 3511 1611 τῶν
3553 1559 3680 1609 καθ’
3713 1559 3890 1623 ἡμᾶς.
3939 1554 3990 1603 'll

2432 1650 2539 1718 γὰρ
2569 1649 2757 1719 Γραφὴ
2800 1648 3280 1717 ἀνθρωπικώτερον
3326 1649 3451 1717 περὶ
3497 1647 3633 1699 Θεοῦ
3681 1645 3990 1707 διαλέγεται

2434 1737 2572 1806 πρὸς
2627 1736 2724 1805 τὴν
2770 1736 3063 1805 νηπιότητα
3117 1737 3225 1787 τῶν
3265 1736 3586 1786 ἀκουόντων.
3629 1732 3856 1795 Ὠσπερ
3893 1731 3989 1792 γὰρ

3475 1841 3494 1872 ι
3526 1823 3625 1888 οὐχ
3670 1821 3840 1871 ὑπνοῖ
3881 1817 3933 1867 Et
3965 1816 3989 1865 ὁ

2433 1911 2582 1973 Θεὸς,
2618 1911 2752 1964 ἀλλά
2784 1913 2879 1980 τὴν
2915 1912 3113 1980 ἀνοχὴν
3149 1913 3240 1963 καὶ
3263 1912 3362 1980 τὴν
3389 1909 3781 1980 μακροθυμίαν
3810 1902 3986 1962 αὑτοῦ,

2433 2003 2523 2054 καὶ
2551 2001 2647 2070 τὴν
2676 2001 2962 2070 ὑπέρθεσιν
3004 2004 3100 2070 τῆς
3149 2002 3398 2070 βοηθείας
3431 1998 3593 2052 αὑτοῦ
3617 2038 3631 2059 ,
3664 1997 3842 2047 ὕπνον
3878 1997 3988 2044 ἑκά·

2430 2089 2586 2142 λεσε’
2620 2092 2749 2160 παρ’
2783 2093 2911 2160 ἡμῖν
2963 2092 3068 2160 γὰρ
3113 2092 3161 2142 οἱ
3201 2089 3522 2152 ὑπνοῦντες,
3553 2087 3617 2138 οὐ
3668 2083 3985 2152 βοηθοῦσινο

2431 2179 2571 2232 οὕτω
2599 2181 2690 2232 καὶ
2723 2179 3068 2250 μεταμέλεια.
3113 2180 3302 2247 Ἡμεῖς
3339 2179 3442 2245 γὰρ
3463 2213 3479 2238 ,
3512 2177 3644 2228 ὅταν
3674 2172 3866 2239 εῶμέν
3895 2185 3990 2220 τιλ.ι

2433 2268 2657 2322 πλοῦτον
2681 2308 2697 2331 ,
2725 2269 2818 2321 καὶ
2862 2268 3045 2330 κακῶς
3078 2269 3285 2329 ἐκεῖνος
3327 2268 3619 2336 χρήσηται,
3656 2257 3992 2331 μεταμελοὲ-

2435 2358 2594 2428 μεθα.
2630 2358 2814 2422 Οὕτως
2849 2358 2944 2411 τοῦ
2979 2359 3112 2412 Θεοῦ
3159 2360 3248 2410 τὸν
3297 2358 3580 2426 ἄνθρωπον
3627 2355 3986 2421 ποιήσαντος,

2431 2449 2524 2500 καὶ
2568 2448 2657 2500 τὸν
2705 2448 2872 2502 Σαοὺλ
2921 2449 3199 2517 χρίσαντος
3238 2450 3316 2509 εἰς
3364 2444 3623 2514 βασιλέα,
3673 2443 3772 2494 καὶ
3819 2443 3990 2507 ἀμαρ-

2431 2539 2710 2606 τησάντων
2744 2537 2922 2590 αὐτῶν
2949 2579 2963 2602 ,
3015 2536 3432 2607 μεταμελείσθαι
3480 2535 3699 2601 λέγεται
3727 2549 3741 2562 ·
3791 2531 3855 2582 οὐ
3898 2527 3988 2579 τοῦ

2431 2626 2562 2680 Θεοῦ
2610 2628 3070 2698 μεταμεληθέντος
3094 2645 3106 2657 ο
3156 2627 3375 2697 προῄδει
3416 2626 3522 2694 γὰρ
3569 2625 3629 2676 τὸ
3677 2622 3943 2688 ἐσόμενον
3973 2632 3988 2648 ⁸

2431 2715 2565 2768 ἀλλά
2616 2717 2818 2769 τούτων
2848 2717 2972 2781 ἄξια
3017 2717 3376 2786 μεταμελείας
3416 2713 3768 2784 πραξάντων.
3823 2710 3991 2774 Ἀγω-

2433 2805 2708 2877 νισώμεοα
2736 2803 2828 2859 οὖν
2857 2807 3092 2874 ποιῆσαι
3138 2805 3199 2856 τὸ
3227 2805 3447 2871 ἀγαθὸν,
3475 2803 3568 2853 καὶ
3607 2797 3810 2868 ἀγαβοὶ
3837 2797 3989 2864 γενέ-

2437 2895 2579 2959 σθαι,
2609 2897 2694 2948 ἵνα
2747 2891 2894 2963 ὦμεν
2942 2896 3050 2947 τῶν
3109 2892 3570 2963 προεγνωσμένων
3620 2889 3870 2956 ἀγαθῶν,
3902 2887 3992 2938 καὶ

2437 2988 2859 3057 προωρισμένων
2886 2989 2963 3050 εἰς
2991 2987 3134 3056 ζωὴν
3168 2985 3404 3038 αἰώνιον.

783 3079 950 3148 (quod
976 3078 1120 3132 enim
1156 3077 1396 3130 futurum
1431 3083 1598 3138 esset,
1633 3076 1734 3129 hoc
1760 3075 1870 3144 jam
1905 3083 2029 3130 ante
2052 3077 2319 3146 noverat),
2364 3078 2460 3132 sed
2494 3080 2640 3148 quod
2671 3080 2745 3133 illi
2775 3097 2838 3134 ea
2872 3087 3299 3151 perpetrassent,
3333 3093 3452 3147 quae
3516 3076 3844 3145 poenitentia
3911 3074 3992 3126 di-

782 3184 884 3238 gna
908 3175 1084 3223 erant.
1116 3166 1479 3236 Quapmptcr,
1511 3174 1565 3220 et
1599 3166 1736 3220 bona
1769 3179 1949 3234 agere,
1976 3173 2030 3220 et
2091 3168 2220 3221 boni
2277 3183 2399 3224 esse
2434 3170 2828 3226 contendamus
2855 3209 2868 3236 ,
2917 3179 2973 3225 ut
3011 3171 3063 3223 in
3093 3185 3281 3223 eorum
3332 3182 3556 3222 numero
3585 3167 3810 3230 simus,
3859 3176 3992 3233 quos

782 3262 953 3314 bonos
1005 3256 1122 3312 fore
1183 3256 1491 3324 praescivit,
1536 3262 1699 3324 atque
1749 3255 1816 3311 ad
1855 3257 2020 3309 vitam
2069 3265 2326 3311 aeternam
2366 3262 2765 3327 praordinavit.

849 3351 936 3402 8t.
980 3348 1115 3402 Illud
1141 3355 1319 3401 autem
1349 3346 1630 3402 sciendum
1666 3355 1770 3410 est,
1799 3349 1944 3416 quod
1971 3349 2168 3402 bonum
2197 3364 2361 3417 prae-t

2501 3353 2611 3407 πα’.
2658 3353 2850 3406 ’ἰστέον
2879 3353 2954 3416 δὲ,
2984 3354 3058 3416 ὡς
3083 3353 3283 3419 ἀγαθὸν
3321 3353 3416 3420 μέν
3449 3353 3561 3402 ἐστι
3583 3349 3739 3412 τάξις
3774 3349 3989 3417 ἀρίστη,

784 3438 1147 3492 stantissimus
1178 3436 1313 3490 ordo
1339 3436 1431 3498 sit,
1465 3438 1761 3505 unicuique
1784 3436 1924 3506 quod
1954 3445 2147 3491 natura
2175 3454 2335 3494 suum

784 3538 886 3590 cst,
923 3543 1280 3582 conservans.
1335 3526 1472 3580 illud
1528 3541 1690 3595 porro
1740 3535 1824 3582 est
1871 3527 2063 3582 virtus.
2113 3528 2334 3594 Contra,

784 3619 985 3670 malum
1045 3618 1258 3670 ordinis
1313 3615 1607 3670 dissolutio
1651 3623 1775 3681 est,
1827 3632 1920 3671 seu
1978 3618 2333 3686 perturbatio.

785 3708 952 3760 Porro
985 3705 1237 3760 bifariam
1266 3709 1467 3758 bonum
1502 3706 1728 3772 dicitur,
1771 3707 1852 3761 vel
1885 3707 1936 3761 id
1969 3708 2118 3777 quod
2147 3721 2336 3763 revera

786 3799 984 3850 bonum
1017 3807 1118 3858 est,
1155 3803 1212 3848 ut
1261 3798 1396 3850 ordo
1436 3797 1531 3852 ille
1561 3796 1629 3852 de
1672 3813 1781 3868 quo
1828 3799 2096 3863 diximus,
2147 3801 2232 3853 vel
2284 3797 2337 3852 id

784 3888 928 3954 quod
968 3888 1092 3940 boni
1135 3887 1513 3941 tantummodo
1550 3888 1786 3955 speciem
1837 3888 2032 3951 habet,
2065 3890 2143 3942 uti
2185 3889 2339 3943 volu-

786 3987 928 4046 ptas,
969 3992 1073 4046 qua
1121 3987 1314 4043 praeter
1344 3991 1465 4030 eum
1499 3977 1746 4030 ordinem
1799 3991 1993 4032 sensus
2046 3977 2334 4041 titillatur;

788 4065 930 4133 quod
960 4065 1178 4132 quidem
1215 4064 1412 4117 bonum
1468 4077 1575 4117 non
1628 4075 1743 4126 est,
1780 4066 1871 4118 sed
1903 4064 2084 4134 potius
2113 4066 2333 4119 malum.

791 4157 882 4209 Sic
921 4155 1118 4207 malum
1151 4155 1350 4222 duplici
1399 4168 1616 4224 quoque
1658 4154 1818 4209 modo
1863 4155 2096 4218 dicitur,
2125 4171 2335 4225 nempe,

786 4248 867 4298 vel
897 4247 944 4297 id
977 4245 1119 4314 quod
1151 4260 1272 4298 vere
1303 4245 1504 4297 malum
1533 4251 1636 4310 est,
1661 4245 1775 4299 sive
1807 4245 1947 4313 quod
1977 4253 2170 4314 praeter
2195 4245 2338 4300 ordi-

787 4352 908 4390 nem
962 4345 1166 4388 natura!
1222 4342 1635 4403 congruentem,
1678 4343 1841 4403 atque
1882 4335 2143 4390 adversus
2175 4334 2336 4390 Crea-

786 4427 921 4478 toris
978 4427 1147 4494 legetu
1199 4440 1262 4477 ex
1316 4423 1538 4491 proprio
1584 4423 1818 4478 consilio
1865 4432 1918 4478 et
1965 4424 2241 4478 voluntate
2280 4424 2338 4476 lit

785 4515 1077 4583 (naturalis
1102 4513 1299 4582 quippe
1328 4511 1462 4565 ordo
1492 4512 1545 4564 iu
1578 4512 1678 4565 hoc
1709 4513 1849 4566 situs
1879 4520 1982 4579 est,
2011 4521 2070 4567 ut
2097 4513 2337 4569 Creatori

782 4605 1070 4658 ohcdiatur
1098 4642 1112 4666 ,
1158 4602 1495 4671 perturbatio
1539 4615 1669 4655 vero
1719 4602 1774 4655 in
1810 4604 2216 4672 contumacia),
2253 4605 2336 4658 vel

2436 3442 2648 3511 ἑκάστῳ
2675 3441 2737 3492 τὸ
2785 3441 2923 3494 κατά
2963 3441 3120 3508 φύσιν
3153 3441 3354 3492 οικεῖον
3387 3438 3725 3501 διασῴζουσα
3748 3454 3762 3466 ν
3801 3438 3990 3489 ταυτὸν

2434 3533 2490 3586 δέ
2524 3534 2639 3585 ἐστι
2695 3533 2787 3584 καὶ
2825 3533 2992 3602 ἀρετή
3014 3548 3027 3561 ’
3057 3532 3220 3584 κακία
3269 3531 3403 3598 sm;
3450 3533 3545 3598 τῆς
3574 3530 3786 3593 τάξεως
3822 3529 3988 3586 λύσις,

2435 3623 2600 3690 ἧγουν
2628 3621 2826 3684 ἀταξία
2879 3619 3084 3683 Δισσῶς
3106 3620 3162 3672 δέ
3179 3619 3241 3671 τὸ
3261 3618 3462 3685 ἀγαθὸν
3493 3619 3733 3684 λέγεται,
3770 3618 3804 3687 ἢ
3824 3617 3887 3669 τὺ
3912 3617 3989 3667 ὅν-

2434 3727 2541 3774 τως
2586 3710 2807 3778 ἀγαθίὸν,
2844 3709 2918 3772 ὡς
2952 3711 2983 3778 ἡ
3015 3709 3238 3778 meum
3269 3708 3438 3770 τάξις,
3489 3707 3523 3774 ἦ
3578 3708 3672 3758 καὶ
3699 3706 3764 3758 τὸ
3808 3705 3991 3756 δοκοῦ-ι

2435 3800 2660 3866 ἀγαθὸν,
2693 3800 2725 3869 ὴ
2759 3800 2876 3851 κατ’
2898 3797 3142 3866 αἴσθησιν
3171 3798 3325 3865 ἡδονὴ
3358 3799 3506 3866 παρὰ
3532 3796 3629 3865 τὴν
3654 3796 3991 3864 προειρημέ-

2437 3905 2533 3955 νην
2560 3887 2714 3952 τάξιν
2735 3904 2747 3918 ο
2774 3889 2910 3956 ὅπερ
2939 3888 3038 3939 οὐκ
3067 3887 3267 3954 ἀγαθόν
3302 3889 3468 3949 ἐστιν,
3497 3885 3632 3938 ἀλλὰ
3660 3885 3766 3952 μᾶ)
3780 3883 3872 3934 λον
3897 3899 3988 3932 κα-

2437 3980 2529 4032 κόν
2547 3996 2561 4010 ο
2585 3979 2680 4032 καὶ
2715 3982 2747 4047 ἡ
2781 3981 2946 4031 κακία
2973 3979 3027 4030 δὲ
3051 3977 3252 4039 ’δισσῶς
3281 3977 3516 4042 λέγεται,
3550 3974 3582 4044 ἢ
3616 3976 3676 4026 τὸ
3697 3975 3873 4035 ὄντως
3897 3990 3989 4023 κα·

2436 4069 2552 4133 κον,
2576 4068 2828 4143 τουτέστι.
2847 4069 2907 4120 τὸ
2934 4067 3086 4138 παρά
3120 4066 3216 4136 τὴν
3249 4066 3480 4135 φυσικὴν
3507 4065 3657 4127 τάξιν
3682 4065 3987 4130 γινόμενον,

2437 4158 2532 4210 καὶ
2562 4155 2711 4225 παρά
2730 4156 2820 4208 τὸν
2843 4156 3002 4224 νόμον
3024 4153 3116 4205 τοῦ
3138 4153 3452 4214 κτίσαντος,
3477 4153 3593 4204 κατ’
3616 4152 3728 4203 οίκε
3739 4152 3830 4202 ίαν
3859 4147 3989 4214 γνὼ-

2442 4262 2569 4314 μην.
2606 4244 2809 4313 Φυσικὴ
2862 4260 2968 4312 γαρ
3001 4243 3171 4305 τάξις,
3201 4243 3233 4310 ἡ
3282 4242 3490 4308 ὑπακοὴ
3522 4241 3613 4292 τοῦ
3650 4240 3985 4297 κτίσαντος·

2439 4334 2632 4398 ἀταξία
2649 4333 2725 4396 δέ,
2756 4336 2790 4404 ὴ
2836 4334 3082 4404 παρακοή
3104 4332 3178 4401 ’ἢ
3230 4333 3288 4384 τὸ
3313 4332 3500 4384 δοκοῦν
3544 4329 3734 4394 κακὸν,
3780 4330 3843 4381 τὺ
3873 4329 3986 4380 κατ’

2438 4423 2685 4492 αἴσθησιν
2720 4422 2980 4491 λυπηρὸν,
3013 4423 3103 4473 καὶ
3129 4421 3258 4490 ἡμῖν
3278 4419 3552 4481 ἐπίπονον,
3583 4419 3656 4477 ὡς
3683 4421 3712 4485 ἡ
3750 4415 3984 4471 παιδεία,

2437 4515 2556 4582 ἥτις
2593 4513 2788 4581 μᾶλλον
2819 4513 3018 4578 ἀγαθόν
3059 4513 3204 4573 ἐστι,
3239 4511 3332 4563 καὶ
3368 4509 3659 4578 συμφέρον,
3706 4508 3850 4576 πρὸς
3894 4506 3985 4587 τῂν

2439 4604 2580 4656 κατὰ
2617 4603 2778 4670 φύσιν
2803 4603 3143 4669 ἐπανάγοντα
3174 4601 3344 4665 τάξιν.
3369 4601 3474 4654 Καὶ
3504 4599 3771 4663 λέγονται,
3802 4598 3872 4647 τὰ
3894 4607 3986 4662 μεν

781 4692 925 4758 quod
957 4693 1212 4760 opinione
1241 4692 1502 4746 duntaxat
1543 4692 1748 4762 malu'm
1778 4700 1861 4746 est
1893 4707 1905 4742 :
1943 4701 2002 4745 ut
2029 4689 2172 4762 quod
2211 4708 2336 4747 sen-

2441 4695 2660 4748 ἐκούσια
2711 4693 3063 4758 κακά,οδντως
3095 4693 3258 4758 κακὰ,
3293 4693 3362 4744 τὰ
3409 4692 3518 4759 εἴδη
3554 4690 3650 4756 τῆς
3676 4687 3983 4755 ἁμαρτίας·

783 4783 934 4834 sibus
971 4784 1225 4834 acerbum
1271 4789 1374 4845 est,
1421 4781 1689 4849 nobisque
1718 4781 2022 4844 molestum,
2055 4781 2134 4834 uti
2175 4775 2336 4835 casti-

2407 4845 2411 4849 Α
2441 4783 2509 4835 τὰ
2537 4783 2594 4836 δὲ
2620 4783 2868 4846 ἀκούσια,
2899 4783 2965 4836 τὰ
2993 4784 3244 4836 ἐπίπονα.

784 4876 949 4944 gatio,
978 4889 1096 4944 quze
1122 4875 1337 4944 quidem
1362 4875 1504 4928 bona
1531 4875 1712 4942 potius
1742 4883 1795 4928 et
1827 4874 1976 4929 utilis
1999 4883 2107 4939 est;
2134 4877 2334 4944 quippe
2369 4890 2488 4944 quae
2511 4876 2577 4930 ad
2611 4879 2907 4932 naturalem
2948 4877 3195 4931 ordinem
3223 4891 3322 4931 nos
3351 4885 3584 4929 revocet.
3653 4875 3727 4925 Ac
3794 4873 3983 4925 volun-

787 4972 920 5023 taria
949 4971 1166 5038 quidem
1223 4969 1361 5022 mala
1399 4969 1678 5034 dicuntur,
1711 4984 1834 5040 quae
1867 4985 1990 5025 vere
2021 4971 2160 5023 mala
2228 4979 2374 5033 sunt,

787 5063 1092 5116 molestiam
1133 5059 1385 5113 alTerutit.

855 5152 942 5205 82.
985 5152 1344 5216 Quamobrem
1381 5151 1541 5214 Deus.
1586 5168 1758 5222 neque
1806 5154 2020 5218 horum,
2065 5169 2239 5223 neque
2271 5155 2335 5209 il-

786 5242 958 5296 lorum
989 5250 1261 5296 estcausa
1289 5279 1301 5303 ,
1343 5241 1486 5296 sicut
1522 5241 1880 5296 ostendimus.
1916 5240 2025 5297 Etsi
2059 5244 2202 5298 enim
2244 5243 2332 5296 illa

854 5401 901 5432 "
941 5399 1044 5451 lsa.
1083 5413 1303 5458 xxxviii,
1341 5396 1389 5449 5.
1493 5396 1533 5425 ³³
1565 5393 1706 5449 Psal.
1750 5411 1901 5458 xuii,
1935 5394 2020 5447 l5.

2452 4981 2577 5040 puta
2611 4973 2818 5042 peccati
2848 4972 3056 5041 species
3095 4987 3106 5022 :
3144 4985 3250 5024 non
3291 4969 3590 5024 voluntaria
3621 4977 3830 5028 autem,
3870 4982 3986 5034 qum

2511 5153 2618 5221 πβ¹.
2649 5153 2784 5207 Οὔτε
2815 5153 3014 5207 τούτων
3039 5148 3153 5217 οὖν,
3187 5150 3308 5206 οὕτε
3337 5151 3558 5203 ἐκείνων
3585 5149 3758 5208 αἴτιος
3784 5149 3812 5199 ὁ
3835 5146 3982 5208 Θεὸς,

2439 5245 2512 5304 ὡς
2541 5243 2837 5312 ἐδείξαμεν.
2881 5246 2940 5297 Εἰ
2969 5244 3077 5312 γὰρ
3097 5242 3162 5297 τὰ
3189 5243 3451 5311 λεγόμενα
3471 5240 3630 5303 κακὰ,
3655 5237 3740 5290 διὰ
3771 5237 3834 5288 τὸ
3857 5237 3984 5302 ἡμῖν

2088 5549 2312 5606 VARI/{'1
2348 5546 2740 5605 LECTIONES.

870 5644 884 5684 ί
921 5641 1083 5697 Uusil.
1113 5650 1164 5694 et
1218 5641 1343 5709 Reg.
1413 5640 1860 5709 ἐσχηματίσαντο.
