4156 6436
251 437 380 502 1581

1253 430 1624 490 DIALOGUS
1663 430 1957 489 CONTRA
1999 428 2475 488 MANICILEUS.

3365 426 3500 492 1582

242 546 416 601 δοκεῖν
441 544 585 597 κακὲ
616 538 777 605 εἶναι,
802 540 891 594 διὰ
926 543 983 593 τὸ
1012 542 1194 610 ἀηδὲς,
1222 542 1320 594 καὶ
1338 543 1425 594 διὰ
1450 542 1511 593 τὸ
1545 539 1821 612 παράϐουο

1928 555 2049 609 quae
2088 538 2456 593 involuntaria
2498 535 2639 590 mala
2692 534 2952 592 dicuntur
2994 535 3151 609 (sive
3195 540 3323 609 quia
3358 545 3497 599 mala

243 639 335 691 λον
366 636 547 705 ἡμῶν,
606 635 695 687 καὶ
749 632 1144 702 διαμαρτάνειν
1174 634 1342 702 ἡμᾶς,
1368 632 1643 685 τουτέστιν
1686 633 1823 685 ἀπο-

241 730 536 799 τυγχάνειν
568 726 661 779 τοῦ
695 726 905 788 δέοντος
934 726 1106 778 κόπου
1146 723 1191 789 ι,
1219 724 1295 795 τῷ
1323 725 1459 794 πρὸς
1496 724 1594 794 τὴν
1625 723 1817 794 ἡδονὴν

241 820 427 889 λίχνῳ,
460 817 654 887 δικαίῳ
682 815 825 885 λόγῳ
853 816 881 867 ὁ
902 814 1035 876 Θεὸς
1059 816 1276 882 ὲπάγει,
1308 813 1577 866 παιδεύων
1606 813 1741 884 πρὸς
1765 814 1823 865 τὸ

241 910 544 979 συμφέρον,
608 905 745 960 ἀλλὰ
777 906 886 965 τῶν
910 904 1190 974 ιἑκουσίων
1252 904 1435 958 κακῶν
1489 904 1718 974 ἤρτηται
1754 903 1822 955 τὰ

239 1001 475 1053 ἀκούσια
521 999 790 1069 λεγόμενα
825 997 1005 1050 κακά’
1040 996 1327 1049 ἀκολουθεί
1369 997 1478 1065 γὰρ
1512 997 1626 1057 τοῖς
1666 996 1823 1047 ἐκου-

240 1090 382 1153 σίοις
422 1091 615 1151 κακοῖς
672 1088 742 1140 τὰ
788 1086 1041 1140 ἀκούσια.
1102 1085 1379 1155 Τιμωρίαι
1414 1085 1545 1155 γὰρ,
1578 1083 1672 1135 καὶ
1694 1101 1822 1136 παι-

238 1183 403 1246 δείαι,
435 1182 510 1244 ὠς
537 1182 606 1234 τὰ
636 1178 827 1242 πολλὰ,
854 1178 987 1250 πρὸς
1025 1176 1307 1247 διόρθωσιν
1340 1179 1394 1228 αἱ
1440 1174 1715 1245 συμφοραὶ
1737 1175 1821 1240 γί-

240 1292 448 1336 νονται,
489 1274 582 1327 καὶ
619 1274 652 1343 ἠ
689 1271 785 1325 τοῦ
823 1273 1105 1341 μέλλοντος
1152 1269 1346 1331 αἰῶνος
1368 1267 1607 1329 κόλασις,
1641 1267 1822 1320 τελεία

236 1365 343 1433 τῆς
375 1363 575 1425 κακίας
609 1362 705 1415 καὶ
730 1360 1006 1430 ἁμαρτίας
1044 1359 1323 1426 ἀναίρεσις
1345 1373 1358 1387 ·
1392 1356 1446 1425 ἢ,
1484 1356 1545 1408 τὸ
1582 1354 1822 1407 ἐναντίον

239 1458 441 1517 εἰπεῖν,
471 1458 584 1518 τοῖς
618 1455 938 1506 ἐπιποθοῦσι
960 1452 1058 1513 τὰς
1083 1447 1400 1518 σωματικὰς
1421 1446 1572 1517 παρὰ
1597 1446 1687 1500 τὸν
1716 1462 1821 1513 φυ-

240 1547 399 1600 σικὸν
423 1548 585 1615 νόμον
607 1545 823 1617 ἡδονὰς,
858 1546 952 1596 καὶ
982 1545 1078 1605 τὰς
1108 1542 1195 1595 διὰ
1232 1541 1432 1602 ταύτας
1460 1538 1753 1609 ἁμαρτίας,
1786 1537 1818 1605 ή

239 1639 449 1710 ἀπορία
472 1640 569 1709 τῆς
599 1638 804 1691 τούτων
852 1638 1100 1707 χρήσεως
1129 1634 1278 1686 ἔσται
1328 1632 1523 1684 αἰωνία
1572 1629 1816 1691 κόλασις.

240 1731 483 1792 Κόλασις
517 1730 625 1799 γὰρ
648 1732 681 1797 ἡ
716 1727 806 1781 τοῦ
834 1726 1168 1795 ποθουμένου
1204 1722 1491 1791 ἀποτυχία.
1531 1722 1691 1790 Ἀχρι
1716 1720 1821 1789 γὰρ

238 1820 522 1889 ἁμαρτίας
549 1819 707 1889 ἡδονὴ
756 1818 905 1889 παρὰ
932 1817 1026 1870 τὸν
1059 1817 1221 1887 νόμον
1252 1817 1353 1886 τῆς
1382 1815 1596 1883 φύσεως
1623 1832 1636 1843 ·
1680 1813 1817 1883 αὓτη

236 1887 299 1962 δὲ
332 1887 504 1981 διττὴ,
539 1887 819 1982 ψυχικὴ,
920 1907 1206 1977 σωματική
1232 1922 1246 1937 ο
1272 1907 1364 1977 καὶ
1394 1903 1600 1975 ψυχικὴ
1635 1902 1754 1972 μὲν,
1785 1905 1817 1973 ἡ
1854 1887 1895 1942 Β

236 2001 344 2069 τῆς
370 2000 528 2069 δόξης
552 1999 769 2067 ἔφεσιςο
795 1996 1081 2069 σωματικὴ
1106 1997 1185 2060 δὲ,
1226 1995 1451 2067 βρῶσις,
1493 1995 1669 2057 πόσις,
1700 1994 1821 2046 ἀνε-

240 2105 333 2153 σις
354 2092 623 2157 σώματος,
653 2088 838 2152 ὖπνος,
869 2087 1126 2142 συνουσία
1142 2084 1440 2155 γυναικῶν.
1472 2084 1659 2138 Ταῦτα
1687 2084 1823 2138 πάν-

239 2197 311 2232 τα
342 2181 547 2248 φυσικὰ
574 2181 669 2233 καὶ
698 2179 837 2233 καλά
867 2179 1008 2233 κατά
1030 2178 1128 2248 τὴν
1158 2176 1392 2249 φυσικὴν
1421 2175 1575 2242 τάξιν
1605 2175 1700 2230 καὶ
1730 2174 1821 2227 τὸν

240 2272 410 2341 νόμον
440 2271 534 2324 τοῦ
560 2271 857 2332 κτίσαντος
898 2271 1194 2339 γινόμενα·
1245 2269 1391 2322 κακά
1433 2268 1510 2331 δὲ,
1550 2268 1701 2338 παρά
1731 2269 1821 2319 τὸν

240 2360 409 2432 νόμον
460 2359 553 2414 τοῦ
602 2361 907 2422 κτίσαντος
931 2398 945 2421 ,
990 2362 1084 2414 καὶ
1112 2359 1205 2429 τὴν
1238 2358 1472 2429 φυσικὴν
1498 2358 1679 2425 τάξιν,
1726 2358 1822 2412 καὶ

238 2452 466 2525 χρῆσιν.

318 2722 429 2785 πγ¹.
458 2714 666 2784 Φυσικὴ
699 2714 769 2774 δὲι
789 2714 963 2779 τάξις,
990 2714 1053 2765 τὸ
1085 2712 1334 2782 ἐφίεσθαι
1362 2713 1462 2782 τῆς
1504 2712 1666 2782 παρὰ.
1686 2712 1820 2766 Θεοῦ

238 2808 404 2878 δόξης
418 2811 438 2839 ’δ
465 2808 526 2859 τὸ
546 2807 603 2861 δὲ
628 2806 726 2876 τῆς
766 2806 895 2877 παρ’
920 2806 1163 2877 ἀλλήλων
1187 2805 1345 2876 δόξης
1372 2805 1642 2875 ἐφίεσθαι,
1671 2805 1822 2876 παρά

240 2898 430 2966 φύσιν.
463 2895 579 2967 Θεῴ
602 2904 711 2967 γαρ
748 2897 913 2966 μόνῳ,
954 2896 1033 2966 τῷ
1063 2896 1222 2965 φύσει
1253 2895 1513 2965 δοξαστῷ,
1560 2896 1761 2964 πρέπει
1788 2896 1821 2965 ἡ

241 2990 399 3061 παρά
427 2990 645 3041 πάντων
702 2990 809 3043 τῶν
854 2988 1171 3057 κτισμάτων
1210 2986 1375 3040 αὐτοῦ
1407 2986 1534 3052 δόξα
1558 3001 1571 3014 ⁸
1605 2988 1738 3057 ἡμῖν
1766 2986 1821 3037 δὲ

238 3081 308 3135 τὸ
340 3078 730 3134 ταπεινοῦσθαι
757 3079 895 3149 Θεῷ,
920 3082 1008 3141 ηὼς
1046 3078 1396 3149 Δημιουργῷ,
1430 3080 1526 3131 καὶ⁵
1551 3077 1819 3147 ἀλλήλοις,

238 3172 337 3223 διὰ
380 3172 471 3224 τὸν
511 3172 676 3243 νόμον
718 3169 813 3223 τοῦ
846 3170 1168 3232 κτίσαντος.
1200 3170 1372 3223 Τοῦτο
1397 3172 1505 3240 γὰρ
1549 3170 1647 3239 τῆς
1686 3170 1821 3240 πρὸς

237 3263 339 3316 τὸν
369 3262 502 3315 Θεὸν
529 3263 769 3331 ἀγάπης,
801 3262 896 3315 καὶ
919 3262 1017 3331 τῆς
1047 3262 1180 3331 πρὸς
1217 3262 1308 3313 τὸν
1346 3261 1571 3329 πλησίον
1616 3261 1821 3329 τεκμή-

244 3372 383 3421 ριον.
428 3373 446 3404 ι
503 3354 840 3424 Ἀγαπήσεις
893 3358 1002 3422 γάρ
1058 3354 1261 3424 Κύριον
1291 3354 1383 3405 τὸν
1412 3352 1544 3405 Θεόν
1601 3368 1721 3412 σου,
1762 3352 1823 3415 ἐξ

246 3444 374 3517 ὅλης
394 3447 491 3516 τῆς
523 3446 747 3515 καρδίας
771 3461 886 3508 σου,
915 3446 1008 3497 καὶ
1024 3445 1114 3498 τὸν
1140 3445 1368 3513 πλησίον
1404 3458 1519 3508 σου,
1552 3442 1627 3506 ὡς
1659 3458 1821 3495 σεαυ-

238 3537 358 3590 τόν.
404 3556 424 3589 ι
461 3538 593 3603 Καί,
644 3555 663 3588 ‹
700 3536 861 3599 mm
888 3536 1037 3605 ὑψῶν
1062 3536 1273 3598 ἑαυτόν,
1308 3534 1781 3604 ταπεινωθήσεται
1803 3548 1816 3562 ⁶

239 3627 274 3677 ὁ
319 3626 375 3677 δὲ
412 3624 757 3688 ταπεινώσας
812 3625 1022 3699 ἑαυτὸν,
1072 3623 1438 3693 ὑψωθήσεται.
1490 3641 1508 3675 ι
1562 3623 1722 3676 Ὥστε
1761 3623 1822 3674 τὸ

241 3716 470 3784 ἀγαπᾷν
497 3715 594 3785 τὴν
634 3717 765 3783 παρ’
795 3714 1042 3785 ἀλλήλων
1074 3715 1252 3780 δόξαν,
1284 3714 1541 3768 ἀπιστίαν
1564 3714 1818 3781 συνίστη-

243 3819 351 3857 σιν.
391 3823 409 3856 ι
448 3806 526 3857 Οὐ
580 3804 809 3869 δύνασθε
849 3804 956 3874 γὰρ
986 3842 1000 3866 ,
1056 3804 1211 3872 φησὶ,
1248 3800 1525 3857 πιστεύειν
1579 3803 1656 3864 εἰς
1696 3802 1816 3871 ἐμὲ,

238 3896 403 3961 δόξαν
433 3896 562 3965 παρ’
593 3894 835 3967 ἀλλήλων
856 3894 1244 3963 λαμϐάνοντες,
1277 3894 1373 3949 καὶ
1406 3893 1504 3964 τὴν
1544 3893 1701 3958 δόξαν
1724 3891 1817 3945 τοῦ

242 3986 412 4059 μόνου
439 3986 575 4039 Θεοῦ
604 3987 665 4041 οὐ
691 3986 1013 4057 ζητοῦντεςεῇ

318 4163 420 4217 πδ’.
453 4163 622 4217 Πάλιν
668 4166 700 4236 ή
753 4164 1038 4235 σωματικὴ
1092 4163 1278 4235 ἡδονὴ,
1323 4162 1545 4233 βρῶσις,
1601 4164 1694 4216 καὶ
1748 4164 1817 4215 τά

239 4254 425 4316 λοιπὰ,
454 4254 593 4307 κατά
622 4255 720 4326 τὴν
770 4256 1008 4324 φυσικὴν
1035 4255 1247 4324 χρῆσιν,
1272 4256 1363 4306 καὶ
1386 4254 1477 4306 τὸν
1508 4255 1670 4325 νόμον
1719 4255 1814 4308 τοῦ

240 4344 543 4408 κτίσαντος
584 4345 970 4415 λαμϐανόμενα
992 4386 1003 4403 ,
1043 4345 1218 4400 καλά·
1263 4343 1413 4416 παρά
1445 4345 1501 4397 δὲ
1535 4345 1625 4396 τὸν
1654 4346 1814 4415 νόμον

238 4436 338 4489 τοῦ
393 4437 550 4501 Θεοῦ,
606 4436 727 4489 καθ’
762 4438 1035 4507 ἡμετέραν
1076 4440 1297 4503 γνώμην
1337 4436 1429 4487 κα)⁸
1466 4437 1812 4504 παράχρησιν

241 4527 527 4596 γινόμενα,
551 4530 701 4580 κακὰ
722 4546 732 4555 ·
756 4524 864 4578 οἷον
897 4527 1095 4594 βρῶσις
1122 4529 1211 4576 καί
1250 4527 1423 4585 πόσις,
1452 4526 1573 4577 ὅσον
1603 4527 1735 4595 πρὸς
1757 4528 1816 4580 τὸ
1849 4556 1893 4610 D

245 4616 348 4686 ζῇν
381 4618 474 4669 καὶ
502 4617 763 4670 σύστασιν
797 4618 890 4669 τοῦ
932 4620 1204 4686 σώματος,
1236 4616 1405 4672 καλά’
1440 4616 1640 4685 ὁμοίως
1668 4622 1761 4670 καὶ
1788 4622 1813 4669 ό

243 4708 435 4771 ὕπνος,
460 4709 555 4761 καὶ
576 4710 609 4777 ὴ
639 4708 737 4776 τῆς
760 4708 1021 4776 γυναικὸς
1052 4709 1266 4778 χρῆσις,
1289 4709 1348 4759 τὸ
1372 4709 1572 4762 εἰδέναι
1594 4709 1655 4762 τὸ
1685 4710 1814 4761 ἴδιον

246 4799 459 4863 σκεῦος,
486 4799 669 4853 καλόν.
704 4801 776 4850 Τὸ
799 4801 857 4852 δὲ
883 4801 1018 4867 πρὶς
1048 4800 1240 4863 ἡδονὰς
1259 4801 1485 4867 ἀλόγους
1512 4800 1813 4871 κεχρῆσθαι

247 4890 467 4960 βρώσει,
504 4892 597 4943 καὶ
624 4892 797 4955 πόσει,
842 4895 931 4941 καί

246 4982 422 5051 δίκην,
447 4983 697 5051 πονηρόν,

965 4891 1169 4953 ww:
1184 4911 1207 4941 ν
1244 4894 1569 4963 ἀδιαιρόρως,
1604 4892 1815 4959 ἀλόγων

324 5199 426 5245 πε’.
454 5194 553 5247 Διὰ
574 5190 667 5247 οὖν
690 5195 789 5265 τὴν
818 5196 977 5263 κενὴν
1011 5196 1133 5258 οό.,λ
1180 5242 1186 5257 ,
1226 5198 1314 5249 καὶ
1343 5199 1428 5247 6.1
1458 5200 1554 5267 τὴν
1577 5200 1812 5268 ἀμετρῖσι

246 5284 467 5352 βρῶσιν,
503 5286 595 5336 καὶ
630 5287 807 5349 πόσιν,
846 5288 937 5339 καὶ
966 5288 1059 5347 τὰς
1100 5292 1371 5355 πορρειας,
1412 5292 1438 5355 η
1484 5290 1811 5360 φιλαργυρία

243 5375 446 5425 τούτων
482 5375 731 5444 ἔρεισμα,
757 5376 939 5442 φθόνοι
962 5395 1037 5439 τε,
1072 5380 1159 5428 καὶ
1194 5377 1385 5448 ἐ.ριδῖ.,
1414 5382 1505 5431 καὶ
1534 5384 1807 5453 πονηρίαι.

244 5468 338 5518 καί
368 5466 580 5535 ψεῦδος,
606 5476 699 5521 καὶ
732 5471 1105 5538 συκοφαντίαι,
1147 5473 1240 5533 καὶ
1268 5473 1535 5539 ἁρπαγαὶ,
1570 5474 1663 5525 καὶ
1712 5477 1777 5542 φό

245 5574 345 5620 vat,
402 5559 496 5609 καὶ
548 5560 607 5609 τὸ
658 5560 793 5629 πρὸς
837 5560 927 5611 τὸν
961 5562 1187 5623 πλησίον
1241 5566 1389 5630 μῖσος
1462 5565 1557 5616 Διὰ
1610 5566 1719 5633 γὰρ
1752 5570 1809 5618 3"-

309 5670 356 5700 “
382 5669 568 5725 Matth.
597 5688 730 5725 nu.
769 5674 833 5725 37
932 5674 977 5703 ⁵⁵
1013 5674 1121 5727 Luc
1177 5692 1281 5733 ιιιν,
1320 5680 1371 5730 Η

1496 5682 1538 5707 λ’ίλ
1582 5678 1741 5732 Joan.
1774 5701 1820 5743 ·.,
1855 5684 1887 5736 4

1925 633 2180 687 videntur
2206 632 2397 696 nobis,
2431 630 2547 687 sive
2590 641 2810 701 propter
2852 632 3316 700 injucunditatem
3338 675 3353 699 ,
3386 636 3499 690 sivo

1925 724 2051 792 quia
2083 731 2279 792 praeter
2307 737 2640 778 consensum
2688 730 2936 777 nostrum
2987 724 3282 791 accidunt,
3319 726 3395 780 ita
3442 736 3500 781 ut

1923 814 2305 883 voluptatibus
2332 813 2664 885 indulgendo
2688 813 3063 868 necessarium
3087 815 3328 871 laborem
3361 834 3500 888 prte-

1927 902 2327 975 termittamus)
2360 903 2511 973 justo
2532 903 2746 973 judicio
2773 901 2917 958 Deus
2948 902 3135 971 infert,
3155 905 3222 959 ad
3252 916 3498 963 nostram

1928 996 2218 1049 utilitatem
2269 996 2542 1066 castigans
2580 1010 2682 1050 nos
2716 1013 2729 1049 :
2767 1003 3005 1050 attamen
3036 998 3149 1053 hate
3181 998 3498 1055 involunta-

1926 1088 2004 1142 ria
2032 1088 2172 1141 mala
2212 1104 2240 1141 a
2273 1088 2601 1143 voluntariis
2642 1089 2901 1158 pendent.
2945 1087 3264 1146 Voluntaria
3295 1094 3499 1163 quippe

1928 1178 2066 1230 mala
2112 1179 2484 1234 involuutaria
2524 1191 2855 1250 sequuntur.
2886 1181 3022 1235 Nam
3059 1182 3400 1238 calamitates
3431 1186 3497 1238 ad

1925 1268 2363 1325 emendationem
2428 1282 2487 1325 ut
2537 1272 2836 1342 plurimuut
2897 1271 3232 1337 conferunt,
3280 1284 3341 1327 ut
3380 1289 3502 1343 qua:

1926 1360 2038 1413 sint
2080 1362 2348 1416 malorum
2403 1364 2662 1419 vindicta:
2711 1372 2765 1417 et
2816 1366 3225 1436 castigationes.
3260 1365 3403 1432 Quin
3448 1376 3503 1420 ct

1926 1450 2093 1505 futuri
2128 1453 2312 1507 saeculi
2355 1454 2705 1524 supplicium,
2740 1456 2995 1525 nequitiae
3020 1466 3075 1511 et
3099 1459 3309 1526 peccati
3340 1459 3496 1526 plena

1926 1542 2153 1595 abolitio
2182 1550 2284 1598 est.
2310 1542 2405 1598 Vel
2433 1554 2626 1600 contra
2660 1547 2864 1615 potius,
2893 1548 3278 1616 expetentibus
3307 1558 3500 1619 praeter

1924 1642 2136 1688 natura:
2164 1634 2336 1706 legem
2366 1639 2617 1693 carnales
2647 1640 2977 1709 voluptates,
3018 1648 3073 1696 et
3103 1648 3350 1711 peccata,
3383 1657 3502 1712 qua:

1922 1740 2112 1778 earum
2165 1740 2334 1780 causa
2395 1726 2807 1793 admittuntur,
2853 1731 3185 1798 supplicium
3234 1739 3499 1786 aeternum

1925 1816 2053 1880 erit,
2092 1817 2173 1872 eis
2219 1818 2294 1872 uti
2326 1833 2436 1873 non
2482 1834 2665 1889 posse.
2708 1820 3052 1891 Supplicium
3098 1822 3303 1894 quippe
3331 1834 3417 1880 est
3444 1840 3503 1877 re

1925 1910 2219 1979 concupita
2243 1910 2520 1966 excidere.
2555 1909 2691 1965 Nam
2723 1914 2973 1984 voluptas
3005 1930 3127 1985 qua:
3158 1926 3369 1971 natura:
3397 1916 3501 1986 legi

1925 2010 2214 2070 repugnat,
2262 2010 2550 2071 peccatum
2581 2012 2666 2057 est
2696 2020 2710 2059 :
2748 2014 2911 2074 atque
2947 2006 3152 2075 duplex
3192 2017 3300 2072 est,
3332 2008 3500 2061 animi

1925 2093 2134 2149 scilicet
2174 2101 2230 2148 et
2263 2094 2512 2163 corporis
2546 2110 2559 2145 :
2599 2096 2766 2150 animi
2799 2097 3045 2167 quidem,
3092 2106 3150 2153 ut
3184 2099 3371 2170 gloriae
3399 2115 3502 2155 cu-

1927 2185 2164 2252 piditas;
2197 2187 2447 2257 corporis
2475 2196 2681 2254 autem,
2720 2196 2772 2242 ut
2807 2189 2987 2255 cibus,
3026 2198 3210 2259 pOtus,
3251 2196 3502 2263 corporis

1927 2278 2181 2333 remissio
2210 2316 2224 2340 .
2257 2293 2487 2334 somnus
2510 2318 2525 2344 ,
2567 2294 2690 2333 cum
2733 2278 2956 2335 feminis
2989 2282 3324 2337 commistio.
3373 2284 3501 2338 Haec

1925 2370 2109 2423 omnia
2138 2370 2411 2423 naturalia
2440 2378 2569 2424 sunt
2608 2378 2663 2424 et
2710 2372 2884 2434 bona,
2930 2370 2977 2427 si
3007 2372 3310 2426 secundum
3349 2373 3501 2427 ordio

1934 2473 2062 2514 nem
2100 2469 2309 2516 naturae
2334 2458 2729 2531 Creatorisque
2758 2461 2930 2528 legem
2961 2460 3094 2516 ﬁant
3124 2480 3137 2516 :
3173 2464 3312 2516 mala
3348 2478 3498 2528 vero,

1926 2551 1971 2606 si
2022 2558 2218 2621 praster
2265 2550 2547 2608 Creatoris
2603 2553 2815 2624 legem,
2875 2552 3170 2620 ordinem,
3230 2570 3501 2625 usumque

1925 2651 2054 2698 natu
2064 2658 2156 2698 rte.

1995 2762 2083 2817 83.
2125 2759 2404 2816 Naturalis
2458 2760 2595 2816 ordo
2641 2770 2745 2824 est,
2798 2768 2855 2813 ιιι
2890 2761 3115 2831 gloriam
3152 2777 3274 2832 qua:
3304 2776 3335 2815 ιι
3388 2760 3497 2816 Deo

1923 2862 2043 2918 est,
2090 2852 2407 2922 cupiamus;
2446 2860 2689 2906 mutuam
2724 2868 2853 2905 vero
2896 2853 2963 2906 ab
3008 2853 3240 2907 invicem
3268 2853 3497 2922 gloriam

1924 2945 2201 3006 affectare,
2227 2945 2328 2997 hoe
2364 2954 2572 2998 naturae
2607 2952 2894 3012 repugnat.
2928 2942 3093 3016 464
3118 2941 3307 2998 Solum
3347 2959 3500 2998 nam-

1925 3048 2034 3101 que
2071 3031 2238 3085 Deum
2265 3074 2279 3097 ,
2321 3032 2413 3101 qui
2465 3047 2563 3084 sua
2610 3041 2804 3085 natura
2856 3033 3084 3099 gloriam
3120 3042 3391 3097 meretur,
3430 3036 3499 3087 ab

1927 3122 2199 3177 universis
2231 3124 2498 3176 creaturis
2537 3122 2712 3191 gloria
2756 3122 2891 3175 allici
2945 3124 3138 3189 decet;
3182 3138 3285 3180 nos
3315 3132 3495 3180 autem

1848 3228 1891 3285 ρ
1926 3214 2034 3267 ῡεο
2070 3213 2266 3283 subjici
2301 3229 2397 3282 par
2428 3222 2532 3274 est,
2559 3222 2616 3266 ut
2649 3212 2928 3269 Conditori
2951 3231 2965 3279 ;
2991 3217 3100 3268 imo
3130 3223 3331 3269 mutuo
3360 3216 3498 3270 alios

1926 3306 2050 3361 aliis
2109 3313 2344 3376 propter
2421 3305 2736 3361 Conditoris
2793 3307 2986 3376 legem.
3050 3305 3164 3361 Hoc
3224 3308 3495 3377 siquidem

1926 3404 2038 3450 tum
2098 3410 2225 3467 erga
2300 3395 2491 3459 Deum,
2529 3403 2643 3449 tum
2697 3412 2827 3467 erga
2898 3398 3232 3466 proximum,
3288 3399 3496 3453 amoris

1924 3494 2304 3556 argumentum
2336 3494 2442 3542 est.
2480 3504 2499 3538 ι
2560 3486 2766 3557 Diliges
2793 3489 2939 3543 enim
2988 3488 3276 3543 Dominum
3324 3489 3494 3546 Deum

1923 3591 1988 3629 ex
2063 3583 2181 3630 toto
2210 3576 2375 3631 corde.
2428 3585 2543 3641 tuo,
2596 3585 2651 3631 et
2700 3578 3016 3647 proximum
3065 3587 3218 3655 tuum
3259 3581 3405 3636 sicut
3443 3591 3496 3636 te

1923 3668 2103 3734 ipsum
2134 3663 2201 3716 “.
2239 3683 2258 3716 ›
2295 3664 2394 3721 Et:
2430 3686 2448 3718 ι
2485 3664 2679 3721 Omnis
2720 3668 2815 3737 qui
2857 3682 2917 3722 se
2963 3667 3193 3731 exaltat,
3237 3669 3494 3723 humilia-

1923 3756 2095 3820 bitur,
2135 3763 2189 3811 et
2221 3758 2314 3827 qui
2350 3773 2409 3812 se
2460 3759 2718 3813 httmiliat
2770 3759 3101 3813 exaltabitur
3128 3760 3193 3814 ".
3235 3780 3253 3812 ι
3305 3760 3495 3831 Itaque

1922 3848 2014 3916 qui
2047 3857 2248 3903 mutua:
2274 3850 2462 3920 glorize
2496 3850 2797 3921 cupiditate
2842 3853 3091 3923 ﬂagrant,
3151 3854 3493 3909 inﬁdelitatis

1919 3944 2305 4005 argumentum
2351 3938 2612 4006 produnt.
2693 3957 2710 3989 ι
2774 3936 2894 3991 Non
2957 3942 3187 4008 potestis
3243 3939 3490 4003 credere,

1830 4046 1839 4059 ~
1920 4025 2096 4093 inquit
2133 4025 2411 4089 Christus,
2442 4028 2536 4096 qui
2568 4028 2798 4098 gloriam
2837 4028 2904 4083 ab
2934 4029 3170 4084 invicem
3213 4030 3491 4101 accipitis,

1918 4122 1972 4165 et
2001 4113 2235 4182 gloriam
2265 4129 2386 4183 qua:
2413 4129 2442 4167 a
2474 4116 2595 4170 solo
2624 4114 2734 4171 Deo
2754 4126 2861 4181 est,
2891 4133 2999 4173 non
3024 4118 3270 4186 quaeritis
3296 4118 3363 4173 ".
3396 4137 3439 4183 ι,

1989 4202 2080 4256 84.
2114 4202 2332 4259 Rursus
2382 4207 2687 4275 corporalis
2738 4208 3014 4277 voluptas,
3051 4208 3156 4263 hoc
3186 4217 3271 4264 est
3309 4208 3489 4277 cibus,

1921 4294 2102 4362 potus,
2138 4306 2201 4350 a'c
2237 4298 2471 4368 reliqua,
2510 4300 2553 4353 si
2590 4299 2890 4354 secundum
2946 4308 3161 4356 natura:
3212 4316 3377 4357 usum
3436 4310 3492 4358 et

1918 4388 2235 4441 (joiiditoris
2268 4388 2439 4457 legem
2487 4403 2800 4453 sumantur,
2832 4390 2974 4443 bona
3028 4400 3157 4445 sunt
3189 4409 3202 4444 :
3235 4392 3320 4446 sin
3350 4407 3491 4462 prte-

1922 4488 2001 4529 lt'l‘
2035 4478 2127 4532 Dei
2167 4480 2364 4548 legem,
2416 4495 2513 4550 pro
2571 4490 2763 4535 nostro
2814 4482 3070 4545 arbitrio,
3121 4490 3176 4537 et
3203 4498 3301 4553 per
3352 4485 3488 4539 abu-

1924 4585 2068 4632 sum,
2109 4570 2268 4623 mala.
2314 4568 2563 4640 Exempli
2597 4572 2790 4641 gratia,
2845 4574 3005 4629 cibus
3036 4582 3090 4629 et
3133 4582 3316 4645 potus,
3349 4592 3488 4646 qua-

1924 4670 2086 4717 tenus
2140 4663 2264 4715 vita:
2311 4664 2674 4730 corporisque
2722 4666 3110 4719 sustentationi
3152 4665 3483 4729 inserviunt,

1925 4755 2066 4808 bona
2102 4761 2265 4817 sunt;
2319 4754 2574 4807 similiter
2603 4760 2657 4807 et
2687 4769 2936 4820 somnus,
2987 4771 3235 4827 ususque
3291 4759 3479 4813 mulie-

1922 4844 2021 4906 ris,
2062 4851 2120 4896 ιιι
2151 4844 2386 4913 quisque
2430 4858 2528 4899 vas
2577 4860 2737 4900 suum
2774 4848 3009 4913 noverit,
3040 4848 3244 4903 bonum
3273 4858 3378 4904 est.
3407 4851 3488 4902 Ad

1922 4936 2228 5002 voluptates
2275 4944 2457 4990 autem
2505 4936 2867 4992 abhorrentes
2896 4953 2925 4990 a
2957 4939 3172 4995 ratione
3227 4940 3307 4993 uti
3364 4940 3488 4994 cibo

1922 5034 1974 5077 ct
2004 5033 2155 5094 potu,
2199 5041 2260 5078 ac
2316 5025 2641 5079 mulieribus
2695 5028 3010 5095 promiscue
3061 5028 3351 5083 brutorum
3406 5030 3487 5081 in-

1926 5129 2035 5168 .tar
2074 5117 2307 5177 misceri,
2357 5117 2579 5168 malum.

1991 5208 2079 5261 85.
2118 5208 2387 5275 Quocirca
2428 5211 2642 5262 inanem
2706 5210 2959 5278 gloriam,
3019 5223 3229 5263 necnon
3288 5210 3453 5263 immo

1922 5299 2173 5353 deratqu
2221 5301 2423 5363 cibum,
2474 5308 2527 5350 ι·Ι.
2582 5308 2792 5366 potum,
2842 5298 3344 5368 scortationemque
3388 5312 3469 5349 cu-

1925 5391 2188 5443 tnitantur
2220 5393 2468 5443 avaritia.
2528 5403 2649 5458 qua!
2692 5390 2887 5442 horum
2935 5389 3330 5442 adminiculum
3376 5398 3479 5447 est,

1923 5482 2158 5544 invidiae,
2222 5484 2373 5543 rixae,
2442 5482 2715 5551 nequitiae,
2792 5478 3094 5543 mendacia,
3175 5478 3473 5532 calumnim

1922 5573 2147 5638 rapinae.
2219 5573 2503 5625 Medos-1
2574 5572 2758 5625 odium
2820 5569 3072 5638 proximi.
3159 5567 3293 5623 Nam
3351 5570 3467 5633 αιιιι

1534 5769 1757 5824 VARI/1'“.
1802 5768 2171 5828 LECTIONES

364 5861 376 5903 l
434 5850 577 5913 Lego
609 5868 777 5906 σκνπο
849 5869 963 5903 an.
1054 5876 1073 5904 λ
