4156 6436
726 368 900 433 ι·1583

1900 372 1964 433 s.
1998 371 2312 433 JOANNIS
2351 373 2785 452 DAMASCENI.

3825 379 3959 442 1584

757 496 773 528 ι
810 478 1047 532 abundat
1100 475 1403 547 iniquitas,
1458 477 1761 549 refrigescit
1805 479 2044 534 charitas
2101 481 2305 535 multo-
2333 487 2383 544 Α

2333 487 2383 544 A-
2411 503 2429 535 ι
2460 484 2825 554 πληθυνθῆναι
2874 484 2971 555 τὴν
3005 487 3296 557 ἁμαρτίαν,
3337 488 3513 558 ὲψύγη
3543 492 3577 558 ἠ
3612 488 3806 556 ἀγάπη
3858 489 3961 536 τῶν

757 583 881 620 tum
903 569 968 619 ⁸⁷.
1007 587 1025 618 ι
1058 567 1228 621 Porro
1258 569 1446 621 multos
1473 567 1605 622 dixit
1639 568 1938 639 [Christus]
1968 583 2062 624 eos
2099 571 2310 626 scilicet

751 659 841 726 qui
872 659 1143 727 iniquitati
1176 657 1379 711 addicti
1431 666 1577 712 sunt.
1624 659 1697 713 Ex
1734 660 2074 714 naturalibus
2103 661 2304 730 itaque,

751 755 1077 814 suggerente
1118 746 1355 812 diabolo,
1395 747 1822 816 proﬁciscuntur
1850 763 1913 803 ea
1942 764 2062 819 quae
2099 760 2307 803 natura:

753 844 1078 903 repugnant.

818 923 909 977 86.
955 924 1070 978 Duo
1124 940 1301 999 porro
1335 927 1495 982 nobis
1532 927 1844 994 adjumenta
1883 916 2096 982 ad'haec
2124 928 2304 982 omnia

751 1021 1084 1081 suppetunt;
1115 1015 1376 1068 nimirum
1429 1022 1485 1068 ut
1527 1016 1632 1066 vim
1683 1014 1843 1068 nobis
1895 1014 2214 1078 inferamus,
2249 1022 2305 1069 et

750 1103 987 1157 orationi
1053 1104 1454 1157 incumbamus.
1518 1102 1762 1157 Conatus
1818 1105 1966 1157 enim
2024 1111 2076 1158 et
2126 1104 2304 1158 oratio

751 1191 1066 1246 dilectionis
1091 1206 1218 1260 erga
1255 1190 1420 1245 Deum
1473 1201 1599 1246 sunt
1637 1191 1860 1244 indicia.
1893 1190 2025 1244 Nam
2078 1192 2303 1246 humili-

750 1289 836 1334 tas
872 1282 1116 1334 oratione
1143 1281 1468 1335 declaratur.
1504 1279 1657 1334 Tunc
1686 1283 1828 1334 enim
1887 1282 1977 1334 Dei
2011 1281 2303 1350 potentiam

752 1369 1131 1438 imploramus,
1186 1384 1310 1423 eum
1375 1370 1806 1424 imbecillitatem
1841 1379 2084 1424 nostram
2136 1385 2304 1440 agno-

755 1462 985 1515 scimus.
1021 1461 1158 1515 lllud
1190 1464 1354 1530 porro
1392 1460 1534 1515 scire
1569 1468 1802 1529 oportet,
1852 1475 1975 1514 eum
2022 1475 2050 1513 a
2083 1471 2305 1530 peccato

753 1549 990 1612 liberari,
1021 1549 1112 1618 qui
1139 1564 1168 1602 a
1199 1549 1405 1618 judicio
1442 1549 1510 1602 de
1539 1549 1662 1603 aliis
1698 1547 1922 1602 ferendo
1955 1564 2013 1605 se
2043 1551 2300 1603 abstinet.

2407 574 2638 627 πολλῶν.
2682 592 2700 624 ι
2733 566 3009 641 Πολλοὺς
3037 575 3093 628 δὲ
3132 577 3271 644 ἔφη,
3312 579 3439 640 τοὺς
3478 578 3870 646 ,κεχρημένους
3898 578 3961 642 τῇ

2405 664 2623 732 ἀνομίᾳ.
2667 664 2760 715 Ἐκ
2783 665 2894 716 τῶν
2923 665 3162 732 φυσικῶν
3193 663 3284 718 οὖν
3311 667 3560 736 ἔρχονται
3587 668 3656 719 τά
3689 666 3843 736 παρά
3865 667 3962 732 φύ-

2406 767 2508 812 σιν,
2533 751 2624 804 τοῦ
2653 752 2897 806 διαϐόλου
2922 755 3367 823 προσϐάλλοντος.

2474 922 2590 986 πς’.
2635 925 2775 992 Πρὸς
2809 923 2985 976 πάντα
3014 924 3182 976 ταῦτα
3206 926 3298 978 δύο
3331 928 3458 995 ἡμῖν
3492 927 3688 996 τρόποι
3720 926 3963 994 μέγιστοι

2403 1013 2538 1081 πρὸς
2570 1012 2820 1082 βοήθειαν
2839 1029 2853 1042 ⁸
2879 1012 2939 1064 τὺ
2973 1012 3248 1081 βιάζεσθαι
3274 1017 3498 1076 ἑαυτοὺς
3535 1018 3634 1068 καὶ
3664 1017 3964 1084 προσεύχεο

2405 1102 2527 1154 σθαι
2550 1102 2598 1153 ι.
2634 1103 2928 1171 Ἐνδειγμα
2956 1104 3062 1174 γὰρ
3085 1105 3302 1172 ἀγάπης
3327 1105 3462 1172 πρὸς
3480 1105 3569 1155 τὸν
3603 1105 3761 1166 Θεὸν,
3786 1107 3820 1170 ἡ
3857 1105 3963 1170 βία.

2403 1195 2496 1246 καὶ
2542 1195 2577 1262 ἡ
2638 1196 2910 1264 προσευχὴ
2937 1210 2950 1224 ο
3005 1193 3262 1262 ἔνδειγμα
3311 1195 3418 1262 γὰρ
3465 1192 3862 1254 ταπεινώσεως
3890 1235 3903 1255 ,
3935 1196 3966 1260 ἡ

2404 1286 2697 1354 προσευχὴ.
2743 1283 3222 1351 Ἐπιγινώσκοντες
3253 1284 3361 1353 γὰρ
3393 1285 3488 1354 τὴν
3538 1284 3756 1336 οἰκείαν
3806 1283 3966 1335 ἀσθέ-

2403 1389 2570 1436 νειαν,
2592 1372 2690 1442 τὴν
2718 1372 2810 1424 τοῦ
2836 1372 2973 1424 Θεοῦ
3002 1373 3409 1441 ὲπικαλούμεθα
3460 1373 3716 1441 δύναμιν.
3780 1375 3874 1423 Δεῖ
3919 1372 3970 1424 δὲ

2403 1458 2618 1520 εἰδέναι,
2642 1460 2722 1512 ὅτι
2756 1460 2817 1511 τὸ
2854 1461 2927 1530 μὴ
2963 1461 3190 1530 κρίνειν,
3216 1461 3499 1530 λυτροῦται
3522 1463 3633 1514 ἀπὸ
3662 1462 3967 1530 ἁμαρτίας.

2403 1551 2474 1602 Τὸ
2503 1541 2608 1620 γάρ
2641 1550 2714 1620 μὴ
2751 1550 2976 1620 κρίνειν,
2999 1552 3379 1612 ταπεινώσεως
3405 1555 3629 1631 σημεῖον
3651 1570 3663 1581 ·
3692 1553 3856 1603 οὐδὲν
3882 1551 3968 1602 οὗ·

751 1638 962 1707 Quippe
1021 1639 1292 1691 neminem
1338 1637 1606 1705 judicare,
1673 1638 2001 1692 humilitatis
2076 1639 2296 1707 signum

2400 1655 2507 1703 τως
2542 1640 2926 1709 προσκαλεῖται
2952 1639 3049 1708 τὴν
3095 1639 3189 1692 τοῦ
3219 1639 3352 1691 Θεοῦ
3391 1639 3662 1708 βοήθειαν,
3700 1640 3784 1700 ὡς
3813 1641 3846 1706 ὴ
3878 1656 3967 1690 τα-

755 1737 859 1781 est.
889 1727 1036 1781 Nihil
1071 1736 1391 1791 autem'est,
1425 1729 1571 1796 quod
1605 1727 1693 1782 Dei
1727 1743 1885 1798 opem
1912 1728 1991 1783 sic
2021 1737 2299 1798 provocet.

2403 1729 2681 1787 πείνωσις.
2713 1746 2732 1780 ι
2766 1729 2869 1782 Ἴδε
2890 1730 3020 1799 γὰρ,
3050 1731 3204 1798 φησί,
3227 1731 3327 1798 τὴν
3353 1729 3680 1782 ταπείνωσιν
3719 1746 3851 1796 μου,
3882 1729 3970 1779 καὶ

754 1825 812 1869 ut
864 1817 1159 1871 humilitas.
1201 1835 1220 1867 ι
1259 1815 1408 1881 Vide,
1461 1817 1660 1886 inquit,
1713 1818 2075 1872 humilitatem
2130 1803 2372 1873 meamB

2331 1803 2372 1858 Β
2403 1814 2493 1866 τὸν
2521 1813 2688 1868 κόπον
2713 1816 2811 1883 τῆς
2851 1815 2968 1884 βίας
2999 1833 3123 1884 μου,
3155 1816 3248 1868 καί.
3272 1817 3405 1884 ἄφες
3437 1815 3616 1876 πάσας
3657 1818 3764 1876 τὰς
3798 1817 3969 1885 ἁμαρ-

751 1916 806 1960 et
855 1906 1096 1961 laborem
1141 1913 1373 1960 conatus
1417 1907 1566 1960 mei:
1607 1913 1661 1960 et
1704 1905 1918 1961 dimitte
1955 1907 2136 1962 omnia
2176 1912 2302 1977 pec-

757 2007 877 2050 cata
929 2010 1045 2050 mea
1077 1995 1144 2051 ¹⁸.
1182 2015 1199 2048 i
1228 1995 1330 2050 Et:
1367 2014 1385 2047 ι
1437 1993 1570 2051 Vide
1621 1989 1981 2051 humilitatem
2035 2011 2206 2051 meam
2253 2005 2306 2051 et

751 2087 904 2156 eripe
931 2100 1016 2140 me
1033 2085 1130 2152 ",i
1155 2087 1406 2140 videlicet
1425 2086 1493 2140 ab
1507 2094 1848 2156 oppugnante
1869 2087 2044 2149 hoste,
2063 2095 2308 2156 peccate-

752 2183 856 2244 (μω
885 2183 938 2229 et
966 2175 1274 2243 insipientia
1291 2189 1426 2229 mea.
1448 2174 1744 2229 Plurimum
1764 2183 1946 2231 autem
1965 2176 2032 2230 ad
2053 2177 2303 2230 virtutem

753 2263 990 2326 confert,
1018 2278 1137 2318 cum
1161 2263 1349 2334 probis
1400 2267 1746 2319 conversatio
1771 2265 1973 2334 (homo
2017 2264 2160 2318 enim
2187 2263 2309 2316 imi-

757 2355 904 2406 laudi
958 2353 1262 2408 studiosum
1319 2365 1402 2409 est
1442 2352 1710 2421 animal),
1765 2366 2072 2422 sensusque
2119 2352 2186 2405 ab
2241 2353 2307 2405 iis

754 2455 1017 2502 avertere,
1047 2459 1278 2514 quorum
1315 2441 1661 2514 consuetudo
1692 2443 1758 2496 ad
1795 2442 1987 2497 vitium
2012 2457 2115 2497 nos
2143 2441 2309 2498 exsti-

759 2537 953 2588 mulat.
1007 2535 1278 2599 Quantum
1337 2534 1479 2591 enim
1537 2534 1605 2589 ab
1640 2532 1838 2597 oculis,
1906 2540 2119 2586 tantum
2172 2544 2222 2586 et
2276 2544 2306 2584 a

756 2624 941 2677 corde.
995 2623 1071 2675 E1
1104 2621 1227 2675 hinc
1262 2621 1404 2676 enim
1447 2636 1628 2676 rerum
1673 2621 2013 2676 sensibilium
2051 2621 2308 2674 memoria

757 2715 812 2764 in
862 2712 1037 2764 anima
1065 2710 1406 2803 perfricatur.
1461 2710 1630 2766 Nobis
1676 2721 1856 2765 autem
1911 2709 2196 2771 incumbit,
2252 2716 2309 2762 ut

760 2809 994 2854 mentem
1024 2814 1052 2853 a
1085 2798 1268 2854 rerum
1301 2800 1642 2855 sensibilium
1689 2798 2069 2867 recordatione
2101 2798 2308 2851 abstra-

760 2887 974 2948 hamus,
1031 2901 1140 2955 quo
1190 2887 1398 2940 levibus
1441 2887 1544 2941 alis
1593 2901 1718 2942 sese
1764 2886 2039 2950 attollens,
2087 2885 2153 2937 ad
2197 2884 2310 2953 spi-

757 2979 1012 3035 ritualem
1045 2980 1212 3033 solem
1242 2977 1474 3042 advolet,
1523 2986 1577 3032 et
1625 2978 1904 3033 inaccessa
1953 2985 2311 3045 nostrumque

2405 1903 2524 1967 τίας
2547 1921 2669 1974 μου.
2697 1922 2716 1954 ι
2734 1905 2863 1969 Καὶ,
2893 1921 2912 1955 ι
2940 1906 3044 1958 Ἴδε
3069 1903 3168 1975 τὴν
3189 1905 3514 1958 ταπείνωσιν
3528 1923 3654 1975 μου,
3674 1905 3778 1958 καὶ
3792 1905 3970 1967 ἐξελοῦ

2414 2007 2517 2062 με·
2546 2011 2563 2043 ι
2605 1992 2866 2062 δηλονότι,
2900 1994 2963 2046 ἐκ
2986 1993 3079 2046 τοῦ
3129 1992 3488 2064 πολεμοῦντος
3516 2011 3583 2065 με
3618 1994 3852 2065 ἐχθροῦ,
3887 1992 3974 2045 καὶ

2404 2083 2503 2152 τῆς
2529 2084 2795 2154 ἁμαρτίας
2846 2101 2947 2155 μου
2972 2123 2987 2148 ,
3031 2084 3124 2138 καὶ
3157 2075 3463 2155 ἀφροσύνης
3493 2103 3620 2154 μου.
3655 2085 3971 2154 Συμϐαλλε-

2405 2172 2495 2225 ταί
2520 2173 2577 2224 δὲ
2606 2174 2740 2244 πρὸς
2775 2173 2993 2244 ἀρετὴν,
3037 2175 3131 2227 καὶ
3163 2176 3196 2244 ἡ
3224 2175 3360 2244 μετά
3398 2176 3506 2227 τῶν
3550 2175 3832 2245 ὲναρέτων
3860 2175 3970 2226 δια-ι

2405 2266 2557 2331 γωγή
2578 2276 2592 2290 ⁶
2632 2264 2927 2332 μιμητικὸν
2949 2265 3055 2334 γὰρ
3087 2262 3226 2326 ζῶον
3253 2265 3281 2316 ὁ
3306 2264 3591 2334 ἄνθρωπος
3612 2279 3626 2292 ·
3659 2265 3761 2317 καὶ
3785 2265 3848 2317 τὸ
3875 2266 3972 2318 ἀπ-

2409 2352 2624 2422 έχεσθαι
2651 2354 2750 2421 τῆς
2771 2355 2891 2406 κατ’
2931 2353 3181 2423 αἴσθησιν
3206 2353 3417 2422 ὁμιλίας
3451 2355 3559 2406 τῶν
3584 2354 3965 2425 ἑρεθιζὸντων.

2409 2445 2570 2496 Ὀσον
2598 2444 2702 2512 γὰρ
2722 2443 2827 2496 ἀπὸ
2847 2443 3150 2513 ὀφθαλμοῦ,
3192 2443 3439 2496 τοσοῦτον
3462 2445 3555 2496 καὶ
3575 2446 3684 2497 ἀπὸ
3710 2446 3964 2518 καρδίας.

2407 2536 2482 2585 Δι’
2507 2533 2682 2586 αὐτῶν
2727 2534 2834 2602 γάρ
2889 2535 2916 2602 ιι
2954 2534 3139 2602 μνήμη
3166 2533 3272 2585 τῶν
3312 2533 3580 2602 αἰσθητῶν
3610 2537 3677 2604 τῇ
3709 2534 3858 2603 ψυχῇ
3899 2536 3971 2599 γε·

2409 2640 2577 2676 νεται.
2604 2624 2893 2692 Πρόκειται
2916 2623 2971 2676 δὲ
3001 2624 3151 2693 ἡμῖν,
3182 2622 3408 2692 χωρίσαι
3432 2624 3522 2677 τὸν
3551 2622 3675 2676 νοῦν
3701 2624 3809 2691 τῆς
3836 2627 3969 2693 μνή-

2412 2729 2518 2782 μης
2561 2712 2667 2764 τῶν
2719 2712 3009 2780 αἰσθητῶν,
3060 2712 3147 2764 ἳνα
3203 2713 3387 2781 κούφῳ
3449 2713 3636 2783 πτερῷ
3685 2714 3830 2783 πρὸς
3882 2714 3970 2764 τὸν

2408 2801 2594 2870 νοητὸν
2621 2803 2832 2871 ἀναπτῇ
2859 2801 3010 2870 ἥλιον
3040 2801 3133 2853 καὶ
3161 2801 3237 2870 τῷ
3261 2785 3538 2870 ἀπροσίτῳ
3571 2801 3666 2853 καὶ
3697 2802 3970 2870 ἀμηχάνῳ

2408 2890 2580 2944 αὑτοῦ
2599 2890 2784 2944 κάλλει
2819 2889 3192 2961 καταυγασθῇ.
3223 2890 3521 2959 Παχύνεται
3563 2891 3672 2959 γὰρ
3704 2890 3834 2952 νοῦς
3869 2890 3970 2951 ὑπὸ

2408 2981 2507 3048 τῆς
2539 2982 2755 3050 μνήμης
2783 2979 2891 3032 τῶν
2918 2979 3211 3050 αἰσθητῶν,
3243 2981 3336 3033 καὶ
3365 2980 3501 3049 πρὸς
3537 2972 3676 3032 αύτά
3707 2980 3973 3032 καθέλκε-

759 3077 979 3138 captutn
1046 3078 1338 3136 superante
1430 3068 1839 3137 pulchritudine
1931 3068 2375 3156 eollustretur.c

2332 3099 2375 3156 ϐ
2409 3086 2517 3132 ται,
2569 3070 2860 3137 ἀφίσταται
2890 3069 2990 3136 τῆς
3034 3069 3411 3137 κατανοήσεως
3463 3068 3556 3118 καὶ
3609 3065 3970 3127 ἀπολαύσεως

761 3158 912 3214 Mens
942 3159 1138 3228 quippe
1167 3169 1353 3213 nostra
1382 3172 1446 3213 ex
1485 3158 1828 3213 sensibilium
1856 3162 2117 3213 memoria
2155 3175 2307 3215 cras-

761 3249 885 3303 sitie
914 3254 1219 3311 contracta,
1268 3246 1333 3302 ad
1375 3262 1439 3302 ea
1490 3247 1838 3317 deprimitur,
1892 3258 2058 3318 atque
2107 3264 2137 3302 a
2185 3249 2306 3319 pul-

760 3338 1089 3393 chritudinis
1124 3339 1271 3392 illius
1301 3350 1422 3405 qua:
1454 3337 1568 3391 sola
1597 3345 1773 3391 mente
1825 3336 2144 3407 percipitur,
2188 3353 2312 3393 con-

2410 3158 2505 3212 τοῦ
2530 3158 2720 3227 νοητοῦ
2746 3157 2996 3218 κάλλους.
3033 3174 3052 3206 ι
3094 3155 3279 3216 Οὐδεὶς
3316 3155 3420 3224 γάρ
3445 3153 3668 3206 δύναται
3717 3154 3844 3205 δυσὶ
3879 3171 3970 3203 κυ-

2414 3249 2550 3320 ρίοις
2593 3246 2884 3301 δουλεύειν.
2933 3264 2953 3297 ι
3004 3243 3154 3296 Ἔθει
3191 3242 3541 3313 κατορθοῦσιν
3587 3243 3639 3293 οἱ
3688 3242 3968 3310 ἄνθρωποι

2415 3340 2593 3391 πᾶσαν
2619 3337 2833 3405 τέχνην,
2863 3335 2955 3388 καὶ
2977 3335 3228 3402 ἐπιμονῇ,
3264 3333 3357 3383 καὶ
3383 3331 3494 3400 βίᾳ.

762 3431 1108 3499 templatione
1191 3439 1246 3483 et
1307 3429 1652 3497 possessione
1717 3435 2050 3483 removetur.
2110 3429 2326 3486 «Nemo
2388 3433 2529 3488 enim
2580 3435 2757 3500 potest
2812 3426 3024 3481 duobus
3079 3422 3316 3477 dominis
3364 3420 3524 3492 465
3579 3421 3796 3496 servire
3844 3419 3910 3474 ⁸⁸.
3949 3437 3965 3468 i

763 3520 1190 3583 Consuetudine,
1223 3519 1534 3582 tolerantia,
1569 3525 1622 3574 et
1646 3527 1847 3574 conatu
1894 3519 2138 3589 cujusvis
2169 3524 2306 3578 artis
2341 3506 2726 3594 perfectionem
2761 3518 3144 3588 adipiscuntur
3167 3515 3439 3568 homines.

832 3615 921 3668 87.
975 3613 1315 3682 Quapropter
1367 3627 1464 3681 per
1513 3613 1621 3666 vim
1670 3620 1725 3667 et
1795 3620 2072 3696 conatum,
2130 3617 2221 3685 qui
2279 3630 2312 3670 a

763 3704 1026 3759 charitate
1077 3702 1479 3772 proﬁciscatur,
1517 3716 1615 3772 per
1668 3703 1976 3780 orationem
2009 3719 2171 3775 quam
2206 3705 2312 3759 hu-

767 3795 969 3849 militas
1007 3791 1230 3856 excitet,
1271 3807 1332 3846 ac
1366 3807 1462 3861 per
1491 3806 1670 3846 rerum
1707 3793 2071 3858 sensibilium,
2100 3808 2315 3849 eorum-

765 3899 872 3954 que
924 3883 1016 3952 qui
1073 3881 1435 3951 negligentius
1482 3881 1693 3943 vivunt,
1760 3879 1964 3949 fugam,
2041 3883 2313 3936 neminem

763 3973 1095 4039 indicantes,
1151 3969 1395 4038 quinimo
1443 3982 1536 4036 per
1581 3967 1965 4032 humilitatem,
2018 3978 2314 4024 consuetu-

768 4063 1057 4130 dinemque
1109 4059 1398 4120 bonorum,
1429 4065 1482 4111 et
1517 4056 1905 4119 obedientiam,
1950 4057 2184 4112 salutem
2216 4071 2315 4112 no-

770 4160 939 4203 stram
977 4161 1285 4213 operemur,
1335 4145 1538 4214 absque
1586 4144 1717 4207 ulla,
1753 4144 1870 4198 sive
1899 4145 2315 4214 cogitationum,

771 4241 882 4294 sive
932 4236 1220 4291 affectuum
1262 4235 1651 4291 occultatione.
1688 4232 1822 4286 Illud
1872 4235 2070 4303 quippe
2121 4234 2317 4288 malum

769 4329 923 4402 quod.
944 4327 1218 4382 occultum
1248 4334 1351 4380 est.
1375 4324 1486 4377 Lux
1512 4338 1638 4377 vero
1667 4331 1768 4386 est,
1796 4323 2134 4402 quidquidin
2164 4338 2321 4391 aper-

773 4429 884 4471 tum
918 4399 1114 4488 prodit.
1147 4416 1336 4485 Neque
1371 4415 1516 4469 enim
1553 4427 1778 4482 serpens
1810 4411 1876 4466 ad
1929 4399 2097 4467 solem
2125 4413 2319 4483 gignit,

772 4507 868 4561 sed
910 4509 961 4558 in
995 4503 1244 4558 cavernis
1273 4521 1285 4556 :
1324 4515 1427 4556 nec
1456 4515 1639 4556 semen
1685 4513 1848 4568 super
1881 4507 2081 4552 terram
2111 4488 2319 4565 jac'ens,

2483 3616 2590 3679 πζ’.
2622 3614 2718 3667 Διά
2755 3614 2874 3684 βίας
2906 3612 2996 3666 οὖν
3025 3613 3123 3680 τῆς
3154 3611 3212 3674 ἐξ
3261 3609 3480 3678 ἀγάπης
3509 3607 3824 3676 γινομένης,
3878 3608 3972 3658 καὶ

2412 3704 2736 3776 προσευχῆς,
2770 3703 2868 3772 τῆς
2899 3703 2964 3754 ὲκ
2993 3698 3388 3760 ταπεινώσεως,
3421 3698 3513 3750 καὶ
3535 3697 3832 3764 ἁποφυγῆς
3865 3697 3971 3746 τῶν

2412 3795 2703 3865 αἰσθητῶν,
2755 3795 2848 3844 καί⁵
2895 3791 2989 3843 τοῦ
3041 3791 3231 3857 φυγεῖν
3273 3789 3371 3857 τὴν
3428 3787 3535 3855 τῶν
3581 3786 3971 3854 ἀμελεστέρων

2414 3885 2744 3953 συνοίκησιν,
2795 3880 2888 3933 καὶ
2931 3878 3022 3931 τοῦ
3059 3879 3132 3946 μὴ
3180 3877 3404 3946 κρίνειν,
3431 3875 3526 3927 καὶ
3557 3875 3968 3935 ταπεινώσεως,

2415 3974 2504 4027 καὶ
2525 3971 2622 4040 τῆς
2647 3969 2754 4022 τῶν
2792 3967 3059 4039 εναρέτων
3086 3962 3543 4030 συναναστροφῆς,
3573 3963 3664 4013 καὶ
3695 3962 3969 4029 ὑπακοῆς.

2411 4061 2508 4128 τὴν
2535 4055 2740 4109 ἑαυτῶν
2761 4051 3032 4121 σωτηρίαν
3062 4045 3554 4116 κατεργασώμεθα·
3590 4046 3664 4113 μὴ
3679 4045 3971 4113 ’κρύπτον-

2413 4165 2500 4210 τες
2533 4148 2655 4209 τοὺς
2694 4144 3003 4212 λογισμοὺς,
3030 4141 3124 4194 καὶ
3150 4139 3216 4191 τὰ
3245 4140 3301 4220 ἐν
3339 4139 3470 4207 ἡμῖν
3500 4135 3664 4204 πάθη.
3713 4136 3833 4185 Πᾶν
3866 4135 3972 4202 γὰρ

2416 4227 3014 4306 κρυπτὸν,’φαῦλονοτὸ
3053 4231 3110 4283 δὲ
3157 4227 3575 4298 φανερούμενον,
3632 4225 3748 4292 φῶς
3798 4227 3967 4276 ἐστιν.

2419 4330 2493 4383 Ob
2524 4328 2631 4397 γὰρ
2667 4326 2828 4395 γεννᾷ
2866 4324 2988 4392 ὄφις
3028 4322 3086 4374 ὲν
3123 4319 3278 4389 ἡλίῳ,
3309 4316 3422 4370 ἀλλ’
3453 4318 3509 4367 ὲν
3562 4314 3822 4380 φωλεοῖς·
3851 4311 3971 4362 οὐδὲ

2422 4417 2617 4487 σπόρος
2667 4411 3068 4481 αὐξάνει-ὑπὶρ
3110 4410 3212 4478 γῆν
3251 4409 3516 4477 κείμενος,
3549 4403 3662 4457 ἀλλ’
3707 4403 3816 4454 ὑπὸ
3868 4401 3972 4469 γῆν

2419 4507 2808 4578 κρυπτόμενος.
2860 4499 3016 4554 Οῦτω
3064 4500 3156 4551 καὶ
3211 4499 3260 4548 οἰ
3311 4495 3534 4564 πονηροὶ
3585 4491 3841 4558 λογισμοὶ
3900 4489 3972 4557 μὴ

777 4595 869 4650 sed
905 4595 1007 4650 sub
1036 4601 1181 4646 terra
1236 4592 1410 4645 latens
1456 4589 1675 4644 crescit.
1708 4586 1797 4641 Sic
1845 4587 1997 4640 mala:
2036 4587 2320 4657 cogitatio-
2351 4579 2394 4634 ι)

2351 4579 2394 4634 θ
2422 4594 2882 4668 δημοσιευόμινοι,
2923 4585 3356 4659 καρποφοροῦσιν
3398 4585 3478 4644 εἰς
3508 4581 3744 4651 φθορὰν,
3784 4582 3885 4631 καὶ
3927 4581 3973 4630 οἰ

772 4701 892 4749 nes,
923 4699 1046 4738 cum
1085 4685 1138 4736 in
1191 4687 1438 4751 apertum
1490 4678 1712 4733 minime
1763 4675 2135 4746 proferuntur,
2203 4676 2319 4729 fru-

770 4784 897 4831 ctus
929 4773 981 4825 in
1012 4771 1418 4839 corruptionem
1448 4766 1662 4822 edunt:
1701 4766 1856 4820 bona
1887 4780 2015 4820 vero
2060 4767 2116 4819 in
2151 4765 2318 4818 vitam

773 4870 1053 4923 aeternam,
1082 4873 1187 4928 qua
1227 4858 1386 4912 nobis
1421 4857 1675 4910 omnibus
1721 4854 1929 4924 perfrui
1964 4851 2318 4918 concedatur,

777 4967 870 5018 per
895 4951 1121 5021 gratiam
1178 4947 1388 5001 Domini
1439 4947 1611 5001 nostri
1656 4945 1785 5020 Jesu
1817 4944 2050 5008 Christi,
2076 4945 2162 4998 cui
2195 4959 2320 4998 eum

779 5042 937 5096 Patre
961 5047 1014 5094 et
1039 5037 1247 5108 Spiritu
1290 5045 1481 5092 sancto
1516 5037 1693 5091 honor
1737 5043 1791 5091 et
1825 5036 1995 5106 gloria
2042 5033 2137 5098 sit,
2177 5045 2322 5086 nunc

779 5138 833 5184 et
872 5143 1084 5200 semper
1114 5135 1169 5184 et
1198 5127 1253 5182 in
1285 5127 1480 5182 saecula
1506 5123 1854 5182 saeculorum.
1885 5122 2080 5176 Amen.

2424 4683 2633 4753 ἀγαθοὶ,
2654 4682 2733 4743 εἰς
2759 4678 2904 4748 ζωὴν
2924 4677 3162 4731 αἰώνιον.
3188 4669 3293 4736 Ἦς
3321 4673 3534 4741 γένοιτο
3581 4671 3792 4729 πάντας
3823 4670 3973 4734 ἡμᾶς

2424 4773 2720 4841 ἐπιτυχεῖν,
2743 4769 2924 4838 χάριτι
2947 4765 3041 4818 τοῦ
3075 4763 3278 4832 Κυρίου
3311 4760 3467 4830 ἡμῶν
3499 4757 3972 4841 ἸησοῦῗΧριο-τοῦ,

2427 4858 2546 4930 μεθ’
2572 4839 2630 4910 οὗ
2650 4855 2726 4924 τῷ
2747 4853 2919 4921 Πατρί
2941 4847 3133 4920 ηδὸξα,
3157 4848 3271 4916 ἀμα
3289 4845 3366 4914 τῷ
3391 4843 3530 4912 ἁγίῳ
3558 4840 3864 4930 Ῑινεύματι,
3886 4839 3974 4890 νῦν

2426 4928 2519 5002 καὶ
2541 4946 2646 5012 ἀεὶ,
2680 4942 2772 4998 καὶ
2801 4941 2879 5004 εἰς
2903 4940 3026 5000 τοὺς
3047 4936 3246 4999 αἰῶνας
3277 4933 3384 4987 τῶν
3412 4931 3640 4987 αἰώνων.
3673 4928 3874 4998 Ἀμην.

855 5305 875 5335 ³
929 5301 1299 5365 Mattb.xxiv,
1342 5297 1422 5353 η.
1501 5297 1546 5330 ⁸³
1579 5295 1733 5353 .Psal.
1765 5309 1912 5360 xxiv,
1963 5293 2046 5348 l8.
2126 5291 2170 5322 ”
2216 5286 2358 5343 Psal.
2389 5299 2489 5339 (ιιι-

1663 5295 1733 5351 al.
1765 5309 1912 5360 xxiv,
1963 5293 2046 5348 l8.
2126 5291 2170 5322 ”
2216 5286 2358 5343 Psal.
2389 5299 2578 5345 cum,
2622 5283 2741 5337 153.
2817 5281 2860 5314 “
2893 5277 3076 5333 Matth.
3112 5291 3185 5338 vr,
3213 5273 3304 5329 2i.

2019 5420 2248 5479 VARI/l7.
2289 5414 2680 5475 LECTIONES.

848 5530 880 5571 ι
904 5525 1061 5581 Deest
1089 5524 1180 5578 καὶ
1212 5517 1601 5594 προσεύχεσθαι
1637 5518 1687 5573 in
1724 5516 1891 5572 Basil.
