4156 6436
788 380 803 438 l
817 380 915 443 587

780 589 983 642 creavit
1014 587 1249 641 Verbum
1283 588 1369 640 Dei
1401 594 1455 640 et
1484 586 1782 656 Spiritum?
1807 588 1959 654 Quod
1993 591 2038 643 si
2084 594 2324 644 necessi-

781 688 889 733 tate
908 688 1127 733 coactus
1157 678 1513 746 responderit,
1548 678 1686 733 Deus
1718 679 1833 746 ipse
1871 681 2092 742 creavit,
2126 682 2237 732 lum
2263 689 2319 733 ιιι

780 782 969 821 rursus
1002 786 1013 819 :
1046 768 1187 834 Ergo
1224 775 1510 834 antequam
1553 766 1693 820 Deus
1724 768 1923 820 crearit
1969 766 2227 835 Spiritum
2270 776 2325 821 et

780 856 1034 917 \‘erbnm,
1096 872 1202 909 non
1260 855 1447 908 habuit
1507 855 1766 923 Spiritum
1834 871 2007 923 neque
2060 854 2319 909 Verbum.

776 947 930 1011 Quod
969 960 1089 998 cum
1129 946 1360 997 audierit
1394 944 1561 1014 fugiet
1591 960 1619 996 a
1653 955 1723 1008 te,
1770 960 1874 997 non
1927 944 2131 997 habens
2179 944 2321 1012 quod

777 1037 1117 1105 respondeat.
1150 1035 1523 1104 Disceptantes
1549 1035 1690 1088 enim
1725 1042 1850 1087 sunt
1877 1036 2015 1089 tales
2054 1035 2191 1104 apud
2220 1034 2322 1088 Sa-

776 1144 1020 1182 racenos.
1054 1137 1105 1180 et
1129 1129 1345 1179 omnino
1374 1127 1759 1179 abominabiles
1790 1135 1843 1178 et
1872 1127 2085 1193 abjecti.

841 1217 894 1271 2.
928 1217 1077 1279 Quod
1132 1218 1174 1268 si
1228 1231 1357 1267 vero
1409 1224 1464 1267 tu
1528 1215 1891 1282 interrogatus
1944 1230 1971 1268 a
2030 1216 2321 1281 Saracena,

772 1308 944 1360 Verba
974 1307 1061 1360 Dei
1094 1315 1272 1358 creata
1298 1316 1447 1367 sunt,
1475 1320 1542 1358 an
1573 1305 1808 1357 increata
1830 1305 1852 1355 ?
1872 1307 1979 1359 hzcc
2010 1307 2151 1359 enim
2198 1322 2322 1376 pro-

773 1402 977 1462 ponunt
1005 1394 1297 1447 adversum
1330 1407 1428 1445 nos
1457 1393 1711 1445 Saraceni
1743 1393 2101 1461 problemata,
2138 1404 2323 1463 poten-

772 1484 878 1535 lius
910 1482 1151 1535 volentes
1180 1480 1485 1545 ostendere,
1508 1489 1748 1535 creatum
1777 1496 1896 1535 esse
1921 1479 2155 1535 Verbum
2188 1482 2278 1537 Dei
2303 1500 2317 1535 :

771 1571 912 1640 quod
956 1586 1060 1623 non
1091 1580 1172 1624 est
1198 1586 1210 1620 :
1240 1581 1292 1624 et
1323 1572 1367 1623 si
1397 1571 1564 1633 dicas,
1596 1568 1788 1623 Creata
1813 1588 1827 1633 ;
1856 1571 1995 1623 dicet
2027 1571 2163 1624 tibi:
2190 1571 2323 1627 Ecce

769 1663 907 1715 dicis
932 1668 1172 1715 creatum
1208 1658 1296 1711 Dei
1331 1656 1589 1711 Verbum.
1620 1658 1678 1713 Si
1700 1668 1878 1713 autem
1907 1659 2083 1724 dicas,
2107 1660 2318 1716 lncrea-

770 1765 857 1816 ta;
891 1756 1068 1804 statim
1114 1757 1361 1802 occurret
1400 1750 1495 1803 tibi
1531 1768 1543 1803 :
1580 1749 1717 1804 Ecce
1748 1752 1929 1803 omnia
1974 1752 2187 1820 eloquia
2224 1752 2315 1807 Dei

768 1851 945 1893 treata
996 1848 1156 1899 sunt,
1209 1838 1283 1891 dii
1334 1854 1461 1893 vero
1495 1854 1599 1891 non
1639 1850 1786 1907 sunt,
1824 1840 1889 1892 Et
1915 1856 2040 1895 ecce
2085 1841 2307 1905 fateris,
2350 1827 2392 1881 Β

766 1930 1020 1997 quoniam
1071 1928 1321 1982 Christus
1368 1943 1489 1982 cum
1531 1928 1763 1982 Verbum
1800 1929 1871 1983 sit
1903 1928 2035 1993 Dei,
2079 1945 2185 1985 non
2236 1940 2320 1987 est

767 2020 931 2074 Deus.
982 2019 1320 2088 QuaprOpter
1352 2034 1527 2087 neque
1566 2027 1748 2074 creata
1792 2020 1977 2085 dicas,
2027 2038 2200 2090 neque
2236 2025 2320 2076 in-

764 2119 947 2165 creata
984 2129 996 2164 :
1050 2110 1142 2163 sed
1196 2110 1278 2164 sic
1327 2109 1593 2178 responde
1639 2111 1733 2164 ei:
1770 2110 1883 2179 Ego
1921 2126 2087 2165 unum
2143 2112 2317 2166 solum

771 2199 1002 2255 Verbum
1036 2201 1126 2255 Dei
1150 2202 1430 2263 conﬁteor,
1459 2200 1603 2269 quod
1640 2200 1935 2255 iucreatum
1966 2201 2036 2256 sit
2066 2215 2317 2256 :omnem

764 2302 943 2347 autem
987 2292 1320 2360 Scripturam
1358 2305 1465 2344 non
1515 2290 1639 2345 dico
1672 2291 1846 2359 λόγια,
1893 2293 1943 2345 id
1980 2302 2083 2356 est,
2118 2293 2268 2345 verba
2297 2308 2317 2346 .'

764 2386 857 2441 sed
887 2386 1127 2454 ῥήμυιτα,
1162 2383 1212 2435 Ed
1242 2391 1322 2436 est
1351 2398 1611 2436 sermones
1640 2380 1837 2437 Dei.Et
1868 2383 2175 2438 Saraccuus
2206 2403 2216 2437 :
2258 2383 2319 2438 Et

764 2476 996 2547 qualiter
1027 2476 1157 2526 dicit
1209 2473 1375 2525 David
1407 2490 1436 2526 ξι
1476 2490 1496 2523 ι
1534 2471 1765 2541 Eloquia
1819 2473 2050 2536 Domini,
2101 2475 2316 2543 eloquia

765 2576 915 2621 casta
951 2568 1005 2618 '?
1040 2585 1057 2616 ι
1093 2564 1187 2620 Dic
1229 2567 1300 2629 ei,
1363 2562 1507 2634 quod
1537 2564 1865 2633 lropologiee
1902 2565 2114 2619 locutus
2146 2566 2231 2623 sit.
2265 2572 2319 2619 et

766 2674 874 2712 non
901 2658 1269 2728 cyriologiceb
1294 2654 1747 2727 [κυριολογικῶς],
1772 2656 1823 2707 id
1850 2663 1934 2711 est
1968 2670 2073 2708 non
2099 2655 2316 2724 prOpria

766 2755 817 2799 et
866 2747 1017 2800 ﬁrma
1064 2747 1352 2801 verborum
1389 2746 1805 2815 signiﬁcatione.
1871 2745 1935 2797 Et
1968 2746 2313 2798 Saracenos:

766 2837 907 2899 ΨΜ
941 2844 1023 2889 εει
1055 2835 1359 2905 ιΐοροΙοεὶιι
1404 2843 1456 2889 et
1486 2834 1821 2902 cyriologia?
1854 2832 2141 2901 Responde
2173 2848 2186 2881 :
2213 2832 2318 2902 Cy-

764 2924 993 2991 riologia
1025 2916 1241 2993 quidem
1280 2932 1366 2978 est
1411 2922 1563 2975 ﬁrma
1599 2910 1651 2975 et
1683 2929 1830 2974 certa
1870 2921 1941 2973 rei
1973 2921 2315 2975 demonstra-

767 3016 887 3065 tio:
925 3012 1228 3080 tropologia
1285 3020 1463 3064 autem
1519 3009 1727 3063 inﬁrma
1792 3010 2201 3063 demonstratio.
2256 3008 2319 3063 Et

767 3100 1073 3154 Saracenos
1117 3118 1127 3149 :
1165 3098 1515 3168 Contingitne
1571 3096 1892 3166 Prophetam
1951 3099 2173 3166 proprio
2216 3111 2317 3151 suo

766 3192 1024 3244 instinctu
1085 3189 1226 3257 loqui
1258 3189 1321 3242 c?
1352 3189 1446 3242 Dic
1497 3187 1599 3257 ipsi
1629 3205 1643 3239 :
1670 3186 2020 3242 Consuetudo
2057 3197 2139 3241 est
2190 3202 2314 3255 pro-
2342 3169 2388 3230 ε

768 3284 1047 3347 phetaruin
1103 3278 1440 3345 tropologice
1488 3278 1678 3344 loqui:
1713 3278 1873 3345 quale
1922 3277 2068 3329 hoc:
2107 3294 2126 3325 ι
2168 3276 2315 3330 Mare

767 3372 899 3425 vidit
928 3382 980 3425 et
1010 3370 1146 3440 fugit
1176 3371 1248 3421 ⁸.)
1289 3369 1426 3424 Ecce
1456 3383 1605 3422 mare
1641 3370 1831 3423 oculos
1864 3384 1968 3421 non
2010 3369 2187 3432 habet,
2227 3384 2319 3421 ue-

763 3477 870 3531 quc
900 3472 979 3515 est
1011 3462 1334 3513 animatum.
1364 3456 1429 3510 Et
1463 3473 1655 3513 rursus
1682 3458 1822 3513 idem
1865 3458 2132 3527 Propheta
2167 3459 2318 3513 velut

766 3550 1061 3603 animatum
1098 3550 1271 3619 ipsum
1298 3547 1627 3616 alloquitur:
1665 3566 1684 3598 ι
1722 3547 1861 3612 Quid
1894 3554 1977 3601 est
2000 3548 2117 3610 tibi,
2147 3562 2314 3612 mare,

764 3640 908 3707 quod
936 3638 1140 3707 fugisti,
1182 3657 1199 3688 ι
1236 3648 1291 3690 et
1322 3652 1441 3706 qua‘.
1473 3645 1795 3705 sequuntur.
1834 3634 1900 3687 Et
1926 3652 2118 3690 rursus
2144 3646 2318 3690 osten-

766 3728 939 3781 sivum
993 3726 1387 3794 suppositionis
1417 3725 1466 3778 ἀ.
1504 3725 1642 3778 Dicit
1674 3726 1820 3779 enim
1862 3725 2005 3779 Deus
2035 3724 2100 3777 ad
2137 3723 2269 3779 Cain
2301 3744 2314 3779 :

772 3839 788 3869 ι
831 3819 1147 3871 Maledictus
1181 3827 1236 3869 tu
1268 3833 1295 3869 a
1322 3829 1485 3879 terra,
1512 3816 1672 3887 467
1704 3832 1823 3885 qum
1844 3818 2052 3884 aperuit
2076 3832 2135 3870 os
2158 3832 2315 3871 suum

764 3912 1044 3976 suscipere
1077 3908 1392 3975 sanguinem
1431 3910 1614 3961 fratris
1669 3912 1741 3959 Ini
1802 3910 1869 3961 de
1928 3924 2090 3961 manu
2149 3918 2260 3961 tua.
2294 3927 2313 3959 ι

765 3998 906 4051 Ecce
948 3998 1016 4049 ibi
1052 3998 1389 4065 tropologice
1423 3998 1557 4049 dixit
1587 4014 1662 4049 os.
1705 3997 1805 4050 Et:
1846 4017 1863 4047 ι
1900 3998 2132 4051 Gladius
2167 4014 2319 4053 meus

764 4088 1050 4142 devoraiiit
1111 4101 1301 4140 carnes
1328 4088 1368 4139 ³.
1412 4106 1430 4137 ι
1462 4086 1686 4141 Gladius
1734 4088 1879 4141 enim
1921 4088 2142 4151 scindit,
2210 4104 2316 4141 non

765 4177 1007 4246 deglutit.
1045 4182 1135 4229 Sic
1160 4186 1212 4229 ct
1244 4179 1479 4245 ῥήματα,
1512 4177 1583 4229 id’
1608 4185 1711 4239 est,
1746 4193 2025 4239 sermones,
2074 4176 2317 4230 dieibiles

762 4277 814 4321 et
854 4269 1112 4324 effabiles.
1158 4268 1293 4319 dixit
1339 4267 1511 4331 λόγια,
1554 4267 1603 4318 id
1636 4276 1719 4321 est
1750 4266 1923 4327 verba,
1962 4267 2012 4320 id
2046 4277 2148 4328 est,
2180 4272 2317 4319 inte-

766 4358 875 4407 rins
903 4358 1072 4409 solum
1109 4356 1160 4405 in
1200 4364 1398 4415 mente,
1432 4369 1524 4409 seu
1563 4356 1771 4409 ratione
1818 4356 2074 4415 formata,
2110 4354 2198 4408 sed
2239 4357 2317 4409 {ut

762 4449 962 4498 dictum
992 4456 1096 4509 est)
1128 4446 1364 4512 ῥήματα.

833 4537 858 4549 ν

1956 385 2011 442 s.
2051 383 2365 444 JOANNIS
2402 386 2830 461 DAMASCENI

780 507 899 547 esse
945 490 1183 547 Verbum
1240 503 1291 547 et
1343 494 1623 563 Spiritum,
1675 501 1787 547 tum
1845 506 2061 565 quaere:
2100 497 2161 551 Et
2197 499 2321 567 quis
2350 503 2395 560 Α

2521 501 2550 550 ὁ
2578 500 2746 567 Λόγος
2782 501 3029 562 ἄτκιστος
3059 498 3373 571 [λέγεταιηῆ
3419 506 3632 569 κτιστός
3660 518 3686 547 ⁸
3710 504 3753 574 :l

2424 802 2609 864 καὶτες
2645 802 2823 856 ἔκτισε
2852 803 2942 857 τὸν
2977 806 3153 872 Λόγον
3183 794 3275 859 τοῦ
3298 806 3429 860 θεοῦ
3455 808 3625 862 καὶτὸ
3650 808 3792 862 [Iw—.5
3805 826 3880 875 μα
3898 826 3979 871 ς.-

2425 937 2527 1007 πρὸ
2560 932 2652 990 οὖν
2676 938 2857 990 κτίσαι
2874 939 2966 990 τὸν
2996 939 3147 1000 Θεὸν,
3177 941 3345 1008 Λόγον
3390 943 3483 994 καὶ
3519 941 3773 1010 Πνεῦμα,
3796 935 3982 1008 ἇραῆν

2422 1032 2587 1099 χωρὶς
2618 1029 2789 1097 Λόγου
2817 1029 2912 1081 καὶ
2934 1029 3268 1099 Ιινεύματος,

2424 1417 2489 1468 τὰ
2509 1416 2659 1482 λόγια
2696 1415 2897 1485 Κυρίου
2932 1417 3121 1470 κτιστά
3152 1418 3339 1486 εἰσινῆ
3369 1420 3599 1471 άκτιδτα
3625 1439 3640 1483 ;
3673 1418 3854 1471 ταῦτα
3879 1421 3981 1486 γὰρ

2423 1507 2830 1575 προϐάλλονται.
2888 1546 2901 1560 .
2942 1546 2955 1561 .
3000 1548 3014 1562 .
3057 1548 3070 1561 .
3128 1508 3368 1571 θέλοντες
3425 1509 3708 1572 ἀποδεῖξαι
3770 1509 3980 1559 amato:

2423 1595 2559 1651 εἶναι
2577 1598 2665 1649 τὸν
2688 1599 2857 1665 Λόγον
2882 1598 2976 1651 τοῦ
3006 1598 3163 1662 Θεοῦ,
3186 1600 3321 1666 ὅπερ
3342 1599 3441 1651 οὐκ
3468 1599 3635 1649 ἔστιν.
3660 1598 3729 1648 El
3763 1600 3863 1664 μὲν
3881 1596 3980 1664 γὰρ

2423 1688 2601 1757 εἴπῃς,
2630 1690 2835 1741 Κτιστά
2859 1690 2992 1741 εἰσιν
3023 1705 3037 1720 ·
3068 1689 3210 1739 εἰπει
3241 1705 3340 1740 σοι.
3380 1726 3397 1741 .
3438 1728 3449 1740 .
3491 1727 3505 1742 .
3548 1726 3564 1739 .
3607 1690 3657 1739 εἰ
3692 1687 3751 1737 δὲ
3806 1688 3978 1752 εἴπῃς,

2423 1778 2679 1842 ἇκτιστα,
2709 1779 2825 1846 ὲρεῖ
2876 1793 2991 1829 σοι·
3024 1779 3103 1829 ὅτι
3145 1778 3253 1829 ἰδοὺ
3294 1780 3468 1830 πάντα
3510 1777 3667 1842 λόγια
3720 1774 3864 1826 Θεοῦ
3890 1776 3982 1823 ὑπ·

2426 1870 2678 1937 άρχοντα,
2720 1868 2910 1920 mare
2938 1868 3035 1937 μὲν
3064 1868 3190 1931 εἰσὶ,
3227 1868 3337 1920 θεοὶ
3358 1869 3413 1919 δὲ
3455 1869 3552 1919 οὐκ
3577 1867 3683 1918 εἰσί
3705 1884 3718 1895 ·
3746 1864 3843 1916 καὶ
3879 1866 3979 1916 [Eo-3

2425 1962 2488 2012 σὺ
2528 1959 2827 2028 ὁμολογεῖς,
2884 1959 2967 2009 ὅτι
3030 1960 3059 2010 ό
3112 1960 3343 2028 Χριστὸς
3392 1957 3467 2009 ὢν
3499 1958 3673 2023 Λόγος
3697 1954 3799 2007 τοῦ
3830 1954 3979 2013 Θεοῦ,

2423 2049 2522 2099 οὐκ
2541 2047 2653 2098 ἔστι
2677 2046 2808 2109 θεός
2829 2065 2841 2077 ·
2866 2046 2947 2098 διὸ
2962 2048 3097 2116 μήτε
3116 2048 3328 2108 κτιστὰ,
3352 2047 3529 2113 εῐπῃς,
3565 2046 3707 2112 μήτε
3730 2046 3977 2095 amis-.1-

2423 2136 2673 2188 ἀλλἐξπὲ
2716 2136 2862 2203 αὑτῷ
2893 2151 2907 2164 ⁸
2955 2134 3093 2202 Ἐγὼ
3124 2136 3219 2188 ἕνα
3268 2137 3425 2203 μόνον
3483 2136 3656 2200 Λόγον
3696 2132 3798 2183 τοῦ
3853 2130 3980 2181 Θεοῦ

2423 2228 2666 2297 ὁμολογῶ
2685 2229 2939 2281 άκτιστον
2982 2226 3108 2278 ὅντα
3132 2242 3146 2256 °
3196 2227 3294 2295 τὴν
3322 2226 3376 2277 δὲ
3409 2228 3586 2277 πᾶσαν
3615 2224 3720 2292 τὴν
3768 2224 3983 2291 Γραςὴοι

2427 2317 2626 2387 μου,οὺ
2648 2316 2789 2383 λέγω
2812 2316 2988 2383 λόγια,
3006 2315 3141 2368 ἀλλὰ
3179 2317 3394 2385 ῥήματα
3414 2300 3589 2365 Θεοῦ.’
3606 2315 3719 2363 Καὶ
3747 2315 3776 2362 ὁ
3810 2314 3979 2375 Σιρι-

2423 2408 2603 2475 κηνός.
2625 2408 2735 2460 Καὶ
2750 2406 2864 2469 πῶς
2880 2407 3023 2473 λέγει
3047 2407 3244 2459 ὁΔαόὶδ
3266 2423 3280 2437 ·
3292 2405 3393 2457 (Τὰ
3409 2405 3560 2471 λόγια
3584 2404 3820 2471 Κυρίου,
3833 2402 3985 2463 λέγει

2422 2496 2595 2563 ἁγνάς
2632 2514 2651 2547 ι
2688 2536 2701 2549 .
2741 2536 2756 2549 .
2797 2535 2811 2548 .
2883 2497 2911 2547 ὁ
2958 2497 3245 2567 Προφήτης
3291 2494 3717 2565 τροπολογικῶς,
3777 2492 3872 2542 καὶ
3926 2492 3982 2541 οὐ

2424 2585 2811 2654 κυριολογικῶς
2845 2585 2892 2637 δ.
2928 2623 2941 2637 .
2976 2624 2989 2638 .
3022 2622 3036 2637 .
3070 2625 3085 2639 .
3117 2587 3227 2639 Καὶ
3274 2588 3328 2636 τί
3377 2586 3490 2635 ἐστι
3526 2582 3864 2652 τροπολογία
3896 2581 3981 2630 καὶ

2423 2677 2767 2746 κυριολογία;
2819 2676 3147 2745 Κυριολογὶα
3193 2675 3291 2743 μὲν
3343 2676 3457 2726 ἐστὶ
3523 2673 3717 2741 βεϐαἱα
3771 2672 3983 2722 άτέὰι-

2425 2766 2507 2829 Et;
2536 2766 2630 2817 τοῦ
2691 2767 3010 2835 πράγματος
3041 2782 3055 2796 ο
3086 2765 3407 2834 τροπολογία
3450 2764 3525 2825 δὲ,
3556 2762 3823 2819 ἀϐέϐαιος
3858 2762 3983 2810 άπόο

2423 2855 2607 2920 δειξις.
2650 2893 2665 2908 .
2705 2892 2720 2906 .
2764 2893 2775 2906 .
2826 2895 2837 2906 .
2883 2894 2897 2907 .
2939 2855 2995 2906 ὲν
3045 2857 3155 2917 τοῖς
3202 2857 3500 2921 προφήταις
3556 2851 3678 2912 ἔθος
3729 2851 3873 2905 ἐστὶ.
3913 2849 3981 2908 ὡς

2423 2946 2501 3005 τὺ,
2540 2966 2556 2995 ι
2598 2946 2661 2997 Ἥ
2716 2945 2955 2997 Θάλασσα
3008 2942 3166 3006 εἶδεν,
3222 2944 3315 2996 καὶ
3348 2945 3541 3009 ἔφυγεν
3574 2957 3587 2968 ·
3625 2961 3642 2993 ι
3679 2942 3796 2991 ἰδοὺ
3832 2943 3865 3008 ἡ
3896 2938 3985 2989 6i-

2422 3036 2592 3086 λασσα
2623 3034 2930 3103 ὀφθαλμοὺς
2975 3034 3072 3086 οὐκ
3124 3035 3251 3103 ἔχει.
3284 3035 3359 3084 Οὐ
3388 3034 3494 3103 γάρ
3526 3035 3673 3084 ἐστιν
3698 3029 3945 3099 ἔμψυχος
3965 3044 3979 3055 ·

2424 3126 2519 3176 καὶ
2547 3126 2721 3178 πάλιν.
2809 3163 2823 3177 .

2632 3551 2651 3581 ι
2682 3532 2743 3583 Τί
2776 3532 2856 3583 σοί
2891 3534 3024 3595 ἐστι,
3052 3532 3315 3591 θάλασσα,
3346 3530 3427 3581 ὅτι
3468 3528 3688 3594 ἔφυγες
3721 3545 3743 3576 ι
3799 3526 3889 3577 καὶ
3918 3524 3981 3576 τά

2419 3622 2559 3689 ἑξῆς.
2596 3619 2727 3691 [Καὶ
2762 3623 2921 3672 πάλιν
2937 3622 3311 3673 ἀποδεικτικὸν
3345 3621 3442 3687 τῆς
3474 3619 3793 3679 ὑποθέσεως
3815 3633 3827 3644 ·
3864 3613 3979 3666 εἷπε

2418 3712 2525 3779 γὰρ
2553 3711 2580 3761 ὁ
2607 3711 2736 3771 Θεὸς
2770 3710 2902 3778 πρὸς
2928 3712 3067 3763 Κάῑν
3088 3726 3099 3737 ο
3138 3729 3155 3759 ι
3182 3710 3602 3778 Ἐπικατάρατος
3637 3709 3699 3757 σὺ
3724 3708 3837 3757 ἀπὸ
3886 3706 3981 3769 τῆς

2419 3806 2540 3871 γῆς,
2569 3803 2602 3870 ἣ
2628 3801 2783 3868 ἔκανε
2809 3801 2869 3853 τὸ
2893 3802 3063 3867 στόμα
3117 3801 3284 3868 αὑτῆς
3338 3799 3589 3864 δέξασθαι
3618 3799 3678 3850 τὸ
3714 3795 3859 3865 αἷμα
3890 3794 3979 3847 τοῦ

2419 3891 2645 3959 ἀδελφοῦ
2668 3908 2760 3942 σου
2790 3892 2854 3941 ἐκ
2884 3892 3063 3957 χειρός
3092 3907 3206 3941 σου.
3243 3889 3313 3957 il.
3347 3930 3360 3941 .
3399 3928 3410 3939 .
3430 3890 3555 3950 Καὶ,
3592 3906 3610 3934 α
3635 3889 3699 3939 'll
3736 3886 3982 3954 μάχαιρά

2422 4000 2522 4050 μου
2571 3982 2800 4047 φάγεται
2873 3982 3027 4048 κρέα.
3055 4000 3072 4029 ι
3111 3981 3174 4030 'H
3222 3982 3329 4046 γὰρ
3359 3981 3597 4046 μάχαιρα
3644 3976 3979 4040 antatium

2422 4073 2540 4140 μὲν,
2594 4073 2684 4121 οὑ·
2716 4070 3004 4123 καταπίνει
3052 4069 3129 4121 δέ.
3160 4070 3313 4120 Οὕτω
3346 4070 3438 4119 καὶ
3478 4071 3698 4137 ῥήματα
3753 4066 3979 4116 exiles;

2417 4162 2590 4228 λόγια,
2620 4163 2760 4230 άπερ
2790 4163 2889 4212 οὐκ
2920 4161 3026 4211 εἰσὶ
3046 4162 3217 4225 λόγια,
3249 4200 3263 4211 .
3309 4199 3323 4212 .
3369 4200 3379 4211 .
3425 4198 3438 4211 .
3486 4200 3497 4211 .
3545 4198 3559 4210 .
3604 4198 3619 4210 .
3664 4198 3676 4208 .
3724 4195 3739 4208 .
3790 4197 3804 4208 .
3854 4198 3867 4207 .
3906 4194 3920 4207 .
3962 4195 3974 4206 .

2418 4252 2568 4305 ἀλλὰ.
2616 4293 2627 4303 .
2677 4292 2689 4303 .
2735 4293 2747 4304 .
2793 4291 2807 4303 .
2854 4294 2866 4305 .
2911 4296 2921 4305 .
2968 4292 2981 4301 .
3026 4253 3266 4318 ῥήματα.

830 4537 880 4588 ὃ.
927 4539 977 4589 Si
1005 4540 1147 4589 (lit'a’.
1180 4537 1274 4588 tibi
1308 4536 1645 4587 Saracenos:
1672 4533 1911 4597 Qualiter
1940 4531 2219 4587 descendit
2252 4535 2386 4587 Deus
2420 4537 2471 4586 iu
2515 4544 2757 4588 ventrem
2793 4535 3080 4588 mulieris?
3125 4537 3213 4586 dic
3256 4536 3357 4602 ipsi
3390 4535 3506 4587 sic:
3542 4534 3780 4587 Utamur
3829 4532 3977 4584 Seri-

762 4639 920 4696 ptnra
953 4639 1041 4681 tua
1076 4636 1127 4681 et
1161 4628 1438 4693 Scriptura
1468 4622 1699 4679 nica.'Et
1729 4622 2013 4691 Scriptura
2046 4632 2136 4675 tua
2169 4624 2323 4689 dicit,
2351 4626 2496 4690 quod
2527 4625 2893 4693 praepurgavit
2936 4625 3075 4678 Deus
3105 4624 3325 4677 Mariam
3370 4638 3521 4677 suam
3555 4637 3726 4689 super
3757 4637 3973 4675 omnem

762 4734 984 4771 carnem
1017 4718 1281 4779 mulieris,
1319 4724 1373 4769 et
1402 4714 1687 4771 descendit
1716 4712 1957 4782 Spiritus
1989 4720 2043 4766 et
2076 4712 2311 4766 Verbum
2342 4712 2433 4766 Dei
2465 4714 2521 4766 in
2553 4714 2745 4780 ipsam.
2777 4713 2842 4765 Et
2878 4715 3221 4778 Evangelium
3246 4728 3423 4766 meum
3458 4712 3629 4765 dicit:
3672 4730 3688 4761 ι
3733 4710 3974 4778 Spiritus

764 4818 988 4861 sanctus
1014 4806 1356 4876 superveniet
1385 4806 1437 4857 iu
1472 4814 1543 4866 te,
1571 4816 1621 4856 et
1655 4804 1828 4855 virtus
1855 4802 2118 4855 Altissimi
2160 4800 2506 4854 oliumbrabit
2537 4803 2632 4853 tilii
2664 4802 2705 4854 '.
2749 4820 2767 4852 ι
2810 4800 2947 4854 Ecce
2973 4816 3077 4853 una
3109 4818 3212 4854 vox
3258 4811 3610 4867 utrarumque
3640 4798 3970 4857 dictionum,

762 4909 817 4953 ct
846 4912 985 4950 unus
1014 4897 1339 4950 intellectus.
1378 4894 1659 4964 Cognosce
1690 4902 1869 4946 autem
1902 4892 2096 4955 ethoc,
2125 4891 2382 4959 quoniam
2414 4890 2479 4944 ad
2506 4900 2747 4943 nostram
2776 4890 3163 4958 proprietatem
3190 4890 3394 4943 diceret
3427 4889 3710 4955 Scriptura
3743 4887 3973 4938 descen-

766 4989 971 5041 sionem
1006 4996 1061 5041 et
1091 4986 1462 5039 ascensionem
1493 4982 1846 5053 tr0pologice,
1873 4996 1981 5035 non
2007 4980 2361 5051 cyriologice.
2393 4979 2619 5048 Proprie
2657 4980 2802 5032 enim
2827 4979 3162 5034 descendens
3192 4989 3247 5033 et
3279 4978 3580 5032 ascendens
3611 4977 3729 5046 ipse
3764 4976 3973 5047 [κυριυο

760 5082 994 5149 λογικῶς
1020 5080 1039 5152 ]
1087 5080 1292 5133 dicitur
1318 5077 1613 5132 secundum
1640 5073 2013 5144 philosophos.
2045 5072 2185 5126 Deus
2217 5087 2246 5123 a
2268 5082 2394 5125 item
2420 5070 2600 5123 omnia
2629 5070 2935 5131 continens,
2960 5078 3013 5124 et
3041 5085 3070 5122 a
3100 5070 3251 5122 nullo
3293 5069 3621 5122 continetur.
3652 5067 3801 5119 Dixit
3825 5068 3970 5120 enim

760 5176 981 5245 quidam
1038 5171 1421 5240 prephetarnm
1455 5185 1467 5219 :
1511 5185 1527 5216 ι
1573 5164 1709 5229 Quis
1742 5162 2075 5218 mensuravit
2118 5175 2278 5213 man.
2313 5172 2506 5227 aquam
2530 5198 2545 5221 ,
2582 5166 2635 5211 et
2673 5157 2866 5211 caelum
2906 5158 3103 5226 palmo,
3159 5166 3213 5211 et
3249 5158 3454 5226 pugillo
3506 5166 3705 5209 terram
3740 5156 3800 5205 “.7
3831 5175 3849 5205 ι
3911 5153 3971 5205 Et

852 5310 867 5340 ι
895 5309 1037 5363 l‘sal.
1072 5323 1147 5365 ιι,
1184 5308 1233 5359 7.
1307 5309 1327 5336 '
1373 5303 1513 5357 Psal.
1543 5316 1695 5363 cxut,
1730 5302 1782 5353 5.
1846 5299 1864 5329 ³
1890 5300 2003 5352 Gen
2096 5312 2166 5359 iv,
2194 5296 2271 5347 ll.
2344 5298 2365 5328 δ

2421 5295 2547 5347 )eut.
2613 5308 2779 5349 xxx”,
2829 5292 2917 5343 49..
2989 5291 3010 5319 ⁸
3041 5290 3171 5343 Luc.
3199 5306 3236 5352 ι,
3266 5290 3354 5342 55.
3468 5290 3486 5318 ⁶
3518 5288 3619 5341 lsa.
3654 5304 3745 5351 XL,
3773 5289 3864 5340 ΒΞ.

2036 5456 2260 5509 νΑιιυΕ
2296 5451 2691 5507 LECTIONES.

832 5596 853 5623 α
883 5584 1109 5635 Tantilla
1144 5578 1449 5646 hujusmodi
1478 5578 1599 5630 hinc
1637 5578 1761 5630 inde
1788 5576 1982 5646 passim
2030 5572 2293 5636 intcrjcei,
2340 5578 2393 5646 et
2443 5568 2655 5646 uncinis
2679 5566 3019 5646 διαιρῇ-(μην
3045 5563 3262 5646 vocibus
3310 5562 3433 5646 alii:
3470 5559 3655 5646 Greece.

764 5628 1449 5719 ι..μεᾷ’ἦξῖιίᾟτίζίιῖὸῖξ⁷⁷ίιί
1476 5628 1526 5699 Μ
1572 5628 1902 5711 est"pn.',mc
1941 5628 2212 5708 loquendo.
2279 5628 2311 5677 VC
2348 5639 2454 5707 ligo
2503 5638 2735 5701 mallem,
2766 5637 2880 5704 ﬁeri
2919 5628 3044 5687 tmm
3084 5643 3243 5700 potest
3282 5642 3336 5682 ul
3393 5630 3647 5697 Prop/icui
3701 5628 3965 5691 inﬁrmam

761 5712 1249 5774 demens'mlimlcm
1285 5721 1487 5775 mill-mf.
1566 5719 1589 5755 ά
1616 5718 1667 5767 ΙιΙ
1694 5727 1788 5769 est,
1825 5712 2109 5765 uirmoneuti
2140 5712 2272 5779 quod
2298 5720 2581 5761 tractamus
