4156 6436
181 409 321 471 I589
1042 412 1480 472 DISPUTATIO
1498 413 1951 475 «CHRISTIANI
1985 413 2078 474 ET
2101 414 2431 474 SARACEN
2442 416 2485 473 ῐ.
3232 410 3353 468 {nisi}

181 512 340 568 bene.
399 513 596 568 Omnes
650 528 800 582 aqua:
855 514 1078 584 simplex
1141 519 1547 586 comprehensio
1599 532 1790 572 manus
1841 519 1929 572 Dei
1984 528 2142 583 sunt;
2193 527 2246 574 et
2294 532 2506 573 omnem
2560 517 2755 571 cmlutn
2807 516 3043 584 palmus,
3095 527 3144 567 r-t
3181 531 3297 566 «tum;
3334 535 3348 556 ς

176 612 343 665 terra,
383 604 612 671 pugillus
642 621 653 657 :
686 605 919 672 qualiter
966 606 1127 674 igitur
1169 608 1450 677 contingit,
1499 610 1674 678 ipsum
1721 612 1774 665 in
1812 613 2024 682 propria
2075 626 2234 666 manu
2286 611 2464 664 omnia
2503 610 2866 664 continentem
2917 608 3243 661 ᾱεεείιειιιετιτ
3309 616 3354 658 :t

177 693 497 749 ascendere?

244 809 296 860 4.
357 808 410 862 Si
471 808 830 877 interrogatus
881 808 1044 862 fueris
1097 824 1127 861 a
1179 809 1478 874 Saraceno,
1540 814 1788 877 dicente,
1847 815 1902 868 Si
1971 814 2109 868 Deus
2193 822 2309 866 erat
2367 812 2614 865 Christus
2651 851 2665 874 ,
2719 810 2950 877 qualiter
3005 809 3237 861 (ουκ-εἰη
3303 816 3352 856 εί

168 899 312 952 bibit
363 908 416 952 et
462 899 733 959 dormivit,
765 907 820 953 et
853 900 1144 953 cruciﬁxus
1186 909 1288 965 est,
1326 911 1378 956 et
1406 913 1652 958 mortuus
1691 914 1793 971 est,
1836 913 1889 959 et
1917 917 2034 972 qua!
2068 902 2351 970 deinceps,
2405 901 2492 955 dic
2526 899 2627 970 ipsi
2657 916 2669 952 :
2709 897 2973 962 Quoniam
3007 909 3129 950 ante
3160 913 3294 947 MN";
3329 919 3351 947 ςι

178 987 413 1042 Verbum
447 989 561 1051 Dei,
607 989 749 1057 quod
781 991 983 1043 creavit
1032 992 1233 1053 omnia,
1283 994 1578 1047 secundum
1626 997 1768 1062 quod
1807 1003 2038 1049 testatur
2073 992 2355 1061 Scriptura
2409 1005 2527 1045 mea
2580 1001 2631 1045 et
2686 988 2967 1056 Scriptura
3014 1001 3123 1046 tua,
3177 988 3351 1054 ἱμιιιιι

175 1079 385 1130 creavit
434 1093 498 1130 ex
554 1093 716 1132 carne
781 1088 980 1134 sancta}
1026 1079 1282 1147 Virginis,
1337 1082 1606 1136 hominem
1663 1082 1958 1152 perfectum
2007 1090 2060 1135 et
2110 1083 2402 1134 animatum
2436 1081 2941 1148 etintelligeutem:
2987 1079 3074 1130 ille
3104 1079 3350 1136 comedit,

173 1169 333 1230 bibit,
389 1177 442 1220 et
488 1167 774 1234 dormivit;
820 1167 1056 1223 Verbum
1093 1171 1316 1232 scilicet,
1364 1174 1661 1228 secundum
1709 1173 1851 1243 quod
1886 1172 2122 1226 Verbum
2171 1173 2302 1228 Dei:
2345 1169 2576 1226 Verbum
2624 1181 2803 1224 autem
2840 1169 2929 1222 Dei
2964 1183 3066 1220 non
3103 1168 3352 1221 zumeclzt.

174 1271 352 1324 neque
406 1257 561 1317 bibit,
612 1272 785 1324 neque
857 1259 1126 1319 dormivit,
1181 1276 1355 1329 neque
1406 1263 1722 1316 cruciﬁxum
1771 1270 1873 1326 est,
1927 1276 2100 1330 neque
2143 1260 2452 1326 mortuum;
2509 1259 2600 1313 sed
2654 1273 2780 1312 caro
2826 1273 2985 1327 quam
3066 1266 3354 1322 λδςυιιιμιι

174 1360 242 1399 ex
287 1352 475 1399 sancta
532 1344 768 1414 Virgine,
815 1347 903 1398 illa
951 1348 1206 1402 crtwﬁxa
1256 1360 1355 1404 est.
1383 1351 1680 1422 Cognoscis
1715 1360 1914 1415 autem,
1952 1353 2204 1420 quoniam
2235 1351 2485 1404 Christus
2531 1349 2822 1418 dupliciter
2856 1348 3070 1419 [natura
3109 1345 3176 1416 ei.
3217 1363 3352 1397 unus

173 1433 669 1503 autemhypostasi.
697 1434 810 1490 Non
840 1437 979 1490 enim
1013 1438 1228 1503 dicitur,
1261 1438 1354 1493 Est
1382 1449 1640 1494 :rternum
1677 1442 1695 1479 τ
1735 1440 1969 1496 Verbum
2000 1440 2091 1494 Dei
2124 1447 2177 1494 ct
2211 1448 2330 1510 post
2376 1440 2803 1508 assumptionem
2851 1437 3031 1489 carnis
3068 1446 3357 1504 anywth-

168 1525 344 1577 ticum
380 1523 866 1597 [dvortoeta'ctxdv],
892 1528 940 1581 id
972 1536 1055 1582 est
1103 1544 1208 1584 non
1235 1533 1516 1600 personale
1539 1533 1617 1588 vel
1643 1534 1907 1588 naturale.
1935 1530 2052 1586 Non
2079 1533 2220 1586 enim
2245 1533 2487 1601 apposita
2516 1541 2597 1584 est
2625 1529 2876 1584 Trinitati
2904 1539 3095 1598 quarta
3125 1541 3352 1596 persona

173 1623 303 1680 post
331 1613 654 1669 ineﬂ‘abilem
679 1617 930 1670 unionem
965 1617 1165 1674 carnis.

248 1729 308 1777 ε’.
1547 1734 1603 1786 ὃν
1625 1734 1710 1785 λέο
1738 1737 1784 1793 Α
1879 1747 1883 1781 ὲ

1879 1734 1931 1786 5.
1970 1732 2034 1784 Et
2061 1732 2105 1787 si
2139 1741 2188 1786 te
2218 1735 2236 1763 ⁷
2271 1733 2564 1801 interroget
2587 1730 2892 1785 Saracenus
2929 1750 2940 1783 :
2974 1730 3144 1794 Quem
3169 1731 3347 1783 dicitis

175 1825 298 1878 τετε
329 1816 480 1882 Θεὸν,
507 1818 740 1872 ἀπέθανε
769 1837 807 1884 ;.
850 1864 862 1875 .
905 1863 918 1877 .
966 1863 978 1877 .
1022 1864 1036 1878 .
1081 1865 1095 1879 .
1138 1826 1234 1878 οὐκ
1267 1827 1533 1881 ἀπέθανε·
1585 1829 1711 1897 θαῤ-
1817 1820 1883 1875 De

1817 1820 2000 1884 Deum,
2037 1831 2283 1875 mortuus
2334 1819 2457 1874 est?
2502 1821 2766 1888 responde
2821 1827 2876 1871 tu
2908 1835 2920 1869 :
2951 1817 3064 1871 Non
3114 1827 3357 1872 mortuus

173 1906 287 1973 ρὦ
310 1910 373 1977 τῇ
406 1909 649 1979 Γραφικῇ
680 1913 704 1952 ε
735 1913 1019 1979 ἀποδείξει.

386 2246 597 2316 πρῶτος
623 2251 903 2324 ἄνθρωπος
931 2255 1163 2321 ὕπνωσε,
1195 2259 1290 2312 καὶ
1331 2261 1429 2331 τὴν
1477 2261 1710 2331 πλευρὰν

175 2330 447 2403 ἀφῃρέθη.

252 2440 289 2484 ς
293 2427 325 2476 ὀ
862 2433 991 2486 Ἰδοὺ
1026 2434 1338 2506 πέπληγμαι
1363 2437 1418 2489 ἐν
1443 2455 1544 2490 τινι
1566 2438 1712 2508 τόπῳ

175 2513 288 2564 τῶν
331 2517 544 2586 σαρκῶν
603 2535 738 2589 μου·
769 2522 861 2573 καὶ
916 2523 948 2592 ἡ
1005 2523 1141 2593 σὰρξ
1171 2525 1436 2595 πληγεῖσα
1475 2527 1714 2595 μώλωπα

176 2602 498 2685 ἀπετέλεσε,
526 2607 619 2659 καὶ
651 2609 707 2660 ὲν
730 2609 807 2678 τῷ
856 2610 1078 2680 μώλωπι
1113 2614 1326 2679 ἐγένετο
1351 2616 1562 2685 σκώληξ
1588 2633 1601 2646 ⁸
1633 2617 1714 2679 τίς

174 2683 274 2735 οὖν
300 2687 459 2739 αὐτὸν
483 2691 731 2747 ἔπλασεν.
775 2734 790 2749 .
834 2736 847 2749 .
893 2737 906 2750 .
943 2735 958 2749 .
1003 2737 1017 2750 .
1063 2735 1077 2751 .
1102 2700 1441 2768 εῖπομεν,ὅτι
1468 2683 1715 2773 μετὰτὴν

177 2773 403 2841 πρώτην
426 2776 689 2846 ἑϐδομάδα
742 2783 840 2852 τ-ῆς
877 2786 1246 2853 κοσμοποιίας,
1295 2789 1538 2858 οὐδαμῶς
1573 2791 1715 2860 εὑρί-

177 2877 383 2931 σκομεν
413 2866 686 2923 πλάσαντά
722 2888 772 2922 τι
800 2873 1035 2926 πώποτε.
1074 2877 1225 2929 Μετὰ
1260 2878 1315 2930 δὲ
1344 2880 1443 2949 τὴν
1468 2880 1712 2948 παράϐα-

178 2965 266 3037 σιν
294 2956 581 3027 κατεκρίθη
610 2959 642 3028 ἡ
681 2959 751 3028 γῆ
780 2962 1015 3026 ἀκάνθας
1067 2967 1158 3019 καὶ
1186 2967 1459 3037 τριϐόλους
1490 2970 1714 3022 ἀνατέλ-

1813 1919 1895 1965 est
1927 1929 1940 1964 :
1971 1910 2250 1964 conlidens
2275 1908 2571 1977 Scriptura;
2600 1907 2697 1979 [et]
2723 1907 3193 1970 demonstrationi.
3224 1908 3358 1959 Dim

1813 2000 1957 2055 enim
2023 1997 2301 2068 Scriptura
2360 1999 2426 2052 dc
2485 1999 2607 2052 hoc.
2670 1996 2833 2051 Venit
2896 1997 3036 2051 enim
3099 1999 3356 2050 naturalis

1816 2104 1963 2144 mors
2006 2090 2264 2143 adversus
2322 2087 2596 2141 hominum
2664 2087 2977 2140 memoriam
3041 2087 3354 2160 dominans,

1816 2178 1868 2231 id
1914 2186 2018 2240 est,
2058 2177 2374 2246 subiiciens,
2405 2187 2463 2228 ut
2513 2176 2564 2228 in
2618 2174 2777 2228 nobis
2824 2173 3023 2226 omnia.
3084 2171 3187 2226 Sed
3239 2188 3359 2240 rer-

1817 2268 1991 2321 t'ectus
2038 2266 2245 2334 primus
2295 2265 2458 2318 homo
2505 2263 2784 2323 dormivit,
2844 2271 2896 2317 et
2944 2271 3094 2315 costa
3161 2263 3358 2328 spolia-

1816 2364 1905 2411 tus
1936 2363 2040 2410 εει.

1885 2444 1939 2498 6.
1971 2445 2036 2496 Et
2079 2441 2421 2499 Saracenus:
2455 2441 2594 2497 Ecce
2637 2444 2884 2510 plagatus
2932 2456 3048 2493 sum
3087 2441 3139 2493 in
3185 2442 3358 2508 aliqua

1818 2540 1967 2603 parte
1996 2533 2240 2586 carnium
2283 2547 2547 2597 mearum,
2589 2539 2642 2585 et
2685 2545 2945 2599 percussa
2978 2544 3107 2584 caro
3140 2530 3357 2583 εἰαιίτί-

1816 2635 1932 2676 cem
1972 2621 2264 2684 contraxit,
2295 2629 2349 2674 et
2394 2620 2447 2672 in
2487 2617 2742 2694 cicatrice
2781 2617 2958 2672 factus
3004 2627 3087 2671 est
3117 2619 3311 2670 \‘Cl‘lltl5
3345 2637 3357 2668 ;

1817 2712 1940 2781 quis
1971 2711 2135 2783 igitur
2168 2711 2343 2779 ipsum
2377 2709 2693 2777 plasmavit?
2716 2707 2808 2762 Dic
2838 2710 2961 2778 ipsi,
3005 2721 3062 2763 ut
3110 2710 3362 2777 pra-dixi-

1820 2815 1957 2864 mus,
1980 2799 2232 2869 quoniam
2261 2805 2384 2868 post
2406 2799 2634 2866 primam
2650 2797 3044 2852 hebdomadam
3074 2799 3362 2852 creauonis

1818 2887 2006 2942 mundi
2033 2902 2139 2941 non
2174 2887 2477 2942 invenimus
2522 2885 2882 2955 quodcunque
2919 2887 3233 2955 aliquando,
3283 2887 3361 2934 vs!

1818 2977 2171 3046 plasmantem
2202 2976 2495 3041 hominem,
2520 2976 2602 3031 vel
2631 2975 2918 3031 formatum
2945 2993 2958 3039 ;
2980 2976 3073 3030 sed
3097 2985 3364 3044 praem-pan

178 3035 312 3133 λειν.
373 3041 505 3133 Τότε
563 3039 654 3097 οὖν
694 3048 786 3099 καὶ
821 3049 854 3116 ἠ
917 3050 1051 3120 σὰρξ
1089 3035 1243 3121 ἡμῶν
1303 3056 1705 3124 κατακριθεῖσα,
1737 3059 1780 3115 Β
1808 3035 1881 3118 De

1808 3035 1900 3118 Dei
1923 3065 2064 3132 quod
2085 3066 2407 3133 praecepitin
2446 3035 2616 3133 prima
2652 3035 3010 3128 hebdomada,
3049 3035 3219 3116 ﬁnivit
3249 3035 3363 3129 qh.»

179 3126 368 3200 [μέχρι
383 3132 472 3186 τοῦ
489 3133 603 3206 νῦν]
630 3135 852 3208 φθεῖρας
872 3139 964 3193 καὶ
990 3141 1268 3211 σκώληκας
1292 3145 1583 3199 ἀνατέλλει.

253 3467 318 3530 ζ’.
364 3462 789 3526 ΣΔΡΑΚΗΝΟΣ.
825 3474 957 3528 Τίνα
1009 3475 1194 3546 λέγετε
1241 3480 1408 3533 αἴτιον
1450 3483 1610 3537 καλοῦ
1659 3503 1714 3537 τε

177 3558 276 3609 καὶ
306 3559 474 3612 κακοῦ
499 3579 512 3625 ;

253 3647 672 3704 ΧΡΙΣἸἹΑΝΟΣ.
701 3653 918 3708 Πάντων
937 3656 1042 3711 τῶν
1061 3658 1276 3727 ἀγαθῶν
1306 3660 1495 3732 [αἴτιόν
1519 3664 1715 3735 φαμεν]

179 3735 273 3786 τὴν
295 3736 446 3803 Θεὸν,
465 3740 634 3792 κακοῦ
663 3740 716 3793 δὲ
747 3743 829 3799 οὗ.

213 3827 497 3928 οΣΔΡΔΚ.
569 3830 677 3884 Καὶ
734 3832 830 3886 τοῦ
869 3838 1056 3890 «κακοῦ
1119 3839 1236 3892 τινα
1311 3841 1485 3910 λέγεις
1550 3845 1718 3902 αἴτιον

184 3932 349 3982 ειναις

256 4006 475 4062 ΧΡΙΣΤ.
508 4010 676 4065 Τοῦτο
727 4012 790 4065 ὲκ
821 4015 918 4084 τῆς
943 4017 1208 4089 ἡμετέρας
1245 4020 1512 4091 ῥᾳθυμίας
1555 4019 1715 4090 εἶναι,

187 4098 281 4147 καὶ
315 4096 413 4166 τῆς
436 4098 678 4154 διαϐόλου
697 4106 1044 4174 πανουργίας.

257 4186 500 4242 ΣΑΡΑΚ.
524 4191 695 4259 Χάριν
722 4194 900 4260 τίνοςς
942 4206 945 4216 ⁴

252 4279 470 4331 ΧΡΙΣΤ.
496 4281 593 4332 Διὰ
623 4283 683 4334 τὸ
705 4285 1062 4351 αὑτεξούσιονλ

1814 3152 1966 3212 ﬁunt.
1995 3152 2125 3209 Post
2157 3153 2635 3223 transgressionem
2680 3163 2854 3207 autem
2888 3153 3239 3207 condemnata
3283 3160 3366 3204 est

1815 3249 1955 3296 terra
1985 3243 2167 3310 spinas
2188 3250 2241 3296 et
2269 3242 2501 3296 tribulos
2525 3241 2829 3310 germinare
2857 3244 2897 3294 °.
2928 3240 3079 3294 Tunc
3107 3242 3290 3308 utique
3315 3251 3366 3293 et

1813 3347 1942 3387 caro
1980 3339 2162 3386 nostra
2194 3332 2574 3397 condemnata,
2605 3347 2776 3402 usque
2815 3331 2971 3386 hodie
3004 3331 3282 3400 pediculos
3314 3338 3365 3382 et

1814 3434 2024 3474 vermes
2052 3420 2335 3488 germinat.

1888 3507 1937 3559 7.
1974 3505 2395 3562 SARACENUS.
2427 3515 2596 3574 Quam
2627 3506 2810 3562 dicitis
2843 3508 2884 3537 ιο
2921 3519 3140 3560 causam
3172 3505 3293 3556 mali
3316 3514 3366 3557 ει

1816 3595 1999 3652 beni?‘
2359 3666 2364 3670 ‘
2530 3583 2536 3588 ’

1882 3681 2362 3740 CllltlSTlANUS.
2411 3682 2664 3737 Omnium
2721 3677 2985 3736 bonorum
3028 3683 3201 3736 aimus
3238 3693 3362 3734 cau-

1818 3789 1931 3829 sam
1965 3773 2150 3837 Deum,
2177 3774 2300 3827 mali
2328 3780 2504 3827 autem
2541 3771 2676 3825 nihil
2704 3771 2753 3825 ιι.

1890 3859 2129 3916 SAltAC.
2161 3860 2332 3924 Quam
2359 3859 2498 3914 dicis
2531 3872 2752 3916 causam
2780 3857 2948 3910 mali?

1888 4034 2159 4091 CHRIST.
2193 4037 2238 4089 Α
2264 4036 2532 4090 sententia
2555 4032 2834 4088 diabolum
2869 4033 3217 4087 exsistcntcm
3247 4046 3362 4084 ma-

1818 4125 2073 4210 niiestqm
2103 4132 2155 4179 et
2188 4138 2287 4179 nos
2319 4123 2564 4178 homines
2599 4123 2643 4176 ι.

1890 4213 2131 4269 SABAC.
2156 4213 2384 4282 Propter
2416 4213 2548 4282 quid
2571 4214 2594 4266 ’ἒ

1887 4303 2156 4358 CHRIST.
2190 4303 2417 4373 Propter
2449 4304 2676 4357 liberum
2705 4305 3015 4358 arbitrium.

253 4365 497 4420 ΣΑΡΑΚ.
525 4369 589 4421 Τί
619 4371 736 4437 οὒνς
775 4374 1118 4441 Αὑτεξούσιος
1149 4374 1219 4442 ei,
1271 4378 1363 4432 καὶ
1413 4379 1512 4432 ὅσα
1545 4380 1717 4443 θέλεις
1744 4356 1788 4417 C

1891 4356 2320 4458 SARAVCPQuid
2367 4356 2572 4462 igitur?
2623 4356 2877 4446 Liberum
2914 4356 3200 4447 arbitrium
3238 4417 3279 4450 ι,
3318 4409 3366 4445 εἰ

187 4453 406 4508 δύνασαι
436 4462 604 4512 ποιεῖν
626 4478 639 4524 ;

258 4543 473 4597 ΧΡΙΣΤ.
506 4548 826 4618 Πέπλασμαι
855 4551 958 4604 ὑπὸ
993 4550 1127 4604 Θεοῦ
1156 4553 1513 4618 αὑτεξούσιος.

261 4636 713 4706 ΣΑΡΑΚ.[Διὰτί
739 4640 777 4708 ς]

258 4725 478 4778 ΧΡὶΣΤ.
514 4727 592 4778 Τὰ
620 4729 757 4780 καλὰ
799 4731 898 4798 μὲν
940 4731 1208 4800 πράττων,
1233 4733 1292 4785 οὒ
1319 4719 1585 4802 φοϐοῦμαι
1631 4737 1722 4788 τὸν

181 4817 366 4882 νόμον,
395 4818 531 4871 ἀλλὰ
552 4803 916 4890 καὶτιμῶμαι,
936 4822 1027 4875 καὶ
1046 4822 1298 4892 ἐλεοῦμαι
1329 4824 1430 4878 ὑπὸ
1457 4825 1550 4878 τοῦ
1567 4826 1718 4879 Θεοῦ.

200 4909 424 4976 Ὁμοίως
460 4912 554 4963 καὶ
576 4913 603 4964 ὁ
623 4913 864 4978 διάϐολος

194 4997 489 5069 ἡμάρτηκε,
515 5001 608 5055 καὶ
633 5004 660 5054 ὁ
680 5003 808 5064 Θεὸς
847 5003 943 5071 τῆς
981 5005 1115 5069 ιδίας
1147 5007 1348 5072 τάξεως
1376 5007 1603 5072 ἐξέωσεν
1628 5010 1721 5061 αὑ-

1819 4481 2073 4550 quoniam
2098 4495 2430 4550 quacunque
2457 4480 2537 4535 vis
2564 4480 2775 4536 facere?

1887 4568 2157 4624 CHRIST.
2190 4569 2498 4624 Plasmatus
2525 4584 2644 4624 sum
2680 4586 2709 4623 a
2739 4569 2845 4624 Deo
2877 4570 3011 4624 liber
3044 4571 3292 4624 arbitrio.

1890 4657 2129 4713 SARAC.
2161 4657 2386 4727 Propter
2415 4659 2542 4727 quid
2564 4659 2589 4698 ι
2616 4659 2638 4711 ?

1888 4746 2158 4802 CHRIST.
2199 4746 2334 4802 Male
2368 4746 2545 4802 facere
2578 4757 2631 4800 et
2664 4742 2799 4800 ben’e
2829 4747 3032 4810 facere,
3088 4749 3229 4815 quod
3286 4759 3369 4802 est

1820 4840 2020 4894 bonum
2067 4847 2119 4893 et
2167 4838 2387 4891 malum.
2442 4835 2626 4890 Gratia
2662 4836 2826 4904 hujus
2858 4837 2995 4890 mala
3026 4837 3242 4904 quidem
3295 4837 3370 4889 ta-

1630 4923 1724 4974 καὶ
1822 4929 1986 4992 ciens,
2024 4929 2220 4996 punior
2252 4941 2280 4980 a
2310 4928 2426 4995 lege
2452 4925 2544 4980 Dei
2569 4944 2581 4979 :
2610 4925 2750 4980 bona
2777 4935 2954 4981 autem
2978 4941 3233 4995 Operalis,
3264 4942 3366 4978 neu

1797 5011 1985 5072 ‘timeo
2021 5017 2212 5088 legem,
2262 5017 2353 5073 sed
2401 5015 2563 5087 468
2592 5023 2644 5068 et
2690 5016 2950 5082 honoror,
2981 5026 3029 5069 et
3068 5017 3369 5069 ιιιίερνὶωγο

255 5153 274 5182 ν
305 5132 694 5210 Theod.c.37.
759 5158 934 5213 'lbid.
1010 5162 1264 5219 rem".
1305 5165 1387 5219 is.
1467 5165 1669 5222 Theod.
1709 5183 1766 5232 ,c.
1798 5170 1883 5224 δε.

1447 5323 1669 5376 νΑιιιΑΞ
1708 5323 2101 5381 LECTIONES.

263 5474 286 5502 ο
322 5475 532 5537 natura,
564 5468 627 5533 τῇ
654 5466 830 5537 φύσει,
863 5535 871 5537 _
911 5469 928 5506 ί
963 5469 1087 5537 Leg.
1143 5481 1426 5525 externum.

189 5543 313 5585 sunt
341 5542 393 5586 et
421 5536 733 5607 depravata.
780 5535 966 5607 Melius
1022 5535 1156 5606 apud
1203 5538 1402 5603 Theod.
1434 5545 1515 5595 aio
1553 5535 1760 5598 uocum:
1798 5535 1975 5599 nostra
2015 5535 2415 5607 sncbi‘diuucssc.
2465 5559 2509 5600 et
2541 5564 2601 5601 ex
2635 5535 2829 5603 diaboli
2877 5564 3118 5603 tersum.

1529 5476 1734 5548 Filmgit
1772 5479 2036 5546 interpres
2098 5484 2278 5548 γραφῇ
2333 5483 2442 5534 καὶ.

2968 5497 2980 5522 ι
3016 5483 3131 5534 “:I‘t,‘
3168 5482 3310 5532 (illiti:
3354 5509 3364 5534 t

3202 5562 3211 5596 ξ
3260 5551 3366 5600 Im.

2544 5482 2567 5517 ’-
2597 5480 2733 5544 Lege
2762 5501 2877 5533 nmr.

189 5611 347 5688 ξῇειξιρ-
371 5602 826 5688 εᾼζτὶὺςνίύᾳζθίιζὶἰ
867 5623 939 5670 es,
969 5618 1015 5660 et
1045 5602 1437 5678 qua'cunqucrt's
1458 5623 1597 5680 poles
1626 5614 1808 5678 facere.
1892 5619 1911 5654 ιι
1947 5620 2266 5686 [humusque
2302 5619 2362 5671 :ul
2388 5602 2517 5670 bona
2549 5627 2741 5682 autem,
2767 5602 2964 5674 desunt
3002 5621 3135 5688 apud
3159 5618 3345 5671 ΤΙμϊιΙ

192 5673 502 5726 necessario
526 5673 837 5742 supplenda.
