4156 6436
207 400 234 467 1
247 405 349 469 593

1089 412 1540 474 DlSPUTATlO
1579 413 2026 488 CHRISTIANI
2048 419 2161 478 ιΕΤ
2191 418 2585 479 SARACENI.

3318 412 3457 480 1594

205 518 432 581 πίπτον,
462 512 578 587 [ἀφ’
600 514 818 588 ἑαυτοῦ]
870 517 902 586 ἦ
953 519 1047 572 καὶ
1076 520 1179 574 ὑπὸ
1218 521 1378 575 ἄλλου
1415 524 1765 595 σπειρόμενον

1876 528 1960 584 vel
1982 527 2050 584 ab
2067 512 2187 582 'alio
2214 530 2568 591 seminatum,
2595 526 2948 597 regerminat,
2982 540 3091 579 non
3122 523 3451 595 plasmatum

204 607 372 661 πάλιν
400 606 707 676 βλαστάνει,
744 608 818 678 μὴ
861 609 1237 681 πλαττόμενον
1274 615 1380 667 ὑπό
1427 631 1590 681 τινος,
1644 615 1781 670 ἀλλὰ

199 699 285 769 τῷ
314 700 697 769 προστάγματι
719 699 812 752 τοῦ
838 699 973 754 Θεοῦ
1004 701 1279 757 ὑπακοῦον
1307 721 1321 735 ’
1361 704 1469 759 ἰδοὺ
1500 705 1672 773 κάγὼ,
1703 705 1779 769 ὡς

201 792 301 844 καὶ
323 791 547 862 πρῶτον
570 792 731 862 ἔφην,
771 791 1119 859 αὑτεξοὺσιος
1156 793 1253 863 ὢν,
1278 797 1413 856 ὅπου
1443 795 1510 851 ἂν
1545 798 1777 869 σπείρω,

201 883 309 935 κάν
344 886 423 947 εἰς
458 884 597 937 ἰδίαν
625 888 881 952 γυναῖκα,
915 886 1022 939 κᾶν
1076 889 1157 950 είς
1200 888 1515 960 ἀλλοτρίαν,
1562 892 1629 959 τῇ
1671 889 1779 960 ἰδίᾳ

200 970 425 1041 ἐξουσίᾳ
480 972 797 1044 χρώμενος,
845 974 1240 1031 ἀναϐλαστάνει
1292 979 1388 1031 καὶ
1444 978 1653 1047 γίνεται
1699 977 1777 1048 τῷ

198 1062 412 1132 πρώτῳ
472 1064 861 1134 προστάγματι
914 1064 1011 1118 τοῦ
1072 1067 1208 1120 Θεοῦ
1265 1068 1646 1122 ὕπακούουσα·
1678 1070 1777 1140 οὐχ

197 1155 285 1207 ὅτι
323 1155 420 1206 καὶ
444 1152 541 1207 νῦν
575 1156 697 1210 καθ’
747 1158 987 1228 ἑκάστην
1045 1160 1260 1232 ἡμέραν
1310 1162 1339 1212 6
1382 1161 1513 1225 Θεὸς
1551 1162 1775 1217 πλάττει

198 1244 300 1298 καὶ
331 1245 667 1315 ἐργάζεται·
719 1248 909 1319 ἐπειδὴ
955 1253 1012 1303 ἐν
1046 1254 1115 1322 τῇ
1161 1252 1351 1323 πρώτῃ
1384 1252 1638 1323 ἑϐδομάδι
1672 1270 1776 1306 πε-

196 1336 435 1407 ποίηκεν
462 1340 490 1391 6
515 1338 646 1403 Θεὸς
681 1341 772 1394 τὸν
804 1342 1035 1412 οὐρανὸν
1064 1344 1161 1397 καὶ
1193 1345 1292 1414 τὴν
1321 1346 1444 1415 γῆν,
1476 1346 1567 1398 καὶ
1598 1346 1777 1398 πάντα

195 1427 294 1480 τὸν
333 1428 534 1499 κόσμον
551 1431 610 1483 ὲν
644 1430 881 1501 ἡμέραις
916 1432 1001 1498 ἒξ,
1025 1436 1120 1488 καὶ
1151 1437 1217 1505 τῇ
1253 1435 1434 1507 ἡμέρᾳ
1474 1438 1540 1506 τῇ
1574 1435 1774 1507 ἐϐδόμῃ

197 1519 548 1573 κατέπαυσεν
571 1522 677 1575 ἀπὸ
709 1523 929 1578 πάντων
945 1525 1055 1578 τῶν
1068 1526 1244 1597 ἔργων
1263 1527 1453 1593 αὑτοῦ,
1477 1521 1551 1581 ὧν
1574 1527 1777 1599 ῆρξατο

198 1613 397 1677 ποιεῖν,
425 1612 558 1666 καθό
590 1631 642 1667 τι
674 1615 833 1687 ἠὲμὴ
859 1617 1047 1689 Γραφὴ
1086 1622 1375 1690 μαρτυρεῖ.

272 1726 523 1782 ΣΑΡΑΚ.
558 1730 670 1783 Καὶ
701 1730 820 1794 πῶς
861 1748 1028 1802 φησιν
1057 1734 1085 1785 6
1119 1732 1249 1796 Θεὸς
1296 1734 1429 1803 πρὸς
1480 1734 1772 1806 Ἰερεμίαν,

204 1835 224 1867 ι
266 1817 379 1887 Πρὸ
411 1818 506 1871 τοῦ
538 1819 635 1890 μὲν
683 1820 888 1874 πλάσαι
924 1838 984 1875 σε
1028 1825 1087 1876 ὲν
1118 1823 1328 1895 κοιλίᾳ,
1359 1823 1657 1896 ὲτξίσταμαί
1687 1843 1768 1891 σε,

195 1908 294 1961 καὶ
318 1909 381 1960 ἐκ
412 1911 623 1982 μήτρας
651 1912 855 1982 ήγίασά
880 1930 973 1980 σε;
1007 1932 1026 1965 ι
1063 1913 1329 1987 [Πάντως
1367 1912 1459 1971 οὖν
1497 1917 1555 1971 έν
1587 1918 1770 1990 μήτρᾳ

192 1998 455 2058 ἔπλασεν.
492 2000 515 2074 ]

269 2092 499 2145 ΧΡΙΣΤ.
558 2093 845 2166 Ἔμψυχον
904 2097 999 2151 καὶ
1090 2099 1471 2172 σπερματικὴν
1539 2100 1770 2173 δύναμιν

206 2181 382 2253 ’Δδὰμ
412 2185 470 2237 ὲν
494 2188 559 2254 τῇ
594 2186 769 2257 κοιλίᾳ
794 2187 961 2257 ἔχων,
992 2188 1252 2263 ἐγέννησε
1283 2191 1375 2245 τὸν
1407 2192 1513 2263 Σήθ
1535 2232 1550 2256 ,
1585 2193 1771 2259 καθὼς

193 2271 369 2341 ἔφην,
426 2274 453 2325 6
502 2273 608 2343 Σὴθ
662 2276 755 2328 κα)⁵
804 2275 1005 2343 Ἐνὼς,
1055 2279 1151 2331 καὶ
1202 2280 1430 2344 ἕκαστος
1484 2282 1769 2353 ἄνθρωπος

193 2368 448 2437 προέχων
479 2369 536 2420 έν
581 2372 647 2440 τῇ
695 2371 877 2442 κοιλίᾳ
906 2372 1072 2426 αὐτοῦ
1106 2373 1241 2439 υἱὸν,
1270 2376 1366 2429 καὶ
1397 2377 1424 2427 6
1453 2378 1562 2441 υίὸς
1608 2377 1763 2446 ἐγένς-

193 2475 329 2528 νησε
366 2456 576 2531 [μέχρι
622 2461 715 2514 τοῦ
754 2463 1093 2537 παρόντος.]
1139 2466 1213 2519 Τὸ
1250 2465 1347 2531 δὲ,
1390 2487 1408 2519 ι
1444 2469 1508 2521 ὲκ
1552 2470 1767 2540 μήτρας

192 2549 403 2617 ἡγίακά
432 2568 491 2603 σε
514 2591 529 2615 ,
576 2571 595 2604 ι
641 2551 853 2624 [ἐννόει
887 2554 1103 2626 ἐκείνην
1127 2594 1142 2619 ,
1189 2557 1311 2627 ἥτις
1349 2558 1565 2628 άληθῶς
1607 2561 1766 2628 ἐγέν-

192 2656 328 2708 νησε
382 2641 554 2695 τέκνα
602 2643 739 2697 Θεοῦ
788 2644 931 2699 κατὰ
976 2644 1074 2716 τὴν
1114 2650 1419 2719 μαρτυρίαν
1464 2648 1560 2703 τοῦ
1606 2650 1762 2719 ἁγίου

190 2731 551 2799 Εὐαγγελίου.
582 2733 602 2806 ]

264 2817 513 2875 ΣΔΡΛΚ.
573 2823 713 2887 Τοὺς
764 2824 1053 2890 ποιοῦντας
1102 2827 1161 2880 τὸ
1210 2827 1422 2900 θέλημα
1454 2828 1548 2883 τοῦ
1597 2830 1755 2897 Θεοῦ,

188 2909 389 2973 καλοὺς
416 2911 597 2979 λέγεις
632 2913 665 2983 ἥ
700 2915 945 2984 κακούςς
1184 2974 1189 2979 .

262 3001 283 3072 [
313 2999 538 3056 ΧΡΙΣΤ.
572 3004 761 3067 Θέλεις
790 3008 969 3061 εἰπεῖν
990 3048 1004 3072 ,
1040 3008 1123 3063 ὅτι
1151 3010 1179 3063 6
1210 3010 1444 3081 Χριστὸς
1482 3012 1633 3066 ἄκων
1663 3012 1763 3065 πέ-

186 3092 421 3159 πονθεν;
462 3096 554 3147 καὶ
580 3096 674 3149 ἐὰν
711 3098 852 3152 εἴπω
884 3116 966 3152 σοι
997 3101 1194 3164 καλοὺς
1214 3143 1228 3166 ,
1262 3103 1452 3171 φήσεις
1482 3102 1618 3173 πρός
1652 3120 1719 3171 με
1740 3117 1755 3132 ο

1882 603 1951 675 θ’ὶ)
1974 619 2180 689 aliquo,
2203 618 2299 672 sed
2326 625 2600 687 praecepto
2621 615 2715 671 Dei
2746 615 3029 671 obediens.
3063 614 3204 670 Ecce
3241 624 3295 668 et
3330 629 3451 684 ego,

1877 705 2335 780 quemadmodum
2387 709 2775 780 praedicebam,
2833 706 2972 763 liber
3021 707 3254 762 arbitrio
3303 708 3453 762 exsi—

1876 810 2050 866 stens,
2073 801 2164 858 ubi
2192 802 2382 871 utique
2403 801 2635 867 semino,
2668 801 2784 857 sive
2806 799 2862 854 in
2893 799 3165 870 propriam
3197 812 3452 865 uxorem,

1878 892 1995 947 sive
2022 893 2076 947 in
2111 894 2367 958 alienam,
2401 893 2575 948 libero
2605 891 2836 947 arbitrio
2873 899 3035 946 utens
3072 903 3119 955 ι,
3154 891 3449 959 germinat,

1878 990 1931 1038 et
1966 982 2027 1036 ﬁt
2052 992 2322 1054 pracepto
2354 983 2447 1039 Dei
2480 982 2742 1039 obediens
2767 1002 2781 1039 :
2806 998 2917 1039 non
2940 983 3199 1053 quoniam
3226 991 3281 1037 et
3303 996 3449 1036 nunc

1878 1075 2179 1129 secundum
2215 1090 2659 1147 unamquamque
2689 1075 2831 1130 diem
2877 1076 3133 1147 plasmat,
3166 1082 3221 1130 et
3256 1088 3450 1145 opera-

1878 1174 1999 1230 tur;
2033 1168 2159 1235 quia
2205 1166 2260 1221 in
2310 1168 2483 1237 prima
2532 1166 2874 1222 hebdomade
2927 1166 3057 1222 fecit
3103 1164 3271 1238 469
3307 1164 3447 1220 Deus

1876 1259 2077 1313 (mlum
2108 1267 2162 1314 et
2188 1268 2426 1324 terram,
2459 1267 2514 1315 et
2558 1261 2881 1316 universum
2933 1259 3195 1313 mundum
3246 1259 3301 1312 in
3351 1273 3448 1313 sex

1877 1350 2092 1415 diebus,
2128 1362 2179 1405 et
2202 1352 2291 1407 die
2319 1352 2550 1422 septima
2580 1354 2847 1422 requievit
2877 1351 2947 1407 ab
2980 1352 3239 1406 omnibus
3268 1350 3448 1421 cperi-

1876 1441 1978 1498 bus
2000 1442 2121 1513 ejus
2145 1459 2264 1514 quae
2295 1444 2499 1514 incepit
2534 1443 2737 1511 facere,
2763 1444 3067 1501 secundum
3107 1442 3255 1513 quod
3292 1441 3445 1497 Scri-

1877 1544 2037 1604 ptura
2074 1543 2308 1590 testatur
2342 1550 2488 1591 mea.

1948 1721 2192 1778 SARAC.
2219 1724 2466 1790 Qualiter
2488 1726 2563 1780 ait
2583 1726 2722 1782 Dens
2748 1727 2815 1782 ad
2841 1724 3138 1783 Jeremiam
3166 1746 3179 1781 :
3204 1747 3221 1780 ι
3255 1728 3445 1784 Prius-

1875 1828 2039 1885 quam
2072 1822 2125 1870 te
2152 1813 2444 1871 formarem
2478 1817 2533 1871 in
2571 1826 2725 1873 utero
2761 1818 2897 1873 scivi
2921 1827 2995 1880 te,
3029 1825 3083 1874 et
3118 1834 3185 1874 ex
3215 1822 3443 1874 matrice

1875 1904 2211 1961 sanctiﬁcavi
2239 1912 2291 1962 te
2312 1905 2378 1961 “.
2416 1925 2433 1958 ι
2474 1907 2708 1963 Omnino
2760 1908 2925 1979 igitur
2969 1907 3025 1962 in
3084 1917 3272 1964 ventre
3320 1908 3441 1979 pla-

1876 1996 2097 2052 smavit.

1944 2086 2221 2143 CillllST.
2252 2087 2566 2141 Animatam
2616 2095 2673 2142 et
2720 2089 3103 2144 seminativam
3139 2090 3444 2160 potentiam

1871 2179 2044 2234 Adam
2076 2181 2129 2234 in
2162 2187 2352 2235 ventre
2396 2179 2631 2243 habens,
2673 2181 2862 2250 genuit
2893 2182 3049 2245 Seth,
3078 2181 3444 2251 quemadmo-

1871 2272 2002 2327 dum
2029 2272 2284 2328 dicebam
2313 2289 2326 2326 :
2360 2269 2491 2325 Seth
2511 2279 2565 2327 et
2602 2272 2747 2327 Enos
2776 2281 2829 2327 et
2860 2272 3243 2342 unusquisque
3278 2273 3444 2327 homo

1870 2364 2199 2434 prmltabens
2254 2363 2308 2417 in
2356 2372 2550 2418 ventre
2584 2379 2745 2419 suum
2781 2363 2975 2425 lilium,
3010 2370 3064 2417 et
3118 2364 3263 2419 lilius
3311 2363 3441 2419 item

1868 2454 2079 2525 genuit,
2127 2469 2305 2522 usque
2357 2453 2423 2507 ad
2472 2468 2733 2523 praesens.
2768 2452 2907 2507 Illud
2938 2467 3088 2517 vero,
3124 2471 3143 2505 ι
3174 2468 3241 2508 ex
3284 2462 3441 2509 utero

1868 2543 2210 2599 sanctilicavi
2234 2553 2309 2611 te,
2348 2564 2368 2598 ι
2402 2545 2644 2616 intellige
2677 2562 2820 2613 eam,
2843 2560 2965 2615 quae
2992 2560 3121 2600 vere
3148 2546 3337 2616 genuit
3373 2547 3436 2600 li-

1867 2638 1974 2693 lios
2034 2636 2152 2702 Dei,
2216 2638 2521 2693 secundum
2585 2638 2959 2694 testimonium
3022 2638 3201 2693 sancti
3260 2637 3437 2692 Evanw

1864 2729 2011 2801 gelii.

1937 2818 2189 2878 SARAC.
2223 2819 2518 2878 Faeientes
2560 2820 2897 2875 voluntatem
2942 2819 3058 2882 Dei,
3091 2818 3268 2874 bonos
3298 2819 3437 2878 dicis

1865 2910 1949 2965 vel
1974 2911 2185 2965 malos?

1934 2998 2210 3054 CHRIST.
2251 2998 2446 3055 Dicere
2493 2999 2599 3068 vis,
2643 3001 2909 3071 quoniam
2958 3002 3214 3059 Christus
3244 3001 3433 3056 uolens

1865 3104 2063 3159 passus
2090 3092 2211 3145 est?
2237 3099 2290 3145 et
2319 3091 2366 3148 si
2418 3092 2599 3147 dicam
2636 3093 2760 3156 tibi,
2811 3094 3012 3158 bonos,
3063 3094 3214 3149 dices
3249 3093 3381 3146 mihi
3420 3109 3433 3145 :

189 3185 460 3258 ”Υπαγε,]
494 3188 757 3259 ἀποδέχου
786 3191 881 3245 καὶ
909 3194 1032 3256 τοὺς
1083 3194 1369 3259 Ἰουδαίους
1392 3234 1408 3261 ,
1452 3195 1529 3258 ὠς
1569 3194 1631 3248 τὸ
1666 3194 1754 3249 θέ-

1862 3180 2028 3247 Vade,
2060 3182 2257 3239 adores
2294 3185 2425 3240 deos
2451 3183 2496 3252 ⁸,
2527 3185 2788 3256 quoniam
2832 3187 3173 3241 voluntatem
3217 3182 3312 3238 Dei
3353 3191 3431 3237 tu-

186 3278 337 3348 λημα
367 3281 459 3333 τοῦ
480 3281 615 3335 Θεοῦ
643 3299 737 3335 σου
767 3284 1119 3355 ποιήσαντας.

302 3372 547 3426 ΣΑΡΑΚ.
581 3374 691 3427 Καὶ
714 3374 871 3428 τοῦτό
904 3391 984 3427 σοι
1014 3375 1204 3443 ἤθελον
1226 3377 1421 3431 εἰπεῖν.

256 3463 478 3517 ΧΡΙΣΤ.
515 3463 608 3536 Τί]
646 3466 709 3517 σὺ
745 3465 923 3532 λέγεις
962 3464 1173 3535 θέλημα
1210 3460 1389 3534 εἶναι;
1437 3466 1579 3537 Ἐγὼ
1608 3466 1751 3537 λέγω

181 3553 281 3621 τὴν
314 3552 512 3623 ἀνοχὴν
551 3556 644 3607 καὶ
678 3553 1081 3626 μακροθυμίαν.

178 3879 275 3932 τοῦ
300 3879 435 3933 Θεοῦ
461 3880 729 3944 εἰπόντος,
769 3900 787 3932 ι
822 3881 913 3953 Μὴ
938 3881 1164 3953 κλέψῃς,
1195 3884 1269 3955 μὴ
1310 3884 1635 3955 πορνεύσῃς.
1670 3886 1746 3956 μὴ

182 3971 449 4044 φονεύσῃς
474 4012 488 4035 ,
522 3991 540 4023 ι
578 3972 722 4027 θέλει
757 3975 845 4029 ἵνα
872 3975 1181 4045 κλέψωμεν,
1217 3976 1250 4045 ἢ
1281 3975 1687 4047 πορνεύσωμεν,
1713 3977 1746 4048 ἢ

179 4062 531 4132 φονεύσωμεν
558 4080 572 4128 ;

247 4154 495 4208 ΣΑΡΑΚ.
564 4155 750 4224 Οὐχί·
816 4159 865 4209 εἰ
935 4156 1044 4226 γάρ
1112 4157 1341 4227 ήθελεν,
1405 4159 1568 4229 [οὐκ
1623 4154 1748 4213 εἷπε

178 4259 358 4295 τουτο.

246 4335 471 4388 ΧΡΙΣΤ.
502 4333 639 4401 Δόξα
672 4336 749 4407 τῷ
773 4336 912 4408 Θεῷ,
942 4339 1026 4393 ὅτι
1058 4340 1122 4394 σὺ
1152 4338 1569 4411 ὼμολόγησας.]
1613 4340 1744 4394 Ἰδοὺ

178 4425 403 4479 συνέθου
434 4444 544 4497 μοι,
575 4428 656 4480 ὅτι

532 4608 627 4660 καὶ
650 4609 733 4662 δτι
773 4610 835 4662 οὐ
867 4608 1011 4662 θέλει
1037 4611 1066 4663 6
1106 4610 1238 4674 Θεὸς
1280 4612 1365 4667 ἵνα
1394 4613 1737 4683 κλέπτωμεν,

171 4697 204 4767 ἦ
240 4697 648 4769 πορνεύσωμεν,
678 4700 711 4771 ἢ
753 4699 1126 4773 φονεύσωμεν.
1159 4704 1271 4757 Καὶ
1314 4706 1410 4759 ἐὰν
1449 4705 1573 4778 ἄρτι
1602 4707 1737 4760 ἀνα-

173 4787 306 4848 στὰς
336 4788 518 4857 meo
540 4831 554 4855 ,
587 4792 621 4861 ἢ
663 4793 945 4863 πορνεύσω
972 4833 987 4857 ,
1019 4795 1051 4861 ἢ
1093 4794 1338 4864 φονεύσω
1362 4838 1376 4862 ,
1411 4798 1465 4851 τί
1495 4798 1625 4851 αὐτὸ
1650 4797 1735 4851 λέ-

170 4895 323 4945 γειςς
352 4880 562 4951 θέλημα
583 4882 739 4948 Θεοῦ,
772 4884 804 4955 ἢ
846 4927 859 4940 .
905 4925 919 4938 .
962 4926 975 4941 .
1022 4924 1037 4940 .
1076 4887 1107 4955 ἢ
1139 4887 1357 4958 ἀνοχὴν,
1390 4888 1423 4960 ἢ
1456 4889 1734 4958 μακροθυ-

174 4985 303 5036 μιαν
326 4986 340 5032 ;

240 5065 311 5126 η’.
352 5060 600 5115 ΣΑΡΛΚ.
646 5062 712 5114 Τί
767 5065 881 5117 ἐστι
930 5066 1083 5138 παρά
1134 5083 1217 5121 σοι
1246 5068 1488 5139 μείζων,
1518 5073 1547 5125 6
1575 5072 1734 5143 ἁγιά-

169 5150 298 5213 ζων,
333 5151 365 5222 ἢ
398 5154 426 5205 ὁ
458 5155 854 5225 άγιαζόμενος;

237 5584 512 5642 "Jcrctn.
573 5590 682 5654 1,5.
758 5592 799 5623 ”
865 5593 1034 5649 Exod.
1080 5597 1387 5657 nulli-15.

1858 3270 2130 3328 fecerunt.

1927 3360 2175 3417 SARAC.
2206 3361 2272 3417 Et
2309 3361 2413 3417 hoc
2438 3361 2537 3418 tibi
2565 3362 2813 3419 volebam
2844 3363 3047 3420 dicere.

1922 3450 2199 3507 CHRIST.
2233 3451 2376 3518 Quid
2423 3463 2479 3507 tu
2526 3453 2671 3509 dicis
2721 3441 3061 3509 voluntatem
3106 3454 3275 3510 esse?
3322 3454 3430 3525 Ego

1853 3541 1977 3596 dico
2007 3544 2397 3598 sustinentiam
2421 3552 2476 3598 et
2498 3542 2996 3614 longanimitatem.

1923 3629 2171 3688 SARAC.
2210 3632 2367 3689 Unde
2388 3633 2490 3690 hoc
2518 3635 2817 3691 ostendere
2854 3638 3054 3706 potes?
3080 3655 3120 3695 τι

1920 3721 2194 3777 CHRIST.
2224 3722 2328 3779 Per
2361 3739 2478 3780 rem
2514 3741 2528 3779 :
2560 3725 2711 3795 quia,
2764 3725 2989 3782 sedente
3022 3741 3107 3781 me
3145 3734 3201 3782 et
3227 3735 3302 3791 te,
3341 3729 3428 3783 vel

1850 3813 2147 3879 stantibus,
2182 3821 2363 3883 potest
2388 3814 2513 3884 quis
2536 3829 2602 3869 ex
2629 3814 2804 3869 libero
2826 3816 3063 3872 arbitrio
3102 3818 3217 3873 sive
3242 3826 3411 3884 stare,

1849 3903 1939 3959 vel
1964 3904 2192 3961 moveri.
2217 3904 2302 3971 Et,
2335 3905 2602 3977 numquid
2628 3906 2843 3963 dicente
2864 3907 3011 3965 Deo:
3054 3928 3072 3961 ι
3105 3908 3227 3965 Non
3270 3909 3417 3966 fura-

1850 3993 2022 4060 beris,
2052 4010 2162 4050 non
2198 3995 2587 4062 fornicaberis,
2638 4013 2750 4053 non
2796 3999 3019 4056 occides
3047 4001 3112 4061 ¹⁸,
3156 4020 3175 4053 ι
3220 4002 3337 4059 vult
3363 4008 3425 4058 ut

1852 4086 2120 4149 furemur,
2156 4088 2242 4141 vel
2275 4086 2637 4156 fornicemur,
2671 4091 2756 4145 vel
2790 4092 3149 4147 occidamus?

1932 4176 2181 4235 SARAC.
2210 4177 2353 4234 Non.
2383 4178 2439 4234 Si
2471 4180 2618 4234 enim
2646 4180 2828 4247 vellet,
2857 4197 2965 4236 non
3003 4183 3196 4253 utique
3217 4183 3425 4240 diceret

1851 4270 1976 4326 hoc.

1919 4359 2199 4416 ClllllST.
2233 4359 2418 4416 Gloria
2451 4360 2581 4425 Deo,
2613 4361 2874 4428 quoniam
2921 4369 2979 4415 tu
3021 4362 3311 4419 confessus
3338 4379 3417 4419 es.

1851 4451 1990 4506 Ecce
2038 4450 2348 4506 concordas
2392 4450 2548 4514 mihi,
2595 4450 2856 4519 quoniam
2906 4451 3090 4507 nullus
3130 4467 3196 4505 ex
3225 4452 3420 4517 nobis,

1773 4549 1819 4605 ι)
1847 4543 1962 4598 sive
2019 4551 2199 4612 potest
2229 4558 2473 4613 surgere,
2508 4544 2626 4599 sive
2656 4544 2877 4599 vivere:
2926 4552 2980 4598 et
3018 4546 3277 4615 quoniam
3308 4562 3418 4601 non

1843 4635 1960 4689 vult
1993 4634 2137 4689 Deus
2188 4642 2246 4687 ut
2294 4632 2567 4698 furcmur,
2611 4633 2698 4689 vel
2743 4633 3110 4698 fornicemur,
3139 4636 3222 4690 vel
3266 4636 3420 4691 occi-

1839 4725 2053 4781 damus.
2104 4724 2167 4778 Et
2211 4723 2256 4781 si
2311 4739 2458 4779 nunc
2502 4740 2834 4795 exsurgens,
2889 4726 3062 4789 lurer,
3111 4727 3191 4781 vel
3244 4726 3417 4782 forni-

1836 4832 1949 4878 cer,
1981 4815 2067 4870 vel
2111 4816 2391 4881 occidam,
2425 4816 2559 4886 quid
2595 4818 2775 4885 ipsum
2824 4817 3010 4872 dicis?
3043 4815 3414 4887 Voluntatem,

1838 4908 1920 4961 vel
1947 4904 2353 4962 confessionem
2385 4919 2434 4971 υ,
2466 4908 2552 4963 vel
2587 4908 3005 4972 sustinentiant,
3033 4908 3117 4962 vel
3164 4908 3413 4977 longani-

1841 4999 2125 5054 mitatem?

1910 5088 1963 5143 8.
2007 5088 2254 5145 SARAC.
2292 5090 2425 5156 Quis
2447 5097 2533 5144 est
2565 5090 2711 5159 apud
2746 5100 2799 5146 te
2829 5089 3022 5170 majpr,
3048 5092 3143 5163 qui
3167 5092 3411 5149 sanctiﬁ-

1839 5185 1947 5241 cat,
1981 5178 2064 5231 vel
2092 5180 2187 5247 qui
2226 5178 2655 5233 sanctiﬁcatur?

1909 5266 2186 5324 CHRIST.
2229 5268 2366 5335 Quid
2404 5268 2487 5324 vis
2512 5268 2720 5335 dicere,
2754 5284 3055 5341 cognosco.

1912 5358 2157 5416 SARAC.
2190 5359 2245 5415 Si
2275 5361 2423 5415 enim
2449 5363 2617 5428 nosti,
2647 5364 2917 5431 responde
2940 5362 3095 5416 milii.

1911 5449 2183 5507 CIIRIST.
2235 5450 2292 5506 Si
2346 5454 2441 5508 tibi
2489 5454 2694 5516 dicam,
2743 5455 2837 5524 qui
2869 5454 3206 5519 sanctiﬁcat;
3251 5449 3405 5509 dices

1446 5685 1679 5740 \‘Mllxli
1720 5684 2118 5742 LECTIONES.

246 5769 262 5804 ι
298 5766 459 5824 Forte
481 5772 691 5840 adoptas
732 5772 966 5832 Jmltcos.
1050 5790 1071 5816 υ
1107 5776 1370 5849 Suspt't'ln
1414 5796 1531 5828 tm.
