4156 6436
783 407 914 483 153's

779 529 904 581 mihi
934 547 944 580 :
979 525 1146 589 Vade,
1179 525 1340 578 adora
1375 523 1636 578 Joannem
1687 526 1977 591 Baptistam
2027 524 2312 592 baptizan-
2345 528 2387 584 Α

779 627 882 668 tum
916 626 966 668 et
995 615 1422 669 sanctiﬁcantem
1449 613 1724 666 Christum
1759 623 1932 666 tuum.

849 705 1086 756 SAIlAC.
1122 703 1213 754 Sic
1237 703 1332 755 tibi
1356 703 1596 754 volebam
1621 702 1821 755 dicere.

848 794 1121 850 CIIRIST.
1173 795 1599 862 Superveniente
1651 802 1704 846 te
1751 809 1874 848 cum
1911 808 2068 847 servo
2116 800 2212 844 tuo
2257 793 2312 844 in

781 885 991 951 lmliteo,
1027 891 1079 935 et
1103 882 1339 943 ablutus,
1374 889 1427 933 et
1455 881 1743 934 mundatus
1766 881 1834 932 ab
1861 881 1998 948 ipso,
2033 893 2193 947 quem
2225 879 2320 931 ha-

782 972 876 1024 bes
921 971 1101 1022 dicere
1148 969 1452 1034 majorem?
1498 971 1646 1020 illum
1698 969 1959 1022 miserum
2003 981 2217 1021 servum
2266 976 2321 1019 et

783 1071 1001 1127 argento
1030 1068 1300 1126 emptum,
1329 1059 1408 1111 vel
1435 1065 1489 1110 te
1515 1057 1830 1110 mundatum
1862 1057 1930 1111 ab
1963 1057 2100 1124 ipso,
2129 1058 2319 1124 sicque

781 1158 833 1202 et
861 1149 1141 1202 dominum
1179 1149 1352 1216 ipsius
1377 1147 1726 1201 exsistentem
1750 1147 1771 1199 ?

853 1322 1094 1374 SARAC.
1129 1321 1387 1389 Meipsum
1421 1321 1681 1386 majorem
1718 1317 1874 1381 dico,
1917 1317 2010 1386 qui
2043 1314 2319 1386 possideo,

784 1428 941 1480 quam
978 1413 1126 1462 illum
1155 1411 1246 1478 qui
1282 1426 1309 1462 a
1345 1425 1430 1464 me
1465 1410 1792 1478 possidetur.

852 1499 1118 1552 CIIRIST.
1165 1498 1382 1552 Gratias
1435 1513 1536 1566 ago
1588 1498 1719 1550 Deo.
1776 1495 1867 1549 Sic
1915 1495 2044 1549 mihi
2082 1494 2322 1562 intellige
2405 1519 2408 1522 ν

786 1586 1066 1649 Joannem,
1129 1597 1187 1639 ut
1245 1602 1458 1641 servum
1508 1593 1560 1639 et
1615 1585 1872 1638 famulum
1922 1585 2320 1639 ministrantem

783 1678 1003 1728 Christo
1053 1677 1105 1728 in
1145 1685 1336 1730 sancto
1367 1676 1690 1743 baptismate
1734 1675 1787 1728 in
1832 1673 2088 1737 Jordane,
2130 1672 2183 1726 in
2216 1683 2326 1740 quo

787 1769 1090 1835 baptizatus
1121 1768 1366 1822 Salvator
1395 1785 1565 1830 meus,
1593 1783 1778 1821 eorum
1807 1769 1899 1838 qui
1920 1768 2032 1822 illic
2060 1766 2112 1820 in
2137 1780 2326 1818 caver-

1918 418 1978 476 S.
2011 415 2328 475 JOANNIS
2367 414 2786 474 DAMASCENI
2826 480 2829 481 ν

3163 784 3386 835 ΧΡΙΣΤ.
3440 779 3848 848 Ἐπερχομένου
3882 795 3965 829 σου

2428 880 2562 948 μετὰ
2589 878 2684 930 τοῦ
2710 875 2897 930 δούλου
2929 892 3022 926 σου
3048 875 3104 925 ὲν
3130 873 3205 942 τῷ
3229 873 3511 940 βαλανείῳ,
3536 872 3855 938 λοι-ρόμενος,
3882 870 3966 918 καὶ

2423 967 2810 1036 καθαιρόμενος
2845 967 2919 1018 ὑπ
2962 963 3145 1027 αὑτοῦ,
3173 964 3295 1015 τινα
3319 963 3461 1030 ἔχεις
3489 962 3669 1025 λέγειν
3714 961 3966 1028 μείζονα;

2435 1059 2668 1109 Ἐκεῖνον
2728 1055 2820 1106 τὸν
2895 1053 3109 1120 οἰκτρὸν
3165 1052 3346 1103 δοῦλον
3402 1052 3496 1103 καὶ
3559 1050 3971 1118 ἀργυρώνητα-ι,

2422 1143 2455 1209 ἢ
2485 1143 2676 1194 σαὺτὺν
2719 1141 2810 1194 τδν
2857 1140 3197 1208 καθαρθέντα
3228 1140 3317 1190 ὑπ’
3351 1137 3514 1190 αὑτοῦ
3537 1178 3550 1200 ,
3607 1135 3626 1206 [
3655 1136 3751 1187 καὶ
3783 1134 3975 1185 οὑτωσὶ

2425 1233 2518 1285 καὶ
2544 1232 2808 1301 δεσπότην
2838 1231 3002 1285 αὑτοῦ
3033 1232 3335 1298 ὑπάρχοντα
3359 1227 3410 1303 ς]

789 1859 871 1910 nis
911 1859 1097 1919 latent,
1136 1859 1433 1912 draconum
1462 1866 1515 1912 et
1545 1857 1980 1926 perniciosorum
2021 1857 2322 1912 damonum
2363 1833 2387 1886 ί

2504 1841 2805 1895 Saracenus
2831 1847 3006 1890 autem
3032 1834 3185 1888 valde
3215 1835 3493 1887 admirans
3520 1844 3570 1886 et
3593 1831 3886 1889 deﬁciens,
3907 1842 3983 1881 re-

787 1947 962 2016 capita
994 1950 1201 2001 stravit.

784 2111 946 2187 [‘70
983 2113 1321 2187 Eerjysdem
1368 2117 1648 2186 (Theodori
1689 2119 1942 2172 Abucara
1970 2116 2326 2187 cognominati

857 2184 1081 2250 episcopi
1125 2184 1400 2246 Carorunt)
1437 2188 1901 2240 concertationibus
1935 2184 2052 2240 cuni
2098 2186 2325 2241 Sarace-

858 2254 959 2312 nis,
991 2269 1055 2304 ea:
1089 2269 1174 2304 ora
1197 2253 1419 2308 Joannis
1459 2255 1792 2312 Damasceni.

859 2402 1282 2458 SARACENUS.
1321 2407 1412 2459 Dic
1458 2407 1611 2470 mihi,
1642 2408 1916 2476 episcope,
1942 2415 2130 2462 eratne
2167 2422 2329 2460 mun-

788 2495 889 2545 dus
917 2495 1183 2546 idolorum
1215 2497 1382 2549 cultui
1414 2496 1645 2561 deditus,
1683 2507 1969 2566 antequam
1998 2496 2207 2566 Moyses
2239 2494 2332 2548 Ju-

788 2582 1051 2634 tlaismum
1087 2586 1436 2650 pradicaret?

858 2671 1286 2728 Tlll‘lODORUS.
1320 2677 1569 2729 Omnino.

861 2763 1103 2817 SAliAC.
1162 2765 1386 2830 Quando
1439 2766 1647 2834 Moyses
1699 2765 2035 2820 Judaismum
2081 2766 2331 2829 docebat,

793 2864 908 2905 utra
949 2869 1073 2921 pars
1127 2856 1311 2907 mundi
1367 2866 1523 2909 rectae
1563 2856 1810 2924 religioni
1859 2856 2066 2908 videtur
2117 2854 2330 2908 addicta

793 2942 980 3003 fuisse,
1035 2959 1152 3011 quas
1200 2943 1534 2998 Judaismum
1583 2946 1823 3012 amplexa
1869 2953 1945 2999 est
1974 2963 1990 3011 ;
2022 2959 2087 2998 an
2127 2960 2246 3014 quae
2283 2945 2334 2996 in

795 3033 1122 3095 idololatria,
1161 3035 1361 3101 rejeeto
1395 3033 1592 3102 Moyse,
1631 3035 2030 3102 perseveravit?

863 3122 1108 3177 TIIEOD.
1151 3125 1278 3189 Quae
1306 3124 1640 3178 Judaismum
1675 3126 1919 3195 amplexa
1955 3134 2056 3179 est.

866 3214 1108 3267 SARAC.
1161 3215 1349 3268 Postea
1402 3230 1522 3267 cum
1577 3216 1723 3268 venit
1749 3215 2018 3277 Christus,
2072 3215 2337 3269 Christia-

796 3304 1028 3358 nismum
1064 3305 1384 3372 praedicans.
1417 3312 1534 3356 ulra
1570 3318 1693 3373 pars
1723 3303 1936 3358 videtur
1981 3304 2073 3357 tibi
2115 3305 2336 3373 religio-

798 3407 919 3445 nem
952 3408 1129 3444 veram
1162 3393 1421 3451 coluisse,
1450 3407 1568 3458 utne
1591 3390 2063 3445 Christianismum
2093 3394 2334 3460 amplexa

795 3493 903 3545 est;
940 3497 1007 3534 an
1042 3497 1158 3550 qua:
1191 3482 1242 3534 in
1279 3479 1559 3536 Judaismo
1594 3480 1895 3535 ﬁrmissime
1931 3482 2263 3550 permansit?

868 3651 1116 3706 THEOD.
1149 3652 1278 3718 Qua:
1307 3651 1774 3707 Christianismum
1808 3653 2050 3721 amplexa
2081 3663 2183 3707 est.

871 3739 1112 3796 SAliAC.
1152 3741 1457 3809 Insequenti
1496 3755 1622 3794 vero
1652 3747 1912 3808 tempore,
1951 3756 2072 3794 cum
2107 3741 2341 3796 venisset

799 3829 1206 3885 Muchamethus
1231 3831 1636 3899 Margarismum
1665 3829 2110 3883 Eslamismumve
2136 3843 2343 3895 annun-

801 3919 962 3982 tians,
999 3927 1115 3970 utra
1146 3934 1271 3988 pars
1306 3922 1513 3974 videtur
1538 3920 1631 3973 tibi
1662 3917 1827 3973 Deum
1860 3920 1960 3972 rite
1986 3921 2193 3982 colere,
2225 3934 2345 3989 quae

801 4010 1177 4062 Eslamismum
1215 4011 1486 4077 suscepit;
1517 4022 1582 4061 an
1625 4023 1743 4078 qua:
1775 4010 1972 4062 mansit
1999 4011 2051 4062 in
2080 4008 2344 4064 Christia-

801 4098 999 4157 nismo,
1029 4096 1402 4150 Muchametho
1441 4099 1628 4151 nolens
1660 4096 2000 4150 auscultare?

872 4186 1118 4240 TIIEOD.
1150 4187 1276 4250 Quae
1308 4189 1501 4240 mansit
1531 4188 1583 4240 in
1611 4186 2040 4240 Christianismo.

876 4275 1116 4331 SAliAC.
1147 4276 1564 4332 Conclusionem
1595 4278 1733 4330 hanc
1759 4283 2083 4350 postremam
2109 4274 2342 4328 intulisti

805 4367 1262 4435 propositionibus
1289 4367 1506 4419 minime
1535 4374 1973 4420 consenlaucam.

2433 1931 2600 1986 cessit
2627 1936 2680 1983 et
2709 1927 2841 1980 nihil
2878 1939 3155 1994 apponens
3181 1924 3246 1976 ad
3276 1925 3449 1992 ipsum
3491 1924 3751 1976 alterum.

2445 2105 2546 2160 Ἐκ
2566 2104 2687 2158 Ὶῶν
2714 2099 2861 2166 πρὸς
2899 2087 3051 2162 ’τοὺς
3099 2098 3519 2164 Σαρῤακηνοὺς
3575 2095 3984 2161 arumnam

2507 2170 2624 2224 τῶν
2653 2167 2837 2223 αὑτοῦ
2883 2166 3354 2234 (Θεοδώρουίτυῦ-
3389 2166 3452 2234 τὸ
3492 2167 3755 2234 ἐπίκλην
3799 2166 3986 2234 ’ᾼεου-

2507 2238 2659 2306 καρᾶ
2697 2231 3031 2314 ἐπισκρπου
3070 2233 3294 2300 Καρῶν)
3330 2232 3424 2284 διὰ
3455 2231 3661 2300 φωνῆς
3707 2233 3986 2285 Ἰωάννου

2512 2313 2925 2375 Δαμασκηνοῦ.

2504 2392 2932 2447 ΣΔΡΑΚΗΝΟΣ.
2965 2389 3096 2443 Εἱπέ
3129 2407 3236 2458 μοι,
3289 2383 3333 2442 ὦ
3383 2389 3645 2441 ἐπίσκοπε
3671 2404 3683 2416 ·
3710 2389 3774 2439 οὗ
3812 2386 3988 2439 κατει-

2417 2485 2598 2546 ,δωλος
2645 2479 2712 2553 ἦν
2745 2485 2771 2534 ὁ
2809 2482 3008 2550 κόσμος
3039 2481 3143 2552 πρὸ
3189 2480 3283 2532 τοῦ
3339 2478 3713 2540 Μωῦσέωςτδν
3767 2475 3986 2528 Ἰουδαῖ-

2439 2576 2572 2645 σμδν
2611 2573 2825 2641 κηρύξα-
2870 2624 2878 2634 ,

2505 2663 2867 2716 ΘΕΟΔΩΡΟΣ.
2899 2661 3132 2728 Δηλαδή.
3931 2687 3944 2696 ι

2506 2754 2751 2804 ΣᾹΡΑΚ.
2813 2750 3002 2802 Ὶίνίκα
3047 2747 3287 2814 Μωῦσῆς
3354 2745 3639 2806 ἰουδαΐζειν
3705 2743 3986 2798 ἐδίδασκε.

2440 2841 2667 2907 πότερον
2708 2838 2871 2908 μέρος
2921 2836 3015 2888 τοῦ
3068 2836 3270 2903 κόσμου
3315 2833 3554 2885 εὐσεϐεῖν
3588 2848 3671 2882 σοι
3716 2832 3985 2896 φαίνεται,

2439 2929 2498 2980 τὸ
2530 2928 2816 2996 δεξάμενον
2861 2926 2952 2977 τὸν
2989 2923 3350 2989 Ἰουδαϊσμὺν,
3396 2922 3428 2988 ἢ
3464 2920 3522 2971 τὸ
3553 2921 3747 2989 μεῖναν
3777 2917 3987 2969 εἰδωλο-

2441 3015 2690 3085 λατροῦν,
2729 3013 2805 3083 τῷ
2836 3012 3131 3080 Μωυσεῖμὴ
3156 3011 3508 3078 πειθόμενον;

2366 3104 2406 3161 C
2509 3104 2701 3155 ΘΕΟΔ.
2743 3101 2815 3153 Τὸ
2855 3099 3162 3167 δεξάμενον.

2506 3193 2751 3244 ΣΑΡΔΚ.
2803 3187 2968 3254 Εἶτα,
3006 3188 3079 3249 ὡς
3129 3185 3223 3238 καὶ
3266 3183 3401 3254 μετά
3464 3182 3690 3250 καιροὺς
3736 3176 3901 3249 ἦλθεν
3959 3180 3985 3230 δ

2439 3282 2669 3352 Χριστὸς
2705 3279 2795 3332 τὸν
2833 3278 3255 3348 Χριστιανισμδν
3284 3274 3589 3343 κηρύττων,
3626 3271 3868 3339 πότερον
3901 3270 3989 3337 μὲ-

2441 3390 2531 3442 ρος
2565 3387 2645 3424 σοι
2677 3370 2928 3437 φαίνεται
2970 3364 3213 3418 εὐσεϐεῖν
3237 3403 3252 3429 ,
3285 3363 3345 3414 τὸ
3386 3361 3677 3429 δεξάμενον
3715 3359 3810 3410 τὸν
3859 3359 3988 3427 Χρι-

2442 3457 2755 3527 στιανισμὸν
2781 3495 2794 3519 ,
2835 3457 2869 3525 ἢ
2901 3454 2960 3508 τὸ
2987 3456 3172 3524 μεῖναν
3201 3454 3258 3504 ὲν
3290 3451 3369 3520 τῷ
3413 3448 3736 3518 Ἰουδαϊσμῷ
3785 3450 3988 3516 ἀμετά-

2442 3550 2592 3603 θετον
2617 3567 2632 3614 ;

2509 3640 2696 3690 ΘΕΟΔ.
2733 3637 2806 3689 Τὸ
2837 3634 3124 3703 δεξάμενον
3152 3633 3240 3684 τὸν
3275 3628 3724 3702 Χριστιανισμὸν.

2510 3727 2754 3780 ΣΑΡΑΚ.
2799 3723 2926 3777 Εἶτα
2951 3763 2965 3786 ,
3010 3725 3084 3786 ὡς
3135 3721 3271 3791 μετὰ
3310 3721 3532 3789 καιροὺς
3589 3714 3759 3787 ἦλθεν
3796 3718 3824 3766 ὁ
3854 3716 3993 3768 Mea.

2442 3818 2614 3889 χαμὲο
2643 3816 2924 3886 κηρύττων
2974 3816 3063 3867 τὸν
3110 3811 3474 3880 Μαγαρισμδν
3499 3849 3514 3873 ,
3563 3811 3798 3876 πότερον
3833 3806 3993 3873 μέρος

2444 3907 2689 3977 φαίνεταί
2715 3923 2796 3958 σοι
2825 3905 3087 3969 εὐσεϐεῖν,
3111 3903 3173 3954 τὸ
3194 3902 3482 3967 δεξάμενον
3503 3897 3591 3949 τὺν
3604 3894 3993 3963 Μαγαρισμδν,

2443 4000 2476 4068 ἢ
2500 3999 2560 4049 τὸ
2601 3998 2792 4066 μεῖναν
2822 3996 2880 4047 ὲν
2911 3992 2987 4062 τῷ
3019 3988 3457 4062 Χριστιανισμῷ,
3481 3985 3557 4054 τῷ
3586 3981 3892 4051 Μουχαμὲθ
3926 3980 3996 4048 μὴ

2446 4087 2763 4156 πειθόμενον
2791 4102 2804 4149 ;

2513 4177 2703 4229 ΘΕΟΔ.
2741 4175 2812 4226 Τὸ
2842 4175 3026 4242 μεῖναν
3068 4173 3127 4224 ὲν
3155 4170 3231 4239 τῷ
3254 4163 3681 4238 Χριστιανισμῷ.

2515 4251 2758 4317 ΣΑΡΑΚ.
2812 4265 3168 4331 Ἀνάρμοστον
3212 4262 3332 4321 ταῖς
3392 4255 3682 4328 προτάσεσι
3725 4250 3789 4304 τὸ
3848 4250 4000 4316 ἔσχα-

2447 4369 2534 4403 τον
2562 4355 2863 4418 ὲπήνεγκας
2894 4350 3282 4418 συμπέρασμα.

875 4431 1119 4511 TllEOD.
1154 4457 1292 4527 Ergo
1329 4459 1605 4527 oportebat
1645 4465 1702 4510 ut
1734 4471 1797 4510 ex
1829 4455 1982 4509 falsis
2020 4453 2343 4524 propositio-
2377 4435 2387 4490 Ῑ

2417 4450 2420 4476 ¹
2517 4438 2703 4492 ΘΕΟΔ.
2746 4439 2952 4491 Οὐκοῦν
2990 4437 3280 4504 ἀναγκαῖόν
3325 4453 3412 4504 μοι
3437 4435 3650 4502 ψευδέσι
3695 4431 3997 4498 προτάσεσι

806 4547 966 4600 nibus
1014 4548 1433 4628 Conclltsioncm’
1472 4545 1829 4600 deducerem?
1879 4545 1992 4599 Non
2039 4545 2182 4598 enim
2213 4582 2228 4607 ,
2287 4550 2346 4595 ut

805 4640 1053 4704 Opinatus
1081 4653 1160 4702 es,
1191 4638 1291 4692 [ide
1316 4638 1458 4707 digni
1496 4638 1743 4692 Christus
1773 4644 1826 4689 et
1853 4635 2061 4704 Moyses
2098 4633 2336 4697 fuerunt,

808 4729 930 4793 quia
963 4729 1321 4794 prmdicahant
1352 4735 1404 4780 et
1435 4727 1716 4789 docebant,
1747 4733 1805 4778 ut
1829 4723 2344 4798 Muchamethoﬁcreo

807 4817 1017 4879 damus,
1053 4818 1173 4884 quia
1195 4817 1500 4884 przedicavit
1533 4824 1586 4870 et
1615 4816 1798 4869 docuit
1828 4833 1839 4867 :
1870 4827 2052 4868 verum
2085 4812 2346 4871 ausculta,

810 4906 949 4958 unde
1009 4913 1230 4974 uterque
1286 4905 1389 4959 [ide
1448 4906 1642 4975 dignus
1693 4905 1910 4958 habitus
1952 4901 2070 4955 fuit.
2120 4897 2346 4964 Quando

811 4994 1017 5065 Μογειιε
1068 5010 1094 5045 a
1149 4995 1254 5048 Deo
1306 4993 1635 5054 mittebatur,
1685 4990 1963 5061 respondit
2001 4989 2120 5043 illi:
2163 5008 2180 5038 ‹
2212 4988 2348 5042 Ecce

811 5088 970 5145 \mlo,
1010 5093 1061 5143 et
1091 5085 1270 5158 ιὶίργηι
1304 5083 1432 5136 mihi
1463 5103 1474 5134 :
1503 5081 1618 5136 Non
1663 5082 1909 5150 apparuit
1935 5080 2028 5134 tibi
2067 5078 2344 5142 Dominus,

813 5190 985 5242 Itur]th
1015 5173 1153 5225 Deus
1187 5173 1331 5225 misit
1368 5183 1448 5226 te..
1477 5171 1612 5234 Quid
1648 5171 1838 5224 faciam
1877 5171 1958 5222 "‘?
1990 5188 2007 5222 ι
2043 5165 2139 5221 Cui
2184 5167 2346 5230 Deus,

818 5281 834 5311 ο
871 5261 1006 5325 Quid
1036 5270 1117 5313 est
1169 5261 1290 5319 hoc.
1325 5262 1518 5329 inquit,
1560 5261 1696 5328 quod
1734 5261 1898 5314 habes
1929 5259 1980 5312 in
2013 5273 2173 5313 manu
2216 5257 2350 5310 tua?

812 5349 876 5403 lit
905 5350 1194 5417 reapoudit,
1243 5367 1259 5398 ι
1308 5349 1472 5418 virga.
1513 5369 1530 5401 ι
1563 5349 1696 5403 Tum
1724 5349 1859 5402 dixit
1883 5350 1931 5403 ei
1958 5348 2095 5402 Deus
2126 5389 2136 5400 .
2172 5370 2188 5389 ι
2222 5344 2345 5398 Pro-

812 5438 914 5506 iiec
952 5453 1090 5490 eam.
1130 5456 1147 5488 ι
1197 5439 1327 5502 Qua:
1366 5438 1598 5506 piojecla
1629 5455 1749 5491 cum
1783 5444 1946 5497 esset,
1978 5450 2131 5489 versa
2175 5443 2257 5487 cst
2298 5433 2348 5485 in

813 5535 1133 5595 serpentem.
1169 5526 1376 5582 Rursus
1427 5545 1547 5582 vero
1596 5544 1714 5582 cum
1753 5543 1909 5582 manu
1961 5524 2349 5594 prehendisset,

889 5701 929 5728 ⁸⁸
959 5706 1125 5760 Exod.
1158 5724 1223 5768 iv,
1266 5706 1309 5756 Ι.

2452 4530 2826 4598 συμπεράναι;
2877 4529 2949 4581 Οὐ
2994 4528 3136 4595 γὰρ,
3180 4528 3254 4588 ὼς
3308 4524 3643 4591 ὑπείληφας,
3689 4519 4000 4584 ἁξιόδεκτοι

2451 4619 2760 4686 γεγόνασιν,
2787 4620 2814 4670 ὅ
2850 4635 2905 4669 τε
2937 4618 3171 4685 Μωῦσῆς
3205 4615 3300 4668 καὶ
3333 4617 3361 4666 ό
3390 4612 3650 4680 Χριστὸς,
3693 4611 3830 4660 διότι
3865 4609 3995 4677 ἐκή-

2455 4729 2642 4783 ρυττον
2686 4713 2776 4764 καὶ
2822 4711 3112 4774 ἐδίδασκον,
3145 4709 3230 4761 ἵνα
3269 4708 3362 4759 καὶ
3399 4709 3426 4759 ὁ
3456 4701 3752 4770 Μουχαμὲθ
3801 4704 3870 4751 ὲκ
3907 4698 3996 4750 τοῦ

2454 4802 2739 4871 κηρύττειν
2796 4801 2888 4851 καὶ
2933 4799 3204 4851 διδάσκειν
3250 4793 3506 4861 πιστευθῇ
3538 4810 3551 4822 ο
3593 4791 3704 4843 ἀλλ’
3761 4789 3997 4841 ἄκουσον

2452 4893 2715 4962 ἑκατέρου
2752 4893 2809 4944 τὸ
2854 4890 3200 4952 ἀξιόπιστονο
3248 4885 3410 4955 ἡνίκα
3441 4884 3616 4952 μέντοι
3661 4879 3814 4946 παρὰ
3860 4875 3996 4928 Θεοῦ

2446 4979 2792 5034 ἀπεστέλλετο
2818 4980 2845 5030 ὁ
2870 4977 3104 5046 Μωῦσῆς
3129 5015 3142 5038 ,
3187 4972 3454 5042 ἀπεκρίθη
3498 4968 3572 5036 τῷ
3601 4966 3719 5035 Θεῷ
3744 4982 3759 4995 °
3801 4985 3818 5016 ι
3866 4965 3995 5016 Ἰδοὺ

2445 5072 2656 5137 ὑπάγω,
2696 5070 2790 5122 καὶ
2817 5069 3031 5136 λέγουσι
3072 5084 3178 5136 μοι.
3211 5066 3323 5119 Οὐκ
3354 5060 3492 5125 εἶδες
3521 5061 3670 5122 Θεὸν,
3711 5057 3834 5110 οὐδὲ
3865 5055 3996 5114 Θεὸς

2447 5162 2752 5215 ἁπέσταλκέ
2801 5178 2880 5225 σε,
2913 5160 2965 5211 τί
3008 5159 3252 5226 ποιήσω;
3297 5174 3313 5206 ι
3358 5155 3460 5206 Καί
3495 5168 3624 5220 φησι
3661 5149 3800 5215 πρὸς
3830 5145 3994 5196 αὑτὸν

2450 5255 2477 5305 ὁ
2502 5252 2628 5313 Θεὸς
2648 5270 2659 5281 ·
2698 5270 2715 5302 t
2758 5251 2821 5302 Ti
2855 5249 3008 5302 τοῦτο
3037 5247 3096 5300 τδ
3117 5250 3173 5299 ἐν
3200 5249 3264 5316 τῇ
3297 5244 3433 5315 χειρί
3469 5259 3560 5293 σου
3586 5258 3599 5303 ;
3631 5259 3646 5289 ι
3689 5238 3798 5289 Καὶ
3828 5229 3954 5286 εἶπε
3981 5246 3989 5255 ·

2460 5364 2474 5394 ι
2519 5342 2758 5404 Ῥάϐδος.
2812 5360 2826 5389 ι
2864 5341 2969 5392 Kal.
3019 5338 3164 5405 λέγει
3206 5335 3387 5404 αὐτῷ·
3435 5352 3450 5382 ι
3504 5331 3684 5397 Ῥίψοί
3733 5327 3934 5394 αὐτὴν.
3976 5341 3990 5371 t

2464 5435 2570 5487 Καὶ
2619 5433 2832 5502 ριφεῖσα
2873 5432 3093 5498 γέγονεν
3118 5429 3259 5498 δφις.
3311 5427 3415 5479 Καὶ
3447 5424 3608 5475 πάλιν
3661 5417 3995 5487 κρατηθεῖσα

2459 5522 2642 5587 γέγονε
2680 5520 2868 5588 ῥάϐδος
2894 5507 2903 5547 έ
2939 5515 3050 5572 εἶτα
3086 5517 3228 5583 λέγει
3262 5518 3288 5567 ὁ
3319 5514 3444 5574 Θεὸς
3475 5510 3620 5590 αὐτῷ
3647 5527 3659 5538 ·
3700 5527 3717 5558 ι
3747 5503 3993 5574 Ἐμσαλε
