4156 6436
162 402 293 470 ιεοι

1141 397 1238 458 DE
1268 396 1738 459 DRACONIBUS
1761 399 1855 458 ET
1891 397 2322 458 STRYGIBUS.

3208 395 3339 466 Ιῦῦὲ

176 511 350 579 μῆκος
379 505 543 561 αὐτοῦ
579 500 648 576 ἧν
683 503 860 559 καὶτὸ
889 501 1076 572 πάχος.
1107 503 1260 556 Ἐστι
1306 505 1360 556 δὲ
1411 505 1503 557 καὶ
1535 488 1696 573 ἑτέρα
1725 513 1769 568 Α
1801 507 1814 559 i

1692 513 1769 568 ,Α
1801 506 1974 574 inquit
1998 505 2112 569 Dio,
2164 507 2380 560 inventa
2423 512 2508 561 est
2561 514 2774 560 centum
2821 515 2875 558 et
2902 504 3087 582 viginti
3142 513 3333 574 pedum

152 597 320 664 νενεά
372 595 698 664 δρακόντων,
752 584 1003 645 πλατεῖαν
1043 592 1139 659 μὲν
1172 591 1364 662 ἔχουσα
1387 592 1483 660 τὴν
1537 609 1700 659 κεφα.

156 686 275 755 λὴν,
316 685 622 752 ὀφθαλμοὺς
653 679 997 751 χρυσοειδεῖς,
1030 675 1111 740 οἷς
1145 680 1240 748 μὲν
1266 683 1345 741 είς
1370 681 1458 731 τὸν
1487 682 1701 734 τένοντα

155 775 323 841 αὐτοῦ
351 774 577 841 κέρατα,
614 772 817 840 ἑτέροις
845 770 899 820 δὲ
917 768 1097 834 γένεια
1124 770 1204 830 είς
1225 769 1315 820 τὸν
1341 769 1584 838 λάρυγγα
1608 769 1702 822 αὖ·

155 863 268 915 τῶν
290 877 304 891 ’
331 854 406 914 ὧν
428 861 526 932 τὴν
558 861 746 927 γενεὰν
774 857 950 910 αὐτῶν
973 857 1221 909 καλοῦσιν
1258 857 1700 926 Ἀγαθοδαίμονα·

155 949 376 1017 λέγουσι
402 950 458 1002 δὲ
488 949 707 1008 τούτους
733 948 805 1016 μὴ
834 946 974 1014 ἔχειν
1005 947 1100 998 ίόν.
1137 947 1194 998 '0
1219 947 1271 998 δὲ
1309 947 1518 1015 δράκων
1545 945 1705 1012 γενεά

156 1039 332 1101 ἐστιν,
371 1039 445 1100 ώς
471 1037 656 1089 καὶτὰ
700 1036 858 1087 λοιπὰ
892 1035 1073 1105 θηρία.
1108 1036 1257 1104 Ἔχει
1307 1034 1361 1086 δὲ
1389 1035 1590 1100 γένεια,
1628 1034 1703 1096 ώς

156 1124 259 1177 καὶ
284 1126 312 1176 6
343 1124 560 1194 τράγος,
588 1123 681 1175 καὶ
706 1123 838 1190 πρὸς
865 1122 953 1173 τὸν
978 1123 1198 1174 τένοντα
1225 1121 1386 1174 αὑτοῦ
1417 1123 1488 1183 ώς
1518 1123 1575 1174 κέ
1586 1139 1700 1191 ρας.

157 1213 226 1264 οι
262 1213 318 1265 δὲ
353 1211 618 1282 ὀφθαλμοὶ
651 1211 811 1264 αὐτοῦ
847 1212 1070 1280 μεγάλοι
1118 1213 1212 1263 καὶ
1247 1212 1589 1280 χρυσοειδείς.
1624 1212 1706 1262 Γί-

156 1318 343 1354 νονται
396 1303 450 1354 δὲ
496 1302 718 1372 μεγάλοι
771 1301 864 1352 καὶ⁵
913 1301 1116 1370 μικροί.
1149 1301 1323 1352 Πᾶσαι
1355 1300 1409 1350 δὲ
1439 1301 1493 1352 αἱ
1526 1302 1706 1366 γενεαὶ

155 1391 270 1464 τῶν
297 1389 490 1458 ὄφεων,
522 1390 614 1442 καὶ
644 1388 833 1440 ἰοϐόλοι
871 1388 976 1440 είσί
999 1407 1014 1422 υ
1049 1389 1204 1459 μόνος
1236 1387 1292 1439 δὲ
1329 1390 1356 1440 6
1387 1374 1706 1458 δράκωνίδν

157 1480 265 1533 οὐκ
287 1479 422 1547 εχει.
609 1488 623 1494 ”
1021 1513 1050 1546 ο

233 1562 600 1630 κυθολαγοῦσι
629 1562 685 1615 δὲ
717 1561 807 1614 καὶ
852 1560 1027 1627 τοῦτο,
1078 1561 1158 1614 ὅτι
1196 1561 1298 1613 ὑπὸ
1341 1561 1436 1630 τῆς
1483 1561 1708 1632 βροντῆς

135 1645 416 1704 ’διώκεται
441 1653 469 1704 6
495 1651 707 1720 δράκων
733 1667 748 1682 ·
781 1651 1216 1720 ἀντιλαμϐάνεται
1242 1651 1297 1704 δὲ
1326 1654 1404 1714 είς
1429 1652 1586 1722 ἀέρα,
1616 1653 1708 1716 καὶ

153 1738 507 1791 θανατοῦται.
550 1737 688 1806 Ἐγὼ
711 1738 767 1790 δὲ
799 1737 969 1790 ταῦτα
997 1737 1251 1800 ἀκούσας,
1303 1738 1556 1804 ἀγέλασα.
1585 1738 1708 1800 Πῶς

159 1823 297 1877 ποτὲ
330 1824 430 1894 μὲν
457 1823 918 1895 ἀνθρωπόμορφον
940 1825 1033 1878 καὶ
1071 1825 1283 1893 λογικὸν
1314 1826 1546 1887 ποιοῦσι,
1577 1825 1704 1877 ποτὲ
1738 1810 1778 1865 Β

157 1912 218 1965 δὲ
245 1913 386 1981 δφιν,
423 1911 550 1965 ποτὲ
572 1913 627 1964 δὲ
654 1913 771 1981 Θεῷ
806 1913 1275 1983 ἀντιταττόμενον,
1310 1913 1402 1966 καὶ
1441 1913 1544 1964 ὑπὸ
1570 1913 1720 1967 Θεοῦ·

160 2005 531 2074 διωκόμενον;
571 2006 777 2068 Ὄντως
798 2005 1058 2074 σφαλερὸν
1100 2007 1133 2075 ὴ
1163 2004 1412 2074 ἀμάθεια.
1462 2007 1708 2072 Μέγιστα

159 2093 276 2162 γάρ
312 2092 656 2162 βλαπτόμεθα
686 2094 749 2144 ἐκ
783 2092 877 2146 τοῦ
910 2094 985 2164 μὴ
1028 2093 1409 2172 ἀναγινώσκειν
1434 2094 1530 2156 τάς
1561 2094 1709 2162 ίεράς
1738 2149 1742 2153 Α

163 2179 404 2250 βίϐλους,
453 2182 545 2234 καὶ
593 2183 813 2252 ἑρευνᾷν
842 2183 1030 2246 αὐτὰς,
1085 2182 1222 2236 κατὰ
1249 2182 1336 2235 τὸν
1362 2183 1455 2236 τοῦ
1506 2183 1708 2252 Κυρίου

162 2266 344 2336 λόγον.
377 2269 517 2321 Ἀλλ’
537 2271 566 2322 6
600 2271 698 2339 μὲν
729 2269 1057 2341 στρατιώτης
1085 2270 1248 2338 λέγει,
1272 2271 1352 2322 ὅτι
1375 2270 1711 2340 Στρατιώτης

163 2355 306 2425 ιίμὶ,
329 2358 421 2408 καὶ
450 2358 508 2409 οὐ
537 2357 722 2426 χρείαν
760 2357 868 2427 ἔχω
903 2358 1250 2426 ἀναγνώσεως
1273 2376 1287 2390 ο
1317 2361 1345 2410 6
1369 2359 1423 2410 δὲ
1450 2359 1710 2429 γεωργὸς,

161 2443 269 2514 τὴν
303 2448 611 2523 γεωργικὴν
650 2446 1064 2516 προφασίζεται,
1115 2449 1207 2500 καὶ
1253 2449 1300 2499 oi
1333 2448 1452 2501 καθ’
1503 2449 1626 2518 ὲξῆς
1655 2449 1714 2500 τὸ

164 2533 322 2599 αὐτὸ,
363 2536 456 2588 καὶ
486 2535 648 2604 ἐσμὲν
683 2536 880 2598 πάντες
908 2537 1159 2599 ἐλλιπεῖς.
1205 2537 1270 2589 'H
1299 2536 1355 2590 δὲ
1386 2536 1577 2607 βροντὴ
1598 2537 1716 2605 δρά-

166 2639 337 2678 κοντα
364 2624 423 2676 ού
445 2623 648 2688 διώκει,
683 2624 796 2678 ἀλλ’
819 2627 875 2676 at
907 2625 1122 2694 βρονταὶ
1145 2626 1378 2693 γίνονται
1422 2628 1485 2678 ὲκ
1515 2626 1607 2678 τοῦ
1641 2626 1716 2678 νέ-

169 2725 328 2778 pauc,
351 2709 548 2762 ὁπόταν
571 2710 631 2762 τὸ
663 2712 819 2778 νέφος
844 2711 1083 2765 νοτισθὲν
1130 2713 1189 2776 ἐξ
1220 2714 1537 2783 ὑγρότητος,
1567 2714 1719 2766 ἐλαυ-

169 2797 400 2869 νόμενον
447 2798 506 2852 δὲ
551 2800 655 2851 ὑπὸ
687 2800 778 2852 τοῦ
826 2800 1152 2870 πνεύματος,
1192 2802 1309 2870 ἦτοι
1353 2802 1444 2854 τοῦ
1497 2802 1714 2872 ἀνέμου,

110 2893 119 2901 ’
168 2887 411 2957 ὀγκωθῇ.
458 2886 729 2950 Ἐλθόντος
758 2887 866 2958 γὰρ
902 2888 1053 2941 Ινδον
1097 2887 1192 2940 τοῦ
1237 2888 1567 2958 πνεύματος,
1624 2890 1720 2942 καὶ

172 2975 346 3048 ῥῆξαν
382 2975 531 3038 αὐτὸ,
566 2975 908 3028 ἀποτελεῖται
951 2978 980 3030 6
1005 2972 1154 3046 ἦχος.
1189 2976 1296 3029 Καὶ
1327 2980 1359 3047 ὴ
1395 2979 1491 3048 μὲν
1518 2977 1721 3030 ἀνωθεν

1803 592 2134 660 longitudine
2158 601 2426 646 constare.
2462 592 2555 646 Est
2574 601 2626 646 et
2651 590 2795 645 aliud
2822 591 3115 644 draconum
3144 607 3334 662 genus,

1801 682 1999 748 quibus
2030 689 2191 748 caput
2242 682 2407 733 latum
2440 690 2543 742 est,
2595 681 2736 733 oculi
2770 681 2939 732 instar
2979 679 3094 732 auri
3129 682 3336 732 mican-

1802 774 1901 828 tes,
1938 767 1991 819 in
2045 766 2201 833 cujus
2251 767 2462 819 cervice
2513 780 2712 819 cornua
2764 774 2922 828 sunt;
2954 765 3078 818 Aliis
3114 764 3280 816 barba
3310 779 3340 817 e

1802 855 2047 909 faucibus
2073 857 2264 924 pendet
2291 875 2302 908 :
2333 858 2538 925 hosque
2579 855 3045 922 agathodaamones
3074 855 3335 914 vocitant,

1802 945 2061 1014 aiuntque
2091 960 2296 998 veneno
2334 957 2546 998 vacare.
2577 945 2738 1013 Atqui
2770 943 2936 998 draco
2964 946 3063 997 iste
3088 943 3340 995 animan—

1803 1033 1935 1084 tium
1971 1048 2143 1102 genus
2173 1040 2276 1093 est,
2309 1033 2448 1086 haud
2482 1048 2640 1088 secus
2671 1044 2834 1101 atque
2859 1032 3102 1104 reliquae
3131 1032 3336 1084 bestire.

1804 1118 1974 1172 llabet
2027 1135 2156 1173 vero
2207 1121 2426 1174 barbam
2480 1121 2705 1188 perinde
2749 1135 2813 1173 ac
2859 1118 3065 1181 hircus”,
3094 1127 3148 1171 et
3177 1133 3340 1185 supra

1805 1208 2065 1260 cervicem
2113 1223 2303 1260 cornu.
2338 1206 2490 1260 Oculi
2540 1209 2685 1261 illius
2715 1199 3086 1279 magnusunt,
3117 1208 3343 1272 aurique

1806 1296 2039 1362 speciem
2095 1295 2358 1349 referunt.
2409 1295 2471 1348 Hi
2508 1297 2684 1365 magni
2737 1305 2864 1348 sunt
2893 1303 2945 1347 et
2975 1296 3176 1363 exigui.
3217 1295 3345 1347 0m-

1806 1385 1894 1436 nia
1947 1393 2124 1437 autem
2190 1383 2518 1451 serpentium
2586 1397 2781 1453 genera
2848 1384 2994 1434 vi'rus
3050 1385 3342 1435 emittunt:

1805 1472 1971 1526 draco
2002 1474 2150 1527 solus
2176 1488 2439 1527 venenum
2470 1488 2575 1526 non
2602 1474 2764 1527 habet
2784 1475 2824 1527 '.

1877 1562 2026 1617 Hanc
2074 1578 2290 1632 quoque
2338 1563 2576 1617 fabulam
2651 1564 2899 1627 narrant,
2969 1563 3258 1618 draconem
3317 1579 3347 1617 a

1808 1647 2032 1704 fulmine
2082 1652 2368 1720 exagitari,
2421 1651 2494 1702 ita
2545 1657 2601 1702 ut
2651 1651 2702 1702 in
2758 1666 2935 1720 aerem
2984 1653 3264 1703 attollatur
3295 1660 3349 1704 et

1809 1737 2110 1793 occidatur.
2153 1738 2276 1792 Hec
2325 1752 2425 1804 ego
2482 1737 2728 1800 audiens,
2767 1717 2885 1790 risi.
2930 1736 3159 1802 Quinam
3226 1753 3347 1791 cum

1807 1829 2129 1897 quandoque
2159 1828 2396 1881 humana
2426 1827 2595 1881 forma
2642 1827 2888 1881 indutum
2937 1839 2989 1882 et
3037 1829 3349 1882 rationalem

1814 1916 2041 1986 lingunt,
2089 1918 2413 1985 quandoque
2463 1930 2590 1969 vero
2633 1914 2986 1984 serpentem,
3029 1918 3353 1987 quandoque

1807 2007 1988 2065 etiam,
2027 2005 2136 2060 Deo
2184 2007 2582 2070 adversantem,
2628 2013 2679 2059 et
2722 2021 2878 2075 quem
2930 2005 3069 2060 Deus
3126 2008 3354 2060 insecte-

1808 2091 1939 2144 tur?
1973 2089 2139 2145 Plane
2189 2092 2398 2146 lubrica
2449 2108 2537 2146 res
2593 2101 2678 2146 est
2741 2095 3064 2162 ignorantia.
3120 2094 3351 2147 Maxima

1809 2179 2006 2249 quippe
2032 2180 2228 2232 damna
2264 2182 2523 2254 patimur,
2563 2181 2650 2233 ubi
2686 2195 2869 2236 sar-ros
2920 2179 3113 2234 Libros
3145 2185 3352 2251 legere,

1810 2281 1972 2320 eosve
2003 2267 2300 2321 secundum
2339 2266 2551 2320 Domini
2606 2282 2912 2322 sermonem
2973 2272 3206 2321 serutari
3263 2285 3356 2322 ne-

1813 2356 2064 2425 gligimus
2095 2356 2136 2410 ³.
2171 2357 2245 2409 Ac
2299 2357 2455 2410 miles
2500 2358 2718 2426 quidem
2770 2357 2900 2411 dicit
2941 2377 2952 2410 :
2997 2358 3124 2412 Sum
3178 2361 3352 2421 miles,

1813 2459 1912 2498 nec
1949 2458 2087 2513 opus
2112 2444 2241 2504 mihi
2277 2453 2360 2498 est
2402 2439 2630 2499 lectione
2683 2463 2698 2499 :
2744 2448 2983 2515 agricola
3035 2462 3159 2501 vero
3197 2464 3355 2521 agro-

1816 2548 1934 2586 rum
1971 2533 2256 2602 prretendit
2296 2534 2589 2598 culturam,
2621 2543 2673 2587 et
2705 2535 2794 2587 alii
2839 2536 3070 2591 subinde
3103 2537 3241 2590 idem
3279 2538 3358 2592 ef-

1817 2623 2038 2687 futiunt,
2073 2635 2123 2678 et
2156 2639 2346 2678 omnes
2403 2624 2714 2679 deficientes
2765 2640 2974 2680 sumus.
3024 2626 3221 2682 Verum
3267 2643 3359 2682 ne—

1817 2727 2102 2791 quaquam.
2152 2713 2356 2767 fulmen
2396 2713 2688 2768 draconem
2747 2714 3086 2784 insequitur:
3147 2717 3241 2770 sed
3293 2733 3357 2772 ex

1819 2806 1962 2856 nube
1991 2802 2128 2856 fiunt
2161 2803 2409 2867 fulmina,
2444 2805 2660 2872 quando
2708 2805 2880 2858 nubes
2909 2815 3126 2873 propter
3160 2808 3358 2862 humo-

1820 2907 1932 2945 rem
1984 2892 2036 2945 in
2085 2892 2312 2945 imbrem
2359 2893 2616 2955 resoluta,
2663 2901 2826 2961 atque
2876 2908 2904 2944 a
2934 2896 3126 2962 spiritu
3171 2897 3283 2951 sive
3329 2913 3358 2950 ι

1821 2988 1984 3035 vento
2008 2981 2230 3050 agitata,
2261 2983 2541 3035 densatur.
2576 2983 2710 3035 Cum
2755 2983 2898 3035 enim
2948 2982 3090 3036 intra
3133 2985 3361 3053 spiritus

172 3064 391 3134 κραυγὴ
444 3064 657 3132 λέγεται
708 3064 943 3136 βροντή·
975 3065 1036 3118 τδ
1071 3067 1129 3119 δὲ
1159 3066 1260 3117 ὑπὸ
1285 3067 1378 3118 τοῦ
1411 3067 1722 3136 πνεύματος
1749 3107 1795 3168 C

1749 3107 1795 3168 Ο
1823 3070 1988 3131 venit,
2016 3079 2068 3123 et
2101 3071 2244 3123 illam
2280 3072 2442 3139 rupit,
2470 3079 2600 3125 tunc
2623 3073 2835 3124 sonitus
2869 3074 3172 3136 exauditur,
3203 3082 3363 3142 atque

175 3153 493 3223 βιαζόμενον
523 3155 936 3224 κατανεχθέντος
964 3156 1055 3207 ἐπὶ
1085 3157 1181 3225 τῆς
1228 3157 1350 3225 γῆς,
1381 3158 1594 3224 λέγεται
1637 3174 1717 3229 κει

176 3243 393 3312 ραυνός.
420 3243 583 3324 Ὅθεν
608 3233 950 3314 προσπεσὼν,
981 3244 1090 3297 εἴτε
1135 3245 1360 3314 δώματι,
1387 3247 1496 3299 εἴτε
1524 3246 1722 3316 δένδρῳ

173 3333 513 3403 διαρρήσσει,
545 3334 637 3386 καὶ
675 3335 853 3404 σχίζει
885 3334 1056 3388 ταῦτα
1079 3351 1092 3366 ·
1121 3338 1170 3388 εἰ
1204 3337 1259 3388 δὲ
1293 3335 1580 3407 ἀνθρώπῳ,
1613 3337 1721 3388 εἴτε

173 3421 323 3491 ἄλλῳ
373 3423 478 3473 τινὶ
535 3423 676 3492 ζώῳ,
724 3415 881 3490 φόνον
908 3427 1048 3476 ποιεῖ
1075 3442 1090 3457 ο
1129 3426 1260 3478 διότι
1293 3429 1386 3479 καὶ
1407 3428 1722 3497 ἀνθρώπους

177 3510 274 3563 καὶ
305 3510 466 3578 ἕτερα
500 3510 616 3572 ζῶα
652 3511 903 3573 πολλάκις
934 3512 1196 3582 βλέπομεν
1240 3515 1341 3566 ὑπὸ
1369 3515 1594 3586 βροντῆς
1637 3517 1726 3569 θα-

178 3598 504 3664 Ιπιστούμενα,
535 3598 629 3649 καὶ
649 3599 707 3649 οὐ
737 3598 1048 3668 δράκοντας.
1071 3601 1134 3651 Al
1155 3600 1210 3651 δὲ
1233 3601 1517 3669 ἀστραπαὶ,
1544 3601 1598 3652 al
1627 3602 1724 3669 μέν

177 3683 288 3736 εἰσι
317 3685 718 3752 γραμμοειδεῐς,
748 3686 804 3736 αἱ
833 3686 889 3737 δὲ
934 3686 1237 3752 summa;
1257 3725 1271 3749 ,
1301 3689 1356 3739 αί
1395 3686 1455 3739 δὲ
1485 3691 1725 3760 πυρραυ-

179 3775 319 3838 γεῖς.
347 3774 480 3823 Φασὶ
501 3773 556 3824 δὲ
593 3774 672 3825 ὅτι
712 3776 744 3843 ἡ
778 3775 1028 3843 ἀστραπὴ
1063 3776 1156 3828 καὶ
1199 3777 1231 3844 ἡ
1263 3775 1454 3847 βροντὴ
1487 3777 1619 3845 ὁμοῦ
1647 3779 1724 3845 γί-

181 3877 364 3915 νονται
388 3877 399 3890 '
424 3863 536 3930 ἅμα
576 3863 682 3932 γὰρ
706 3864 934 3933 ῥαγῆναι
972 3865 1030 3916 τὸ
1066 3866 1242 3934 νέφος,
1271 3865 1429 3928 εὐθὺς
1472 3867 1722 3936 ἀστραπὴ

182 3950 281 4002 σὺν
304 3952 368 4018 τῇ
401 3949 630 4019 βροντῇ·
679 3952 771 4003 καὶ
804 3954 838 4018 ὴ
896 3951 993 4018 μὲν
1023 3951 1272 4022 ἀστραπὴ
1317 3954 1527 4022 ἀφανὴς
1567 3949 1720 4016 οὖσα,

182 4038 380 4106 αὐτίκα
412 4043 657 4105 φαίνεται
685 4054 698 4067 ·
721 4040 754 4108 ἡ
781 4038 837 4090 δὲ
867 4039 1080 4109 βροντὴ,
1109 4040 1209 4102 ἕως
1231 4057 1289 4093 ου
1313 4040 1417 4092 ἀπὸ
1441 4040 1534 4092 τοῦ
1563 4040 1725 4108 ὕψους

181 4126 352 4196 αὐτῆς
384 4126 582 4197 φθάσῃ,
610 4128 784 4196 ἀργεῖ.
816 4129 924 4181 Καὶ
950 4129 1038 4180 διὰ
1063 4127 1213 4180 τοῦτο
1237 4129 1662 4198 μεταγενεστὲρα
1691 4130 1723 4197 ἠ

185 4218 380 4288 βροντὴ
410 4219 505 4288 τῆς
537 4221 820 4288 ἀστραπῆς
869 4219 1202 4285 ἐξακούεται.
1253 4222 1402 4272 Εἴπω
1437 4237 1517 4273 σοι
1547 4220 1604 4272 δὲ
1632 4221 1724 4271 καὶ

183 4307 419 4360 τοιοῦτον
440 4309 799 4378 παράδειγμα.
827 4310 1021 4362 Σκόπει
1062 4306 1152 4364 οὖν
1179 4311 1375 4364 ὁπόταν
1412 4310 1518 4363 ἀπὸ
1554 4309 1724 4378 μηκό-

1825 3159 2084 3226 strepitus
2114 3159 2204 3210 ille
2236 3159 2330 3227 qui
2368 3173 2584 3212 sursum
2617 3159 2812 3221 editur,
2851 3161 3058 3213 tonitru
3108 3164 3363 3215 nomina-

1825 3257 1950 3302 tur:
1984 3248 2126 3316 quod
2155 3257 2336 3301 autem
2378 3249 2428 3301 vi
2463 3249 2689 3316 spiritus
2718 3250 3030 3318 impellitur,
3063 3251 3190 3303 dum
3219 3253 3366 3304 cadit

1824 3337 2139 3401 in-terram,
2174 3338 2374 3391 fulmen
2410 3337 2698 3390 vocitatur.
2733 3336 2883 3391 Unde
2913 3339 3026 3391 sive
3055 3339 3236 3392 domui
3270 3341 3366 3391 illi-

1824 3428 2005 3489 datur,
2041 3428 2155 3480 sive
2197 3427 2401 3490 arbori,
2450 3428 2561 3480 haec
2595 3426 2884 3495 disrumpit
2920 3436 2972 3480 et
3002 3429 3199 3481 scindit
3229 3447 3241 3480 :
3279 3430 3362 3484 sin

1824 3525 2002 3570 autem
2062 3516 2288 3579 homini,
2340 3527 2432 3569 aut
2483 3516 2659 3569 cuivis
2717 3517 2870 3569 alteri
2929 3518 3170 3581 animali,
3229 3519 3362 3571 illud

1822 3615 2048 3660 enecat:
2096 3607 2356 3674 quocirca
2410 3605 2725 3672 frequenter
2777 3613 2888 3656 tum
2934 3604 3204 3668 homines,
3249 3616 3361 3658 tum

1823 3694 2117 3746 animantia
2148 3694 2252 3746 alia
2277 3682 2523 3745 videmus
2553 3694 2872 3758 interempta
2913 3707 2941 3743 a
2973 3691 3214 3755 fulmine,
3255 3709 3362 3746 non

1824 3782 1949 3834 item
1982 3779 2266 3834 dracones.
2293 3779 2446 3844 Quod
2477 3793 2604 3831 vero
2649 3778 2715 3830 ad
2763 3778 2973 3845 fulgura
3003 3781 3217 3844 attinet,
3260 3783 3364 3855 alia

1824 3869 2038 3938 quidem
2070 3870 2222 3923 lineae
2269 3870 2506 3938 speciem
2555 3867 2838 3936 objiciunt,
2875 3869 2978 3920 alia
3022 3870 3200 3938 spirae,
3233 3873 3363 3923 sub-

1823 3957 2014 4010 rubent
2052 3957 2179 4008 alia.
2215 3956 2383 4008 Aiunt
2438 3963 2612 4008 autem
2661 3954 2836 4022 fulgur
2888 3965 2937 4006 et
2966 3954 3167 4007 fulmen
3204 3958 3364 4009 simul

1826 4045 1936 4098 ﬁeri
1966 4064 1978 4097 :
2008 4059 2072 4098 eo
2125 4045 2303 4111 quod,
2342 4043 2590 4096 diffracta
2645 4043 2818 4104 nube,
2866 4042 3046 4108 fulgur
3089 4058 3210 4093 cum
3257 4043 3364 4094 ful-

1824 4134 1970 4185 mine
1996 4141 2048 4186 et
2073 4134 2278 4186 tonitru
2331 4133 2568 4196 emicet;
2616 4133 2685 4183 ita
2734 4140 2793 4182 ut
2843 4130 3040 4200 fulgur,
3091 4147 3211 4184 cum
3244 4144 3366 4185 ante

1823 4223 2186 4284 delitesceret,
2222 4222 2402 4276 subito
2431 4227 2651 4291 pateat;
2703 4221 2904 4273 fulmen
2959 4235 3105 4284 vero,
3138 4222 3310 4274 donec
3337 4238 3368 4275 e

1824 4309 2156 4364 subﬁmitate
2202 4325 2301 4363 sua
2343 4309 2641 4378 prodierit,
2695 4309 2855 4362 inane
2904 4311 2975 4364 sit
3027 4318 3079 4362 et
3112 4310 3366 4362 otiosum.

184 4397 277 4450 θεν
316 4414 407 4450 σου
431 4397 522 4450 ἐπὶ
544 4397 742 4467 ὑψηλοῦ
767 4398 930 4451 τόπου
962 4401 1170 4452 ἵσταταί
1199 4417 1299 4462 τις,
1325 4399 1417 4452 καὶ
1448 4399 1720 4468 σημαίνει,
1754 4412 1796 4466 ι)
1824 4447 1825 4451 η

1754 4412 1796 4466 ι)
1824 4400 1999 4468 Atque
2044 4397 2206 4469 473
2261 4399 2363 4450 hoc
2409 4399 2463 4450 in
2497 4411 2660 4452 causa
2700 4405 2783 4451 est
2829 4405 2888 4449 ut
2940 4400 3162 4450 tonitrui
3201 4412 3367 4452 sonus

188 4487 402 4556 βλέπεις
425 4486 530 4555 ομὲν
563 4486 658 4554 τὴν
707 4489 864 4556 χεῖρα
906 4487 1066 4539 αὐτοῦ
1100 4487 1392 4557 κρούουσαν
1422 4483 1497 4555 τῷ
1545 4484 1680 4552 ξύλῳ
1706 4524 1721 4548 ,

189 4574 327 4644 μετά
356 4574 414 4627 δέ
444 4591 565 4646 τινα
592 4573 738 4644 ὥραν
766 4572 1075 4637 ἐξακούεται
1103 4578 1180 4637 είς
1215 4575 1274 4627 τὸ
1310 4571 1400 4637 οὖς
1422 4591 1513 4627 σου
1542 4577 1570 4627 6
1596 4569 1726 4642 ἦχος

183 4663 279 4716 τοῦ
311 4663 634 4734 κρούματος.
689 4663 936 4716 Τοιοῦτον
952 4647 1067 4717 ’νόει
1114 4664 1206 4716 καὶ
1251 4665 1342 4716 ἐπὶ
1379 4663 1472 4716 τοῦ
1512 4663 1726 4730 νέφους.

186 4752 429 4821 Πλησθὲν
463 4752 569 4821 γὰρ
601 4750 904 4820 πνεύματος
937 4751 1080 4805 ἔνδον
1112 4753 1207 4822 τῆς
1254 4751 1452 4814 νοτίδος
1497 4752 1585 4821 βίᾳ
1626 4755 1725 4822 ρη-

186 4843 478 4910 γνυμένου,
534 4840 784 4894 ἀποτελεῖ
809 4841 900 4893 τὸν
950 4836 1099 4910 ἦχον.
1140 4843 1316 4894 Ἔστω
1344 4841 1398 4893 δὲ
1454 4841 1548 4893 καὶ
1593 4843 1727 4910 πρὸς

187 4932 370 4999 ἕτερον
399 4929 580 4996 νέφος,
608 4929 851 4999 εἰτύχοι,
886 4931 1337 5000 συγκρουσθῆνσι,
1367 4931 1532 5001 ἤχησε
1567 4929 1724 4999 μέγα.

1825 4490 1916 4542 diu
1952 4497 2074 4560 post
2107 4489 2286 4556 fulgur
2326 4488 2585 4541 emissum
2632 4486 2969 4540 exaudiatur.
3007 4485 3176 4554 llujus
3206 4501 3370 4553 porro

1824 4578 1902 4631 rei
1935 4577 2237 4645 exemplum
2274 4576 2370 4629 tibi
2403 4575 2642 4628 afferam.
2675 4575 2915 4629 Observa
2947 4576 3128 4645 igitur,
3149 4576 3369 4643 quando

1827 4668 2019 4737 procul
2085 4673 2193 4720 stat
2233 4666 2429 4735 aliquis
2493 4667 2546 4718 in
2596 4665 2816 4730 excelso
2865 4666 3003 4727 loco,
3052 4675 3107 4718 et
3156 4665 3369 4733 signum

1828 4757 1961 4823 edit,
2014 4769 2234 4810 manum
2291 4755 2506 4824 quidem
2552 4754 2731 4808 cernis
2791 4755 3091 4822 pulsantem
3145 4753 3368 4820 lignum.

1831 4854 1951 4914 post
1981 4858 2107 4897 vero
2139 4843 2482 4897 intervallum
2535 4841 2753 4911 aliquod
2798 4843 3078 4910 temporis,
3114 4842 3373 4910 pulsatio-

1833 4934 1920 4986 nis
1948 4933 2163 4987 sonitus
2205 4927 2451 5000 percellit
2484 4945 2666 4985 aures.
2701 4928 2844 4985 ldem
2880 4939 2934 4984 et
2971 4931 3024 4984 in
3068 4929 3211 4984 nube
3258 4930 3372 4982 fieri

188 5020 385 5088 cogita.
426 5017 564 5072 Dum
613 5017 763 5072 intus
813 5019 1024 5087 spiritu,
1073 5034 1168 5074 seu
1211 5027 1376 5075 vento
1427 5016 1824 5086 plena,imbris
1873 5021 1923 5074 vi
1966 5020 2263 5090 rumpitur:
2307 5032 2501 5074 sonum
2546 5017 2675 5072 edit.
2749 5017 2889 5084 Quin
2931 5026 2984 5073 et
3058 5018 3105 5072 si
3155 5018 3371 5070 contin-

190 5118 304 5183 gat,
335 5118 394 5166 ut
420 5112 574 5167 alteri
603 5111 732 5166 nubi
771 5111 1080 5179 collidatur,
1111 5113 1299 5183 ingens
1330 5110 1387 5165 lit
1425 5112 1652 5166 sonitus".

263 5269 283 5295 ⁷³
310 5288 639 5360 Vid.-Valer,
670 5288 811 5346 Max.
848 5287 938 5343 lib.
966 5304 1004 5354 ι,
1028 5302 1147 5359 cap.
1179 5285 1233 5356 8,
1266 5301 1320 5342 n.
1360 5285 1455 5354 19;
1495 5285 1640 5350 Plin.
1673 5284 1766 5341 lib.
1800 5299 1914 5349 vni,
1943 5298 2063 5355 cap.
2103 5262 2185 5336 Μ’.
2260 5280 2490 5336 'Joaun.
2525 5295 2577 5333 v.
2606 5279 2695 5337 39.
