3878 6316
522 326 623 379 575

1192 322 1385 375 usus
1428 298 1870 376 VENERABILIS
1905 322 2041 376 υιψι

2149 322 2271 378 “is
2311 323 2393 377 ιιι.
2436 353 2501 364 -
2539 324 3015 379 ΡΑΒᾸΞΝΕΤΙΟΑ.
3620 326 3703 378 ὃῖϐ

516 448 619 484 nou
650 440 1031 495 computantur.
1090 432 1215 484 Item
1245 432 1333 499 qui
1388 446 1491 483 non
1546 436 1720 498 potest
1769 430 1846 484 sic
1893 444 2049 495 agere
2079 433 2122 489 Α
2153 430 2311 483 modo
2340 444 2488 484 suam
2518 433 2598 484 vel
2625 445 2805 483 eorum
2834 434 3037 483 animas
3064 430 3275 483 salvare
3309 428 3477 480 valeat
3511 430 3567 499 in
3594 445 3699 481 eru-

516 500 903 565 νωιιίιευιίειιιι,
931 501 1067 553 sicut
1091 504 1332 567 superius
1358 500 1607 561 diximus,
1638 504 1687 550 lu
1716 501 1886 563 primo
1911 514 2049 551 anno

511 578 690 632 eroget
720 567 768 619 in
798 570 1131 637 eleemosyna
1160 570 1361 622 solidos
1390 584 1513 621 xxttt
1534 612 1548 632 ,
1585 583 1677 635 pro
1705 584 1808 620 uno
1831 582 1971 619 anno
1998 569 2050 621 in

512 652 645 703 pane
671 648 726 689 et
754 651 919 702 aqua,
954 637 1116 690 donet
1147 639 1196 689 in
1228 640 1561 705 eleemosyna
1592 638 1788 690 solidus
1820 652 1923 689 χχιι
1945 676 1961 699 ,
1994 648 2048 690 et

514 707 565 756 in
602 720 911 771 unaquaque
963 706 1290 762 hebdomade
1342 722 1501 758 unum
1548 706 1687 759 diem
1732 707 1935 771 jejuuet
1985 707 2049 759 ad

512 788 732 835 nonam.
779 784 833 827 et
876 774 1034 827 alium
1064 778 1127 825 ad
1162 790 1435 842 vesperam
1461 818 1473 837 ,
1519 788 1569 828 et
1617 790 1672 827 ιιι
1701 776 1859 840 quad.
1895 777 1943 825 iu
1976 790 2051 827 se-

512 844 686 893 cundo
717 857 781 893 xx
814 844 1029 901 solidus.
1059 858 1152 909 pro
1178 854 1283 897 tres
1310 859 1477 895 annos
1504 860 1634 896 xvttt
1661 844 1878 905 solidos,
1912 844 2047 909 quod

512 922 627 960 sunt
664 926 785 962 utv
815 912 992 966 solidi.
1020 913 1262 964 Potentes
1294 914 1530 966 homines
1562 927 1655 976 pro
1681 912 1849 978 culpis
1880 914 2053 965 crimi-

517 980 722 1030 nalibus
752 978 943 1032 faciunt
994 992 1049 1033 ut
1098 980 1379 1035 Zaccbaeus
1408 985 1515 1034 ait:
1550 982 1794 1045 Domine,
1826 983 2050 1033 omnium

510 1048 751 1099 bonarum
778 1062 997 1101 meorum
1026 1050 1293 1103 dimidium
1321 1052 1386 1102 do
1418 1052 1738 1115 pauperibus,
1771 1062 1816 1103 et
1858 1052 1899 1103 si
1930 1051 2050 1115 quid

506 1116 699 1185 aliquid
729 1118 908 1186 injusti
932 1122 1116 1171 abstuli
1140 1162 1153 1180 ,
1183 1120 1237 1171 in
1266 1120 1598 1186 quadruplum
1627 1122 1835 1171 reddam
1854 1162 1869 1182 ,
1900 1131 1954 1173 et
1983 1120 2051 1173 de

509 1186 783 1245 mancipiis
812 1187 1070 1240 dimittam
1104 1190 1319 1251 liberos,
1345 1200 1397 1243 et
1418 1193 1653 1250 captivos
1676 1190 1921 1253 redimat,
1948 1199 2000 1241 et
2019 1203 2048 1241 a

508 1269 613 1323 quo
642 1254 727 1305 die
755 1255 960 1307 desinat
987 1272 1225 1323 peccare,
1258 1272 1359 1309 non
1388 1258 1592 1311 desinat
1620 1260 2010 1311 communicare
2031 1296 2047 1320 ,

506 1322 641 1373 sicut
666 1322 946 1396 Apostolus
966 1325 1036 1377 ait
1058 1342 1071 1376 :
1102 1328 1195 1396 Qui
1221 1342 1307 1392 per
1329 1343 1510 1396 corpus
1541 1336 1729 1394 peccat,
1753 1344 1840 1395 per
1870 1344 2049 1392 corpus

504 1392 736 1462 emendat
760 1434 773 1455 ,
823 1394 920 1445 hoc
947 1406 1026 1447 est
1050 1434 1064 1457 ,
1094 1395 1310 1462 jejuuiis
1339 1405 1391 1448 et
1418 1392 1607 1461 vigiliis
1635 1406 1689 1449 et
1720 1392 2048 1449 oratiunibus

504 1458 568 1529 ad
595 1459 903 1529 Dominum,
935 1464 1020 1529 qui
1051 1458 1335 1518 conversus
1366 1458 1543 1527 fuerit,
1572 1475 1627 1518 et
1654 1481 1811 1519 omne
1847 1469 2045 1517 malum

505 1526 653 1605 fecit,
686 1529 735 1580 in
767 1526 1137 1605 t-fl'ondeudum
1188 1535 1493 1605 sanguinem
1527 1526 1574 1585 in
1608 1534 1764 1595 furto,
1799 1536 1849 1588 in
1884 1535 2047 1587 forni-

503 1600 733 1670 catione,
768 1600 818 1649 in
856 1602 1128 1655 mendacio
1154 1615 1201 1654 et
1230 1600 1552 1670 juramento,
1584 1616 1635 1656 et
1666 1605 1909 1657 omnibus
1938 1620 2051 1656 ma-

508 1665 573 1716 lis
599 1682 612 1727 ;
643 1676 695 1719 et
726 1679 902 1731 postea
937 1670 1043 1722 Deo
1070 1665 1271 1725 servire
1301 1673 1410 1724 vult
1459 1688 1621 1739 usque
1665 1672 1715 1724 in
1767 1676 1944 1734 linem,
1992 1688 2046 1725 ιιι

506 1742 561 1805 et
590 1748 625 1787 ιι
656 1749 824 1788 annos
856 1740 1127 1799 pmniteat,
1156 1742 1234 1790 vel
1268 1743 1530 1804 quomodo
1556 1742 1801 1794 sacerdos
1832 1744 2045 1805 iudicet.

2142 500 2366 563 ,diendo,
2421 500 2470 551 in
2518 500 2781 560 docendo,
2832 514 3014 552 sanum
3062 512 3403 559 sermonem,
3436 498 3572 560 Quod
3618 502 3692 565 qui

2153 569 2287 621 bene
2318 568 2597 629 ministrat,
2630 568 2824 621 bonum
2870 572 3090 636 gradum
3143 568 3245 621 sibi
3298 566 3536 631 adquirit
3582 570 3697 630 apud

2153 652 2272 689 eum
2323 638 2410 702 qui
2440 648 2521 689 est
2551 653 2709 701 super
2737 639 2912 690 omnia
2942 638 3080 690 Deus
3111 637 3406 691 benedictus
3436 636 3489 686 in
3526 641 3693 687 secula

2151 706 2473 758 seculorum.
2506 707 2683 759 Amen.

2337 821 2497 875 ITEM
2551 822 2636 873 DE
2690 821 2934 875 l'RETlO
2978 820 3134 875 ΑΝΝΙ
3188 818 3328 874 νει
3377 819 3539 873 DlEl.

2224 912 2399 964 Primo
2429 929 2565 965 anno
2594 913 2803 979 quidam
2845 914 3201 974 promiserunt
3239 924 3468 977 quatuor
3515 909 3690 979 tridua.

2153 997 2247 1033 nas
2280 978 2660 1034 interveniente
2688 997 2789 1031 una
2824 992 2997 1033 nocte.
3054 980 3157 1033 Alii
3203 983 3353 1033 aiunt
3381 1022 3397 1043 ,
3431 978 3694 1031 duoderirr.

2153 1051 2407 1102 triduana:
2434 1092 2446 1111 ,
2478 1050 2578 1103 hoc
2605 1060 2725 1113 est,
2770 1052 2932 1104 semel
2980 1051 3029 1102 in
3070 1065 3176 1102 uno
3207 1065 3397 1103 mense
3443 1049 3695 1099 triduana:

2152 1119 2363 1183 quidam
2392 1121 2656 1174 dixerunt.
2702 1119 2927 1182 Quidam
2962 1120 3272 1173 verberibus
3301 1129 3397 1171 aut
3426 1117 3479 1169 in
3512 1116 3688 1181 vigiliis

2152 1187 2443 1241 insistendo
2469 1189 2802 1254 quatriduum
2832 1205 2845 1252 ;
2875 1189 2960 1241 alii
2987 1190 3061 1241 sic
3080 1227 3097 1250 ,
3127 1188 3217 1240 alii
3268 1204 3397 1239 vero
3449 1186 3549 1238 sic.
3579 1185 3688 1238 Pre-

2154 1258 2281 1309 tium
2316 1269 2487 1310 autem
2519 1258 2623 1310 diei
2652 1296 2665 1319 ,
2696 1258 2794 1309 hoc
2820 1267 2901 1310 est
2925 1272 3125 1324 agapen
3152 1297 3167 1320 ,
3196 1255 3509 1311 duobus..vel
3542 1254 3692 1305 tribus

2153 1328 2486 1389 pauperibus.
2514 1327 2809 1379 Alii'totutn
2843 1327 3167 1392 psalterium,
3198 1328 3248 1378 id
3283 1337 3379 1387 est,
3418 1326 3469 1376 in
3505 1330 3688 1387 aestate,

2152 1396 2202 1447 in
2227 1397 2399 1448 hieme
2422 1412 2569 1458 vero,
2591 1406 2643 1449 et
2666 1398 2714 1446 itt
2740 1411 2921 1458 verno,
2942 1398 3024 1449 vel
3047 1405 3300 1447 autumno
3321 1392 3685 1460 quinquaginta

2153 1466 2415 1539 psalmos;
2439 1466 2649 1539 quidam
2673 1466 2949 1539 duodecim
2982 1468 3177 1531 plagas.
3198 1466 3279 1517 vel
3310 1464 3685 1539 percussiones.

2150 1538 2231 1585 vel
2265 1535 2378 1598 plus
2409 1537 2580 1588 mllllls
2604 1574 2619 1598 ,
2650 1538 2730 1589 vel
2763 1535 3027 1588 discernat
3078 1546 3336 1598 tempora.
3392 1533 3610 1597 Quidam
3640 1533 3683 1580 in

2150 1604 2332 1657 labore
2359 1605 2530 1675 alieno
2556 1650 2569 1667 ,
2603 1605 2684 1657 vel
2715 1604 3031 1675 inflectendo
3058 1604 3409 1675 quadraginta
3444 1602 3522 1675 bis
3552 1600 3685 1675 desi-

2153 1685 2241 1726 nat
2268 1674 2658 1748 ,_quadragiuta
2691 1674 3003 1748 terdesiuat
3029 1716 3043 1737 ,
3080 1670 3192 1748 cxx
3238 1674 3417 1748 sexies
3468 1670 3690 1748 desinat.

2158 1754 2210 1795 et
2240 1737 2463 1796 addetur
2492 1737 2566 1807 ί,
2596 1742 2831 1797 secundo
2863 1758 2929 1795 xx
2956 1778 2974 1805 ,
3003 1742 3395 1810 superiorixxx
3423 1779 3440 1804 ,
3472 1738 3517 1790 si
3561 1737 3689 1789 labor

505 1801 624 1867 Ipse
657 1812 829 1857 tamen
857 1790 1055 1875 cogitet
1080 1790 1147 1863 de
1173 1790 2055 1877 ηιεάίεὸὶῦρῐιὶοἶὶιίέιίᾱτὶιὶιῖξἐιίᾷόὶ
2086 1790 2133 1850 Β

503 1951 3692 1999 w

906 2094 1779 2170 PABENETICORUM
1842 2091 2512 2201 VENERABILIS
2569 2092 2851 2168 BEDAE
2908 2089 3319 2164 OPEBUM

1450 2275 1999 2401 SECTIO
2095 2271 2727 2422 TERTIA,

816 2514 946 2614 IN
1023 2512 1287 2637 QUA
1381 2511 2307 2617 CONTINENTUR
2380 2510 2687 2612 EJUS
2763 2505 3398 2611 CABMINA.

502 2794 742 2873 VITA
788 2798 1223 2875 METRICA
1267 2797 1621 2875 SANCTI
1658 2793 2237 2873 CUTHBERTI
2285 2793 2739 2869 EPISCOPI
2782 2785 3685 2868 LINDISFARNENSIS.

2062 2955 2137 2969 -θ

1564 3005 1583 3019 θ
1604 3029 1868 3090 (Μεὺίιιοιι.
1895 3027 2013 3076 Acta
2037 3030 2187 3073 sanct.
2212 3024 2317 3073 0rd.
2342 3024 2392 3073 S.
2417 3024 2628 3073 Bened.)

1386 3205 1741 3261 PROLOGUS
1790 3205 1880 3258 AD
1928 3197 2234 3258 JOANNEM
2282 3200 2808 3257 PRESBYTERUM.

572 3320 794 3373 Domino
819 3320 869 3372 in
900 3319 1125 3373 Domino
1152 3320 1484 3373 dominorum
1511 3316 1854 3372 dilectissimo
1882 3314 2070 3369 Joanni
2103 3312 2406 3381 presbytero
2439 3312 2576 3365 Beda
2608 3311 2831 3365 famulus
2860 3310 3055 3367 Christi
3078 3312 3328 3368 salutem.

568 3412 675 3463 Dici
709 3426 811 3463 non
840 3420 1031 3477 potest,
1064 3410 1402 3464 dilectissime
1434 3408 1484 3462 in
1513 3409 1725 3463 Christo
1755 3406 1989 3470 domine,
2023 3404 2073 3456 in
2104 3414 2354 3473 quantum
2388 3412 2471 3454 tua
2503 3402 2761 3457 cltaritate
2790 3403 3008 3468 alliciar,
3039 3413 3232 3469 tuaque
3273 3405 3340 3473 (si
3372 3406 3479 3459 llert
3508 3401 3686 3475 possetl

493 3500 778 3566 pt'u'senlia
802 3515 1012 3566 semper
1040 3501 1293 3566 delecter,
1325 3509 1427 3553 ture
1453 3513 1665 3567 quoque
1695 3506 1889 3551 sancta:
1915 3495 2228 3557 dulcedinis,
2262 3496 2418 3548 etiam
2447 3494 2582 3548 inter
2625 3495 2763 3563 longi
2804 3496 3009 3549 itineris
3034 3496 3173 3564 quod
3204 3497 3339 3551 inire
3365 3498 3510 3564 cupis
3538 3513 3681 3569 angn-

491 3593 650 3655 stias,
688 3592 902 3656 perenni
932 3592 1201 3645 memoria:
1229 3591 1443 3645 stimulo
1467 3586 1998 3656 compungamUnde
2026 3586 2119 3640 tibi
2148 3586 2229 3638 vel
2269 3585 2332 3638 ad
2362 3587 2671 3638 memoriam
2705 3600 2835 3639 mea:
2865 3585 3184 3651 devotionis,
3216 3586 3301 3641 vel
3331 3589 3394 3642 ad
3427 3599 3527 3643 tua:
3556 3606 3683 3657 pen.

491 3686 805 3754 grinationis
835 3687 1208 3751 levamentum,
1245 3686 1380 3739 beati
1413 3682 1973 3750 Cutbberti'episc0pi,
2008 3697 2126 3751 qua:
2154 3696 2321 3747 nuper
2350 3683 2589 3736 versibus
2612 3682 2775 3745 edidi,
2810 3692 2954 3749 gesta
2978 3684 3164 3736 obtuli.
3195 3684 3409 3752 Absque
3436 3687 3534 3738 ulla
3562 3687 3680 3740 enim

493 3777 767 3829 dubietate
800 3777 1004 3830 conﬁdo
1028 3778 1165 3845 quod
1193 3776 1324 3828 tanti
1353 3777 1446 3829 viri
1478 3778 1761 3830 comitatus
1786 3775 2005 3827 multum
2038 3773 2304 3826 felicitatis
2327 3772 2586 3826 conferat.
2608 3772 2743 3824 Nam
2768 3770 2905 3825 illius
2926 3780 2978 3825 et
2998 3782 3311 3826 maerentem
3340 3770 3556 3829 dulcedo
3578 3792 3683 3829 cono

495 3865 698 3916 solatur
729 3864 975 3927 affabilis,
1004 3874 1057 3918 et
1085 3865 1323 3919 desidem
1356 3868 1693 3933 compunctio
1723 3865 1896 3917 cordis
1926 3862 2139 3915 fervens
2171 3864 2397 3925 excitat,
2428 3871 2481 3915 et
2522 3862 2908 3929 periclitantem
2939 3862 3248 3919 intercessio
3276 3866 3426 3919 firma
3452 3866 3681 3920 defendit.

494 3953 643 4006 Scire
666 3963 840 4008 autem
867 3954 1050 4017 debes,
1082 3954 1222 4023 quod
1254 3969 1586 4023 nequaquam
1618 3954 1791 4006 omnia
1818 3962 1970 4019 gesta
2014 3951 2159 4002 illius
2198 3966 2464 4016 exponere
2492 3952 2670 4017 potui;
2702 3952 2936 4017 quotidie
2968 3952 3193 4022 namque
3224 3964 3277 4007 et
3299 3970 3429 4008 nova
3462 3971 3551 4024 per
3577 3958 3683 4010 reli-

488 4044 640 4107 quias
667 4040 782 4109 ejus
804 4053 1051 4110 aguntur,
1083 4054 1135 4095 et
1165 4052 1340 4095 vetera
1372 4044 1577 4096 noviter
1606 4043 1671 4095 ab
1701 4042 1782 4095 his
1808 4040 1895 4109 qui
1923 4041 2060 4093 scire
2084 4049 2325 4106 poterant
2356 4039 2673 4091 indicantur.
2718 4040 2757 4092 E
2788 4040 2981 4108 quibus
3010 4058 3171 4095 unum
3203 4054 3306 4106 est,
3337 4047 3473 4113 quod
3505 4046 3554 4099 in
3583 4060 3680 4100 me-

483 4134 640 4200 ipso,
693 4134 828 4187 sicut
878 4137 982 4196 jam
1033 4134 1124 4187 tibi
1172 4135 1297 4197 dixi,
1325 4150 1417 4201 per
1447 4136 1633 4202 lingua
1660 4135 2008 4193 curationem,
2034 4134 2156 4185 dum
2187 4134 2439 4186 miracula
2472 4134 2587 4200 ejus
2615 4148 2887 4203 canerem,
2918 4146 3166 4204 expertus
3188 4153 3325 4192 sum.
3364 4139 3417 4195 Si
3447 4153 3567 4194 vero
3593 4140 3680 4194 vita

479 4240 661 4275 comes
694 4226 866 4288 fuerit,
899 4236 950 4278 et
982 4237 1175 4278 nostra:
1205 4226 1539 4293 dispositioni
1570 4243 1795 4296 superna
1826 4228 2069 4281 voluntas
2095 4227 2318 4280 favendo
2345 4230 2612 4291 annuerit,
2643 4243 2799 4295 Spero
2831 4246 2915 4295 me
2947 4234 2996 4286 in
3027 4235 3133 4287 alio
3164 4250 3325 4303 opere
3357 4236 3599 4289 nonnulla
3622 4250 3674 4287 cx

482 4315 565 4364 his
598 4330 713 4379 qua!
747 4315 1190 4378 praetermiseram
1220 4314 1487 4369 memoria:
1517 4316 1867 4371 redditurum.
1898 4318 2133 4370 Obsecro
2173 4332 2291 4370 cum
2330 4318 2396 4369 ad
2426 4318 2604 4373 limina
2638 4320 2907 4375 beatorum
2952 4326 3313 4392 apostolorum
3334 4367 3347 4390 ,
3383 4326 3490 4379 Deo
3526 4336 3676 4394 prelo.

476 4414 655 4467 gente,
686 4404 1004 4469 perveneris,
1042 4417 1134 4467 pro
1168 4418 1252 4455 me
1285 4405 1611 4460 intercedere
1640 4407 1964 4463 memineris.

792 4561 1015 4615 CAPUT
1046 4562 1323 4617 PRIMUM.
1360 4561 1687 4617 Proamittm.

550 4653 702 4705 Multa
735 4655 847 4706 suis
881 4654 1130 4706 Dominus
1161 4653 1453 4718 fulgescere
1484 4655 1676 4707 Iumina
1709 4654 1877 4707 sazclis

2065 4595 2111 4631 ι,
2141 4576 2235 4619 Ast
2270 4566 2405 4619 Asia!
2435 4567 2604 4620 lucem
2636 4567 2807 4621 verbis
2831 4568 2960 4621 serit
2987 4582 3080 4621 ore
3105 4566 3363 4633 Joannes,

2142 4656 2399 4709 llauscrat
2424 4672 2453 4710 e
2484 4658 2687 4710 Domini
2728 4673 2846 4725 qua:
2874 4670 3087 4723 pectore
3114 4662 3333 4727 mystica
3363 4671 3552 4716 ructat.

479 4745 723 4806 Donavit,
758 4746 968 4797 tetricas
1002 4746 1243 4796 humana:
1268 4746 1436 4797 noctis
1464 4754 1518 4796 ut
1542 4746 1754 4801 umbras

476 4835 750 4887 Lustraret
774 4834 952 4885 divina
985 4836 1087 4901 poli
1118 4834 1185 4889 de
1212 4836 1439 4889 culmine
1468 4838 1697 4889 llamma.

486 4926 548 4975 Et
582 4926 698 4977 licet
731 4926 837 4989 ipse
867 4923 974 4975 Deo
1000 4933 1152 4977 natus
1180 4928 1246 4978 de
1274 4927 1468 4979 lumine
1495 4926 1731 4980 Christus

478 5014 581 5064 Lm
614 5015 681 5065 sit
708 5028 911 5065 summa
941 5014 1110 5075 Deus,
1143 5024 1352 5066 sanctos
1377 5030 1585 5083 quoque
1615 5016 1731 5082 jure
1764 5018 1991 5071 lucerna:

476 5104 724 5155 Ecclesia:
756 5097 971 5157 rutilare
991 5103 1153 5167 dedit,
1184 5104 1372 5171 quibus
1401 5105 1517 5171 igne
1548 5109 1800 5171 magistro

472 5194 724 5245 Sensibus
757 5194 917 5244 instet
944 5208 1111 5256 amor,
1144 5195 1472 5247 sermonibus
1506 5204 1692 5247 mstuet
1719 5197 1894 5261 ardor,

474 5284 753 5335 Multifidus
781 5284 976 5336 varium
1006 5284 1223 5348 lychnus
1246 5285 1329 5350 qui
1358 5283 1549 5350 sparsit
1583 5285 1631 5336 in
1662 5286 1872 5353 orbem,

472 5373 539 5425 Ut
560 5382 801 5426 cunctum
837 5389 968 5426 nova
1002 5375 1084 5425 lux
1119 5374 1235 5426 ﬁdei
1260 5374 1370 5426 face
1399 5375 1510 5426 fusa
1540 5378 1635 5428 sub
1661 5392 1810 5430 axem

472 5464 651 5515 Omnia
679 5466 897 5519 sidereis
930 5468 1206 5520 virtutibus
1239 5482 1360 5520 arva
1391 5469 1635 5533 repleret.

543 5555 703 5607 ltuma
739 5556 877 5610 l’etri
910 5557 1161 5626 Paulique
1184 5558 1336 5626 jubar
1358 5560 1545 5612 mirata
1571 5562 1874 5628 gemellum.

475 5641 673 5697 liaudct
704 5647 1007 5714 apostolicis
1036 5664 1247 5718 semper
1280 5650 1479 5705 victura
1511 5652 1739 5718 tropaeis.

2144 4744 2559 4797 llartholomtens
2590 4744 2691 4797 an
2725 4747 2861 4798 volat
2891 4761 2983 4814 per
3010 4762 3165 4814 regna
3202 4750 3548 4816 triumphans,

2136 4835 2528 4905 indomitosque
2554 4838 2713 4889 armis
2741 4836 2915 4905 lingua
2946 4836 3128 4890 domat
3158 4840 3384 4909 inclytus
3422 4839 3594 4894 Indos.

2134 4926 2210 4977 Tu
2234 4940 2443 4993 quoque
2471 4926 2701 4979 Niliacos
2724 4935 3069 4995 componens,
3102 4928 3295 4993 Marce,
3325 4935 3548 5001 furores,

2136 5014 2284 5067 Sicca
2309 5016 2623 5077 evangelicis
2649 5016 2809 5070 satias
2835 5018 2900 5070 de
2930 5017 3154 5072 nubibus
3178 5034 3323 5075 arva.

2134 5104 2310 5155 Africa
2340 5103 2585 5171 Cypriani
2616 5106 2769 5157 dictis
2803 5105 3107 5174 meritisque
3133 5111 3377 5176 refulget,

2134 5192 2396 5259 Spernere
2427 5195 2643 5246 delicias
2671 5194 2790 5247 fuso
2813 5196 2900 5261 qui
2929 5198 3183 5265 sanguine
3206 5200 3390 5253 suasit.
3462 5230 3465 5233 -

2135 5284 2357 5335 l’ictavis
2387 5284 2581 5337 llilario
2607 5286 2825 5339 multum
2856 5286 3055 5339 radiata
3083 5291 3352 5356 magistro,

2134 5375 2349 5427 ι)ίε‹·υιὶι
2381 5391 2634 5428 annorum
2660 5393 2780 5430 vera
2809 5378 2915 5442 jam
2949 5379 3065 5431 luce
3096 5379 3360 5433 tenebras.

2126 5468 2633 5534 CttllslnnllttopOIllll
2662 5469 3071 5538 Cbrysostomus
3098 5472 3187 5524 ille
3214 5471 3468 5531 Joannes.

2126 5558 2321 5610 Aurato
2346 5560 2522 5613 nitidae
2552 5562 2737 5615 lustrat
2768 5562 2971 5633 fulgore
3003 5562 3241 5631 Ιοψιριιε.

2048 5644 2053 5645 ν
2123 5650 2229 5705 Nec
2260 5650 2357 5703 iatn
2386 5651 2526 5706 orbis
2554 5660 2797 5707 contenta
2829 5653 2965 5720 sinu,
2996 5661 3138 5709 trans
3164 5668 3378 5723 mquora
3410 5652 3599 5722 lampas

3406 5755 3832 6212 Δ]
