3878 6356
224 456 325 507 577

235 568 508 632 Spargitur
531 562 802 629 effulgens,
830 559 1081 625 liujusque
1110 559 1371 610 lliitannia
1402 572 1617 610 σωθείη-ς

226 652 578 719 Temporibus
605 652 781 717 genuit
809 647 978 715 fulgur
1010 646 1305 699 venerabile
1336 648 1558 708 nostris,

227 749 398 795 Aurea
429 756 527 809 qua
558 738 870 791 Cuthbertus
898 748 1054 802 agens
1086 750 1176 800 per
1204 733 1370 786 sidera
1399 734 1575 791 vitam,

224 831 493 887 Scandere
512 830 647 883 celsn
672 828 780 880 suis
808 826 981 878 docuit
1010 824 1116 891 jam
1150 824 1389 891 passihUs
1420 822 1614 888 Anglos

223 923 373 974 llnnc
395 922 605 973 virtutis
632 920 801 971 honor
826 918 933 985 jam
960 916 1126 982 primo
1153 930 1179 965 a
1204 914 1384 967 limine
1413 914 1555 975 vitte,
1586 956 1595 959 _

220 1012 619 1077 Etlteriumque
648 1009 810 1060 decus
840 1004 1004 1074 signis
1032 1004 1313 1055 comitatur
1341 1002 1553 1067 apertis.

220 1102 384 1168 Cujus
408 1108 593 1153 cuncta
632 1099 750 1149 licet
776 1108 1048 1161 nequeam,
1083 1103 1253 1144 tamen
1284 1091 1460 1143 ultima
1493 1090 1666 1141 malim

218 1191 656 1245 Commemorans
683 1198 900 1250 operum
930 1180 1139 1246 vestigia
1166 1188 1377 1246 tangere
1398 1193 1571 1237 versu,

221 1283 351 1346 Quis
381 1285 590 1347 pateant
617 1276 816 1327 interna
845 1282 1008 1325 sacrae
1033 1268 1332 1322 fundamina
1367 1271 1573 1321 mentis.

218 1368 322 1427 Tu.
350 1380 496 1435 rogo,
526 1376 749 1423 summe,
771 1359 922 1429 juva.
954 1360 1210 1412 donorum
1242 1357 1467 1423 Spiritus
1495 1365 1715 1413 auctor;

219 1455 296 1508 'l‘e
323 1459 438 1509 sine
464 1468 582 1505 nam
612 1453 765 1517 digne
796 1449 891 1499 fari
920 1458 1003 1498 tua
1036 1448 1198 1514 gratia
1232 1446 1418 1497 nescit.

224 1539 723 1604 Flammivomisque
747 1538 885 1589 soles
913 1534 1039 1588 dare
1061 1534 1147 1599 qui
1172 1548 1303 1585 nova
1336 1532 1525 1583 lamina
1551 1530 1758 1597 linguis,

230 1629 440 1681 Munera
466 1628 528 1679 da
558 1627 767 1695 linguas,
797 1626 939 1678 verbi
965 1618 1047 1675 tua
1072 1624 1208 1675 dona
1229 1624 1484 1674 canentis;

217 1737 440 1791 CAPUT
469 1737 525 1790 ll.
554 1734 817 1801 Quomodo
840 1748 961 1800 puer
986 1732 1076 1783 Dei
1099 1730 1393 1783 Cuthberms
1416 1746 1500 1797 per
1520 1730 1761 1795 infantem

495 1807 559 1856 sit
586 1808 819 1867 pradiclo
850 1803 1134 1864 episcOpatu
1162 1801 1465 1851 admonitus.

289 1897 434 1946 Alma
469 1895 573 1946 Deo
596 1892 740 1945 chari
769 1892 934 1954 primo
959 1889 1189 1942 cretestis
1215 1889 1279 1938 ab
1304 1902 1414 1937 :rvo

218 1984 332 2034 Vita
363 1984 536 2045 micat,
571 1980 745 2032 famuli
776 1979 909 2031 lator
935 1995 1087 2045 quem
1117 1978 1346 2029 muneris
1369 1979 1455 2028 alti

216 2074 351 2126 Vera
383 2082 531 2125 vocat
558 2069 799 2122 Christus
826 2070 1040 2135 speciali
1072 2067 1136 2118 ad
1167 2068 1352 2134 gaudia
1381 2068 1537 2129 dono,

212 2161 605 2226 Aurivagasque
632 2158 726 2210 feri
757 2170 973 2224 pompas
1002 2164 1341 2209 contemnere
1370 2156 1535 2215 smcli,

211 2248 420 2316 Corque
450 2248 569 2315 polo
594 2248 832 2299 stabilire
856 2246 1031 2308 docet,
1059 2260 1213 2312 quem
1244 2246 1465 2310 denique
1495 2244 1628 2296 dulci

209 2340 387 2393 Prima
418 2336 716 2404 magisterio
750 2348 841 2401 per
869 2345 1101 2400 tempora
1132 2334 1307 2402 dirigit
1329 2334 1447 2395 aevi,

218 2427 548 2491 Quandoque
577 2432 878 2491 provectum
908 2422 1217 2475 sublimibus
1251 2422 1439 2474 inferat
1467 2426 1636 2474 astris.

216 2509 376 2566 Forte
400 2527 526 2580 vago
551 2512 761 2579 gracilis
790 2511 911 2564 dum
942 2513 1175 2577 gramine
1207 2513 1406 2564 luderet
1436 2522 1581 2575 artas,

210 2602 463 2655 Intererat
494 2599 668 2651 vacuis
692 2599 845 2651 simul
878 2598 1080 2651 indoles
1106 2600 1242 2651 alma
1270 2601 1547 2665 palmstris,

213 2689 430 2751 Solique
461 2688 559 2739 levi
588 2696 716 2739 tetas
744 2686 965 2753 sumpsit
988 2687 1267 2739 luctamine
1295 2690 1511 2751 palmas.

214 2777 322 2832 Sed
345 2776 597 2830 Daminus
626 2777 782 2843 digno
812 2774 1023 2840 puerilia
1055 2788 1209 2827 sensa
1238 2776 1483 2840 magistro

214 2861 497 2923 Correxit;
530 2868 712 2912 tenero
739 2873 857 2910 nam
882 2858 946 2911 de
972 2872 1125 2925 grege
1155 2862 1396 2924 parvulus
1432 2858 1601 2910 infans

215 2950 429 3001 Viribus
458 2948 727 2999 admonuit
754 2946 925 2999 dubiis
953 2962 1019 3000 ne
1050 2948 1211 2999 fidere
1236 2948 1425 3010 mallet,

216 3038 285 3090 Et
313 3039 495 3090 festina
524 3038 666 3089 brevi
694 3050 1006 3090 consumere
1034 3044 1265 3102 tempora
1296 3038 1415 3087 luxu
1444 3054 1456 3087 :

219 3125 328 3179 Sed
359 3126 594 3177 etabilcm
626 3122 832 3176 Domini
856 3133 1080 3175 mentem
1112 3123 1339 3174 firmaret
1368 3138 1565 3175 amore.

288 3220 358 3267 At
388 3230 515 3282 puer
535 3215 745 3267 infantis
774 3214 892 3266 risit
914 3228 1060 3266 sacra
1090 3216 1277 3266 lamina
1309 3216 1509 3277 noleits,

212 3306 467 3358 Octennis
492 3306 701 3357 trimum
728 3305 1005 3369 despectus
1030 3305 1221 3357 habere
1249 3309 1571 3371 magistrum.

213 3396 314 3460 Qui
337 3393 518 3461 geniit,
546 3400 601 3446 et
629 3394 767 3445 luctu
798 3393 981 3445 faciem
1012 3391 1273 3459 perfundit
1297 3407 1495 3443 amaro.

211 3486 449 3538 Solvitur
474 3486 527 3536 iu
559 3485 813 3550 Iacrymas
841 3484 1032 3544 luctus,
1057 3483 1333 3547 cunctique
1363 3482 1589 3533 vicissim

220 3575 389 3628 Unius
419 3575 647 3626 incertos
674 3581 918 3639 satagunt
944 3572 1243 3638 abstergere
1265 3571 1414 3623 ﬂetus
1440 3587 1454 3621 :

212 3663 325 3716 Nec
353 3662 560 3715 valuere
589 3674 763 3713 tamen
792 3661 978 3713 solatia
1010 3668 1153 3727 rapta
1184 3660 1384 3711 novari.

216 3753 370 3805 llunc
395 3752 474 3818 pia
505 3752 833 3818 complexum
863 3748 1178 3804 Cuthbertus
1206 3748 1269 3800 ad
1300 3750 1473 3801 Oscula
1506 3750 1713 3809 muleet,

214 3846 516 3896 Obsecrans
538 3842 734 3895 siccare
755 3854 936 3908 genas.
964 3840 1225 3903 deponere
1256 3840 1443 3891 luctus.

214 3930 431 3995 Excipit
458 3939 511 3983 et
535 3938 719 3982 mcesto
744 3928 912 3995 justas
940 3928 1003 3978 de
1028 3929 1187 3978 corde
1214 3929 1451 3991 querelas
1475 3944 1484 3975 :

206 4022 350 4088 Quid
385 4034 455 4084 te,
484 4022 662 4086 cltare,
696 4020 794 4071 levi
820 4017 999 4070 subdis
1030 4032 1122 4085 per
1152 4018 1318 4069 inania
1348 4018 1486 4079 ludo,

208 4116 386 4174 Quem
419 4110 554 4162 Deus
582 4108 801 4161 aetherio
829 4108 1067 4160 sublimis
1097 4108 1294 4158 honore
1319 4108 1566 4169 sacravit,

212 4200 520 4252 l'rmficieus
550 4198 772 4262 populis,
801 4196 919 4249 cmli
944 4195 1130 4261 quibus
1161 4196 1289 4246 atria
1323 4197 1547 4261 pandas?

208 4290 505 4355 ingenuum
534 4286 701 4338 stadio
732 4284 960 4349 nunquid
990 4299 1302 4336 concurrere
1330 4288 1493 4337 servis

205 4378 318 4431 Fas
348 4376 467 4437 erit,
494 4384 581 4426 aut
608 4373 744 4439 vulgi
770 4372 989 4423 antistes
1010 4372 1318 4423 similabitur
1346 4374 1474 4423 actis
1498 4372 1521 4423 ?

204 4468 418 4534 Linque
441 4466 538 4517 tuis
564 4478 688 4530 ergo
716 4475 815 4514 tam
841 4462 1049 4514 dissona
1078 4462 1254 4515 frivola
1284 4460 1432 4513 factis
1456 4504 1470 4524 ,

202 4557 549 4621 Devotusque
578 4546 682 4605 Deo
706 4566 909 4605 sacrum
939 4550 1254 4619 conjungere
1280 4560 1475 4617 pectus.

292 4644 415 4696 Haec
439 4642 529 4702 ait,
559 4650 611 4692 et
639 4640 781 4706 pueri
811 4637 1144 4706 grandmvum
1168 4640 1217 4690 in
1248 4649 1455 4703 pectore
1481 4654 1685 4691 sensum

199 4730 440 4799 Spiritus
467 4729 686 4781 instituit
714 4737 957 4780 cunctum
984 4742 1160 4779 comes
1188 4727 1355 4780 almus
1381 4730 1428 4779 in
1452 4745 1635 4780 aevum.

199 4822 320 4875 Nec
347 4820 557 4881 tnirum,
588 4817 810 4871 infantes
834 4818 1081 4884 mysteria
1110 4816 1337 4881 pandere
1363 4818 1557 4868 Clll‘isll
1584 4858 1596 4877 ,

202 4912 625 4973 Lactentumque
650 4918 797 4957 sacer
822 4904 1019 4969 repleat
1049 4902 1091 4954 si
1121 4903 1319 4955 viscera
1348 4902 1501 4956 flatus
1522 4946 1537 4968 ,

201 4998 311 5065 Qui
343 4994 464 5048 facit
493 4994 746 5046 humanas
766 4992 966 5043 asinam
994 4992 1217 5045 reboare
1244 4993 1497 5059 loquelas.

202 5103 433 5161 CAPUT
471 5100 553 5154 lll.
598 5102 859 5165 Quomodo
885 5116 1011 5167 genu
1053 5101 1253 5151 dolente
1298 5103 1506 5154 clnud.s
1541 5102 1741 5166 ἀπέοικε

520 5170 604 5230 sit,
635 5179 679 5220 et
707 5169 886 5236 angelo
912 5170 1179 5219 uindicant:
1208 5182 1429 5221 curatus.

284 5260 539 5313 Parvulus
568 5258 765 5311 interea
796 5257 949 5309 subiti
977 5258 1276 5310 discrimine
1304 5260 1468 5312 morbi

212 5349 490 5409 I‘lectitur,
518 5356 671 5413 atque
700 5345 831 5413 regit
860 5346 1070 5412 vestigia
1103 5346 1336 5413 languida
1371 5348 1510 5413 pino.

210 5437 456 5498 Cumque
482 5434 568 5485 die
592 5432 810 5499 quadam
837 5432 938 5483 sub
959 5432 1076 5483 divo
1106 5433 1237 5485 fessa
1269 5435 1487 5487 locasset

210 5521 446 5576 Membra
477 5521 660 5573 dolens
685 5521 826 5574 solus
851 5521 990 5573 mitis
1021 5536 1167 5587 puer,
1196 5538 1318 5577 ecce
1349 5535 1561 5591 repente

285 5683 309 5707 ι
354 5669 406 5720 Id
431 5677 510 5719 est
551 5667 808 5739 leporibus
837 5688 845 5719 :
880 5684 995 5724 nam
1027 5670 1255 5739 [sperum
1285 5687 1401 5729 ossa
1436 5674 1628 5728 mederi
1671 5678 1744 5730 t7-

215 5742 418 5793 biartun
452 5737 644 5788 morbis
669 5737 826 5786 aiunt.

1026 448 1211 503 SECT.
1256 448 1338 500 Ill.
1382 478 1447 488 —
1485 446 1803 500 CARMlNA.
1848 471 1907 485 -ο
1953 444 2105 496 ΥΙΤΑ
2146 446 2202 499 5.
2243 445 2645 500 CUTIIBERTI.

1772 4512 1823 4567 D

3310 452 3413 510 578

1804 562 1847 615 Α
1885 553 2040 607 \‘enit
2069 568 2240 627 eques.
2261 556 2414 610 niveo
2441 558 2769 612 venerandus
2802 562 3045 629 tegmine,
3080 576 3280 617 necnon

1870 643 2045 696 Gratia
2072 645 2338 712 cornipedi
2364 644 2567 711 similis,
2601 650 2949 717 recubumque
2980 652 3184 712 salutat,

1874 730 2193 798 Obquuinm
2222 733 2323 785 sibi
2351 733 2489 786 ferre
2518 750 2728 805 rogans.
2758 737 2852 789 Cui
2884 739 3006 789 talia
3032 741 3201 791 reddit
3232 759 3246 793 :

1869 820 2144 885 Obsequiis
2170 836 2307 874 nunc
2338 822 2449 887 ipse
2479 823 2579 875 tuis
2608 826 2855 876 assistere
2884 840 3155 893 promptus

1872 906 2089 965 Vellem.
2120 910 2171 959 ni
2200 910 2315 961 diro
2342 921 2671 978 premeretur
2699 915 2952 981 c0ntpede
2984 930 3209 983 gressas.

1864 996 1991 1049 Nam
2020 1006 2185 1050 tumet
2209 1012 2331 1051 ecce
2357 1014 2515 1067 genu,
2546 1002 2701 1056 nullis
2722 1004 2860 1070 quod
2890 1018 3010 1056 eura
3042 1008 3337 1059 medentum

1865 1084 2124 1149 Tempore
2142 1086 2247 1151 jam
2282 1088 2445 1139 multo
2476 1088 2637 1140 valuit
2666 1093 2872 1143 mollire
2902 1095 3097 1159 lagonis
3131 1104 3174 1145 ει.

1862 1170 2041 1224 Desilit
2071 1173 2261 1241 hospes
2287 1189 2441 1242 equo,
2470 1178 2643 1243 palpat
2672 1192 2803 1245 genu
2830 1180 3038 1231 sedulus
3068 1198 3289 1250 aegrum,

1861 1257 1949 1311 Sic
1977 1260 2110 1313 fatus
2136 1261 2326 1314 similae
2349 1263 2563 1315 nitidam
2596 1280 2711 1317 cum
2737 1267 2872 1320 lacte
2912 1268 3133 1322 farinam

1861 1347 1976 1400 Olla
2008 1362 2199 1417 coquat
2233 1354 2425 1417 pariter
2451 1354 2786 1410 ferventi.....

1864 1438 2073 1505 llncque
2100 1442 2251 1494 istum
2282 1442 2451 1495 calido
2478 1446 2741 1497 sanandus
2767 1447 2990 1514 inungue
3019 1458 3296 1503 tumorem.

1861 1526 1979 1576 llaec
2007 1542 2303 1582 memorans
2337 1533 2639 1585 conscendit
2662 1548 2857 1599 equum
2888 1550 2990 1601 quo
3019 1546 3254 1597 venerat,
3282 1539 3372 1587 ill-v

1860 1614 2000 1666 Calle
2028 1616 2239 1667 domum
2273 1634 2534 1675 remeans.
2566 1623 2796 1675 Monitus
2825 1625 3075 1677 medicina
3106 1637 3280 1677 secuta
3306 1640 3407 1689 est,

1860 1705 2185 1771 Agniivitqne
2210 1720 2361 1759 sacer
2392 1710 2652 1760 medicum
2683 1712 2887 1767 venisse
2915 1716 3127 1780 superni

1859 1796 2056 1849 iudicis
2084 1812 2111 1848 a
2141 1799 2275 1851 solio
2302 1814 2530 1861 summo,
2562 1801 2646 1866 qui
2679 1816 2896 1855 munere
2924 1808 3130 1857 clausos

1789 1868 1833 1924 Β
1861 1886 2102 1940 Restituit
2134 1890 2275 1941 visus
2306 1891 2462 1955 piscis
2486 1890 2551 1943 de
2574 1892 2692 1945 felle
2718 1891 2916 1945 Tobim.

1860 1997 2079 2051 CAPUT
2120 1999 2203 2049 iV.
2248 1999 2508 2063 Quomodo
2534 2002 2691 2053 ventis
2731 2005 2955 2055 oratione
2998 2008 3198 2055 mutatis
3225 2047 3236 2065 ,
3276 2018 3406 2057 ram

2034 2068 2086 2117 in
2119 2068 2370 2119 Oceanum
2400 2070 2637 2134 delapsas
2665 2075 2963 2131 revocaverit
2984 2076 3049 2123 ad
3071 2075 3226 2126 littus.

1930 2154 2057 2207 llinc
2085 2171 2229 2208 sacra
2256 2156 2437 2222 majori
2472 2159 2706 2209 firmatus
2739 2161 2926 2212 rubore
2956 2163 3115 2213 corda
3137 2202 3150 2223 ,

1857 2241 2242 2294 Celsithronmn
2268 2240 2456 2296 didicit
2480 2247 2717 2311 precibus
2749 2250 2957 2311 pulsare
2985 2250 3293 2301 Tonantem.

1860 2330 1947 2380 list
1976 2331 2117 2382 locus
2149 2331 2364 2399 insignis
2394 2334 2533 2386 ﬂuvii
2563 2349 2720 2399 super
2745 2338 2872 2387 ostia
2908 2337 3049 2397 Tini,

1860 2420 2063 2471 Eximio
2090 2419 2194 2486 jam
2230 2431 2349 2473 tunc
2382 2424 2759 2475 menachorutn
2790 2424 3029 2477 examine
3062 2425 3294 2489 pollens:

1855 2507 1957 2570 Qui
1990 2508 2240 2559 vellerent
2268 2509 2391 2560 dum
2434 2510 2571 2575 ligna
2608 2511 2700 2565 feri
2733 2526 2823 2577 per
2854 2524 2994 2577 terga
3030 2514 3228 2575 fluenti,

1859 2592 2109 2644 Fluminis
2139 2603 2189 2645 et
2219 2596 2360 2645 venti
2390 2596 2562 2647 subito
2594 2597 2850 2650 feriuntur
2889 2601 2955 2649 ab
2982 2603 3105 2651 ictu.

1856 2682 2092 2746 Quinque
2123 2682 2265 2733 fuere
2293 2694 2449 2747 rates,
2486 2684 2803 2753 rapido'qute
2833 2690 3035 2754 gurgite
3060 2699 3260 2741 cuncta:

1855 2767 2043 2819 Oceani
2069 2784 2252 2820 cavum
2282 2766 2457 2835 pruna:
2488 2772 2733 2824 labuntur
2763 2775 2814 2825 in
2844 2790 3045 2841 tequor.

1853 2857 2071 2924 Jamque
2096 2859 2262 2911 oculis
2290 2860 2552 2913 abstracta
2586 2864 2801 2928 procul,
2830 2866 2965 2917 velut
2993 2868 3152 2934 aliger
3184 2872 3334 2922 undis

1856 2948 2115 3012 Mergulus
2146 2950 2367 3013 innaret,
2398 2948 2547 3018 paret
2569 2968 2661 3019 per
2691 2956 2880 3007 caerula
2912 2962 3120 3025 puppis.

1929 3036 2200 3099 Egreditur
2233 3038 2461 3092 fraterna
2492 3044 2701 3105 cohors,
2735 3055 2785 3097 et
2815 3048 3007 3112 poplite
3035 3050 3171 3101 flexu

1855 3122 2071 3175 IEthera
2098 3126 2409 3191 suscipiunt,
2443 3131 2621 3193 vitam,
2656 3147 2942 3200 pacemque
2970 3151 3260 3201 precantes.

1776 3191 1823 3251 θ
1856 3212 2110 3263 Servatur
2138 3215 2227 3265 sed
2259 3216 2355 3267 huc
2386 3215 2475 3286 [Ε.
2504 3219 2634 3288 hac]
2668 3235 2829 3287 puero
2860 3225 3071 3276 victoria
3098 3225 3121 3260 υ
3150 3230 3301 3291 lectu,

1853 3299 1947 3361 Qui
1984 3310 2099 3351 tum
2124 3300 2257 3355 forte
2284 3304 2399 3355 alia:
2423 3306 2535 3373 jam
2567 3309 2737 3362 stabat
2764 3310 2815 3362 iu
2846 3313 2995 3366 obice
3028 3317 3151 3381 ripce
3173 3360 3185 3379 ,

1858 3388 2043 3453 Vulgus
2082 3402 2133 3440 et
2162 3392 2489 3447 iuinnnernm
2520 3399 2831 3466 grandisque
2868 3411 3074 3467 caterva
3118 3407 3395 3471 ridentum,

1851 3476 2045 3530 Gaudia
2078 3495 2192 3531 nam
2224 3487 2459 3549 reprobis
2489 3498 2609 3541 sunt
2639 3491 2801 3541 tristia
2841 3492 2938 3543 fata
2970 3498 3266 3559 proborum.

1850 3564 2034 3631 Noxia,
2066 3569 2155 3633 qui
2180 3570 2329 3634 dixit,
2364 3573 2657 3641 linquamus
2686 3582 2895 3644 gaudia,
2926 3581 3133 3645 fratres,

1852 3657 2234 3713 Conduleamus
2263 3674 2313 3714 et
2345 3664 2425 3715 his
2454 3680 2582 3731 quos
2612 3670 2827 3720 verbera
2862 3682 3043 3722 intesta
3072 3675 3283 3741 fatigant
3307 3694 3321 3739 ;

1858 3743 1951 3795 Vel
1986 3745 2257 3801 Dominum
2287 3754 2479 3818 potius,
2507 3760 2590 3821 qui
2622 3756 2783 3809 flabra
2810 3761 3004 3811 creavit
3027 3772 3077 3812 et
3108 3767 3290 3825 undas,

1850 3834 2088 3896 Oremus,
2122 3838 2359 3903 dignetur
2390 3842 2488 3894 iter
2514 3847 2707 3897 donare
2736 3848 2935 3900 salutis.

1852 3922 2058 3974 fiustica
2098 3930 2187 3978 sed
2217 3929 2375 3993 justis
2399 3932 2640 3985 dissentit
2669 3934 2817 3987 turba
2849 3938 3117 4001 suadelis;

1853 4008 1940 4061 Ille
1967 4026 2103 4076 genu
2135 4013 2267 4066 flexo
2301 4019 2442 4069 vultu
2488 4035 2605 4072 mox
2636 4036 2893 4087 presserat
2922 4040 3042 4077 arva
3071 4046 3081 4077 :

1852 4096 2111 4152 Mutantur
2142 4104 2302 4167 venti,
2335 4108 2633 4173 ratibusque
2659 4126 2708 4161 tn
2740 4111 2909 4163 littora
2939 4114 3091 4179 jactis

1853 4187 2071 4241 Erubuit
2101 4192 2272 4245 lat-tum
2311 4197 2423 4248 viso
2474 4213 2563 4262 pro
2594 4201 2807 4267 numine
2842 4204 3040 4267 vulgus,

1858 4276 2225 4345 Glorilicatque
2256 4282 2437 4347 Deum,
2491 4288 2659 4339 firmet
2685 4290 2770 4353 qui
2802 4299 2917 4341 Vota
2948 4306 3181 4345 suorum.
3282 4278 3307 4303 ⁹

1852 4387 2082 4472 CAPUT.
2112 4391 2192 4472 γλ
2216 4394 2475 4472 Quomodo
2502 4415 2611 4472 cum
2640 4403 2921 4472 pastoribus
2951 4408 3141 4472 positus
3168 4411 3389 4460 animum

1921 4461 2082 4507 suucli
2120 4460 2314 4537 {Edoni
2371 4466 2587 4530 episcopi
2626 4460 2693 4517 od
2731 4474 2905 4521 caelum
2935 4460 3053 4538 ferri
3096 4478 3157 4525 ab
3201 4481 3389 4547 angelis

1921 4539 2187 4575 aspexerit-

1919 4542 2187 4589 aspexerit.

1918 4613 2041 4667 ilzec
2072 4617 2226 4682 inter,
2260 4628 2469 4672 teneros
2500 4623 2631 4675 laetis
2660 4625 2779 4677 dum
2809 4628 3026 4679 collilms
3056 4645 3217 4695 agnos

1850 4704 2111 4765 Pasceret.
2145 4722 2268 4761 cccc
2299 4711 2419 4778 vigil
2460 4716 2728 4767 nocturnis
2749 4720 2913 4770 cernit
2942 4719 2991 4771 in
3025 4721 3261 4789 hymnis.

1848 4794 2000 4860 Ignea
2034 4795 2253 4851 sidereis
2280 4796 2571 4868 fulgescere
2599 4813 2765 4858 castra
2800 4809 3063 4875 maniplis,

1850 4884 2016 4951 Atque
2044 4888 2173 4951 polis
2199 4898 2436 4941 sanctum
2469 4893 2635 4944 rutilat:
2666 4908 2756 4959 per
2782 4897 2965 4961 gaudia
2999 4913 3198 4964 pompae

1847 4974 2005 5027 Ferre
2031 4976 2278 5038 animam,
2310 4979 2568 5047 sociisque
2610 4995 2765 5047 sopor
2790 4997 2918 5051 quos
2946 5000 3201 5052 presserat
3230 4989 3340 5044 iniit
3366 5008 3380 5046 τ

1848 5064 1991 5117 lleu!
2026 5067 2198 5118 miseri
2233 5068 2687 5136 lentopremimur
2715 5075 2803 5140 qui
2836 5084 3040 5141 pectora
3076 5094 3277 5141 somno,

1845 5153 2073 5206 Cernere
2105 5170 2199 5206 nec
2221 5154 2430 5220 vigilum
2477 5159 2705 5211 cmlesﬁa
2740 5161 2869 5213 facta
2899 5179 3171 5215 meremur.

1851 5243 2066 5307 Pervigil
2102 5257 2164 5293 en
2199 5244 2405 5296 modico
2431 5249 2683 5311 magnalia
2718 5257 2947 5313 tempore
2974 5260 2994 5285 ε
3027 5253 3172 5304 crevi

1847 5331 2007 5381 Tanta
2041 5331 2126 5381 Dei
2153 5370 2164 5391 ,
2200 5330 2389 5383 bifores
2423 5346 2580 5395 porta:
2610 5343 2904 5385 reserantur
2932 5336 3142 5404 olympi.

1848 5422 2042 5473 lutlitnr
2066 5421 2294 5472 aetheria:
2327 5422 2440 5473 felix
2466 5437 2563 5484 qna
2589 5421 2801 5486 Spiritus
2831 5425 2963 5476 aula:

1850 5512 2107 5575 Angelicis
2138 5512 2411 5562 comitatus
2440 5525 2618 5574 ovans,
2653 5513 2737 5581 qui
2768 5514 2937 5567 sidera
2970 5513 3191 5571 ﬂammis

1917 5675 1938 5712 ιδ
1983 5677 2031 5724 Ιιι
2060 5686 2153 5737 cSI,
2186 5678 2353 5728 electo.

1921 5756 1937 5781 τ
1983 5745 2029 5793 id
2062 5754 2159 5805 εει,
2192 5748 2379 5809 aspexi.
