3878 6318
577 421 679 473 579

3274 12 3830 431 “ml

1269 427 1466 482 DEIUE
1510 429 1950 487 VluNEIiABIIJS
1986 432 2135 489 OI‘I’.
2178 431 2343 484 PARS
2382 434 2462 484 Ill.
2505 466 2568 475 —-
2609 436 3074 498 PAR.-ENi-.TIC.\.
3623 457 3703 509 £th

561 522 789 591 Transit,
820 535 870 578 el
900 528 1251 581 Altitlironmn
1283 534 1471 597 gaudet
1509 536 1659 588 modo
1692 540 1861 591 visere
1889 539 2101 608 Regem.
2138 544 2180 597 Α
2211 541 2423 623 CAI‘U'I‘
2467 543 2591 597 Vill.
2648 547 2907 623 Quomodo
2952 554 3186 623 angelum
3234 561 3451 622 hospitio
3496 566 3699 623 recipient

561 614 788 667 Antistes
817 616 907 668 fuit
943 618 1037 671 iste
1066 633 1201 681 reor,
1232 621 1463 684 plebisve
1492 637 1706 678 sacrata:
1731 666 1747 690 ,

562 702 807 757 Summus
831 706 877 757 in
901 720 1023 759 arce
1043 709 1490 773 nitens,comitum
1515 730 1671 781 quem
1692 717 1926 769 flanimea
1946 721 2101 773 tantis

505 834 510 840 .
562 788 761 856 Excipit
789 796 950 844 :rtbra
981 796 1177 860 choris,
1209 798 1439 864 lucisque
1482 802 1544 853 ad
1578 803 1769 855 lumina
1804 808 1960 859 vexit.

626 878 837 946 Discite,
867 894 1128 950 pastores,
1158 886 1299 952 vigili
1329 890 1581 941 tutatnine
1611 894 1839 945 mandris

2275 611 2392 660 dum
2431 628 2602 675 panem
2629 621 2800 679 (ματη-ξι
2836 611 3123 677 ministrare
3165 611 3432 693 terrenam,
3461 611 3628 683 cretes}:
3654 646 3697 685 att

2268 692 2324 727 co
2353 692 2654 733 remunerari
2684 692 2931 737 meruerit.

2270 784 2397 837 Hinc
2428 790 2619 854 majora
2652 803 2828 855 petens
2857 797 3123 851 monachis
3149 800 3525 870 Hrypensibus,
3557 811 3694 861 almus

2197 875 2447 941 Corpore,
2474 890 2667 943 mente,
2693 884 2868 937 habitu
2893 886 3143 954 factisque
3171 894 3501 960 adiungitur;
3532 910 3576 949 et
3599 916 3691 954 tnox

2200 961 2413 1014 l’onitur
2442 966 2731 1033 hospitibus
2763 971 3007 1039 famulus,
3033 975 3277 1045 justoque
3308 982 3528 1035 libenter

2192 1048 2442 1105 Snbditus
2469 1055 2741 1121 obsequio,
2769 1062 2923 1115 celsa:
2950 1064 3015 1116 de
3049 1070 3307 1121 moenibus
3335 1074 3470 1125 aula:

2192 1140 2418 1193 fiernere
2445 1148 2730 1207 promeruit
2758 1151 3004 1215 gaudens,
3040 1165 3093 1205 et
3118 1170 3334 1219 pascere
3357 1161 3541 1213 civem.

2192 1226 2420 1295 Ilospitis
2451 1233 2530 1282 hic
2561 1234 2789 1288 habitum
2818 1242 2998 1293 mediae
3027 1246 3123 1295 sub
3152 1256 3382 1311 tempore
3410 1251 3599 1305 brum:

2188 1318 2431 1382 Advenit,
2468 1321 2714 1390 Vatisque
2746 1327 2924 1380 humili
2952 1331 3014 1382 de
3043 1346 3189 1387 more
3216 1348 3476 1403 receptus,

2186 1402 2211 1437 ι)
2241 1406 2401 1469 Aptos
2431 1411 2651 1463 abluitur
2680 1428 2875 1479 sacros,
2905 1420 3092 1486 quique
3120 1426 3285 1489 algida
3319 1402 3508 1480 blando

2184 1492 2474 1548 Palmarum
2503 1502 2715 1554 acclinis
2746 1507 2938 1559 mulcet
2968 1512 3177 1577 vestigia
3209 1516 3342 1577 fotu;

2187 1582 2550 1653 Snbnixnsqne
2582 1602 2721 1656 rOgat
2751 1594 2991 1659 dignetur
3020 1612 3073 1651 ut
3101 1604 3264 1669 usque
3289 1608 3499 1670 morari,

2181 1672 2424 1727 Defessus
2455 1680 2582 1730 netis
2601 1680 2819 1745 dapibus
2847 1702 2948 1752 quo
2972 1692 3199 1743 membra
3230 1709 3502 1755 noventnr.

2177 1760 2251 1813 Ne
2277 1760 2539 1831 frigusque
2569 1767 2833 1833 famesque
2874 1775 3153 1843 nivosaque
3180 1779 3336 1831 flabra
3368 1784 3621 1835 Decembri

2106 1862 2152 1918 Β
2180 1848 2497 1916 Ingemincnt
2524 1855 2674 1907 itiner
2702 1846 2854 1925 longo
2883 1866 2979 1913 sub
3008 1867 3138 1918 calle
3167 1858 3402 1936 rigentis,

2173 1940 2268 2001 Qui
2298 1944 2561 1995 matutinis
2586 1946 2857 2002 advenerit
2883 1951 3084 2018 algidus
3106 1958 3267 2009 auris.

2172 2028 2341 2094 Atque
2367 2032 2724 2099 reluctantem,
2754 2041 2941 2092 summi
2971 2057 3059 2107 per
3082 2059 3237 2110 regna
3262 2047 3508 2099 Τοιιτιηιὶς

2171 2114 2447 2183 Adjnrans,
2482 2123 2685 2174 tandem
2718 2125 2957 2193 sistitque
2988 2128 3276 2198 famemque
3304 2139 3523 2201 repellit,

2173 2204 2466 2272 Digreditur
2491 2213 2705 2276 cupiens
2735 2232 2920 2281 panem
2948 2219 3152 2273 deferre
3180 2223 3455 2288 calentem,

2174 2302 2196 2329 ε
2221 2293 2487 2348 Hesternze
2506 2301 2645 2364 quod
2671 2312 2862 2355 tantum
2884 2319 3215 2370 superessent
3243 2314 3487 2380 fragmina
3513 2334 3666 2369 αιδην.

2169 2383 2454 2437 Comivam
2488 2390 2692 2442 rediens
2721 2396 2927 2457 quaerit,
2958 2398 3048 2448 sed
3078 2400 3213 2449 nulla
3239 2403 3425 2454 viantis

2170 2472 2324 2536 Signa
2355 2475 2543 2537 pedum
2574 2479 2725 2528 nivao
2755 2495 3010 2547 quoquam
3038 2488 3305 2549 conspexit
3334 2488 3385 2540 itt
3414 2504 3553 2543 arvo.

2166 2557 2416 2612 Interiora
2450 2574 2630 2627 petens
2660 2580 2809 2618 roseo
2839 2568 3019 2623 nidore
3045 2574 3230 2625 referta

2166 2647 2412 2713 Repperit
2434 2650 2561 2714 btec,
2591 2654 2773 2705 mirum
2798 2656 2965 2710 dictu!
2997 2661 3294 2729 pariterque
3322 2671 3488 2717 tuetur

2166 2736 2291 2787 Tres
2324 2738 2445 2789 inibi
2474 2754 2504 2791 e
2534 2742 2695 2793 nitido
2722 2742 2977 2810 fulgentes
3009 2749 3198 2812 polline
3221 2766 3399 2816 panes,

2171 2824 2314 2876 Talia
2346 2827 2467 2879 dum
2498 2830 2680 2894 pavido
2706 2831 3020 2886 Cuthbertus
3051 2847 3258 2901 pectore
3285 2839 3449 2892 fatur:

2227 2914 2397 2967 Cerno
2418 2918 2643 2982 quidem,
2667 2920 2875 2973 aetheria
2898 2924 3238 2980 descenderat
3258 2930 3440 2998 lto-pes
3459 2933 3522 2983 ab
3542 2934 3614 2984 anl
3629 2952 3660 2993 ι,

2160 2998 2506 3072 Cognatisqne
2534 3009 2663 3060 levis
2692 3025 2749 3062 se
2777 3011 2998 3065 reddidit
3024 3016 3185 3084 aliger
3208 3022 3377 3084 astris,

2162 3091 2399 3155 Pascerc,
2425 3111 2523 3147 non
2550 3098 2685 3162 pasci
2714 3101 2948 3167 veniens,
2978 3115 3033 3156 et
3063 3104 3253 3159 fercula
3284 3121 3508 3176 portans,

2085 3170 2132 3233 Ο
2162 3177 2340 3239 Qualia
2370 3195 2470 3232 non
2500 3194 2715 3249 surgunt
2741 3195 2931 3240 nostrae
2957 3188 3021 3242 de
3045 3194 3278 3258 genuine
3298 3199 3497 3249 messis.

2157 3267 2282 3319 Lilia
2314 3282 2408 3320 nec
2435 3272 2675 3332 candent,
2712 3288 2804 3327 nec
2833 3276 2908 3330 sic
2938 3292 3055 3330 rosa
3088 3280 3277 3349 fulgida
3305 3287 3506 3351 fragrat,

2152 3351 2436 3420 Nostraque
2466 3358 2747 3411 mannifluo
2774 3374 3090 3425 spernuntur
3116 3368 3271 3419 mella
3300 3383 3500 3435 sapore.

2153 3438 2264 3491 Non
2297 3443 2405 3492 bzec
2434 3458 2557 3510 ergo
2583 3459 2729 3497 meus
2757 3457 2891 3502 tosto
2919 3450 2984 3503 de
3012 3454 3210 3508 viscere
3238 3457 3436 3521 fornax,

2150 3527 2274 3591 Sed,
2307 3530 2563 3595 paradiso,
2596 3542 2713 3586 tuus
2760 3536 2920 3605 gignit
2948 3554 3093 3594 sacra
3122 3559 3334 3599 munera
3360 3548 3563 3600 fructus.

2152 3615 2257 3667 Nec
2285 3619 2468 3671 mirum
2502 3633 2708 3678 nostras
2736 3627 2879 3679 dives
2906 3630 3042 3697 quod
3071 3637 3269 3699 respuit
3297 3652 3461 3703 escas,

2148 3705 2459 3774 Perpetuam
2486 3715 2602 3765 vita:
2626 3715 2811 3771 fruitur
2828 3721 2919 3784 qui
2945 3736 3076 3787 pane
3102 3738 3195 3791 per
3221 3742 3405 3782 :evum.

2214 3798 2341 3851 Nam
2374 3803 2451 3852 vir
2482 3814 2655 3856 mente
2683 3806 2788 3859 Deo
2817 3810 3055 3875 devotus,
3087 3824 3139 3866 et
3164 3830 3255 3870 ore
3276 3818 3541 3885 jocundus,

2147 3886 2450 3941 Sanctificos
2474 3890 2681 3944 Patrum
2708 3894 2908 3949 Domini
2933 3899 3031 3952 sub
3060 3900 3296 3956 laudibus
3321 3917 3461 3958 actus

2142 3975 2567 4032 Comtnemorare
2590 3982 2790 4046 solens,
2814 3987 3051 4051 proprios
3066 4005 3269 4057 quoque
3288 3996 3472 4059 saepius
3491 3996 3646 4057 infert,

2142 4063 2317 4130 Egerit
2345 4066 2557 4121 aetherio
2584 4078 2779 4123 tantum
2806 4087 2934 4139 quos
2960 4084 3092 4128 teste
3119 4078 3423 4147 triumphos.

556 966 771 1023 Insidias
802 974 990 1035 noctis,
1023 972 1297 1042 furvosque
1337 992 1521 1031 cavere
1548 982 1748 1043 leones,

560 1056 717 1110 Vobis
748 1070 802 1110 ut
832 1062 1078 1126 angelica:
1110 1073 1314 1128 pateant
1344 1079 1489 1117 sacra
1519 1070 1749 1118 carmina
1778 1066 1962 1130 laudis,

556 1144 874 1214 Betbleaque
900 1148 1061 1201 Deum
1091 1153 1316 1205 cernatis
1348 1154 1397 1204 in
1426 1168 1545 1206 arce
1576 1165 1861 1220 potentem.

560 1232 683 1287 llaec
712 1250 1004 1290 memorans
1035 1241 1262 1304 trepidas
1286 1243 1427 1294 socio
1454 1244 1549 1295 sub
1579 1254 1787 1309 pectore
1809 1247 1986 1302 laudes

552 1324 827 1385 Accendit,
859 1326 1089 1377 miranda
1118 1329 1243 1380 fides
1270 1345 1461 1382 rerum.
1494 1330 1734 1385 IEdanus
1771 1336 1856 1387 ille

550 1411 807 1477 Tempore
836 1416 1059 1470 decessit
1090 1419 1292 1473 Domini
1327 1438 1481 1477 orans
1510 1426 1658 1478 laetus
1697 1430 1759 1479 ad
1790 1429 1979 1480 aulam.

546 1537 765 1615 CAPUT
903 1545 1161 1617 Quomodo
1188 1550 1317 1602 idem
1343 1551 1576 1605 xEdanus
1603 1564 1935 1617 tempestatem
1957 1573 2079 1610 nau-

540 1646 543 1648 .
616 1610 678 1657 tis
708 1611 999 1676 prwdicens,
1033 1615 1193 1668 oleant
1218 1634 1315 1682 quo
1335 1621 1644 1685 mitigaretur
1672 1610 1882 1675 dederit.

619 1734 772 1785 Gesta
801 1740 1085 1793 sacerdotis
1118 1742 1265 1809 hujus
1292 1750 1578 1800 veneranda
1609 1766 1699 1817 per
1725 1754 1935 1819 orbein,

552 1822 615 1874 Et
640 1826 869 1878 doctrina
903 1830 1048 1894 nitet,
1083 1836 1297 1886 memori
1330 1842 1584 1892 narranda
1616 1844 1799 1896 relatu.

548 1908 783 1976 Tangere
812 1915 902 1967 sed
924 1917 1147 1971 breviter
1173 1923 1423 1987 exemplis
1463 1928 1657 1979 sufficit
1686 1945 1866 1985 unum.

613 1998 887 2066 Presbyter
915 2006 1152 2057 undisoni
1183 2009 1392 2072 quidam
1427 2014 1554 2064 vada
1583 2020 1769 2068 caerula
1804 2021 1944 2086 ponti

537 2086 799 2141 Scandere
821 2092 1019 2156 jusws,
1051 2096 1157 2146 adit
1180 2098 1396 2164 supplex
1428 2103 1636 2155 oracula
1661 2109 1812 2170 vatis,

541 2177 715 2243 Seque
742 2194 967 2247 suosque
998 2198 1182 2250 rogans
1213 2189 1452 2251 precibus
1481 2194 1694 2246 tutarier
1722 2196 1867 2248 abni.

535 2261 774 2315 Antestes
800 2269 879 2317 cui
908 2269 1079 2320 celsus
1106 2272 1215 2324 ait:
1248 2274 1385 2327 Petis
1414 2291 1589 2343 aequor
1618 2291 1671 2333 ut
1699 2282 1854 2335 altum
1883 2326 1897 2348 ,

534 2350 727 2404 Obvius
754 2350 973 2409 adverso
1000 2360 1232 2427 insurget
1261 2363 1557 2431 Septentrio
1587 2368 1707 2421 flatu
1735 2412 1749 2435 ,

542 2438 689 2491 Venti
721 2442 813 2494 sed
838 2442 1095 2509 fremitus,
1126 2457 1562 2521 tempestatesque
1588 2473 1802 2511 sonoras

531 2528 822 2583 Chrismate
849 2534 983 2599 quod
1014 2535 1243 2592 dederim
1276 2548 1551 2610 promptim
1585 2546 1748 2601 lenire
1778 2563 2065 2607 memento.

532 2614 771 2683 Ungnine
809 2629 929 2673 tunc
966 2635 1172 2685 sumpto
1207 2639 1376 2681 nauta:
1405 2635 1716 2700 praepinguis
1744 2640 1923 2703 olivae,

528 2702 759 2770 JEqunra
789 2713 1164 2779 conscendunt,
1188 2718 1392 2785 velique
1427 2725 1721 2787 patentibus
1758 2728 1853 2780 alis

526 2792 769 2845 Sulcabat
799 2798 962 2849 media
996 2802 1179 2869 puppis
1202 2818 1382 2858 secura
1415 2809 1747 2874 profundum.

526 2880 654 2932 Cum
678 2884 846 2934 subito
872 2887 1046 2951 gravis
1068 2888 1226 2941 instat
1252 2892 1435 2957 hiems,
1457 2897 1577 2948 furit
1598 2900 1823 2968 undique
1850 2916 2056 2972 pontus,

526 2966 761 3022 Tardans
786 2973 1013 3038 abrepta:
1041 2979 1258 3045 vestigia
1287 2992 1453 3051 empta
1477 2988 1686 3041 carinas.

525 3054 764 3110 lmmisso
789 3061 994 3114 tandem
1027 3064 1227 3133 pinguis
1260 3071 1599 3127 medicamine
1637 3086 1814 3144 gutta,

524 3142 871 3198 Mansuet’acta
903 3149 1040 3202 feros
1056 3166 1374 3218 componens
1403 3161 1533 3213 unda
1563 3142 1793 3219 tumores

522 3230 708 3285 Pandit
733 3233 831 3287 iter
861 3236 1057 3291 laetum.
1102 3239 1275 3295 Virtus
1305 3247 1381 3297 sic
1407 3263 1504 3299 una
1526 3252 1749 3315 gemello

522 3318 740 3388 Effulget
764 3325 942 3390 radio;
970 3329 1123 3382 dictis
1151 3332 1238 3399 qui
1275 3336 1503 3391 tristibus
1532 3351 1651 3393 ante

521 3406 822 3478 Terruerat,
854 3428 1095 3483 prompto
1126 3422 1320 3477 relevat
1348 3426 1603 3481 solamine
1631 3444 1875 3487 mmstos:

519 3494 722 3565 Quique
756 3504 1039 3567 prepbetali
1073 3509 1315 3571 prsefatur
1340 3526 1509 3567 mente
1536 3516 1727 3585 futura,

518 3586 635 3653 Ipse
662 3590 920 3644 elementa
949 3595 1061 3647 suis
1088 3596 1315 3651 refrenat
1345 3603 1544 3655 turbida
1566 3605 1746 3671 jussis.

519 3715 740 3774 CAPUT
773 3721 877 3775 VII.
911 3725 1503 3801 QuomodaCutltfiertus,
1534 3733 1626 3783 iter
1651 3735 1853 3801 faciens,
1886 3740 2044 3792 cibum

946 3795 1142 3845 caballo
1169 3797 1330 3847 indice
1359 3802 1635 3864 repererit.‘

588 3913 786 3967 Iittrsus
822 3928 961 3971 casta
997 3921 1101 3973 Deo
1128 3916 1439 3979 Cuthbertus
1468 3940 1673 3993 pectora
1703 3933 1907 3999 plenus,

524 4001 817 4069 Ingrediens
850 4008 874 4034 ⁸
906 4006 1080 4070 itiner,
1114 4012 1286 4076 piuvio
1323 4016 1646 4070 concluditur
1672 4021 1827 4084 Euro,

515 4094 722 4163 Frigora
753 4114 954 4167 quaque
982 4102 1161 4155 volans
1189 4107 1442 4167 percurrit
1469 4108 1638 4162 sidera
1668 4112 1898 4180 nimbus,

514 4183 829 4250 Divertitque
857 4186 1027 4252 rigens
1056 4192 1245 4242 veteris
1274 4193 1371 4244 sub
1402 4203 1533 4246 tecta
1563 4198 1809 4262 taberna2,

509 4272 817 4325 Condiderat
846 4290 1089 4339 pecorum
1116 4294 1212 4343 qua
1237 4280 1344 4332 sola
1378 4296 1468 4346 per
1492 4286 1605 4336 avia
1635 4296 1831 4349 custos,

507 4359 695 4411 Parieti
723 4371 773 4412 et
796 4364 1025 4413 adnectit
1046 4379 1147 4430 quo
1174 4378 1384 4420 venerat
1413 4369 1523 4435 ipse
1550 4373 1831 4427 caballum.

458 4510 461 4511 ν
510 4446 930 4515 Exspectansque
961 4451 1090 4502 udos
1117 4452 1387 4506 Dominum
1419 4470 1732 4523 componere
1757 4462 1928 4519 ﬂatus.

508 4532 703 4585 Divinis
734 4534 911 4586 horam
942 4537 1062 4589 dum
1089 4547 1261 4591 sacrat
1286 4540 1523 4595 laudibus
1548 4546 1737 4611 almus,

503 4620 683 4673 Cernit
705 4636 892 4688 equum
922 4624 1092 4676 subito
1122 4628 1281 4694 ipsius
1313 4629 1594 4697 decerpere
1623 4647 1796 4688 morsu

504 4706 658 4759 Tecta
690 4724 846 4773 casrc,
879 4712 1085 4778 feniqne
1117 4714 1278 4767 fluunt
1315 4718 1363 4768 in
1394 4717 1531 4771 fasce
1558 4721 1788 4777 cadentis

503 4794 650 4847 Mista
682 4797 763 4861 pio
787 4800 963 4859 juveni
992 4814 1199 4853 summo
1224 4806 1459 4857 convivia
1485 4806 1652 4861 dono:

501 4882 675 4944 Qualia
706 4886 897 4935 siccato
923 4888 1154 4940 meruisti
1176 4891 1405 4954 gramine
1430 4899 1689 4960 quondam

502 4970 795 5022 Flammens
824 4972 1063 5025 aetherias
1089 4987 1230 5029 vates
1258 4974 1577 5045 qui'scandis
1602 4983 1667 5036 ad
1692 4998 1864 5041 auras.

501 5058 635 5126 Ergo
663 5075 811 5113 sacer
834 5060 987 5112 calidi
1022 5066 1186 5127 panis,
1218 5069 1488 5133 carnisque
1522 5086 1742 5139 superna

496 5146 607 5197 Jatn
638 5150 766 5210 dape
797 5158 968 5213 pastus
994 5150 1099 5216 agit
1122 5161 1314 5216 grates,
1343 5157 1625 5223 positisque
1652 5164 1891 5229 procellis

495 5234 669 5301 Carpit
698 5234 794 5286 iter
817 5238 1043 5301 gaudens
1069 5240 1273 5293 Christo
1300 5246 1577 5301 comitante
1608 5262 1870 5305 serenum.

2138 4176 2356 4231 CAPUT
2394 4178 2782 4263 Quomodo
2820 4188 3069 4263 animalia
3095 4193 3266 4263 maris,
3289 4194 3339 4246 in
3360 4213 3452 4262 quo
3473 4214 3646 4263 perito:

2206 4256 2447 4329 oraverat,
2477 4249 2552 4300 illi
2567 4266 2799 4329 .i'eqresso
2826 4255 3127 4329 putauerint
3161 4249 3529 4328 obsequiimtfet
3552 4270 3644 4329 fra-

2204 4325 2274 4364 ter
2300 4316 2385 4393 qui
2405 4317 2508 4368 hwc
2531 4316 2747 4384 videbat,
2776 4316 2880 4388 pro:
2908 4326 3080 4379 timore
3110 4316 3571 4399 languescens,an
3590 4335 3644 4382 sit

2206 4392 2427 4436 oratione
2457 4397 2728 4439 recreatus.

2064 4484 2120 4545 D
2211 4489 2406 4548 Interea
2431 4494 2638 4560 juvenis
2658 4497 2837 4550 solitos
2865 4507 3151 4555 nocturnus
3179 4503 3242 4555 ad
3272 4504 3485 4573 hymnos

2138 4577 2449 4643 Digreditur,
2477 4583 2620 4635 lento
2647 4586 2855 4651 quidam
2884 4602 3037 4653 quem
3066 4591 3200 4646 calle
3227 4605 3443 4658 secutus,

2134 4664 2274 4717 Illius
2304 4667 2529 4721 incertos
2564 4673 2762 4724 studuit
2789 4674 3095 4741 dignoscere
3118 4694 3342 4746 gressus.

2131 4755 2211 4806 Ad
2242 4770 2383 4810 mare
2411 4760 2693 4813 deveniunt
2718 4779 2729 4812 :
2752 4765 2888 4817 collo
2917 4777 3066 4819 tenus
3092 4768 3282 4821 inditus
3312 4772 3456 4823 undis

2128 4840 2414 4897 Mamerco
2438 4846 2771 4909 Cuthbertus,
2801 4854 2907 4918 agit
2931 4854 3027 4905 sub
3047 4856 3280 4910 carmine
3309 4870 3527 4923 noctem,

2132 4930 2409 4996 Egreditur
2435 4946 2612 5001 ponto,
2644 4937 2958 5007 genibusque
2996 4943 3045 4996 in
3076 4945 3248 4999 littore
3273 4950 3405 5013 fixis,

2131 5016 2383 5084 Expandit
2409 5023 2640 5086 geminas
2668 5026 2886 5095 suppleti
2908 5030 2972 5080 ad
2995 5030 3167 5091 sidera
3196 5038 3409 5097 palmas.

2126 5103 2256 5156 Tum
2288 5108 2442 5161 maris
2465 5124 2586 5165 ecce
2610 5114 2713 5166 duo
2738 5116 2949 5169 veniunt
2974 5120 3215 5174 animalia
3246 5125 3421 5188 fundo,

2125 5192 2264 5245 Vatis
2286 5205 2337 5247 et
2366 5208 2484 5250 ante
2507 5202 2663 5265 pedes
2692 5202 2827 5254 fulva
2858 5215 3156 5261 sternuntur
3178 5224 3367 5263 arena:

2123 5282 2251 5336 llinc
2272 5287 2469 5352 gelidas
2495 5288 2518 5322 ά
2551 5290 2694 5354 villu,
2724 5293 2948 5361 flatuque
2986 5297 3214 5349 foventia
3244 5298 3460 5365 plantas,

564 5410 587 5434 η
605 5398 787 5482 ’ζεὶηεν
813 5414 871 5453 ac
896 5403 988 5454 iter
1015 5407 1414 5482 promiscnediic
1443 5426 1652 5482 usurpat
1675 5416 1829 5472 Beda.
1858 5421 2009 5474 Plan-

496 5478 573 5518 tas
600 5466 833 5552 (ﬁllelrcat‘.
861 5480 954 5552 act:
988 5466 1045 5529 ff,
1077 5488 1146 5525 sc.
1179 5475 1234 5537 (Ξ)
1263 5515 1275 5536 ,
1306 5466 1582 5552 Lucretius.

494 5538 591 5623 lius
622 5536 754 5614 (hib.
785 5536 840 5602 l),
874 5539 1059 5623 aliique
1098 5536 1317 5607 veteres,
1349 5550 1487 5623 apud
1528 5536 2009 5623 Vossittmrrin—Etv-

494 5604 769 5685 tntltiogiron
790 5605 1086 5685 memorati;
1111 5604 1440 5685 usurparunt.
1470 5616 1601 5685 Lege
1627 5604 1859 5676 Noniani

492 5669 675 5720 cellam
704 5669 799 5727 (De
827 5680 1011 5726 mutata
1044 5669 1403 5745 Decfindtionel
1530 5684 1534 5687 ’

2184 5434 2209 5469 ι’
2252 5435 2465 5501 Forsan,
2494 5448 2650 5494 artus.

2190 5508 2215 5540 ε
2251 5501 2381 5586 Beda
2413 5511 2787 5586 pronuntiasse
2810 5513 3011 5586 videtur
3038 5523 3215 5586 sternte
3260 5534 3353 5586 pro
3381 5521 3613 5583 halm.

2113 5583 2230 5671 cogn
2257 5574 2549 5693 :‘tft’tlgodum
2579 5592 2679 5645 quo
2702 5581 2908 5648 quidam
2940 5581 3129 5651 Spania
3177 5574 3274 5654 pro
3300 5588 3553 5657 Hispania.

3528 5737 3830 6218 Α
