3878 6346
175 460 293 521 SB!

177 576 516 643 Aﬁquorcum
543 585 749 643 tergunt
776 589 955 632 sancto
984 582 1048 633 ile
1076 597 1297 648 corpore
1329 585 1490 654 frigus
1514 608 1526 639 :

186 668 448 733 Supplice
476 677 581 718 tum
615 679 739 719 nutu
768 684 883 721 sese
913 669 1205 723 bencdicier
1228 682 1398 723 orant.

189 755 303 818 Qui
335 770 520 820 parens
550 757 699 819 votis,
737 758 896 809 verbo
921 759 1209 823 dextraque
1240 761 1489 812 ministris

182 844 455 909 lmpendit
482 855 676 910 grates,
704 848 998 911 patriasque
1026 847 1237 899 remittit
1276 850 1337 899 ad
1372 851 1555 915 nudas,

186 931 266 979 Λα·
301 931 551 981 matutino
576 932 724 983 tectis
751 947 806 983 se
835 944 1066 995 tempore
1092 934 1282 987 reddit.

264 1015 391 1067 Il.cc
419 1030 593 1067 comes
623 1025 680 1067 ut
708 1018 855 1079 vidit,
888 1020 1155 1084 perculsus
1193 1021 1349 1073 corde
1381 1038 1587 1088 pavore,

184 1099 229 1150 S
267 1102 563 1152 unianimem
594 1116 750 1153 curvo
777 1106 950 1154 flatum
982 1105 1138 1156 trahit
1164 1107 1369 1159 abditus
1397 1122 1569 1160 antro.

187 1187 264 1237 At
292 1189 530 1238 revoluta
558 1188 669 1239 dies
699 1192 864 1241 noctis
892 1205 1008 1242 cum
1042 1193 1256 1258 pelleret
1285 1195 1513 1254 umbras.

183 1270 365 1338 Eger
394 1274 539 1325 adest
563 1276 662 1325 vati
689 1278 927 1342 supplex,
956 1281 1273 1347 genibusque
1299 1289 1502 1335 volutus

189 1362 265 1410 Se
300 1364 462 1426 poscit
494 1362 710 1421 Domino
742 1378 896 1429 prece
926 1369 1295 1420 commendare
1326 1371 1551 1435 profusa,

184 1447 434 1501 luciderit
469 1461 703 1503 mutatam
730 1453 900 1503 subito
927 1457 1063 1520 quod
1091 1457 1328 1523 pondere
1359 1470 1586 1512 noctem.

185 1537 326 1588 Νιιιιι
364 1548 593 1590 nostrum
619 1553 648 1590 e
673 1540 917 1604 Speculis,
945 1543 1091 1606 dixit,
1119 1547 1364 1597 tentando
1395 1548 1615 1601 latenter

185 1623 476 1676 Lustrabas
500 1626 685 1677 itiner?
713 1627 804 1679 sed
837 1644 973 1681 nunc
998 1630 1278 1684 donabitur
1305 1649 1450 1687 error

181 1709 305 1764 Jam
340 1713 427 1764 tibi
464 1716 715 1779 poscenti,
747 1719 935 1768 retices
962 1720 1003 1769 si
1032 1720 1136 1770 visa
1164 1736 1435 1789 quousque

185 1801 453 1852 Decedam
487 1802 699 1853 mundo.
733 1802 1037 1871 Summique
1065 1810 1298 1873 exempla
1328 1810 1560 1877 magistri

183 1886 527 1954 Exscquitur,
557 1890 717 1942 misso
750 1906 1004 1944 renovatis
1027 1896 1113 1961 qui
1152 1896 1346 1949 lumine
1370 1913 1511 1952 caeo

182 1974 429 2041 Praecipit
456 1988 720 2031 auctorem
750 1982 953 2034 reducis
980 1984 1154 2037 celare
1178 1987 1378 2040 salutis.

180 2061 320 2115 Tum
355 2080 504 2129 prece
535 2066 834 2134 languorem
868 2072 1027 2136 pellit,
1061 2075 1367 2141 culpamque
1398 2078 1618 2132 relaxat.

189 2152 356 2220 Inque
382 2153 491 2206 dies
521 2157 720 2215 meritis
749 2162 1017 2211 crescendi
1049 2175 1251 2214 summa
1284 2164 1534 2219 Tonantis

180 2236 364 2288 Gratia
398 2241 540 2291 testis
570 2240 713 2293 adest
740 2254 761 2290 ς
785 2244 1016 2308 pandunt
1044 2245 1291 2298 miracula
1322 2263 1546 2303 mentem
1570 2268 1583 2315 ;

179 2327 409 2391 Jaisque
439 2330 756 2395 prophetalis
784 2331 1010 2385 stellanti
1040 2350 1070 2387 e
1098 2336 1323 2390 culmine
1353 2340 1515 2393 virtus

183 2414 419 2465 tlaiulida
450 2419 714 2479 prmrutilo
744 2418 956 2471 irradiat
990 2425 1275 2487 prmcordia
1304 2425 1449 2479 tiatu.

179 2499 406 2551 CAPUT
445 2500 509 2552 Χ.
542 2504 798 2578 Quomodo
829 2509 994 2557 nautis
1036 2518 1319 2575 tempestate
1358 2516 1617 2578 prwclusis
1646 2534 1722 2569 se-

256 2584 435 2645 renum
470 2586 606 2621 mare
638 2574 920 2645 ad_certum
957 2577 1086 2628 diem
1124 2574 1428 2645 prteaixerit,
1454 2594 1501 2634 et
1533 2586 1721 2637 orando

254 2638 393 2685 (ibo;
419 2637 769 2704 impetraverit.

256 2723 516 2777 l’ictorum
542 2727 737 2780 interea
766 2731 920 2798 puppi
950 2731 1180 2786 defertur
1208 2735 1271 2786 ad
1300 2751 1438 2798 oras,

175 2809 287 2861 Sed
318 2812 557 2865 reducem
588 2816 752 2882 rigido
792 2819 995 2871 tardant
1026 2820 1154 2874 freta
1199 2823 1374 2895 clausa
1406 2826 1714 2881 Decembre.

177 2898 415 2965 (liiinque
441 2903 623 2966 fames,
648 2905 931 2973 frigusque,
961 2910 1224 2978 marisque
1254 2915 1445 2979 pericla
1477 2916 1716 2979 furentis,

175 2984 367 3037 Nihilo
396 3002 513 3039 cum
555 2993 795 3055 tonitrus,
824 3009 943 3046 cum
972 2999 1190 3061 grando,
1219 3002 1424 3066 polique
1453 3006 1704 3059 micantes

177 3072 416 3123 lixterno
445 3074 672 3142 trepidos
701 3088 974 3144 quaterent
1001 3084 1097 3136 sub
1128 3084 1297 3138 littore
1324 3099 1525 3153 nautas,

252 3156 472 3211 Venerat
502 3167 632 3213 alma
658 3163 793 3225 dies,
826 3177 976 3218 natus
1003 3185 1102 3236 qua
1132 3186 1352 3238 corpore
1378 3175 1541 3238 signis

175 3242 379 3297 Euiiuit
406 3246 647 3301 Christus
665 3254 917 3304 caelorum
945 3256 1106 3321 gloria
1133 3262 1306 3311 terris.

172 3332 282 3391 ille,
316 3343 369 3384 ut
398 3344 509 3387 erat
537 3336 773 3403 placidus
794 3384 809 3406 ,
836 3341 1025 3395 blando
1050 3346 1126 3397 sic
1156 3358 1364 3411 pectore
1395 3351 1528 3403 fatur
1558 3371 1568 3403 :

240 3422 392 3484 Quid,
424 3438 569 3491 rogo,
595 3435 735 3479 tanta
766 3439 906 3482 tenet
936 3444 1141 3485 nostras
1168 3433 1369 3501 ignavia
1397 3453 1615 3504 mentes,

169 3507 299 3561 'l‘am
326 3512 434 3563 fera
457 3513 580 3579 quin
609 3515 712 3567 ullo
732 3518 1029 3573 scindamus
1050 3524 1250 3575 vincula
1276 3526 1427 3577 nisu?

167 3600 394 3652 tieruitis
434 3618 678 3669 mquoreo
709 3622 952 3663 cauescat
978 3621 1033 3663 ut
1060 3628 1248 3682 aggere
1275 3618 1427 3671 tellus
1447 3658 1463 3683 ,

166 3690 275 3739 Aer
300 3703 459 3755 aquas
489 3706 683 3758 manat,
713 3699 906 3763 glacies
935 3715 1100 3764 mare,
1127 3717 1229 3756 uox
1276 3708 1399 3773 tegit
1448 3711 1662 3763 aethram
1692 3730 1704 3776 ;

166 3780 338 3831 Corda
378 3783 511 3835 fame
542 3785 717 3840 tabent
740 3828 754 3852 ,
788 3789 1160 3860 hominumque
1183 3797 1451 3863 jnvamina
1495 3805 1701 3857 desunt.

167 3869 306 3935 I'ngo
337 3870 496 3924 Dcum
526 3886 692 3927 restat
721 3880 961 3943 precibus
992 3884 1197 3948 pulsare
1224 3888 1441 3951 supinis,

169 3960 345 4011 ltubra
387 3963 497 4014 suis
525 3967 784 4031 quondam
816 3970 982 4035 pelagi
1011 3972 1098 4038 qui
1129 3968 1303 4025 limitia
1337 3977 1530 4041 pandit,

166 4045 315 4098 Nube
337 4050 569 4115 domum,
601 4054 775 4107 nimbo
806 4070 988 4121 panem
1018 4059 1124 4119 dat,
1159 4062 1341 4126 pocula
1365 4078 1490 4114 sam
1513 4104 1527 4126 ,

165 4132 344 4186 Noctis
374 4144 427 4186 et
453 4137 739 4191 horriferas
766 4143 971 4195 flamma
1002 4146 1133 4199 duce
1159 4148 1369 4200 distulit
1402 4155 1630 4205 timbras.

162 4218 334 4272 Tanta
356 4223 466 4277 dies
496 4240 723 4290 prteseus
746 4232 892 4295 cujus
924 4234 989 4285 de
1013 4250 1226 4287 numere
1254 4237 1391 4291 dono

166 4308 482 4373 l’romeruit,
511 4324 757 4378 quaterna
789 4322 919 4386 magi
957 4322 1197 4375 thesaura
1224 4326 1471 4391 ferentes,

164 4398 460 4463 Mortalem,
493 4403 810 4473 llegemque,
847 4410 1111 4478 Deumque
1154 4424 1359 4468 tuentur
1402 4428 1454 4468 et
1501 4434 1695 4485 orant;

161 4488 278 4550 Quo
309 4478 445 4541 lavat
470 4490 583 4557 ipse
609 4508 705 4546 suo
736 4496 985 4551 Dominus
1012 4500 1322 4566 baptismate
1350 4511 1623 4573 mundum,

159 4573 349 4625 tllausa
374 4576 461 4629 diu
501 4593 742 4633 reserans
769 4585 1104 4639 credentibus
1132 4590 1326 4642 aethera
1354 4594 1554 4655 sutelis;

165 4661 340 4714 Dulcia
364 4680 467 4731 quo
493 4667 660 4721 fontes
690 4658 909 4737 flagrant
937 4675 1001 4726 de
1024 4680 1226 4743 gurgite
1260 4680 1400 4739 vina,

158 4748 369 4803 Munere
395 4754 562 4822 deque
597 4758 784 4810 rubent
831 4762 1033 4813 Domini
1077 4780 1168 4829 per
1197 4769 1379 4831 pocula
1425 4770 1692 4835 lymplue:

158 4839 248 4889 Sic
267 4853 468 4907 quoque
488 4857 662 4896 noStra
688 4847 794 4899 Deo
817 4860 1049 4901 remeant
1070 4852 1199 4904 duce
1225 4868 1489 4918 prosoera.
1514 4862 1691 4922 credo,

159 4923 307 4977 Ilium
334 4927 377 4978 si
409 4930 639 4995 rogitans
666 4933 839 4987 firmet
867 4938 1051 4990 tiducia
1081 4951 1279 5004 pectus.

230 5013 349 5066 llaec
374 5004 467 5068 ubi
487 5019 649 5083 dicta,
684 5021 797 5072 freti
830 5024 1000 5076 socios
1027 5028 1124 5077 sub
1149 5029 1319 5101 littore
1342 5028 1552 5092 sistens,

120 5146 132 5157 .
158 5102 347 5154 Suerat
373 5104 456 5155 ubi
483 5107 664 5172 vigiles
692 5114 905 5175 supplex
934 5111 1037 5175 jam
1064 5115 1253 5166 dueere
1282 5130 1477 5179 "th163,

158 5192 262 5244 Ceu
296 5194 467 5245 decisa
490 5196 629 5247 videt
658 5202 818 5263 piscis
847 5202 947 5253 tria
979 5201 1175 5254 viscera
1211 5205 1390 5267 frusta,

161 5282 226 5331 lit
254 5283 467 5348 genibus
497 5284 773 5338 Domiutnn
808 5290 989 5353 positis
1019 5301 1293 5343 veneratus
1322 5294 1522 5357 adorat,

163 5368 419 5422 Laudibus
447 5371 775 5426 accuintilaus
804 5378 923 5427 lidei
952 5379 1247 5430 venerabile
1278 5381 1492 5433 donum.

159 5458 255 5509 'l'ot
281 5470 305 5496 ἰ
337 5476 619 5527 superant,
647 5477 812 5529 vates,
844 5468 1083 5519 convivia
1114 5470 1331 5529 solibus,
1363 5470 1544 5534 inquit,

159 5544 399 5600 Conditor
426 5554 681 5616 exquavit;
710 5555 900 5621 quibus
929 5557 1077 5622 actis,
1109 5569 1319 5622 mquora
1350 5560 1557 5622 placatis

225 5721 244 5739 ·
280 5706 327 5755 Η
362 5715 457 5756 νει.
488 5719 577 5765 sup
601 5720 768 5760 'rsunt.

992 471 1177 527 SECT.
1219 475 1300 526 ΙΙΙ.
1342 504 1410 514 -
1444 476 1761 528 CARMINA.
1802 505 1867 514 —
1910 478 2062 532 V'ITA
2102 481 2159 533 S.
2198 481 2603 537 CUTleER'l‘l.

3256 490 3361 544 583

1765 590 1807 644 Α
1837 587 2086 654 Navigcro
2126 592 2355 656 patrium
2379 608 2474 645 nos
2500 594 2627 645 calle
2656 595 2864 647 reducet
2897 597 2958 647 ad
2987 613 3186 653 arvum.

1830 676 1959 726 'l'um
1986 677 2177 729 laribus
2208 687 2406 733 torrent
2431 680 2629 745 epulas,
2654 694 2928 751 gratesque
2951 690 3199 753 gerendo,

1833 760 2067 814 Exhibita
2098 766 2265 818 triduo
2297 780 2534 820 recreant
2562 771 2692 836 dape
2722 772 2927 823 coalitus
2958 786 3121 838 artus,

1828 847 1953 911 Qua:
1984 867 2111 902 nova
2140 854 2337 907 mellito
2368 866 2620 910 testantur
2648 860 2782 910 dona
2808 874 3009 926 sapore.

1828 934 2046 1002 Jamque
2084 941 2169 991 die
2198 954 2381 1005 quarto
2411 944 2541 996 lastis
2570 947 2890 999 cessantibus
2918 952 3107 1001 austris

1832 1025 2021 1077 Blanda
2060 1030 2380 1082 salttliferum
2411 1028 2623 1101 capiunt
2652 1047 2792 1086 trans
2819 1054 3025 1105 a'quora
3063 1052 3284 1105 put'l’tttn.

1827 1156 2045 1210 CAPUT
2088 1160 2169 1211 XI.
2216 1158 2493 1224 Quomodo,
2536 1166 2629 1216 iter
2674 1169 2877 1228 faciens,
2905 1172 3073 1235 aquila
3102 1172 3349 1236 ministra,

1897 1228 2127 1277 viaticum
2152 1240 2194 1279 et
2224 1242 2565 1297 perceptarum
2595 1250 2645 1285 se
2673 1251 2773 1286 esse
2814 1228 3098 1299 prwd'ia‘ert'!
3127 1250 3169 1291 ct
3200 1228 3359 1307 perce-

1896 1305 2038 1358 perit.
2263 1360 2271 1371 ‘

1897 1399 2019 1452 lude
2044 1403 2329 1456 saceril0tis
2360 1406 2645 1474 meritoque
2666 1411 2931 1476 graduque
2963 1416 3153 1478 potitus

1826 1485 2089 1537 Tendebat
2120 1492 2338 1555 populos
2372 1494 2492 1546 vita:
2516 1510 2768 1549 renovare
2800 1500 3025 1554 fluentis.

1830 1572 1982 1625 Forte
2006 1577 2099 1625 vim
2130 1578 2328 1638 comiti,
2362 1582 2451 1630 sed
2486 1586 2730 1644 prmscius
2764 1588 2871 1651 ipse
2905 1589 3085 1651 futuri,

1828 1659 1956 1712 Fare
1986 1662 2199 1727 sodalis,
2231 1666 2323 1727 ait,
2349 1683 2450 1729 quo
2482 1670 2672 1720 fercula
2698 1687 2904 1725 sumere
2931 1695 3073 1729 mens
3098 1681 3201 1731 sit?

1833 1747 1952 1798 llaec
1977 1758 2028 1799 et
2051 1764 2166 1816 ego,
2194 1752 2341 1814 dixit,
2373 1755 2530 1806 dubio
2557 1758 2652 1809 sub
2684 1772 2889 1825 pectore
2921 1778 3122 1816 merum
3149 1784 3161 1827 ;

1829 1835 2045 1887 l‘randia
2092 1854 2191 1890 non
2238 1842 2449 1893 tulimus
2484 1847 2619 1897 vasis
2643 1887 2656 1908 ,
2684 1848 2868 1900 domus
2900 1853 3097 1918 hospita
3127 1872 3225 1907 non
3254 1872 3356 1919 est,

1755 1903 1799 1959 Β
1826 1923 1995 1990 Jejuni
2028 1926 2253 1994 fessique
2284 1918 2435 1983 itiner
2464 1936 2729 2005 complere
2762 1940 3057 2003 nequimus.
3135 1965 3147 1981 -

1827 2011 2111 2077 Respondit
2138 2017 2311 2069 seni0r
2336 2035 2347 2067 :
2376 2020 2593 2073 Domino
2622 2024 2664 2074 si
2698 2026 2854 2077 fidi-re
2882 2029 3066 2091 discas,

1827 2098 2069 2153 Providet
2098 2103 2182 2155 ilie
2210 2106 2389 2171 dapes,
2424 2121 2592 2161 vatem
2622 2114 2705 2177 qui
2742 2130 2951 2177 pascere
2980 2134 3163 2172 corvos

1821 2184 2001 2239 Jussit.
2034 2190 2147 2241 Jam
2186 2206 2422 2258 aSpectas
2450 2197 2674 2262 aquilam
2717 2215 2839 2267 vaga
2873 2202 3029 2253 flabra
3060 2209 3355 2260 Secantvm?

1823 2273 1927 2326 Nos
1957 2277 2090 2329 valet
2127 2280 2219 2330 hac
2248 2282 2401 2333 etiam
2444 2286 2787 2353 Omnipotens
2816 2292 3000 2343 satiare
3028 2297 3281 2348 ministra.

1827 2362 2057 2429 Dumque
2082 2366 2179 2418 iter
2205 2368 2461 2435 inceptum
2489 2386 2755 2440 peragunt,
2784 2393 2973 2431 venere
3002 2384 3095 2431 sub
3125 2398 3355 2451 amnem,

1828 2451 1890 2502 Et
1919 2457 2177 2507 vo'ucrem
2206 2460 2358 2509 rubro
2383 2476 2496 2525 qua:
2523 2465 2659 2515 celsa
2692 2467 2785 2517 sub
2812 2483 2906 2529 asc
2937 2470 3138 2522 volarat

1822 2538 2094 2592 Marmoris
2122 2545 2169 2593 in
2202 2544 2307 2609 ripa
2342 2549 2571 2600 residere
2604 2562 2828 2604 tuentur.
2862 2557 2925 2606 At
2953 2558 3107 2621 altus,

1820 2627 2024 2690 Cernis,
2055 2631 2125 2680 ait
2151 2632 2300 2696 vatis,
2332 2646 2561 2688 nostram
2593 2657 2748 2705 super
2780 2659 2985 2709 tequora
3011 2649 3248 2699 servam?

1823 2716 1984 2768 Curre
2014 2732 2158 2785 rago,
2188 2732 2238 2773 et
2270 2723 2515 2776 Dominus
2541 2729 2678 2779 misit
2708 2745 2821 2796 quae
2853 2749 3063 2788 munera
3091 2738 3254 2790 defer.

1820 2809 1999 2860 Attulit
2028 2820 2079 2861 at
2110 2814 2301 2877 piscem
2328 2830 2339 2875 ;
2368 2816 2600 2869 medium
2630 2831 2793 2885 secat,
2827 2836 2979 2888 atque
3008 2824 3255 2883 ministne

1821 2896 1969 2949 Parte
1996 2894 2181 2952 famem
2208 2901 2375 2965 pellit,
2400 2903 2605 2957 firmant
2632 2923 2722 2959 sua
2757 2924 2961 2975 pectora
2992 2928 3155 2981 parte.

1819 2983 1984 3049 thue
2008 2987 2135 3037 viam
2167 3002 2416 3054 superant
2443 2993 2601 3057 jussis
2636 2996 2963 3067 lymphisque
2991 3004 3171 3057 salutis

1821 3071 1998 3122 l‘andit
2024 3072 2123 3125 iter
2150 3077 2369 3141 populis,
2401 3081 2517 3132 caeli
2544 3096 2635 3147 per
2660 3099 2817 3151 regna
2845 3092 3109 3143 vocandis.

1739 3205 1783 3265 Ο
1816 3176 2031 3229 CAPUT
2218 3180 2500 3267 Quomodo
2524 3190 2798 3267 praedicans
2822 3199 3031 3267 populis
3070 3198 3343 3267 pltantastr,

1884 3260 1993 3323 cum
2022 3250 2180 3298 subito
2211 3252 2369 3329 ignem
2398 3254 2583 3331 diaboli
2608 3267 2651 3308 et
2681 3250 2959 3324 prmitterit
2984 3250 3261 3330 venturum,
3286 3250 3346 3324 νεῖ

1883 3327 2146 3366 venientem
2171 3327 2481 3375 exstinxerit.

1880 3420 2140 3488 Tempore
2170 3439 2272 3477 non
2306 3430 2409 3480 alio
2438 3432 2671 3496 pandens
2699 3437 2930 3492 ccelestia
2958 3445 3127 3505 terris.

1766 3557 1769 3559 .
1814 3508 1969 3575 Impia
1992 3510 2097 3576 jam
2129 3515 2337 3577 pulchre
2367 3518 2583 3570 ludibria
2614 3524 2832 3587 prodidit
2860 3532 3062 3593 anguis.

1811 3597 2040 3665 Namque
2068 3612 2280 3668 repente
2306 3608 2470 3657 sacris
2501 3608 2756 3664 immiscet
2788 3616 2909 3666 talia
2938 3618 3093 3669 dictis
3121 3638 3132 3670 :

1881 3686 2181 3741 l’auduntur
2208 3692 2408 3756 quoties
2437 3698 2581 3748 vobis
2606 3703 2859 3765 mysteria
2892 3708 3055 3771 regni,

1807 3768 1909 3822 Cor
1936 3774 2085 3825 decet
2122 3786 2375 3830 attentum
2405 3795 2690 3850 sensusque
2713 3788 2964 3842 adhibere
2995 3793 3268 3860 benignos,

1806 3863 1881 3916 Ne
1911 3878 2034 3931 vaga
2067 3869 2294 3933 pestiferi
2326 3870 2498 3922 laudat
2526 3873 2719 3944 [Iardat]
2750 3893 2841 3928 vos
2865 3894 2989 3932 aura
3020 3883 3273 3953 chelydri,

1806 3955 1903 4019 Qui
1931 3971 2076 4009 sacra
2110 3974 2385 4023 perversus
2413 3966 2683 4019 conamina
2716 3980 2921 4023 vertere
2945 3975 3138 4043 nitens,

1805 4044 2008 4097 Gaudet
2032 4049 2115 4099 vel
2148 4049 2350 4102 modica
2385 4053 2576 4105 turbari
2606 4056 2739 4109 nube
2771 4059 2968 4125 fideles,

1807 4130 1869 4182 Ut
1896 4149 1987 4184 nos
2013 4134 2239 4199 alloquio
2263 4138 2415 4203 ltegis
2438 4141 2652 4207 visuque
2687 4146 2895 4208 superni

1802 4219 2033 4273 Allducal
2067 4223 2221 4276 fallax
2250 4224 2364 4277 vilis
2392 4229 2537 4293 quasi
2564 4233 2802 4285 servulus
2834 4236 3018 4289 hostis.

1874 4308 1976 4361 llos
2007 4309 2137 4363 inter
2164 4313 2389 4367 monitus
2415 4330 2576 4368 vacuo
2603 4318 2669 4372 de
2697 4319 2873 4374 fomite
2898 4338 3114 4391 surgens

1803 4393 2005 4449 Vicinus
2037 4402 2169 4463 rapit
2200 4401 2334 4465 ignis
2362 4404 2498 4457 edax
2524 4407 2637 4463 sine
2668 4408 2861 4463 viribus
2887 4413 3053 4475 aedes;

1726 4527 1773 4583 υ
1799 4484 2011 4547 Quaque
2054 4486 2192 4539 faces
2225 4491 2460 4572 volitant,
2488 4505 2672 4549 ventus
2698 4499 2863 4563 juvat,
2894 4502 2931 4551 it
2961 4502 3132 4569 fragor
3153 4506 3330 4563 astris.

1801 4572 1986 4624 Exsilit
2014 4576 2216 4628 elusum
2242 4569 2451 4646 trepido
2483 4586 2839 4647 phantasmate
2870 4590 3050 4657 vulgus

1800 4659 2083 4723 Festinuin,
2118 4665 2387 4726 ignivomis
2414 4670 2548 4721 unda
2576 4685 2882 4727 succurrere
2914 4680 3082 4731 tectis.

1797 4745 1978 4800 Nescia
2006 4751 2096 4802 sed
2129 4749 2258 4804 fusis
2282 4753 2483 4807 fallacia
2515 4760 2704 4812 cedere
2734 4763 2978 4829 lymphis,

1803 4834 1912 4899 Ipsa
1942 4837 2017 4888 sui
2047 4838 2255 4892 levitate
2286 4842 2438 4906 perit,
2475 4848 2768 4912 patriasque
2798 4852 2895 4901 sub
2921 4851 3130 4902 umbras

1804 4922 1989 4989 l’ompa
2024 4927 2176 4988 redit,
2206 4944 2469 4997 vanusque
2494 4936 2632 4999 vagis
2659 4936 2809 4990 dolus
2835 4941 3040 4993 abditur
3069 4943 3253 4998 antris.

1798 5011 2010 5063 Confusi
2042 5015 2243 5067 rediere
2273 5018 2513 5080 domum;
2546 5024 2850 5090 veniamque
2881 5038 3148 5091 precantes

1798 5099 2025 5150 hxoraut
2057 5092 2203 5167 proni
2242 5114 2429 5169 vatem,
2466 5108 2773 5179 fragilesque
2798 5118 3001 5179 superbi

1794 5191 1860 5238 Sc
1886 5192 2110 5252 gaudent
2139 5208 2357 5257 agnosse
2387 5196 2566 5259 dolos;
2593 5216 2652 5250 ac
2677 5203 2775 5252 tela
2805 5207 3004 5268 tyranni

1790 5276 2017 5339 Spiritus
2047 5282 2314 5343 exstinxit,
2350 5286 2481 5335 sacri
2512 5302 2625 5350 qua:
2655 5292 2867 5352 prmscia
2899 5294 3076 5347 virtus.

1792 5384 2013 5437 CAPUT
2056 5387 2186 5439 XIII.
2247 5393 2509 5467 Quomodo
2562 5395 2786 5457 ﬂammas
2841 5407 3102 5467 cujusdam
3146 5410 3324 5458 domus

2163 5459 2381 5509 ardentis
2415 5476 2637 5511 oratione
2659 5459 2953 5521 restinxerit.

1862 5565 1993 5629 Quin
2021 5566 2175 5616 etiam
2210 5569 2314 5620 veri
2347 5570 2567 5623 flammis
2612 5578 2979 5641 crepitantibus
3009 5584 3152 5648 ignes
