3862 6378
214 554 317 610 585

1011 548 1200 604 SECT.
1229 544 1318 602 Ill.
1364 576 1431 587 —
1472 544 1791 601 CARMINA.
1831 569 1899 583 ——-
1938 540 2094 596 VITA
2134 541 2195 596 S.
2236 536 2637 626 CU'I'IIBERTI.

3303 536 3405 590 586

210 660 432 715 CAPUT
472 660 610 713 XIX.
668 658 897 722 Qualiter
938 658 1070 711 corvi
1108 673 1291 710 noxam
1329 673 1482 723 quam
1522 658 1627 708 riro
1669 652 1760 705 Dei
1789 656 1838 711 A
1867 651 3134 720 Excubiasque,famemque,preces,manuumque
3151 648 3402 713 laborem,

402 726 675 793 intulerant
692 768 707 791 ,
735 728 958 796 precibus
987 736 1032 780 et
1059 743 1262 795 munere
1288 728 1570 795 purgariut.

284 837 595 892 Discindnnt
620 836 762 889 corvi
794 837 942 905 nigro
972 837 1068 889 sub
1096 835 1315 889 crimine
1344 842 1572 901 pactum,

216 926 612 993 Effringuntque
636 924 845 988 domus,
876 933 1133 992 ruptoque
1157 938 1187 977 e
1215 922 1447 976 culmine
1470 924 1673 977 culmos

218 1016 271 1068 In
300 1016 530 1083 propria:
556 1014 785 1082 gaudent
814 1014 1095 1066 transferre
1122 1012 1310 1065 cubilia
1346 1013 1526 1077 prolis.

218 1104 325 1159 llos
354 1105 486 1156 vatis
510 1118 722 1157 cessare
750 1110 952 1164 monet;
984 1103 1281 1170 spretisque
1310 1101 1556 1163 suadelis,

217 1191 513 1259 Hospitium
543 1191 758 1244 fratrum
788 1191 911 1259 quid
940 1190 1058 1258 (ait)
1089 1190 1360 1244 laceratis?
1385 1189 1545 1253 abite,

217 1283 385 1352 llujus
413 1292 467 1337 et
492 1292 729 1336 extorres
758 1282 938 1348 patria:
964 1282 1151 1335 durate
1181 1296 1272 1349 per
1300 1297 1486 1334 aevum.

216 1375 468 1437 Dixerat,
492 1385 543 1429 et
572 1374 748 1427 tristes
774 1373 999 1442 abeunt,
1034 1373 1308 1440 triduoque
1334 1380 1547 1440 peracto

218 1467 369 1520 Alter
396 1466 545 1520 adeSt
574 1464 702 1525 vati.
734 1463 1055 1535 pedibusque
1083 1463 1289 1518 volutus
1315 1472 1368 1516 et
1396 1462 1493 1516 alis

217 1555 461 1622 Lugubre
490 1554 685 1621 sparsis
715 1554 919 1606 veniam
952 1552 1278 1619 reditumque
1307 1560 1567 1620 precatur.

221 1643 425 1697 l‘atrata
456 1643 540 1710 qui
572 1656 698 1708 pace
728 1641 882 1708 redit,
914 1641 1222 1708 sociumque
1247 1640 1446 1694 revisit.

216 1732 453 1784 Tandem
483 1731 635 1782 ambo
663 1729 882 1784 veniunt
908 1729 1129 1791 alacres,
1156 1729 1468 1795 adipemque
1496 1726 1727 1788 suillam,

217 1820 413 1875 Secum
440 1819 593 1888 digna
623 1819 797 1871 ferunt
824 1818 932 1869 voti
960 1817 1117 1880 dona,
1149 1817 1375 1884 unguine
1401 1815 1550 1882 cujus

216 1909 575 1960 Calciamenta
604 1907 723 1972 pius
750 1906 955 1959 mollire
985 1905 1201 1965 valeret,
1231 1913 1283 1956 et
1310 1904 1429 1957 exin

218 1996 453 2048 Innocuo
479 1994 711 2047 condunt
739 1993 842 2046 illic
868 2006 961 2045 sua
992 2001 1123 2044 tecta
1154 2002 1354 2057 paratu.

290 2084 427 2150 Quid
457 2082 567 2135 fera
596 2080 908 2149 praetumido
935 2079 1140 2133 cervice
1169 2079 1408 2144 superbia
1439 2077 1648 2131 ferves?

217 2172 393 2226 Cerne
424 2173 556 2224 viam
586 2171 751 2235 corvi,
782 2179 837 2223 et
862 2183 1059 2222 cacum
1091 2170 1297 2235 depone
1327 2168 1575 2229 furorem,

218 2266 321 2330 Qui
355 2265 599 2333 precibus
629 2276 819 2315 noxam
850 2261 1081 2328 fletuque
1105 2269 1156 2312 et
1187 2273 1405 2311 munere
1433 2266 1634 2323 purgat.

219 2355 331 2408 Nec
361 2356 550 2421 pudeat
578 2355 697 2404 vita:
724 2353 993 2407 volucrum
1022 2352 1088 2402 de
1115 2356 1329 2417 pectore
1359 2349 1574 2423 formant

216 2444 467 2510 Sumere,
500 2458 618 2497 cum
650 2450 861 2493 muniat
890 2440 1152 2506 Sapientia
1186 2453 1201 2489 :
1238 2438 1455 2504 Respice
1482 2437 1643 2489 calles

217 2538 367 2601 Quos
395 2535 608 2588 formica
639 2542 793 2597 terat,
821 2546 1139 2599 sensumque
1166 2529 1379 2582 addisce
1406 2541 1672 2596 sagacem.

221 2666 448 2723 CAPUT
488 2663 607 2719 XX.
660 2664 887 2730 Qualiter
912 2666 1021 2744 eju_s
1056 2664 1431 2744 necessitatibus
1458 2661 1605 2715 etiam
1633 2676 1777 2713 mare

881 2742 1120 2784 servierit.

299 2841 435 2907 Quid
466 2840 688 2895 referam
719 2854 987 2908 a-quoreas
1012 2838 1155 2905 justo
1185 2838 1481 2892 famularier
1509 2839 1694 2905 undas,

222 2931 654 2999 Obsequiumque
680 2928 783 2983 illis
808 2930 1065 2983 elementa
1097 2928 1420 2996 impendere,
1448 2929 1536 2997 qui
1566 2942 1624 2982 se

226 3019 468 3086 Imperiis
497 3019 725 3071 subdunt
747 3017 932 3072 devota
961 3028 1136 3070 mente
1164 3018 1404 3083 superuis
1423 3056 1435 3069 .

222 3108 464 3174 Namque
493 3108 601 3162 suis
625 3107 856 3161 casulam
886 3116 1181 3160 strueturus
1211 3105 1282 3159 ibi
1310 3105 1486 3158 usibus
1509 3113 1705 3171 aptam,

224 3200 396 3264 Quam
429 3210 453 3234 ι
483 3198 633 3251 bases
658 3212 687 3250 a
715 3198 857 3266 ponti
888 3197 1092 3250 fulciret
1117 3205 1285 3264 parte,
1317 3195 1533 3264 rogabat

224 3286 565 3341 Conveniens
592 3286 736 3353 operi
764 3285 949 3339 fratres
974 3284 1236 3339 adducere
1261 3284 1480 3353 lignum.

225 3378 329 3441 Qui
357 3377 501 3430 obliti
532 3376 751 3440 rediere,
781 3374 939 3429 maris
965 3374 1057 3429 sed
1089 3376 1357 3443 proximus
1384 3383 1546 3429 aestus

228 3466 453 3530 Attulit;
481 3475 554 3527 et.
587 3467 772 3517 mirum
801 3465 978 3518 dictu!
1006 3464 1112 3533 jam
1140 3465 1320 3518 limine
1348 3464 1405 3517 in
1432 3469 1545 3531 ipso

227 3558 349 3623 Quo
380 3556 543 3609 fuerat
566 3554 915 3619 corde'illius,
946 3554 1243 3607 fundamina
1274 3553 1394 3605 tecti

229 3647 473 3700 Pandere
500 3643 758 3710 deposuit,
792 3642 1167 3709 hominumque
1193 3640 1381 3694 oblivia
1415 3649 1605 3707 pontus

229 3735 490 3801 Increpat,
522 3744 572 3787 et
603 3742 783 3785 nautas
811 3747 903 3785 sua
934 3731 1166 3785 concutit
1191 3728 1327 3784 unda
1359 3730 1577 3799 pudore.

231 3841 636 3914 CADUTXXI.
663 3841 942 3914 Quomodo
970 3841 1140 3914 multis
1166 3840 1231 3891 ad
1257 3856 1312 3891 se
1332 3840 1646 3914 uenientibus
1671 3854 1781 3914 mo-

294 3910 414 3963 .nita
454 3912 587 3965 dans.
619 3909 815 3973 mea,
850 3910 1054 3978 fragiles
1081 3909 1363 3977 exposuerit
1402 3911 1591 3977 antiqui
1630 3910 1784 3960 hostis

302 3979 531 4029 insidias.

308 4087 464 4141 Fama
497 4089 624 4141 citat
653 4088 841 4140 multos
866 4088 998 4141 vatis
1025 4089 1105 4156 pia
1133 4103 1369 4157 quaerere
1397 4089 1556 4153 dicta,

234 4177 303 4229 Et
332 4176 533 4230 bibulas
557 4177 807 4230 adhibere
833 4177 977 4230 sonis
1002 4176 1302 4231 caelestibus
1329 4191 1502 4241 aures,

232 4268 386 4330 Quos
415 4269 552 4319 varia
581 4267 755 4320 cordis
784 4266 946 4320 fessos
975 4281 1006 4320 a
1030 4268 1177 4321 clade
1203 4250 1419 4321 levaret.

230 4357 375 4410 Mitis
404 4367 457 4409 at
486 4357 572 4411 ille
598 4371 745 4410 sacro
774 4372 1029 4410 renovans
1059 4357 1315 4411 solamine
1343 4365 1581 4423 maestos,

232 4444 438 4499 Gaudia
469 4459 666 4497 summa
701 4444 802 4511 poli
833 4445 1036 4497 cunctis
1062 4444 1336 4512 fluxosque
1363 4443 1545 4497 caduci

230 4534 628 4605 Commemorat
654 4532 804 4585 luxus
828 4534 991 4598 srecli,
1020 4532 1296 4600 variasque
1326 4532 1607 4601 malignum

232 4622 482 4677 Tendere
507 4616 790 4687 decipulas,
820 4620 1024 4674 Domini
1051 4634 1152 4689 qua
1179 4622 1346 4674 nudus
1370 4636 1548 4675 amore

235 4713 474 4767 Labatur
501 4711 690 4765 misere
717 4723 903 4763 sensus
921 4726 936 4773 ;
954 4712 1056 4769 sed
1085 4712 1182 4764 tela
1216 4712 1333 4764 fidei

236 4805 593 4869 Perrumpant
619 4817 808 4855 vacuas
834 4802 979 4855 nullo
1006 4803 1309 4855 discrimine
1339 4803 1567 4858 fraudes.

315 4895 398 4948 Me
425 4894 643 4962 quoties,
674 4894 857 4961 inquit,
882 4882 1022 4949 celsa
1049 4896 1114 4949 de
1139 4910 1265 4963 rupe
1292 4896 1500 4949 nefandi

236 4985 573 5050 Praecipitem
600 4982 842 5036 mittunt!
873 4984 1075 5050 quoties
1102 4985 1164 5037 ad
1197 4994 1402 5052 pectora
1432 5001 1555 5038 saxa

238 5077 378 5127 Acta
405 5075 606 5124 rotant!
642 5073 784 5124 nullo
815 5087 1006 5125 noceor
1032 5074 1121 5125 sed
1156 5074 1318 5127 hostis
1346 5077 1411 5128 ab
1441 5077 1566 5139 ictu,

238 5160 480 5223 Credite,
514 5176 609 5213 nec
639 5163 773 5217 laesit
800 5178 1033 5217 summas
1057 5162 1274 5217 offensio
1302 5167 1522 5231 plantas,

241 5251 359 5304 Nec
390 5250 623 5303 modicus
649 5252 819 5304 saltim
851 5254 1015 5320 tetigit
1046 5253 1326 5319 praecordia
1359 5264 1547 5309 terror.

243 5340 359 5393 Nec
382 5341 527 5406 quasi
557 5354 757 5392 summa
786 5355 913 5393 mea!
942 5342 1192 5408 stupeatis
1220 5344 1441 5394 culmina
1470 5348 1611 5410 vitae,

247 5428 537 5480 Blanditias
562 5430 698 5494 quod
725 5443 823 5501 ego
852 5430 972 5481 lusu
1002 5431 1215 5484 fallente
1241 5434 1494 5498 superbas

245 5518 410 5570 Calce
439 5529 633 5581 terens,
670 5519 884 5571 Dotnino
911 5522 1114 5585 cupiam
1146 5532 1376 5573 secretus
1401 5521 1603 5576 adesse.

249 5606 465 5662 Arctior
492 5619 572 5660 est
600 5608 855 5670 monachi,
883 5624 997 5675 qnze
1023 5625 1230 5676 semper
1255 5604 1456 5664 subdita
1486 5612 1643 5679 jussis

254 5697 371 5748 Vita
400 5697 497 5747 sub
523 5698 745 5764 imperio
768 5701 927 5752 servit
953 5698 1137 5753 devota
1170 5701 1402 5769 parendi,

323 5816 347 5842 ⁸
394 5809 497 5870 AL,
532 5812 677 5861 basis.

325 5876 352 5914 δ
396 5878 648 5942 Superest.

543 5969 805 6026 Ριτιιοι..
854 5969 1064 6028 XCIV.

1860 743 1939 794 Ad
1970 752 2144 796 votum
2172 739 2396 809 gaudent
2429 739 2575 807 proni
2603 737 2806 791 frenare
2835 740 3083 805 regentis.

1862 832 1943 885 Me
1967 844 2188 899 quorum
2219 829 2412 883 multos
2439 829 2557 881 vitae
2588 841 2678 895 per
2706 826 2933 879 culmina
2966 827 3108 893 novi,

1866 900 2063 987 Perque
2096 920 2420 988 prophetalis
2448 919 2621 972 radios
2650 918 2839 985 praeire
2865 917 3084 983 sepliite,

1866 1011 2085 1065 Boisilus
2110 1024 2141 1064 θ
2168 1009 2358 1077 quibus
2386 1018 2466 1062 est
2494 1008 2717 1062 Mailrosi
2746 1008 2908 1076 gloria
2940 1017 3126 1067 cmtus,

1864 1103 2033 1166 Quem
2061 1107 2221 1153 totam
2252 1098 2467 1152 memini
2498 1100 2762 1165 quondam
2791 1095 2915 1149 mihi
2948 1095 3172 1164 pandere
3200 1092 3378 1156 vitam,

1865 1190 1993 1253 Quae
2022 1202 2105 1240 me
2133 1186 2337 1240 venturi
2368 1186 2598 1239 restabat
2630 1186 2680 1237 in
2708 1184 2892 1238 ordine
2920 1185 3079 1239 src'i.

1871 1276 2032 1331 Unius
2059 1285 2114 1330 et
2137 1275 2305 1328 solum
2330 1273 2361 1345 ,δ
2389 1282 2600 1341 superat
2624 1274 2883 1327 sententia
2912 1272 3082 1336 verbi,

1867 1364 2035 1429 Quam
2067 1378 2315 1431 cuperem
2349 1378 2610 1431 nunquam
2630 1403 2644 1426 ,
2679 1361 2834 1415 faciat
2864 1362 3003 1415 Deus
3030 1362 3225 1415 arbiter
3253 1361 3418 1417 orbis.

1942 1454 2063 1506 flaic
2086 1467 2238 1506 sacer
2265 1453 2439 1506 aiebat
2464 1450 2661 1516 senior,
2690 1454 2808 1517 quia
2840 1459 3088 1519 praescius
3119 1451 3287 1521 ipsum

1872 1535 2185 1607 Pontificém
2210 1544 2463 1611 altiloquo
2489 1545 2794 1612 praedixerat
2826 1558 2917 1603 ore
2948 1544 3199 1599 futurum.

1872 1671 2093 1728 CAPUT
2134 1673 2296 1727 XXII.
2352 1672 2641 1753 Prophefia.
2671 1675 2895 1742 ejusdem
2940 1673 3002 1727 de
3047 1674 3148 1727 uita
3195 1672 3424 1744 Ecglridi

2302 1758 2457 1811 regis,
2486 1753 2532 1795 et
2559 1755 2853 1810 episcopatu
2879 1758 2992 1798 suo.

1943 1851 2177 1918 Cumque
2206 1852 2347 1919 pium
2376 1849 2551 1904 cuncti
2578 1850 2867 1917 gauderent
2892 1852 3062 1905 visere
3091 1861 3282 1917 vatem,

1878 1940 2005 2009 Ejus
2031 1952 2083 1994 et
2110 1953 2258 1993 oratu
2287 1941 2457 1994 cordis
2483 1926 2799 2008 componere
2830 1940 3052 2006 ﬂuctus;

1877 2032 2011 2083 Ecce
2038 2031 2173 2084 alios
2200 2029 2335 2083 inter
2361 2030 2522 2099 signis
2551 2030 2859 2084 sublimibus
2885 2040 2999 2083 acta

1874 2120 2030 2187 Regia
2065 2129 2087 2155 π
2106 2122 2261 2189 virgo
2288 2123 2453 2185 venit,
2484 2121 2621 2189 regis
2648 2137 2764 2189 quae
2791 2136 2983 2189 sponsa
3016 2124 3255 2189 perennis

1873 2207 2169 2276 Virgineos,
2196 2210 2457 2277 paradise,
2489 2212 2560 2262 tui
2590 2212 2687 2263 sub
2711 2212 2893 2278 gaudia
2927 2212 3074 2280 regni

1874 2298 2039 2352 Mater
2064 2307 2203 2351 casm
2234 2299 2428 2354 choros
2456 2312 2696 2369 generat,
2725 2312 3001 2371 vatemque
3034 2312 3273 2369 precatur

1874 2390 2119 2459 Dignetur
2147 2390 2391 2443 famulam
2423 2390 2634 2443 monitis
2663 2391 2871 2445 firmare
2898 2394 3159 2459 supernis.

1874 2482 2088 2546 Annuit,
2121 2491 2193 2545 et,
2226 2481 2392 2547 pelagi
2422 2490 2666 2545 superato
2695 2484 2916 2549 gurgite,
2950 2484 3128 2548 puppi,

1877 2569 2235 2639 Progreditur,
2261 2568 2518 2635 dictisque
2543 2569 2682 2620 illam
2714 2569 2835 2620 dum
2866 2570 3055 2621 aﬂatur
3082 2570 3267 2623 amicis

1876 2657 2139 2713 Femineis
2168 2658 2340 2711 subito
2366 2656 2557 2725 rogitat
2584 2658 2659 2711 sic
2688 2658 2835 2710 auxia
2865 2659 3025 2711 curis.

1945 2748 2059 2801 Jam
2086 2748 2252 2802 claret
2278 2749 2450 2802 meriti
2484 2758 2534 2801 te
2564 2762 2670 2814 prae
2699 2749 2899 2817 fulgore
2925 2751 3141 2805 nitentis

1844 2824 1847 2827 Ἴ
1879 2839 2099 2893 Praescia
2129 2839 2364 2891 venturis
2394 2838 2666 2892 intendere
2696 2838 2889 2893 lumina
2917 2841 3108 2894 saeclis.

1880 2928 1972 2981 Dic
2000 2940 2147 2995 ergo,
2178 2927 2363 2996 adjuro
2391 2928 2582 2982 summi
2618 2944 2709 2995 per
2735 2944 2893 2997 regna
2922 2930 3194 2993 Tonantis,

1880 3017 2155 3085 Ecgfridus
2179 3015 2453 3083 imperium
2479 3018 2618 3085 quod
2649 3018 2715 3069 sit
2744 3030 2983 3071 recturus
3013 3019 3064 3070 in
3092 3018 3299 3071 :evum?

1882 3104 2017 3159 Vera
2042 3105 2127 3159 cui
2154 3105 2316 3159 dubio
2346 3108 2525 3172 pandit
2551 3120 2798 3161 sermone
2826 3107 3126 3175 prophetes.

1953 3196 2131 3264 Regna
2158 3209 2316 3249 vocas
2345 3196 2578 3262 longmva
2608 3197 2799 3261 virum,
2824 3214 2940 3263 qua:
2969 3198 3252 3265 quamlibet
3277 3201 3431 3252 annis

1881 3285 2126 3342 Centenis
2153 3295 2383 3351 extenta,
2414 3287 2557 3341 brevi
2588 3288 2895 3340 claudentur
2926 3292 2975 3341 iu
3008 3290 3153 3353 hora,

1885 3380 1949 3433 Et
1978 3380 2126 3433 nihili
2160 3380 2312 3433 unius
2338 3380 2493 3432 luxus
2522 3379 2845 3442 reputabitur
2870 3382 3013 3440 anni,

1883 3468 2023 3522 llors
2049 3467 2133 3519 ubi
2164 3468 2469 3535 languentes
2497 3466 2802 3519 diffunditur
2829 3478 2937 3521 atra
2966 3483 3058 3535 per
3083 3477 3245 3521 artus.

1951 3556 2079 3620 Quae
2107 3556 2287 3623 gemit,
2316 3564 2371 3607 et
2395 3554 2635 3623 lacrymis
2665 3556 2915 3623 prasagia
2947 3557 3111 3608 tristia
3142 3556 3361 3621 deflens,

1882 3645 2069 3709 Quem,
2098 3658 2245 3712 rogo,
2273 3644 2489 3711 linquet,
2518 3643 2611 3706 ait,
2639 3644 2787 3709 regni
2815 3644 2900 3711 qui
2925 3654 3127 3709 sceptra
3154 3646 3433 3714 gubernet,

1883 3732 2014 3785 Cum
2042 3733 2200 3786 fratre
2226 3742 2279 3785 et
2304 3742 2425 3785 nato
2452 3732 2664 3785 careat?
2689 3730 2783 3785 Cui
2816 3733 2931 3785 talia
2960 3734 3093 3787 vatis
3121 3752 3136 3786 :

1884 3824 2069 3877 Cernis
2098 3833 2154 3876 ut
2182 3823 2280 3875 hoc
2310 3824 2520 3889 pelagus
2549 3822 2653 3875 late
2684 3836 2807 3891 vaga
2840 3825 3072 3892 regmina
3105 3824 3321 3877 fundat?

1886 3912 2082 3966 Forsan
2112 3921 2166 3964 et
2192 3912 2301 3963 haec
2327 3912 2463 3963 inter
2490 3910 2741 3962 Dominus
2770 3912 2867 3962 sibi
2895 3922 3090 3976 servat,
3121 3922 3174 3965 et
3201 3912 3356 3981 hujus

1800 4050 1803 4051 ν
1884 4000 1983 4065 Qui
2010 4008 2157 4065 regat
2185 3999 2387 4066 imperii
2422 4002 2589 4053 lectus
2616 3999 2919 4053 moderator
2948 4000 3203 4065 habenas,

1887 4076 2161 4159 Ecgfridus
2187 4099 2347 4157 utque
2376 4090 2469 4143 tibi
2504 4090 2678 4143 fratris
2707 4099 2949 4144 nectatur
2975 4105 3176 4145 amore.

1956 4178 2128 4234 Audet
2154 4179 2324 4231 adhuc
2348 4179 2567 4244 supplex
2596 4179 2742 4246 virgo
2773 4180 2980 4243 pulsare
3012 4180 3347 4245 prophetem:

1886 4269 1931 4321 Ο
1960 4266 2121 4320 variis
2150 4267 2420 4320 hominum
2453 4266 2722 4319 finduntur
2750 4277 2955 4332 pectora
2986 4264 3155 4317 curis.‘

1887 4357 2018 4410 Pars
2044 4355 2067 4393 ἀ
2097 4363 2287 4408 nancte
2317 4353 2509 4421 gaudet
2541 4352 2777 4405 mortalis
2803 4352 3029 4405 culmine
3059 4366 3281 4419 pompae.

1889 4449 2017 4501 Pars
2045 4446 2262 4514 cupiens
2288 4458 2443 4513 gazas
2474 4445 2597 4497 luxu
2626 4443 2907 4510 pepulante
2933 4441 3145 4510 fugaces

1890 4538 2199 4607 Pauperiem
2230 4538 2374 4590 nullo
2402 4534 2614 4603 deponit
2644 4535 2748 4588 fine
2778 4549 3081 4602 perennem.

1810 4632 1863 4692 ι)
1887 4627 1964 4681 'I‘u
1993 4628 2117 4681 licet
2142 4624 2373 4680 oblatum
2405 4624 2585 4678 mundi
2614 4624 2907 4678 contemnis
2937 4624 3213 4686 honorem,

1893 4718 2087 4771 Vilibus
2114 4727 2170 4771 et
2195 4718 2360 4770 mavis
2385 4722 2617 4769 secretus
2642 4713 2859 4767 condier
2884 4714 3068 4767 antris.

1886 4805 2152 4860 Pontificis
2180 4801 2369 4857 summi
2398 4802 2632 4869 quamvis
2660 4802 2941 4869 potiundus
2969 4803 3185 4863 honore,

1889 4899 2002 4962 Quo
2028 4897 2101 4950 nil
2130 4906 2305 4949 nostra
2336 4893 2469 4962 gerit
2490 4894 2678 4948 merito
2704 4892 2958 4946 sacratius
2987 4898 3137 4945 tetas.

1888 4988 2001 5041 Non
2028 5001 2148 5054 ego,
2174 4984 2465 5050 reSpondit,
2494 4984 2705 5050 dignum
2735 4997 2818 5035 me
2847 4990 2986 5033 tanta
3017 4981 3193 5034 subire

1890 5074 2147 5137 Culmina,
2167 5075 2272 5141 jam
2298 5073 2459 5137 fateor
2481 5070 2686 5124 Domini
2705 5071 2794 5125 sed
2825 5070 3041 5124 dextera
3072 5070 3223 5123 nullis

1892 5166 2148 5233 Efl'ugitur
2171 5163 2287 5217 coeli
2315 5171 2530 5215 terrane
2559 5160 2779 5215 marisve
2810 5161 3041 5214 latebris.

1828 5264 1831 5265 '
1892 5253 1989 5319 ini
2015 5252 2056 5303 si
2088 5260 2223 5303 tanta
2254 5251 2445 5318 gradus
2469 5252 2650 5319 iubeat
2671 5264 2755 5303 me
2785 5250 3011 5318 pondera
3038 5250 3191 5304 ferre.

1892 5340 2063 5393 Credo
2089 5339 2233 5393 brevi
2269 5342 2425 5404 laxet,
2458 5350 2719 5395 transacto
2745 5351 2798 5393 et
2819 5342 2949 5395 forte
2986 5343 3206 5395 duorum

1894 5428 2167 5481 Curriculo
2196 5443 2451 5482 annorum
2481 5430 2742 5493 absolvar,
2774 5445 3085 5498 rursumque
3110 5427 3346 5480 adunatis

1896 5515 2139 5568 Gaudeas
2166 5516 2385 5568 secretis
2416 5514 2625 5569 reddar.
2653 5517 2756 5571 Sed
2782 5526 2833 5569 tu
2860 5533 3065 5585 quoque
3088 5530 3317 5569 nostrum

1899 5606 2121 5660 Elﬂcda
2148 5605 2465 5671 colloquium
2494 5621 2679 5671 perpes
2700 5608 2918 5659 reticere
2945 5618 3232 5671 memento,

1900 5696 2153 5749 Absolvar
2181 5695 2347 5746 donec
2375 5694 2556 5746 vinclis
2584 5703 2635 5747 et
2662 5708 2873 5747 carcere
2902 5697 3093 5748 earinis.

1974 5826 1994 5850 ι’
2034 5811 2268 5869 Elﬂetlis,
2299 5810 2448 5863 infra.

1970 5880 1996 5918 ⁸
2036 5883 2124 5936 Sic
2154 5880 2374 5946 antiqui,
2406 5891 2566 5933 recte.

2988 5970 3061 6028 19
