3862 6332
539 368 547 375 ’
579 394 672 455 591
1286 400 1480 456 θείω
1520 401 1960 458 renuntiatus
1999 402 2142 456 ore.

576 513 785 568 lnsidiis
813 512 1060 583 agitabat,
1098 520 1150 567 et
1181 513 1292 565 haec
1320 514 1475 568 modo
1501 516 1733 583 quinque
1757 516 1959 570 dierum

574 603 751 665 Pugna
781 601 930 655 dolos
958 610 1165 667 superat
1190 605 1435 656 trausacti
1465 605 1714 671 temporis
1738 619 1945 658 omnes.

575 690 679 743 Sed
706 690 857 744 facile
886 690 1103 755 infandi,
1139 691 1348 746 Christo
1377 691 1532 758 duce,
1558 694 1656 746 tela
1681 694 1927 762 repressi,

574 778 706 831 Cum
738 794 832 833 uec
860 793 1014 846 parva
1034 779 1134 832 cibi
1164 788 1384 846 putusve
1412 780 1656 833 alimenta
1679 780 1950 843 darentur,

575 869 792 923 Tabenti
825 870 943 924 licet
974 872 1069 924 ista
1104 871 1217 924 loco
1250 884 1348 924 nec
1374 871 1603 923 membra
1636 886 1923 925 moverem.

576 958 679 1013 Vos
704 948 912 1028 quoque
941 960 1104 1025 celsa,
1134 975 1342 1025 precor,
1367 963 1586 1014 servetis
1606 960 1726 1029 jura
1750 976 2030 1029 perennes,

574 1049 817 1103 Caelestis
846 1049 1053 1103 Patrum
1083 1049 1231 1104 vobis
1259 1065 1374 1120 quae
1401 1051 1581 1118 regula
1612 1052 1771 1116 cavit,

579 1139 693 1206 Ipse
710 1140 788 1194 vel
804 1140 1008 1208 exiguis
1033 1140 1229 1194 fueram
1253 1158 1369 1209 quae
1398 1134 1638 1210 promere
1664 1143 1843 1202 dictis.

580 1231 709 1284 ltum
740 1239 852 1285 sata
879 1246 995 1300 qua:
1025 1246 1267 1299 proceres
1296 1233 1487 1287 summi
1515 1248 1729 1286 seruere
1760 1233 2001 1301 rigarem.

580 1320 877 1385 Quamlibet
904 1331 955 1375 et
981 1321 1174 1387 rapidis
1195 1330 1438 1389 assurgat
1464 1322 1618 1373 turbo
1652 1320 1911 1388 procellis,

575 1411 763 1465 Omnia
799 1412 929 1467 ferte
955 1412 1076 1477 (ide,
1101 1413 1247 1479 regni
1279 1414 1325 1467 vi
1355 1415 1604 1481 quaeritur
1631 1414 1783 1464 aula.’

580 1501 903 1568 Fundatique
932 1510 1075 1569 petra
1109 1502 1357 1570 gravibus
1384 1518 1448 1556 ne
1476 1502 1647 1556 cedite
1676 1502 1870 1556 nimbis
1896 1519 1907 1553 :

571 1591 887 1646 'l‘urrentum
916 1592 1097 1655 furias,
1133 1593 1415 1661 Aquilones
1444 1593 1658 1647 temnite
1686 1607 1875 1653 srevos,

585 1680 776 1734 Ultima
804 1681 1016 1749 jamque
1036 1680 1203 1734 Patris
1228 1681 1716 1737 mancat‘sententia
1744 1682 1912 1736 cordi.

584 1766 801 1835 Expedit
834 1768 980 1822 istius
1005 1768 1185 1835 patria
1213 1784 1306 1820 vos
1346 1768 1578 1837 linquere
1607 1768 1755 1833 lines,

591 1856 780 1913 Limite
805 1872 960 1926 quam
983 1858 1220 1925 trepidos
1245 1866 1473 1912 mentem
1504 1855 1783 1912 deﬂectere
1815 1856 1882 1909 ab
1906 1855 2019 1921 illo,

585 1950 750 2013 Quem
775 1962 920 2002 sacra
950 1947 1142 2001 divinis
1170 1946 1402 2015 depinxit
1433 1948 1601 2001 littera
1629 1947 1843 2000 chartis.

579 2036 688 2091 Nec
710 2035 829 2106 quia
863 2036 1143 2089 multorum
1171 2038 1372 2092 cineres
1400 2038 1547 2091 locus
1574 2039 1675 2092 iste
1704 2037 1955 2105 sepultet,

586 2132 757 2181 Aurea
784 2126 1023 2194 ﬂagranti
1049 2135 1286 2195 peterent
1312 2126 1397 2195 qui
1426 2126 1594 2182 sidera
1617 2143 1793 2192 cursu,

552 2206 553 2209 “
587 2216 694 2270 Vos
725 2218 874 2272 lavor
901 2227 991 2270 aut
1018 2232 1195 2272 vacua:
1234 2228 1398 2273 tentet
1420 2233 1547 2287 vaga
1576 2218 1738 2288 gloria
1771 2217 1954 2271 laudis.

586 2306 664 2361 Illi
685 2322 816 2360 nam
834 2307 1046 2362 meritis
1068 2308 1299 2375 gaudent
1332 2321 1492 2377 super
1520 2317 1659 2361 astra
1689 2307 1919 2362 coronis.

583 2397 729 2451 llaud
760 2396 912 2453 aliter
941 2398 1140 2460 nostris,
1162 2398 1333 2452 stadio
1358 2412 1453 2451 nos
1488 2412 1706 2451 currere
1738 2398 1929 2465 plantis

584 2484 857 2551 Convenit,
889 2494 942 2540 et
970 2486 1194 2554 propriis
1236 2484 1471 2541 bravium
1501 2485 1883 2554 comprendere
1925 2485 2127 2554 palmis.

590 2576 696 2632 Nec
719 2579 830 2632 loca
862 2588 1073 2647 promer
1113 2578 1269 2631 homo
1293 2577 1479 2647 merito
1507 2577 1818 2631 venerabilis
1843 2585 2034 2639 exstat,

585 2668 690 2722 Sed
719 2668 867 2722 locus
892 2668 960 2721 ob
989 2668 1227 2720 homines
1256 2676 1428 2719 exstat
1456 2667 1773 2721 venerabilis
1796 2668 1987 2718 almus.

589 2758 773 2826 Meque
800 2771 929 2810 mea:
955 2757 1121 2825 rogito
1151 2771 1291 2810 nunc
1314 2756 1474 2810 indito
1504 2755 1763 2809 moenibus
1787 2755 1949 2818 urbis,

597 2846 759 2901 Instat
782 2846 921 2899 enim
951 2854 1156 2915 tempus
1185 2847 1355 2900 carnis
1383 2845 1520 2914 quod
1551 2844 1724 2897 debita
1750 2844 1974 2905 solvam,

590 2956 813 3013 CAPUT
855 2955 1090 3011 XXXVI.
1132 2956 1397 3021 Quomodo
1425 2955 1704 3008 ministrum
1754 2968 1903 3006 suum
1948 2968 1979 3004 a
2010 2968 2132 3020 pro-

1030 3028 1180 3095 fluvio
1207 3026 1391 3079 ventris
1419 3026 1688 3079 sanaverit.

669 3139 883 3194 Talibus
910 3136 1121 3192 attoniti
1148 3135 1440 3207 lacrymant
1485 3136 1814 3206 rogitantque
1840 3147 2132 3207 gementes,

595 3232 784 3287 Saucia
813 3228 1030 3284 secretis
1057 3228 1249 3282 condat
1274 3242 1340 3281 ne
1366 3228 1599 3281 membra
1631 3228 1844 3283 latebris
1874 3247 1885 3281 :

591 3323 695 3378 Sed
724 3321 851 3376 lethi
875 3328 929 3372 ct
954 3320 1071 3373 vita:
1095 3317 1323 3373 conﬁnia
1351 3332 1553 3371 summa
1591 3326 1859 3373 tenentem

593 3412 849 3465 Fraterno
878 3422 1057 3463 coram
1090 3408 1288 3462 relevet
1316 3406 1575 3461 solamine
1600 3406 1886 3462 ﬂammam.

589 3502 683 3555 Vel
712 3514 857 3554 sacra
888 3498 1138 3565 suscipiat
1161 3498 1348 3551 saltem
1378 3498 1475 3551 sub
1506 3506 1639 3551 tecta
1680 3497 2003 3563 ministrum,

592 3592 690 3656 Qui
719 3588 972 3657 obsequio
1002 3584 1211 3652 fragiles
1239 3595 1486 3653 procuret
1513 3587 1726 3639 sedulus
1753 3596 1917 3640 artus.

681 3681 772 3733 llis
801 3687 974 3731 motus
999 3677 1153 3729 vertit
1173 3676 1295 3729 dum
1328 3675 1519 3728 Iumina
1551 3674 1737 3730 blanda
1778 3691 1869 3745 per
1898 3692 2100 3741 omnes,

596 3769 872 3839 Aspiciens
904 3768 1117 3821 fratrem
1147 3768 1299 3834 longa
1330 3766 1411 3819 cui
1444 3766 1594 3820 clade
1619 3779 1838 3835 gravato

594 3860 789 3914 'l‘abida
822 3858 1122 3913 marcebant
1144 3856 1400 3911 exhausto
1431 3856 1633 3909 viscere
1665 3858 1897 3909 membra
1925 3874 1936 3907 :

600 3951 720 4012 llic,
751 3948 796 4002 si
826 3946 996 4009 vultis,
1024 3947 1116 4009 ait,
1148 3945 1333 3999 subeat
1361 3959 1475 3997 mea
1520 3952 1677 4009 tecta,
1713 3946 1943 4013 mihique

608 4044 750 4097 Labe
779 4041 878 4096 sub
906 4040 1002 4095 hac
1032 4038 1170 4094 fesso
1201 4038 1454 4092 solamina
1483 4046 1694 4103 prmstet
1732 4038 1948 4091 suturis.

607 4135 706 4202 Qui
737 4142 909 4187 vatem
933 4131 1211 4184 comitatus
1234 4129 1341 4182 adit
1367 4144 1485 4181 mox
1518 4128 1697 4181 limina
1720 4142 1867 4181 sacra

602 4228 922 4289 Occurrens,
964 4223 1175 4289 inopina
1215 4220 1354 4273 salus
1393 4220 1761 4287 complectitur
1797 4235 2012 4287 aegrum,

603 4315 829 4383 Depulso
868 4313 1118 4380 languore
1141 4305 1306 4373 sinus,
1330 4310 1652 4378 dignumque
1671 4318 1695 4345 ﬁ
1726 4311 1908 4364 salutis

596 4404 798 4461 Cedere
824 4418 926 4456 non
954 4416 1107 4455 ausos
1138 4408 1418 4469 penetrare
1440 4400 1538 4452 sub
1560 4401 1697 4454 edita
1722 4401 1957 4451 morbos.

598 4496 704 4550 Nec
726 4508 869 4547 mora
900 4505 1084 4559 sospes
1114 4492 1222 4543 abit
1256 4491 1343 4558 qui
1381 4491 1665 4543 intraverat
1692 4504 1856 4560 inger,
1883 4502 1936 4544 et
1970 4491 2075 4544 illic

604 4586 979 4653 Presbyterum
1005 4581 1238 4635 immittit
1264 4580 1419 4649 digne
1446 4579 1784 4648 Cuthbertus,
1810 4594 1864 4632 ut
1886 4582 1973 4635 illo

599 4678 783 4734 Sidera
811 4683 944 4730 teste
972 4682 1137 4743 petat,
1170 4686 1273 4740 quo
1298 4673 1457 4724 vitam
1488 4680 1622 4726 teste
1650 4673 1885 4740 regebat.

597 4787 820 4845 CAPUT
890 4783 1145 4840 XXXVII.
1209 4780 1453 4847 Percepto
1512 4782 1692 4833 viatico
1738 4821 1753 4842 ,

981 4854 1219 4907 orationis
1257 4853 1491 4918 spiritum
1532 4852 1778 4904 reddidit.

1809 4784 1939 4836 inter
2001 4783 2147 4834 verba

672 4971 891 5038 Jamque
918 4976 1160 5035 soporata
1191 4968 1467 5033 torpebant
1494 4967 1667 5020 omnia
1702 4974 1877 5026 nocte,

605 5060 855 5127 Excubiis
883 5058 1065 5126 vigiles
1094 5064 1357 5124 premeret
1384 5056 1505 5109 dum
1540 5055 1709 5108 Farne
1740 5055 2003 5114 tenebras,

605 5154 822 5220 Quaque
848 5163 1031 5217 preces
1059 5154 1305 5202 resonant
1334 5145 1579 5210 modulis,
1612 5144 1791 5199 fremit
1820 5144 1989 5197 insula
2014 5142 2151 5209 psal-

1994 5232 2150 5302 linis;

608 5309 757 5369 Vatis
786 5319 839 5364 et
866 5310 976 5379 ipse
1005 5323 1113 5362 Siue
1146 5314 1465 5375 prmgustans
1497 5304 1679 5371 gaudia
1712 5303 1919 5370 palmm,

613 5401 879 5453 Althereis
907 5398 1156 5466 expandit
1183 5411 1342 5449 ovans
1373 5395 1469 5447 sub
1504 5392 1739 5446 laudibus
1771 5394 2000 5443 uinbras.

613 5496 709 5542 Ast
740 5487 827 5540 ubi
861 5486 1235 5539 Ilammicomos
1265 5483 1547 5535 ardescens
1573 5480 1754 5534 lucifer
1782 5489 1925 5533 ortus

608 5580 811 5640 Attulit,
842 5591 964 5630 ecce
992 5591 1137 5629 sacer
1168 5572 1405 5627 residens
1433 5573 1650 5624 antistes
1676 5571 1741 5623 ad
1771 5570 1903 5621 altar

610 5666 795 5719 l‘ucula
824 5668 1062 5735 degustat
1092 5666 1232 5726 vitas,
1266 5662 1564 5729 Christique
1595 5662 1838 5729 supinum

689 5790 712 5814 "
743 5780 932 5848 Supplc
963 5780 1073 5845 [υίι.

2189 401 2361 458 PARS
2396 402 2484 458 III.
2526 432 2593 443 —
2632 404 3099 459 PARENETICA.
3660 414 3735 466 59E

2156 524 2199 573 A
2235 514 2498 585 Sanguine
2528 518 2694 571 munit
2724 519 2845 583 iter,
2880 521 3163 590 vultusque
3187 518 3254 572 ad
3287 520 3457 574 sidera
3488 531 3539 573 et
3569 522 3709 578 almas

2238 604 2477 659 Sustollit
2505 607 2741 675 gaudens
2771 608 2987 674 palmas,
3019 609 3355 675 animamque
3380 611 3622 676 supernis

2236 693 2497 748 Laudibus
2528 695 2781 749 intentam
2816 698 3116 751 laetantibus
3142 697 3333 750 indidit
3363 700 3541 753 amris.

2225 805 2446 860 CAPUT
2478 806 2756 861 XXXVIII.
2794 809 3055 873 Quomodo
3069 811 3225 876 juxta
3247 810 3565 877 prophetiam
3594 817 3738 875 paula;

2293 891 2437 943 quem
2466 893 2522 928 eo
2560 879 2802 930 moriente
2841 889 3186 941 cantaverunt,
3221 881 3647 946 Lindisfarnma
3669 900 3739 937 tua

2293 946 2593 1013 impugnati,
2623 948 2713 999 sed
2748 946 2964 999 Domino
2980 947 3192 1014 juvanIe
3221 950 3455 1016 protecti.

2294 1031 2578 1102 Presbyter
2605 1035 2885 1103 egrediens
2912 1037 3046 1089 vatis
3076 1039 3157 1102 pia
3191 1034 3374 1091 funera
3408 1042 3607 1092 IIICPSIis

2227 1119 2501 1188 Depromit
2524 1123 2703 1190 sociis,
2733 1132 2841 1178 tum
2875 1123 3011 1179 I'orte
3037 1127 3351 1180 canentibus
3384 1128 3623 1197 hyuinum

2228 1214 2377 1268 llunc
2399 1217 2618 1283 querula
2644 1216 2743 1270 sub
2772 1216 2926 1270 laude
2954 1234 2966 1269 :
3010 1217 3147 1272 Deus
3180 1234 3277 1271 nos
3298 1204 3442 1272 'alme
3476 1224 3704 1286 repellens

2233 1304 2467 1359 Destruis
2498 1306 2685 1370 iratus,
2716 1306 2993 1387 salvasque
3023 1309 3279 1361 misertus
3306 1309 3373 1361 ab
3405 1308 3572 1365 hove.

2228 1393 2367 1444 Arva
2397 1407 2597 1458 moves,
2630 1394 2911 1462 turbasque
2940 1405 3142 1462 potens,
3171 1407 3225 1448 et
3255 1396 3437 1448 territa
3469 1411 3615 1448 sanas

2232 1483 2593 1552 Propinasqne
2622 1484 2729 1538 tuis
2759 1486 3037 1553 prretristia
3068 1497 3238 1539 musta
3265 1502 3280 1551 ;
3313 1487 3405 1539 sed
3433 1487 3593 1539 hostis

2230 1572 2303 1625 Te
2330 1573 2462 1625 duce
2487 1574 2623 1626 bella
2654 1583 2838 1640 ruunt,
2869 1585 2922 1627 tu
2962 1575 3117 1626 noxia
3146 1576 3451 1643 comprimis
3480 1590 3633 1640 arma,

2236 1660 2427 1715 Libera
2460 1672 2514 1715 ut
2540 1663 2989 1730 electipodantnr
3019 1667 3136 1727 luce
3164 1680 3256 1731 per
3282 1679 3474 1719 rerum.

2234 1753 2403 1806 Indice
2427 1762 2535 1806 tum
2557 1754 2774 1807 ﬂamma
2806 1753 3318 1808 Lindisfarnensibns
3344 1756 3485 1808 illam

2165 1844 2212 1903 Β
2238 1839 2346 1905 Qua
2378 1841 2496 1909 vigil
2523 1855 2554 1893 e
2584 1842 2810 1907 Speculis
2842 1858 3037 1909 pernox
3071 1854 3372 1895 servaverat
3400 1851 3600 1904 horam,

2237 1920 2515 1987 [Etherias
2544 1931 2780 2000 pandunt
2812 1941 2981 1985 vatem
3015 1944 3319 2001 penetrasse
3339 1938 3437 1986 sub
3461 1951 3628 1985 auras.

2234 2018 2336 2084 Qui
2358 2018 2465 2088 jam
2498 2031 2771 2074 nocturna:
2802 2030 2907 2074 tum
2938 2020 3072 2075 forte
3102 2022 3201 2074 sub
3230 2023 3413 2076 ordine
3446 2022 3610 2075 lautis

2236 2106 2336 2173 Ipsi
2366 2108 2522 2162 etiam
2554 2108 2743 2163 mirum
2775 2111 3015 2176 ejusdem
3048 2110 3401 2165 modulamine
3430 2115 3606 2178 psalmi

2240 2194 2466 2251 Verbera
2494 2210 2681 2253 mmsta
2710 2200 2857 2268 sequi
2886 2199 3090 2253 Domini
3123 2201 3207 2268 pia
3238 2202 3373 2254 dona
3397 2204 3657 2255 canebam.

2232 2286 2338 2341 Nec
2362 2298 2606 2355 suspecta
2634 2288 2725 2342 diu
2758 2288 2965 2343 tardant
2991 2292 3266 2358 praesagia,
3295 2305 3411 2343 nam
3444 2305 3558 2343 mox

2243 2373 2393 2428 Vatis
2423 2375 2715 2429 honoriﬁco
2746 2376 3063 2430 mandantur
3087 2388 3142 2429 ut
3166 2378 3303 2430 alma
3329 2379 3569 2446 sepulcro

2238 2465 2433 2518 Alteris
2456 2465 2644 2519 dextro
2672 2465 2771 2519 sub
2794 2467 3001 2520 condita
3034 2482 3295 2521 marmore
3326 2469 3554 2522 membra
3580 2485 3593 2527 ;

2245 2552 2496 2607 lnsistens
2525 2554 2735 2622 Aquilo,
2768 2555 2933 2609 niveis
2960 2556 3188 2609 conlisus
3220 2559 3269 2609 in
3298 2559 3480 2623 armis,

2236 2644 2368 2698 llinc
2392 2654 2547 2713 atque
2571 2645 2694 2700 hinc
2718 2646 2849 2700 adeo
2881 2645 3253 2701 Lindisfarnaza
3288 2651 3487 2714 perosis

2220 2725 2392 2787 'Tecta
2419 2735 2586 2802 quatit
2613 2735 2812 2800 ﬂabris,
2851 2745 2906 2787 ut
2935 2736 3122 2789 nobilis
3152 2738 3235 2789 illa
3272 2748 3542 2802 parentum

2235 2820 2519 2890 Progenies
2549 2824 2688 2875 fesso
2718 2823 2966 2877 titubaret
2996 2826 3222 2878 stamine
3253 2840 3443 2878 rerum.

2234 2914 2436 2968 Cedere
2463 2915 2680 2983 jamque
2710 2916 2826 2969 loco
2853 2898 3007 2985 quam
3031 2925 3267 2970 extrema
3296 2918 3470 2972 subire
3500 2919 3656 2985 pericli

2237 3002 2470 3071 Eligeret
2498 3019 2512 3064 ;
2541 3018 2638 3059 nec
2654 3004 2763 3072 jam
2798 3005 3008 3074 longum
3040 3018 3213 3059 manet
3246 3008 3339 3072 ira,
3366 3009 3455 3061 sed
3488 3011 3657 3060 almam

2238 3093 2604 3146 Eadberchtus
2629 3104 2845 3147 renovat
2873 3095 3055 3149 sedato
3078 3095 3285 3148 turbine
3305 3111 3504 3161 pacem,

2161 3170 2208 3233 C
2239 3184 2609 3253 Dispersosque
2634 3191 2842 3239 sacrum
2871 3195 3081 3240 revocat
3100 3189 3197 3239 sub
3227 3188 3364 3240 ovile
3395 3188 3619 3241 bidentes
3644 3204 3654 3235 :

2149 3293 2152 3295 λ
2236 3274 2491 3329 Praescius
2520 3285 2573 3330 et
2596 3258 3070 3349 lyr-icoreSOnabal
3092 3287 3147 3329 ut
3169 3277 3353 3329 ordine
3384 3278 3633 3344 psalmus,

2237 3365 2542 3420 Pontiﬁcale
2568 3369 2735 3421 decus
2759 3368 3028 3437 plebisque
3060 3369 3317 3421 instaurat
3338 3369 3602 3421 honorem.

2151 3513 2154 3517 λ
2237 3489 2458 3549 CAPUT
2487 3491 2723 3545 XXXIX.
2758 3493 3020 3557 Quomodo
3047 3509 3229 3563 corpus
3255 3495 3410 3563 ipsius
3432 3502 3538 3560 post
3564 3494 3741 3544 auderi-Ii

2507 3566 2569 3613 sit
2599 3572 2756 3615 annos
2784 3565 2894 3616 sine
2916 3569 3234 3633 corruptione
3264 3576 3532 3630 repertum.

2310 3694 2704 3764 Conspicuique
2725 3708 2875 3749 Sacer
2905 3696 3040 3749 solio
3070 3694 3240 3749 Patris
3267 3676 3457 3748 inditus
3480 3696 3652 3757 hrrres,

2249 3783 2524 3839 Undecimi
2557 3795 2829 3854 postquam
2855 3801 3064 3839 cursum
3093 3786 3484 3839 transcenderat
3507 3788 3637 3847 anni,

2247 3874 2577 3944 Coniplacuit
2604 3878 2810 3930 cineres
2836 3877 3023 3931 tumuli
3051 3878 3117 3929 de
3140 3878 3265 3930 sede
3288 3878 3421 3929 beati

2250 3964 2430 4018 Elatos
2452 3979 2627 4018 coram
2655 3966 2857 4033 gremio
2886 3965 3017 4018 levis
3043 3966 3249 4019 inderet
3270 3973 3400 4017 arte.

2251 4055 2354 4109 Sed
2382 4056 2524 4107 canit
2547 4066 2603 4108 ut
2632 4056 2887 4124 psalmus,
2918 4056 3036 4122 quia
3065 4068 3207 4108 mors
3235 4056 3460 4122 pretiosa
3489 4054 3667 4118 piorum

2246 4152 2380 4198 Ante
2405 4143 2588 4208 Deum,
2625 4142 2652 4180 ll
2688 4145 2877 4198 retinet
2902 4144 3117 4195 calicem
3143 4144 3230 4210 qui
3258 4142 3464 4196 haurire
3492 4144 3655 4195 salutis

2246 4232 2625 4298 (Iontrepidant
2654 4234 2779 4287 celsi
2811 4235 2957 4286 tutati
2988 4235 3200 4286 nomine
3229 4232 3401 4301 Regis.

2252 4324 2451 4377 Itursus
2480 4332 2533 4378 ct
2563 4333 2619 4376 ut
2640 4337 2847 4376 summo
2872 4332 3085 4377 resonat
3112 4324 3221 4392 lyra
3250 4324 3464 4391 mystica
3489 4335 3631 4374 cantu

2253 4415 2357 4467 Nec
2384 4426 2622 4469 sanctum
2651 4414 2823 4475 dabis.
2856 4414 2995 4476 Alte,
3027 4424 3170 4465 tuum
3198 4423 3442 4481 corrupta
3476 4414 3639 4464 videre

2174 4494 2223 4551 D
2255 4506 2427 4556 Aurea
2458 4501 2684 4556 lucillua:
2713 4502 2901 4571 pandis
2926 4502 3009 4555 cui
3036 4502 3262 4555 culmina
3291 4500 3432 4559 νην,

2259 4593 2508 4645 llumanis
2530 4591 2707 4646 divina
2739 4593 2904 4646 nitent
2930 4594 3174 4646 miracula
3203 4592 3446 4664 membris

2252 4684 2314 4734 Et
2343 4682 2546 4735 Domini
2571 4683 2712 4736 celso
2739 4682 2904 4750 fulget
2926 4698 3044 4751 quae
3067 4680 3191 4748 jure
3222 4691 3451 4745 pnICaL‘IS

2250 4769 2473 4838 Paricipi
2499 4769 2621 4823 Iidis
2649 4771 2877 4824 donatur
2904 4785 3121 4823 inlinere
3150 4772 3334 4823 servis.

2252 4862 2567 4913 lnlemcrata
2596 4875 2747 4914 sacro
2772 4870 3082 4929 promuntur
3109 4862 3339 4913 membra
3372 4860 3620 4926 sepulcro,

2251 4952 2434 5004 Nescia
2461 4966 2616 5016 quam
2648 4965 2797 5003 norm
2830 4959 2931 5003 tam
2960 4951 3086 5004 dine
3118 4951 3364 5003 immuni:
3393 4950 3541 5004 labis.

2253 5042 2357 5095 Nec
2383 5041 2575 5095 durum
2600 5056 2662 5093 ac
2689 5042 2913 5110 rigidum
2941 5056 3080 5095 saeva
3106 5056 3198 5094 seu
3231 5051 3397 5093 morte
3425 5048 3687 5109 gravatum.

2253 5133 2357 5186 Sed
2389 5132 2551 5187 veluti
2584 5133 2844 5200 placidum
2869 5132 3083 5199 capiunt
3109 5131 3231 5183 dum
3264 5141 3471 5197 pectora
3501 5140 3715 5182 somnum.

2255 5225 2451 5279 Flexile
2470 5224 2578 5293 jam
2610 5233 2716 5277 tota
2741 5237 2933 5291 corpus
2961 5236 3211 5290 compage
3238 5223 3480 5277 videtura

2254 5319 2358 5372 Nec
2380 5319 2545 5371 minor
2572 5316 2778 5370 eximia:
2805 5315 3059 5369 renitebat
3091 5314 3258 5382 gratia
3288 5320 3449 5367 vestis

2258 5410 2558 5476 Incorrupta
2582 5406 2696 5461 solo
2722 5407 2891 5462 sancti
2914 5422 3029 5476 qua:
3053 5413 3259 5460 texerat
3286 5414 3455 5457 artus.

2258 5506 2403 5559 llanc
2434 5503 2560 5557 Iindi
2592 5501 2789 5571 placuit
2813 5502 3039 5557 medium
3065 5500 3149 5569 pia
3183 5496 3420 5551 membra
3448 5498 3695 5564 receptant.

2257 5594 2507 5647 Servatur
2531 5589 2762 5645 medium
2793 5590 2927 5658 signi
2959 5584 3317 5642 memorabilis
3346 5583 3493 5639 ind"

2386 5766 2491 5827 AL,
2522 5762 2749 5816 retinent.

3362 5691 3820 6234 Δ
