3862 6384
123 510 227 563 593

887 504 1074 559 SECT.
1121 504 1206 557 Ill.
1248 532 1314 541 ——-
1352 499 1672 556 CAIiMINA.
1714 529 1780 538 —
1824 499 1978 552 VITA
2019 499 2075 552 S.
2115 491 2517 551 CUTHBERTI.

3199 483 3298 537 59d

120 625 349 679 CAPUT
382 624 489 677 XL.
542 622 802 683 Quomodo
846 634 1028 682 corpus
1080 616 1317 667 Eodberti
1360 614 1579 677 episcopi
1607 614 1657 664 in
1691 612 1736 667 A
1763 610 1956 663 Servus
1982 608 2118 661 enim
2157 596 2309 659 celsa).
2333 601 2569 655 induerat
2594 610 2744 650 sacra
2771 594 2906 649 dona
2936 593 3150 649 medela.-
3178 611 3192 655 ;

191 694 387 745 tumulo
411 695 502 744 viri
535 692 624 743 Dei
668 697 917 757 ponentes,
962 685 1323 752 sarcopltogum
1350 684 1487 735 illius
1518 684 1663 733 desu-

193 779 283 827 per
310 771 598 829 posuerunt.

197 873 528 924 Eadbcrhtus
559 880 833 937 postquam
860 883 1032 921 rerum
1065 866 1308 918 miracula
1337 864 1508 933 dignis

127 962 394 1014 Laudibus
422 960 695 1020 extulerat,
726 972 877 1010 versu
906 954 1231 1008 memorabar
1259 962 1315 1006 ut
1344 953 1464 1005 olim

126 1053 271 1103 Illius
297 1050 538 1119 egregios
564 1049 795 1101 referens
822 1044 1067 1097 antistitis
1096 1052 1263 1103 actus,

129 1138 389 1191 Febribns
413 1137 743 1204 excoquitur,
777 1135 1134 1202 placidumque
1161 1132 1224 1183 ad
1254 1130 1425 1183 sidera
1457 1130 1634 1181 flatum

128 1230 413 1291 Emittens,
442 1226 661 1293 patriam
696 1223 997 1275 conscendit
1025 1232 1244 1286 corpore
1272 1218 1471 1272 sedem.

128 1318 371 1382 Desuper
400 1325 452 1367 at
477 1316 628 1368 celsae
654 1313 903 1378 splendor
930 1311 1258 1375 componitur
1287 1321 1422 1358 arcae
1544 1294 1551 1298 i

132 1412 438 1464 lmntortale
463 1411 642 1474 decus,
672 1408 923 1461 cohibens
948 1420 1064 1472 qua!
1089 1403 1334 1471 martyris
1363 1400 1483 1453 almi

132 1500 421 1567 Praefulget
450 1499 638 1551 mirum
664 1495 964 1548 etelesti'ous
995 1493 1183 1560 inclyta
1220 1489 1401 1555 signis.

132 1592 438 1644 Morborum
465 1591 662 1657 fugiunt
690 1588 854 1649 labes,
887 1586 1030 1638 furor
1056 1585 1247 1650 impius
1277 1584 1375 1635 atri

132 1678 435 1740 Dzemonis;
464 1675 659 1728 assistit
686 1674 969 1739 viveusque
994 1672 1196 1724 solebat
1227 1682 1281 1722 ut
1311 1678 1433 1721 ante

130 1768 421 1833 Sigunrum
452 1774 741 1816 monstrare
766 1762 940 1827 jubar,
969 1760 1128 1812 modo
1151 1761 1227 1812 sic
1255 1770 1459 1825 quoque
1489 1754 1679 1823 passim

130 1858 415 1923 Spargitur
441 1865 492 1907 et
517 1853 718 1905 functos
744 1852 908 1902 virtus
935 1836 1168 1901 miranda
1192 1861 1284 1915 per
1310 1854 1475 1897 artus.

1768 698 1933 761 Fecit,
1960 705 2015 750 et
2044 695 2250 748 interno
2280 687 2497 743 ﬁrmatis
2526 686 2716 742 robore
2744 684 2918 736 nervis

1765 787 1985 853 Palpitat
2012 786 2213 838 alterno
2241 782 2357 833 lazta
2380 779 2515 831 inter
2551 775 2756 828 somnia
2784 786 2986 841 gressu,

1766 875 1995 942 Equore
2022 872 2215 926 deserti
2246 870 2428 923 ludunt
2452 881 2546 920 ceu
2586 866 2758 917 littore
2789 864 2981 927 pisces.

1768 964 2033 1030 Evigilans
2058 959 2245 1013 baculo
2268 956 2527 1012 redivivos
2553 952 2704 1021 erigit
2733 960 2899 1018 artus,

1770 1054 1843 1105 Ac
1872 1050 2153 1104 matutinas
2179 1046 2367 1100 stando
2397 1044 2694 1112 persolvere
2724 1042 2903 1094 laudes

1773 1140 1975 1207 Incipit,
2002 1148 2055 1191 et
2082 1136 2253 1203 prisco
2280 1132 2531 1186 solidatus
2558 1130 2793 1183 membra
2821 1130 2998 1198 vigore

1774 1229 2005 1282 Divinam
2034 1224 2295 1279 collaudat
2323 1234 2499 1287 opem,
2524 1220 2796 1286 justasque
2827 1216 3049 1271 Tonanti

1773 1320 1935 1372 Ufl‘ert
1960 1318 2165 1371 sidereo
2191 1328 2348 1368 sanus
2381 1324 2718 1384 promouere
2742 1317 2937 1377 grates.

1774 1427 1994 1484 CAPUT
2026 1426 2178 1480 XLV.
2212 1424 2355 1489 Quod
2384 1424 2594 1492 tegmine
2636 1421 2843 1489 parietis
2868 1423 2977 1490 ejus
3006 1419 3194 1488 inﬁrmi
3223 1437 3311 1471 cu-

2445 1502 2634 1543 γείτων.

1847 1606 1953 1661 Nec
1979 1615 2215 1659 sanctum
2246 1605 2463 1658 :etherio
2492 1612 2744 1656 vacuatur
2775 1616 2987 1664 munere
3016 1610 3232 1666 tectum,
3315 1598 3319 1603 ⁷

1782 1698 1896 1763 Quo
1924 1710 2075 1749 sacer
2102 1704 2240 1747 astra
2266 1703 2451 1759 petens
2479 1703 2666 1759 corpus
2695 1706 2961 1759 exsangue
2984 1692 3212 1759 reliquit.

1787 1787 1935 1840 Nunc
1962 1800 2167 1852 quoque
2197 1783 2287 1837 sed
2314 1784 2521 1837 solitam
2553 1782 2775 1847 partitur
2802 1783 2993 1847 ubique
3020 1782 3298 1847 medelam,

1784 1878 2008 1945 Altaque
2034 1877 2286 1929 mirentur
2313 1874 2485 1941 proles
2511 1872 2753 1926 Davidica
2781 1872 2980 1939 templi.

130 1963 362 2017 CAPUT
393 1961 521 2014 Χιιο
578 1960 712 2033 me"
756 1959 1091 2033 ἀίεπποηῖᾳαεε
1141 1957 1289 2033 "um?
1317 1956 1397 2006 συί
1430 1954 1596 2033 ("MU
1602 1969 1682 2003 1""
1716 1927 1758 1984 Β
1784 1927 2065 2027 Petita—sui,
2094 1927 2329 2033 gemmis
2343 1962 2589 2028 quoniam
2620 1927 2952 2014 stellantibus
2984 1961 3213 2014 aethram

202 2034 432 2099 corporis
460 2034 565 2099 ejus
595 2030 817 2096 infusum
842 2036 947 2079 erat
976 2028 1027 2078 in
1052 2041 1183 2092 aqua
1205 2027 1357 2077 missa
1378 2032 1610 2077 sanatur.

218 2142 316 2195 Vir
347 2141 551 2204 quidam
582 2140 688 2192 nati
720 2137 907 2191 misere
932 2141 1086 2203 qttem
1116 2148 1263 2187 caeca.
1284 2132 1457 2187 furore

140 2229 411 2281 Daemonis
436 2229 508 2279 ira
541 2237 715 2278 terens
743 2238 907 2277 saevas
934 2211 1209 2275 effundere
1227 2235 1382 2273 voces

136 2318 435 2384 Compulit,
459 2325 511 2369 et
534 2315 775 2382 proprios
795 2326 1108 2366 consumere
1137 2309 1395 2362 morsibus
1421 2316 1585 2369 artus,

139 2405 377 2458 Membra
409 2420 497 2471 per
525 2404 780 2455 alatorum
811 2400 1042 2469 rogitans
1074 2412 1218 2451 sacra
1249 2398 1393 2450 busta
1428 2397 1649 2456 terebat,

142 2494 385 2547 Pendere
412 2508 507 2545 uec
536 2494 748 2558 petitam
772 2489 937 2544 sancti
962 2488 1176 2541 voluere
1204 2485 1450 2549 salutem,

140 2581 445 2634 Cutltbcrto
469 2582 635 2647 potior
665 2580 827 2632 virtus
851 2588 907 2630 ut
933 2576 1072 2629 celsa
1102 2576 1338 2628 micaret.

145 2668 282 2721 Tum
320 2667 465 2734 pueri
494 2667 700 2734 quidam
730 2666 880 2719 fletus
908 2666 1241 2730 vagitumque
1269 2662 1585 2729 perhorrens

144 2757 222 2810 Ad
256 2756 430 2809 μελισ-ιε
454 2754 696 2807 auxilium
727 2754 856 2805 ﬁdus
878 2751 1140 2805 concurrit
1166 2751 1350 2810 amati,

144 2846 380 2897 Neverat
406 2845 540 2897 alma
570 2842 703 2895 sacri
735 2842 935 2894 functos
960 2855 1073 2905 quze
1098 2840 1296 2900 laverat
1323 2847 1469 2890 artus

145 2932 364 2985 Patroni
395 2932 678 2998 quondam,
713 2930 866 2983 terris
895 2929 982 2981 ubi
1012 2928 1210 2980 reddita
1241 2925 1447 2993 lympha
1478 2934 1575 2977 est.

146 3022 277 3075 Inde
303 3022 439 3086 rapit
465 3020 715 3085 grandem
750 3017 955 3070 modico
987 3015 1052 3068 de
1078 3023 1102 3049 α
1133 3028 1254 3065 rure
1279 3014 1517 3078 salutem,

148 3109 419 3162 Immiscet
445 3108 603 3172 latici,
631 3106 784 3161 dictis
812 3113 1107 3158 sacraverat
1136 3104 1288 3157 almis
1312 3120 1324 3154 :

148 3198 248 3249 Dat
273 3208 454 3265 potum
480 3211 659 3263 puero,
688 3195 881 3249 stridor
911 3210 1041 3247 mox‘
1059 3194 1197 3247 cedit
1221 3206 1451 3255 amarus,

147 3283 256 3337 Nec
288 3299 439 3336 mora
463 3285 607 3349 plena
639 3283 779 3335 salus
811 3282 963 3335 redit.
996 3282 1112 3347 Ipse
1140 3295 1361 3349 superna
1393 3290 1634 3335 verenter

152 3372 375 3425 Munera
407 3370 690 3433 collaudat,
731 3370 950 3436 laztoque
978 3384 1069 3437 per
1095 3369 1269 3421 omnia
1296 3383 1451 3434 passu

146 3460 426 3514 Cuthberti
456 3460 657 3513 cunctis
686 3460 876 3513 donum
901 3459 1195 3513 venerabile
1224 3459 1422 3526 pandit.

150 3568 378 3623 CAPUI‘
433 3567 583 3621 XLII.
630 3567 875 3635 Ai'grotus
926 3567 999 3685 (ad
1059 3567 1306 3620 tumulum
1341 3568 1450 3635 ejus
1505 3568 1699 3619 orando

799 3651 922 3685 sana
948 3652 1025 3685 ur.

799 3651 941 3687 sanat
948 3652 1025 3689 ur.

222 3748 374 3799 Alter
395 3747 678 3811 morbigeni
706 3754 1042 3812 consumptus
1064 3745 1129 3798 ab
1156 3745 1274 3812 igne
1301 3745 1491 3799 camini

156 3835 255 3885 Vix
290 3833 500 3885 famulis
530 3834 764 3884 manibus
789 3842 1020 3884 sanctam
1049 3832 1321 3884 deducitur
1350 3832 1437 3883 alti

156 3921 399 3988 Martyris
421 3920 482 3969 atl
515 3920 763 3981 tumbam,
792 3936 925 3985 genu
954 3935 1150 3985 ponens
1180 3921 1421 3971 obsecrat
1444 3920 1546 3972 illis

159 4010 361 4076 liripiat
386 4009 566 4061 vinclis
596 4012 721 4059 tanti
750 4024 845 4060 vox
878 4010 1011 4060 alma
1040 4010 1263 4075 patroni.

154 4100 338 4165 Surgit
361 4108 432 4159 et,
462 4098 663 4150 aetherii
697 4100 930 4150 firmatus
962 4113 1176 4151 munere
1205 4098 1349 4161 doni,

158 4184 349 4236 Libera
378 4184 658 4250 sospitibus
684 4187 823 4250 ponit
853 4187 1063 4253 vestigia
1093 4188 1301 4253 plantis,

159 4273 368 4340 Perque
398 4273 510 4325 dies
539 4275 721 4339 prisca:
752 4276 936 4341 recipit
961 4274 1067 4341 jatu
1098 4275 1233 4325 dona
1263 4276 1465 4328 salutis.

156 4382 387 4436 CAPUT
417 4381 589 4434 XLIII.
626 4383 806 4461 θεαιορ
826 4384 1031 4448 quidam
1063 4383 1351 4459 languentes
1377 4387 1543 4461 oratio
1565 4386 1702 4438 illius

718 4458 932 4503 attactus
954 4453 1165 4503 sanavit.

231 4560 490 4628 Tegmina
519 4562 639 4626 quin
669 4561 824 4613 etiam
851 4562 1111 4613 consortia
1141 4544 1378 4628 corporis
1406 4564 1527 4617 almi

165 4649 385 4700 Minuere
417 4650 648 4714 partit-ipi
681 4650 875 4701 modica
903 4649 1093 4702 virtute
1124 4650 1427 4704 redundant.

169 4740 390 4791 Lumina
430 4754 547 4790 nam
576 4739 777 4790 cuidam
803 4736 951 4789 dolor
981 4748 1034 4789 et
1058 4738 1225 4805 caligo
1254 4754 1529 4805 pererrans

163 4829 300 4879 Dum
339 4836 619 4891 premeret,
645 4824 806 4878 sancti
828 4826 1091 4892 accipiens
1117 4828 1283 4879 oraria
1309 4829 1440 4879 vatis

166 4918 257 4967 llis
287 4917 446 4968 orbes
486 4918 648 4982 tangit
677 4915 934 4981 geminus,
965 4917 1313 4982 reducemque
1342 4918 1494 4968 saluti

169 5007 286 5056 Mox
317 5006 489 5071 aperit
514 5007 700 5057 callem
728 5005 1037 5057 veneranda:
1064 5008 1225 5073 gratia
1250 5006 1425 5057 vestis.

164 5113 392 5166 CAPUT
422 5112 597 5165 XLIV.
628 5111 945 5179 Paralyticus
965 5114 1307 5183 calceamentis
1334 5117 1442 5181 ejus
1470 5122 1699 5165 sanatur.

236 5205 333 5254 Ast
364 5201 498 5252 alios
526 5203 750 5254 resoluta
780 5201 920 5265 gravi
950 5202 1027 5253 cui
1055 5205 1285 5268 pondere
1314 5205 1549 5256 membra

165 5291 373 5342 Officiis
398 5288 610 5356 jacuere
640 5290 748 5340 suis
777 5290 1005 5353 deserta,
1036 5289 1220 5357 cuique

169 5382 321 5433 Irrita
349 5380 610 5445 longaevos
634 5381 776 5430 auxit
804 5381 1059 5432 medicina
1081 5378 1306 5440 dolores,

169 5468 538 5519 Calceamcuta
563 5470 737 5518 sacras
759 5466 963 5519 tandem
986 5481 1103 5533 qua:
1124 5465 1361 5535 Martyris
1379 5466 1500 5518 ahni

175 5553 473 5605 \‘estierant
501 5555 703 5620 plautas
731 5554 920 5621 plantis
947 5554 1281 5608 circumdedit
1304 5555 1475 5621 aegris.

170 5644 285 5696 Mox
316 5644 511 5708 primas
538 5643 706 5695 suavis
730 5643 966 5697 tenebras
992 5644 1262 5698 mitescere
1287 5658 1518 5697 somnus.

245 5783 268 5810 ⁸
301 5774 355 5825 Id
384 5786 483 5832 Cri,
517 5784 662 5825 terra.

1787 2054 2124 2122 Equiparent,
2154 2051 2409 2118 fulvisque
2438 2050 2631 2104 micent
2658 2040 2897 2103 redimita
2930 2048 3130 2116 ﬁguris.

1786 2142 1908 2196 Plus
1936 2142 2029 2194 sed
2057 2154 2155 2207 ego
2183 2140 2318 2193 vatis
2347 2138 2533 2191 humili
2560 2139 2658 2192 sub
2684 2137 2895 2192 domate
2924 2138 3083 2191 mirer

1788 2231 2107 2294 Pelliculam,
2140 2237 2351 2281 sanctus
2378 2226 2612 2290 fragilem
2641 2241 2739 2294 qua
2768 2234 2967 2279 texerat
2987 2224 3217 2293 anglum,

1786 2320 1861 2374 Ne
1888 2319 2060 2387 pluvia
2089 2327 2177 2371 aut
2206 2317 2386 2370 Boreae
2408 2315 2726 2382 penetrabile
2758 2315 2920 2383 frigus
2942 2315 3168 2369 adurens

1789 2410 2020 2460 lurueret
2048 2408 2258 2473 passim,
2289 2405 2635 2474 precibusque
2659 2404 2901 2457 ardentia
2932 2404 3098 2457 castis

1788 2498 1954 2549 Corda
1986 2496 2225 2563 fatigaret
2252 2514 2267 2559 ;
2304 2509 2402 2549 nec
2430 2510 2514 2548 me
2542 2494 2798 2549 sententia
2832 2493 2982 2547 fallit.

1788 2585 2020 2646 Namque
2044 2598 2175 2648 Opus
2204 2584 2303 2636 hoc
2328 2582 2572 2637 Salomon
2604 2581 2741 2634 fulvo
2768 2580 2906 2647 quod
2932 2581 3125 2633 fecerat
3154 2595 3306 2644 auro,

1788 2674 2014 2727 Chaldea
2041 2682 2303 2741 petrarum
2334 2671 2549 2734 obtexit,
2578 2671 2715 2724 heu!
2743 2670 2951 2723 flamma
2972 2670 3153 2723 ruinis.

1791 2768 1857 2817 At
1880 2779 2025 2817 sacra
2054 2763 2323 2816 Cuthberti
2351 2760 2601 2829 appendit
2621 2774 2737 2827 qua:
2762 2759 2974 2813 dextera
3003 2761 3141 2826 vela,

1789 2856 2001 2908 Munera
2029 2853 2259 2921 Felgeldi
2288 2842 2520 2920 patulum
2547 2850 2708 2903 divisa
2737 2864 2830 2917 per
2855 2848 3033 2903 orbem

1792 2944 1966 2997 Latius
1995 2943 2205 3013 ingeniti
2238 2940 2463 2995 fundunt
2491 2940 2834 2995 medicamina
2872 2941 2994 2996 doni
3023 2958 3036 3005 ;

1789 3032 2140 3099 Clarescitque
2164 3030 2381 3097 chalybs
2412 3030 2581 3098 libyco
2611 3028 2895 3097 pretiosior
2924 3043 3075 3093 auro,

1796 3123 1952 3177 Pellis
1978 3134 2030 3176 et
2063 3123 2186 3175 Eois
2212 3120 2467 3189 prmeellit
2492 3119 2684 3189 fulgida
2712 3119 2953 3187 gemmis.

1720 3238 1766 3297 υ
1798 3214 2002 3268 Tertius
2027 3213 2109 3267 hic
2139 3212 2373 3281 proceris
2402 3219 2576 3265 servat
2603 3224 2740 3263 nunc
2765 3219 2956 3274 castra,
2982 3210 3189 3264 beatum

1799 3305 1918 3356 Alta
1944 3309 2217 3357 secuturus
2240 3301 2407 3355 haeres
2431 3299 2495 3353 ad
2523 3314 2682 3368 regna
2705 3297 3001 3353 Parentem.

1796 3422 2016 3477 CAPUT
2040 3421 2219 3474 XLVI.
2272 3420 2523 3485 Quantum
2564 3417 2915 3473 (Edelwoldus
2942 3430 3193 3472 successor
3238 3416 3332 3470 uiri

2091 3489 2183 3541 Dei
2211 3490 2410 3542 virtutes
2437 3503 2558 3540 suas
2584 3487 2743 3541 celare
2770 3486 3034 3541 studuerit.

1874 3597 1982 3649 llos
2007 3611 2124 3648 nam
2156 3596 2295 3649 inter
2324 3594 2527 3647 medius
2556 3593 2713 3647 sociis
2743 3608 2844 3645 non
2891 3592 3098 3660 segnior
3120 3592 3292 3658 almis,

1798 3682 2145 3746 (Edilvvalde,
2175 3696 2349 3735 sacras
2372 3682 2553 3735 resisti
2584 3680 2825 3747 providus
2854 3693 3001 3733 arces

1799 3776 1960 3838 Quem
1987 3787 2105 3826 raro
2131 3770 2369 3840 proprias
2395 3772 2542 3823 aiunt
2566 3769 2789 3824 voluisse
2816 3768 3055 3837 cuiquam

1802 3862 2035 3915 Pandere
2064 3863 2300 3923 virtutes,
2332 3865 2569 3927 torvlque
2595 3867 2807 3911 cruenta
2834 3858 3073 3927 chelydri

1801 3949 1924 4003 Tela
1956 3949 2142 4015 quibus
2171 3947 2339 3999 victor
2366 3945 2679 4015 confregerit
2705 3945 2890 3999 obvius
2917 3946 3098 3998 armis.

1801 4040 1951 4094 Unde
1979 4047 2153 4091 manet
2180 4038 2392 4104 longum
2426 4035 2782 4088 memorabilis
2813 4035 2899 4087 illa
2928 4034 3091 4089 beatis

1799 4130 2010 4182 Incaute
2040 4127 2280 4194 prolapsa
2307 4125 2469 4178 semel
2500 4124 2756 4177 sententia
2778 4121 2957 4176 labris.

1807 4217 1961 4270 Forte
1988 4230 2133 4269 sacer
2164 4214 2316 4266 ﬁdam
2356 4212 2567 4265 monitis
2595 4212 2894 4266 caelestibus
2920 4224 3100 4265 aurem

1806 4305 1935 4356 Dum
1964 4301 2116 4368 rigat,
2144 4299 2333 4367 accipit
2364 4300 2456 4351 has
2480 4299 2621 4352 socio
2649 4299 2714 4351 de
2738 4308 2947 4365 pectore
2973 4311 3163 4350 voces:

1803 4388 1951 4458 Qum,
1978 4404 2125 4457 rogo,
2152 4402 2307 4441 causa
2335 4397 2421 4438 tuo
2452 4385 2602 4438 toties
2626 4386 2765 4452 quod
2798 4385 2865 4438 ab
2892 4399 2985 4439 ore
3014 4386 3255 4440 [Iustitiam

1810 4484 2150 4546 Perrumpant
2175 4478 2479 4544 varientque
2506 4476 2710 4531 silentia
2738 4476 2921 4530 crebra
2950 4477 3224 4544 loquelam,

1730 4539 1784 4597 Β
1808 4568 1871 4620 Ει
1895 4539 2077 4621 mediis
2097 4575 2291 4619 statuat
2317 4539 2480 4619 metas
2506 4563 2702 4618 oblivio
2729 4563 2928 4617 dictis?

1804 4655 1901 4708 Cui
1928 4668 2179 4723 responsa
2203 4654 2316 4718 pius
2340 4651 2517 4719 paucis
2545 4652 2611 4702 ita
2644 4650 2866 4703 reddidit
2892 4650 3044 4704 heros
3070 4666 3084 4702 :

1807 4744 1914 4796 lloc
1952 4754 2021 4807 te,
2054 4742 2219 4795 dulcis
2247 4754 2414 4803 amor,
2444 4738 2547 4791 ﬁxo
2569 4732 2889 4807 memorique
2914 4752 3196 4806 perennem

1802 4834 1969 4886 Corde
1999 4842 2174 4885 tenere
2202 4829 2373 4893 decet,
2398 4828 2607 4883 studeat
2648 4822 2748 4881 nisi
2767 4827 2984 4895 quisque
3006 4827 3269 4884 bidentum

1806 4922 2056 4975 Funditus
2082 4920 2322 4986 alloquiis
2346 4929 2584 4971 avertere
2612 4916 2826 4970 sedulus
2850 4930 3027 4981 aures,

1805 5014 1914 5066 Non
1937 5022 2091 5077 queat
2117 5012 2361 5065 aetherias
2388 5011 2524 5062 inter
2560 5009 2685 5063 dare
2705 5011 2866 5065 verba
2891 5020 3149 5075 catervas,

1806 5104 2036 5156 Pandere
2057 5117 2153 5155 nec
2183 5101 2313 5153 lastis
2338 5100 2454 5153 caeli
2486 5101 2825 5154 concentibus
2850 5115 3023 5153 aures.

1872 5192 2101 5251 Dixerat,
2130 5198 2182 5241 et
2210 5187 2410 5256 trepido
2433 5189 2698 5255 perculsus
2725 5188 2882 5241 corda
2910 5186 3113 5256 timore,

1804 5280 2038 5345 Singttltu
2066 5275 2306 5339 afﬁcitur,
2339 5275 2543 5329 fervens
2572 5288 2633 5328 ac
2660 5285 2870 5341 pectora
2906 5278 3088 5343 pugnis

1803 5365 1954 5417 Casta
1980 5365 2117 5427 ferit,
2150 5363 2456 5430 tandemque
2482 5376 2693 5429 gemens
2724 5365 2953 5431 erumpit
2973 5364 3023 5418 iu
3052 5365 3201 5417 istam

1807 5452 2049 5506 l'crfusus
2074 5452 2315 5521 lacrymis
2344 5459 2457 5518 post
2478 5461 2661 5503 utmsta
2688 5451 2897 5505 silentia
2919 5468 3096 5505 vocem
3122 5471 3135 5503 :

1804 5543 2033 5593 Ubseero
2060 5551 2111 5595 te
2132 5542 2343 5608 supplex
2372 5540 2557 5591 summi
2586 5554 2677 5607 per
2704 5549 2904 5607 sceptra
2934 5540 3186 5596 Tonantis

1806 5631 1925 5684 Ilaec
1945 5630 2145 5685 eunetis
2174 5638 2226 5683 ut
2249 5628 2384 5681 dicta
2410 5636 2573 5695 tegas,
2606 5629 2916 5683 moribunda
2947 5646 3219 5699 quoustlue
