3862 6320
639 364 741 447 59$
1296 392 1488 446 BEDJE
1529 390 1966 469 VENERABILIS
2002 389 2147 444 OPP.
2188 389 2379 444 PARS.
2419 389 2503 443 Ill.
2543 418 2609 429 —
2645 388 3114 444 PARENETICA.

3348 10 3812 449 η

639 504 861 558 Membra
892 505 1003 559 solo
1030 504 1255 565 reddam,
1289 504 1593 571 gradiarque
1621 505 1670 556 in
1698 505 1828 556 calle
1858 484 2145 566 parentum.
2175 509 2221 557 Δ
2251 502 2339 553 ille
2368 502 2499 553 citus
2524 501 2698 552 dextra
2727 500 2960 569 lymphas
2984 502 3282 569 abstergere
3314 517 3503 556 curans

638 594 725 646 Sic
753 608 845 645 sua
874 608 1073 644 summa
1102 608 1250 645 sacer
1274 595 1601 645 conclavibus
1626 595 1814 647 abdere
1840 594 2072 659 quamvis

640 680 832 742 Mallet,
861 683 925 732 alt
951 682 1161 733 attiterio
1192 681 1480 746 panduntur
1507 698 1716 734 munera
1747 692 1897 734 teste.

711 771 775 819 At
804 769 881 833 pia
914 770 1221 822 Cutltbcrtus
1246 770 1537 823 memorans
1562 785 1698 836 stepe
1720 780 1829 823 acta
1865 772 2109 835 priorum,

638 840 867 909 JEtberia
901 860 995 907 sub
1020 858 1168 909 laude
1196 860 1272 910 sui
1300 873 1503 924 quoque
1534 860 1770 910 Christus
1794 859 1973 923 agouis

638 942 705 995 Ut'
729 944 876 996 fuerit
901 948 1093 1006 socius,
1123 946 1284 996 fuerat
1315 946 1616 999 subnectere
1645 948 1838 1012 paucis.

636 1031 819 1095 Sicque
841 1033 969 1084 duos
996 1034 1259 1098 variojaut
1290 1050 1500 1086 munere
1527 1035 1735 1100 spiritus
1767 1034 1899 1085 idem

634 1117 893 1172 Lustravit
916 1135 1004 1186 per
1027 1122 1157 1172 dona
1189 1124 1345 1183 viros,
1374 1130 1526 1189 atque
1554 1123 1764 1174 mtheris
1795 1123 1881 1173 alti

634 1206 861 1261 Tramile
886 1209 1049 1260 diviso
1080 1225 1289 1276 regnum
1323 1213 1550 1277 provexit
1569 1212 1630 1263 ad
1657 1227 1836 1263 unum.

628 1313 843 1370 CAPUT
871 1316 1064 1368 XLVII.
1098 1316 1319 1379 Qualiter
1343 1318 1637 1369 anachoreta
1678 1315 1941 1382 Felgcldus
1967 1318 2145 1369 ibidem

969 1384 1031 1435 sit
1058 1402 1087 1435 α
1109 1385 1271 1435 vultus
1296 1394 1485 1436 lttttwt'e
1506 1387 1787 1437 mundatus.

699 1494 831 1563 Ergo
855 1510 967 1563 age,
998 1496 1261 1563 Felgeldus
1290 1497 1497 1562 largitor
1527 1497 1751 1548 muneris
1776 1497 1899 1547 aiuti

630 1582 797 1635 Prima
824 1583 1067 1637 salutiferi
1096 1584 1205 1651 ipse
1232 1586 1702 1650 capitdocumenla
1731 1585 1944 1651 vigoris.

631 1669 724 1723 Cui
754 1670 951 1736 pridem
984 1671 1139 1724 l'acies
1166 1670 1371 1724 informi
1397 1683 1527 1724 tat-ta
1560 1686 1779 1732 tumore,

628 1768 899 1827 Squatens,
938 1762 1179 1829 at'rigido
1208 1764 1324 1813 dum
1354 1764 1493 1814 solus
1524 1763 1570 1813 in
1594 1764 1795 1814 abditur
1830 1773 2001 1823 antro,

630 1848 802 1903 Latior
830 1850 1055 1916 ingenito
1083 1851 1247 1915 surgit
1274 1852 1339 1903 de
1367 1850 1542 1902 fomite
1575 1852 1798 1913 ﬂamma,

626 1939 791 2003 Atque
828 1953 987 2004 genas
1018 1938 1228 1990 maculis
1259 1939 1389 1990 livor
1417 1942 1670 2004 respergit
1698 1942 1939 1993 adurens.

624 2026 720 2090 Qui
750 2040 880 2078 nova
907 2041 997 2090 pro
1023 2027 1179 2079 veteri
1212 2026 1332 2078 dum
1354 2028 1592 2079 culmina.
1610 2038 1850 2093 pangeret
1872 2030 2001 2090 ll'dt‘,

624 2113 754 2166 Illud
785 2130 943 2167 ovans
970 2112 1105 2166 fesso
1124 2115 1379 2183 diteptum
1406 2131 1433 2167 a
1465 2118 1659 2182 pariete
1686 2118 1855 2169 velum

626 2203 807 2255 Partiri
836 2204 1009 2257 dat-uit
1037 2206 1151 2257 ῆᾱεε
1174 2220 1291 2271 ερας
1318 2217 1456 2257 certa
1487 2207 1691 2258 salutis.

630 2293 897 2361 Primaque
925 2296 1045 2346 dum
1071 2294 1289 2363 lymphis
1313 2294 1528 2360 cerrigia
1562 2295 1807 2358 tinguitur
1835 2295 2005 2357 almis,

628 2383 804 2435 Pervia
831 2382 1101 2450 cornigero
1129 2392 1297 2447 pateat
1322 2396 1428 2449 quo
1456 2383 1638 2435 semita
1670 2382 1824 2442 ferro,

628 2470 881 2524 Basilicus
906 2471 1089 2527 lasciva
1114 2484 1263 2523 sacro
1290 2470 1353 2521 de
1381 2470 1579 2538 gurgite
1602 2480 1739 2537 gutta

626 2559 836 2611 Lumina
866 2561 1112 2625 respersit
1132 2558 1316 2621 sancti,
1345 2557 1637 2625 vultumque
1668 2558 1957 2612 rubentem.

689 2694 715 2722 ⁸
741 2687 898 2741 Lutea

2247 593 2457 645 Miratur
2476 604 2670 658 pestem
2698 596 3013 659 stupefactus
3034 594 3227 656 abisse,
3262 594 3497 661 foresque

2248 679 2475 731 Pandere
2495 679 2601 746 jam
2631 679 2802 730 reduci
2834 693 2956 730 sana
2984 680 3082 731 sub
3104 680 3280 731 fronte.
3308 680 3535 732 medelas.

2245 770 2303 822 Et
2328 784 2393 822 ne
2421 772 2551 821 forte
2582 778 2725 834 putet
2750 768 2990 820 mendum
3019 785 3101 819 me
3131 770 3304 820 dicere
3332 771 3611 834 quisquam,

2242 857 2397 909 Teste
2426 857 2526 907 Deo
2553 856 2739 913 dit-am,
2766 857 2882 921 quia
2905 858 3173 923 presbyter
3203 858 3297 906 ista
3332 858 3491 909 licielis

2245 944 2509 997 Pandehat
2539 946 2666 997 vatis
2694 946 2849 997 fidam
2877 946 2958 997 cui
2992 946 3123 995 fatus
3152 946 3200 995 in
3229 961 3425 998 aurem.

2250 1032 2343 1093 lin,
2372 1032 2555 1097 inquit,
2587 1033 2719 1083 nosti
2750 1028 2928 1084 faciem
2955 1034 3071 1097 quia
3102 1033 3346 1096 presserit
3375 1031 3496 1084 olim

2244 1117 2395 1169 Laltis
2423 1128 2447 1153 ⁸
2475 1119 2659 1170 acerba
2687 1134 2873 1180 meam,
2904 1120 2996 1171 sed
3028 1120 3127 1184 iam
3154 1119 3309 1171 modo
3330 1122 3486 1186 gratia
3515 1120 3677 1175 Christi

2243 1205 2508 1256 Cutltberti
2538 1207 2733 1257 meritis
2762 1207 2983 1270 placarit
3010 1208 3173 1258 tristia
3206 1208 3381 1272 ﬂagra.

2242 1290 2383 1344 Mitte
2412 1308 2638 1355 manum,
2666 1303 2717 1345 et
2746 1302 2960 1353 tangens
2988 1310 3068 1344 me
3093 1295 3267 1345 dicere
3292 1310 3405 1345 vera
3438 1295 3652 1362 probato.

2240 1379 2455 1430 Clausus
2482 1393 2703 1442 namque
2732 1380 2866 1429 oculi
2901 1396 2999 1429 unn
3028 1380 3203 1444 quibat
3227 1383 3456 1433 aeuutine
3490 1386 3637 1445 cerui,

2245 1465 2457 1516 Fecerat
2484 1474 2537 1518 et
2566 1466 2785 1531 priscam
2817 1468 2996 1518 morbo
3026 1468 3251 1531 fugiente
3279 1470 3517 1525 salutem.

2244 1551 2431 1604 Atlfore
2461 1554 2778 1619 temporibus
2810 1558 3059 1620 persensit
3083 1558 3149 1608 ab
3178 1560 3372 1610 aethere
3399 1567 3608 1612 sanctus.

2609 1661 2781 1711 Oratio
2808 1661 2953 1714 Beda:
2983 1666 3110 1715 beati
3139 1667 3423 1734 presbyteri.

2310 1768 2429 1820 Hmc
2458 1769 2568 1830 tibi,
2599 1781 2901 1839 cunctorum
2933 1772 3147 1838 largitor
3169 1775 3371 1828 Christe
3400 1777 3645 1843 bonorum,

2244 1856 2382 1908 bona
2416 1859 2485 1909 tui
2516 1859 2796 1911 obtulimus
2824 1877 3024 1914 summo
3047 1864 3113 1915 de
3140 1880 3353 1918 munere
3378 1867 3514 1926 doni,

2241 1948 2522 2014 Magnaque
2547 1964 2639 2014 pro
2665 1951 2882 2003 modicis
2911 1952 3129 2007 libantes
3158 1955 3339 2018 gaudia
3379 1957 3525 2008 dictis

2237 2034 2541 2088 Sanctorum
2568 2037 2834 2101 attigimus
2859 2040 3146 2091 certamina
3176 2043 3315 2093 celsa
3348 2051 3542 2095 tuorum
3572 2062 3584 2095 :

2240 2124 2515 2195 Sperantes
2544 2125 2641 2177 illis
2663 2128 3039 2187 exoratoribtts,
3065 2139 3114 2179 ut
3143 2140 3217 2192 ιιι,

2241 2211 2449 2264 Sidereo
2477 2213 2659 2279 dignos
2687 2216 2772 2279 qui
2802 2215 2967 2279 justus
2993 2217 3042 2266 in
3077 2231 3173 2268 axe
3202 2233 3447 2285 coronas,

2150 2286 2169 2302 ”“
2240 2297 2460 2365 Indignis
2488 2301 2623 2351 ruitis
2654 2302 2795 2353 laxes
2825 2302 2901 2354 vel
2931 2302 3099 2354 debita
3129 2306 3298 2357 nobis.

2238 2383 2425 2436 Ultima
2454 2386 2713 2438 sufficiunt
2742 2385 2880 2438 illius
2908 2388 2957 2438 in
2983 2390 3180 2440 :edtbtts
3216 2393 3350 2441 anim

2238 2473 2473 2535 Prtcmia,
2496 2488 2593 2539 qua
2623 2484 2835 2525 cunctos
2865 2484 2948 2525 tua
2982 2476 3109 2525 visio
3130 2518 3143 2539 ,
3173 2477 3394 2544 Christe,
3426 2480 3603 2541 beabit,

2237 2561 2347 2613 Vita
2379 2578 2588 2615 manens
2613 2566 2769 2616 casus
2794 2566 3068 2632 lumenque
3091 2566 3333 2633 salusque
3370 2583 3461 2634 per
3488 2586 3648 2621 tetrum.

631 2819 3704 2848 .__.___.__—._———_.______________________._________,

1290 2918 1631 2991 PASSIO
1692 2920 2042 3012 SANCTI
2109 2924 2509 3000 JUSTINI
2571 2928 3092 3003 MARTYRIS.

690 3064 901 3130 Quando
928 3062 1192 3127 Christus,
1235 3064 1371 3117 Deus
1400 3074 1605 3132 noster,
1636 3078 1783 3121 natus
1818 3077 1897 3122 est
1928 3083 1990 3121 ex
2020 3069 2133 3122 Vir-
2163 3073 2206 3133 C
2238 3069 2343 3124 Nec
2371 3074 2528 3137 ipsam
2558 3073 2763 3127 haurire
2790 3091 2972 3141 aquam
3000 3078 3215 3130 dabatur
3240 3080 3436 3132 licentia
3456 3118 3480 3146 ,

1902 3155 2065 3224 [εἰπε.

621 3237 853 3293 Edictum
883 3238 1150 3306 imperiale
1179 3252 1271 3305 per
1299 3239 1541 3292 mundum
1566 3242 1822 3306 insonuit,

623 3328 882 3393 Quatenus
910 3327 1062 3378 totius
1088 3326 1225 3379 orbis
1265 3326 1410 3380 ﬁeret
1444 3328 1725 3395 descriptio
1751 3344 1767 3382 :

623 3413 871 3466 Nimirum
894 3413 1009 3481 quia
1040 3414 1088 3465 in
1113 3428 1267 3467 carne
1298 3423 1417 3467 tunc
1438 3416 1519 3468 ille
1546 3422 1782 3483 apparuit
1804 3463 1817 3486 ,

623 3503 717 3564 Qui
742 3504 789 3553 in
818 3504 950 3555 caelo
974 3503 1241 3555 universos
1265 3504 1457 3556 eiectos
1484 3506 1792 3571 ascriberet,

620 3590 754 3654 Quo:
776 3604 934 3646 sacra
959 3588 1427 3641 commendavisset
1450 3590 1566 3642 lidei
1606 3586 1891 3657 professio-

617 3672 782 3747 Quam
813 3679 897 3747 qui
923 3681 1072 3745 digne
1097 3681 1441 3743 observarint,
1469 3697 1585 3734 cum
1617 3674 2023 3751 bouis'operibns
2048 3731 2062 3751 ,

618 3770 741 3833 Quae
762 3776 880 3819 sunt
903 3769 1040 3820 velut
1068 3764 1273 3833 quidam
1301 3770 1722 3833 censusadomino
1749 3776 2027 3842 amabLles,

620 3854 853 3904 Civitatis
879 3854 1238 3906 describuntur
1264 3856 1492 3907 ctelestis
1517 3841 1818 3920 municipes.

618 3941 761 4004 Quos
787 3954 972 3991 census
1002 3950 1213 4005 uterque
1238 3955 1410 4003 sexus,
1438 3948 1606 3995 omnis
1627 3955 1751 3995 tetas
1773 3947 2001 4009 exhibet,

621 4028 688 4080 Ut
716 4037 925 4082 testatur
947 4028 1279 4095 plurimorum
1311 4041 1591 4100 martyrum
1622 4037 1879 4109 exercitus
1908 4055 1919 4087 ε
1968 4084 1975 4095 η

2236 3163 2519 3226 Antequam
2549 3163 2899 3218 thuriticareut
2931 3167 3243 3220 detestandis
3272 3170 3435 3222 idolis.

2238 3249 2303 3298 Ea
2330 3258 2627 3315 tempestate
2650 3251 2739 3302 fuit
2762 3254 2964 3318 quidam
2998 3256 3266 3320 praefectus
3290 3258 3339 3309 in
3361 3259 3515 3312 Gallia
3536 3266 3582 3321 δ,

2234 3336 2486 3397 Perfidus,
2519 3337 2687 3400 ferox,
2716 3339 2944 3403 immitis,
2976 3343 3164 3395 CitriSti
3192 3332 3376 3398 nomen
3402 3348 3601 3407 odiem.

2235 3424 2298 3474 Et
2327 3424 2375 3475 in
2405 3425 2724 3477 Christianos
2751 3427 2946 3493 furens,
2979 3429 3280 3484 Riciovarus
3300 3436 3536 3495 nomine;

2232 3517 2392 3585 Quem
2414 3527 2529 3565 cum
2553 3529 2703 3578 supra
2736 3518 2981 3570 nominati
3025 3522 3281 3587 principes
3302 3523 3606 3589 dirigerent,

2236 3592 2299 3651 Ut
2321 3612 2526 3653 sanctos
2554 3614 2947 3669 persequeretur
2976 3608 3166 3669 positos
3196 3610 3244 3659 in
3274 3609 3461 3674 Gallia,

2232 3688 2451 3753 Cupidus
2479 3690 2631 3741 etedis
2651 3701 2944 3744 sanctorum
2975 3697 3207 3758 protinus
3231 3694 3461 3750 efficitur.

2233 3775 2294 3827 Et
2323 3776 2582 3843 ingressus
2609 3779 2892 3855 civitatem,
2916 3782 3167 3834 Basiieaut
3193 3786 3421 3849 nomine,

2229 3866 2336 3937 Qua
2362 3881 2482 3918 suos
2506 3874 2689 3922 cursus
2708 3873 2755 3921 iu
2788 3872 3021 3924 Rhenum
3054 3875 3209 3927 infert
3236 3879 3332 3928 Ara
3363 3879 3568 3943 ﬂuvius,

2231 3953 2416 4007 Multos
2444 3956 2509 4006 ibi
2542 3955 2859 4011 Christianos
2884 3960 3101 4028 dimergi
3148 3980 3471 4031 przrceperat.

2230 4041 2313 4091 Sic
2345 4056 2430 4103 per
2460 4044 2568 4092 loca
2598 4043 2831 4094 universa
2861 4047 3083 4098 edictum
3118 4051 3204 4101 dat
3239 4053 3476 4119 impium,

616 4114 726 4168 Non
756 4116 919 4167 solum
944 4127 1182 4169 conStans
1211 4133 1269 4169 ex
1302 4118 1443 4182 viris,
1476 4136 1649 4171 verum
1681 4132 1732 4173 et
1758 4118 1817 4190 es
1847 4122 2053 4176 fetutinis
2079 4142 2091 4189 ;

618 4203 721 4254 Nec
744 4218 853 4255 tero
880 4196 1072 4256 tantum
1101 4213 1297 4256 mature
1324 4207 1567 4259 Subibant
1592 4194 1919 4276 martyrium,

619 4288 722 4340 Sed
749 4297 802 4342 et
820 4284 1005 4339 m'ultos
1031 4300 1235 4353 propter
1262 4289 1516 4343 Christum
1544 4303 1595 4344 et
1623 4280 1771 4346 tidem
1795 4298 2121 4364 catholicam,

622 4375 862 4443 Legimus
891 4374 1041 4427 fuisse
1065 4390 1240 4439 passus
1263 4375 1313 4426 in
1340 4386 1489 4428 aetate
1515 4388 1688 4431 tenera
1718 4398 1741 4431 ελ
2008 4374 2011 4377 ’

623 4467 699 4517 Ex
727 4464 910 4531 quibus
936 4474 1141 4517 sanctus
1166 4465 1412 4528 Justinus,
1438 4468 1687 4520 novenuis
1718 4474 1977 4536 puerulus,

2232 4124 2294 4175 Ut
2319 4124 2486 4176 nullus
2515 4127 2923 4182 Christianorum
2953 4134 3213 4186 sineretur
3238 4137 3432 4203 vivere,

2228 4211 2418 4274 Quibus
2448 4215 2603 4265 vitam
2628 4218 2885 4270 statuebat
2913 4234 3002 4283 per
3033 4230 3287 4275 tormenta
3316 4227 3487 4280 adimi.

2232 4290 2350 4349 Erat
2376 4315 2433 4353 ea
2466 4296 2768 4367 tetupestate
2799 4307 2848 4357 in
2887 4309 3219 4364 Autisiodoro

2157 4381 2204 4437 ι)
2229 4388 2439 4453 Quidum
2469 4391 2545 4441 vir
2574 4393 2737 4444 bonus
2761 4404 2810 4443 et
2828 4396 3015 4458 justus,
3041 4398 3311 4455 Matthazus
3339 4405 3595 4467 vocabulo,
3810 4388 3811 4439 ἶ

2228 4476 2402 4541 illique
2429 4478 2740 4532 Justinianus
2767 4494 2818 4533 et
2843 4483 3079 4543 Justinus
3110 4487 3221 4541 lilii.

619 4557 847 4621 Qualiter
876 4570 963 4638 per
993 4556 1278 4621 passionem
1304 4561 1531 4641 migrarit
1559 4562 1621 4613 ad
1652 4562 1961 4641 Dominum,

620 4644 854 4712 Sequens
882 4634 1046 4697 textus
1074 4636 1447 4698 demonstrabit
1472 4650 1604 4702 scire
1629 4636 1971 4716 cupientibus.
2050 4720 2051 4723 η

616 4732 748 4786 Dum
779 4732 997 4785 crudelis
1028 4734 1363 4789 Diocletianus
1390 4736 1602 4789 Romani
1624 4739 1822 4803 imperii
1851 4745 1874 4769 ⁸

616 4820 780 4872 Simul
808 4836 923 4872 cum
953 4822 1255 4875 Maximiano
1276 4861 1293 4886 ,
1325 4836 1521 4876 teneret
1548 4827 1920 4893 munarcbiam",

624 4910 763 4959 Talis
788 4919 866 4960 est
896 4911 945 4961 in
969 4910 1287 4963 Christianos
1315 4923 1448 4966 mota
1477 4914 1787 4975 persecutio,

621 4994 686 5049 Ut
712 4994 951 5047 darentur
973 4999 1034 5047 ad
1066 5012 1329 5063 poenarum
1358 5000 1589 5051 universa
1619 5014 1829 5067 genera,

620 5078 919 5144 Ubicunque
946 5084 1307 5147 comprehendi
1335 5085 1555 5150 aliquem
1574 5088 1927 5155 contingeret,

621 5168 780 5230 Quem
805 5167 954 5233 hujus
983 5169 1310 5233 professionis
1335 5172 1584 5239 obligaret
1613 5173 1807 5227 titulus.

624 5253 686 5306 Et
708 5269 769 5307 t.e
789 5258 1053 5323 quisquam
1084 5259 1331 5323 potuisset
1364 5262 1615 5314 contutari
1643 5262 1848 5314 latebris
1867 5302 1885 5327 ,

624 5339 816 5407 Ubique
844 5347 1280 5411 componebantur
1320 5347 1416 5399 hoc
1441 5349 1591 5399 modo
1621 5349 1815 5401 insidia:
1833 5389 1846 5411 ,

618 5430 743 5493 Qum
767 5444 945 5485 euntes
968 5433 1331 5500 compulissent
1362 5435 1409 5485 in
1433 5436 1514 5500 jus
1542 5435 1806 5490 idolatriae.

618 5518 727 5571 Non
754 5518 855 5573 illis
880 5524 1082 5576 emendi
1110 5524 1381 5591 quidquam
1410 5535 1495 5573 aut
1522 5524 1772 5579 vendendi
1800 5528 2017 5597 copiam.

698 5632 717 5659 ⁸
761 5628 867 5682 Duo
896 5634 1045 5691 pedes
1075 5638 1121 5683 in
1149 5635 1243 5686 hoc
1269 5648 1414 5685 versu
1444 5632 1719 5685 abundant.

2226 4560 2326 4613 Sed
2354 4562 2809 4629 Justittianusortu
2834 4571 3025 4621 carnali
3055 4588 3413 4635 praeessent:

2224 4647 2452 4725 lustinus
2480 4650 2601 4703 vero
2623 4647 2784 4713 aetate,
2800 4668 3001 4718 morum
3026 4666 3294 4720 anteterat,

2226 4735 2322 4786 Per
2350 4737 2503 4788 vita’tu
2529 4740 2909 4794 imtuacuiatatu
2940 4756 3257 4799 senectutem
3291 4750 3520 4804 induces.

2226 4823 2322 4884 Qui
2351 4823 2399 4875 iu
2426 4826 2566 4877 brevi
2590 4842 2993 4891 consummatus.
3027 4838 3177 4901 longa
3204 4838 3373 4903 explet
3402 4849 3615 4907 tempora

2227 4909 2521 4963 Meritorum
2551 4913 2662 4979 ejus
2692 4914 2841 4968 laude
2870 4931 3110 4972 manente
3141 4926 3190 4973 in
3215 4926 3425 4976 sarcula:

2223 4994 2347 5068 Quia
2377 5000 2625 5075 placuisse
2653 5001 2757 5055 Deo
2782 5003 2892 5070 ejus
2921 5018 3120 5061 constat
3148 5011 3389 5064 animam.

2226 5087 2319 5140 llic
2342 5102 2611 5157 antequam
2641 5104 2963 5159 nascetetur,
2995 5096 3157 5150 frater
3176 5101 3288 5166 ejus
3314 5104 3505 5171 sortiar,

2222 5175 2331 5228 Jatu
2354 5179 2518 5231 dictus
2545 5181 2881 5247 Ju5tiniauus,
2904 5187 3101 5252 capitur
3118 5189 3186 5241 ab
3210 5192 3456 5254 hostibus,

2226 5271 2391 5331 Atque
2413 5281 2441 5317 a
2466 5267 2618 5319 domo
2644 5254 2855 5341 paterna
2878 5272 3076 5339 longius
3103 5258 3390 5333 abducitur.

2193 5357 2196 5362 '
2227 5352 2409 5404 Beatus
2437 5370 2555 5408 vero
2580 5356 2811 5410 Justinus
2840 5375 2955 5412 mox
2987 5377 3015 5414 a
3038 5366 3251 5430 pueritia

2225 5440 2397 5494 llebus
2416 5445 2639 5495 animum
2668 5446 2853 5500 divinis
2883 5450 3195 5504 incessanter
3222 5454 3452 5518 dederat,

2224 5528 2511 5583 Profectum
2535 5534 2883 5598 quotidianum
2912 5538 3068 5591 dante
3096 5540 3180 5593 Dei
3212 5547 3389 5609 gratia.

2291 5635 2316 5671 δ
2356 5638 2463 5690 Duo
2490 5641 2643 5705 potius
2667 5643 2716 5695 in
2750 5644 2845 5698 hoc
2873 5660 3027 5699 versu
3050 5648 3311 5704 abundant

3360 5645 3811 6227 Α
