3862 6364
208 437 330 491 597
990 440 1176 497 SECT.
1220 442 1297 495 ΙΙΙ.
1341 471 1403 481 -—
1442 441 1762 497 CARMINA.
1804 474 1870 483 —
1908 446 2139 503 PASSIO
2177 448 2233 502 S.
2274 448 2542 505 JUSTINI.
3282 458 3381 514 598

205 548 324 613 Qui
356 565 470 601 cum
502 550 720 614 polleret
744 551 984 605 virtutum
1015 552 1161 605 donis
1189 554 1514 619 spiritalium,

210 636 368 689 inter
395 647 582 691 cratera
615 638 710 692 Itoc
740 639 958 705 primum
999 641 1070 693 illi
1106 642 1243 695 Deus
1270 643 1506 705 contulit,

204 720 289 773 llt
322 725 535 778 haberet
564 725 846 778 futurorum
876 742 1012 793 stepe
1043 730 1437 791 prmscieutiam.

202 810 354 861 Tum
390 828 475 875 per
507 815 867 868 revelatinnem
898 831 924 867 a
956 817 1058 868 Deo
1090 818 1355 869 instruitur

205 896 294 950 De
325 900 549 953 fraterna
578 905 839 965 servitute,
871 916 918 956 et
948 906 1010 955 de
1034 906 1145 971 ejus
1170 908 1402 968 domino,

202 989 319 1049 Qui
349 992 703 1055 appellabatur
728 993 917 1056 Lttpus,
947 995 1210 1045 Ambianis
1238 996 1501 1047 habitam:

204 1074 354 1127 Cum
386 1077 478 1129 hoc
507 1079 574 1129 illi
598 1079 876 1131 revelatum
911 1081 1087 1131 luisset
1118 1081 1399 1141 aDomino,

202 1162 358 1218 Patri
392 1182 484 1219 suo
515 1167 611 1221 hoc
644 1186 853 1221 narrare
883 1170 1151 1223 confestim
1183 1173 1467 1237 studuerat,

199 1256 292 1305 ΑιΙ
333 1257 737 1321 redeniptium-m
772 1259 938 1309 fratris
970 1262 1177 1311 hortans
1202 1258 1296 1311 iter
1320 1261 1510 1326 arripi;

196 1344 290 1394 Ad
321 1346 457 1410 quod
490 1346 559 1397 illi
589 1358 731 1411 pater
756 1348 866 1413 ejus
897 1349 1064 1400 taliter
1093 1349 1464 1421 responderat:

195 1432 271 1491 Ο,
311 1432 495 1499 inquit,
526 1435 615 1499 fili,
646 1436 825 1501 ignoro
852 1452 945 1493 una
980 1440 1042 1488 sit
1071 1452 1132 1489 eo
1164 1440 1432 1497 transitus,

199 1518 275 1569 Et
311 1530 519 1587 prepter
551 1524 646 1573 ltnc
674 1524 795 1587 quid
828 1537 1055 1588 agamus,
1083 1539 1165 1577 me
1192 1526 1388 1577 nescire
1420 1526 1599 1577 fateOr.

194 1604 356 1658 Tunc
382 1618 588 1659 sanctus
620 1623 742 1673 puer
767 1608 996 1660 Justinus
1026 1612 1195 1660 animo
1224 1612 1543 1675 accenditur,

192 1695 384 1759 Atque
411 1711 614 1749 omnem
648 1700 947 1764 peragrabat
979 1713 1095 1751 mox
1122 1700 1527 1763 Autisiodorum,

193 1782 389 1835 Sicubi
430 1786 742 1852 reperiretur
767 1788 868 1838 dux
905 1803 977 1839 eis
1005 1789 1222 1841 itineris.

193 1874 311 1926 Sed
342 1889 457 1927 cum
486 1890 585 1927 non
617 1876 930 1928 inveniretur
955 1880 1037 1944 qui
1066 1880 1311 1945 quaesitus
1339 1882 1501 1933 fuerat

192 1962 468 2017 Reversus
498 1980 622 2030 puer
650 1966 844 2024 licatus,
875 1970 971 2019 hoc
998 1969 1123 2033 patri
1153 1970 1439 2028 annuntiat,

189 2051 394 2104 Diceris
423 2061 591 2105 tamen
619 2070 718 2105 non
746 2057 1050 2107 cessandum
1082 2071 1198 2108 esse
1226 2057 1289 2107 ab
1316 2058 1517 2110 itinere.

188 2136 327 2201 Nos,
354 2140 536 2206 inquit,
562 2156 854 2207 pergarnus,
890 2155 1051 2208 pater,
1075 2143 1281 2195 Christo
1312 2146 1457 2195 nobis
1484 2146 1695 2205 comite,

188 2226 294 2285 Qui
331 2243 431 2277 non
462 2230 598 2281 siuet
628 2243 720 2279 nos
752 2229 975 2281 fraudari
1015 2240 1190 2281 nostro
1219 2230 1497 2292 desiderio,

187 2314 349 2377 Quod
376 2314 438 2365 de
469 2316 761 2371 redimendo
791 2315 947 2368 fratre
976 2317 1222 2370 habemus
1249 2319 1298 2369 in
1328 2318 1521 2371 animo.

188 2403 299 2452 Sed
330 2412 381 2454 et
414 2406 738 2458 trattsettndzn
767 2406 916 2458 nobis
942 2404 1147 2459 ChriSto
1175 2406 1269 2458 vite
1299 2407 1558 2471 przeduce.

188 2491 334 2543 Nihil
370 2494 518 2544 nobis
544 2495 864 2560 adversatur,
899 2495 965 2547 nil
996 2497 1094 2547 erit
1119 2499 1459 2561 contrarium,

186 2580 331 2643 Quin
367 2581 509 2632 ἰιιερεί
542 2582 881 2644 ambulemus,
915 2585 1183 2635 redeamus
1211 2586 1452 2649 sospites.

187 2666 273 2719 Ad
309 2668 406 2718 hos
436 2667 525 2721 filii
554 2668 757 2732 affatus,
803 2670 899 2722 ista
929 2681 1073 2737 pater
1098 2671 1347 2723 reddidit:

190 2753 437 2817 l‘ossem,
468 2756 556 2820 ait,
582 2770 678 2822 ego
708 2757 901 2819 forsan,
932 2777 963 2810 ο
987 2757 1053 2809 fili
1082 2758 1393 2821 dulcissime,

186 2841 464 2897 Sustinere
494 2844 589 2895 iter
619 2853 835 2907 tantum,
863 2845 951 2910 qui
976 2859 1088 2897 sum
1121 2844 1280 2897 fretus
1305 2846 1517 2898 viribus.

184 2927 307 2981 Tibi
339 2942 509 2983 autem
532 2946 645 2983 cum
671 2932 745 2983 sis
772 2946 915 2998 puer,
946 2943 998 2983 ut
1021 2946 1122 2985 non
1147 2934 1310 2998 possis
1337 2937 1511 2997 timeo,

185 3018 266 3092 Ife
296 3019 431 3072 forte
459 3020 745 3072 teneritudo
775 3021 893 3073 la-sa
921 3020 993 3072 tui
1019 3021 1273 3087 corporis,

186 3102 484 3173 Faligatum
517 3117 565 3159 te
588 3106 721 3176 quod
744 3109 836 3163 abs
868 3118 916 3162 te
940 3109 1088 3161 faciat
1116 3109 1355 3162 deficere.

190 3196 533 3259 Itespondens
568 3206 775 3250 sanctus
796 3198 1046 3258 Justinus,
1073 3200 1205 3262 patri
1232 3213 1326 3251 suo
1354 3200 1557 3251 retulit:

188 3284 461 3346 Famulus,
488 3286 575 3346 ait,
605 3299 717 3337 sum
738 3284 951 3346 Christi,
978 3287 1025 3337 in
1054 3300 1155 3351 quo
1186 3298 1269 3337 me
1294 3286 1575 3349 conlidere,

191 3373 258 3424 Et
289 3387 376 3425 me
413 3373 485 3425 illi
514 3373 877 3426 commendare
905 3387 1111 3439 semper
1138 3382 1282 3439 pater
1316 3375 1541 3426 noveris.

188 3458 383 3513 Eamus
408 3474 537 3527 ergo
568 3462 617 3513 in
648 3460 759 3526 ejus
781 3460 1048 3513 adoranda
1075 3462 1301 3521 nomine,

190 3545 267 3598 Illi
299 3556 463 3599 totum
490 3548 872 3601 committentes
898 3548 1136 3601 elfectum
1168 3548 1387 3613 itineris,

190 3632 252 3685 Et
278 3634 416 3701 quod
446 3636 517 3685 illi
557 3635 675 3687 inde
704 3636 888 3701 placet,
915 3638 984 3688 sit
1011 3636 1161 3689 nobis
1198 3638 1438 3691 amabile.

188 3723 469 3789 Adquievit
493 3731 633 3789 pater
666 3723 778 3775 istis
807 3723 1146 3777 hortamentis
1173 3718 1284 3787 filii,

189 3811 589 3879 Assumptisque
610 3814 674 3865 ad
704 3815 802 3867 hoc
830 3816 927 3869 iter
954 3816 1049 3868 sibi
1090 3817 1418 3881 necessariis,

190 3898 456 3951 Proficisci
488 3914 604 3951 mox
630 3911 896 3969 coeperunt
924 3904 987 3955 de
1016 3903 1366 3956 Autisiodoro.

193 3984 258 4036 Et
282 3999 402 4037 cum
434 3988 545 4041 dies
572 3988 834 4043 declinare
861 3992 1103 4057 cmpisset
1130 3992 1193 4043 ad
1223 4006 1511 4057 vesperam,

191 4073 244 4125 In
273 4073 593 4129 Milidonensi
624 4088 796 4130 castro
826 4081 1015 4145 recepti
1048 4081 1287 4145 hospitio,

189 4162 512 4226 Quieverunt
552 4168 648 4219 sub
675 4167 905 4233 ejusdem
938 4169 1003 4220 ibi
1034 4171 1199 4223 noctis
1228 4168 1416 4233 spatio:

190 4250 386 4309 Quibus
404 4250 466 4301 ad
498 4263 693 4315 portam
724 4256 925 4316 castelli
956 4270 1153 4321 pauper
1180 4259 1386 4322 quidam
1417 4259 1608 4323 obviat,

191 4339 287 4394 Qui
316 4346 371 4390 et
396 4339 711 4392 claudicabat
738 4356 938 4407 gressu,
968 4353 1019 4397 et
1045 4345 1155 4396 visu
1181 4356 1436 4408 caruerat,

191 4426 355 4488 Quem
387 4439 492 4501 atra
524 4432 738 4483 vexabat
770 4433 945 4493 fames,
980 4436 1169 4497 pariter
1197 4444 1249 4486 et
1276 4439 1507 4488 nuditas:

191 4515 280 4567 Cui
312 4526 369 4567 ut
397 4518 745 4571 innotescebat
773 4518 960 4572 Justini
992 4524 1283 4594 praesentia,

196 4605 537 4667 Mendicabat,
571 4616 627 4659 ut
656 4609 875 4662 donaret
902 4610 974 4662 illi
1004 4613 1403 4681 eleemosynam,

193 4690 305 4753 Quo
337 4707 467 4755 pene
496 4703 749 4746 extortam
782 4696 917 4749 fame
946 4710 1203 4752 recrearet
1230 4704 1493 4759 animam..

195 4778 335 4831 'l‘unc
367 4782 541 4833 beatus
562 4797 692 4849 puer
718 4798 811 4836 suo
840 4787 1056 4852 genitori
1086 4790 1311 4853 suggerit

196 4867 507 4921 Alintentmn
538 4871 644 4922 fore
670 4872 894 4924 dandum
932 4876 1098 4928 eidem
1128 4875 1385 4941 famelico,

195 4954 523 5021 Obtentoque
551 4973 578 5009 a
608 4969 751 5023 patre
779 4962 913 5013 victu
951 4966 1191 5018 emendat
1217 4969 1436 5020 esuriem
1462 4989 1471 5021 :

199 5040 306 5106 Ipse
332 5058 458 5094 vero
486 5060 575 5098 sua
602 5061 719 5100 sese
746 5050 910 5102 tunica
937 5053 1261 5115 exspolians,

199 5127 488 5182 Nuditatem
520 5133 629 5197 ejus
662 5132 809 5186 simul
838 5138 1042 5203 cperire
1070 5140 1288 5201 studuit,

198 5214 463 5269 Geminum
491 5220 725 5284 praebens
755 5226 925 5287 egenti
953 5225 1122 5278 taliter
1149 5227 1420 5280 auxilium.

200 5298 340 5356 Tunc
366 5306 615 5358 adversus
639 5306 778 5358 illum
809 5320 954 5374 pater
976 5321 1144 5364 motus
1164 5314 1503 5380 aliquatenus,

202 5388 471 5461 lttcrepare
496 5394 651 5459 cmpit
679 5386 816 5457 eum,
848 5411 1005 5475 quare
1035 5398 1101 5451 ita
1134 5400 1328 5461 fecerit,

201 5476 417 5544 tijusque
443 5489 543 5531 tam
572 5482 708 5547 pium
735 5484 925 5536 factum
954 5489 1168 5540 vocabat
1197 5489 1541 5556 diSpendium.

201 5563 321 5626 Non,
356 5568 515 5633 inquit
543 5580 745 5623 sanctus
772 5572 1024 5635 Justinus,
1049 5578 1143 5629 hoc
1173 5593 1292 5632 voca
1327 5578 1671 5645 dispendium,

269 5672 288 5696 '
330 5674 403 5726 Al.
415 5712 428 5739 ,
461 5678 714 5744 pra'sagis.

1783 558 1824 613 Α
1855 555 2070 623 Propter
2096 558 2229 625 quod
2261 560 2525 613 beatitudo
2559 561 2706 613 nobis
2738 566 3132 626 repruuiittitur,

1852 646 2041 711 Spiritu
2068 657 2245 700 sancto
2270 649 2472 702 dicente
2501 665 2588 716 per
2618 650 2773 702 David
2816 654 3265 721 psalmographum
3291 679 3303 711 ;

1853 734 1994 785 Felix
2020 738 2104 803 qui
2133 751 2288 802 super
2316 751 2531 803 egenum
2580 738 2820 801 intendit,
2849 754 2901 793 et
2936 758 3236 808 pauperem,

1848 822 2117 883 Quemodo
2154 823 2204 875 in
2233 824 2317 877 die
2346 826 2474 876 mala
2510 826 2642 877 Deus
2670 841 2785 877 eum
2817 825 3018 880 liberat.

1848 914 1951 965 Sed
1978 928 2071 965 nec
2098 914 2161 966 ab
2184 914 2359 966 auditu
2384 916 2519 967 man
2546 916 2728 969 timere
2756 918 3102 982 compellitur.

1849 1001 1975 1052 Mala
2007 1001 2245 1065 reprobis
2274 1013 2351 1054 est
2380 1002 2489 1052 dies
2530 1005 2578 1054 in
2606 1004 2687 1055 die
2708 1004 2917 1070 judicii,

1844 1086 1972 1139 Cum
2008 1090 2072 1141 ad
2098 1101 2345 1141 aeternum
2377 1090 2685 1142 damnantur
2725 1107 2750 1141 a
2784 1092 2889 1145 Deo
2917 1093 3198 1152 interitum,

1846 1176 2023 1228 Arsuri
2058 1178 2173 1244 igne
2202 1188 2396 1231 :eterno
2424 1195 2521 1231 una
2550 1195 2665 1231 cum
2696 1180 2922 1231 diabolo.

1845 1266 1884 1314 Α
1913 1268 2049 1317 malo
2077 1268 2259 1318 timent
2288 1268 2485 1325 auditu.
2520 1270 2703 1335 quibus
2735 1269 2783 1320 in
2810 1267 3009 1337 judicio

1846 1351 1955 1404 Vox
1986 1368 2012 1404 a
2044 1355 2283 1407 tribunali
2308 1354 2499 1407 Christi
2528 1368 2677 1408 sonat
2708 1359 3027 1420 terribiliter,

1846 1440 1917 1493 Ite
1944 1457 1973 1492 a
2003 1458 2104 1505 me,
2131 1445 2409 1501 maledicti.
2442 1446 2491 1495 in
2524 1447 2691 1512 ignem
2723 1456 3043 1511 perpetuum.

1844 1529 1896 1582 In
1927 1531 2021 1583 hac
2048 1542 2217 1584 autem
2246 1535 2329 1585 die
2353 1535 2505 1595 mala,
2537 1550 2635 1601 qua
2665 1537 2974 1588 damnantur
3003 1536 3167 1605 impii,

1846 1616 2071 1670 Liberari
2111 1630 2452 1685 promeretur,
2479 1620 2562 1686 qui
2595 1622 2684 1672 dat
2712 1623 3111 1690 eleemosynam,

1846 1702 1907 1757 Ut
1935 1719 2035 1756 non
2062 1720 2176 1756 eum
2209 1706 2292 1757 ille
2324 1707 2487 1757 malus
2526 1708 2730 1758 auditus
2762 1718 3082 1769 perterrett:

1842 1789 1942 1861 Sed
1974 1793 2137 1858 magis
2164 1792 2363 1843 dicatur
2392 1792 2439 1845 ei
2469 1807 2559 1845 ore
2585 1793 2781 1845 Christi
2809 1794 3001 1861 judicis

1770 1858 1811 1915 Β
1841 1858 1913 1929 Uti
1932 1879 2141 1930 accedat
2169 1894 2325 1946 regno
2349 1880 2457 1943 Dei,
2492 1890 2699 1947 propter
2719 1858 3079 1949 eleemosyuas

1834 1964 2101 2018 Fratribus
2128 1982 2255 2032 quas
2285 1956 2395 2034 ipse
2416 1966 2605 2019 Christi
2637 1969 2963 2035 impendebat
2991 1970 3232 2021 minimis.

1836 2053 2003 2115 Vides,
2037 2056 2219 2119 inquit,
2254 2064 2415 2121 pater,
2446 2069 2635 2122 quanto
2663 2059 2796 2109 bono
2822 2059 3268 2120 compensabimus
3295 2098 3308 2118 ,

1833 2140 1960 2191 Dum
1990 2156 2051 2192 ex
2084 2142 2160 2193 his
2188 2157 2304 2209 quas
2326 2158 2419 2194 nos
2446 2144 2695 2195 habentus
2723 2147 3054 2199 subveniatus
3081 2147 3238 2213 inopi,

1834 2228 1895 2280 Et
1924 2228 2112 2282 idcirco
2139 2230 2274 2297 quod
2305 2231 2541 2283 mendico
2562 2232 2735 2283 datum
2766 2243 2844 2285 est
2866 2248 2965 2285 non
2995 2238 3249 2302 quaerere.

1833 2316 1989 2381 Igitur
2015 2318 2064 2369 in
2098 2317 2340 2370 Milidone
2386 2330 2536 2371 noctu
2569 2319 2923 2383 requieverant
2945 2363 2958 2384 ,

1833 2404 1987 2457 Facto
2017 2420 2167 2458 mane
2196 2409 2291 2459 iter
2321 2423 2468 2460 suum
2500 2410 2732 2475 protinus
2768 2412 3077 2473 accelerant,

1831 2492 1893 2543 Et
1914 2490 2120 2545 Christo
2145 2509 2234 2546 eos
2262 2496 2502 2556 ducente,
2529 2508 2777 2549 venerunt
2803 2498 3077 2555 Parisiutn,

1832 2577 1925 2631 Ubi
1950 2593 1977 2631 a
2000 2581 2222 2647 quodam
2248 2583 2450 2647 excepti
2480 2586 2688 2637 nomine
2718 2585 3013 2655 Hippolyto,

1830 2666 1926 2726 Ipsi
1965 2680 2174 2720 omnem
2207 2668 2544 2733 prodiderunt
2572 2684 2779 2724 causam
2807 2688 2902 2743 pro
2922 2686 3019 2739 qua
3050 2683 3316 2734 venerant,

1827 2754 2056 2818 Scilicet,
2085 2757 2203 2822 quia
2230 2759 2487 2825 captivum
2521 2758 2731 2811 fratrem
2762 2775 2909 2812 suum
2936 2772 3246 2827 quaererent,

1824 2843 2049 2896 Proinde
2076 2845 2201 2897 satis
2227 2844 2480 2898 humanus
2506 2846 2560 2898 fit
2581 2849 2655 2899 eis
2679 2847 3002 2916 Hippolytus,

1828 2930 2035 2983 Etcum
2066 2946 2156 2985 eos
2181 2934 2468 2996 refecisset,
2500 2935 2548 2985 in
2581 2950 2704 3000 pace
2725 2936 3014 3001 dimiserat,

1829 3018 1893 3071 Ut
1911 3030 2136 3087 captum
2164 3022 2258 3074 iter
2283 3023 2510 3089 egissent
2536 3038 2652 3075 cum
2677 3023 2765 3075 Dei
2794 3024 3007 3076 auxilio.

1826 3106 1971 3160 Tunc
2008 3109 2081 3161 illi
2110 3109 2341 3173 profecti,
2371 3110 2562 3163 ﬂumen
2590 3112 2911 3176 attingebant
2936 3112 3160 3171 lseram;

1745 3164 1791 3225 ϐ
1824 3196 1887 3247 Et
1914 3197 2032 3249 dum
2062 3196 2281 3250 transire
2308 3212 2397 3262 per
2424 3199 2543 3249 illud
2575 3164 3029 3264 ipsosuoportuerit
3054 3241 3067 3263 ,

1820 3284 1930 3336 Non
1959 3284 2287 3338 inveniebant
2315 3286 2420 3338 illic
2450 3286 2673 3351 aliquam
2701 3287 3011 3338 naviculam.

1819 3370 1968 3435 Quod
2002 3388 2120 3424 cum
2152 3372 2370 3425 moleste
2409 3374 2611 3425 tulisset
2642 3382 2786 3437 pater
2813 3373 2977 3425 sancti
3007 3372 3172 3439 pueri,

1820 3448 1931 3523 Ipse
1956 3462 2133 3512 beatus
2154 3461 2380 3512 Justinus
2401 3463 2810 3513 demonstratum
2836 3463 3038 3515 caelitus

1818 3548 2135 3599 Conturbato
2156 3548 2376 3615 genitori
2410 3551 2622 3615 protulit
2652 3552 2977 3617 prresagium.

1819 3635 2085 3700 Quamvis,
2115 3638 2218 3697 ait,
2249 3652 2383 3689 nuno
2410 3636 2463 3689 in
2494 3646 2732 3704 promptu
2766 3652 2867 3691 non
2893 3639 3027 3690 adsit
3056 3638 3331 3707 navigium,

1822 3724 1930 3774 Non
1957 3732 2036 3776 est
2062 3732 2230 3776 tamen
2258 3726 2568 3777 anxiandum
2618 3726 2766 3778 nobis
2794 3727 2857 3777 de
2885 3725 3067 3779 itinere
3093 3744 3104 3777 :

3188 3448 3229 3467 ...η

1766 3858 1769 3861 λ
1816 3811 1946 3873 Quia
1973 3810 2099 3863 mihi
2128 3820 2204 3863 est
2231 3828 2259 3863 a
2284 3809 2487 3864 Christo
2515 3822 2777 3863 ostensum
2804 3814 3064 3865 solatittm.

1816 3900 2035 3962 Quidam
2063 3900 2201 3952 enim
2228 3900 2381 3953 homo
2406 3902 2553 3953 nobis
2581 3917 2694 3953 cum
2732 3901 2846 3953 navi
2878 3903 3171 3969 appropiat,

1815 3986 1971 4053 Cujus
2001 3988 2147 4040 nobis
2175 3988 2496 4053 impendetur
2522 3991 2877 4042 incunctanter
2904 3989 3229 4042 commodum
3253 4030 3265 4049 ,

1820 4076 1884 4128 Ut
1912 4078 2131 4127 transire
2158 4078 2417 4129 valeamus
2447 4079 2578 4129 hunc
2602 4088 2907 4143 praesentem
2948 4078 3180 4130 ﬂuvium.

1815 4160 1944 4212 Cum
1974 4162 2141 4213 adhuc
2176 4178 2301 4228 puer
2332 4165 2527 4229 parenti
2560 4165 2856 4230 loqueretur
2890 4166 3029 4227 talia,

1820 4246 1950 4298 Ecce
1973 4248 2180 4312 quidam
2211 4259 2360 4300 nauta
2394 4253 2529 4301 venit
2559 4265 2675 4302 cum
2709 4267 2799 4302 sua
2836 4252 3091 4312 navicula,

1814 4334 1956 4388 Sicut
1982 4344 2190 4387 sanctus
2214 4337 2524 4402 prredicehat
2552 4340 2601 4390 in
2636 4348 2658 4373 ι
2693 4354 2923 4406 ρτωδθεο
2946 4341 3147 4405 spiritu.

1742 4462 1795 4522 υ
1818 4423 1962 4476 'l‘unc
1991 4424 2294 4477 accedentes
2322 4427 2383 4478 ad
2416 4428 2558 4479 illum
2585 4431 2669 4497 qtti
2697 4444 2813 4482 cum
2840 4432 2953 4481 navi
2984 4438 3215 4490 venerat,

1817 4516 1883 4565 Se
1912 4514 2158 4581 petebant
2180 4515 2411 4583 adjuvari
2444 4526 2499 4568 ut
2531 4520 2807 4569 transirent
2834 4519 3063 4579 fluvium,

1816 4606 2168 4675 Navigationis
2192 4607 2385 4672 justum
2415 4606 2689 4660 offerentes
2720 4609 2963 4673 pretium.

1820 4696 1979 4748 Nauta
2010 4695 2168 4763 igitur
2194 4694 2350 4761 petita
2377 4695 2502 4746 satis
2531 4703 2768 4762 prompte
2793 4699 2990 4757 annuit,
3060 4715 3068 4724 -

1817 4782 1941 4845 Ipsis
1969 4796 2091 4835 vero
2119 4780 2324 4833 naulum
2355 4782 2479 4834 dare
2504 4780 2733 4833 debitum
2763 4780 3051 4835 volentibus
3071 4821 3086 4845 ,

1814 4869 1923 4921 Non
1937 4870 2120 4936 accipit
2137 4870 2220 4923 ille
2242 4870 2535 4937 quidquam,
2552 4869 2709 4933 gratis
2726 4877 2972 4935 praestans
2984 4868 3332 4923 commodum.

1819 4959 1891 5009 llli
1930 4967 2099 5009 autem
2131 4963 2482 5023 properantes,
2516 4954 2793 5007 Ambianos
2814 4956 3057 5014 veniunt,

1816 5044 2181 5111 lnquiruntque
2208 5045 2419 5094 domum
2450 5042 2599 5109 Lupi,
2630 5043 2801 5096 fratris
2826 5044 2901 5095 sui
2930 5041 3125 5095 domini
3151 5059 3165 5094 :

1812 5135 1920 5197 Qua
1948 5147 2063 5185 mox
2097 5134 2335 5192 inventa,
2365 5131 2429 5183 ad
2461 5131 2603 5182 illum
2635 5145 2811 5195 preces
2854 5130 3025 5183 ferunt
3051 5130 3328 5197 supplices.

1815 5224 1975 5283 Quem
2005 5219 2145 5286 prior
2167 5230 2374 5271 sanctus
2397 5218 2627 5271 Justinus
2653 5217 2730 5269 his
2753 5217 2936 5269 aifatut-
2964 5219 3171 5269 vocibus
3197 5235 3207 5267 :

1812 5304 2059 5359 Venimus
2090 5306 2151 5357 ad
2184 5317 2341 5364 tuam,
2371 5306 2533 5363 aiens,
2558 5318 2589 5354 o
2619 5303 2778 5369 Lupe.
2812 5304 3136 5356 clementiam
3158 5344 3171 5361 ,

1823 5394 1885 5447 Ut
1911 5394 2164 5459 captivum
2205 5393 2411 5445 fratrem
2441 5400 2672 5443 nostrum
2701 5391 2884 5443 reddas
2913 5391 3059 5441 nobis
3090 5391 3326 5443 liberum.

1818 5482 2138 5546 Compertum
2173 5489 2250 5533 est
2276 5479 2409 5531 enim
2442 5478 2586 5530 nobis
2619 5481 2781 5542 ipsum
2813 5479 2907 5530 sub
2947 5488 2994 5531 te
3021 5480 3224 5542 degere.

1818 5568 1878 5618 Et
1902 5569 1964 5619 ad
1995 5568 2133 5621 illum
2165 5566 2521 5619 redimendum
2549 5577 2770 5619 nostram
2796 5565 3185 5618 substantiolani
