3862 6322
545 314 644 369 599
1241 326 1439 381 BEDIE
1481 330 1926 393 VENERABJLIS
1963 339 2005 392 0

2153 340 2324 396 rans
2365 340 2448 395 ttt.
2489 372 2557 384 -
2600 346 3063 431 PAR/ENE'I‘ICA.
3604 360 3680 415 συθ

545 427 947 491 Apportavimus
975 427 1269 484 donandam
1300 450 1435 491 nunc
1463 452 1556 504 pro
1586 451 1668 494 tua
1695 445 1880 511 gratia.

537 512 682 565 Tunc
712 513 887 580 Lupus
923 518 1007 584 qui
1035 530 1209 573 essent
1239 523 1307 575 illi
1334 538 1566 590 cmperat
1592 529 1852 598 inquirere
1874 573 1889 596 ,

542 603 837 672 llidicilque
866 608 1001 673 quod
1035 608 1254 665 fuissent
1286 629 1386 667 non
1420 616 1521 669 ficti
1546 616 1897 689 Christicolae,

537 693 598 743 lit
626 694 763 760 quod
795 694 1090 752 habitantes
1119 712 1296 755 essent
1333 707 1383 756 in
1413 705 1764 763 Autisiodoro.

531 780 715 837 Frater
739 795 936 851 autem,
959 788 1125 852 aiunt,
1151 802 1345 858 noster,
1373 804 1585 864 propter
1612 813 1766 863 quem
1799 800 1897 853 huc
1927 802 2074 854 veni-

1844 911 2004 983 [mus.

533 982 593 1036 Et
624 1000 776 1051 quem
808 1001 834 1036 a
866 992 1163 1054 captivitate
1190 1009 1442 1049 conamur
1471 1000 1748 1063 redimere,

533 1073 754 1126 Vocatur
778 1076 1120 1146 Justinianus,
1151 1093 1373 1154 tuusque
1414 1099 1493 1141 est
1522 1093 1859 1148 domesticus.

525 1165 652 1232 ligo,
688 1166 854 1234 inquit
895 1169 1089 1239 Lupus.
1123 1176 1270 1229 vobis
1302 1180 1545 1245 praebebo
1576 1181 1878 1249 hospitium,

525 1254 589 1307 Et
614 1271 746 1321 tinos
780 1260 967 1325 habeo,
997 1265 1269 1317 ostendam
1301 1280 1486 1321 omnes
1513 1284 1659 1323 meos
1688 1287 1900 1338 pueros,

522 1343 588 1396 Et
615 1346 657 1397 si
682 1346 842 1399 frater
869 1359 1042 1403 vester
1071 1350 1154 1406 hic
1186 1364 1285 1417 est,
1320 1357 1601 1411 redimatur
1632 1362 1818 1427 pretio.

525 1434 685 1501 igitur
705 1452 821 1489 cum
846 1438 1058 1492 domum
1086 1442 1214 1510 Lupi
1245 1445 1548 1500 Introissent
1572 1462 1809 1514 vc5pere,

521 1524 829 1579 Demonstro
842 1529 912 1581 vit
940 1530 1017 1583 eis
1046 1544 1171 1584 suos
1200 1533 1473 1588 duodecim
1502 1552 1728 1606 pueros,.

519 1612 658 1666 Inter
679 1629 810 1682 quos
835 1631 937 1670 non
969 1627 1051 1670 est
1082 1620 1320 1674 inventus
1344 1623 1432 1677 ille
1460 1639 1612 1693 quem
1647 1629 1990 1695 qutesierant.

519 1705 706 1757 lleatns
734 1721 861 1759 vero
880 1707 1115 1762 Justinus
1140 1713 1319 1765 oculos
1347 1713 1743 1779 circumferens,

524 1792 661 1846 Vidit
683 1797 965 1861 quemdam
996 1806 1142 1851 extra
1176 1799 1317 1865 ipsos
1353 1804 1687 1857 assistentetn
1719 1822 1956 1874 puerum,

517 1884 679 1954 Cujus
709 1887 949 1940 manibus
971 1902 1186 1941 accensa
1214 1890 1475 1947 ferebatur
1504 1890 1759 1962 la'mpada.

518 1973 611 2027 Hic
634 1984 748 2028 erat
772 1975 932 2028 frater
957 1976 1146 2031 Justini
1178 1980 1392 2046 gloriosi
1426 1984 1594 2051 pueri,

513 2062 709 2128 Captus
738 2071 911 2116 tamen
940 2076 1062 2118 ante
1091 2065 1204 2135 rjns
1233 2070 1418 2123 natalis
1456 2074 1750 2137 exordium,

512 2149 785 2217 Nunquam
810 2163 931 2205 ante
961 2162 1164 2221 tempus
1196 2157 1318 2210 illttd
1343 2161 1391 2212 ei
1423 2162 1563 2214 visus
1592 2162 1782 2218 fuerat.

519 2242 706 2294 Beatus
738 2258 863 2297 vero
882 2244 1140 2313 Justinus,
1174 2251 1361 2316 plenus
1391 2266 1574 2306 saneto
1597 2256 1814 2321 Spiritu,

517 2330 671 2385 Nullo
697 2332 908 2390 homine
934 2337 1176 2403 decente,
1211 2340 1465 2394 hactenus
1496 2343 1816 2412 incognitum

517 2420 770 2475 liutndetn
798 2440 1104 2492 germanum
1136 2442 1289 2481 suum
1319 2435 1530 2497 agnovit
1554 2434 1823 2487 continuo.

516 2512 798 2567 Enimvero
826 2530 972 2570 mens
1000 2529 1299 2574 sanctorum
1328 2523 1452 2575 dntn
1484 2524 1723 2579 adhaeret
1745 2524 1983 2590 Domino,

518 2603 586 2656 Ile
617 2605 835 2658 internis
864 2616 917 2659 et
943 2611 1162 2663 occultis
1192 2612 1257 2662 ab
1286 2626 1350 2665 eo
1380 2613 1672 2678 instruitur,

512 2695 612 2748 lies
642 2698 844 2763 ignotas
870 2700 1117 2753 edocetur
1143 2705 1327 2770 spiritu
1362 2706 1688 2773 pr0phetico.

514 2786 754 2839 Ostendit
778 2789 874 2841 hoc
908 2790 1058 2854 liber,
1085 2802 1198 2845 acta
1230 2810 1447 2848 narrans
1471 2799 1772 2865 apostolica,

514 2873 608 2925 Ubi
643 2874 830 2943 legitur
861 2876 1161 2944 frequenter
1192 2899 1201 2931 :
1238 2882 1377 2935 Dixit
1405 2897 1617 2938 sanctus
1644 2886 1871 2952 Spiritus

508 2964 631 3016 Sive
660 2964 831 3031 Petro,
863 2967 971 3021 sive
999 2968 1176 3035 Paulo,
1212 2986 1302 3023 seu
1331 2974 1518 3040 cuique
1542 2974 1822 3043 discipulo.

505 3051 613 3104 lloc
644 3053 798 3106 modo
828 3066 1040 3108 sanctus
1063 3056 1302 3111 Justinus
1332 3059 1541 3113 fratrem
1566 3063 1688 3116 dum
1717 3074 2024 3132 agnosceret

504 3139 649 3208 Lupo
678 3143 762 3208 qui
791 3157 911 3196 eum
945 3146 1150 3197 tenebat
1180 3148 1453 3201 confestim
1486 3150 1581 3204 hoc
1613 3154 1870 3219 prodidit:

501 3231 664 3291 Meus,
697 3233 956 3298 inquiens,
980 3244 1060 3287 est
1090 3228 1271 3299 frater,
1301 3241 1382 3304 qtti
1416 3241 1513 3313 fert
1539 3257 1693 3295 manu
1734 3244 2045 3312 lampadam.

500 3320 601 3370 l’ro
636 3321 734 3373 hoc
766 3322 1072 3377 redimendo
1100 3326 1161 3378 ad
1198 3334 1246 3378 te
1277 3337 1422 3395 pater
1461 3346 1607 3385 meus
1638 3344 1873 3400 venerat,

491 3407 568 3459 Tu
600 3408 772 3470 nobis,
807 3419 863 3464 ut
891 3415 1193 3477 promisisti,
1229 3415 1349 3471 hine
1386 3427 1497 3471 esto
1530 3421 1842 3482 benevolus,

495 3497 556 3549 Ut
585 3512 838 3565 germano
862 3503 1096 3555 comitati
1129 3516 1430 3570 repetamus
1463 3511 1690 3578 propria.

492 3586 581 3639 llis
609 3589 824 3652 auditis,
855 3590 1019 3643 frater
1045 3593 1159 3659 ejus
1190 3595 1425 3649 redditur
1446 3601 1718 3666 attonitus,

487 3677 634 3738 Quod
665 3678 734 3732 ab
762 3692 1120 3749 eo_nunquam
1156 3684 1297 3737 visus
1323 3687 1499 3742 taliter
1528 3688 1592 3743 sit
1622 3693 1881 3760 cognitus.

487 3768 581 3833 Qui
615 3768 889 3822 adfuerant
921 3772 1180 3826 mirantur
1207 3788 1367 3843 super
1396 3793 1453 3829 re
1486 3781 1715 3839 insolita.

486 3860 892 3918 Gratulabantur
924 3862 1126 3929 fideles,
1154 3866 1443 3932 gaudentes
1472 3870 1521 3920 in
1556 3870 1799 3933 Domino,

483 3949 655 4014 Atque
678 3964 772 4013 pro
802 3957 943 4002 tanta
976 3952 1169 4005 virtute
1194 3953 1301 4006 Deo
1329 3968 1481 4023 agunt
1510 3960 1728 4025 gratias,

485 4035 549 4087 Et
578 4052 695 4089 cum
728 4037 881 4091 laude
904 4037 1097 4092 Christi
1130 4055 1321 4094 nomen
1352 4043 1655 4112 frequenter
1693 4046 2033 4113 ingeminant.

484 4126 642 4179 Erant
671 4126 738 4180 ibi
770 4126 820 4178 in
848 4127 1032 4183 eodem
1056 4133 1327 4184 constituti
1359 4142 1612 4199 tempore,

483 4215 732 4269 llomines
764 4216 982 4283 retiarii,
1015 4234 1175 4287 supra
1207 4223 1329 4275 dic-ti
1356 4224 1577 4288 judicis;

478 4307 574 4370 Qui
609 4315 665 4358 ut
688 4321 782 4360 eos
811 4308 1139 4363 Christianos
1166 4326 1285 4364 esse
1316 4325 1754 4383 rccognoverant,

476 4396 679 4449 Conciti
726 4397 1099 4451 adnuntiarunt
1140 4400 1264 4453 illud
1295 4417 1391 4455 suo
1418 4404 1650 4469 domino,

474 4486 530 4540 Si
558 4486 677 4553 quid
709 4486 842 4541 forte
868 4487 1118 4541 voluisset
1145 4490 1210 4543 de
1246 4490 1372 4557 ipsis
1405 4495 1714 4559 praicipere,

471 4575 625 4628 Juxta
658 4576 797 4644 leges
824 4578 1179 4646 promulgatas
1210 4581 1460 4636 adversus
1489 4583 1851 4639 Christicolas.

471 4664 615 4717 Tunc
645 4665 786 4717 misit
810 4667 1084 4720 confestim
1112 4668 1268 4731 judex
1300 4672 1385 4736 qui
1417 4687 1507 4724 eos
1545 4674 1895 4729 adducerent.

474 4755 616 4820 Quos
646 4754 687 4807 si
719 4754 1007 4809 noluissent
1036 4760 1206 4825 sequi,
1232 4758 1393 4826 jussit
1421 4761 1589 4815 claudi
1620 4779 1858 4832 carcere,

484 4846 658 4899 ltonec
686 4856 978 4913 opportune
1006 4860 1221 4913 possent
1247 4853 1548 4916 praesentari
1588 4854 1817 4909 sibimet.

477 4934 687 4987 Interim
719 4934 916 5001 Lupus,
950 4935 1037 5001 qui
1070 4935 1186 4989 illos
1213 4940 1445 5007 suscepit
1472 4943 1724 5011 hospitio,

474 5022 583 5078 Sub
608 5024 731 5090 ipsis
763 5024 1033 5078 nocturnis
1057 5024 1198 5078 horis
1223 5041 1316 5079 eos
1342 5032 1688 5098 excitaverat,

472 5121 533 5172 Et
562 5118 704 5171 abire
735 5118 1041 5172 hortabatur
1072 5120 1192 5174 inde
1219 5132 1341 5176 ante
1365 5123 1668 5180 diluculum.

475 5209 767 5263 Adfuerunt
795 5224 934 5272 sero,
967 5210 1151 5279 inquit,
1181 5211 1263 5265 hic
1288 5212 1516 5279 przefecti
1547 5215 1815 5281 homines,

467 5304 563 5367 Qui
596 5314 647 5356 ιιι
675 5318 795 5357 esse
826 5300 1152 5356 Christianus
1182 5320 1275 5356 vos
1309 5304 1531 5371 primum
1560 5317 1947 5375 compererant,

474 5394 723 5447 Nnutiare
753 5395 851 5447 hoc
875 5393 1121 5462 prchecto
1151 5394 1322 5447 festini
1351 5394 1611 5450 abierunt.

476 5484 705 5535 Fratrem
735 5499 860 5551 ergo
888 5499 1042 5551 quem
1067 5485 1347 5549 quaesistis,
1378 5486 1651 5541 vobiscum
1683 5486 1949 5555 adducite,

480 5575 869 5642 ltcdcmptiunis
898 5592 924 5627 a
958 5576 1103 5629 vobis
1136 5578 1355 5643 pretium
1388 5594 1489 5630 non
1517 5582 1739 5647 exigam,

470 5663 689 5718 "Tantum
720 5666 933 5735 fugitote
964 5668 1154 5721 isthinc
1186 5686 1210 5719 a
1237 5673 1681 5737 persecutoribus.

2030 3095 2216 3187 ὀἐι

2105 453 2152 508 Α
2185 448 2290 504 lllis
2318 452 2455 506 sicut
2492 456 2797 511 hortabatur
2828 460 3093 525 profectis,
3126 460 3378 515 velociter

2172 541 2603 608 Supervenerunt
2629 547 2695 599 ab
2721 546 2837 615 ipso
2863 548 3110 603 destinati
3136 550 3347 618 judice;

2178 632 2273 695 Qui
2302 634 2345 686 si
2376 635 2606 691 invenire
2636 649 2867 705 possent,
2898 641 3039 709 ipsos
3064 642 3588 709 comprehenderent.

2180 721 2383 775 Etcum
2414 739 2513 778 non
2544 713 2896 782 invenirentur
2921 731 3007 798 qui
3035 733 3239 799 quaesiti
3270 731 3503 797 fuerant,

2179 811 2417 881 Regressi
2443 824 2564 867 sunt
2589 815 2655 868 ad
2682 818 2978 883 prefectutn
3014 834 3147 887 quos
3178 821 3299 874 illuc
3326 822 3598 885 direxerat,

2174 900 2454 955 Narrantes
2482 906 2617 968 quod
2653 904 2759 971 jam
2789 905 3008 974 digressi
3048 909 3115 960 ab
3146 911 3243 963 hac
3269 910 3431 966 domo
3458 913 3647 968 fuerat.

2175 989 2318 1044 Tunc
2348 992 2625 1058 praefectus
2652 994 2800 1061 jubet
2824 995 2929 1048 cito
2954 998 3158 1063 equites
3185 1010 3240 1051 ut
3266 1010 3484 1067 quatuor

2176 1080 2377 1146 Insequi
2406 1096 2497 1134 eos
2522 1084 2791 1137 studerent
2822 1098 2978 1138 cursu
3005 1087 3360 1151 velocissimo,

2172 1175 2342 1235 Atque
2369 1170 2431 1221 ad
2466 1184 2617 1223 suum
2651 1172 2874 1226 tribunal
2911 1191 3030 1227 mox
3057 1190 3148 1229 eos
3169 1176 3509 1233 adducerent.

2170 1257 2222 1310 Si
2254 1244 2601 1313 reniterentur
2630 1262 2933 1331 quidquam,
2959 1265 3113 1330 jussit
3145 1281 3237 1319 eos
3269 1268 3474 1334 periuri.

2174 1344 2329 1413 Igitur
2351 1351 2575 1415 arreptis
2597 1354 2768 1418 equis,
2806 1354 3151 1421 insequuntur
3187 1371 3410 1424 propere

2169 1438 2283 1502 Quo
2310 1449 2522 1493 sanctus
2553 1455 2681 1508 puer
2707 1439 2942 1513 Justinus
2972 1459 3089 1497 cum
3120 1447 3228 1499 suis
3256 1447 3564 1503 tetenderat.

2171 1525 2337 1579 Locus
2368 1528 2591 1582 habetur
2617 1531 2867 1601 antiquus
2895 1534 3099 1601 Lupera
3130 1538 3459 1603 cognomine,

2168 1615 2248 1668 Ad
2276 1632 2429 1682 quem
2460 1633 2578 1671 cum
2608 1621 3106 1690 appropinquarent,
3133 1640 3233 1676 non
3263 1625 3415 1694 longe
3444 1628 3672 1684 abluerent

2169 1703 2297 1772 Ipsis
2322 1721 2348 1757 a
2378 1708 2620 1773 praefecto
2649 1710 2792 1762 missi
2814 1714 3053 1765 crudeles
3089 1716 3382 1769 carnifices.

2096 1770 2140 1827 Β
2168 1770 2313 1846 'f‘une
2330 1770 2653 1849 Justinianus
2683 1809 2923 1851 sanctum
2948 1800 3214 1854 Justinum
3242 1803 3549 1871 alloquitur;

2164 1882 2635 1949 Opportunitateut,
2667 1887 2759 1947 ait,
2792 1889 2979 1943 isthinc
3004 1893 3177 1945 cernis
3198 1893 3399 1953 adfore,

2163 1969 2272 2035 Qua
2304 1984 2433 2039 aqua
2464 1975 2625 2040 possit
2654 1976 2866 2042 hauriri,
2899 1989 2961 2035 et.
2981 1995 3075 2034 nos
3100 1983 3220 2034 cibo
3250 1983 3412 2037 refici.

2164 2060 2218 2114 Si
2243 2067 2430 2127 placet,
2456 2063 2820 2121 consideatnus
2848 2083 3027 2136 parum
3051 2071 3200 2138 panis
3226 2072 3482 2141 frangere,

2162 2148 2331 2217 Atque
2355 2166 2503 2219 aquae
2530 2152 2715 2208 haustu
2744 2156 2857 2210 sitis
2883 2158 3127 2211 ardorem
3156 2153 3514 2230 exstinguere,

2162 2243 2353 2307 Sicque
2384 2256 2557 2311 postea
2591 2248 2825 2300 valemus
2854 2251 3117 2316 proﬁcisci
3150 2253 3365 2305 melius.

2162 2329 2253 2381 Cui
2276 2330 2461 2385 beatus
2485 2335 2738 2398 Justinus,
2764 2334 2875 2405 jam
2908 2336 3082 2389 futura
3116 2340 3432 2405 prtesciens:

2161 2419 2214 2470 Si
2243 2432 2473 2486 gustare,
2503 2422 2689 2489 inquit,
2721 2424 2910 2476 isdiinc
2934 2425 3132 2493 aliquid
3160 2427 3455 2493 disponitis,

2162 2508 2269 2562 Erit
2300 2512 2446 2562 vobis
2476 2512 2572 2564 hoc
2602 2514 2819 2565 omnino
2850 2514 3144 2569 faciendum
3183 2517 3362 2576 citius.

2160 2594 2295 2648 Ecce
2322 2598 2461 2648 enim
2491 2599 2909 2667 appropinquant
2940 2601 3039 2654 huc
3068 2603 3222 2670 legati
3247 2604 3455 2669 judicia,

2156 2686 2252 2747 Qui
2282 2700 2396 2749 nos,
2427 2686 2469 2737 si
2503 2687 2766 2749 valebunt,
2795 2688 2988 2741 debent
3010 2690 3175 2755 judici
3201 2692 3483 2754 adducere,

2157 2776 2223 2827 Et
2246 2775 2309 2827 ad
2335 2790 2516 2841 pinnas
2543 2777 2842 2829 subeundas
2866 2779 3036 2831 eidem
3063 2780 3405 2834 contradere.

2158 2866 2260 2918 Vos
2290 2880 2434 2934 ergo,
2462 2880 2667 2932 preciir,
2698 2869 2739 2918 si
2765 2868 2940 2930 vultis,
2978 2868 3221 2922 festinate
3253 2873 3423 2932 relici;

2154 2956 2263 3024 Ego
2292 2964 2467 3008 astans
2495 2956 2822 3023 speculabor,
2851 2958 3037 3025 aliquis
3064 2961 3107 3013 si
3135 2962 3358 3023 venerit,

2153 3043 2247 3110 Qui
2273 3046 2549 3099 insidietur
2580 3048 2752 3112 nobis,
2781 3065 2841 3100 ex
2871 3049 3116 3102 mandato
3144 3050 3356 3117 jndicis.

2243 3135 2285 3188 si
2314 3137 2582 3203 quisquam
2610 3137 2673 3188 ad
2705 3139 2801 3191 hoc
2830 3137 2978 3191 nobis
3009 3138 3144 3192 forte
3170 3138 3540 3205 supervenerit,

2154 3226 2262 3293 Ego
2286 3227 2552 3295 colloquar
2580 3242 2695 3280 cum
2725 3229 2843 3293 illo;
2874 3239 2928 3281 at
2956 3244 3046 3281 vos
3085 3230 3438 3298 ingredimini.

2153 3315 2214 3366 Et
2240 3317 2290 3366 in
2318 3317 2589 3381 prresentis
2617 3318 2885 3385 speluncae
2915 3330 3067 3372 antro
3099 3335 3188 3373 vos
3216 3319 3535 3375 abscondite.

2148 3405 2249 3457 Ista
2286 3407 2573 3472 prephetali
2606 3422 2751 3460 more
2781 3421 2910 3475 puer
2934 3421 3146 3463 sanctus
3181 3412 3426 3475 loquitur,

2146 3493 2276 3546 Cum
2308 3509 2430 3547 ecce
2468 3510 2586 3547 mox
2618 3498 2973 3562 aditnplentur
3003 3498 3164 3565 ipsius
3193 3500 3422 3566 eloquia,

2144 3582 2270 3647 Quae
2302 3581 2536 3647 praedixit
2565 3582 2632 3636 de
2662 3586 2980 3639 transmissis
3007 3588 3102 3639 sibi
3130 3587 3482 3641 carnificibus.

2147 3671 2355 3723 Etenim
2393 3672 2530 3725 inter
2558 3674 2881 3740 loquendum
2914 3675 3239 3742 apparebant
3266 3688 3490 3745 quatuor

2142 3760 2281 3823 Quos
2313 3764 2678 3815 transmiserat
2716 3765 2997 3828 przefectus
3030 3779 3122 3819 eos
3150 3767 3598 3834 comprehendere

2143 3848 2230 3902 Vel
2263 3851 2304 3903 si
2332 3853 2429 3904 hoc
2457 3868 2559 3905 non
2599 3856 2908 3919 potuissent,
2943 3865 3065 3909 tunc
3089 3871 3181 3909 eos
3207 3858 3527 3912 occiderent.

2139 3940 2336 4003 Quibus
2367 3942 2509 4004 visis,
2543 3958 2600 3997 se
2633 3944 2681 3994 in
2710 3954 2917 3997 antrum
2948 3948 3126 3999 caeteri
3155 3942 3449 4015 abripiunt;

2141 4029 2328 4081 Beatus
2353 4044 2477 4083 vero
2501 4030 2737 4084 Justinus
2764 4033 3011 4086 consistit
3039 4034 3326 4099 intrepidus

2135 4121 2213 4172 Ad
2245 4122 2475 4190 martyrii
2506 4137 2535 4175 a
2568 4122 2780 4176 Christo
2808 4123 3110 4181 destinatus
3136 4126 3380 4192 gloriam.

2136 4211 2212 4264 Ad
2240 4227 2391 4278 quem
2423 4213 2789 4268 ministeriales
2814 4214 3126 4268 accedentes
3149 4215 3359 4281 jttdicis,

2133 4301 2473 4355 Sciscitautur
2498 4304 2613 4368 quis
2645 4303 2846 4369 fuisset,
2877 4320 2991 4371 qua:
3016 4307 3129 4372 ejus
3153 4304 3430 4370 professio,

2063 4429 2113 4488 ο
2136 4392 2319 4457 Quive,
2349 4396 2426 4446 vel
2460 4394 2543 4445 ubi
2576 4394 2811 4458 fuissent,
2844 4408 2973 4462 quos
3003 4395 3228 4447 habebat
3254 4396 3443 4447 socios.

2139 4485 2337 4551 Quibus
2370 4487 2455 4538 ille
2487 4485 2750 4539 referebat
2776 4489 2951 4539 omnia
2986 4501 3079 4554 per
3106 4486 3369 4549 ordinem,

2139 4575 2266 4640 Ego,
2300 4576 2558 4641 inquiens,
2589 4576 2834 4630 Justinus
2860 4577 3156 4644 appellatus
3186 4577 3418 4638 nomine,

2132 4666 2482 4718 Christianum
2510 4682 2594 4719 me
2627 4667 2806 4720 haberi
2845 4668 3115 4720 exsultans
3141 4665 3418 4734 profiteor:

2138 4756 2198 4808 lit
2224 4756 2341 4821 quia
2373 4766 2733 4824 persecutores
2762 4757 2915 4825 hujus
2943 4757 3070 4811 esds
3105 4756 3350 4819 nominis,

2133 4848 2212 4899 Ub
2235 4848 2333 4899 hoc
2359 4849 2579 4911 prodere
2604 4862 2703 4898 non
2737 4862 2946 4915 possum
2980 4861 3125 4899 meos
3155 4847 3302 4899 vobis
3330 4855 3601 4913 compares,

2132 4936 2205 4988 Ne
2237 4945 2452 5002 propter
2480 4950 2563 4988 me
2591 4936 2897 5004 subigantur
2927 4938 2990 4988 ad
3016 4952 3285 5004 pinnarum
3308 4950 3513 5002 genera.

2130 5024 2257 5088 Nisi,
2282 5027 2449 5087 aiunt,
2486 5025 2601 5077 illos
2634 5028 2781 5079 nubis
2809 5027 2964 5079 citius
2994 5026 3308 5094 prodideris,

2131 5114 2319 5167 Nostro
2345 5114 2480 5168 scias
2507 5112 2848 5182 jugulandum
2881 5124 2931 5166 te
2956 5115 3063 5183 jam
3096 5115 3211 5168 fore
3239 5114 3432 5184 gladio,

2130 5204 2255 5258 Tam
2286 5205 2421 5273 quod
2451 5205 2639 5258 abnuis
2668 5205 2780 5257 haec
2808 5205 2983 5269 nobis,
3010 5221 3165 5275 quatn
3198 5205 3337 5273 quod
3365 5219 3424 5259 es
3449 5198 3635 5257 Christi-

3242 5304 3245 5305 ν
3418 5294 3562 5367 [cola

2128 5402 2468 5472 Respondeas
2493 5416 2705 5459 sanctus
2729 5405 2988 5471 Justinus,
3017 5406 3148 5461 dixit
3175 5408 3537 5463 carniﬁcibus:

2129 5492 2457 5557 liepromittit
2486 5495 2695 5562 quidem
2734 5507 2973 5549 sanctum
3013 5497 3161 5550 nobis
3193 5496 3525 5566 Evattgelium

2127 5582 2194 5635 Ut
2221 5582 2306 5649 qui
2337 5593 2548 5651 prepter
2574 5586 2837 5639 Christum
2867 5602 3014 5639 suam
3040 5589 3267 5641 animam
3295 5583 3583 5656 perdiderit,

2124 5675 2178 5727 ln
2208 5673 2364 5728 vitam
2396 5684 2642 5730 a'tcrnam
2685 5692 2804 5733 vere
2832 5679 3072 5734 eamdem
3101 5680 3368 5735 custodiat
3386 5697 3404 5745 ;

3348 5777 3802 6230 Al
