3862 6364
146 419 257 475 601

149 531 228 587 Et
252 533 448 588 ideirco
479 547 658 601 pmnas
684 535 783 601 pati
815 549 906 599 pro
938 536 1025 587 illo
1050 552 1149 587 non
1177 536 1359 598 timeo,

151 625 361 679 hileetn
392 626 506 695 ejus
538 628 735 678 malens
764 627 892 678 mori
926 641 1079 692 quam
1109 628 1306 681 offcnse
1342 630 1537 685 vivere.

142 715 310 775 Quod
337 731 463 768 vero
488 716 678 781 jnhetis
708 731 735 767 ιι
766 732 849 769 me
883 717 1025 782 prodi
1058 732 1203 771 mens
1231 733 1525 785 compares,

144 804 508 858 Nihilominus
536 806 632 859 hoc
657 816 892 859 sanetum
926 818 1067 861 vetat
1097 809 1457 872 Evangelinm,

142 894 277 950 lnso
300 896 523 949 Domino
550 910 874 950 monstrante
902 900 1036 966 quod
1066 899 1162 951 hoc
1193 902 1354 952 nollet
1390 901 1524 954 fieri.

139 982 287 1036 Nam
314 984 521 1051 quando
565 986 613 1037 in
645 986 905 1052 passione,
935 1001 1090 1052 quam
1125 1002 1218 1065 pro
1252 989 1401 1040 nobis
1432 992 1665 1057 pertulit,

140 1074 293 1127 Suos
314 1076 422 1140 ipse
443 1084 523 1129 est
547 1086 770 1129 exactus
798 1076 1015 1143 prodere
1044 1077 1357 1145 discipulos,

142 1162 369 1217 Minime
395 1180 574 1218 eorum
604 1165 805 1219 delator
829 1168 988 1219 voluit
1016 1169 1275 1230 existere,

142 1254 212 1306 Et
247 1272 369 1309 cum
396 1257 927 1324 comprehenderetur
956 1275 981 1310 a
1016 1262 1459 1326 persecutoribus,
1540 1272 1545 1277 ‘

142 1346 410 1415 Praecepit
437 1358 493 1401 ut
521 1350 819 1402 sinerentur
845 1350 988 1402 abire
1017 1351 1283 1417 discipuli,

137 1436 223 1487 Ne
252 1452 591 1504 quemquam,
623 1448 675 1489 ut
700 1440 806 1503 jam
836 1440 1093 1506 praedixit,
1119 1457 1181 1493 ex
1210 1442 1407 1494 eisdem
1436 1444 1696 1510 perderet.

136 1526 301 1580 Nunc
331 1526 501 1594 itaque
528 1529 798 1590 novrritis,
828 1539 1069 1581 neutrum
1098 1547 1181 1581 me
1209 1540 1233 1566 ἰ
1268 1531 1461 1583 facere.

140 1615 219 1670 Ut
241 1618 325 1672 vel
347 1618 540 1671 Christi
570 1632 758 1671 nomen
786 1628 1023 1671 sanctum
1052 1630 1189 1672 metu
1216 1621 1398 1674 mortis
1419 1623 1695 1691 abnegem,

135 1707 406 1761 Sociosve
436 1722 577 1761 meos
606 1708 821 1771 prodam
852 1718 1029 1761 contra
1066 1708 1420 1777 Evangelium.

134 1800 446 1853 Adversum
477 1800 587 1852 haec
627 1800 938 1852 documenta
970 1800 1266 1853 irascuntur
1294 1802 1484 1866 nuntii,

136 1888 435 1952 Mutuoque
464 1889 739 1940 adhortatu
770 1902 950 1942 necem
987 1901 1168 1941 saneto
1199 1900 1520 1956 praeparant,

135 1980 296 2035 Quos
318 1974 397 2028 vel
430 1990 605 2041 parum
636 1985 938 2042 exspectare
968 1984 1100 2028 vetat
1134 1976 1425 2031 iracundia.

135 2064 333 2131 Itaque
360 2064 631 2129 evaginato
658 2063 865 2117 demum
891 2079 1025 2117 unus
1053 2065 1245 2134 gladio,

138 2152 459 2217 Amputavit
483 2162 638 2221 caput
666 2154 799 2215 ejus,
827 2153 1030 2206 cteteris
1055 2153 1399 2207 hortantibus.

133 2240 232 2295 Sic
257 2256 378 2295 cum
405 2242 566 2307 gloria
594 2251 645 2293 et
674 2242 829 2295 laude
856 2251 1052 2309 martyr
1082 2244 1246 2297 cmlos
1275 2245 1457 2305 subiit,

134 2329 351 2398 Duplici
380 2332 696 2400 proprietate
724 2333 913 2399 duplex
944 2332 1140 2384 habens
1165 2333 1421 2394 bravium,

134 2422 295 2485 Quod
325 2431 379 2476 et
405 2422 455 2475 in
484 2421 820 2476 confessione
845 2422 1037 2476 Christi
1070 2421 1450 2488 perduraverit,

139 2511 211 2563 Et
240 2526 410 2581 usque
438 2512 501 2563 ad
532 2521 756 2565 mortem
785 2527 908 2567 suos
939 2514 1204 2578 proximos
1231 2513 1505 2566 dilexerit:

138 2599 196 2653 In
229 2600 349 2668 ipso
375 2602 647 2667 praeceptis
672 2601 863 2653 Christi
892 2603 1179 2655 delectatus
1206 2601 1468 2666 dulcibus,

134 2688 293 2754 Quod
325 2704 422 2741 nos
447 2689 601 2753 jussit
628 2697 748 2742 ante
777 2689 893 2742 illos
923 2689 1049 2740 nihil
1080 2689 1191 2741 fore
1222 2688 1451 2748 timidos,

135 2776 242 2839 Qui
272 2776 517 2830 occidunt
553 2791 745 2843 corpus
786 2777 947 2838 istud,
980 2785 1177 2829 textum
1208 2778 1354 2829 venis
1383 2778 1657 2844 languidis.

141 2863 201 2916 In
236 2864 336 2917 hoc
366 2878 395 2916 a
424 2875 606 2916 sancto
632 2863 834 2917 Joanne
862 2879 1048 2917 suasus
1075 2865 1331 2930 apostolo,

134 2951 265 3016 Qui,
295 2953 427 3006 sicut
449 2952 686 3005 Christus
717 2969 809 3018 pro
835 2952 984 3005 nobis
1012 2956 1238 3004 animam
1265 2964 1530 3017 posuerat,

136 3039 230 3093 Sic
256 3041 383 3092 dicit
407 3048 461 3093 et
484 3055 579 3092 nos
600 3038 792 3093 debere
821 3039 992 3093 facere
1016 3054 1107 3106 pro
1134 3039 1404 3093 fratribus.

140 3132 393 3193 Proinde,
420 3132 484 3185 ad
512 3131 883 3186 declarandum
914 3143 1119 3200 quanta:
1147 3141 1286 3185 es<et
1320 3130 1499 3198 gloria)
1518 3173 1532 3197 ,

139 3222 286 3275 Idem
321 3222 650 3275 venerandus
691 3235 887 3291 martyr
914 3224 1118 3275 occisus
1146 3237 1236 3288 pro
1262 3221 1484 3275 Domino

138 3311 440 3363 flloriosnm
471 3312 863 3365 demonstratur
889 3300 1127 3377 pi'otiuus
1157 3310 1481 3363 miraculum.

138 3400 427 3465 Amputato
453 3400 589 3451 enim
616 3399 731 3467 ejus
757 3410 1092 3453 sacrosancto
1116 3402 1306 3467 capite,

135 3484 345 3553 Corpus
378 3495 617 3539 truncum
650 3487 749 3539 hoc
778 3488 827 3539 in
857 3488 967 3539 suis
1001 3489 1238 3541 manibus
1270 3490 1550 3557 accipiens,

136 3580 277 3630 Ante
306 3578 495 3631 suimet
521 3578 732 3632 lictores
756 3587 973 3633 steterat
1000 3579 1268 3635 immobile
1293 3598 1307 3633 :

136 3664 302 3732 Cujus
323 3681 441 3718 mox
471 3667 814 3734 obstupefacti
844 3679 1040 3722 terrore
1064 3670 1318 3737 prodigii,

140 3752 366 3820 Fugiunt
396 3766 777 3820 persecutores,
805 3772 906 3810 nou
935 3758 1046 3811 ausi
1075 3758 1360 3812 subsistere
1380 3801 1394 3823 ,

136 3841 269 3894 Cum
304 3854 540 3897 sanctum
569 3845 804 3899 viderent
832 3856 1029 3899 tantum
1064 3848 1232 3901 facere
1266 3851 1599 3906 mimculum.

140 3933 394 3987 Parentes
418 3949 540 3988 vero
569 3935 732 4001 ipsius
758 3938 953 4004 egressi
998 3936 1063 3991 de
1094 3938 1303 3991 latebris
1323 3981 1338 4005 ,

140 4021 333 4076 Vident
360 4032 595 4077 sanctum
625 4039 814 4093 corpus
843 4026 956 4092 ejus
994 4031 1285 4083 consistens
1316 4030 1583 4085 immobile
1602 4072 1615 4095 ,

136 4109 414 4179 Miratique
438 4112 574 4179 quod
600 4115 861 4167 abscisum
891 4125 1044 4180 caput
1074 4116 1232 4171 ferret
1259 4120 1513 4173 manibus.

139 4199 294 4252 Varia
327 4201 376 4253 in
408 4212 581 4255 mente
602 4213 815 4257 versant
850 4204 917 4257 tle
944 4207 1057 4272 ejus
1086 4210 1368 4273 martyrio,

142 4291 275 4343 Dum
303 4292 419 4344 talis
439 4293 486 4345 ei
517 4294 743 4361 gaudere
782 4296 1069 4347 censuisset
1098 4292 1259 4363 gloria
1286 4335 1302 4361 ,

143 4384 205 4435 Et
231 4398 440 4437 rursum
469 4386 590 4438 flere
617 4385 681 4438 de
706 4386 794 4439 illo
833 4396 1011 4438 natura
1061 4396 1401 4455 suggereret:

138 4475 363 4529 Maxime
389 4486 560 4529 tatnen
589 4478 655 4530 de
684 4478 774 4531 illo
802 4478 931 4530 fiunt
956 4478 1075 4533 inde
1112 4479 1271 4541 anxii,

137 4566 248 4627 Qua
276 4565 636 4631 sepeliendum
674 4577 814 4619 esset
840 4576 1098 4620 sacratum
1128 4570 1489 4635 corpusculum
1514 4610 1527 4633 ,

137 4655 420 4720 lllntuaque
465 4658 583 4708 inde
619 4657 718 4709 sibi
760 4660 1038 4711 conferunt
1078 4661 1355 4724 colloquia.

135 4746 262 4809 Quze
299 4760 419 4797 cum
453 4756 685 4813 agerent,
729 4746 931 4800 diversa
974 4751 1200 4802 motione
1242 4753 1403 4805 animi

138 4832 303 4897 Caput
336 4833 473 4886 beati
502 4834 712 4898 Justini,
743 4836 878 4901 quod
908 4838 1142 4902 gestabat
1173 4840 1410 4894 manibus
1430 4884 1443 4904 ,

140 4920 325 4973 Mirum
356 4923 517 4987 dictu,
550 4925 708 4989 cmpit
736 4925 849 4978 illos
872 4923 1109 4979 abstilute
1134 4929 1322 4995 alloqui
1340 4968 1355 4991 ,

141 5011 203 5061 Et
229 4998 428 5063 docens
455 5012 520 5065 de
548 5016 809 5080 sepultura
852 5015 931 5067 sui
974 5031 1063 5068 eos
1088 5020 1324 5084 corporis
1350 5036 1362 5071 :

142 5100 361 5163 Euutes,
392 5102 573 5169 inquit,
622 5106 685 5156 ad
718 5107 886 5157 locum
927 5107 1015 5172 qui
1046 5107 1244 5174 Lupera
1290 5108 1477 5162 dicitur
1500 5150 1514 5173 ,

142 5196 310 5259 Atque
337 5207 509 5245 meum
535 5194 751 5261 sepelito
780 5197 972 5249 ibidem
1002 5200 1406 5265 corpusculum;

141 5282 283 5334 Matri
320 5297 441 5335 vero
470 5297 595 5336 mea:
640 5296 791 5351 caput
833 5286 930 5339 hoc
971 5303 1141 5341 meum
1172 5289 1412 5343 advehitc
1440 5329 1457 5356 ,

145 5371 205 5425 Ut
232 5374 523 5426 naturalem
551 5374 787 5429 affectum
821 5378 870 5430 in
900 5379 1021 5430 illud
1057 5379 1331 5443 exhibeat;

145 5462 420 5515 mammis
463 5465 562 5517 mei
606 5481 781 5519 secum
823 5467 957 5519 istud
995 5470 1178 5536 pignus
1206 5470 1427 5525 habeat:

146 5550 247 5615 Ipsa
294 5568 419 5603 vero
450 5556 490 5606 si
519 5564 716 5609 tenetur
757 5558 857 5612 mei
904 5558 1213 5624 desitlerio,_

144 5642 356 5698 Studeat
386 5660 433 5695 ιιι
466 5647 697 5708 paradiso
729 5664 810 5703 me
840 5652 1064 5703 locatum
1109 5653 1375 5719 subsequi,

942 425 1123 479 SECT.
1166 427 1248 480 Ill.
1292 456 1356 468 -
1394 426 1714 482 CARillNA.
1755 456 1825 467 —
1865 430 2099 483 PASSIO
2138 432 2193 485 S.
2234 430 2510 487 JUSTlNl.

1716 4516 1765 4572 D

3182 430 3185 435 ’
3248 440 3351 491 609.

1741 539 1788 595 Α
1816 538 1915 592 Ubi
1954 540 2141 592 anima:
2170 551 2464 594 sanctOrum
2490 543 2761 609 quiescunt
2788 544 3030 598 feliciter.

1806 626 1953 681 Tune
1982 630 2072 693 illi,
2104 640 2156 682 ttt
2185 640 2393 684 sanctus
2423 643 2618 701 martyr
2642 634 2884 687 Justinus
2914 644 3230 701 praeceperat

1802 718 2121 772 Condientes
2149 734 2336 787 corpus
2364 722 2496 789 ejus,
2530 723 2596 774 ibi
2625 723 2957 789 sepelierant,

1805 806 1899 860 Ubi
1932 808 2044 875 ipse
2066 810 2233 861 locum
2261 810 2324 862 ad
2355 811 2451 865 hoc
2476 812 2697 880 signavit
2724 827 2784 865 ex
2814 814 3053 878 nomine;

1799 897 1968 961 Caput
1993 914 2116 951 vero
2146 900 2262 968 ejus
2293 904 2444 954 matri
2474 903 2635 969 ipsius
2661 904 2974 957 attulerant:

1800 986 1948 1048 Quod
1979 987 2061 1039 illa
2091 989 2321 1055 gaudens
2350 990 2597 1057 suscepit,
2635 991 2739 1043 Deo
2766 1007 2924 1059 agens
2953 994 3168 1060 gratias,

1799 1077 1926 1139 Quia
1967 1077 2292 1131 innocentem
2321 1080 2434 1147 ejus
2464 1081 2697 1134 animam
2724 1083 2995 1135 asciverit:

1799 1164 1938 1227 Tibi,
1965 1166 2163 1229 dicens,
2189 1168 2413 1231 Christe,
2448 1169 2631 1232 honor,
2662 1172 2770 1223 laus
2797 1180 2854 1224 et
2873 1172 3133 1239 juhilatio,

1798 1255 1926 1319 Quia
1958 1256 2196 1323 dignatus
2225 1272 2282 1310 es
2312 1257 2467 1310 istum
2502 1273 2718 1325 puerum
2750 1274 3039 1325 assumere,

1801 1344 1861 1395 Et
1886 1346 2152 1397 associare
2174 1347 2276 1397 tuis
2299 1345 2463 1399 beatis
2489 1350 2823 1416 martyribus.

1805 1432 1873 1484 At
1906 1442 1978 1491 tu,
2013 1434 2161 1485 beate
2189 1433 2409 1495 JnStine,
2442 1436 2511 1487 fili
2544 1438 2611 1488 mi
2640 1436 2964 1501 dulcissime,

1801 1521 1897 1585 Qui
1925 1522 2117 1574 Christi
2146 1538 2358 1590 regnum
2386 1523 2585 1577 intrasti
2615 1541 2729 1579 cum
2760 1529 2927 1589 paluia
2952 1531 3201 1593 victoriae,

1802 1606 1873 1660 lbi
1903 1608 2006 1661 mei
2036 1624 2235 1661 memor
2262 1620 2375 1663 esto
2415 1614 2463 1663 in
2498 1614 2597 1664 tuis
2625 1614 2909 1682 suffragiis.

1802 1698 1922 1751 Han
1948 1698 2111 1765 ipsius
2137 1699 2393 1767 genitrice
2420 1712 2603 1757 orante
2632 1719 2748 1757 cum
2782 1708 3047 1775 lacrymis,

1802 1788 1917 1841 Mox
1947 1788 2271 1857 resplenduit
2307 1792 2392 1845 lux
2433 1794 2616 1863 ingens
2644 1809 2798 1863 super
2829 1796 3204 1861 habitaculum,

1727 1858 1774 1915 Β
1804 1876 1857 1931 In
1888 1894 1992 1948 quo
2017 1890 2253 1933 sanetum
2285 1890 2439 1950 caput
2467 1858 2580 1950 ejus
2608 1858 2895 1938 habebatur
2922 1889 3163 1952 positum.

1731 1989 1735 1992 ν
1804 1966 1923 2019 Haec
1950 1974 2123 2019 autem
2150 1967 2234 2020 lux
2260 1970 2661 2040 circumquaque
2690 1983 2874 2026 cuncta
2905 1974 3273 2043 illustraverat,

1804 2055 1874 2108 Ira
1902 2065 1959 2109 ut
1989 2056 2373 2110 admirarentur
2395 2062 2482 2125 qui
2517 2062 2565 2112 in
2596 2061 2725 2115 urbe
2754 2064 2998 2116 aderant:

1803 2143 1928 2196 Erat
1955 2152 2127 2198 autem
2155 2159 2279 2209 nox,
2311 2160 2426 2199 cum
2459 2148 2595 2201 istud
2624 2151 2775 2203 tieret
2803 2152 3135 2207 miraculum.

1801 2230 1852 2281 lu
1884 2231 1985 2284 illis
2013 2232 2196 2286 diebus
2224 2234 2400 2287 sedem
2432 2233 2483 2287 in
2518 2236 2864 2290 Autisiodoro

1801 2323 2029 2378 Rexerat
2057 2326 2429 2394 episc0palem,
2460 2339 2663 2381 amator
2692 2328 2771 2381 vir
2803 2330 3033 2399 Domini,

1802 2411 1965 2478 Quem
1992 2413 2282 2468 divinorum
2312 2416 2571 2469 ornabant
2596 2432 2811 2469 munera
2840 2418 3231 2473 charismatum.

1799 2502 1892 2554 llic
1919 2502 2039 2555 dum
2072 2504 2275 2557 cmlitus
2306 2504 2553 2557 emissum
2587 2506 2923 2571 splendorem
2952 2508 3299 2575 con5piecrcl.

1802 2588 1879 2640 Ire
1908 2589 1971 2640 ad
2002 2590 2212 2642 domum
2244 2590 2468 2643 Matthxi
2498 2591 2653 2658 jussit
2684 2600 2789 2645 tres
2822 2595 3176 2662 presbyteros,

1752 2686 1755 2695 1
1798 2678 1893 2741 Qui
1919 2678 1983 2729 de
2015 2677 2130 2741 ipso
2156 2678 2391 2732 studiose
2423 2689 2665 2745 portento
2696 2680 3039 2747 inquirerent.

1796 2770 1873 2833 Qu
1899 2768 1993 2820 bus
2023 2768 2192 2819 nuntia
2226 2768 2497 2820 blatthmus
2529 2770 2703 2821 retulit
2734 2785 2825 2835 per
2853 2770 3113 2833 ordinem,

1704 2905 1713 2911 .
1800 2857 1866 2909 Ut
1894 2871 1950 2908 se
1979 2857 2044 2909 de
2073 2869 2254 2909 saneto
2274 2858 2478 2910 Justino
2506 2872 2588 2911 res
2619 2868 2759 2922 gesta
2794 2859 3065 2922 habuerat,

1798 2947 1887 2998 Vel
1919 2949 1982 2999 de
2012 2950 2252 3014 passione
2279 2948 2415 3015 ejus,
2452 2949 2530 3001 vel
2566 2951 2775 3015 sepulto
2807 2963 3062 3016 corpore;

1794 3035 2073 3102 Subjungit
2100 3044 2151 3087 et
2179 3036 2243 3087 de
2272 3037 2430 3088 allato
2464 3038 2613 3089 matri
2647 3037 2759 3104 ejus
2785 3040 2976 3102 capite,

1798 3124 2133 3190 Qualiterque
2160 3125 2245 3177 lux
2277 3120 2341 3177 tle
2373 3126 2505 3179 ctelo
2536 3127 2661 3178 hora
2689 3127 2855 3179 noctis
2881 3130 3031 3181 tertia

1722 3190 1765 3249 (ἶ
1801 3211 2018 3265 Domum
2046 3212 2211 3279 ipsam
2238 3214 2287 3265 in
2308 3227 2407 3280 qua
2431 3222 2544 3265 erat
2565 3228 2771 3266 onmem
2804 3214 3166 3269 illustraverit.

1797 3304 1918 3357 ll.re
1940 3306 2231 3373 presbyteri
2259 3306 2321 3357 ad
2344 3321 2492 3356 suum
2517 3305 2748 3359 referunt
2771 3306 3091 3375 pontificem,

1796 3391 1894 3454 Qui
1925 3393 2110 3445 adesse
2140 3407 2346 3443 onmem
2369 3393 2566 3446 clerum
2596 3395 2827 3459 protinus
2850 3404 3166 3462 prmceperat

1793 3481 1999 3534 Gratias
2027 3480 2382 3546 Omnipoteuti
2435 3491 2598 3550 agunt
2626 3498 2719 3548 pro
2748 3485 3022 3537 miraculo.
3082 3500 3085 3501 '

1801 3572 2034 3639 Denique
2061 3573 2377 3626 clarilicatur
2408 3574 2505 3625 hoc
2530 3573 2721 3626 factum
2755 3589 2844 3641 per
2876 3575 3159 3641 populum:

1792 3666 2122 3719 Concurrunt
2149 3680 2331 3719 omnes
2363 3667 2669 3733 gaudentes,
2700 3676 2986 3733 martyrem
3022 3666 3335 3735 glorificant,

1794 3755 1902 3806 [Ino
1932 3754 2228 3814 Dominum,
2264 3753 2350 3820 qui
2382 3754 2523 3804 illum
2558 3754 2631 3806 sic
2657 3752 3042 3807 mirificaverat.

1793 3842 2021 3906 Interim,
2049 3840 2262 3908 jubcnte
2291 3850 2469 3894 sancto
2491 3849 2723 3894 amatore
2751 3842 2990 3907 prresule,

1792 3934 1957 4000 Caput
1990 3944 2231 3985 sanctum
2260 3934 2571 3985 eotloeatum
2600 3932 2857 4000 condigne
2886 3930 2936 3983 in
2970 3932 3165 3985 feretro

1800 4023 1923 4076 Cum
1955 4022 2153 4075 honore
2186 4031 2345 4088 atque
2372 4021 2582 4087 hymnis
2615 4020 2776 4073 fertur
2803 4022 2866 4072 ad
2896 4020 3197 4083 ecclesiam,

1796 4117 1856 4169 Et
1886 4118 1938 4169 in
1969 4117 2083 4168 loco
2113 4131 2264 4183 quem
2297 4116 2495 4182 paravit
2521 4115 2729 4168 sibimet
2756 4117 3055 4181 episcopus,

1798 4208 1865 4259 lbi
1894 4207 2021 4260 illud
2046 4216 2354 4260 veneranter
2383 4205 2593 4259 recondi
2621 4206 2946 4272 providerat:

1796 4295 1891 4349 Ubi
1923 4296 2067 4361 plttra
2101 4305 2298 4361 martyr
2336 4303 2548 4347 sanctus
2579 4302 2789 4360 prmstat
2818 4294 3085 4347 benelicia.

1793 4386 1925 4437 Nam
1956 4384 2018 4436 ad
2047 4384 2483 4449 comprobandum
2512 4384 2626 4450 ejus
2650 4380 2770 4447 ctﬁu
2796 4384 2900 4436 Deo
2924 4384 3229 4450 potentiam,

1793 4477 1957 4527 Sacro
1990 4474 2144 4542 capiti
2176 4474 2299 4526 dum
2322 4474 2503 4542 dignas
2529 4474 2797 4527 celebrant
2826 4475 3123 4541 exsequias,

1796 4566 1969 4619 Puella
1995 4582 2111 4633 qua:
2138 4580 2273 4619 eatea
2305 4566 2465 4629 venit,
2497 4566 2636 4619 clare
2663 4567 2845 4620 videns
2871 4567 3054 4629 rediit;

1790 4657 1915 4721 Qua:
1936 4672 2053 4709 cum
2080 4665 2221 4709 esset
2248 4656 2297 4707 in
2319 4664 2493 4716 mtate,
2519 4656 2715 4709 habens
2738 4669 2901 4709 annos
2926 4654 3174 4719 sedecim,

1793 4750 1928 4801 Inter
1957 4749 2199 4815 martyris
2229 4746 2454 4799 delatum
2484 4748 2697 4800 veniens
2726 4747 3058 4815 obsequium:

1790 4840 2012 4905 Adjuva,
2043 4839 2228 4905 inquit,
2264 4839 2410 4891 beate
2445 4850 2640 4906 martyr
2662 4838 2875 4903 Christi,
2909 4838 3117 4907 adjuva,

1794 4933 1857 4986 Ut
1882 4936 2044 4984 visum
2076 4933 2161 4983 diu
2193 4942 2431 4997 negatum
2464 4940 2548 4981 tuo
2578 4932 2887 4997 patrocinio,

1787 5027 2007 5080 Domino
2033 5027 2237 5079 Christo
2269 5033 2565 5091 prmstante,
2599 5026 2811 5091 adipisci
2846 5040 3065 5086 merear,

1785 5119 1900 5185 Quo
1926 5118 2159 5169 laudetur
2189 5130 2376 5167 nomen
2408 5115 2520 5181 ejus
2550 5117 2597 5168 in
2626 5128 2709 5169 tuo
2740 5117 3012 5184 martyrio.

1788 5207 1947 5269 Dixit,
1978 5216 2152 5273 atque,
2180 5218 2355 5258 coram
2378 5206 2518 5258 omni
2546 5206 2750 5273 pepnlo,
2779 5205 3022 5259 continuo

1788 5288 2061 5355 Restituto,
2084 5302 2139 5347 ut
2172 5296 2396 5362 petebat,
2422 5294 2687 5347 oculorum
2720 5295 2932 5358 lumine,

1787 5384 1838 5436 In
1868 5382 2245 5450 glorificatione
2278 5381 2522 5449 martyris
2554 5382 2822 5449 tripudiat.

1787 5474 1974 5527 lterum
2016 5473 2160 5539 plebs
2191 5470 2362 5524 omnis
2392 5472 2621 5538 gaudens
2649 5473 2841 5539 gratias
2870 5471 3215 5540 congeminat,

1788 5561 2011 5615 Laudem
2038 5561 2217 5613 dicens
2244 5559 2500 5611 Salvatori
2525 5558 2647 5613 Jesu
2671 5560 2874 5611 Christo
2907 5560 3144 5621 Domino,

1788 5650 1877 5705 Cui
1907 5652 1973 5703 sit
2002 5651 2165 5701 honor
2193 5658 2245 5700 et
2284 5657 2507 5715 potestas
2550 5664 2640 5717 per
2670 5658 2858 5700 :ctcrua
2891 5650 3095 5701 sznc'ula.
3134 5654 3299 5703 Amen

206 5761 231 5786 “
259 5756 465 5823 Syllaba
494 5756 556 5812 ad
583 5768 800 5811 mctzunt
830 5761 991 5815 deest.
1026 5764 1177 5817 Forte
1212 5764 1481 5833 lugendum
1518 5783 1526 5817 :
1560 5763 1801 5817 Neutrum
1833 5764 1923 5816 hoc
1951 5778 2023 5814 mc
2054 5768 2235 5832 litura.
