3862 6348
240 420 345 477 005

852 552 1172 594 οερτειιεκ.

245 622 360 673 ldus
384 623 702 686 Septembris
728 641 879 680 senas
908 630 1178 681 dedicabat
1202 631 1421 693 honoro,

242 710 371 777 Quis
401 715 586 765 tnernit
617 717 760 767 nasci
793 718 908 769 felix
932 718 1038 785 jam
1072 707 1213 776 virio
1243 720 1421 771 Maria.

244 804 464 853 Uttavas
490 806 716 857 decimas
743 806 1011 859 Cornelius
1048 808 1167 859 inde
1199 808 1454 861 Kalimdas

239 888 543 951 Consecrat,
574 901 623 943 et
652 890 941 959 Cyprianus
972 896 1123 945 simul
1155 896 1337 948 ordine
1364 898 1537 962 digno.

241 974 530 1039 Euphemia
562 988 611 1028 at
637 992 786 1029 senas
815 979 1041 1031 decimas
1069 990 1208 1032 tenet
1236 982 1559 1041 intemerata,

242 1062 555 1116 Undecimus
578 1067 712 1130 capit
740 1077 791 1116 at
814 1068 1081 1121 Matlltzeus
1110 1071 1289 1121 doctor
1317 1084 1576 1133 amamus,

241 1150 517 1203 Mauricius
546 1159 625 1206 det
645 1154 772 1206 illi-IS
802 1166 996 1222 martyr
1020 1172 1134 1207 cum
1164 1158 1389 1208 tnillihus
1418 1172 1537 1219 una,

243 1233 441 1300 Quinas
468 1241 679 1290 sortitur
706 1240 922 1291 Cosmas
948 1244 1043 1293 sibi
1067 1257 1182 1295 cum
1217 1244 1481 1294 Damiano.

237 1327 504 1381 Michaelis
535 1341 705 1381 ternas
734 1332 909 1396 templi
938 1332 1191 1384 dedicatio
1221 1342 1413 1394 sacrat,

242 1414 411 1482 Atque
441 1417 601 1468 bonus
624 1421 785 1484 pridie
818 1422 969 1472 micat
996 1422 1249 1487 interpres
1276 1422 1605 1486 .leronyntns.

885 1525 1137 1562 “CTOBEB.

238 1592 428 1647 Sexlas
454 1595 687 1648 Octobris
720 1598 874 1649 Nonis
912 1602 1037 1651 Bosa
1072 1610 1213 1666 Optat
1248 1600 1434 1650 habere

236 1682 512 1736 Soletnnes
542 1688 710 1746 terris,
742 1701 944 1737 snunno
975 1689 1058 1754 qui
1087 1688 1276 1752 gvtutlet
1300 1690 1539 1756 Olympo.

239 1770 305 1823 Et
331 1773 521 1837 gemini
544 1774 711 1839 quiuis
746 1775 935 1825 Ewddi
962 1786 1099 1826 sorte
1130 1779 1391 1829 eolnntnr.
1692 1778 1699 1817 δ

240 1858 484 1912 Paulinus
508 1876 661 1913 senas
693 1875 829 1915 tenet
863 1866 975 1914 ldus
1001 1866 1116 1930 jure
1146 1865 1405 1928 Magister,

240 1948 433 2003 Doctor
462 1962 539 2003 ter
564 1952 728 2018 quinis
751 1952 910 2005 Lucas
935 1970 1179 2007 succurre
1203 1954 1463 2006 Kalendis.

240 2037 468 2091 Simonis
495 2042 666 2107 quinis
692 2054 741 2095 et
766 2041 909 2096 Juda:
944 2057 1058 2096 vota
1092 2045 1336 2099 feramus.

312 2154 337 2179 ⁸
370 2149 474 2209 AL,
503 2151 688 2202 rulilrt.

313 2213 337 2249 δ’
368 2217 474 2276 AL,
508 2222 684 2268 meriti.

313 2293 334 2319 ε
366 2284 474 2345 AL,
509 2284 699 2336 Octavi.

252 2418 506 2438 ᾑ-

1252 433 1436 487 SECT.
1483 434 1564 486 Ill.
1604 466 1673 478 —
1708 435 2023 491 CARMINA.
2050 467 2131 507 _—
2171 438 2378 492 IIYMXI

3309 434 3411 491 606

2502 564 2790 601 NDVEIDER.

1881 635 2140 703 Multiplici
2164 645 2187 671 ι
2217 636 2385 688 rutilat
2408 651 2606 703 gemma
2636 651 2727 689 cen
2761 638 2807 687 i-t
2836 637 3001 689 fronte
3028 634 3321 689 November

1878 726 2191 776 Cunctorum
2220 726 2377 792 lulget
2405 734 2697 777 sanctorum
2726 726 2874 777 laude
2899 725 3122 777 decoris.

1880 813 2124 865 Martinus
2153 816 2315 866 ternis
2344 816 2546 866 scandit
2583 829 2742 878 super
2771 814 2944 865 Idibus
2974 826 3130 865 astra.

1878 900 2160 964 Quindenis
2184 901 2336 952 vitam
2366 903 2531 952 linivit
2553 902 2739 953 Thecla
2764 900 3028 953 Kalendis.

1878 988 2067 1039 Cecilia
2088 985 2111 1021 δ
2147 989 2333 1040 merito
2355 988 2570 1039 decimis
2599 1002 2715 1039 cum
2749 989 2897 1040 laude
2922 988 3171 1053 migravit.

1877 1074 2157 1127 Clementis
2185 1074 2283 1125 ιωιί
2314 1090 2618 1127 veneramur
2650 1074 2773 1127 festa
2801 1079 3033 1128 novenis.
3102 1128 3113 1135 η

1883 1171 1903 1195 ε
1930 1162 2129 1213 Octavis
2162 1164 2525 1228 Chrysogonus
2553 1174 2673 1215 OVat
2706 1164 2941 1215 vitalibus
2970 1164 3127 1217 arvis.

1878 1252 2109 1301 Andreas
2138 1250 2325 1312 pridies
2352 1252 2487 1315 jnSte
2519 1260 2791 1303 veneratur
2814 1253 2878 1302 ab
2904 1256 3045 1303 Utile.

2511 1355 2801 1392 DLCEMBER.

1878 1424 1978 1479 Ter
2000 1426 2226 1479 decimas
2250 1427 2457 1479 Daciani
2482 1426 2708 1493 lgnatins
2735 1442 2880 1493 a-qne
2908 1425 3166 1477 Kalendis.

1879 1516 1963 1567 llos
2000 1510 2139 1567 senis
2166 1514 2354 1567 caelum
2380 1522 2539 1578 cmpit
2568 1518 2921 1569 conscendere
2950 1517 3189 1567 Thomas.

1876 1606 2077 1656 (letavis
2102 1614 2247 1655 natus
2269 1605 2514 1655 Dominus
2539 1606 2602 1655 de
2628 1607 2819 1671 virgine
2848 1615 3007 1657 casta.

1875 1693 2127 1761 Martyrio
2150 1691 2444 1757 Stephanus
2475 1692 2701 1754 septenis
2723 1692 2855 1741 alma
2889 1690 3084 1756 petivit.

1878 1779 1962 1831 Bis
1992 1782 2151 1832 ternis
2181 1782 2511 1849 evangelicus
2536 1782 2756 1843 scriptor
2782 1780 3064 1845 penetravit

1812 1860 1856 1917 Β
1882 1871 2126 1935 Angelico
2150 1880 2324 1921 vectus
2348 1871 2593 1921 tutamine
2617 1872 2756 1935 virgo
2779 1865 3024 1920 Joannes.

1882 1959 2122 2027 Martyrio
2154 1970 2324 2011 tenera
2356 1969 2679 2025 prostrantnr
2709 1960 2857 2010 \lillia
2881 1957 3074 2024 quinis,

1882 2044 1906 2081 δ
1928 2048 2227 2100 Silvestrum
2254 2046 2442 2112 pridias
2470 2048 2793 2100 celebramus
2814 2048 2876 2098 ab
2900 2048 3023 2097 orbe
3052 2058 3072 2083 ε
3106 2045 3393 2100 coiendum.

1951 2154 1977 2192 ά
2006 2156 2109 2221 AL,
2143 2155 2447 2209 Silvestrem.

1955 2233 1977 2258 “
2003 2223 2110 2287 AL,
2134 2223 2394 2277 Kalendis.

516 2424 3383 2451 ..._._______________—_____________________.

1348 2478 1674 2602 HYMNI
1734 2529 2266 2601 TREDECIM.

716 2694 984 2747 II’YMNUS
1022 2697 1278 2750 PRIMUS.

704 2781 779 2832 De
803 2784 992 2834 ratione
1016 2794 1309 2851 temporum.

236 2870 419 2919 Annus
444 2871 570 2921 Solis
592 2872 882 2924 continetur
906 2882 1127 2935 quatuor
1153 2877 1491 2941 temporibus,

234 2960 312 3009 Ac
335 2958 522 3011 deinde
550 2959 858 3025 adimpletur
882 2963 1151 3012 iluoilerim
1185 2965 1467 3027 mensibus.

232 3045 611 3114 Quinquaginta
642 3056 695 3098 et
720 3048 921 3100 duabus
942 3051 1104 3101 currit
1126 3051 1551 3116 hebdomadibus,

231 3133 570 3188 Trecentents
597 3138 859 3205 sexaginta
887 3148 1039 3206 atque
1063 3144 1289 3207 quinque
1314 3142 1513 3195 diebus.

232 3221 337 3274 Sed
360 3232 572 3287 excepta
602 3233 779 3289 quarta
810 3235 955 3291 parte
986 3228 1151 3280 noctis
1176 3237 1330 3293 atque
1349 3230 1475 3293 diei,

232 3312 361 3376 Quze
378 3311 579 3363 dierum
611 3327 885 3379 superesse
910 3317 1140 3369 cernitur
1167 3318 1344 3371 seriei.

238 3398 314 3450 De
333 3407 617 3465 quadrante
644 3410 758 3466 post
783 3417 1033 3469 annorum
1063 3404 1141 3457 bis
1167 3405 1411 3467 binorum
1430 3407 1732 3468 terminum.

231 3487 560 3541 Calculantes
587 3489 932 3557 colligendum
962 3492 1305 3547 decreverunt
1327 3495 1631 3551 bissextum.

238 3574 372 3627 Hinc
393 3589 642 3629 annorum
671 3577 995 3630 diversantnr
1022 3581 1185 3648 longae
1218 3582 1513 3637 latitudines

242 3662 473 3726 Quorum
498 3664 703 3723 quidam
735 3667 1047 3733 embolismi,
1073 3670 1278 3737 quidam
1305 3672 1432 3724 fiunt
1451 3687 1770 3726 communes.

239 3751 424 3802 llrevis
450 3750 639 3818 quippe
662 3753 748 3819 qui
778 3765 987 3806 vocatur
1006 3760 1298 3810 communis
1325 3760 1611 3823 lunaribus,

236 3838 377 3892 Solis
400 3853 605 3906 semper
630 3841 882 3895 duodenis
910 3846 1217 3897 terminatur
1243 3848 1524 3901 mensibus.

238 3924 449 3995 Longus
478 3939 648 3980 autem
678 3930 762 3995 qui
785 3932 996 3983 omnino
1018 3934 1361 3987 einbolismns
1383 3936 1585 3997 dicitur.

237 4015 399 4069 Luna!
427 4018 588 4071 tribus
616 4028 770 4087 atque
793 4021 972 4075 decem
997 4025 1234 4077 cursibus
1264 4025 1545 4092 colligitur,

239 4106 644 4162 Brevioris‘a'nni
675 4118 813 4162 totus
839 4112 1145 4169 terminatur
1172 4116 1415 4175 circuln‘s.

235 4192 571 4249 Trecentenis
593 4197 987 4264 quinquaginta,
1014 4216 1075 4252 ac
1096 4206 1313 4267 quatuor
1338 4202 1543 4255 diebus.

166 4350 173 4355 θ
239 4288 450 4354 Longus
483 4300 608 4339 vero
642 4288 779 4341 lunas
805 4302 971 4341 annus
999 4290 1048 4340 in
1074 4289 1271 4343 diermn
1298 4294 1535 4352 termino,

236 4374 549 4427 Continetnr
575 4382 893 4446 trecenteno)
921 4384 1193 4441 octogeno.
1224 4388 1497 4439 quaterno.

240 4459 357 4511 Uno
390 4468 575 4527 nempe
601 4472 754 4528 atque
777 4462 953 4513 decem
982 4462 1161 4515 diebus
1193 4464 1241 4515 in
1272 4464 1476 4527 ordine,

238 4548 421 4601 Brevis
445 4563 611 4601 annus
636 4552 754 4601 anni
790 4550 915 4603 solis
943 4560 1219 4618 superatur
1246 4553 1467 4619 agmine.

238 4636 435 4690 Novem
465 4650 590 4689 vero
616 4637 953 4701 embolismus
977 4636 1131 4707 atque
1160 4640 1339 4691 decem
1368 4640 1573 4701 diebus,

239 4722 543 4776 Pervidetnr
561 4722 681 4776 an‘hi
704 4725 827 4795 solis
847 4726 1080 4779 eminere
1106 4724 1364 4778 cursibus.

239 4815 316 4865 Ac
346 4828 435 4879 per
464 4816 610 4866 istam
640 4815 715 4865 sui
748 4796 951 4879 semper
980 4815 1279 4867 incrementi
1307 4816 1559 4881 copiatn,‘
1615 4812 1621 4816 ’

242 4900 543 4952 Hreviornm
574 4901 830 4970 longiores
848 4904 1195 4969 compensant
1218 4904 1461 4967 inepiam.

241 4990 441 5045 Dehinc
468 4988 644 5043 decem
674 5001 827 5059 atque
856 5007 1039 5044 novem
1064 5008 1315 5045 annorum
1338 4994 1605 5048 statuitur.

238 5080 469 5143 Tempus
490 5087 688 5130 certum
720 5094 821 5145 quo
844 5080 1039 5132 lunaris
1071 5082 1322 5133 terminus
1346 5082 1639 5147 porrigitur,

240 5168 296 5219 ln
318 5183 423 5235 quo
450 5173 581 5220 lunae
605 5166 921 5231 replicantur
949 5184 1101 5221 cursu
1132 5171 1354 5235 quodam
1376 5169 1571 5228 subtili.

242 5257 326 5308 liis
353 5256 558 5308 centeni
590 5265 771 5319 terque
794 5254 914 5349 depi
940 5250 1098 5307 semel
1130 5257 1267 5320 quini
1298 5258 1496 5309 circuli.

242 5342 372 5396 llinc
398 5352 453 5396 et
481 5344 599 5394 inde
630 5352 682 5393 nt
702 5341 861 5409 exigit
887 5341 1258 5405 perseverando
1291 5344 1438 5409 ratio,

238 5431 308 5485 Se
339 5446 431 5496 per
461 5440 631 5497 partes
657 5430 770 5482 dies
798 5430 958 5483 saltus
986 5430 1247 5483 interserit
1270 5433 1454 5498 spatio.

242 5522 378 5572 Intra
401 5532 606 5583 quoque
632 5532 783 5581 supra
812 5517 1002 5570 dictum
1034 5518 1223 5569 habent
1249 5532 1456 5583 semper
1484 5518 1728 5585 spatium,

242 5609 362 5661 Dios
391 5607 513 5659 solis
538 5616 691 5671 atque
719 5608 852 5658 lunae
888 5622 1087 5673 aequum
1119 5608 1319 5673 pondus
1351 5608 1591 5673 partium.

244 5697 404 5764 Hujus
432 5696 558 5765 cycli
580 5709 705 5762 pars
737 5705 940 5749 vocatur
968 5696 1159 5764 ogdoas
1187 5696 1431 5761 anterior,

1875 2703 1948 2755 Ac
1974 2699 2160 2752 deinde
2185 2680 2470 2764 appellatur
2502 2699 2760 2751 ltcndecas
2790 2700 3021 2750 uiterier.

1871 2788 2097 2855 Ogdoadi
2126 2788 2435 2852 deputantur
2455 2796 2573 2837 octo
2599 2789 2715 2837 anni
2744 2787 2961 2852 priores,

1872 2873 2177 2927 llendecade
2203 2874 2416 2939 reliquo:
2435 2890 2517 2923 nttt
2548 2874 2837 2925 destinatur
2862 2872 3040 2925 series.

1872 2964 1921 3013 In
1963 2962 2058 3012 hoc
2083 2976 2235 3013 cursu
2266 2960 2391 3012 linnt
2419 2961 2539 3011 anni
2575 2963 2837 3012 breviores
2868 2960 3166 3020 duodecies.

1869 3049 2001 3100 Anni
2033 3061 2157 3109 vero
2180 3047 2441 3114 longiores
2469 3057 2810 3113 supputantur
2840 3048 3056 3111 septies.

1796 3130 1840 3188 C
1869 3137 2008 3191 Talis
2032 3138 2222 3204 quippe
2248 3152 2363 3189 cum
2389 3151 2644 3189 annorum
2673 3138 2898 3188 circulus
2924 3136 3240 3194 extenditur.

1871 3224 1923 3277 In
1951 3224 2191 3277 eu‘mdem
2219 3223 2352 3275 luna:
2376 3238 2582 3275 cursum
2605 3222 2827 3277 circulus
2856 3223 3153 3274 revertitur.

1870 3312 2006 3371 Solis
2032 3326 2155 3364 vero
2174 3311 2225 3363 in
2257 3312 2309 3369 id
2335 3310 2503 3377 ipsum
2532 3326 2633 3362 non
2662 3312 2879 3363 recurrit
2908 3313 3097 3371 series.

1871 3400 2043 3453 DOnec
2070 3400 2188 3451 anni
2218 3401 2547 3452 revolvantur
2576 3400 2740 3452 octies
2769 3410 2819 3451 et
2850 3401 3034 3465 vigies.

1870 3488 2165 3552 Aditnpleto
2190 3502 2314 3539 sane
2340 3487 2464 3538 solis
2491 3487 2843 3551 suprascripto
2868 3496 3118 3552 tempore.

1870 3576 2166 3628 Reclinatur
2190 3574 2382 3641 absque
2404 3573 2510 3625 ullo
2540 3573 2797 3626 resistenti
2826 3587 3063 3626 rancore.

1873 3664 1962 3716 liis
1989 3664 2161 3728 itaque
2190 3662 2470 3728 reciprocis
2505 3662 2759 3713 alternata
2787 3662 3046 3723 cursibus,

1871 3753 2007 3805 Solis
2039 3755 2171 3803 lunze
2196 3752 2524 3803 diversantur
2552 3760 2785 3816 tempora
2817 3753 3153 3815 temporibus.

1870 3841 1970 3893 Sed
1996 3840 2058 3891 ad
2083 3839 2241 3904 prima
2274 3848 2388 3903 pust
2415 3853 2667 3890 annorum
2694 3849 2959 3891 recurrent
2992 3838 3158 3900 initia,

1872 3928 2272 3993 Quingentorum
2294 3941 2355 3977 ac
2384 3927 2587 3992 triginta
2610 3935 2763 3993 atque
2784 3926 2940 3978 duum
2969 3929 3153 3992 spatia,

1873 4017 1926 4068 In
1952 4016 2044 4069 hos
2068 4018 2214 4083 cy‘clo
2245 4031 2333 4081 per
2359 4027 2664 4067 concursum
2686 4016 2799 4068 cmli
2832 4016 3181 4075 luminarinm,

1874 4103 2140 4157 Manifesta
2169 4104 2294 4154 ﬁunt
2317 4104 2442 4154 festa
2474 4104 2673 4153 dierum
2699 4102 3035 4169 paschalium.

1872 4194 1968 4255 Qui
2002 4204 2262 4256 porrectus
2292 4206 2380 4257 per
2406 4202 2671 4243 emensam
2710 4204 2964 4243 annorum
3002 4193 3324 4258 vertiginem.

1877 4282 1927 4332 In
1958 4280 2190 4333 eamdem
2226 4280 2301 4341 (ut
2332 4279 2564 4346 ντεεσιὶιί)
2594 4279 2812 4331 recurrit
2839 4279 3113 4344 originem.

1878 4371 2089 4423 Pascha:
2121 4384 2243 4422 vero
2272 4369 2473 4436 longos,
2503 4370 2705 4431 breves,
2738 4368 3001 4420 intellectu
3033 4372 3225 4432 varios,

1803 4443 1850 4499 Ῑ)
1875 4457 1980 4511 Hoc
2009 4468 2226 4523 excepto
2252 4457 2395 4509 mnhi
2428 4457 2597 4522 plures
2624 4458 3043 4521 conscripserunt
3072 4456 3311 4509 circulos.

1872 4548 2012 4611 Quos
2038 4547 2257 4613 dispono
2285 4548 2548 4613 praeterire
2576 4549 3065 4616 brevitatisgratia,

1871 4636 2099 4699 Quorum
2128 4636 2275 4689 nobis
2304 4649 2503 4687 necnon
2537 4646 2653 4687 nota
2686 4639 2881 4689 numeri
2912 4636 3110 4701 peritia.

1873 4728 2043 4779 Altum
2069 4726 2259 4779 caelum
2282 4727 2367 4793 qui
2396 4727 2593 4779 creavit
2619 4735 2782 4778 terras
2798 4716 2964 4791 'atqne
2993 4738 3225 4793 (equom,

1872 4818 2010 4869 Doxa
2041 4818 2143 4884 regi
2174 4831 2267 4884 per
2294 4826 2485 4869 aeterna
2516 4817 2621 4867 Deo
2648 4816 2986 4868 soli'saecula.
3017 4819 3203 4869 Amen.

2454 4903 2718 4957 HYMNUS
2756 4904 2819 4957 ll.

2172 4994 2240 5044 De
2267 4992 2541 5044 celebritate
2574 5004 2786 5060 quatuor
2814 5003 3103 5057 temporum.

1940 5080 2280 5145 Temporibus
2300 5094 2373 5131 ce:
2392 5079 2453 5129 tis
2477 5081 2703 5131 excurrit
2730 5089 2974 5145 quattuor
3000 5091 3189 5129 annus.

1877 5169 2109 5233 Explicat
2133 5174 2185 5218 et
2213 5182 2419 5219 menses
2448 5167 2733 5230 triplicatus
2752 5165 2978 5234 calculus
3005 5164 3160 5228 idem.

1871 5256 2000 5307 llinc
2025 5265 2228 5308 constat
2252 5258 2424 5308 ternos
2452 5254 2722 5319 covnplecti
2750 5253 2949 5319 singula
2982 5268 3186 5307 menses

1870 5343 2144 5408 Tempora,
2174 5343 2261 5408 qui
2289 5346 2456 5394 votiva
2490 5342 2593 5392 Deo
2615 5340 2805 5407 jejunia
2832 5341 2987 5405 prisci

1869 5431 2142 5485 lnstituere
2168 5441 2339 5497 patres
2368 5430 2523 5481 ternis
2550 5430 2857 5483 celebranda
2886 5430 3091 5483 diebus.

1868 5514 2059 5574 Horum
2090 5536 2172 5575 me
2193 5535 2373 5573 causas
2403 5522 2689 5585 absolvere,
2713 5522 2891 5585 citare,
2930 5522 3119 5587 petisti.

1867 5609 1967 5661 Sed
1998 5608 2157 5675 magis
2180 5622 2239 5660 ex
2271 5607 2384 5657 aliis
2414 5615 2461 5657 te
2492 5607 2609 5658 talia
2639 5623 2867 5671 quaerere
2897 5609 3103 5667 vellent,

1868 5696 2032 5750 Edere
2053 5694 2315 5762 multiplici
2339 5694 2423 5762 qui
2454 5696 2631 5749 isthicc
2656 5709 2894 5748 sermone
2922 5696 3170 5762 valerent,
