3862 6340
469 358 566 437 cur
1149 385 1343 437 nubis
1384 384 1819 438 VENERABILIS
1853 385 1991 437 ore.

2068 385 2213 436 Ἀιὶὸ
2251 384 2332 435 ΙΙΙ.
2370 415 2430 423 -
2471 380 2934 435 I'AIUENETICA.
3538 376 3631 428 608

467 498 593 551 Nam
622 494 743 548 mihi
774 493 1032 547 sermonis
1057 509 1149 547 nec
1177 497 1322 562 copia
1349 495 1574 563 suppetit
1604 497 1727 557 ulla,

467 587 723 638 Arcanum
753 597 917 648 neque
937 584 1054 649 quid
1083 598 1265 636 sensus
1290 586 1571 636 serutarier
1592 584 1747 636 istud.

468 675 634 737 Atque
658 675 809 722 etiam
840 671 881 721 si
912 672 1030 737 quid
1060 673 1183 723 recti
1208 673 1406 736 garrire
1428 673 1680 735 videmur,

470 762 700 825 liidetur,
731 761 1002 823 fastiditur,
1035 761 1254 825 Spuitnr,
1281 761 1554 813 laceratur.

470 849 610 901 Unde
635 864 730 915 ego
757 850 959 900 decrevi
985 848 1048 899 de
1077 849 1260 899 talibus
1288 862 1402 900 esse
1429 848 1705 901 silendum.

466 937 574 988 Non
606 945 776 1004 ignota
805 944 974 986 tamen
1008 942 1201 1000 perstat
1227 932 1475 997 sapientia
1502 935 1689 985 summi

464 1022 682 1084 Jndicis,
710 1028 986 1073 emncturus
1013 1022 1108 1072 erit
1137 1020 1221 1086 qui
1249 1019 1442 1071 credita
1471 1018 1613 1070 verbi

467 1114 596 1163 (ἷιιιιι
621 1114 782 1173 lucro,
814 1110 1023 1163 veniens
1052 1110 1100 1161 in
1132 1110 1421 1175 majestate,
1451 1109 1661 1163 talenta.

468 1201 628 1252 Lucra
660 1208 980 1262 reportantes
1012 1198 1352 1261 penetralium
1378 1198 1560 1264 gaudia
1591 1196 1757 1265 regni.

464 1292 659 1352 Servus
688 1290 823 1342 iners
855 1289 1093 1342 tenebras
1118 1289 1349 1341 tradetur
1377 1290 1429 1340 in
1457 1291 1763 1343 exteriores.

468 1380 517 1429 Id
542 1390 800 1442 reputans,
826 1392 1007 1430 vereor
1031 1377 1200 1431 celare
1227 1378 1360 1443 quod
1385 1378 1763 1443 Omnipotentis

466 1465 637 1517 Gratia
681 1464 958 1516 multorum
993 1463 1205 1530 largitur
1231 1465 1293 1514 ad
1325 1465 1615 1517 utilitatem.

468 1553 658 1617 Accipe
686 1562 999 1619 quapropter
1026 1565 1305 1617 prognosse
1331 1552 1467 1618 quod
1498 1552 1763 1606 instituisti

465 1644 726 1703 Qua-rere,
756 1648 805 1690 et
835 1649 887 1690 ιιι
916 1653 1054 1690 ιιιοιθ
1079 1638 1273 1691 dictmn
1305 1639 1390 1701 sit,
1423 1639 1629 1693 sedulus
1656 1654 1772 1694 ora.

536 1728 744 1795 Singula
782 1727 1047 1792 coniplet-ti
1080 1734 1253 1779 ternos
1280 1727 1385 1792 jam
1411 1736 1640 1792 tempora
1661 1741 1887 1793 menses,

469 1817 622 1867 Fatus
650 1831 812 1877 eram,
848 1825 1123 1879 tertiasque
1145 1813 1258 1865 dies
1288 1814 1553 1865 celebrare
1574 1823 1665 1879 per
1689 1825 1869 1869 unum.

466 1906 713 1971 Quodque
745 1904 840 1954 cibi
872 1912 1125 1967 potusque
1153 1901 1508 1967 superﬂuitate
1536 1899 1721 1953 recisa.

466 1993 596 2044 'l'rcs
618 1992 992 2056 lgiltlr'lllcnses
1018 1989 1231 2040 totidem
1258 2003 1511 2056 compone
1531 1987 1736 2041 diebus.

468 2080 535 2131 Ut
565 2092 655 2145 pro
681 2091 856 2129 mense
886 2077 996 2127 dies
1026 2090 1126 2127 uno
1156 2075 1465 2141 respondeat
1493 2091 1647 2130 unus.

471 2168 578 2218 Non
609 2165 773 2231 primo
796 2175 963 2216 tamen
992 2173 1078 2215 aut
1105 2172 1340 2216 extremo
1367 2164 1615 2231 temporis
1638 2166 1731 2216 ista

473 2256 645 2307 Mense
672 2251 1017 2313 celebrantur,
1049 2252 1247 2304 medius
1276 2252 1364 2303 sed
1388 2251 1451 2303 ad
1483 2253 1578 2303 ista
1604 2251 1824 2305 dicatus.

473 2343 600 2393 Ilinc
628 2342 722 2391 sibi
746 2350 1056 2391 transactttm
1087 2338 1407 2407 eonglutiuat
1427 2339 1545 2392 inde
1572 2348 1870 2407 sequentem

473 2432 535 2484 Ut
564 2431 955 2495 circumpositas
981 2431 1152 2483 vicino
1183 2439 1390 2482 nectare
1419 2429 1621 2496 perflet.

475 2519 702 2570 l’orsitan
727 2532 777 2569 et
806 2534 1007 2570 menses
1034 2520 1251 2585 qui'sint
1281 2528 1329 2569 et
1362 2525 1592 2583 tempora
1620 2531 1844 2583 qumras.

472 2610 681 2660 't'ulibus
701 2608 879 2660 officiis
905 2610 1039 2673 quod
1066 2609 1262 2658 sanctio
1293 2607 1459 2670 prisca
1487 2605 1685 2671 relegat

472 2697 748 2760 Τιυιιιιιυινςι,
771 2710 879 2755 ver,
899 2705 1067 2754 aestas,
1092 2703 1391 2756 autumnus,
1419 2691 1684 2758 hiemsque
1727 2700 1991 2742 vocantur.

544 2805 867 2869 Temperiem
904 2805 1039 2855 veris
1068 2803 1486 2871 sacranljejunia
1517 2804 1709 2867 Martis,

481 2894 844 2958 I’lorigeroque
874 2894 1035 2944 nitent
1060 2895 1209 2944 veluti
1243 2894 1505 2944 vernantia
1534 2904 1707 2945 sexto.

475 2982 654 3031 Junius
680 2982 873 3033 test-aiis
902 2980 994 3031 bac
1022 2996 1200 3033 cauma
1230 2982 1499 3047 refrigerat
1527 2982 1683 3032 unda.

476 3070 744 3136 Temporis
773 3071 1025 3123 incentiva
1054 3073 1207 3122 simul
1233 3072 1504 3137 carnisque
1535 3070 1817 3122 refrenans.

478 3168 588 3222 uno
621 3163 783 3226 potius
812 3161 973 3212 tractu
1004 3162 1205 3212 caeteris
1230 3176 1381 3227 quam
1412 3170 1559 3212 canet
1583 3160 1773 3211 aristis.

482 3254 788 3299 Autumnum
819 3248 968 3298 simili
998 3248 1296 3312 September
1325 3248 1516 3312 Opimat
1536 3262 1740 3301 δηίωηο

482 3337 687 3386 tlunere
715 3350 863 3398 quant
898 3334 1078 3385 Bacchi
1110 3334 1240 3388 festo
1264 3335 1540 3400 jucundior
1570 3336 1687 3386 isto.

478 3423 642 3488 Fruge
668 3436 883 3472 monens
904 3420 1009 3488 jam
1036 3422 1253 3475 collecta
1282 3422 1494 3474 laudare
1524 3421 1778 3473 datorem.

480 3512 695 3561 thimus
723 3524 753 3562 e
784 3525 996 3561 numero
1024 3526 1209 3563 nomen
1241 3512 1455 3562 sortitus
1483 3520 1535 3561 et
1560 3510 1730 3562 imbri.

481 3601 664 3651 ltlens's
693 3599 871 3651 eodem
905 3599 1116 3650 hiberna
1140 3608 1377 3651 venustat
1408 3610 1636 3665 tempora
1662 3609 1815 3651 serto.

482 3689 540 3738 Et
568 3703 855 3752 quanquam
888 3687 1062 3752 rigidis
1091 3687 1397 3753 constringit
1424 3700 1539 3738 rura
1572 3686 1789 3751 pruinis,

474 3776 714 3826 Creditur
743 3777 837 3827 hoc
864 3786 1003 3827 certe
1028 3778 1216 3827 cmlum
1249 3789 1481 3828 reserare
1513 3789 1721 3827 sereno.

476 3864 883 3928 'I‘ui-rigenasque
911 3874 1083 3915 monet
1108 3865 1311 3916 Christo
1338 3879 1581 3917 accusare
1611 3865 1797 3932 piatos.

479 3952 584 4001 lloe
613 3953 766 4003 ctiant
795 3953 976 4003 coelum
1004 3952 1229 4017 jucnndo
1262 3968 1377 4005 rore
1407 3956 1649 4020 rig'ttnm.

483 4042 708 4092 Nubibus
737 4042 973 4093 almillnis
994 4043 1188 4109 justum
1219 4044 1435 4095 distillat
1463 4045 1510 4093 in
1540 4044 1698 4095 arvis.

486 4130 547 4178 l'lt
577 4131 767 4181 millum
797 4132 957 4182 brutis
988 4135 1206 4183 fructmn
1231 4131 1547 4199 parientibus
1576 4133 1715 4183 arvis

488 4218 609 4268 \‘iva
638 4202 956 4271 salutilet'um
990 4222 1136 4272 tellus
1170 4221 1407 4286 producit
1435 4227 1458 4251 “
1490 4222 1698 4288 bicbyu.

490 4306 550 4353 Et
580 4305 699 4356 licet
733 4307 810 4355 bis
834 4310 1055 4357 atumam
1083 4307 1298 4374 dapibus
1325 4310 1661 4375 pinguescere
1688 4309 1879 4362 scinms

487 4391 547 4441 I'lt
576 4392 690 4442 vita:
715 4408 867 4444 causa
898 4396 1018 4444 liaut
1044 4395 1152 4447 luce
1173 4405 1355 4447 cuncta
1390 4398 1590 4449 fulurzc.

484 4481 641 4531 Nemo
672 4493 845 4532 tamen
875 4494 1096 4543 emptum
1131 4486 1321 4547 puteris
1355 4499 1655 4549 percurrere
1684 4486 1886 4549 collem,

483 4572 534 4621 Si
570 4570 737 4621 desint
762 4571 1002 4620 alimenta
1031 4574 1144 4633 vite,
1172 4583 1504 4637 sumptusque
1530 4572 1738 4633 laboris,

481 4656 585 4708 Nec
616 4667 781 4707 tamen
812 4658 919 4708 lucc
947 4659 1149 4708 aliunde
1173 4660 1265 4709 nisi
1295 4664 1385 4711 abs
1411 4669 1620 4711 auctore
1652 4660 1891 4723 petenda,

488 4744 589 4793 Nec
620 4752 754 4793 vetat
784 4746 889 4795 lucc
917 4761 943 4795 a
974 4760 1029 4795 se
1062 4760 1153 4795 nos
1184 4760 1413 4810 poscvre,
1454 4749 1526 4798 sic
1559 4756 1727 4799 tamen
1762 4750 1871 4800 istis

487 4832 700 4884 Utamur
726 4833 924 4893 mediis,
961 4835 1093 4883 veris
1125 4844 1174 4882 ut
1205 4836 1251 4883 in
1282 4834 1474 4884 mtherc
1506 4838 1753 4887 “nuntur.

487 4921 696 4971 Talibus
722 4934 841 4981 ergo
874 4921 1035 4970 modis
1063 4922 1350 4971 animarum
1382 4923 1653 4972 commoda
1687 4924 1900 4987 primunt

489 5012 786 5073 Quwrantur
822 5018 935 5076 post
964 5013 1069 5059 lILI'C
1101 5014 1366 5073 prmsentis
1397 5012 1527 5063 se'ia
1562 5013 1697 5061 vitzc.

490 5102 616 5163 Quis
645 5101 754 5149 sine
782 5116 879 5149 non
912 5100 1043 5163 polis
1074 5099 1350 5149 humanum
1376 5100 1652 5151 subsistere
1681 5114 1885 5164 corpus.

490 5190 573 5239 Illa
608 5195 775 5236 tamen
806 5187 990 5249 quibus
1016 5203 1043 5235 ιι
1072 5186 1270 5248 superis
1303 5200 1401 5235 non
1430 5184 1452 5219 ι)
1485 5187 1843 5248 impediantur.

491 5286 549 5328 lat
578 5280 693 5344 quia
723 5274 1037 5340 temporibus
1065 5274 1272 5327 veniunt
1300 5276 1408 5325 ha'c
1437 5274 1634 5336 singula
1666 5276 1843 5335 certis,

490 5368 829 5431 'l'emporibus
857 5381 1056 5430 quoque
1089 5366 1297 5431 largitor
1328 5364 1609 5414 laudandus
1641 5364 1858 5425 eisdem,

500 5459 713 5509 Maxime
744 5457 853 5508 laus
882 5457 1113 5519 quamvis
1141 5457 1251 5519 ejus
1276 5470 1531 5521 nunquam
1564 5452 1842 5504 reticenda.

562 5596 582 5619 ε’
612 5590 715 5637 Hoc
746 5588 952 5635 verbum
987 5600 1076 5635 llt‘L'
1108 5584 1316 5647 intelligi
1346 5599 1435 5636 nec
1468 5582 1652 5649 t‘Ot'Iigi
1687 5589 1872 5645 pultat.

560 5662 579 5688 "
610 5660 683 5704 ΑΙ.
699 5696 709 5707 ,
736 5655 1010 5715 itttpulimrt.

2025 496 2071 550 Α
2171 494 2302 546 Anni
2334 495 2637 560 principium
2667 510 2779 558 ver,
2810 490 3117 560 principium
3146 504 3355 558 quoque
3382 486 3584 541 mundi.

2098 580 2301 634 Semina
2333 581 2630 635 cunctarum
2654 582 2856 651 frugum
2880 596 2969 633 ver
2994 580 3153 632 trudit
3174 579 3239 629 ab
3265 577 3435 637 arvis,

2098 670 2306 725 Fronde
2337 686 2521 723 nemus
2552 674 2726 730 vestit,
2758 672 2995 724 tellurem
3029 670 3244 722 ﬂoribus
3272 678 3449 719 ornat.

2095 758 2207 810 Jatn
2240 760 2370 811 ltl'lili
2405 760 2524 810 vitis
2552 770 2758 827 turgent
2784 760 2834 812 in
2867 760 3079 825 paltttite
3108 774 3351 825 gemmas.

2096 843 2242 897 Tunc
2266 855 2498 898 armenta
2530 860 2699 899 mares
2730 856 2972 913 repetunt
3000 854 3053 898 et
3076 848 3310 913 gramina
3342 841 3583 905 tondent,

2100 932 2286 986 llsibns
2316 933 2425 986 lucc
2452 935 2640 987 nostris
2662 936 2816 1000 jussit
2842 939 3039 988 servire
3064 937 3301 987 Creator.

2096 1021 2298 1075 Serviat
2324 1038 2447 1089 ergo
2473 1024 2705 1077 Creatori
2731 1026 2938 1078 devotio
2968 1028 3108 1079 servi

2096 1111 2189 1167 Cui
2218 1113 2364 1165 dedit
2392 1116 2501 1167 haec
2529 1115 2668 1168 arvis
2698 1125 2893 1169 acterna
2918 1116 3134 1169 daturus
3165 1116 3216 1167 in
3246 1116 3424 1167 astris.

2165 1200 2343 1256 Ᾰσὶςιιιε
2372 1202 2505 1256 bella
2532 1205 2656 1269 eiet,
2686 1214 2866 1271 gentes
2892 1215 3070 1259 testate
3100 1216 3395 1258 moventur.

2100 1289 2190 1343 llis
2221 1299 2273 1343 ut
2297 1293 2609 1357 compressis
2638 1294 2907 1361 tranquilla
2938 1309 3063 1361 pace
3092 1294 3341 1357 fruamur,

2098 1377 2431 1447 Liberinsque
2461 1381 2565 1434 Deo
2599 1396 2782 1436 secura
2811 1392 2987 1436 mente
3014 1398 3279 1436 vacemus.

2099 1466 2345 1522 Ecclesia:
2374 1470 2541 1537 pietas
2566 1486 2658 1537 pro
2689 1472 2823 1524 natis
2852 1472 3030 1525 sedula
3061 1474 3245 1538 poscit.

2096 1559 2275 1614 Nubila
2306 1570 2488 1615 cuncta
2535 1563 2717 1631 fugatis
2757 1573 2912 1617 testas
2942 1566 3301 1630 mundumque
3346 1577 3614 1626 seremus,

2097 1646 2248 1699 Prata
2278 1657 2436 1712 secat,
2461 1647 2719 1701 frumenta
2748 1650 3004 1711 recondit,
3035 1662 3055 1687 ο
3079 1658 3131 1701 et
3159 1651 3344 1700 horrea
3376 1650 3588 1714 rumpit.

2100 1732 2201 1787 Pro
2226 1733 2414 1800 quibus
2441 1734 2638 1787 auctori
2665 1745 2838 1802 grates
2867 1734 2944 1787 fas
2971 1736 3191 1789 reddere
3217 1751 3477 1789 summas.

2027 1792 2074 1849 Β
2167 1792 2457 1875 Autumnus
2486 1792 2719 1890 placidas
2748 1824 2985 1892 pnetexit
3012 1823 3231 1876 collibus
3260 1838 3412 1887 uvas,

2099 1905 2219 1959 Visu
2242 1907 2525 1975 iucundas,
2552 1925 2642 1962 esu
2674 1920 2921 1979 tactuque
2946 1926 3152 1964 suaves.

2096 1996 2224 2059 Quis
2254 1999 2444 2063 pressis
2472 2010 2673 2066 gratum
2700 2000 2955 2053 distillant
2980 2000 3137 2066 prada
3166 2001 3447 2067 liquorem.

2098 2084 2298 2137 Arbore
2328 2100 2476 2152 poma
2501 2086 2642 2154 legit,
2670 2102 2761 2154 per
2788 2088 2947 2140 cellas
2974 2103 3070 2140 una
3106 2091 3332 2155 reponit.

2098 2175 2216 2228 llaec
2244 2176 2431 2230 tellure
2458 2178 2677 2243 ferente,
2704 2179 2797 2232 sed
2825 2179 3192 2246 Omnipotente
3220 2179 3461 2247 iubente,

2097 2263 2425 2317 Immemores
2453 2262 2771 2330 Conditoris,
2800 2266 3042 2334 szeclique
3070 2268 3247 2321 futuri.

2099 2351 2159 2402 Et
2187 2353 2303 2417 quis
2328 2367 2449 2417 Spes
2478 2353 2613 2405 tmlla
2650 2348 2764 2420 post
2790 2354 2903 2406 hzec
2929 2368 3115 2415 supera
3131 2356 3335 2407 «altera
3365 2364 3546 2418 restat,

2098 2439 2306 2491 Potibus
2330 2454 2484 2509 atque
2510 2442 2639 2494 cibis
2666 2441 2959 2496 distendant
2988 2442 3074 2495 ilia
3104 2444 3276 2510 largis.

2099 2528 2237 2579 lianc
2268 2528 2363 2580 sibi
2404 2524 2495 2595 pro
2520 2544 2725 2581 summo
2754 2540 3048 2596 reputantes
3078 2546 3290 2582 munere
3321 2540 3519 2596 partem

2096 2613 2431 2667 Christicolas
2458 2617 2656 2684 agitare
2684 2618 2832 2669 decet
2859 2618 3096 2669 convivia
3130 2634 3301 2685 parca.

2099 2704 2164 2754 Et
2182 2704 2385 2770 jttgibtts
2414 2707 2544 2757 votis
2575 2707 2913 2773 precibusque
2939 2709 3133 2761 instare
3160 2706 3405 2775 profusis,

2096 2793 2531 2860 Supplicibusque
2560 2794 2763 2847 Patrem
2801 2796 3024 2862 rogitare
3052 2796 3378 2861 precantibus
3404 2796 3606 2848 almum.

2099 2880 2403 2945 Adjumenta
2438 2883 2533 2935 viae
2562 2884 2691 2935 ferat
2723 2883 2851 2945 haec,
2884 2900 2984 2937 non
3012 2887 3220 2952 praemia
3252 2896 3430 2954 ponat.

2099 2973 2341 3026 Conferat
2370 2976 2465 3027 ista
2495 2978 2606 3027 solo
2634 2977 2801 3029 donec
2821 2976 3007 3029 horum
3038 2979 3229 3043 indiget
3257 2991 3397 3039 usus,

2026 3098 2067 3156 Ο
2101 3063 2283 3114 Servet
2313 3072 2366 3114 at
2394 3063 2478 3115 illa
2512 3064 2652 3130 polo,
2686 3065 2869 3130 quibus
2898 3074 2978 3119 est
3005 3067 3117 3119 sine
3143 3082 3295 3119 nemo
3324 3068 3523 3127 beatus,

2104 3152 2313 3218 Frigore
2343 3152 2559 3205 brumali
2593 3154 2795 3206 tandem
2829 3155 3012 3213 tellure
3040 3155 3257 3223 rigente,

2100 3237 2349 3305 Frugibus
2378 3240 2652 3302 exhausta,
2682 3256 2774 3295 nec
2795 3241 2901 3310 jam
2936 3244 3162 3309 patiente
3187 3245 3433 3311 ligonem.

2098 3326 2277 3378 Nullus
2304 3330 2465 3380 honos
2492 3330 2711 3396 campis,
2743 3331 2926 3383 florum
2951 3333 3053 3397 jam
3081 3333 3218 3385 nulla
3242 3331 3267 3367 ά
3296 3343 3555 3398 venustas,

2012 3434 2015 3435 ν
2100 3417 2384 3484 Torpentes
2408 3420 2587 3472 invitat
2618 3421 2782 3475 hiems
2811 3421 3030 3489 genialis
3055 3423 3121 3475 ad
3152 3423 3340 3491 ignem,

2098 3508 2233 3567 Otia,
2265 3508 2533 3574 luxuriem,
2564 3516 2843 3577 potumque
2865 3511 3140 3578 cibumque
3164 3512 3409 3564 suadens.

2012 3630 2015 3635 λ
2098 3597 2348 3649 Convenit
2374 3597 2486 3650 haec
2511 3600 2749 3663 precibus
2780 3614 2934 3663 pareo
2961 3607 3015 3652 et
3040 3605 3373 3663 compescere
3400 3602 3554 3662 victu,

2099 3684 2370 3737 illecebras
2393 3686 2561 3737 carnis
2591 3687 2804 3753 castiget
2833 3686 3001 3740 inedia
3032 3689 3247 3740 ventris.

2166 3772 2504 3837 Temporibus
2532 3775 2753 3841 discreta
2780 3774 2888 3828 suis
2907 3775 3103 3842 jejunia
3131 3777 3260 3842 dixi,

2100 3863 2272 3913 Rebus
2300 3870 2355 3913 ut
2384 3862 2481 3916 hoc
2506 3865 2661 3916 etiam
2688 3864 2983 3918 observatio
3011 3875 3187 3919 sancta
3214 3868 3448 3931 caducis,

2098 3949 2364 4001 Conducat
2382 3953 2554 4003 carnis
2574 3952 2695 4005 dum
2724 3954 2975 4019 compede
3003 3953 3259 4007 nectimur
3286 3966 3427 4007 arcta

2098 4036 2277 4089 Restat
2304 4036 2473 4089 adhuc
2500 4038 2691 4105 aliquid
2721 4041 2971 4093 sacratius
3000 4040 3385 4094 insinuandum.

2100 4124 2339 4176 Ecclesize
2362 4125 2615 4189 siquidem
2646 4127 2778 4179 haud
2808 4128 2927 4181 aliis
2953 4142 3162 4181 sacrare
3189 4130 3453 4181 ministros

2098 4211 2357 4265 Mensihus
2387 4227 2509 4267 usus
2538 4215 2715 4276 habet,
2747 4228 2947 4268 necnon
2976 4223 3029 4269 et
3054 4216 3250 4270 solibus
3277 4217 3463 4279 isdem,

2100 4298 2167 4352 Ut
2191 4314 2281 4365 per
2308 4312 2450 4367 grata
2473 4302 2579 4355 Deo
2602 4302 2796 4369 jejunia
2828 4305 2985 4357 corde
3016 4304 3165 4371 piati,

2028 4396 2070 4449 [)
2101 4388 2313 4457 Dignius
2339 4400 2606 4443 assumant
2631 4393 2808 4446 altaris
2835 4394 3010 4446 munia
3034 4394 3191 4446 sacri.

2104 4478 2234 4531 Usus
2260 4489 2313 4530 at
2343 4480 2436 4529 iste
2466 4488 2662 4542 tamen,
2690 4494 2791 4533 non
2822 4480 3041 4533 humana
3073 4490 3184 4533 arte
3214 4489 3467 4547 repertus,

2102 4567 2346 4619 Ecclesia:
2376 4582 2616 4633 proceres
2638 4569 2778 4622 illum
2806 4584 2952 4623 sacer
2980 4580 3133 4637 atque
3162 4581 3389 4635 senatus,

2098 4654 2279 4706 Coetus
2306 4656 2617 4721 apostolicus
2644 4658 2819 4711 divino
2852 4658 3131 4712 Pneutnate
3161 4661 3362 4724 plenus.

2102 4743 2327 4795 Instituit
2353 4759 2660 4813 sacrumque
2687 4747 2877 4800 dehinc
2905 4751 3191 4801 transmisit
3214 4750 3501 4802 habendum

2101 4832 2289 4885 Paulus
2319 4837 2607 4901 apostolico
2632 4837 2822 4889 dudum
2851 4838 3132 4890 sacrandus
3163 4840 3382 4891 honore.

2102 4920 2343 4983 Auspicio
2373 4922 2460 4973 tali
2484 4922 2741 4974 Barnabas
2769 4938 2931 4976 necne
2961 4925 3180 4977 dicatur.

2102 5009 2227 5060 Nam
2254 5007 2515 5075 Scriptura
2547 5011 2704 5063 refert
2731 5024 2887 5062 verax
2914 5011 3168 5063 veraciter
3196 5011 3330 5073 illos,

2100 5098 2228 5149 Cum
2260 5100 2491 5162 precibus
2512 5099 2771 5165 jejunasse
2798 5099 2960 5165 prius,
2986 5100 3060 5150 sic
3089 5099 3152 5151 ad
3181 5101 3275 5151 ista
3303 5110 3513 5154 vocatos

2102 5187 2344 5251 Quosque
2374 5186 2479 5250 pari
2508 5197 2627 5237 voto
2653 5188 2892 5238 comitata
2919 5198 3124 5239 caterva
3150 5189 3373 5255 piormu,

2105 5273 2362 5336 Impositis
2392 5275 2649 5338 manibus,
2676 5274 2915 5328 doctores
2946 5277 3086 5328 misit
3111 5278 3161 5329 in
3189 5279 3388 5329 orbem.

2106 5362 2327 5426 Spiritus
2358 5363 2565 5414 mtheria
2596 5364 2806 5416 veniens
2834 5380 3036 5431 quoque
3062 5373 3273 5417 sanctus
3295 5366 3361 5417 ab
3390 5366 3500 5422 aula

2107 5450 2319 5515 Jejuuos
2346 5464 2474 5515 quos
2502 5453 2691 5516 reperit
2720 5462 3025 5517 orantesque
3056 5453 3313 5518 replevnt.’

2178 5589 2197 5610 ⁸
2226 5579 2303 5629 ΑΙ.
2334 5596 2435 5631 om.
2468 5590 2528 5627 i'l.

2174 5645 2195 5679 δ
2228 5648 2329 5706 ΛΙ.,
2359 5659 2585 5699 t't'luahté.
