3862 6354
238 464 356 519 609

245 573 391 641 I‘lrgn
419 574 530 629 suis
556 574 714 628 simili
744 574 878 626 hunc
908 574 1063 628 etiam
1093 580 1116 607 °
1148 574 1369 627 fratione
1402 559 1656 626 ministris

242 661 504 716 Ecclesiae
528 664 713 721 devota
737 664 865 716 ﬁdes
891 672 1104 729 exoptat
1132 664 1336 717 adesse.

245 752 365 829 lloc
393 755 505 806 sine
534 768 722 820 nempe
746 754 851 807 Deo
872 754 1128 822 condigne
1160 770 1315 807 ttemo
1348 753 1628 807 ministrat.

243 841 362 895 Nec
386 844 552 909 placet
580 844 679 895 ulla
712 843 819 896 Deo
850 845 936 897 tali
973 860 1073 897 non
1107 846 1224 913 igne
1253 853 1483 897 cremata

244 928 501 990 Victima.
534 947 626 986 nec
656 933 808 985 aliter
834 946 1035 1002 gratum
1065 934 1161 987 sibi
1192 935 1353 1001 spirat
1380 934 1617 985 odorem.

326 1021 383 1074 In
414 1036 471 1074 re
502 1033 605 1074 tam
631 1036 832 1075 summa
868 1038 963 1075 nec
993 1024 1102 1090 ipse
1135 1037 1321 1074 vacare
1349 1022 1573 1082 dierum,

265 1111 519 1180 Mysterio
542 1127 863 1180 numeroque
891 1127 1170 1165 coruscans
1197 1114 1428 1165 creditur
1448 1111 1596 1163 ordo.

251 1200 426 1265 Quam
449 1201 582 1254 bene
612 1216 703 1268 per
730 1210 905 1255 ternos
928 1201 1123 1269 jejunia
1143 1200 1592 1261 Christicolarum,

248 1290 547 1345 Solvuntur
576 1291 735 1355 soles,
770 1293 960 1344 trinum
991 1292 1078 1359 qui
1113 1306 1303 1343 numen
1332 1301 1384 1344 et
1414 1305 1592 1353 unum,

245 1379 475 1432 'l'rinum
506 1381 767 1447 personis,
794 1395 950 1433 unum
981 1380 1173 1432 deitate
1198 1379 1423 1433 fatentur
1450 1396 1460 1429 :

254 1467 372 1521 Nec
398 1470 570 1522 minus
603 1479 656 1523 et
682 1483 832 1522 sacer
853 1478 935 1522 est
965 1469 1111 1521 tactis
1134 1469 1185 1521 in
1219 1469 1409 1520 talibus
1438 1468 1588 1521 ordo.

248 1556 487 1620 Quartus
518 1558 661 1611 enim
691 1566 974 1624 sextusque
1002 1558 1115 1609 dies
1142 1572 1203 1609 ac
1232 1560 1485 1624 septimus
1514 1558 1627 1609 istis

248 1642 518 1697 Nonnulla
551 1646 753 1698 ratione
778 1646 942 1698 sacris
972 1655 1240 1713 reputatur
1265 1646 1503 1713 agendis,

254 1732 366 1785 Sed
397 1734 595 1801 primos
617 1745 801 1799 quarta
833 1732 1016 1787 feriam
1042 1744 1348 1798 sextamque
1379 1748 1655 1799 vocantes,

248 1823 469 1878 Sabbati
493 1826 793 1892 ab‘autiqua
823 1838 1123 1877 mutuamus
1156 1825 1271 1893 lege
1298 1841 1571 1887 vocamen,

251 1911 502 1965 Mercurii
534 1911 853 1976 Venerisque
874 1913 991 1965 dies
1016 1913 1112 1965 hos
1144 1916 1309 1979 prisca
1338 1915 1558 1966 vocabat

253 2000 433 2065 lEtas,
465 1998 714 2054 falsorum
741 2015 997 2053 venerans
1020 2008 1258 2068 portenta
1283 2000 1522 2061 deorum,

250 2090 574 2156 Saturnique
606 2097 805 2155 patrem
837 2104 988 2155 quem
1016 2090 1242 2142 credidit
1272 2104 1392 2143 esse
1417 2090 1658 2144 deorum.

325 2176 520 2243 Quarta
550 2191 737 2243 nempe
762 2176 848 2229 die
876 2161 1202 2229 truculentus
1236 2178 1468 2242 proditor
1492 2179 1617 2230 olim

252 2265 436 2317 Ascita
468 2274 673 2331 pactum
706 2264 827 2315 fecit
851 2263 946 2317 sibi
976 2264 1128 2332 plebe
1156 2263 1401 2323 nefanda,

251 2354 513 2407 Traderet
541 2362 599 2405 ut
620 2353 883 2406 Christum
915 2367 1016 2420 quo
1046 2353 1323 2405 laatiﬁcavit
1351 2352 1575 2419 iniquos.

244 2443 391 2494 'Cutu
422 2444 613 2511 gaudet
641 2442 867 2495 mundus
896 2457 986 2510 par
1014 2450 1097 2496 est
1119 2457 1342 2496 moerere
1372 2443 1573 2495 fideles.

257 2532 463 2586 l‘tursus
486 2535 563 2587 eis
585 2534 928 2601 gaudentibus
958 2533 1052 2586 hos
1082 2548 1305 2587 moerere
1337 2547 1553 2587 necesse
1579 2542 1660 2586 est

259 2624 373 2675 Ilac
392 2623 574 2676 devota
596 2624 681 2675 die
705 2621 909 2689 jejunet
929 2623 1110 2675 concio
1137 2622 1355 2675 Christi.

257 2715 373 2777 Qua
402 2712 667 2777 conspirat
698 2711 869 2779 iniqua
897 2710 1086 2765 cohors
1113 2711 1165 2763 in
1196 2713 1449 2779 sanguine
1478 2711 1671 2766 Christi

258 2804 478 2858 Certent
506 2803 558 2856 hi
586 2803 849 2871 precibus,
878 2817 996 2857 cum
1026 2812 1228 2857 certant
1253 2802 1525 2856 fraudibus
1556 2804 1651 2856 illi.

334 2891 573 2945 Condidit
602 2891 653 2944 in
683 2901 855 2956 sexto,
884 2889 1195 2960 lapsumque
1221 2893 1426 2946 revexit
1457 2896 1755 2947 homonem.

261 2981 554 3049 Omnigena
587 2981 671 3033 hic
697 2990 749 3033 et
778 2980 848 3032 ibi
878 2980 1043 3033 factor
1072 2982 1264 3049 pietate
1294 2980 1615 3045 redundans,

260 3073 371 3126 Nec
399 3086 524 3126 vero
549 3086 801 3139 peccasse
828 3073 913 3126 die
942 3072 1175 3127 fortassis
1204 3073 1413 3137 eodem,

262 3164 343 3217 Ac
373 3163 693 3246 paradisiaca
720 3162 1021 3229 propulsum
1051 3162 1176 3217 sede
1205 3163 1462 3230 negarim,

261 3256 379 3318 Quo
407 3253 571 3320 magis
600 3267 724 3319 ergo
754 3253 839 3306 die
867 3251 1114 3306 frenanda
1142 3253 1301 3306 libido
1328 3255 1591 3317 ciborum,

263 3347 431 3409 Quam
460 3357 589 3398 nece
617 3357 721 3412 quo
744 3343 928 3397 merita
957 3354 1039 3397 est
1064 3344 1243 3410 punita
1274 3344 1439 3397 libido
1467 3345 1725 3411 ciborum,

267 3437 378 3489 ltac
405 3449 614 3505 quoque
638 3434 953 3488 mortiﬁcare
977 3434 1130 3489 decet
1162 3446 1367 3490 terrena
1396 3436 1697 3503 redemptos

263 3527 499 3582 Membra
525 3527 610 3580 die
633 3541 733 3594 qua
759 3532 929 3579 morte
955 3525 1201 3578 Auctoris
1230 3524 1581 3579 viviﬁcantur.

346 3616 579 3685 Septima
605 3628 723 3668 cum
756 3613 995 3680 precibus
1020 3614 1217 3681 jejunis
1246 3624 1389 3668 casta
1416 3617 1662 3683 reposcit,

272 3705 385 3759 Hoc
409 3704 602 3758 chorus
630 3703 718 3757 ille
745 3711 979 3755 sacratus
1005 3702 1275 3769 apostolici
1300 3702 1500 3756 ordinis
1525 3702 1671 3767 olim,

278 3794 475 3862 lnjusta
508 3808 600 3859 pro
626 3801 797 3846 morte
828 3790 897 3858 pii
929 3790 1152 3859 lugendo
1178 3792 1431 3858 magistri,

267 3883 551 3947 luisacram
586 3882 879 3949 protelabat
901 3882 1098 3950 jejuuia
1129 3893 1360 3945 noctem,

269 3971 633 4026 Przestolando
664 3981 1025 4040 resurgentem
1054 3980 1111 4023 ut
1140 3974 1451 4038 praedixerat
1479 3972 1607 4036 ipse,

272 4062 451 4114 Fluxit
472 4062 664 4115 abhinc
690 4076 802 4115 mos
829 4060 1213 4113 ecclesiasticus
1237 4062 1333 4113 iste
1360 4059 1589 4123 saluber,

268 4149 499 4205 Sabbata
518 4150 760 4218 jejunent
789 4149 979 4203 Christi
1006 4164 1096 4217 per
1124 4150 1323 4216 singula
1357 4152 1517 4213 servi,

274 4238 700 4309 Exspectentque
729 4257 879 4295 suum
909 4242 1213 4294 redeuntem
1246 4258 1274 4293 a
1308 4241 1489 4294 funere
1514 4241 1725 4309 Regem,

277 4332 450 4387 Morte
476 4332 793 4397 triumphata
818 4331 1000 4397 spoliis
1029 4329 1339 4384 Acherontis
1367 4341 1631 4384 onustum.

278 4424 406 4477 “ac
433 4422 498 4476 de
524 4432 726 4477 sacrata
756 4422 892 4475 serie
922 4421 1116 4474 dixisse
1140 4422 1339 4474 dierum

280 4512 538 4573 Sufﬁciat,
570 4526 708 4565 nunc
734 4509 984 4565 Ecclesiae
1012 4510 1146 4562 hanc
1171 4522 1350 4576 aptare
1374 4510 1653 4563 ministrisJ

287 4600 516 4654 Collibet
545 4600 625 4652 bis
652 4600 739 4666 qui
763 4600 911 4650 altari
939 4601 1194 4651 accedunt
1218 4608 1358 4651 sorte
1388 4597 1593 4662 diebus,

283 4690 389 4747 Sex
417 4690 573 4758 hujus
596 4688 733 4743 saecli
765 4689 1061 4742 discurrunt
1088 4688 1271 4741 ordine
1294 4698 1437 4741 certo

285 4781 516 4844 Etates,
543 4796 763 4849 quarum
787 4791 970 4849 quarta
1004 4781 1168 4848 legem
1199 4790 1350 4846 atque
1381 4780 1657 4847 prophetas

279 4874 549 4939 l’rmcipue
576 4882 781 4928 conStat
816 4873 1067 4940 viguisse,
1094 4870 1309 4925 scientia
1341 4886 1561 4937 quorum

276 4964 474 5020 Altaris
501 4978 710 5031 semper
733 4963 893 5017 debet
917 4977 1097 5015 comes
1124 4976 1244 5017 esse
1277 4963 1553 5015 ministris.

279 5054 576 5108 l‘rovidere-
596 5063 771 5121 patres
804 5056 901 5106 hoc
934 5054 1104 5119 ipsum
1136 5053 1453 5120 signiﬁcare.

283 5144 471 5197 Ofﬁcio
501 5157 621 5195 nam
650 5152 702 5197 et
726 5144 796 5195 ob
820 5143 917 5195 hoc
942 5140 1235 5210 geminatur
1266 5142 1419 5194 teetio
1448 5141 1609 5195 sacris

282 5234 336 5287 lu
368 5244 552 5303 quarta
580 5248 791 5299 semper
817 5233 946 5286 feria
980 5246 1069 5299 per
1100 5240 1333 5297 tempora
1362 5244 1567 5284 cuncta.

352 5322 512 5378 Sexta
536 5332 692 5377 aetate
717 5321 856 5374 Deus
889 5322 1027 5373 hunc
1053 5320 1195 5373 venit
1220 5320 1393 5371 visere
1424 5318 1669 5370 mundum

297 5414 491 5468 Factus
517 5416 694 5477 homo,
721 5412 772 5464 in
794 5423 898 5478 quo
917 5410 1236 5461 concordant
1258 5408 1335 5461 lex
1367 5418 1520 5473 atque
1544 5408 1828 5475 proiihetze,

290 5504 465 5565 Signat
493 5503 590 5557 hoc
618 5517 717 5555 una
746 5501 832 5555 die
864 5499 1055 5569 legitur
1079 5513 1193 5567 qua:
1222 5498 1379 5553 lectio
1406 5506 1576 5562 sexto,

369 5665 395 5693 ι
411 5656 518 5719 AL,
542 5654 757 5706 ratione.

364 5725 391 5761 ⁸³
412 5724 520 5787 AL,
548 5739 638 5776 con
637 5724 865 5790 junctus.

370 5806 389 5831 ι·
419 5794 525 5860 AL,
556 5793 599 5844 si
619 5794 756 5844 bene.

1222 466 1414 521 SECT.
1460 464 1541 517 Ill.
1581 494 1647 504 —-
1684 460 2008 513 CARMINA.
2048 489 2116 501 ——
2156 460 2391 515 IIYMNL

3320 462 3421 513 610

1817 572 1865 627 Α
1893 569 2122 636 Septima
2150 587 2267 624 cum
2291 586 2444 624 senas
2474 570 2681 635 haheat,
2714 574 2881 625 titillat
2913 574 3200 627 duodenas.

1897 661 2127 712 Romana
2157 662 2293 729 quod
2323 663 2371 713 in
2405 662 2532 713 urbe
2558 674 2711 730 eaput
2739 680 2853 731 quze
2882 665 3073 715 dicitur
3097 665 3262 725 orbis,

1892 750 1971 800 Ub
1994 749 2209 816 populos
2235 750 2359 802 varii
2392 751 2652 801 sermonis
2682 753 2731 801 in
2766 752 2891 803 urbe
2920 751 3162 812 fluentes,

1892 836 2027 888 'l‘um
2058 836 2240 891 Graaco
2270 849 2376 890 tum
2402 838 2635 891 Romano
2665 854 2904 892 sermone
2935 843 3199 904 leguntur.

1893 925 2088 977 'l'aliter
2111 942 2173 976 ex
2204 929 2344 977 senis
2369 916 2482 979 ﬁeri
2513 936 2719 979 constat
2745 930 3035 981 duodeuas.

1895 1013 2004 1064 Non
2036 1026 2191 1065 sensu
2223 1019 2383 1074 rari).
2415 1015 2506 1067 sed
2536 1026 2732 1083 tantum
2762 1018 2968 1085 dispare
3000 1019 3207 1071 bombo.

1898 1102 2001 1154 llac
2032 1106 2186 1154 etiam
2225 1104 2347 1156 feria
2378 1104 2675 1158 benediCIio
2703 1109 2938 1173 prtesulis
2959 1125 3051 1163 ore

1895 1196 2198 1265 Coufertur,
2229 1200 2425 1253 Christi
2458 1201 2673 1255 formam
2700 1215 2838 1257 tenet
2869 1207 2979 1270 ipse
3004 1207 3274 1270 sacerdos,

1896 1285 2075 1337 timtus
2096 1290 2415 1350 apostolicus
2446 1291 2657 1344 totidem
2695 1295 2745 1345 iu
2771 1294 3051 1346 lectoribus
3080 1305 3234 1360 astat,

1901 1372 2205 1425 lliffuudeus
2228 1377 2387 1428 variis
2410 1379 2640 1431 caelestia
2674 1383 2915 1446 dogmata
2945 1384 3152 1450 linguis.

1894 1459 2156 1522 Septimus
2176 1470 2333 1527 atque
2362 1465 2494 1525 dies,
2526 1467 2757 1519 divinum
2784 1469 3035 1537 Pncuma,
3070 1474 3282 1538 ﬁguras,

1899 1545 2195 1601 Pueumatis
2226 1552 2385 1616 ipsius
2415 1562 2627 1618 septena
2657 1557 2975 1610 charismata
3002 1574 3221 1626 namque

1902 1637 2252 1705 ll-uuouymus
2281 1641 2402 1694 Je’su
2434 1642 2683 1696 describit
2715 1648 2781 1698 ah
2811 1648 2931 1701 inde
2962 1651 3230 1715 propheta.

1901 1728 2036 1792 Ergo
2066 1743 2189 1781 suos
2218 1730 2457 1784 Christus
2484 1734 2797 1788 benedicens
2828 1738 2939 1803 ip~e
2969 1740 3257 1801 ministros,

1904 1816 2115 1870 Munere
2140 1819 2299 1872 corda
2331 1820 2541 1890 insignit
2571 1839 2748 1877 eorum
2780 1828 3054 1893 spirituali.

1832 1890 1873 1945 Β
1904 1907 2006 1959 Cur
2032 1920 2203 1963 tamen
2232 1912 2327 1979 hoc
2356 1928 2574 1968 ntunero
2603 1917 2836 1982 signetur
2862 1917 3089 1985 Spiritus
3118 1921 3287 1973 almus

1905 1996 2087 2050 Dicere
2118 2014 2216 2050 non
2243 2012 2461 2066 possunt
2491 2012 2688 2055 nostise
2708 2004 2906 2072 jejunio
2939 2007 3147 2072 lingua).

1902 2085 2003 2138 Sed
2032 2097 2203 2141 tamen
2233 2092 2339 2154 ipse
2366 2092 2496 2143 solet
2522 2091 2803 2145 rudentum
2830 2095 3033 2146 solvere
3066 2096 3267 2161 linguas

1904 2175 2188 2241 llumanas,
2215 2191 2267 2230 ttt
2296 2181 2391 2232 rite
2412 2190 2603 2247 queant
2631 2182 2866 2248 proferre
2894 2182 3144 2249 loquelas.

1900 2263 2085 2317 Omnia
2116 2261 2272 2332 quem
2306 2271 2512 2335 propria
2540 2271 2843 2322 collaudant
2872 2287 2996 2323 voce
3020 2280 3193 2324 eieata
3215 2309 3229 2333 ,

1900 2355 2135 2419 Qualiter
2166 2359 2249 2410 hic
2279 2359 2435 2425 igitur
2461 2372 2668 2427 aptetur
2699 2362 2927 2415 calculus
2964 2365 3059 2423 illi.

1906 2445 1966 2499 Ut
1992 2448 2119 2500 mihi
2149 2447 2392 2516 dignetur
2418 2466 2653 2504 reserare
2688 2452 2911 2504 ﬁdeliter
2936 2454 3110 2505 edam.

1902 2534 2017 2603 lpse
2056 2538 2246 2608 stylum
2292 2548 2487 2605 tamen,
2531 2542 2639 2607 ipse
2682 2557 2891 2594 manum
2919 2553 3085 2612 regat,
3112 2561 3225 2607 oro,
3260 2547 3443 2615 loque-

3150 2634 3373 2697 Iamque,

3150 2634 3267 2684 latnt

1903 2712 1971 2767 L't
1993 2728 2051 2768 se
2074 2714 2234 2793 digne
2262 2725 2420 2785 queat
2450 2702 2630 2771 noster
2658 2717 2969 2785 depromere
2998 2633 3171 2775 seruio
3268 2650 3280 2701 Ι

1902 2805 2108 2859 Nullam
2137 2821 2298 2861 cerno
2323 2816 2496 2861 tamen
2518 2822 2674 2875 quem
2699 2809 2893 2862 dividat
2925 2809 3201 2875 heptadem
3232 2810 3443 2873 almam,

1904 2892 2130 2948 lndivisa
2160 2903 2355 2957 manet,
2389 2905 2564 2962 partes
2594 2898 2715 2963 quia
2742 2898 2945 2963 reSpuit
2974 2910 3172 2964 aequas.
3216 2929 3220 2933 ‹

1906 2984 2188 3038 Unanimes
2215 2999 2420 3053 quoque
2451 2984 2623 3038 reddit
2652 3000 2743 3039 eos
2769 3000 2905 3053 quos
2930 2986 3155 3053 Spiritus
3182 2985 3387 3055 implet.

1916 3076 2005 3130 Vel
2028 3077 2149 3144 quia
2177 3078 2408 3143 septenis
2433 3064 2733 3129 discurrunt
2758 3079 2911 3129 sacla
2934 3079 3140 3130 diebus.

1857 3222 1877 3243 τ
1907 3165 2134 3233 Spiritus
2162 3166 2435 3232 omnigena
2467 3173 2786 3218 monstratur
2809 3166 2930 3219 dote
2958 3167 3181 3233 replere,

1834 3224 1878 3282 Ο
1912 3256 2184 3324 Maiestate
2208 3271 2301 3309 sua
2331 3269 2463 3324 quos
2481 3255 2669 3324 dignos
2695 3255 2889 3322 judical
2920 3271 3060 3313 esse.

1909 3350 2010 3401 Sed
2040 3348 2248 3401 tandem
2277 3348 2552 3400 redeamus
2580 3345 2642 3399 ad
2672 3347 2973 3399 intermissa
3007 3359 3309 3415 parumper,

1910 3437 2261 3505 Dicamusque
2284 3437 2398 3489 dies
2428 3436 2575 3505 operi
2602 3450 2695 3489 cur
2722 3437 2945 3502 septima
2978 3444 3123 3489 tanto

1822 3588 1827 3593 δ
1911 3526 2136 3579 Maxime
2161 3524 2427 3591 deligitur,
2462 3524 2541 3576 vel
2565 3523 2686 3591 quid
2720 3539 2968 3577 ttumerus
3000 3525 3121 3578 velit
3150 3524 3270 3579 iste.

1980 3612 2238 3678 Quattuor
2266 3620 2423 3679 atque
2452 3611 2617 3675 tribus
2646 3620 2845 3679 septem
2869 3623 3111 3665 constare
3139 3613 3397 3679 videmus,

1912 3704 2169 3769 Quattuor
2197 3719 2259 3757 ex
2286 3705 2499 3756 totidem
2531 3718 2720 3772 corpus
2750 3706 3076 3771 compactum
3105 3706 3399 3768 elementis,

1913 3791 2045 3846 Tres
2072 3796 2296 3845 animam
2324 3794 2533 3861 signant
2561 3786 2747 3860 triplici
2772 3794 2971 3848 ratione
3000 3797 3283 3848 elueutem.

1915 3884 2010 3934 Ast
2038 3885 2223 3934 animm
2251 3880 2278 3919 δ
2300 3884 2635 3948 coujunctum
2667 3898 2858 3950 corpus
2884 3882 3074 3935 format
3098 3885 3394 3935 homonem.

1915 3973 2168 4035 Quattuor
2198 3986 2320 4039 ergo
2346 3970 2508 4023 tribus
2543 3973 2803 4025 hominem
2833 3973 3073 4024 coeuntia
3109 3971 3347 4034 retlduut,

1919 4060 2020 4114 Sed
2052 4061 2150 4113 tria
2182 4062 2247 4113 de
2274 4062 2476 4127 superis
2506 4064 2767 4112 manantia
2797 4071 3042 4128 quattuor
3071 4063 3207 4112 imis.

1917 4154 2045 4218 Quae
2071 4152 2277 4220 superis
2308 4152 2523 4203 veniunt
2550 4160 2791 4217 vegetant
2814 4161 3019 4204 ti-rrena
3051 4162 3314 4217 potenter,

1918 4244 2063 4297 Tunc
2091 4254 2260 4295 tamen
2285 4245 2377 4294 ista’
2407 4252 2427 4278 ο
2454 4245 2585 4295 bene
2611 4243 2653 4293 si
2682 4244 2863 4308 c0pula
2896 4258 3026 4295 nexa
3054 4243 3304 4304 calueret,

1926 4336 1988 4387 Et
2023 4334 2117 4387 tria
2148 4330 2435 4386 conﬁciunt
2462 4341 2661 4400 septem
2685 4332 2960 4400 conjuncta
2989 4336 3277 4400 quaternis.

1926 4424 2169 4477 Exterior
2199 4437 2315 4475 cum
2341 4421 2521 4485 homo,
2550 4432 2602 4475 et
2624 4421 2841 4475 interior
2860 4418 2885 4456 ά
2915 4424 3151 4488 coujnrat
3179 4426 3365 4485 amice,

1928 4516 1992 4565 Et
2030 4526 2179 4567 mens
2208 4514 2424 4576 carnali,
2456 4512 2698 4563 vitiorum
2732 4521 2875 4578 peste
2903 4513 3138 4573 subacta,

1924 4606 2165 4669 Imperat,
2198 4616 2257 4653 ac
2280 4603 2470 4652 luteum
2498 4599 2759 4652 subscrvit
2787 4605 2849 4652 ad
2872 4602 3047 4653 omnia
3083 4614 3295 4667 corpus,

1924 4693 2015 4743 llic
2040 4689 2191 4744 oll‘ert
2218 4688 2428 4741 domino
2460 4688 2705 4740 libamina
2733 4698 2879 4753 grata
2910 4689 3167 4741 minister.

1991 4780 2120 4832 Tres
2149 4780 2304 4831 etiam
2335 4777 2450 4829 ﬁdei
2479 4778 2804 4843 praetendere
2832 4777 3069 4842 symbola
3102 4788 3340 4845 possunt,

1870 4866 1873 4868 ’
1923 4870 2138 4923 Trinum
2171 4882 2358 4933 nempe
2381 4868 2602 4919 fatemur
2628 4876 2680 4918 et
2702 4881 2857 4918 unum
2882 4867 3101 4919 credere
3126 4878 3351 4935 uosmet,

1925 4960 2139 5025 Trinum
2174 4959 2414 5025 personis
2446 4973 2603 5009 unum
2632 4956 2828 5009 deitate
2859 4959 3099 5024 perenni,

1927 5050 2180 5114 Quattuor
2209 5058 2260 5099 at
2282 5049 2496 5099 totidem
2520 5045 2797 5099 virtutibus
2822 5047 3191 5111 astipulantur,

1927 5138 2055 5201 Quis
2081 5145 2254 5189 manet
2276 5136 2491 5202 insignis
2516 5133 2822 5201 cujusquam
2849 5136 2953 5191 vita
2986 5134 3173 5198 fidelis,

1929 5230 2184 5290 Quattuor
2207 5238 2332 5291 ergo
2359 5232 2571 5277 manent
2598 5223 2708 5277 fieri
2737 5223 2858 5293 quid
2880 5224 3069 5276 debeat
3095 5234 3249 5291 atque

1931 5318 2197 5370 Cultorem
2228 5326 2477 5369 exercent
2506 5315 2627 5369 ﬁdei
2648 5331 2712 5368 ne
2737 5323 2940 5381 torpeat
2960 5314 3087 5380 otio,

1932 5408 2000 5460 At
2028 5409 2121 5458 tria
2146 5415 2358 5472 propter
2381 5404 2507 5471 quid
2540 5402 2693 5457 taliat
2718 5403 3071 5471 quodcunque
3102 5404 3319 5469 laborat,

1934 5501 2187 5563 Quattuor
2209 5509 2336 5563 ergo
2352 5497 2539 5559 tribus,
2565 5496 2659 5548 tria
2687 5505 2709 5531 ο
2735 5504 2938 5550 constat
2961 5510 3117 5565 egere
3138 5496 3427 5563 quaternis.

2009 5653 2033 5691 τὶ
2060 5631 2164 5714 AI...
2192 5669 2305 5705 cum
2326 5656 2466 5721 jurat
2491 5654 2683 5707 amica.

2014 5734 2035 5758 ε
2061 5724 2168 5783 AL.
2196 5730 2445 5775 constant.
