3862 6322
494 373 593 426 πη
1156 375 1351 427 ΙηίυίΕ
1396 374 1832 427 γεΝειιΑίιιωε
1870 372 2016 425 ΟΡΡ.

493 484 688 548 Nempe
713 483 812 537 ftde
838 485 948 536 sine
978 500 1127 535 nemo
1157 488 1359 547 placere
1391 485 1494 536 Deo
1526 485 1658 535 valet
1688 498 1937 550 unquam,

490 571 599 623 Nec
627 572 794 634 placet
818 572 951 623 hunc
980 572 1210 637 quisquis
1235 573 1375 621 nudo
1402 586 1643 623 sermone
1676 571 1883 627 fatetur,

496 657 693 707 Mortua
724 661 913 724 quippe
947 660 1089 719 lides,
1113 675 1264 724 quam
1290 674 1391 709 non
1419 657 1753 710 comitabitur
1784 668 1952 717 actus,

501 743 602 794 Sed
630 747 723 795 tria
748 747 978 811 cognatis
1010 748 1276 798 socientur
1294 745 1409 810 jure
1434 759 1601 811 qna'e.
1621 748 1719 803 nis,

498 835 645 886 Alma
678 835 805 891 litlcs
830 835 970 899 operi
1006 836 1305 896 concordet,
1336 832 1567 900 opusque
1592 835 1727 893 lidei,

500 920 566 974 Ut
593 931 705 983 post
736 922 785 973 in
814 936 1066 973 summam
1098 925 1307 985 pulchra
1340 937 1591 988 compage
1618 921 1845 982 redacta,

501 1010 778 1071 Septenam
809 1010 1009 1075 pariant
1039 1026 1129 1077 per
1158 1012 1309 1062 .6ch3
1340 1012 1508 1063 futura
1538 1013 1782 1076 quietem,
1840 1076 1843 1079 _

498 1095 727 1161 Septima
760 1098 949 1163 quippe
972 1098 1080 1149 dies
1112 1099 1313 1165 requies
1344 1109 1421 1149 est
1453 1099 1585 1149 dicta
1609 1100 1850 1162 creantis,

503 1185 641 1235 lianc
665 1187 797 1236 sacri
826 1202 1032 1251 semper
1060 1188 1251 1239 debent
1277 1197 1458 1251 Optare
1481 1188 1720 1246 ministri,

499 1273 712 1325 Actibus
742 1285 895 1341 atque
929 1277 1027 1325 litle
1048 1276 1310 1339 suSpircnt
1335 1290 1541 1340 semper
1566 1280 1630 1325 ad
1664 1277 1835 1337 istam,

500 1362 764 1412 Admnmti
796 1376 1007 1424 semper
1037 1376 1366 1413 numerorum
1395 1363 1606 1415 cardine
1636 1350 1803 1415 saero.

570 1450 727 1501 Drbet
752 1452 1022 1517 apostolici
1054 1468 1257 1519 quoque
1280 1433 1533 1520 dogmatis
1564 1469 1678 1507 esse
1712 1454 1962 1519 minister,

501 1540 539 1590 11
564 1541 643 1590 πυει
672 1556 857 1606 expers
882 1557 1096 1594 numero
1123 1544 1259 1609 quod
1286 1543 1587 1607 designatur
1615 1544 1799 1596 eodem

500 1630 595 1681 l’ar
626 1631 736 1682 ihus
768 1632 854 1683 ille
882 1635 990 1683 suis
1019 1634 1231 1684 alterum
1263 1634 1641 1698 multiplicatis.

494 1716 535 1766 C
576 1718 709 1770 lmen
740 1722 1006 1784 apostolici
1040 1721 1336 1772 duodenum
1361 1722 1530 1788 signat
1563 1722 1795 1782 honoris,

498 1807 617 1855 sive
647 1816 824 1873 quater
853 1808 994 1858 dicas
1024 1818 1221 1871 ternos,
1254 1819 1331 1861 ter
1361 1811 1474 1862 sive
1500 1822 1802 1877 quaternos,

495 1895 725 1947 'l‘rainite
754 1898 961 1948 diverso
988 1896 1173 1948 callem
1202 1898 1518 1965 aggredieris
1549 1900 1816 1959 eumdem,

497 1984 761 2050 Septimus
790 1999 913 2049 ergo
941 1984 1047 2036 suis
1068 1983 1364 2036 duodenum
1397 1986 1627 2049 partibus
1653 1986 1851 2050 explet,

500 2070 562 2120 Et
593 2072 777 2123 merito
803 2078 825 2105 α
853 2072 1006 2123 modo
1037 2087 1138 2133 quo
1167 2083 1383 2137 septena
1413 2072 1721 2124 charismata
1756 2074 1948 2125 mundo

508 2158 838 2211 Excrllenter
868 2159 1183 2224 apostolicus
1212 2162 1430 2223 primum
1459 2160 1622 2211 edidit
1646 2159 1776 2211 ordo

499 2248 634 2313 Ergo
660 2249 770 2298 dies
803 2248 958 2299 rebus
988 2248 1143 2298 tantis
1166 2247 1331 2299 electa
1357 2249 1623 2315 gerendis,

502 2334 749 2385 llortaiur
773 2334 955 2402 dignos
980 2320 1094 2387 sese
1118 2337 1347 2399 praebere
1379 2335 1663 2399 ministros,

499 2422 736 2475 Doctrina
765 2424 881 2475 lidei
907 2437 1020 2474 cum
1045 2425 1165 2475 dote
1190 2422 1465 2487 spirituati.

572 2512 722 2564 l-‘essa
748 2528 980 2566 eumcena
1009 2516 1178 2580 jugent
1211 2515 1341 2567 festi.
1365 2525 1418 2567 at
1448 2531 1687 2582 rumpere
1710 2518 1885 2580 linem,

500 2599 665 2653 f‘auca
696 2602 1037 2657 reluctantem
1070 2615 1315 2655 revocant
1341 2606 1429 2655 sed
1454 2604 1579 2657 feria
1609 2616 1799 2670 vatem,

493 2690 703 2741 Sabbati
732 2692 898 2741 adhuc
922 2702 1123 2742 nosnwt
1149 2709 1248 2743 non
1280 2696 1657 2747 contemnenda
1688 2704 1957 2749 morantur

497 2781 633 2840 Uria,
660 2794 771 2845 qure
802 2793 988 2848 cognnt
1018 2796 1199 2833 causas
1231 2798 1490 2849 exponere
1519 2793 1709 2847 tantas,

422 2872 427 2875 ’
498 2866 600 2919 Cur
630 2883 728 2918 non
762 2884 855 2921 nos
878 2872 991 2921 aliis
1017 2872 1167 2922 liceat
1190 2886 1396 2924 sacrare
1417 2874 1624 2934 diebus,

505 2956 665 3007 Error
688 2958 875 3022 quippe
908 2974 1066 3010 novus
1098 2974 1274 3011 nostro
1302 2962 1400 3013 sub
1428 2963 1633 3015 climate
1671 2978 1832 3032 nuper
1890 2972 1907 2991 ‘

504 3043 728 3096 Exortus
757 3047 936 3113 serpit,
968 3048 1048 3100 cui
1091 3050 1404 3115 respondere
1431 3060 1668 3103 coarctor
1698 3068 1710 3103 ε

504 3131 628 3180 l'ont
657 3134 783 3184 lices
821 3135 1075 3199 siquidem
1104 3136 1264 3185 nostri
1294 3150 1395 3203 qua
1425 3136 1663 3190 Christus
1692 3140 1903 3192 Averno

498 3220 763 3284 Surrexit,
794 3224 1065 3273 celebrare
1105 3221 1190 3275 die
1226 3223 1337 3276 lucc
1389 3226 1646 3279 solemnia
1690 3236 1923 3291 tentant,

493 3304 623 3367 Quis
659 3308 701 3357 sl
745 3307 879 3357 nulla
914 3308 1045 3361 foret
1072 3324 1187 3375 qum
1219 3311 1362 3361 reddi
1390 3327 1544 3363 causa
1577 3315 1797 3377 valeret,

498 3391 681 3443 Debuit
707 3404 972 3447 auctorata
1018 3407 1219 3457 patrum
1250 3400 1375 3451 satis
1402 3416 1517 3453 esse
1555 3412 1783 3456 vetustas
1806 3442 1823 3466 ,

492 3480 702 3531 Sahbati
743 3482 804 3531 ad
848 3483 940 3534 ista
989 3484 1125 3536 diem
1158 3488 1477 3550 quosmttnia
1493 3503 1699 3553 semper
1723 3492 1917 3557 agenda
1941 3482 1983 3557 ,’

503 3570 780 3633 lielegasse
811 3571 987 3635 liquet,
1022 3573 1371 3639 tespertiuttm
1402 3592 1609 3641 quoque
1633 3589 1851 3641 tempus.

493 3653 694 3707 .Iustmn
721 3659 913 3724 quippe
944 3670 1249 3724 putaverunt
1276 3663 1383 3714 haec
1408 3665 1655 3728 temporis
1684 3664 1831 3716 hora.

491 3741 743 3796 Sacerdos
779 3749 1036 3799 tractanda
1067 3750 1251 3815 quibus
1281 3752 1357 3815 pia
1396 3754 1603 3804 victima
1644 3765 1884 3819 constat,

493 3831 747 3897 Tempore
776 3848 879 3900 quo
906 3846 988 3888 est
1016 3850 1048 3889 e
1067 3839 1202 3888 idem
1247 3848 1465 3890 mactata
1497 3842 1669 3894 crucis
1703 3858 1859 3908 super
1883 3860 2025 3899 aram

498 3918 738 3981 Vielima,
770 3935 900 3987 quos
940 3924 1056 3989 quia
1092 3924 1301 3992 jcjnnos
1330 3926 1441 3979 tunc
1469 3944 1613 3980 sacra
1647 3944 1942 3997 reposcunt.

491 4005 603 4059 Non
634 4017 753 4059 sunt
797 4010 893 4061 hac
941 4012 1250 4069 celebranda
1282 4015 1366 4069 die
1392 4029 1491 4081 qua
1534 4018 1639 4068 vita
1677 4020 1894 4083 revixit,

489 4097 731 4159 Jejnnare
763 4100 791 4149 d
817 4113 846 4151 e
879 4114 989 4151 tuos
1020 4103 1407 4156 ecclesiasticus
1442 4106 1558 4168 illo,

492 4187 618 4239 Nam
673 4189 909 4253 perhibet
950 4191 1196 4256 quoniam
1244 4204 1390 4258 turpe
1435 4206 1513 4247 est
1554 4209 1776 4249 maerere
1825 4199 2029 4252 redem-

1772 4285 1789 4355 [
1810 4297 1922 4350 plus
1940 4328 1955 4352 ,

492 4363 698 4416 Devicta
726 4380 844 4417 cum
875 4371 1040 4435 surgit
1080 4385 1260 4420 eorum
1294 4379 1459 4423 morte
1488 4369 1824 4440 Redemptor,

494 4452 720 4519 Vespere
743 4453 951 4519 jejuuos
976 4458 1126 4523 igitur
1148 4475 1264 4510 cum
1300 4461 1415 4510 talia
1440 4471 1674 4524 poscant.

492 4542 815 4610 l’rwlatoque
843 4545 926 4596 die
956 4560 1191 4611 cniquatn
1224 4546 1289 4597 sit
1315 4549 1733 4602 Christicolarum

490 4630 734 4698 Jejnnare
760 4634 925 4694 nefas,
957 4636 1089 4685 alius
1121 4646 1384 4698 quaeratur
1410 4638 1469 4687 ad
1499 4639 1591 4689 ista
1611 4678 1624 4701 ,

493 4720 673 4778 Aptior
703 4734 763 4771 ac
805 4722 977 4773 nullus
1008 4722 1133 4773 mihi
1168 4725 1494 4789 praecedente
1522 4728 1719 4780 videtur

493 4812 740 4870 Sahbato,
776 4812 824 4861 iu
863 4812 959 4863 hoc
1002 4815 1198 4864 etenim
1224 4815 1494 4879 vigilantes
1528 4829 1717 4868 censeo
1753 4832 1952 4882 servos,

496 4908 566 4953 Ac
594 4902 795 4953 sobrios
824 4918 835 4951 :
867 4900 1009 4967 larga
1048 4918 1252 4969 quoque
1290 4906 1583 4971 dapsilitate
1622 4907 1808 4972 piatos,

494 4988 752 5043 Victorem
779 4991 1065 5057 praestolari
1104 4993 1166 5044 de
1207 5005 1487 5047 scammate
1518 4995 1775 5048 Christum
1800 5036 1814 5058 ,

495 5079 617 5145 Ejus
649 5078 697 5129 in
720 5093 960 5145 occursu,
990 5080 1277 5147 dignosque
1306 5096 1485 5148 parare
1508 5083 1792 5137 ministros.

560 5168 663 5220 Nec
690 5168 811 5220 illud
839 5184 933 5221 nos
961 5180 1255 5235 praetereat,
1288 5171 1422 5237 quod
1454 5173 1706 5237 septimus
1747 5173 1860 5225 istis

491 5258 612 5310 lore
638 5258 751 5310 dics
789 5258 952 5309 Sacris
980 5259 1194 5327 antiquo
1217 5268 1297 5313 est
1327 5261 1721 5325 moredicatus,

491 5344 617 5397 Nam
646 5346 884 5412 gradibus
916 5346 1133 5401 totidem
1159 5349 1439 5417 respondet
1459 5348 1689 5401 calculus
1716 5350 1877 5413 idem,

564 5502 585 5561 ιβ
621 5500 649 5542 Α
664 5495 721 5555 l.,
749 5498 1012 5561 quomodo.

558 5559 581 5594 ⁴
616 5564 717 5619 AL,
747 5559 833 5629 qui
874 5575 1093 5630 prapnr.

559 5637 578 5663 ε
623 5633 722 5688 AL,
747 5641 790 5681 rt
821 5635 946 5683 alter
980 5634 1128 5685 idem.

2059 372 2232 427 PARS
2271 373 2351 425 ΙΙΙ.
2392 400 2458 411 -
2498 373 2962 428 PARA'INETICA.
3538 380 3628 431 6|!

2050 486 2094 539 Α
2119 480 2327 547 Septem
2357 482 2543 548 quippo
2570 482 2757 549 gradus
2786 484 2835 535 lii
2872 493 3126 550 suntqua:
3167 486 3263 537 hac
3288 485 3404 537 luce
3431 501 3628 538 sacran-

3420 572 3571 643 [tur.

2120 654 2259 718 Quos
2288 656 2406 723 quia
2439 658 2741 724 perlongum
2770 667 2848 711 est
2872 673 3141 723 exponere
3185 662 3393 712 nomina
3422 670 3629 724 tantum,

2123 742 2364 795 Dicemus
2400 747 2642 809 quoniam
2668 745 2867 797 fastidia
2898 749 3041 811 longa
3072 762 3337 810 cavemus,

2119 828 2359 895 Claviger
2387 837 2442 881 et
2471 830 2653 891 lector,
2679 832 2953 904 exorcista,
2988 834 3381 901 acolythusque,
3426 836 3429 839 λ

2123 914 2541 982 llypodiaconus.
2572 926 2625 969 ct
2648 921 2795 969 levita
2836 930 2889 971 et
2914 922 3181 989 presbyter
3206 924 3333 989 ipse,

2194 1006 2494 1055 Pontificem
2534 1022 2659 1057 sane
2692 1024 2790 1058 non
2821 1008 2915 1059 ista
2948 1011 3056 1071 lege
3085 1013 3245 1061 teneri

2125 1094 2378 1161 Dicimus,
2412 1097 2533 1149 hinc
2555 1101 2745 1150 etenim
2772 1099 2949 1151 festiva
2987 1102 3099 1153 luce
3126 1102 3306 1163 dicari,

2124 1182 2341 1235 Maxime
2366 1199 2464 1250 qua
2496 1184 2732 1237 Christus
2775 1187 3154 1241 Lcto‘surieait
3182 1199 3412 1255 oportet,

2121 1271 2281 1335 Cujus
2326 1274 2373 1322 in
2408 1273 2637 1324 Ecclesia
2672 1289 2947 1339 personam
2984 1278 3116 1328 ferre
3149 1280 3369 1340 videtur,

2125 1359 2336 1412 [tertius
2363 1375 2485 1426 ergo
2524 1362 2605 1412 die
2633 1378 2736 1429 quo
2774 1364 3136 1415 sublonabitur
3164 1366 3280 1426 iste,

2123 1450 2286 1511 Quam
2318 1463 2419 1514 quo
2451 1450 2685 1499 sublimis
2712 1451 2775 1501 de
2813 1460 2979 1503 morte
3010 1456 3288 1506 revertitur
3315 1456 3400 1509 ille
3429 1473 3442 1507 :

2127 1534 2192 1586 Ut
2218 1535 2292 1586 sic
2322 1536 2565 1587 Ecclesia:
2600 1538 2797 1589 relevet
2827 1553 2965 1590 nunc
2994 1539 3091 1592 iste
3121 1542 3372 1605 dolorem,

2126 1623 2268 1674 Sicut
2299 1625 2639 1686 apostolicum
2671 1634 2794 1678 tunc
2817 1628 3012 1692 depulit
3041 1629 3128 1681 ille
3158 1632 3422 1695 timorem,

2129 1710 2187 1760 Et
2217 1710 2355 1762 velut
2388 1713 2469 1762 ilfe
2494 1728 2769 1779 resurgens
2799 1716 3112 1768 eshilaravit
3144 1718 3358 1779 anticus,

2056 1784 2099 1840 Β
2126 1797 2211 1850 Sic
2238 1798 2334 1850 sibi
2362 1801 2670 1853 commissos
2702 1803 2784 1855 hic
2824 1820 2959 1856 nunc
2988 1807 3184 1857 soli-tur
3229 1809 3492 1871 alumnos,

2124 1887 2495 1943 Constatenim
2532 1896 2649 1959 quia
2678 1908 2793 1946 cum
2827 1897 3033 1947 decedit
3071 1899 3342 1963 cpi-copiis
3374 1901 3577 1964 isthinc,

2126 1975 2382 2029 Abscessu
2410 1980 2594 2043 capitis
2617 1982 2809 2033 tristari
2835 1984 3062 2035 membra
3092 2000 3305 2038 necesse
3337 1999 3414 2040 est
3435 2029 3451 2050 ,

2124 2060 2356 2130 Cumque
2400 2064 2715 2119 reformatur
2739 2070 2911 2122 divina
2947 2080 3088 2124 sorte
3114 2074 3355 2135 Vacalus,

2129 2150 2260 2202 Ecce
2282 2152 2478 2205 alacres
2516 2156 2688 2207 cuncti
2722 2159 2890 2223 posito
2916 2174 3140 2213 interore
3165 2162 3449 2225 resultant,

2126 2240 2431 2304 Surgentem
2462 2242 2601 2295 velut
2640 2245 2905 2309 excipiant
2932 2250 2994 2299 de
3023 2246 3202 2302 funere
3240 2251 3523 2313 Christum,

2130 2324 2154 2362 δ
2182 2328 2508 2395 Quapwpter
2542 2334 2775 2399 quisquis
2807 2337 3031 2388 oeluucti
3061 2339 3110 2389 in
3139 2339 3263 2389 sede
3294 2343 3512 2401 locatur,

2131 2414 2235 2467 llac
2258 2418 2404 2469 nobis
2428 2420 2627 2471 ratione
2657 2421 2857 2473 videtur
2900 2410 2922 2459 χε
2957 2436 3006 2475 et
3034 2426 3163 2477 alter
3187 2437 3238 2475 et
3259 2427 3415 2479 idem.

2197 2504 2298 2557 Nec
2328 2506 2450 2557 illud
2483 2512 2682 2562 ratione
2713 2525 2864 2563 reare
2892 2526 3074 2567 Carere
3097 2516 3207 2568 dies
3232 2517 3373 2581 quod

2129 2592 2330 2645 Primos
2352 2604 2405 2647 ct
2432 2607 2645 2649 octavus
2675 2600 2897 2652 sulfecto
2937 2617 3157 2665 priesue
3186 2605 3394 2667 gaudet,

2127 2681 2320 2734 tirdine
2356 2684 2445 2749 qui
2476 2694 2690 2759 octavus
2717 2697 2914 2751 peistat
2942 2688 3032 2740 scd
3068 2690 3294 2755 culmine
3333 2692 3548 2758 primus,

2128 2768 2335 2835 Septem
2377 2774 2567 2837 quippe
2593 2773 2783 2837 gradus
2816 2776 3061 2839 prmlatos
3082 2778 3295 2830 scandat
3320 2788 3547 2846 Oportet.

2130 2863 2251 2915 Post
2279 2872 2420 2916 tanto
2450 2865 2699 2931 primatus
2724 2866 2971 2920 sublimet
3001 2877 3054 2920 ut
3082 2868 3297 2923 honore.

2130 2953 2263 3006 Ecce
2288 2962 2461 3021 typum
2490 2968 2695 3021 quoque
2724 2955 2824 3008 fert
2851 2965 2904 3008 et
2931 2957 2980 3009 in
3010 2958 3108 3019 hoc
3134 2961 3353 3011 antistes
3382 2958 3528 3022 Iesu,

2130 3038 2240 3091 Non
2271 3050 2465 3091 tantum
2494 3043 2629 3106 quod
2657 3051 2823 3095 morte
2845 3043 2931 3096 die
2959 3044 3051 3097 hac
3077 3048 3362 3098 surrexerit
3394 3047 3501 3107 ille,

2138 3127 2323 3181 Verum
2374 3128 2566 3181 idcirco
2592 3131 2676 3182 die
2705 3129 2943 3184 Christus
2979 3133 3203 3186 surrexit
3242 3137 3291 3186 in
3324 3137 3443 3197 ista,

2070 3204 2073 3205 ν
2131 3217 2197 3271 Ut
2224 3214 2250 3252 ἀ
2282 3226 2451 3282 pateat
2477 3218 2596 3285 quia
2620 3218 2926 3285 principium
2956 3222 3023 3273 sit
3047 3222 3161 3273 linis
3188 3231 3240 3275 et
3272 3227 3400 3287 ipse,

2130 3304 2203 3355 Ex
2243 3320 2345 3371 quo
2387 3314 2571 3358 cuncta
2612 3306 2803 3375 ﬂuunt,
2844 3308 2914 3364 ad
2966 3310 3205 3361 eumdem
3242 3322 3428 3362 concta
3484 3326 3645 3363 recur-

3410 3398 3582 3469 [runt.

2131 3482 2336 3534 Primus
2366 3493 2413 3535 et
2444 3495 2678 3546 octavus,
2711 3485 2825 3551 quia
2852 3486 3099 3540 Conditor
3127 3500 3281 3552 atque
3316 3489 3520 3544 Beator.

2130 3571 2239 3637 Ipse
2268 3572 2461 3625 creavit
2491 3575 2628 3623 enim
2678 3575 2788 3639 ipse
2820 3588 2997 3626 octava
3031 3587 3182 3628 aetate
3223 3579 3417 3632 beabit.

2199 3661 2301 3711 Vos
2322 3676 2471 3729 rago,
2506 3670 2757 3726 pastores,
2788 3664 3049 3716 subtiliter
3092 3666 3424 3730 inspicieutcs

2131 3748 2182 3799 In
2211 3758 2404 3814 quanto
2436 3766 2525 3801 vos
2544 3751 2782 3803 Christus
2812 3753 3009 3805 honore
3042 3755 3237 3818 loCarit,
3268 3768 3319 3809 at
3348 3760 3517 3825 ipsum

2126 3837 2379 3891 Collatum
2402 3853 2583 3892 rursus
2617 3854 2719 3907 quo
2752 3843 2890 3893 fasce
2917 3855 3141 3909 gravant
3175 3851 3449 3903 honorem.

2128 3928 2213 3981 Sic
2240 3929 2543 3995 gregisestc
2566 3943 2740 3995 caput,
2771 3934 2961 3983 summi
2994 3944 3048 3983 ut
3082 3939 3105 3965 °
3148 3934 3374 3988 Pastoris
3398 3938 3587 3993 adesse

2130 4019 2355 4069 Membra
2382 4020 2603 4084 qucatis,
2631 4032 2685 4070 ut
2714 4036 2773 4072 ea
2806 4021 2909 4072 illis
2933 4037 3032 4073 non
3063 4035 3251 4089 vestra,
3275 4026 3365 4077 scd
3406 4028 3522 4093 ejus

2130 4106 2289 4157 Lucra
2310 4108 2633 4172 requirentes
2662 4107 2729 4159 ab
2761 4110 2944 4161 eodem
2976 4126 3165 4176 pascua
3195 4115 3313 4165 vita:

2127 4196 2344 4249 Sumere
2375 4200 2583 4263 possitis
2603 4237 2617 4260 ,
2658 4200 2937 4251 commissa
2971 4202 3120 4265 plebe
3144 4215 3409 4271 sequente,

2126 4283 2235 4335 Non
2260 4300 2349 4337 vos
2380 4288 2452 4337 ira
2484 4296 2654 4340 truces
2692 4290 2893 4352 reddat,
2930 4307 3030 4343 non
3070 4292 3232 4360 gratia
3277 4297 3483 4361 molles,

2054 4402 2102 4457 η
2126 4372 2265 4436 Quos
2286 4373 2517 4425 Christus
2545 4386 2724 4427 evocat
2746 4377 2885 4438 lazto,
2920 4392 3007 4428 vos
3037 4382 3221 4432 solvite
3251 4382 3445 4437 vinclo.

2135 4459 2330 4511 Pascite
2361 4474 2489 4524 pane
2517 4476 2724 4529 gregem
2760 4464 2958 4516 Do:nini
2989 4482 3125 4521 nunc
3152 4471 3427 4537 spirituali,

2132 4548 2379 4614 Angelico
2406 4562 2498 4599 vos
2539 4565 2671 4615 pane
2701 4550 2797 4603 frui
2825 4556 3074 4607 concedat
3103 4566 3158 4607 ut
3199 4558 3303 4621 ille,

2132 4633 2378 4701 Exemplo
2408 4652 2553 4703 mage
2596 4654 2750 4703 quam
2780 4655 3021 4695 sermone
3058 4645 3281 4711 gerenda
3316 4646 3517 4714 jubete.

2130 4724 2271 4777 Tunc
2291 4737 2430 4779 recto
2455 4729 2518 4778 ad
2550 4728 2703 4779 vitam
2728 4729 2929 4782 ducetis
2956 4732 3086 4785 calle
3116 4736 3339 4788 futuram
3358 4776 3373 4799 ,

2122 4811 2179 4864 Si
2202 4810 2351 4866 factis
2383 4816 2523 4867 illam
2557 4818 2813 4869 moneatis
2842 4829 2896 4870 et
2920 4833 3011 4872 ore
3038 4825 3331 4885 petendam,

2125 4900 2303 4954 Gallus
2330 4904 2400 4955 uti
2430 4902 2651 4971 pr0prit's
2678 4916 2845 4959 semet
2873 4910 3015 4975 prius
3034 4913 3231 4984 excitat
3266 4914 3385 4977 alis,

2125 4992 2210 5043 Sic
2240 4994 2445 5045 demum
2474 5008 2674 5047 aurora:
2712 4998 2968 5051 venientis
2995 5001 3229 5065 pra-ciust
3255 5014 3450 5063 ortum,

2122 5079 2207 5133 Sic
2229 5081 2292 5131 ad
2321 5082 2514 5147 agenda
2565 5097 2774 5137 manum
2826 5089 3013 5152 praesul
3056 5104 3172 5155 que
3200 5089 3393 5159 dixerit
3430 5108 3543 5157 ore,

2126 5166 2318 5221 Excrat
2347 5171 2457 5238 ipse
2487 5173 2646 5238 prior,
2678 5173 2801 5227 mihi
2826 5184 2946 5228 tunc
2981 5180 3159 5231 audire
3188 5179 3386 5244 libebit,

2124 5258 2307 5309 Munus
2346 5260 2410 5311 ab
2439 5276 2531 5312 ore
2562 5276 2819 5329 manuque
2846 5274 3017 5331 patres
3060 5270 3401 5336 contemnito,
3431 5283 3640 5340 qua-ao;

2124 5344 2398 5399 Excecaut
2424 5348 2579 5399 etiam
2605 5351 2864 5416 sapientes
2896 5356 3048 5407 xenia
3071 5356 3278 5419 crebra,

2190 5502 2213 5539 δ
2239 5504 2349 5569 ΔΙ..
2376 5515 2564 5567 parent.

2192 5581 2214 5606 ⁶
2246 5576 2350 5637 AL,
2375 5576 2578 5640 pastori.
