3862 6350
183 393 287 445 613

183 500 411 553 Simonis
441 500 673 563 exitium,
711 501 902 564 lepram
927 500 1085 550 vitate
1117 497 1237 559 lezi,

182 585 411 637 Callidus
442 587 537 638 iste
564 600 768 638 sacrum
798 585 893 636 sibi
925 584 1147 636 Pnenma
1195 581 1385 647 putavit
1412 586 1706 645 emendum,

182 675 402 727 Charius
444 675 621 727 infelix
654 674 789 741 quod
822 682 994 739 posset
1033 674 1259 725 vendere
1286 670 1479 729 multis,

182 763 434 826 Quodque
462 762 595 815 Deus
618 763 777 827 gratis
816 761 988 823 offert,
1018 761 1193 833 venale
1220 760 1435 825 putavit,

184 850 332 904 Unde
355 853 509 904 miser
531 850 756 901 barathri
779 850 1032 901 ditnersus
1076 848 1137 899 ad
1174 848 1273 898 ima
1305 845 1541 913 profundi

183 938 453 999 Truditur,
483 934 683 988 inferno
709 936 827 989 dum
865 935 1212 1001 prmcipitatur
1240 935 1304 984 ali
1328 936 1453 991 alio,

179 1025 365 1077 Sidera
395 1028 480 1092 qui
507 1026 710 1093 levitate
736 1033 915 1088 petens
942 1023 991 1073 in
1022 1022 1232 1073 Tartara
1255 1022 1467 1072 demens
1491 1062 1502 1079 ,

177 1111 389 1165 Corruit
410 1112 592 1163 ablatis
618 1110 863 1176 nequiens
886 1110 1111 1162 incidere
1142 1109 1350 1174 plantis.

182 1200 317 1253 Dum
351 1201 484 1252 male
506 1202 711 1250 collatis
740 1199 898 1250 altum
930 1198 1055 1263 petit
1086 1200 1277 1250 aethera
1303 1198 1501 1263 pennis.

180 1292 333 1343 Alter
359 1302 404 1341 et
434 1290 542 1353 ipse
572 1288 973 1354 paremmolitus
1002 1297 1176 1339 texere
1208 1286 1465 1345 fraudem,

180 1376 440 1430 Indttltam
474 1379 608 1440 larga
654 1376 853 1425 Domini
888 1376 1077 1437 pietate
1107 1375 1321 1425 salutem

186 1468 420 1533 Accipio,
456 1466 618 1531 pretio
642 1466 760 1515 dum
794 1464 960 1531 gliscit
987 1463 1203 1515 Vendere
1236 1462 1431 1518 morbo,

180 1556 301 1621 Quo
346 1556 509 1607 frter-at
537 1556 620 1620 qui
650 1552 831 1619 dignus
860 1561 973 1605 erat
998 1556 1254 1603 relevatus
1283 1552 1497 1608 eodem;

176 1643 424 1696 Multatur
455 1650 557 1695 tota
580 1655 695 1693 cum
724 1642 1021 1704 posteritate
1047 1639 1297 1691 misellus.

175 1731 302 1784 llaec
327 1731 516 1798 jvginer
544 1729 813 1781 metuenda
847 1739 1019 1794 patres
1045 1728 1280 1793 exeu'pla
1312 1734 1511 1787 cavete,

179 1819 353 1871 Munia
376 1819 488 1881 quis
516 1817 791 1883 imponatis
822 1816 1125 1882 perpendite
1151 1829 1317 1877 saera,
1523 1802 1528 1811 ’

171 1906 336 1959 Justis
358 1920 421 1958 ne
447 1904 794 1958 subducentes
822 1900 1063 1955 tribuatis
1099 1903 1287 1968 iniquis
1309 1941 1323 1964 ,

172 1998 329 2064 Sape
367 2004 698 2049 recensentes
723 2008 954 2046 summus
983 1993 1118 2059 quod
1147 1992 1337 2045 doctor
1363 1992 1572 2043 alumno

176 2086 442 2152 Praecipit,
474 2094 531 2137 ut
556 2084 681 2153 nulli
713 2084 865 2135 citius
891 2082 1214 2148 necdumque
1241 2083 1454 2147 probato

176 2173 499 2239 lin-ponendo
528 2185 713 2251 manus
757 2171 925 2236 pravis
952 2172 1298 2227 communicet
1327 2169 1477 2231 actis,

172 2264 266 2314 Sic
295 2270 347 2315 et
375 2276 465 2313 ros
496 2261 591 2312 nisi
616 2261 867 2312 discussis
896 2260 1135 2312 examine
1166 2259 1319 2323 longo

173 2354 339 2405 Sacra
363 2352 632 2404 miniaterii
660 2351 986 2404 committere
1003 2350 1119 2416 jura
1141 2360 1336 2402 cavete.

171 2442 251 2494 Ne
283 2440 405 2493 mihi
436 2449 757 2501 succensete,
792 2454 993 2505 precor,
1027 2451 1199 2505 patres
1220 2436 1517 2500 venerandi,

173 2528 412 2583 Morbida
444 2540 677 2592 pastores
701 2529 835 2595 quod
855 2530 971 2579 ovis
1003 2541 1258 2591 prmsumo
1290 2539 1520 2577 monere.

173 2615 384 2685 Smpius
412 2614 747 2681 Omnipotens
770 2612 1061 2680 junioribus
1088 2613 1261 2663 abdita
1305 2611 1497 2675 paridit,

172 2703 313 2769 Lege
337 2715 431 2755 nec
456 2710 687 2753 arctatur
716 2701 919 2752 divinus
962 2700 1180 2765 Spiritus
1212 2698 1309 2749 ulla
1331 2738 1343 2758 ,

170 2790 460 2843 Consilium
491 2790 699 2843 domino
727 2804 955 2855 persaepe
980 2789 1063 2839 dat
1095 2789 1215 2839 utile
1251 2799 1430 2837 servus

169 2879 275 2932 Ista
303 2893 393 2944 per
420 2892 688 2931 excessum
712 2878 777 2930 de
808 2877 1042 2944 praesulis
1067 2876 1248 2927 ordine
1276 2875 1409 2926 dicta

169 2967 464 3029 Sulﬁciant,
516 2966 722 3019 tandem
755 2965 1028 3017 redeamus
1067 2964 1128 3014 ad
1164 2963 1475 3013 intermissa.

172 3056 463 3109 Dicendum
490 3054 611 3122 quid
636 3054 760 3106 velit
785 3053 881 3105 sibi
908 3053 1061 3105 lectio
1101 3052 1294 3114 paucis.

172 3144 438 3209 Septimus
463 3143 558 3194 iste
581 3141 692 3193 dies
727 3141 943 3192 sibimet
970 3154 1124 3207 quam
1158 3139 1381 3191 vindicat
1413 3153 1566 3202 unus,

171 3230 322 3295 Quod
352 3241 547 3293 septem
578 3231 806 3295 requiem
853 3228 1124 3294 designent
1159 3242 1297 3293 s:cpe
1322 3227 1559 3287 relatum,

173 3326 273 3375 Ast
301 3323 443 3389 operi
472 3336 623 3374 senes
648 3330 883 3387 aptamus
912 3320 1297 3383 convenienter,

172 3412 288 3464 lluc
319 3410 508 3463 etenim
562 3422 779 3460 numero
818 3407 982 3459 bonus
1012 3406 1183 3458 omnia
1219 3405 1451 3459 condidit
1489 3406 1703 3465 Auctor,

170 3502 375 3555 Szccula
414 3502 769 3552 discreverunt
800 3498 940 3550 senis
968 3498 1204 3549 aetatibus
1234 3497 1350 3559 ista,
1490 3492 1491 3495 “

184 3590 240 3642 111
271 3589 455 3656 quibus
480 3587 688 3641 aSsiduo
717 3585 921 3653 requies
942 3587 1195 3651 speranda
1225 3585 1434 3648 laboris,

175 3682 285 3731 Nec
310 3693 436 3731 sane
459 3680 618 3731 series
648 3689 727 3730 est
757 3677 1131 3729 contemnenda
1166 3684 1419 3727 tomorutn
1452 3691 1465 3726 :

172 3770 432 3833 Quattuor
458 3777 577 3819 ante
606 3781 753 3818 sacra
780 3781 929 3832 quam
959 3766 1282 3817 consecratio
1307 3764 1425 3825 fiat;

172 3857 367 3922 Quinta
393 3855 489 3908 sub
513 3855 728 3907 articulo
754 3856 1045 3907 decurritur
1078 3854 1274 3907 ordinis
1301 3855 1443 3918 ipso;

174 3945 333 3997 Sexta
359 3928 541 3995 diurna
581 3950 773 4004 manet,
809 3943 963 3994 solito
984 3958 1096 4009 quae
1124 3956 1266 3995 more
1291 3943 1529 3996 refertur.

176 4036 436 4099 Quattuor
456 4047 547 4085 ore
572 4032 759 4100 gradus
788 4033 985 4083 monuil
1020 4032 1287 4083 l’saltnista
1311 4045 1501 4101 canoro
1523 4070 1537 4093 ,

175 4121 443 4186 Prmcipua
466 4135 669 4186 semper
692 4120 1001 4172 brnedicere
1025 4120 1172 4173 laude
1193 4118 1501 4181 Tonantem,

176 4210 339 4261 Israel
370 4209 645 4272 Aaronque
675 4207 905 4270 domum,
936 4208 1057 4260 Levi
1082 4222 1306 4273 quoque,
1332 4222 1533 4261 necnon

177 4299 241 4350 Et
265 4297 559 4364 quicunque
590 4296 770 4348 timent
814 4296 1084 4347 Dominum
1125 4298 1191 4347 de
1217 4296 1457 4361 gentibus
1483 4297 1600 4350 illis.

176 4388 335 4439 lsrael
360 4387 569 4441 llebraza
599 4389 768 4454 signat
796 4387 860 4438 de
883 4388 1034 4453 plebe
1059 4396 1292 4449 vocatos,

175 4477 455 4529 Pontiﬁces
481 4491 658 4528 sacros
685 4477 857 4527 Aaron
887 4476 1072 4528 domus
1100 4474 1288 4543 inclyta
1317 4476 1511 4543 pandit,

176 4564 440 4630 Exprimit
466 4573 519 4616 at
555 4564 785 4631 reliquos
836 4561 953 4613 Levi
983 4562 1168 4613 domus
1212 4562 1381 4628 ampla
1423 4561 1703 4625 ministros,

175 4660 242 4705 At
278 4653 549 4705 Dominum
582 4661 817 4704 metuens
847 4650 1101 4703 vocitatur
1130 4658 1316 4702 catera
1366 4650 1538 4716 plebes

174 4744 396 4804 Utnnis;
426 4741 475 4793 in
504 4739 584 4791 his
611 4749 788 4792 autem
817 4740 1055 4792 consistit
1084 4739 1233 4791 turba
1262 4738 1445 4799 lldelis,

180 4832 362 4884 Lectio
391 4832 525 4897 quod
551 4829 719 4899 signat
752 4829 1050 4894 praecedens
1078 4830 1175 4881 rite
1198 4837 1466 4897 quaterna.

184 4923 279 4974 liae
303 4934 507 4987 quoque
532 4926 796 4972 mutantur
826 4932 917 4985 per
949 4928 1175 4985 tempora
1201 4928 1442 4985 quattuor
1462 4918 1601 4981 auni,

178 5010 635 5078 Temporibusque
656 5012 898 5075 leguntur
924 5009 1118 5063 eisdem
1142 5010 1531 5061 convenientes.

177 5100 370 5162 Quinta
394 5110 598 5162 semper
622 5097 803 5150 eadem
830 5097 1075 5150 recitatur
1104 5104 1157 5148 et
1178 5094 1363 5148 ordine
1386 5096 1566 5149 eodem
1588 5111 1602 5159 ;

182 5186 333 5240 Unde
355 5188 510 5286 liquet
539 5186 782 5253 quoniam
814 5187 875 5237 ad
918 5197 1119 5253 tempus
1142 5200 1242 5239 non
1268 5185 1366 5239 ista
1396 5186 1635 5240 refertur.

185 5274 329 5342 Ergo
359 5274 496 5327 viros
518 5282 721 5341 spectat
744 5274 1041 5339 specialiter
1068 5276 1161 5326 ista
1189 5274 1487 5338 sacrandos,

180 5363 425 5417 Ardentis
456 5378 692 5418 reserans
721 5364 957 5418 incendia
983 5379 1116 5417 saeva
1144 5365 1352 5427 camini,

178 5453 309 5518 Quis
326 5452 492 5519 justos
522 5454 684 5507 hostis
716 5454 980 5519 perstabat
1000 5454 1220 5505 adurere
1242 5467 1431 5506 smus.

179 5544 471 5609 Stinguitur
500 5543 635 5596 haud
666 5556 838 5598 tamen
881 5544 959 5596 his
985 5544 1140 5596 divini
1166 5543 1341 5597 fervor
1368 5544 1577 5607 amoris,

180 5636 220 5684 Δ
250 5647 353 5698 quo
381 5633 515 5685 nulla
548 5631 655 5701 pios
700 5643 904 5685 rcvorat
936 5632 1199 5699 stipulatio
1230 5632 1402 5685 nntndi
1434 5649 1446 5693 ;

1183 390 1366 441 SECT.
1411 387 1490 439 lll.
1536 416 1597 439 .—
1636 386 1686 439 ει

1800 384 1949 437 "NA.
1993 413 2059 424 —
2096 383 2321 437 HYMNI.
3227 398 3325 448 614

1739 498 1778 547 Α
1813 492 1871 543 Et
1895 494 2126 560 quamvis
2170 495 2422 548 instanter
2450 510 2538 549 eos
2566 508 2683 551 trux
2715 511 2893 567 urgeat
2924 502 3105 564 hostis,

1816 581 2018 645 Ignibus
2051 582 2271 634 assiduis
2299 584 2539 636 vitiorum
2573 587 2747 639 fomite
2775 591 2952 657 pastis,

1811 668 2010 733 Quique
2039 670 2145 722 Deo
2166 670 2306 737 digni
2337 673 2566 727 existunt
2599 677 2841 743 illumque
2870 691 3162 746 precantur,

1812 753 1974 821 Ipsius
2004 758 2196 808 auxilio
2229 762 2401 822 procul
2429 761 2575 827 ignea
2601 765 2697 813 tela
2728 768 3013 831 repellunt;

1813 840 1875 891 Et
1901 842 2023 892 licet
2050 844 2135 894 ille
2161 845 2271 897 deis
2304 850 2558 900 cervicem
2584 851 2791 903 ﬂectere
2823 854 2960 906 falsis

1811 927 2053 989 Suadeat,
2086 940 2139 982 ut
2166 947 2299 983 nunc
2326 945 2565 988 narratur
2588 940 2772 992 fecisse
2802 952 3065 1009 tyrannus,

1810 1015 2007 1080 (Ingere
2040 1018 2101 1067 ad
2132 1019 2263 1070 istud
2285 1036 2373 1073 eos
2405 1026 2543 1076 nulla
2577 1027 2773 1081 ratione
2801 1042 3047 1092 potestur,

1814 1103 1874 1153 lit
1902 1120 2032 1170 quos
2064 1108 2197 1157 nulla
2228 1109 2323 1159 sibi
2363 1117 2639 1175 prosternit
2675 1117 2784 1169 dira
2813 1121 3046 1187 Cupido,

1810 1191 1865 1239 Νι
1885 1206 1911 1241 c
1938 1194 2196 1257 Sculptum
2225 1197 2410 1249 blanda
2443 1213 2753 1255 venerantur
2795 1207 3014 1273 imagine
3044 1227 3331 1270 utnumum.

1810 1279 1883 1328 Ad
1926 1281 2058 1341 quod
2109 1284 2413 1347 signandum
2446 1302 2556 1337 mos
2586 1298 2666 1339 cst
2702 1292 2794 1344 hac
2824 1295 2873 1343 in
2929 1312 3078 1358 prece
3107 1314 3333 1367 semper,

1813 1364 1882 1449 fax
1913 1366 1993 1415 illa
2025 1381 2138 1431 qua:
2166 1379 2244 1419 est
2274 1372 2433 1434 edita,
2462 1386 2573 1437 post
2615 1378 2858 1446 illamque
2891 1384 3128 1449 refertur,

1810 1448 2025 1502 Erectus
2056 1464 2211 1520 atque
2241 1468 2433 1515 stantes
2461 1474 2609 1513 Orare
2642 1463 2836 1529 fideles,

1810 1536 1911 1624 δρα
1931 1552 2095 1603 genua
2124 1543 2185 1591 ad
2232 1552 2417 1595 terram
2448 1557 2597 1599 curat
2625 1551 2885 1615 deponere
2913 1558 3207 1624 quisquam,

1808 1622 1932 1675 Cum
1965 1628 2179 1691 reliquis
2202 1632 2441 1685 studeant
2472 1636 2569 1689 hoc
2599 1652 2915 1704 preconarite
2934 1622 3195 1712 ministro,
3266 1656 3275 1663 '

1811 1710 2086 1776 Poplitibus
2113 1717 2261 1770 flexis
2294 1724 2545 1788 stratique
2577 1727 2690 1777 solo
2732 1738 2883 1781 tenus
2913 1736 3055 1787 omni

1723 1798 1780 1873 νυ
1808 1795 2039 1889 ροτροτθ
2067 1804 2293 1856 contrito
2319 1806 2589 1861 Dominum
2620 1827 2826 1881 quoque
2863 1821 3018 1872 corde
3045 1826 3267 1889 precari.

1808 1882 1875 1937 Ut
1902 1896 2072 1951 pateat
2090 1889 2336 1944 distantia
2363 1908 2554 1957 quanta
2583 1901 2651 1951 sit
2689 1904 2825 1955 inter
2852 1920 3029 1961 eorum

1806 1972 2121 2064 [ﬂorumque
2150 1992 2352 2045 preces,
2376 1984 2463 2050 qui
2492 1989 2704 2039 numina
2750 1991 2873 2045 falsa
2904 2009 3173 2064 verentur,

1804 2058 1933 2113 Cum
1962 2067 2220 2129 prosterni
2248 2069 2318 2121 illi
2350 2072 2613 2138 dicuntur,
2636 2087 2772 2131 stare
2799 2088 2975 2135 vo'unt
3011 2085 3081 2138 hi.

1936 2152 2052 2240 quia
2085 2153 2311 2209 fornacis
2340 2160 2397 2211 fit
2425 2164 2624 2217 mentio
2648 2182 2855 2231 semper
2884 2172 2933 2224 111
2963 2176 3094 2240 istis,

1805 2235 2085 2327 Drdinibus
2115 2243 2240 2297 libet
2259 2246 2530 2317 indignare
2551 2256 2687 2321 quod
2717 2257 2838 2312 inde
2860 2235 3110 2327 queamus

1809 2325 2050 2397 Elicere,
2101 2331 2237 2387 haud
2281 2345 2384 2389 tam
2430 2341 2617 2394 crebra
2667 2325 2885 2401 iteratio
2909 2364 3054 2406 cassa
3111 2358 3336 2421 putanda

3131 2441 3145 2510 [
3168 2452 3266 2496 est.

1807 2504 1988 2558 Nullus
2010 2506 2075 2561 ad
2098 2508 2323 2565 officium
2352 2514 2513 2568 divini
2543 2520 2792 2576 accedere
2818 2525 2988 2577 cultus

1808 2592 1921 2680 llite
1952 2605 2121 2657 potest
2150 2613 2306 2665 quem
2342 2617 2442 2655 non
2476 2610 2694 2660 te'ntatio
2739 2610 2847 2663 dira
2881 2614 3128 2680 probarit,

1808 2677 1927 2732 llrrc
1956 2696 2056 2733 non
2092 2684 2352 2739 immerito
2376 2688 2598 2744 ﬂrtnimis
2622 2696 2823 2763 signata
2852 2677 3059 2762 camini,

1807 2772 2090 2822 Attestatur
2118 2774 2252 2825 idem
2294 2779 2572 2843 Scriptura:
2604 2786 2785 2848 pagina
2816 2799 2978 2840 sacrae
3011 2804 3026 2840 :

1811 2855 1907 2908 Vas
1937 2859 2094 2910 veluti
2124 2862 2351 2915 Samium
2386 2867 2566 2937 fornax
2603 2876 2861 2926 examinat
2900 2892 3079 2940 urens,

1806 2943 1947 2996 llaud
1977 2948 2127 2998 aliter
2148 2950 2341 3014 justum
2371 2959 2589 3007 teutatio
2616 2974 2803 3027 purgat
2831 2966 3033 3025 acerba,

1808 3032 1911 3084 Nec
1937 3034 2069 3099 quod
2092 3038 2248 3103 elegit
2271 3040 2520 3093 Dominus
2544 3049 2886 3101 sumtumberc
2914 3061 3122 3117 norunt,

1734 3113 1778 3173 Ο
1811 3118 1923 3184 Ipse
1953 3126 2142 3173 etenim
2177 3128 2309 3178 \ires
2340 3129 2387 3178 in
2420 3145 2477 3181 se
2509 3132 2784 3186 lideutibus
2809 3137 2967 3198 addit,

1806 3207 1901 3270 Qui
1933 3224 2049 3261 cum
2081 3214 2301 3266 viatores
2329 3214 2518 3269 fuerint
2541 3226 2863 3286 certaminis,
2893 3236 2943 3275 ut
2966 3227 3072 3293 jam

1808 3298 2011 3367 lguibus
2039 3306 2300 3357 excelsum
2334 3311 2534 3361 valeant
2564 3298 2781 3366 laudare
2810 3318 3013 3381 stipitis,

1803 3385 2192 3457 luenndumque
2226 3393 2328 3455 Deo
2356 3400 2479 3447 retro
2498 3414 2571 3451 :re
2599 3402 2817 3453 lidcltter
2840 3404 3112 3471 hymnum.

1807 3473 1920 3528 Rite
1945 3478 2245 3532 ministeriis
2274 3494 2489 3546 possunt
2514 3488 2739 3551 aptarier
2771 3492 2940 3555 almis,

1806 3562 1973 3616 Munia
2009 3580 2108 3617 non
2149 3568 2249 3619 illis
2269 3570 2418 3622 aliter
2450 3576 2774 3630 conunittere
2807 3588 2945 3630 tanta

1808 3652 2034 3719 Censeo,
2071 3657 2119 3707 ni
2146 3660 2309 3710 valida
2342 3663 2494 3713 veluti
2536 3662 2747 3718 fornace
2773 3670 2991 3733 probati,

1810 3742 1905 3794 Per
1926 3746 2111 3794 multas
2141 3746 2342 3798 discant
2367 3752 2597 3802 crciestia
2627 3755 2770 3807 adire
2799 3756 3022 3821 labores,

1806 3831 2070 3896 Quatenus
2100 3845 2296 3885 :eterno
2321 3839 2585 3891 socientur
2616 3842 2663 3892 in
2696 3844 2889 3896 :ethere
2917 3846 3038 3913 ltegi
3058 3885 3072 3908 ,

1806 3914 1965 3983 Cujus
1987 3918 2068 3972 hic
2096 3921 2360 3987 obsequiis
2383 3926 2574 3977 devoto
2594 3929 2751 3986 corde
2780 3933 3095 3999 ministrant,

1807 4005 2005 4074 Quique
2028 4026 2146 4061 suos
2176 4026 2350 4089 secum
2379 4013 2490 4065 fore
2519 4017 2651 4067 dixit
2681 4019 2730 4068 iu
2762 4033 2881 4071 arce
2909 4008 3194 4087 ministros,

1812 4099 1973 4151 lnnuit
2005 4099 2102 4153 nec
2126 4102 2224 4154 illis
2256 4117 2461 4168 semper
2484 4105 2747 4170 prrcmissa
2776 4108 2987 4174 eamiui,

1808 4188 2029 4250 Mentio,
2058 4191 2241 4242 deinde
2280 4206 2505 4258 sequens
2531 4194 2771 4248 extinctis
2821 4198 3024 4264 ignibus
3061 4201 3335 4272 hymnum,

1809 4278 1900 4331 Hic
1930 4280 2062 4332 bene
2094 4293 2371 4344 certantes,
2398 4286 2501 4337 illic
2532 4294 2745 4339 eantarc
2772 4290 2993 4353 quietos.

1875 4368 2124 4420 Omnibus
2161 4384 2279 4436 erga
2310 4373 2421 4423 illos
2465 4373 2616 4437 igitur
2643 4374 2750 4439 jam
2790 4378 2886 4429 rite
2935 4381 3175 4445 peractis,

1738 4430 1780 4485 θ
1810 4456 2043 4510 Fulmine
2073 4475 2189 4512 mox
2221 4462 2409 4514 l’aulus
2439 4462 2556 4514 illos
2587 4468 2779 4517 tonitru
2811 4469 3020 4535 excipit,
3052 4479 3104 4522 et
3128 4486 3243 4538 quo

1804 4547 1915 4601 Sitit
1939 4550 2232 4617 peragenda
2271 4550 2459 4604 dehinc
2488 4554 2804 4622 hortansque
2848 4558 3153 4624 minansque
3197 4575 3333 4625 prae-

3069 4642 3088 4714 [
3112 4647 3267 4713 fatur,

1807 4728 1868 4778 Et
1899 4738 2036 4780 recte
2066 4727 2451 4783 Testamentum
2496 4731 2647 4797 Vetus
2688 4740 2809 4785 ante
2849 4734 3175 4794 sacrandum,

1809 4817 1929 4871 Inde
1953 4817 2150 4871 Novum
2186 4822 2372 4887 legitur
2399 4820 2601 4873 Domini
2624 4822 2732 4889 jam
2777 4824 2825 4875 in
2853 4832 2993 4877 sorte
3016 4824 3268 4889 redactis,

1806 4906 2194 4959 Admoneaotur
2223 4909 2294 4959 uti
2326 4910 2483 4961 vitam
2516 4924 2790 4976 moresque
2818 4927 3029 4977 novare,

1807 5001 1974 5063 Atque
1998 5011 2181 5047 novum
2206 5005 2379 5048 vetere
2401 5000 2542 5050 exuti
2570 5008 2835 5052 sectentur
2856 5000 3161 5065 homonem,

1807 5083 1861 5135 In
1894 5092 2087 5137 sortem
2119 5086 2413 5153 quicunque
2443 5087 2533 5140 Dei
2566 5089 2782 5141 transire
2813 5099 3097 5142 merentur.

1874 5173 1989 5227 Nec
2007 5185 2154 5228 vacat
2177 5176 2274 5232 hoc
2305 5178 2506 5232 Veteris
2550 5179 2683 5245 quod
2736 5180 2959 5245 primum
2988 5183 3213 5247 quinque
3263 5180 3335 5232 le-

3049 5269 3265 5341 [guntur

1808 5352 1963 5405 Sexta
1991 5351 2140 5416 Novi,
2168 5356 2258 5408 sed
2281 5357 2509 5423 quinque
2548 5358 2836 5418 sacrandis,
2861 5366 3003 5409 sexta
3026 5358 3261 5409 sacratis.

1809 5440 2009 5495 Elates
2041 5457 2231 5508 pressa:
2258 5446 2475 5512 caligine
2504 5446 2729 5512 quinque
2761 5447 2985 5502 fuerunt,

1809 5530 1968 5585 Sexta
1998 5547 2130 5585 novo
2150 5544 2310 5588 totum
2339 5536 2587 5601 respersit
2632 5536 2819 5587 lumine
2851 5534 3111 5585 annulum.

1811 5626 1881 5678 Et
1902 5626 2190 5693 quicunque
2220 5623 2381 5677 sacris
2408 5624 2621 5676 Domino
2661 5626 2938 5675 miserante
2964 5624 3199 5675 dicantur
