3862 6324
1280 285 1290 315 f

582 425 685 477 6ιῦ
1277 425 1475 481 DEDIE
1513 425 1955 481 VENEIKABILIS
1991 424 2141 477 UPP.
2180 423 2353 479 PARS
2388 425 2476 479 Ill.
2514 453 2583 464 —
2622 424 3093 482 PARENETICA.
3653 437 3737 491 ﬁlii

586 534 800 599 Officiis,
828 533 1069 588 tenebras
1100 534 1294 601 pellant
1333 538 1529 591 erroris
1552 536 1701 602 aviti,
2150 535 2199 590 A
2228 531 2424 587 Pascha
2455 549 2553 589 nec
2582 536 2817 591 undenas
2848 538 3052 605 Apriles
3083 548 3203 593 ante
3223 539 3517 603 Kalend”.

534 602 539 607 λ
585 624 662 675 Ad
711 625 976 691 lucemque
1006 640 1188 676 novam
1234 626 1481 680 studeant
1510 628 1734 695 migrare
1772 640 1989 680 necesse
2015 631 2117 680 est.
2217 619 2327 673 Nec
2354 632 2467 687 post
2486 634 2729 690 septenas
2760 626 2919 680 Maias
2952 628 3087 681 valet
3116 644 3233 683 esse
3264 630 3528 683 Kalendas

581 710 816 779 Quinque
845 729 935 781 per
963 722 1141 767 aetates
1170 716 1345 768 servili
1371 716 1564 784 quique
1586 717 1772 769 timore
2222 709 2375 777 νίτςο
2402 715 2677 780 Ριιετρθΐίο
2706 714 2851 768 dedit
2873 731 3013 769 ³ηηο
3044 720 3189 785 είεηη
3220 721 3452 772 secundo
3470 759 3486 783 ο

580 802 679 853 l'er
698 819 903 855 servum
932 804 1085 857 missa
1109 806 1405 859 serviebant
1434 807 1546 873 lege
1569 806 1814 870 Tonanti,
2218 802 2359 856 Illius
2386 807 2556 873 magni
2588 808 2721 875 cycli
2754 808 2908 862 modo
2939 810 3017 862 his
3043 811 3287 875 revolvit,

581 891 633 942 In
664 902 804 944 sexta
829 894 932 943 nati
958 891 1065 960 jam
1094 892 1318 946 dicimur
1338 895 1742 963 Omnipotentis,
2218 891 2551 960 Trigintaque
2570 895 2701 948 duos
2730 897 3042 966 quingentos
3063 902 3149 967 qui
3184 909 3327 954 tenet
3354 915 3539 965 annos,

579 982 641 1033 Et
669 982 840 1050 regale
877 998 1062 1049 genus,
1088 982 1261 1051 regale
1286 986 1753 1053 sacerdotiumque,
2229 980 2383 1050 Virgo
2413 986 2692 1052 puerperio
2718 988 2859 1041 dedit
2890 1003 3028 1041 anno
3047 991 3193 1058 signa
3219 992 3481 1055 secundo,

576 1072 803 1126 Membra
842 1074 1141 1128 Sacerdotis
1167 1077 1353 1128 summi
1385 1077 1643 1144 ltegisque
1665 1094 1756 1144 per
1784 1082 1974 1134 omnis.

1784 1082 1974 1134 omnis,
2220 1070 2366 1125 Illius
2394 1074 2615 1143 angelici
2644 1075 2819 1130 dantis
2857 1078 3125 1143 paschalia
3155 1080 3309 1149 cycli,

578 1164 862 1234 l'articipes
883 1177 1054 1220 autem
1084 1168 1457 1231 existantglicet
1488 1169 1640 1235 hujus
1664 1171 1895 1235 honoris,

2219 1158 2320 1224 Qui
2350 1173 2554 1216 constat
2579 1165 2729 1219 denis
2757 1168 2908 1219 annis
2934 1168 3088 1221 simul
3114 1177 3270 1237 atque
3303 1171 3540 1233 novenis,

574 1254 772 1323 Quique
799 1256 958 1308 Deum
987 1258 1236 1310 concordi
1260 1266 1435 1311 mente
1464 1258 1691 1311 fatentur
1716 1269 1768 1312 et
1795 1274 1905 1323 ore,

2215 1249 2442 1305 Octavus
2470 1253 2705 1309 decimus
2734 1255 2836 1308 fuit
2863 1267 2914 1310 et
2942 1267 3063 1310 tunc
3091 1261 3343 1325 temporis
3369 1274 3559 1323 annos,

2217 1340 2431 1361 ,ημηεκ
2643 1360 2649 1361 ,
2890 1348 2902 1360 .
3178 1350 3227 1361 .,.
3298 1350 3329 1361 ..

577 1342 840 1410 Ιδῑωείρυθ
867 1355 1037 1398 tamen
1069 1344 1119 1397 hi
1146 1346 1233 1412 qui
1264 1346 1583 1412 participare
1612 1357 1880 1401 merentur

1827 1364 1880 1401 ιη-
2216 1340 2437 1396 Lunaris
2466 1346 2598 1414 cycli
2629 1360 2789 1413 prope
2817 1348 2904 1414 qui
2937 1364 3029 1413 par
3055 1350 3352 1413 versificali,

573 1430 807 1484 Nominis
842 1444 997 1498 atque
1024 1436 1308 1487 sacerdotis
1337 1434 1582 1488 dicuntur
1605 1445 1656 1489 et
1688 1437 1807 1503 ipsi.

1761 1437 1807 1489 ii,
2217 1427 2413 1483 Solaris
2441 1446 2608 1486 nonus
2636 1434 2766 1502 cycli
2798 1435 2893 1487 fuit
2917 1443 2971 1487 et
3003 1437 3286 1501 bissextus,

584 1518 641 1571 lli
672 1529 848 1572 vetere
876 1536 936 1573 ac
962 1522 1133 1575 servili
1158 1522 1314 1591 igitur
1339 1522 1617 1576 formidine
1649 1526 1817 1590 pulsa,

2215 1517 2476 1585 Tempore
2503 1532 2750 1588 praeterea
2772 1525 2873 1577 fuit
2896 1525 2993 1579 hoc
3020 1527 3232 1580 indictio
3256 1537 3460 1596 quarta,

576 1608 818 1661 Natorum
842 1610 1040 1664 servire
1072 1614 1236 1679 magis
1263 1620 1531 1679 gratentur
1550 1627 1752 1678 amore,

2217 1607 2471 1672 Quattuor
2499 1611 2733 1666 undenas
2759 1618 2860 1677 sol,
2895 1615 3014 1667 luna
3041 1618 3249 1670 tenebat
3275 1628 3506 1685 opacus,

572 1684 758 1764 Sicque
778 1700 1079 1757 sacerdotes
1107 1714 1165 1752 se
1193 1702 1525 1754 severissime
1558 1702 1761 1764 norint,
2216 1698 2437 1754 Lunaris
2461 1703 2566 1767 jam
2594 1704 2703 1755 vult
2728 1705 2845 1756 luna
2876 1707 3054 1773 cyclus
3082 1710 3230 1772 oriri,

573 1788 650 1840 Ne
677 1797 847 1841 tamen
878 1788 998 1841 hinc
1038 1790 1153 1842 illos
1184 1790 1343 1840 elatio
1371 1792 1539 1855 pulset
1570 1790 1768 1853 inanis,
2144 1845 2187 1865 ﬁ
2219 1789 2382 1840 Annis
2408 1790 2496 1857 qui
2524 1791 2673 1844 denis
2704 1794 3027 1856 protenditur
3055 1808 3210 1864 atque
3239 1800 3478 1865 novenis,

574 1872 841 1943 Quamque
877 1889 1059 1942 graves
1086 1845 1412 1946 humilesque
1459 1878 1747 1931 ministeria
1795 1878 1892 1932 ista
1940 1883 2114 1949 requi-
2143 1845 2188 1903 Β
2215 1878 2355 1947 Cycli
2386 1882 2568 1934 solaris
2598 1883 2653 1935 fit
2682 1884 2859 1938 Martis
2886 1887 3032 1952 origo
3064 1888 3333 1951 Kalendis,

1872 1968 2042 2039 [rant.
2211 1965 2401 2035 Pagina
2432 1970 2693 2037 magnillui
2724 1987 2843 2039 qua:
2870 1974 3062 2028 dicitur
3091 1992 3212 2029 area
3242 1979 3396 2046 cycli,

574 2048 669 2111 Qui
693 2050 929 2117 sequitur
955 2065 1136 2120 presso
1159 2053 1328 2119 signat
1354 2054 1706 2109 modulamine
1754 2066 1971 2119 tractus,
2213 2058 2435 2112 Phtebes
2455 2070 2507 2113 et
2536 2062 2672 2115 Solis
2700 2064 2862 2130 cyclis
2892 2078 3161 2134 compacta
3182 2071 3438 2136 gemellis.

574 2137 719 2199 Quod
753 2139 867 2189 talis
892 2140 1139 2191 humilem
1168 2141 1361 2205 pandat
1382 2143 1671 2195 modulatio
1701 2155 1953 2207 mentem,
2210 2146 2306 2210 Qui
2328 2147 2427 2200 sibi
2454 2157 2697 2215 septenos
2719 2162 2902 2219 quater
2929 2154 2992 2208 ad
3022 2158 3246 2219 Spatium
3276 2160 3416 2223 capit
3444 2176 3613 2216 annos

572 2225 796 2278 l’luritua
827 2239 948 2280 sunt
968 2229 1203 2295 exempla
1231 2232 1464 2296 quidem,
1492 2233 1581 2285 sed
1614 2234 1807 2286 sufficit
1831 2251 2008 2288 unum.
2212 2235 2427 2289 Confert
2452 2250 2702 2294 centenos
2729 2243 2937 2312 triginta
2970 2257 3178 2314 tresque
3199 2250 3477 2314 bissenos,

574 2312 809 2366 Vindicat
834 2319 973 2367 hunc
999 2331 1207 2383 semper
1236 2318 1337 2370 sibi
1381 2321 1772 2387 quadragesima
1798 2334 2005 2378 cantum
2215 2321 2548 2393 Trigintaque
2573 2329 2705 2382 duos
2733 2333 3041 2399 quingentos
3071 2312 3279 2391 insimul
3306 2356 3493 2402 annos.

569 2404 683 2468 Quo
710 2404 899 2456 Christi
927 2408 1146 2472 populus
1175 2408 1317 2461 nullo
1339 2394 1487 2477 mage
1516 2419 1750 2477 tempore
1772 2424 1933 2467 semet
2211 2410 2550 2479 Temporabis
2583 2417 2686 2471 duo
2718 2430 2790 2471 tot
2814 2420 3007 2487 jejunio
3037 2428 3302 2481 mensibus
3324 2430 3376 2483 in
3408 2442 3484 2485 tot

570 2491 857 2551 Submittit.
886 2493 1171 2560 jejunando
1192 2506 1359 2565 atque
1397 2500 1655 2565 precando
1686 2500 1963 2569 benignum
1987 2520 2001 2565 ;
2209 2498 2413 2554 Menses
2443 2506 2784 2573 temporibus,
2808 2508 3006 2576 jejuuia
3035 2519 3307 2571 mensibus
3328 2520 3524 2587 insunt,

569 2580 713 2634 More
736 2583 922 2640 dehinc
950 2587 1103 2641 solito
1126 2588 1255 2642 fiunt
1276 2591 1529 2645 solemnia
1560 2594 1753 2647 missa‘.

2209 2590 2270 2643 lli
2293 2601 2413 2645 sunt
2433 2593 2758 2661 September,
2785 2600 2939 2663 Mars,
2965 2603 3168 2670 Junius,
3196 2620 3350 2678 atque
3374 2580 3670 2679 December,

567 2670 699 2722 Cum
739 2672 837 2725 sibi
865 2678 1178 2730 conveniant
1214 2687 1400 2733 cuncta
1431 2681 1541 2735 haec
1573 2684 1788 2750 pulchro
1811 2686 1996 2742 ordine
2024 2704 2092 2742 re

1758 2699 1788 2737 ο
1811 2686 1996 2742 ordine
2024 2704 2107 2742 τε-
2208 2678 2419 2733 Martius
2440 2697 2469 2735 a
2498 2683 2627 2737 feria
2660 2687 2831 2741 titulat
2852 2688 3050 2757 jejunia
3076 2670 3283 2761 quarta,

1312 2768 1315 2775 ‘
1862 2775 2036 2846 {nm},
2207 2765 2391 2823 Junius
2413 2772 2763 2828 hebdomadas
2789 2791 2819 2828 a
2850 2792 3049 2846 septem
3085 2784 3164 2837 bis
3192 2791 3502 2855 numeratis,

569 2848 877 2918 Jutlicioque
901 2854 979 2907 his
1006 2870 1161 2911 nemo
1190 2861 1433 2913 resistere
1453 2861 1676 2929 quiverit
1702 2878 1873 2931 aquo,
2206 2857 2425 2914 (ἶοηειθι
2448 2873 2624 2916 Oenus
2654 2866 2776 2918 “em
2801 2868 3092 2935 Seplembl'i
3117 2878 3369 2932 terminus
3398 2881 3533 2935 idem
3551 2924 3565 2943 .

570 2942 828 3003 Quantum
868 2942 1088 3011 desipiat
1118 2946 1310 3015 liquida
1339 2950 1541 3005 ratione
1569 2955 1806 3019 patescit,
2208 2948 2313 3005 Nec
2338 2951 2571 3006 decimus
2604 2970 2768 3009 nonas
2790 2956 2906 3011 Jaui
2936 2972 3083 3015 notat
3106 2976 3227 3019 ante
3254 2968 3538 3023 Kalendas.

567 3025 775 3082 Judicat
804 3029 918 3085 btec‘
941 3034 1046 3085 alio
1086 3036 1382 3107 quicunque
1418 3038 1504 3092 die
1545 3042 1874 3107 celebranda,
2281 3043 2432 3095 Anno
2461 3044 2622 3097 solari
2654 3047 2888 3102 tribuunt
2916 3050 3015 3104 hac
3041 3064 3153 3106 arte
3182 3060 3331 3123 periti

564 3114 657 3169 illo
680 3132 830 3184 quem
859 3130 1086 3175 statuere
1114 3123 1294 3179 Patres
1322 3134 1516 3181 temere
1545 3129 1862 3192 intermisso.
2128 3160 2179 3222 ο
2208 3128 2309 3222 Ter
2328 3142 2532 3186 centum
2564 3137 2809 3203 spatium,
2837 3139 3010 3195 decies
3030 3156 3139 3207 sex,
3166 3148 3394 3215 quinque
3414 3150 3613 3205 dierum

563 3206 802 3259 Officium
832 3210 929 3263 hoc
956 3211 1089 3264 alios
1113 3227 1229 3266 cum
1259 3229 1361 3267 non
1391 3216 1488 3270 sibi
1513 3219 1739 3273 vindicet
1768 3220 1921 3286 ullus,
2133 3206 2179 3222 ’³
2206 3206 2587 3289 Quinquaginta
2621 3223 2743 3279 inde
2777 3206 3133 3285 llebdomadas
3160 3206 3323 3289 facies
3348 3242 3694 3309 geminasque.

573 3293 637 3345 Et
664 3304 854 3347 statuta
882 3296 1089 3351 Patrum
1121 3302 1255 3353 nulla
1282 3304 1482 3357 ratione
1511 3308 1741 3372 priorum
2210 3307 2530 3365 Concurrens
2561 3314 2755 3381 primus
2783 3330 2958 3372 manet
2984 3322 3075 3375 ille
3103 3326 3400 3390 superfluus
3428 3345 3584 3393 unus,

577 3380 775 3435 Vellere
806 3387 1103 3451 conveniat,
1137 3389 1295 3443 Paulo
1322 3390 1536 3446 doctore
1556 3395 1801 3461 jubente;
2212 3398 2457 3454 Assumes
2484 3417 2641 3455 unum
2671 3405 2746 3457 sic
2770 3420 3192 3477 unumquemque
3223 3428 3315 3479 per
3337 3430 3556 3479 annum.

567 3473 794 3539 Angelus
823 3478 1032 3549 excelso
1061 3478 1272 3532 veniens
1297 3482 1340 3535 si
1374 3480 1548 3537 forsan
1573 3486 1817 3556 Olympo,
2204 3484 2330 3546 Quae
2355 3487 2511 3542 cubat
2531 3489 2581 3543 in
2611 3501 2833 3557 septem,
2866 3506 3047 3550 cantus
3077 3503 3444 3558 transcendere
3470 3507 3665 3575 legem,

569 3559 633 3612 Et
663 3563 807 3615 vobis
835 3565 974 3618 aliud
1001 3568 1215 3633 cupiens
1235 3568 1504 3636 imponere
1528 3574 1739 3639 dogma,
2207 3572 2551 3631 Succrescunt
2570 3582 2783 3647 gemini,
2814 3594 3000 3651 quarto
3022 3589 3223 3644 ratione
3243 3591 3449 3647 hisexti.

570 3648 759 3705 Tentet
785 3656 851 3705 ab
884 3654 981 3707 hoc
1010 3655 1249 3709 ﬁdei.....
1279 3658 1560 3713 deﬂectere
1588 3665 1738 3727 calle,
2271 3664 2425 3717 Anno
2449 3670 2709 3722 communi
2733 3648 3071 3728 stat'Pasehte
3100 3680 3353 3733 terminus
3380 3690 3519 3738 omni

565 3740 735 3802 Quam
761 3754 861 3808 per
890 3755 985 3794 nos
1010 3742 1260 3799 Dominus
1287 3746 1447 3823 volqit
1472 3749 1763 3807 diffundere
1788 3756 2007 3819 mundo,
2202 3754 2304 3807 Sex
2327 3757 2663 3813 ascendendo
2687 3764 2974 3816 numeratis
3002 3769 3081 3817 bis
3104 3768 3277 3822 minus
3306 3789 3407 3825 uno
3427 3814 3444 3839 ,

566 3832 639 3879 Ac
668 3828 711 3880 si
745 3830 1099 3896 blasphetnum
1130 3834 1325 3890 laribus
1355 3841 1628 3906 propellite
1656 3844 1861 3909 vestris,
2205 3842 2423 3897 Lunaris
2452 3850 2737 3915 tantoquin
2771 3850 2927 3905 solari
2957 3854 3129 3908 minor
3161 3874 3322 3921 anno,

564 3914 669 3969 Nec
688 3916 860 3970 minus
886 3919 981 3970 hoc
1009 3922 1166 3972 etiam
1193 3924 1457 3990 Scriptura
1490 3928 1677 3981 fatetur
1705 3934 1842 3986 avita
1872 3952 1885 3988 ε
2204 3929 2423 3983 Ultimus
2450 3944 2531 3987 est
2557 3950 2723 3989 annus
2747 3952 3103 3996 verumtamen
3137 3949 3500 4017 excipiendus,

564 4006 817 4072 Antiquos
840 4007 969 4061 lines
992 4024 1057 4062 ne
1087 4014 1466 4081 transgrediare
1496 4028 1786 4083 parentum.
2201 4021 2295 4083 Qui
2321 4022 2479 4075 saluis
2510 4024 2643 4077 Ιυίιω
2672 4027 2747 4079 bis
2772 4042 2863 4082 εει
2889 4033 3027 4098 Capit
3051 4048 3114 4085 ex
3145 4006 3364 4100 Pallene.

633 4091 688 4145 In
719 4096 973 4149 tumidum
1005 4098 1170 4166 fragili
1199 4115 1318 4153 cum
1351 4102 1507 4157 lintre
1547 4109 1867 4162 cucurritnus
1902 4127 2096 4180 aequor,
2126 4182 2127 4187 η
2202 4112 2554 4167 Embolismali
2584 4126 2687 4171 stat
2714 4122 2920 4186 pascha:
2952 4126 3209 4178 terminus
3231 4130 3370 4181 omni

563 4180 690 4246 Quae
714 4182 833 4236 licet
864 4185 997 4237 illisa
1022 4191 1275 4257 scopulis,-
1305 4204 1549 4260 quassata
1577 4200 1832 4267 procellis,
2126 4182 2127 4187 γ
2201 4198 2462 4254 Desccnsu
2492 4204 2639 4257 denis
2667 4213 2947 4263 numeratis
2977 4221 3129 4285 atque
3152 4221 3386 4272 novenis.

564 4267 779 4321 Littoris
808 4281 979 4336 optata
1011 4274 1216 4328 tandem
1247 4277 1433 4331 tellure
1460 4283 1653 4346 potitur
1681 4303 1692 4336 :
2267 4288 2463 4342 Solaris
2494 4302 2635 4346 tanto
2662 4295 2781 4360 quia
2812 4298 2976 4352 lunari
3010 4267 3179 4354 minor
3205 4320 3364 4370 anno,

569 4358 672 4410 Nec
703 4373 827 4412 vero
856 4362 1038 4414 mirum
1067 4364 1365 4418 discrimina
1397 4368 1541 4434 plura
1573 4372 1771 4437 tulisse,
2198 4376 2285 4428 Sol
2312 4380 2417 4431 vult
2445 4382 2639 4436 zodiaci
2667 4386 2871 4453 signum
2902 4402 2994 4454 per
3020 4393 3266 4459 Quodque
3297 4400 3515 4465 morari,

2716 4446 2742 4453 ν
2903 4446 2914 4454 ,
3039 4446 3051 4457 ,
3182 4446 3193 4459 ,
3252 4446 3255 4447 ,
3298 4446 3515 4465 --,_____,

564 4446 814 4501 lntentata
840 4449 981 4514 prius
1002 4453 1314 4510 sulcavimus
1340 4471 1549 4526 aequora
1579 4461 1817 4527 cuiquam
1841 4481 1854 4526 ;
2121 4493 2175 4551 Β
2200 4467 2534 4537 Trigintaque
2562 4474 2692 4537 dies,
2729 4478 2986 4543 horasque
3008 4480 3190 4535 decem
3216 4485 3569 4554 mediamque,

565 4532 684 4554 Μ-..
721 4552 757 4554 _,
795 4551 836 4554 _-
875 4538 908 4554 n
1014 4553 1018 4554 ,
1217 4552 1224 4554 _
1270 4545 1319 4554 ...
1375 4547 1394 4554 -
1543 4550 1570 4554 μ
1642 4549 1670 4554 γ-
1896 4546 1907 4554 ι

564 4532 689 4586 Nam
713 4551 843 4604 quos
874 4538 1116 4593 Romanae
1144 4545 1346 4598 extollit
1372 4547 1604 4602 facundia
1638 4549 1846 4619 lingum,
1896 4546 1908 4559 “
2121 4532 2173 4551 u
2199 4555 2423 4610 Conlicis
2452 4560 2570 4614 inde
2594 4563 2706 4615 dics
2734 4576 3061 4622 tercentenas
3078 4572 3252 4627 decies
3271 4591 3390 4638 sex,

564 4620 800 4689 Antiquis
830 4627 948 4679 trito
976 4628 1208 4682 nituntur
1237 4633 1441 4687 tramite
1469 4638 1661 4704 cuncti,
2199 4642 2302 4697 Ter
2328 4660 2443 4713 quae
2465 4652 2541 4701 sol
2573 4654 2716 4719 signa
2755 4656 2989 4721 graditur
3006 4673 3123 4711 cum
3148 4666 3253 4713 sint
3283 4664 3387 4717 duo
3408 4671 3545 4729 lena,

564 4709 767 4729 om,”
792 4728 817 4729 η
928 4715 938 4729 ,
1100 4718 1139 4729 ,,
1386 4720 1396 4729 .
1562 4726 1570 4729 -
1687 4727 1715 4729 η
2296 4720 2301 4725 -

2346 4709 2360 4713 -
2619 4709 2647 4719 ν
2756 4709 2782 4721 .,
3150 4709 3250 4713 -.-η
3286 4709 3383 4717 --.η
3408 4709 3545 4729 --....,

563 4709 826 4777 Scylleum
860 4715 1068 4781 pelagus
1100 4718 1239 4771 Maro
1272 4720 1466 4789 remige
1496 4726 1662 4779 sulcat
1682 4727 1929 4795 llomero,
2199 4720 2442 4803 Quinque
2469 4738 2580 4792 dies
2602 4739 2752 4793 denis
2776 4743 2900 4797 facis
2926 4760 2989 4798 ex
3024 4753 3415 4804 remanentihus
3445 4755 3612 4818 hor’is.

564 4796 799 4818 “1-)-‘9-
933 4812 943 4818 .
1035 4804 1045 4815 ο
1170 4808 1198 4818 ι.
1322 4810 1350 4818 ..
1420 4811 1447 4818 _
1492 4812 1501 4818 .
1559 4815 1584 4818 __

564 4796 836 4852 PindariCo
864 4812 1009 4856 vates
1034 4804 1227 4859 incedit
1254 4810 1386 4863 calle
1415 4811 1676 4880 Sabellus,
2198 4796 2400 4891 Quippe
2428 4825 2539 4880 dies
2562 4831 2757 4895 quaevis
2789 4836 2843 4884 lit

2303 4887 2349 4891 --
2579 4887 2591 4895 -
3036 4887 3098 4890 π
3128 4887 3203 4891 --τ
3231 4887 3519 4909 --ω--υ--υ,

564 4887 812 4943 Lucilium
841 4894 1071 4957 sequitur
1091 4905 1277 4965 satyrze
1307 4902 1563 4956 mordacis
1590 4915 1818 4971 amator,
2198 4912 2325 4965 Nam
2355 4930 2473 4968 cum
2505 4928 2656 4972 nocte
2684 4919 2822 4973 diem
2851 4923 3075 4977 solidum
3108 4938 3290 4980 natura
3313 4930 3401 4981 dat
3427 4946 3658 5002 omnem,

565 4976 803 5028 :‘omicus
830 4978 1021 5030 eximio
1051 4984 1247 5047 regitur
1271 4986 1486 5042 doctore
1508 4991 1807 5057 Menandro,
2200 5007 2294 5059 Ast
2317 5022 2379 5059 ex
2410 5008 2620 5063 dimidia
2652 5013 2994 5078 quadrantem
3024 5017 3245 5070 conﬁcis
3271 5019 3422 5081 hora,

568 5067 633 5114 At
659 5077 885 5118 nostram
910 5067 1094 5122 ductor
1124 5076 1389 5153 praecessit
1411 5093 1561 5133 nemo
1584 5082 1839 5137 Thaliam.
2201 5096 2309 5149 Una
2335 5096 2448 5149 dies
2469 5110 2654 5166 quarto
2682 5116 2775 5169 per
2796 5118 2949 5167 quem
2970 5106 3259 5159 succrescit
3289 5108 3339 5159 in
3364 5122 3530 5171 anno,

567 5152 617 5203 ¹¹⁸
649 5154 859 5204 scabros
890 5160 1097 5225 i"chgit
1120 5162 1187 5213 ob
1212 5158 1311 5216 hoc
1342 5180 1555 5221 erronea
1585 5182 1779 5237 cautes,
2197 5182 2322 5248 Quae
2344 5188 2529 5252 repetit
2557 5202 2709 5240 senas
2737 5188 2827 5242 tibi
2853 5190 2988 5243 Mars
3016 5193 3207 5245 inserta
3235 5193 3527 5259 Kalendas.

565 5242 662 5348 ped
694 5242 923 5305 spirante
951 5244 1053 5298 Deo
1082 5248 1332 5319 Zephyris
1361 5251 1600 5307 felicibus
1628 5269 1738 5311 acta
1767 5300 1781 5322 ,
2206 5242 2239 5248 ἡ
2268 5242 2450 5327 Annus
2477 5276 2665 5329 solaris
2692 5279 3113 5334 lunaremtvincit
3135 5287 3353 5348 epactis,

563 5327 675 5381 «lam
705 5344 882 5397 portus
906 5335 1057 5401 pleno
1084 5341 1287 5398 tandem
1310 5345 1452 5397 subit
1479 5345 1644 5399 hostia
1672 5354 1807 5406 velo.
2200 5361 2342 5426 Quas
2370 5363 2548 5415 dicunt
2573 5364 2778 5427 Graece,
2809 5327 3258 5435 superaddimeitta
3287 5373 3489 5437 Latine,

1134 5431 1405 5489 HYMNUS
1443 5436 1527 5489 Ill.
2201 5451 2452 5505 Versibus
2478 5454 2589 5505 haec
2614 5466 2731 5505 sese
2760 5431 2976 5509 volvunt
3007 5462 3334 5523 paschalibus
3364 5431 3566 5530 usque,

967 5514 1040 5567 De
1064 5518 1215 5568 t'an't's
1244 5524 1459 5589 computt‘
1486 5526 1693 5592 regulis.
2199 5538 2513 5607 Principium
2543 5543 2711 5607 primo
2741 5545 2925 5608 quibus
2952 5558 3030 5599 est
3053 5557 3105 5599 et
3134 5549 3253 5602 linis
3278 5550 3327 5602 in
3356 5553 3484 5618 imo,

636 5592 924 5653 Adventum
955 5601 1160 5657 Domini
1192 5622 1292 5658 non
1324 5620 1405 5663 est
1428 5613 1693 5666 celebrare
1720 5614 2020 5687 Decembri,
2197 5626 2333 5691 Quas
2364 5592 2413 5682 in
2434 5592 2755 5697 Sepietnbris
2784 5634 2936 5688 debet
2962 5648 3164 5693 mutare
3184 5637 3457 5696 Kalendis.

570 5680 688 5737 Post
718 5696 890 5742 ternas
914 5709 1072 5748 nonas
1101 5712 1270 5763 neque
1299 5704 1503 5767 quintas
1527 5715 1643 5760 ante
1669 5705 1947 5779 Kalendas,
2266 5720 2443 5773 Annus
2471 5723 2762 5777 communis
2792 5733 2893 5777 stat
2928 5728 3192 5781 mensibus
3221 5744 3284 5783 ex
3314 5731 3604 5799 duodenis,
