3862 6352
136 457 242 513 Gl?

139 570 533 623 Embolismalis
563 570 725 636 magis
752 583 855 621 uno
884 584 1037 638 quam
1063 571 1318 626 duodenis
1338 613 1350 633 ,

140 657 289 711 Unus
308 658 450 710 enim
483 660 677 710 mensis
702 662 995 713 concrescit
1023 669 1145 713 tunc
1175 663 1240 714 ab
1260 661 1480 728 epactis.

140 744 412 799 Discretus
433 745 597 812 signis
626 754 707 799 est
732 745 980 800 zodiacus
1008 746 1266 802 duodenis
1284 790 1299 810 ,

143 835 364 887 Exstant
388 835 656 901 signorum
684 850 892 888 menses
923 844 998 887 tot
1025 836 1088 889 ad
1120 838 1286 889 instar
1312 838 1571 894 omnium.

140 923 380 991 Triginta
413 921 639 979 thbus
670 925 945 993 signorum
965 928 1208 994 quodque
1228 928 1411 981 diebus
1431 970 1445 993 ,

144 1013 317 1076 Atque
338 1010 519 1064 decem
549 1010 705 1064 semis
734 1015 923 1065 cessim
956 1015 1238 1081 perlabitur
1268 1015 1431 1081 horis,

142 1098 297 1150 Fiunt
321 1099 447 1153 inde
470 1100 583 1153 dies
612 1103 899 1155 tercenteni
929 1102 1102 1155 decies
1133 1118 1245 1165 sex,

141 1188 291 1253 Quos
318 1190 455 1241 inter
485 1204 690 1241 menses
718 1190 796 1242 bis
825 1206 915 1243 sex
945 1191 1225 1255 diSponcre
1251 1192 1429 1253 debts,

144 1283 389 1349 Quinque
409 1281 521 1334 dies
549 1282 700 1334 denis
731 1282 856 1351 facit,
878 1298 941 1335 ex
973 1284 1331 1337 remeantibus
1364 1284 1514 1335 horis
1537 1321 1552 1341 ,

141 1372 287 1434 Quos
315 1373 433 1436 quia
456 1372 694 1441 distribui
726 1381 1006 1439 nequeunt.
1036 1371 1199 1425 debes
1227 1374 1351 1425 dare
1376 1373 1521 1424 Marti
1552 1391 1565 1435 ;

143 1458 253 1510 Cur
285 1462 457 1526 potius
483 1460 631 1512 Marti
655 1462 677 1510 Υ
709 1461 888 1512 tribuit
914 1460 1031 1525 quia
1058 1460 1310 1512 Romulus
1340 1460 1413 1510 illi
1438 1503 1451 1520 ,

144 1550 352 1605 Menses
380 1553 461 1606 bis
486 1555 714 1621 quinque
734 1563 971 1606 statuens
997 1554 1081 1618 qui
1112 1553 1341 1619 principe
1370 1554 1551 1607 Marte.

144 1640 387 1706 l‘rincipe
412 1656 505 1694 cur
536 1643 734 1695 Marte?
763 1642 921 1695 coluit
945 1644 1066 1710 quia
1096 1658 1187 1707 pro
1212 1641 1468 1709 genitore.

146 1728 273 1791 Ejus
298 1742 570 1782 successor
596 1729 759 1782 Numa
784 1730 917 1781 binis
941 1730 1139 1782 exSIitit
1168 1740 1373 1782 auctor.

142 1815 201 1868 Si
228 1830 500 1869 numerum
529 1817 821 1870 mensidare
850 1817 949 1879 vis,
969 1818 1171 1867 ratione
1193 1820 1431 1883 sequenti
1454 1835 1465 1868 :

140 1900 305 1954 Sume
332 1904 442 1955 dies
464 1903 657 1955 mensis
682 1921 696 1953 :
731 1917 1004 1954 numerum
1034 1917 1240 1970 quoque
1257 1905 1417 1969 junge
1441 1906 1654 1969 prioris,

144 1989 330 2043 Divide
359 2006 449 2058 per
474 2000 674 2058 septem
703 2004 976 2042 numerum
998 1990 1096 2042 sibi
1120 1990 1249 2041 dans
1270 2001 1652 2047 remanentem.

142 2076 247 2129 Per
274 2088 473 2145 septem
502 2079 704 2146 quare?
732 2080 849 2145 quia
880 2082 955 2131 sic
986 2077 1315 2131 hebdomada
1342 2090 1487 2131 stare

144 2164 334 2227 Debet,
363 2181 492 2233 quos
516 2167 675 2233 iunge
698 2167 884 2233 quibus
910 2176 1087 2219 exstat
1122 2181 1223 2218 non
1250 2166 1510 2230 aliunde,’

140 2254 202 2305 Si
233 2254 389 2307 libeat
416 2257 551 2308 scire
581 2269 826 2309 numerus
855 2254 956 2307 sibi
983 2254 1105 2319 quid
1138 2256 1259 2308 velit
1281 2254 1397 2314 iste,

142 2347 327 2394 Annos
352 2356 445 2408 per
464 2351 660 2410 septem
686 2325 1053 2395 concurrentes
1074 2343 1171 2395 sibi
1200 2343 1417 2407 jtingcs,

146 2432 219 2483 Ut
245 2434 417 2500 capias
442 2446 534 2500 per
561 2442 612 2486 te
642 2432 817 2494 ferias,
844 2433 928 2485 ubi
958 2446 1175 2499 quicque
1198 2430 1447 2485 Kalends:
1466 2472 1481 2496 ,

142 2520 267 2573 Fiet
290 2522 427 2573 enim
461 2536 730 2585 numerus,
758 2522 838 2575 vel
869 2531 1068 2588 septem
1101 2522 1179 2575 vel
1210 2524 1381 2575 minus
1409 2531 1498 2573 aut
1525 2524 1657 2587 plus.

143 2594 205 2661 Si
237 2619 504 2674 sirptcmve
536 2612 704 2669 minus
735 2612 914 2664 feriam
945 2613 1021 2663 sic
1050 2611 1231 2675 dicito,
1261 2614 1304 2663 si
1339 2612 1470 2677 plus.

144 2699 349 2751 Ablatis
379 2709 601 2765 septem,
630 2716 899 2752 numerum
932 2701 1029 2752 sibi
1061 2701 1126 2752 da
1155 2710 1510 2754 remanentem

151 2784 264 2836 llos
284 2785 345 2836 da
377 2785 693 2852 Septembri,
720 2784 866 2838 Marti
898 2802 1029 2853 quos
1059 2796 1178 2839 ante
1205 2787 1415 2838 dedisti.

150 2874 227 2924 Ex
267 2872 364 2926 hoc
386 2874 661 2941 incipiens,
693 2878 809 2943 quia
833 2876 910 2927 sic
932 2873 1180 2943 {Egyptia
1210 2874 1322 2927 vult
1350 2889 1499 2943 gens,

149 2962 209 3014 Si
241 2978 511 3017 numerum
541 2966 705 3018 mensi
734 2964 860 3017 dare
883 2966 958 3017 vis
990 2966 1189 3017 ratione
1213 2968 1486 3033 sequenti,

147 3049 315 3102 Sume
345 3051 456 3104 dies
478 3052 672 3104 mensis
697 3068 967 3106 numerum
997 3069 1205 3120 quoque
1230 3055 1392 3122 junge
1416 3058 1621 3122 prioris.

148 3142 268 3204 Quo
300 3142 433 3195 facto
460 3143 625 3196 mensi
646 3157 737 3195 sua
762 3144 867 3195 vult
892 3144 1087 3196 lunatio
1110 3145 1269 3197 demi.

224 3231 474 3283 Ascribas
504 3233 669 3283 mensi
698 3235 1021 3284 remanentia
1048 3248 1180 3298 pone
1203 3234 1466 3298 sequenti,

152 3317 338 3373 Discas
364 3318 408 3371 si
438 3320 609 3371 nescis
635 3330 790 3385 quota
819 3321 889 3373 sit
919 3322 1115 3372 lunatio
1146 3325 1368 3388 quaevis,

150 3409 416 3463 Mensibus
444 3418 524 3462 est
550 3411 668 3461 luna
701 3412 909 3480 paribus
937 3412 1183 3478 vigesima
1214 3425 1366 3472 noxia,

149 3498 353 3551 Crescit
377 3502 426 3551 in
456 3500 739 3566 imparibus
764 3509 892 3551 atlas
920 3502 1203 3567 trigesima,
1233 3499 1382 3567 cujus

150 3588 265 3641 Hoc
298 3589 349 3640 in
380 3591 615 3655 catalogo
646 3576 922 3640 tricitsurus
949 3590 1151 3641 nuntiat
1170 3590 1317 3641 ordo.

222 3676 277 3729 Si
313 3677 469 3729 libeat
491 3677 627 3729 scire
655 3691 903 3730 numerus
928 3677 1025 3729 sibi
1056 3678 1179 3742 quid
1206 3678 1329 3730 velit
1359 3677 1483 3741 iste,

149 3766 286 3818 lluic
314 3781 530 3819 numero
552 3768 736 3835 jungas
765 3769 886 3820 anni
917 3760 1188 3834 praesentis
1213 3778 1451 3833 epactas,

148 3854 426 3921 Colligitur
453 3869 701 3908 numerus
730 3857 939 3923 triginta
965 3858 1043 3908 vel
1077 3859 1249 3907 minus
1274 3865 1362 3907 aut
1393 3857 1525 3919 plus,

148 3943 453 4009 'I‘rigintave
481 3946 652 3995 minus
682 3943 725 3994 si
754 3945 859 3995 sint
887 3953 989 3995 tota
1021 3944 1266 4011 Cynthia,
1296 3944 1337 3994 si
1372 3944 1502 4007 plus,

150 4029 389 4096 Triginta
411 4030 591 4082 demas
622 4031 1011 4082 remanentibus
1037 4040 1090 4082 et
1122 4030 1282 4096 liquet
1312 4038 1459 4093 tetas,

145 4120 238 4171 Sic
257 4121 343 4172 alii
374 4134 583 4173 menses
606 4120 767 4171 mensi
794 4120 1070 4186 respondet
1102 4120 1151 4172 in
1180 4122 1341 4182 boris,

150 4213 259 4263 Per
284 4210 443 4263 Janus
470 4211 633 4264 mensi
661 4211 887 4275 decimo,
916 4210 1247 4277 Februusqne
1270 4208 1584 4272 Novembri,

148 4301 370 4353 Martius
394 4302 629 4363 Octobri,
668 4316 765 4368 par
791 4310 871 4353 est
898 4300 1205 4368 September
1226 4301 1410 4365 Aprili.

146 4389 320 4441 Maius
345 4388 551 4451 Sextili,
583 4403 675 4452 par
694 4387 878 4439 Junius
906 4398 986 4438 est
1018 4387 1128 4449 tibi,
1159 4386 1283 4437 Juli.

147 4479 294 4528 Ecce
322 4476 433 4527 dies
462 4476 595 4527 nosti
624 4477 740 4541 quia
771 4474 837 4527 sit
868 4475 1140 4537 prtesentia
1171 4475 1373 4526 Pbmbi.

220 4564 361 4616 Sunt
389 4564 491 4617 duo
512 4552 723 4632 legitimi
747 4576 920 4617 tamen
952 4565 1219 4617 intervalla
1250 4566 1373 4617 diei.

148 4655 331 4705 Unum
356 4662 665 4706 nocturnum
697 4654 950 4723 vocitant,
979 4653 1223 4720 aliudque
1245 4654 1485 4705 diurnum

149 4745 260 4796 Ilac
287 4752 408 4795 sunt
433 4743 624 4809 quippe
653 4742 736 4794 die
766 4742 940 4808 viginti
967 4752 1211 4809 quattuor
1242 4742 1401 4805 horae,

149 4833 411 4885 llorarum
440 4829 604 4895 spatia
631 4830 864 4882 duodena
892 4830 1185 4883 subindicat
1208 4829 1355 4893 hora,

148 4922 269 4973 Jam
303 4910 508 4987 proprie
534 4918 699 4985 spatio
728 4920 823 4970 tria
851 4919 1168 4985 subjunxere
1196 4918 1384 4971 diurno

150 5010 307 5061 Mane
332 5007 539 5073 quidem
559 5046 577 5072 ,
603 5007 905 5074 mediasque
934 5007 1069 5059 diem
1100 5022 1356 5059 summam
1398 5023 1557 5076 pro'ie
1593 5025 1684 5058 ni-

216 5096 373 5147 Sicut
400 5109 546 5146 mens
576 5096 770 5161 populi.
803 5098 1030 5146 variatur
1058 5100 1202 5162 origo
1231 5096 1333 5148 dici
1352 5136 1368 5160 ,
1503 5096 1681 5166 [etc-iu.

151 5183 227 5235 Ex
260 5191 379 5234 ortu
407 5181 592 5232 Phoebi
625 5192 771 5247 putat
800 5183 931 5234 hanc
958 5182 1235 5235 Clialdzcus
1257 5186 1402 5249 oriri,

151 5273 257 5325 Sed
289 5284 415 5335 gens
438 5269 667 5339 Atlgypti,
698 5280 842 5336 putat
872 5279 985 5322 ortu
1019 5272 1185 5323 nocris
1213 5272 1363 5333 oriri,

148 5360 317 5412 l‘v'ucte
349 5367 495 5425 putat
524 5358 689 5409 media
716 5357 978 5409 Romanus
1004 5367 1059 5408 ut
1078 5359 1288 5411 inchoet
1310 5360 1441 5426 ipsa,

150 5450 278 5501 lude
306 5450 477 5501 sulcnt
504 5449 624 5515 galli
653 5447 865 5500 cantare
896 5448 1062 5500 futura
1087 5450 1209 5500 dici.

151 5539 260 5590 Lux
290 5552 406 5605 qua:
435 5539 598 5604 prima
631 5540 745 5601 fuit,
775 5547 976 5590 noctein
1012 5538 1309 5603 praecedere
1329 5544 1509 5605 coepit,

153 5628 278 5679 Λάαν
304 5626 536 5678 la~titiam
561 5626 873 5692 portendens
895 5637 1015 5680 ante
1043 5627 1271 5692 ruinam,

151 5722 315 5783 Quam
343 5717 474 5770 bene
497 5717 746 5770 formatus
772 5719 956 5771 cecidit
983 5722 1077 5774 sub
1105 5732 1255 5775 nocte
1280 5728 1481 5785 reatus;

432 5814 693 5874 Ρηιιοι.
716 5814 923 5875 XCIV.

1158 464 1347 518 SECT.
1388 464 1476 520 Ill.
1515 492 1583 506 --
1623 459 1947 516 CARMINA.
1986 491 2053 502 —
2094 463 2323 517 ilYMNl.
2528 484 2545 507 ι

3222 462 3335 517 Blll

1716 572 1769 627 Λ
1792 572 1938 625 Nunc
1963 574 2193 640 sequitur
2222 580 2423 627 noctem
2454 573 2562 638 lux,
2592 575 2804 627 vincens
2834 574 2886 627 in
2906 585 3063 626 cruce
3089 579 3334 634 mortem,

1800 664 2100 716 itestitnens
2132 664 2395 716 hominem
2424 663 2543 715 vita!
2574 665 2817 716 tenebras
2843 662 3149 728 patientem.

1862 751 2005 803 Ordo
2038 753 2366 816 planetarum
2398 753 2560 804 variat
2591 752 2781 806 seriem
2816 751 3094 816 feriarum,

1792 839 1997 905 Quippe
2019 841 2133 893 dies
2158 856 2187 893 a
2216 842 2318 893 diis
2349 841 2544 909 placuit
2567 842 2793 895 vocitare
2817 842 3005 907 poetis.

1793 927 1967 979 Tertia
2001 930 2179 981 Martis
2208 939 2341 990 erat,
2368 931 2682 996 Stilphontis
2712 942 2893 999 quarta
2928 930 3193 996 manebat,

1795 1016 1920 1070 lude
1945 1017 2058 1070 Jovi
2083 1018 2319 1084 quintam
2351 1021 2626 1072 tribuendo
2652 1030 2840 1073 vocant
2861 1020 3152 1073 Jovianam.

1796 1107 1956 1157 Sexta
1990 1105 2083 1158 fuit
2115 1106 2355 1169 Veneris,
2387 1117 2649 1174 postrema
2678 1109 2834 1161 deum
2862 1108 3129 1175 genitoris,

1796 1193 1901 1245 llas
1926 1194 2027 1246 diis
2053 1194 2315 1247 addebant
2344 1210 2400 1246 se
2430 1196 2548 1257 quis
2576 1205 2820 1247 constare
2851 1194 3122 1262 putabant,

1794 1281 1939 1334 Jnvit
1965 1285 2266 1346 temperiem
2301 1282 2503 1347 Jupiter
2531 1282 2798 1353 Cyllenius
2821 1294 3009 1346 artem,

1796 1368 2082 1421 Pneumate
2105 1371 2180 1422 sol
2216 1386 2313 1421 una
2343 1370 2479 1422 Mars
2502 1370 2756 1438 sanguine
2785 1384 3008 1437 corpore
3039 1372 3179 1433 luna,

1799 1457 1894 1510 νει
1921 1458 2065 1511 dedit
2092 1460 2387 1523 humorem,
2424 1460 2603 1513 Venus
2630 1462 2739 1528 ipsa
2770 1460 2995 1512 libidinis
3027 1462 3218 1527 ignem.

1866 1548 2053 1600 Nostro
2083 1564 2228 1601 more
2256 1550 2368 1602 dies
2392 1550 2539 1603 l'eri;e
2562 1562 2687 1604 sunt
2716 1566 2906 1603 nomen
2940 1551 3215 1616 habentes,

1797 1640 1841 1691 A
1874 1641 2030 1690 fando
2061 1628 2241 1691 feriam
2272 1637 2376 1705 iam
2405 1641 2670 1693 credimus
2697 1654 2813 1693 esse
2842 1650 3075 1692 vocatam

1799 1727 1972 1778 l’rima
1997 1726 2111 1779 dies
2136 1728 2325 1777 etenim
2354 1726 2448 1779 fuit
2481 1727 2635 1789 huius
2662 1709 2887 1779 nominis
2918 1728 3063 1783 olim.

1797 1816 1906 1879 Qua
1936 1814 2016 1867 fas
2043 1826 2123 1866 est
2148 1816 2263 1878 fari,
2289 1816 2461 1867 divina
2487 1815 2639 1867 simul
2671 1812 2870 1877 feriari,

1800 1904 1889 1955 Vel
1914 1903 2053 1970 quod
2085 1904 2173 1954 tiat
2195 1905 2267 1956 ait
2298 1905 2436 1956 Dens
2458 1906 2629 1956 omnia
2659 1904 2864 1971 quando
2887 1903 3105 1955 creavit.

1866 1988 2258 2041 llebdomadam
2288 1989 2505 2042 facimus
2537 1999 2738 2056 septem
2767 2001 3008 2042 conStare
3029 1987 3236 2050 diebus,

1794 2082 1958 2145 Quam
1984 2081 2117 2132 solet
2146 2079 2404 2148 [Egyptus
2432 2092 2506 2134 tot
2531 2083 2593 2133 ad
2619 2096 2784 2133 annos
2808 2082 2981 2137 dicere
3008 2091 3231 2148 tempus.

1797 2170 2014 2223 Profesti
2047 2171 2160 2223 festi
2184 2179 2306 2222 sunt
2334 2181 2491 2236 atque
2520 2171 2631 2222 dies
2655 2171 2852 2232 feriati,

1799 2261 2052 2313 Prmterea
2086 2259 2199 2311 fasti
2230 2260 2355 2311 dicti
2379 2266 2501 2310 sunt
2525 2266 2682 2325 atque
2711 2258 2920 2322 nefasti,

1796 2349 1927 2401 Sunt
1950 2349 2216 2400 hominum
2243 2342 2379 2410 festi,
2405 2361 2561 2399 causa
2587 2347 2827 2413 quaadam
2853 2345 3094 2413 profesti.

1865 2441 1959 2491 Est
1980 2441 2174 2491 mensis
2198 2439 2457 2497 Gratcum,
2481 2438 2546 2491 de
2582 2439 2716 2490 luna:
2748 2440 2958 2492 nomine
2982 2448 3200 2491 tractum
3220 2478 3234 2499 ,

1794 2524 2017 2579 Nomine
2048 2528 2161 2593 quis
2192 2527 2348 2588 lunae,
2377 2525 2491 2588 quia
2524 2539 2705 2577 iuencs
2734 2525 2854 2576 luna
2881 2525 3078 2577 Latine.

1866 2615 1965 2667 Per
1988 2628 2043 2666 se
2072 2615 2220 2666 divisi
2248 2624 2372 2665 sunt
2402 2624 2636 2680 tempora
2666 2622 2892 2679 quatuor
2919 2612 3061 2673 anni,

1794 2703 2026 2766 Quorum
2055 2704 2287 2763 nomina,
2313 2716 2419 2762 ver,
2447 2711 2622 2765 mstzis,
2651 2714 2951 2766 auttunuus,
2978 2702 3267 2767 hiemsque.

1796 2791 2101 2856 Respiceret
2132 2789 2349 2841 Boream
2378 2790 2573 2839 vernali
2610 2796 2846 2854 tempore
2868 2789 3042 2851 Tuan,

1795 2878 1943 2942 Quod
1974 2888 2157 2930 noctes
2184 2876 2540 2943 tempussulet
2564 2890 2839 2943 ex'equure
2863 2876 3069 2939 diebus,

1795 2970 1971 3021 Martis
2000 2969 2051 3019 in
2082 2969 2282 3019 octonis
2312 2967 2416 3020 eris
2441 2967 2554 3031 ejus
2584 2967 2731 3032 origo
2753 2964 3024 3029 Kalendis,

1795 3055 1851 3106 In
1880 3056 2156 3120 nonaginta
2189 3053 2423 3104 durando
2449 3053 2635 3104 diebus
2663 3063 2715 3105 et
2741 3067 2862 3103 uua.

1864 3143 1993 3195 Cum
2017 3140 2187 3193 calefit
2220 3142 2409 3193 Boreas
2437 3156 2529 3205 per
2551 3141 2714 3191 Solem
2740 3154 2855 3191 mox
2888 3139 2943 3191 fit
2971 3147 3024 3191 et
3047 3147 3221 3203 testas,

1744 3226 1760 3244 ’
1794 3235 2051 3299 Tempora
2076 3243 2328 3284 nocturna
2357 3231 2557 3284 breviat
2580 3230 2852 3297 spatiando
2881 3229 3087 3291 diurna,

1792 3324 1978 3378 Junius
2004 3332 2221 3372 octonas
2242 3320 2388 3385 jubet
2420 3323 2552 3370 hanc
2578 3319 2774 3371 intrare
2801 3316 3081 3381 Kalendas,

1794 3412 1848 3465 ln
1876 3412 2153 3478 nonaginta
2180 3409 2416 3460 durando
2438 3406 2621 3460 diebus
2647 3416 2701 3458 et
2729 3421 2853 3468 una,

1793 3498 1967 3551 )Estas
1995 3514 2057 3549 ex
2090 3499 2208 3566 igne
2234 3505 2358 3559 stat,
2388 3511 2478 3548 ver
2502 3502 2555 3547 et
2584 3494 2649 3548 ab
2673 3494 2935 3547 ariditate.

1792 3589 2000 3641 Assolct
2021 3598 2299 3639 autumnus
2325 3594 2506 3637 noctes
2526 3598 2737 3653 aequare
2764 3583 2971 3647 diebus,

1795 3676 1859 3728 Et
1878 3676 2019 3741 cupit
2044 3677 2245 3728 octonis
2267 3675 2589 3742 Septembris
2616 3675 2801 3726 adesse
2830 3672 3099 3736 Kalendis,

1795 3764 2131 3816 Perdurando
2154 3764 2316 3815 tribus
2338 3764 2724 3829 nonagiulaque
2748 3761 2955 3823 diebus,

1792 3853 1879 3905 Sic
1899 3867 1961 3905 ex
1992 3852 2167 3919 algore
2195 3860 2295 3903 stat
2323 3865 2528 3917 semper
2558 3859 2611 3901 et
2638 3851 2897 3902 ariditate.

1864 3939 2051 3993 Reddit
2078 3940 2244 3991 hiems
2269 3938 2428 4005 frigus
2448 3951 2565 3990 cum
2592 3938 2659 3987 sit
2684 3951 2843 4003 prope
2866 3938 2944 3989 sol
2972 3936 3191 4001 alienus,
3221 3970 3225 3974 ›

1791 4033 1921 4083 Cum
1949 4038 2069 4081 sunt
2100 4039 2350 4080 nocturna
2378 4028 2573 4094 prolixa
2602 4026 2797 4078 minuta
2828 4027 3036 4090 diurna,

1792 4122 1920 4186 Qua:
1948 4120 2136 4191 decimi
2161 4120 2359 4171 mensis
2390 4119 2590 4170 orditur
2620 4125 2669 4171 in
2693 4130 2811 4172 octo
2833 4119 3107 4187 Kalendis,

1791 4209 2051 4270 Tempore
2079 4206 2333 4257 denorum
2367 4206 2549 4256 novies
2573 4214 2818 4256 contenta
2844 4204 3069 4266 dierum,

1793 4296 1916 4348 lla-c
1934 4309 1997 4346 ex
2021 4296 2199 4359 algore
2226 4303 2326 4345 stat
2350 4307 2557 4360 semper
2583 4302 2634 4345 et
2656 4293 2918 4349 ariditate.

1862 4384 2039 4438 Annus
2067 4385 2129 4436 ad
2155 4385 2611 4450 ecclesiam'snper
2640 4384 2721 4437 his
2752 4385 2908 4439 habet
2935 4388 3255 4457 allegoriam,

1714 4486 1767 4546 υ
1797 4476 2041 4530 Εεώθείω
2064 4476 2298 4539 designat
2322 4475 2489 4526 hiems
2514 4476 2985 4540 incommoditates,

1791 4566 2092 4633 Tempestas
2116 4562 2403 4630 quando'tit
2426 4578 2541 4615 cum
2568 4564 2749 4629 glacie,
2776 4565 2912 4628 nive,
2947 4567 3117 4627 turbo,

1791 4655 1965 4707 Aistas
1985 4663 2061 4706 est
2090 4653 2208 4704 fidei
2233 4654 2497 4718 neglectus
2519 4660 2570 4703 et
2600 4650 2726 4704 ultio
2752 4652 2967 4707 Christi.

1792 4748 1845 4798 Ιιι
1874 4761 1971 4811 qua
2000 4746 2250 4796 doctrina:
2282 4745 2544 4794 siccantur
2572 4744 2637 4795 ab
2665 4742 2907 4794 ariditate
2934 4761 2945 4792 :

1792 4832 1895 4884 Ver
1919 4833 2119 4883 novitas
2147 4830 2264 4882 fidei
2299 4842 2411 4896 post
2436 4830 2535 4881 vim
2569 4832 2700 4882 nivis
2726 4815 2779 4881 et
2798 4830 3003 4896 glaciei.

1789 4920 1972 4985 Nobis,
2000 4920 2156 4973 occisi
2184 4936 2287 4987 quo
2310 4922 2499 4987 pascha
2528 4921 2815 4970 tenebimus
2839 4922 2977 4985 agni,

1791 5010 1918 5063 Cum
1943 5013 2082 5064 venit
2107 5019 2386 5061 autumnus
2414 5018 2715 5073 proventum
2741 5009 2919 5061 fertilis
2947 5025 3129 5071 annus,

1790 5101 2021 5153 Canibus
2046 5096 2315 5153 ecclesiam
2348 5109 2643 5151 sanctorum
2669 5102 2797 5152 dans
2826 5103 3193 5154 venerandam.

1864 5190 1963 5240 Ver
1992 5199 2195 5247 tempus
2219 5190 2401 5238 dicunt
2428 5205 2531 5254 quo
2561 5192 2756 5240 semina
2781 5202 2963 5241 cuneta
2990 5189 3273 5251 virescunt,

1790 5277 1917 5327 Cum
1944 5279 2067 5328 vites
2092 5279 2310 5343 geminis
2338 5278 2488 5327 tellus
2511 5280 2727 5327 vestitur
2748 5278 2812 5327 ab
2843 5277 3037 5334 herbis.

1794 5367 1879 5416 Est
1903 5374 2055 5417 mstas
2084 5374 2285 5431 tempus
2316 5382 2416 5431 quo
2447 5368 2606 5415 fervet
2631 5366 2680 5417 in
2703 5367 2941 5417 omnibus
2972 5375 3148 5424 aestus,

1791 5454 2063 5507 Credimus
2093 5468 2396 5504 autumnum
2423 5453 2487 5504 dc
2512 5463 2819 5521 tempestate
2853 5462 3115 5514 vocatum,

1792 5544 2009 5607 Quando
2035 5542 2227 5594 cadunt
2257 5539 2401 5603 folia,
2430 5555 2547 5595 sunt
2574 5544 2983 5608 tempestivaque
3008 5548 3211 5600 cuncta,

1794 5632 1914 5684 Fert
1941 5628 2308 5696 hemisphaerio
2335 5646 2622 5696 cognomen
2655 5632 2819 5680 hiems
2847 5643 3006 5695 super
3032 5643 3163 5690 uno,

1791 5721 1878 5776 Sol
1905 5721 2020 5788 quia
2049 5728 2168 5773 tunc
2198 5720 2334 5774 volvi
2362 5722 2494 5771 solet
2516 5722 2566 5772 in
2592 5720 2756 5785 spatio
2782 5720 3025 5781 breviori,

2831 5813 2899 5872 ‘20
