3862 6334
589 365 685 417 619
1231 358 1424 412 ΒΕὓΑΕ
1469 354 1904 412 VENERABILIS
1942 356 2085 410 OPP.

587 477 779 528 Dicitur
806 474 915 525 haec
944 472 1119 523 bruma
1146 471 1219 521 vel
1244 485 1356 536 qure
1388 470 1557 522 brevis
1579 478 1677 531 est,
1711 470 1788 521 vel
1819 468 1882 520 ab
1910 482 2022 521 esca

587 565 714 615 llinc
739 560 1031 611 imhrumari
1056 561 1183 610 solet
1207 558 1268 608 ad
1300 556 1501 608 fastidia
1526 556 1684 618 vesci,

587 655 677 705 Est
704 662 869 705 tamen
894 650 1158 702 hibernum
1180 650 1399 714 spatium
1430 660 1522 712 pro
1551 654 1693 711 parte
1715 652 1974 705 vocatum,

522 728 525 731 ’
587 740 808 789 V’ernum
836 736 1173 801 compositum
1207 734 1365 785 veluti
1396 733 1542 785 dicas
1570 732 1861 792 hibernum,

589 828 703 888 \‘er,
728 836 900 887 aestas,
926 836 1129 876 menses
1151 831 1445 879 autumnus,
1472 819 1638 872 hiems
1669 818 1852 869 retinet
1881 826 2007 874 tres.

588 916 658 966 l-ix
690 928 788 979 quo
810 922 928 965 sunt
959 920 1153 962 tantum
1179 924 1383 961 menses
1402 909 1622 961 discreta
1646 906 1951 969 secundum,

588 1001 703 1063 Ver,
735 1008 886 1052 a'stas
915 1008 965 1051 et
997 1000 1159 1050 hiems
1182 997 1237 1048 fit
1257 996 1447 1058 adulta,
1472 1011 1537 1048 ne
1560 1008 1789 1061 praeceps

584 1087 670 1138 Sic
696 1096 772 1138 cst
794 1094 1065 1137 autumnus
1090 1090 1250 1135 novus
1270 1092 1324 1135 et
1354 1095 1583 1152 praiceps
1606 1091 1656 1133 et
1685 1078 1910 1139 adultus,

584 1175 709 1225 tluin
740 1174 877 1226 venit
900 1182 1169 1224 autumnus
1195 1172 1407 1223 nimium
1434 1172 1571 1236 viget
1596 1168 1819 1235 undique
1846 1169 2052 1222 morbus
2074 1206 2086 1230 ,

586 1268 714 1312 Aera
739 1274 954 1324 namque
983 1259 1124 1311 calor
1144 1258 1390 1323 depravat
1416 1265 1470 1307 et
1497 1256 1680 1308 obvius
1702 1256 1864 1322 algor.

656 1350 761 1402 Non
793 1351 1002 1403 minime
1029 1348 1165 1414 passi
1190 1348 1405 1411 gentiles
1434 1356 1551 1399 ante
1573 1346 1736 1409 feriri,

586 1438 922 1492 Contrihuere
946 1437 1058 1489 Jovi
1087 1438 1229 1501 quasi
1262 1444 1490 1502 tempora
1518 1445 1735 1501 quatuor
1764 1436 1884 1487 anni

585 1530 795 1580 Materia
825 1528 1013 1586 varias,
1046 1541 1144 1578 non
1177 1526 1335 1578 forma
1365 1533 1608 1591 quattuor
1630 1538 1805 1583 urnas,

589 1619 769 1670 Faclas
789 1623 1022 1683 argento,
1053 1616 1201 1673 ferro.
1229 1615 1385 1675 vitro,
1414 1627 1618 1679 quoque
1642 1613 1867 1679 plumbo,

590 1707 707 1755 Fert
735 1704 891 1756 risum
916 1714 1082 1755 crater
1107 1701 1247 1754 Jovis
1270 1700 1349 1751 hic
1372 1712 1645 1764 argenteus
1669 1711 1719 1752 et
1742 1714 1849 1760 ver,

592 1795 807 1845 Ferreus
829 1800 1059 1847 mstatem
1093 1790 1300 1841 Vulcani
1328 1797 1492 1855 gestat
1517 1798 1568 1841 et
1593 1791 1779 1853 ignem.

594 1882 792 1932 Vitrens
819 1890 1121 1931 autumnum
1151 1876 1364 1929 Junonis
1389 1885 1440 1927 et
1467 1876 1621 1927 ubera
1652 1876 1865 1939 largum.

595 1968 692 2018 \‘as
722 1966 939 2019 hiemem
972 1963 1161 2027 plumbi
1187 1964 1321 2027 capit
1345 1962 1708 2028 interitumque
1736 1960 1963 2014 Saturni.

664 2056 870 2105 Exortis
899 2051 1119 2104 tenebris
1146 2065 1243 2102 nox
1274 2058 1352 2102 est
1378 2050 1605 2101 absentia
1636 2049 1781 2102 solis.

591 2142 777 2192 Dicunt
804 2138 1091 2204 pluilOSophi
1123 2147 1321 2187 noctem
1350 2136 1651 2202 contingere
1677 2135 1837 2185 nasci.

595 2227 685 2277 \‘el
713 2226 844 2291 quod
874 2234 1141 2289 vergentes
1170 2221 1309 2273 efﬂat
1335 2221 1412 2291 sol
1442 2220 1709 2287 languidus
1740 2220 1903 2286 ignes,

595 2315 681 2367 \‘el
714 2314 827 2379 quia
857 2328 952 2378 qtta
980 2324 1133 2377 Supra
1162 2311 1211 2362 in
1242 2318 1404 2362 terras
1428 2310 1626 2374 cogitur
1648 2307 1804 2367 infra.
1902 2370 1905 2371 ν

590 2404 695 2454 Nox
724 2414 896 2463 :tptttnt
926 2414 1109 2453 nomen
1134 2399 1350 2463 sumpsit
1376 2412 1492 2448 cum
1517 2396 1709 2449 visibus
1730 2397 1879 2448 obsit.

591 2487 802 2540 Solstitii
834 2487 1072 2550 spatium,
1100 2485 1224 2535 solis
1252 2483 1471 2535 statione
1503 2493 1758 2544 vocatum,

596 2576 710 2638 Ipso
735 2571 865 2637 quod
897 2580 1063 2624 stante
1090 2578 1344 2630 crescunt,
1378 2578 1617 2621 ooctesve
1644 2568 1836 2629 diesve,

593 2659 839 2712 AEstivum
867 2673 1071 2718 cancro,
1098 2656 1327 2710 brumale
1353 2656 1408 2707 fit
1435 2646 1485 2707 in
1512 2657 1828 2720 capricorno,

600 2747 660 2798 Ut
689 2748 787 2797 duo
815 2744 1051 2805 solstitia,
1075 2743 1177 2794 duo
1200 2751 1319 2795 sunt
1346 2743 1397 2793 in
1426 2744 1660 2793 noctibus
1685 2754 1849 2805 mqna.

599 2832 741 2895 Quod
774 2846 873 2882 nux
905 2839 1057 2894 atque
1083 2829 1193 2880 dies
1215 2829 1367 2879 habet
1391 2826 1631 2883 horarum
1656 2826 1930 2891 parientes,

597 2918 898 2970 Autumnale
928 2918 1074 2978 libra,
1110 2916 1319 2967 vernale
1342 2914 1669 2980 responderat
1702 2916 1938 2965 Ammon.

662 3007 749 3059 Est
776 3004 963 3057 mensis
990 3005 1201 3073 primus,
1229 3004 1306 3055 vel
1334 3003 1447 3054 Jani
1475 3002 1684 3055 nomine
1707 3000 1897 3063 dictus,

595 3098 724 3147 ‘Jlim
753 3095 927 3160 gentili
948 3094 1034 3159 qui
1066 3107 1208 3145 more
1237 3092 1371 3143 Deus
1399 3090 1491 3141 fuit
1511 3092 1651 3149 anni.

600 3184 691 3233 \‘t-l
722 3183 855 3247 quod
875 3180 1030 3246 jauua
1060 3181 1130 3231 sis
1156 3194 1247 3245 per
1273 3194 1426 3245 quam
1457 3180 1597 3231 venit
1620 3192 1783 3231 annos
1808 3185 1860 3229 et
1885 3178 2007 3238 exit,

598 3270 666 3321 lix
705 3269 814 3334 ipso
842 3266 1057 3319 frontem
1086 3279 1220 3317 nunc
1244 3266 1556 3331 appellamus
1576 3265 1830 3317 eumdem.

677 3357 903 3409 Februus
932 3364 1012 3406 est
1036 3355 1200 3415 Pluto,
1233 3352 1422 3405 mensis
1452 3352 1755 3405 Februarius
1781 3366 1841 3404 ex
1869 3366 1987 3417 quo,

597 3444 722 3496 Nam
752 3442 952 3507 superis
980 3442 1067 3494 ille
1090 3443 1234 3494 stetit
1255 3442 1317 3493 ad
1347 3455 1490 3494 sacra
1520 3443 1755 3493 manibus
1782 3442 1898 3493 iste.

673 3532 881 3583 Martius
908 3542 936 3579 a
962 3528 1117 3581 Marte
1142 3529 1231 3580 vel‘
1250 3528 1401 3581 debet
1430 3543 1616 3580 nomen
1643 3528 1849 3590 habere,

602 3620 793 3671 bicitur
820 3627 906 3669 aut
933 3618 1046 3669 ideo
1075 3617 1190 3683 quia
1216 3617 1383 3684 jungit
1410 3616 1553 3682 plura
1585 3618 1785 3679 marito,

599 3708 734 3757 Anni
764 3707 1068 3772 principium
1094 3703 1187 3754 fuit
1216 3705 1299 3756 hic
1329 3704 1619 3772 mensisque
1647 3720 1916 3758 novorum.

676 3794 866 3845 Dicitur
895 3794 1081 3857 Aprilis
1108 3807 1197 3859 pro
1221 3792 1335 3858 jure
1359 3794 1491 3858 quod
1515 3802 1595 3844 est
1618 3793 1841 3859 aperilis,

602 3880 710 3943 Quo
742 3883 922 3946 planta:
950 3894 1153 3944 germen
1181 3879 1396 3931 reddunt
1427 3879 1701 3930 animantia
1734 3880 1945 3945 prolem.

605 3971 707 4022 itus
739 3972 872 4035 nive,
904 3971 1035 4022 nube
1065 3970 1227 4036 polus,
1258 3984 1356 4034 quo
1385 3968 1514 4020 liber
1544 3970 1741 4021 turbine
1770 3978 1972 4033 pontus.

612 4057 712 4108 ltus
735 4059 865 4109 redit
894 4058 1148 4121 agricolis,
1183 4058 1329 4121 polus
1352 4057 1639 4123 astrologis,
1671 4072 1812 4111 mare
1840 4058 2027 4109 nautis.

676 4145 767 4195 Est
795 4144 922 4195 Maia
954 4144 1112 4194 Maius
1136 4142 1390 4196 llertnetis
1416 4152 1581 4195 matre
1604 4151 1834 4207 vocatus,

675 4230 794 4280 llaec
820 4229 1132 4281 embolismis
1158 4229 1265 4279 loca
1294 4238 1413 4280 sunt
1438 4230 1661 4293 ascripta
1690 4230 1935 4282 locandis.

609 4316 847 4367 Deutrum
880 4315 1183 4379 September
1211 4316 1393 4378 recipit
1416 4318 1735 4381 primumque
1765 4316 2072 4375 December,

608 4408 816 4454 Sextum
848 4402 1050 4454 Sextilis
1078 4401 1216 4467 regio
1238 4403 1573 4468 quintumque
1601 4402 1922 4463 Novembris,

610 4494 831 4555 QuiSquc
857 4506 949 4541 suo
976 4489 1142 4541 Nonas
1171 4492 1413 4554 permittit
1444 4490 1631 4543 habere
1657 4502 1953 4558 quaternas,

609 4579 778 4629 Martis
809 4579 923 4629 trite
953 4576 1086 4628 diem
1115 4576 1371 4627 Nonarum
1400 4591 1542 4629 sume
1572 4579 1811 4643 priorem.

609 4669 683 4718 Ad
711 4668 823 4719 hine
850 4677 1019 4718 ternas
1045 4664 1217 4717 Martis
1243 4678 1369 4728 cape
1396 4665 1611 4731 septime
1632 4666 1825 4727 Nonas,

682 4752 846 4803 Prima
873 4763 1018 4803 necat
1040 4751 1172 4814 Jani,
1204 4759 1355 4804 uocet
1379 4764 1553 4803 astans
1578 4753 1788 4815 septima
1822 4752 1906 4805 fiti
1926 4794 1940 4817 ,

610 4840 798 4901 Quarta
824 4848 972 4891 necat
1000 4838 1206 4898 Februi,
1240 4852 1387 4891 nocet
1414 4848 1591 4889 astans
1619 4839 1763 4891 tertia
1795 4839 1902 4899 fini,

616 4929 766 4987 Mars,
797 4935 879 4977 tua
908 4928 1046 4978 frons
1071 4927 1263 4991 cuspis,
1290 4942 1448 4991 prope
1476 4928 1625 4979 finem
1652 4938 1828 4993 quarta
1852 4929 1906 4979 lit
1936 4933 2090 4993 aspis.

615 5014 802 5078 Aprilis
827 5014 1095 5078 decimam,
1126 5023 1265 5065 notat
1293 5016 1606 5065 undecimam
1632 5030 1787 5079 prope
1809 5017 2042 5078 caudam,

611 5104 779 5155 Tertia
810 5117 946 5155 mors
974 5104 1211 5168 Maii,sed
1240 5103 1452 5169 septima
1480 5105 1707 5168 proxima
1738 5106 1842 5165 lini,

614 5192 788 5243 Junius
818 5192 867 5243 in
894 5190 1091 5242 decimo
1122 5190 1235 5240 lerit
1262 5202 1309 5242 et
1338 5190 1624 5256 quindenus
1652 5194 1713 5241 ah
1743 5193 1861 5243 imo.

619 5281 755 5328 Alter
779 5281 839 5329 ab
870 5279 1136 5331 undecimo
1167 5291 1292 5342 nepa
1319 5278 1437 5338 Juli,
1480 5292 1642 5330 nonus
1665 5278 1729 5329 ab
1756 5280 1862 5337 illo,

619 5368 828 5430 Anguin
854 5369 1042 5431 primus
1074 5368 1190 5419 ferit
1212 5378 1262 5419 et
1288 5368 1350 5417 de
1380 5369 1477 5418 line
1504 5368 1773 5428 secundus,

618 5456 723 5502 Stat
751 5453 1061 5515 Septembris
1088 5470 1208 5506 acus
1238 5454 1360 5505 hinc
1389 5454 1565 5505 tertius
1596 5456 1713 5505 inde
1740 5455 1980 5506 decentis.

616 5541 848 5592 Octobris
876 5550 974 5593 stat
1002 5555 1124 5593 acus
1153 5541 1270 5591 hinc
1302 5542 1479 5593 tertius
1509 5540 1627 5593 inde
1654 5542 1875 5594 deccutts
1899 5581 1913 5598 .

3400 0 3800 327 ’Ἴ

3606 348 3692 399 (Ξο

2127 354 2295 410 PARS
2335 355 2418 408 Ill.
2458 384 2525 395 —
2561 349 3019 407 PABENETICA.

2131 471 2165 523 Α
2195 467 2377 525 Quinta
2404 472 2552 517 necat
2575 464 2780 529 capitis,
2806 462 2896 516 sed
2923 460 3067 512 tertia
3100 458 3198 512 fine
3226 458 3462 512 Novemb
3494 460 3556 520 is,

2196 552 2401 604 Frontis
2430 560 2694 617 septeuam
2722 557 2866 603 notat
2893 550 3106 601 ultimus
3133 548 3263 600 ordo
3288 548 3563 600 (leceaam.

2256 640 2394 691 Anni
2422 640 2622 691 sextilis
2644 639 2929 704 disponitur
2953 638 3081 688 ordo
3110 636 3433 698 Decembris,

2191 726 2466 790 Quartanis
2493 724 2650 778 Nonis
2675 725 2838 777 tribus
2865 735 3015 789 atque
3050 724 3127 776 bis
3156 734 3272 775 octo
3299 721 3548 774 Kalendis

2191 821 2360 873 Julius
2384 828 2463 870 est
2494 819 2682 883 pariter
2712 817 2845 870 Mars
2874 816 3050 877 Maius,
3080 824 3133 869 et
3159 816 3351 883 ogdoas
3379 814 3547 865 imber

2194 906 2245 957 In
2274 903 2413 957 senis
2442 904 2601 957 Nonis
2623 915 2923 969 septemque
2949 904 3231 968 decemque
3257 902 3573 959 Decembris,

2191 991 2393 1056 Junius,
2424 990 2637 1057 Aprilis,
2671 990 2988 1054 Septembris
3020 992 3242 1053 itemque
3274 987 3593 1040 Decembris.

2191 1079 2466 1143 Quartanis
2489 1078 2668 1140 Nonis,
2700 1088 2776 1131 ter
2804 1079 3025 1146 quinque
3054 1080 3315 1143 tribusque
3343 1076 3607 1128 Kalendis.

2191 1166 2469 1231 Quartanis
2496 1166 2654 1219 Nonis
2685 1156 2916 1219 Februus
2949 1169 3026 1219 his
3050 1177 3101 1219 et
3126 1180 3245 1219 octo
3266 1165 3516 1219 Kalendis

2191 1254 2521 1305 Concordant
2549 1267 2754 1307 menses
2781 1254 3016 1306 Octobris
3040 1253 3216 1305 Idibus
3237 1266 3445 1315 omnes,

2196 1343 2397 1394 Ducunt
2422 1336 2545 1407 ergo
2568 1341 2679 1394 dies
2706 1341 2911 1407 triginta
2938 1340 3017 1393 his
3041 1341 3143 1393 duo
3168 1355 3394 1403 menses,

2194 1428 2379 1495 Viginti
2411 1429 2647 1481 Februus
2674 1428 2729 1481 fit
2751 1433 2891 1481 solus
2919 1437 2970 1480 et
2995 1438 3112 1481 octo
3139 1428 3341 1480 diebus.

2190 1519 2430 1582 Quolibet
2458 1519 2508 1570 iu
2539 1520 2740 1584 reliquo
2765 1530 2947 1585 quater
2973 1528 3090 1572 octo
3111 1520 3223 1572 dies
3252 1518 3424 1570 minus
3455 1532 3574 1570 uno.

2259 1605 2401 1657 Scire
2425 1607 2603 1659 volens
2630 1604 2773 1659 feria:
2798 1606 2903 1659 sint
2928 1607 3077 1673 cujus
3106 1622 3321 1672 qumque
3343 1606 3603 1667 Kalends,

2196 1691 2273 1744 Ad
2301 1702 2671 1745 concurrentes
2699 1708 2977 1759 componas
3006 1696 3095 1747 has
3126 1695 3352 1749 feriales.

2127 1754 2170 1810 Β
2194 1776 2350 1829 Janus
2378 1778 2509 1830 Maio
2536 1788 2642 1831 tres
2670 1780 2774 1842 dat,
2803 1754 2983 1833 Junius
3013 1780 3131 1833 hinc
3161 1780 3362 1833 Februo
3397 1793 3515 1831 sex.

2196 1863 2403 1929 Septem
2423 1865 2713 1931 Septembri
2735 1866 2985 1929 decimus,
3008 1866 3142 1919 Mars
3162 1867 3389 1933 quinque
3413 1866 3681 1930 Novembri,

2199 1951 2388 2017 Aprilis
2418 1962 2583 2004 tecum
2611 1952 2837 2004 defendit
2864 1953 3026 2005 Julius
3055 1967 3234 2004 unum.

2196 2043 2446 2101 Quattuor
2472 2039 2729 2106 Augustus
2755 2041 2911 2107 capit,
2941 2040 3161 2093 October
3189 2042 3290 2091 duo
3314 2041 3479 2092 solus.

2236 2182 2237 2185 η
2270 2125 2322 2177 Si
2352 2128 2481 2178 bene
2513 2129 2787 2194 perpendis
2812 2136 2969 2192 quota
2992 2138 3195 2181 constat
3224 2131 3339 2180 luna
3368 2127 3622 2183 Kalendis.

2199 2211 2427 2265 Lunares
2446 2215 2612 2280 jactas
2640 2216 2731 2266 hos
2760 2216 3007 2267 instantes
3031 2218 3093 2266 ad
3121 2225 3347 2281 epactas,

2198 2299 2395 2361 Quinos
2422 2300 2750 2365 September,
2782 2302 2965 2367 quinos
2993 2301 3145 2353 habet
3169 2304 3361 2367 ogdoas
3390 2301 3569 2359 imber,

2201 2384 2555 2438 Nonus-habet
2575 2398 2791 2453 septem,
2820 2390 3020 2441 decimo
3051 2391 3310 2456 praestabit
3330 2390 3539 2443 eosdem

2201 2475 2390 2537 Aprilis
2418 2475 2621 2529 Februo
2649 2478 2774 2530 deca
2803 2479 2886 2529 dat
2916 2480 3051 2532 Mars
3080 2482 3226 2532 tertia
3254 2480 3406 2541 Juno,

2200 2562 2362 2614 Maius
2389 2564 2438 2615 itt
2470 2564 2685 2616 undenis
2710 2574 2809 2628 est,
2836 2565 3018 2617 Junius
3048 2569 3095 2618 in
3125 2566 3397 2630 duodenis,

2204 2648 2286 2699 Bis
2314 2658 2508 2715 septem
2541 2650 2748 2702 Sextilis
2782 2652 2949 2711 habet,
2981 2653 3105 2705 deca
3132 2652 3298 2705 Julius
3326 2660 3381 2706 et
3403 2662 3527 2705 tres.

2269 2736 2491 2803 Tempus
2514 2740 2708 2791 habens
2736 2740 2831 2791 sevi
2861 2743 3083 2804 speciem
3110 2742 3198 2792 dat
3225 2742 3385 2793 motio
3412 2743 3598 2793 mundt.

2199 2822 2451 2877 Constans
2482 2829 2771 2889 praeteritis,
2801 2830 3140 2893 pra‘sentibus
3166 2837 3319 2897 atque
3349 2829 3547 2889 futuris.

2205 2912 2397 2963 Dicitur
2423 2912 2553 2965 hanc
2578 2915 2644 2965 ob
2672 2930 2776 2966 rem
2809 2926 3030 2981 tempus,
3060 2915 3176 2982 quia
3208 2927 3460 2982 temperat
3484 2918 3663 2977 orbein,
3746 2938 3753 2955 -

2206 2999 2317 3064 Ipsa
2348 3002 2528 3065 probat
2558 3003 2709 3065 ratio,
2739 3003 2854 3067 quia
2883 3003 3064 3067 triplex
3092 3004 3338 3068 temporis
3361 3005 3508 3067 ordo,

2128 3056 2167 3110 δ
2203 3085 2403 3136 Natura:
2428 3086 2572 3151 jussu
2601 3098 2741 3139 stans
2768 3098 2855 3141 aut
2878 3099 3086 3143 auctore
3114 3091 3193 3143 vel
3214 3091 3380 3157 jussu.

2266 3171 2351 3223 Sol
2380 3179 2432 3223 et
2456 3173 2570 3224 luna
2600 3187 2747 3225 suum
2776 3176 2905 3227 duce
2930 3185 3110 3228 natura
3136 3176 3257 3229 facit
3282 3191 3500 3242 annum,

2200 3260 2288 3314 Sol
2313 3275 2402 3328 per
2422 3264 2645 3329 quinque
2672 3263 2803 3325 dies,
2831 3273 2907 3316 ter
2931 3273 3177 3317 centenos
3200 3266 3369 3319 decies
3394 3280 3508 3327 sex,

2201 3349 2359 3402 Unius
2384 3351 2532 3403 solidi
2558 3352 2737 3417 juncto
2763 3353 3045 3418 quadrante
3071 3353 3195 3416 diei,

2201 3439 2298 3491 Per
2324 3448 2397 3491 tot
2422 3441 2539 3493 luna
2565 3441 2673 3494 dies
2700 3442 2848 3493 annis
2876 3444 3232 3496 communibus
3264 3445 3383 3509 ires,

2199 3528 2253 3580 Si
2281 3536 2450 3580 tamen
2476 3526 2573 3579 hoc
2597 3530 2817 3594 spatium
2842 3530 2929 3581 tibi
2958 3544 3049 3582 sex
3074 3542 3125 3582 et
3150 3532 3377 3597 quinque
3405 3532 3610 3591 dictum,

2200 3616 2402 3669 Crescis
2431 3625 2509 3669 ter
2536 3616 2684 3669 denis
2709 3618 3147 3670 embolismalibus
3168 3620 3335 3672 annis.

2271 3703 2459 3756 Mensis
2487 3714 2540 3756 ut
2564 3714 2643 3757 est
2672 3718 2795 3757 usus
2822 3706 2875 3756 lit
2900 3706 2976 3757 his
3004 3716 3081 3758 ter
3100 3706 3325 3774 quinque
3352 3708 3567 3761 dierum.

2204 3792 2269 3841 At
2298 3801 2469 3842 tamen
2500 3791 2581 3842 hic
2603 3806 2745 3854 usus,
2776 3807 2874 3843 non
2903 3802 2984 3846 est
3007 3807 3149 3856 usus,
3179 3795 3267 3847 sed
3297 3795 3487 3846 abusus

2204 3880 2329 3931 Cum
2357 3894 2518 3946 neque
2548 3882 2664 3932 luna
2688 3895 2855 3941 suum,
2885 3896 3051 3948 neque
3077 3884 3155 3935 sol
3177 3883 3363 3934 faciant
3394 3885 3461 3933 ita
3485 3897 3676 3947 CttrSttm,

2206 3964 2393 4014 Cursus
2420 3966 2555 4016 enim
2588 3965 2719 4016 lunae
2746 3966 2884 4017 salva
2908 3968 3067 4019 saltus
3093 3967 3311 4029 ratione,

2208 4052 2389 4104 Fertur
2412 4062 2465 4104 ul
2494 4062 2572 4105 est
2602 4055 2738 4106 horis
2768 4057 2933 4107 minor
2962 4056 3057 4107 hoc
3080 4061 3247 4120 Spatio
3270 4059 3535 4109 duodenis.

2280 4141 2458 4207 Fitqne
2485 4140 2661 4193 decem
2691 4142 2846 4193 sentis
2872 4157 3013 4193 mora
3040 4144 3164 4194 solis
3197 4145 3391 4210 longior
3420 4146 3567 4197 horis.

2212 4229 2333 4279 Diva
2363 4229 2441 4281 vel
2469 4228 2686 4280 humana
2717 4230 2794 4281 vis
2820 4237 2903 4283 est
2924 4232 3147 4282 auctoris
3173 4231 3425 4284 habenda.

2278 4316 2455 4367 Edicto
2479 4315 2684 4386 Domini
2712 4320 2981 4369 Statuentis
2999 4318 3111 4383 jura
3136 4319 3319 4385 Moysi,

2211 4406 2391 4456 Aufert
2419 4406 2551 4456 ruris
2576 4419 2704 4469 opus
2725 4404 2901 4457 Judmo
2929 4408 3177 4469 septimus
3204 4421 3387 4469 minus,

2213 4489 2399 4542 lterum
2431 4490 2659 4542 mortalis
2685 4491 2855 4542 habita
2882 4492 3126 4555 gravitate
3150 4493 3398 4555 iubentis.

2274 4576 2493 4630 Romani
2522 4579 2667 4629 ludos
2697 4587 2933 4643 repetunt
2958 4586 3071 4643 po~t
3097 4588 3335 4644 quattuor
3359 4590 3538 4637 annos.

2213 4666 2284 4717 Ac
2309 4667 2519 4718 hosdem
2548 4678 2765 4731 quatuor
2790 4667 2965 4732 recipit
2997 4666 3304 4720 Februatius
3329 4684 3507 4723 annos.

2278 4751 2498 4813 Tempus
2528 4750 2662 4802 inest
2688 4752 2891 4813 atomis,
2917 4753 3188 4804 momentis
3215 4764 3371 4819 atque
3396 4756 3604 4817 mitium,

2214 4834 2467 4893 l‘artihus,
2496 4840 2735 4897 ostentis,
2761 4838 2980 4899 punctis,
3006 4839 3392 4903 quadrantibus,
3419 4842 3552 4894 horis

2214 4928 2377 4988 Atque
2406 4912 2585 4976 diebus
2612 4935 2660 4976 et
2686 4923 3019 4976 hebdomadis
3043 4936 3096 4977 et
3121 4931 3403 4995 mensibus,
3430 4934 3584 4993 annis,

2218 5014 2272 5065 Et
2299 5015 2475 5065 lustris
2506 5027 2670 5078 aeque,
2702 5013 2889 5076 szeclis,
2919 5013 3153 5067 aetatibus
3179 5028 3351 5083 atque.

2284 5104 2495 5152 Atoutus
2528 5102 2575 5150 in
2606 5108 2775 5151 nostra
2806 5108 2952 5152 sonat
2981 5102 3219 5154 indivisio
3248 5105 3437 5170 lingua,

2216 5192 2447 5255 Quinque
2476 5199 2680 5241 manent
2704 5203 2890 5255 causm,
2916 5189 3047 5242 solet
3070 5193 3118 5243 in
3145 5193 3334 5259 quibus
3358 5203 3550 5245 atourus
3573 5208 3676 5246 esse

2216 5280 2303 5329 Sol
2332 5291 2592 5335 numerus,
2627 5284 2844 5341 tempus,
2874 5292 3070 5328 necnon
3100 5280 3263 5330 oratio
3286 5292 3491 5346 corpus,

2219 5368 2432 5416 Atomus
2453 5366 2501 5416 in
2532 5364 2661 5425 sole,
2688 5365 2797 5415 vult
2821 5365 3008 5415 floccus
3035 5365 3259 5429 pulveris
3286 5380 3425 5419 esse.

2219 5458 2429 5503 Animus
2457 5451 2507 5503 in
2539 5465 2769 5509 numero,
2801 5464 2976 5501 tuonas
3006 5460 3085 5503 est
3113 5452 3227 5517 ejus
3248 5468 3417 5521 origo,

2221 5543 2434 5590 Atotnus
2461 5540 2508 5590 in
2540 5548 2758 5601 tempus,
2787 5539 2916 5591 citus
2945 5548 3023 5592 est
3046 5541 3178 5593 oculi
3207 5542 3348 5593 velut
3380 5551 3521 5597 lCitto.

3384 5898 3819 6233 ,Α

2139 4352 2186 4407 ι)
