3862 6348
117 404 240 461 ῦὲι
1155 420 1337 475 SECT.
1383 423 1465 477 111.
1506 455 1573 464 -
1609 427 1642 479 C

1155 420 1337 475 SECT.
1383 423 1465 477 111.
1506 455 1573 464 -
1609 427 1926 483 CAIlMlNA.
1969 459 2036 469 —
2074 431 2301 486 IIYMNI.

126 519 378 568 Atomus
407 516 457 565 in
490 530 632 578 voce.
663 525 766 568 stat
789 519 985 585 singula
1012 522 1183 576 littera
1215 541 1306 593 per
1331 542 1408 581 se.

128 607 384 652 Atmnus
414 604 461 653 in
487 619 699 669 corpus,
730 607 811 658 cui
839 608 923 659 vix
953 612 1119 663 aderit
1146 614 1292 667 color
1319 616 1474 669 ullus.

214 690 449 741 Atntuus
476 696 686 757 ostenti,
718 704 818 746 tota
842 697 1009 761 portio
1036 701 1188 753 debet
1212 701 1418 793 haberi;

133 774 231 826 Fit
260 788 344 827 ter
373 790 589 829 centena
619 782 727 831 sive
759 782 836 833 his
862 785 988 849 duo,
1021 786 1098 836 his
1126 774 1478 856 quadragena.

126 864 429 914 ostentum
462 880 579 915 vere
608 865 778 919 decies
804 884 922 933 pars
950 884 1095 925 sexta
1127 875 1184 925 fit
1211 874 1371 926 bene.

132 949 295 999 llora
329 953 386 1001 lit
414 966 476 1001 ex
506 954 703 1016 punctis
730 956 915 1022 quinis,
943 959 1022 1011 bis
1048 961 1272 1027 quinque
1299 964 1513 1016 minutis

133 1038 255 1086 Sex
290 1038 449 1090 habet
476 1050 677 1091 ostenta
706 1042 896 1105 decies,
930 1056 1099 1110 partes
1126 1049 1429 1119 decapenta,

134 1127 229 1177 I’it
269 1144 362 1191 per
392 1140 597 1181 moneta
627 1140 827 1195 quater,
860 1134 955 1185 hoc
976 1145 1055 1187 est
1082 1138 1215 1190 dena
1241 1151 1469 1206 sereuta,

129 1215 387 1269 t'unctus
418 1219 680 1281 particulis
713 1221 892 1283 ternis,
922 1223 1241 1291 geminisque
1270 1229 1499 1293 minutis,

129 1303 284 1351 Octo
312 1307 589 1355 momentis
612 1308 761 1357 simul
784 1311 1003 1361 ostentis
1029 1312 1301 1365 duodenis.

133 1387 397 1441 Iletltlere
430 1394 537 1442 vult
561 1409 717 1444 unum
752 1410 869 1459 pars
904 1396 1022 1449 bina
1051 1400 1207 1464 hemi,
1236 1403 1507 1468 minutum,

134 1476 234 1527 Itis
263 1479 373 1529 duo
396 1491 651 1532 momenta
682 1483 875 1537 faciens
904 1497 1208 1555 ostentaque
1237 1504 1383 1555 seua,

135 1565 394 1627 Quatuor
420 1581 619 1622 ostenta
647 1583 767 1624 sunt
794 1589 892 1626 una
923 1587 1069 1640 parte
1100 1587 1319 1640 retenta.

141 1653 210 1703 lit
242 1665 507 1706 tttotncuta
538 1657 638 1708 duo
673 1660 891 1724 geminae
922 1671 1093 1725 partes
1118 1674 1170 1715 et
1192 1665 1257 1717 ab
1286 1667 1414 1730 imo,

133 1739 475 1792 Momentum
504 1744 635 1795 solet
664 1754 927 1797 ostentum
957 1748 1084 1800 dare
1110 1750 1269 1803 semis
1293 1761 1346 1803 et
1372 1768 1547 1815 unum,

137 1828 236 1877 Sol
275 1830 459 1881 horam
490 1833 691 1897 punctis
717 1834 805 1885 dat
833 1835 1005 1902 quinis
1033 1837 1152 1889 luna
1176 1842 1460 1905 quaternis.

126 1920 131 1921 ν
318 1956 590 2012 IIYMNCS
639 1959 719 2013 tv.
780 1960 851 2013 De
880 1962 1121 2016 universis
1150 1964 1245 2018 Dei
1272 1969 1522 2036 aperibtts.

563 2085 736 2137 Primo
764 2088 901 2187 Dens
927 2090 1043 2143 coeli
1072 2092 1279 2159 globum

497 2175 785 2241 Molemque
811 2175 963 2229 terra:
992 2181 1242 2247 condidit,

498 2264 708 2316 'l‘ertam
731 2263 820 2318 sed
850 2266 1049 2319 umbris
1076 2269 1302 2323 abditam

500 2354 731 2419 Ahyssus
765 2368 791 2403 τι
822 2364 868 2407 Ia
892 2364 1122 2407 texerat:

498 2441 562 2491 At
591 2453 681 2505 per
706 2441 821 2493 dies
846 2443 1090 2495 aetatibus

500 2524 743 2579 Labeatis
773 2530 868 2580 (ννί
896 2544 1152 2597 congruos

484 2614 699 2665 Urnavit
722 2615 923 2679 orbem,
952 2625 1006 2669 et
1033 2618 1247 2687 aethera,

494 2701 844 2769 (iunctamque
871 2706 1048 2758 mundi
1076 2708 1389 2764 machinam.

500 2788 663 2840 Prima
690 2787 908 2844 Creator
939 2794 1117 2847 sarculi

492 2874 583 2928 Die
611 2878 852 2930 tenebras
880 2880 1132 2947 eﬂngans,

496 2966 658 3029 Aquis
686 2968 855 3022 adimo
881 2972 1245 3028 absconditum

497 3051 766 3118 Latupavit
793 3055 972 3107 orbem
1001 3058 1214 3113 lumine.

489 3138 640 3191 Lucis
670 3140 833 3192 beata:
853 3142 1053 3207 gaudiis

495 3225 669 3277 Mundi
693 3229 908 3295 replevit
938 3232 1154 3297 incolas,

491 3312 667 3367 Aitate
696 3332 812 3369 mox
838 3319 1121 3376 altissimus

495 3399 665 3452 Prima
695 3402 911 3457 Creator
936 3410 1114 3461 sazculi

493 3487 718 3541 Locatur
744 3491 878 3543 inter
905 3496 1117 3559 caerula,

492 3575 581 3629 Dei
612 3564 855 3631 secunda.
869 3584 1131 3638 maximus

496 3666 600 3717 Poli
628 3668 829 3733 globus,
858 3669 1124 3739 divisaque
1145 3683 1227 3726 est

494 3754 745 3822 Utrinque
774 3758 979 3825 lympha
1012 3761 1196 3814 labilis.

491 3840 663 3892 l‘rimo
689 3845 929 3895 secunda:
957 3856 1189 3913 tempore

488 3926 680 3979 A'Etatis
709 3944 827 3981 arca
854 3935 1093 3999 mystica,

485 4014 615 4066 iline
646 4014 763 4066 inde
792 4023 1156 4076 concurrentia

488 4100 711 4153 Locatur
736 4103 869 4155 inter
895 4109 1103 4161 cmrula.

486 4189 712 4244 Lucenle
738 4194 876 4245 saecli
906 4198 1052 4248 tertia

490 4278 600 4336 Die,
627 4280 791 4329 fluens
820 4283 917 4332 sub
938 4284 1133 4336 aatbt-re

486 4366 717 4428 Abysws
745 4366 846 4417 alta
873 4369 1125 4435 subsidet,

487 4451 770 4519 Virensque
801 4469 943 4521 paret
968 4460 1131 4512 arida.

486 4540 656 4591 Electa
690 4543 861 4607 proles
892 4545 1115 4598 Ahralm:

491 4626 561 4677 lie
592 4629 903 4691 perfidorum
932 4632 1198 4697 fluctibus,

484 4714 659 4767 1Etate
688 4718 877 4770 ﬂorens
906 4722 1093 4773 claruit

481 4782 709 4855 Lucente
736 4806 878 4857 sateli
905 4812 1076 4869 tertia,

487 4894 676 4954 Quarta
700 4893 852 4958 juhar
880 4897 1183 4951 sublimium

480 4984 568 5034 Die
592 4985 813 5037 miczibat
840 4986 1091 5048 siderum.

480 5070 604 5119 Polo
628 5071 845 5136 soloque
875 5073 1117 5138 fulgidam

488 5158 640 5209 Lucis
665 5158 904 5211 daturum
932 5163 1171 5228 gratiam.

481 5243 695 5296 llebrzea
721 5260 849 5311 gens
881 5246 1124 5301 Davidico

481 5334 659 5401 Βρίξιιο
685 5336 884 5387 refulsit
914 5337 1128 5404 inclyta,

481 5422 659 5473 IEtate
685 5425 917 5487 pandens
944 5435 1147 5477 actuum

472 5509 660 5569 Quarta
686 5511 839 5575 jubar
863 5512 1184 5565 sublimium.

475 5596 675 5647 Novum
703 5612 864 5662 genus
898 5602 1215 5666 prOgigttitttr

1714 540 1763 593 Α

2094 586 2109 601 ,
2134 541 2321 604 Quinta
2347 539 2432 593 die
2456 541 2520 594 de
2550 543 2774 611 limpidis

2129 627 2354 679 Nasceris
2376 629 2522 693 aquis
2551 633 2835 685 natantium

2080 761 2088 768 ,
2140 712 2528 783 Volantiumque
2556 718 2653 771 sub
2674 722 2813 784 polo.

2132 800 2306 853 Allato
2334 804 2506 868 quinta
2536 804 2585 857 in
2608 806 2849 862 Chaldma

2130 885 2341 942 Famam
2370 891 2543 945 luente
2567 895 2761 957 .ludaea,

2132 976 2385 1029 Fidelium
2414 982 2479 1032 de
2505 984 2711 1047 perfidis

2130 1064 2324 1118 Novum
2355 1084 2515 1135 genus
2546 1074 2862 1139 progignitnr

2134 1154 2287 1207 Sexta
2312 1169 2513 1209 creatus
2538 1172 2617 1212 est
2647 1163 2823 1227 homo,

2128 1241 2214 1294 Dei
2243 1242 2501 1297 Creatoris
2530 1250 2606 1299 sui

2129 1328 2406 1395 Imaginem
2436 1336 2525 1399 qui
2554 1337 2834 1402 praeferens

2128 1415 2246 1467 Scin
2256 1434 2343 1481 per
2372 1421 2551 1474 beatus
2579 1428 2793 1479 viveret.

2127 1504 2369 1557 Summus
2397 1508 2611 1562 Creator
2632 1517 2885 1577 omnium,

2134 1593 2233 1643 l‘er
2261 1610 2413 1661 quem
2437 1608 2642 1659 creatus
2664 1612 2749 1655 est
2773 1604 2947 1669 homo,

2130 1682 2307 1737 Aitate
2340 1687 2502 1759 Filius
2530 1688 2643 1753 Dei,

2133 1772 2288 1823 Sexta
2317 1787 2522 1828 creatus
2551 1789 2627 1829 est
2658 1780 2834 1843 homo,

2137 1861 2491 1921 Obdormiettti
2522 1870 2789 1932 Splendida

2138 1950 2423 2006 l’lasmatur
2449 1955 2575 2009 Atla:
2607 1959 2839 2026 hemina,

2131 2037 2200 2090 Os
2229 2040 2368 2094 illius
2393 2057 2457 2094 ex
2481 2046 2705 2111 ossibus,
2766 2108 2770 2113 ,

2134 2128 2206 2179 Ex
2237 2144 2393 2183 carne
2417 2146 2628 2187 carnem
2660 2138 2948 2203 proferens.

2136 2214 2209 2268 De
2235 2232 2391 2270 carne
2418 2219 2629 2274 Christo
2656 2229 2884 2295 propria,

2136 2305 2200 2358 Et
2225 2308 2489 2372 sanguinis
2514 2315 2761 2377 mysterio

2131 2392 2243 2445 Jam
2270 2410 2457 2461 sponsa
2486 2409 2601 2450 nata
2628 2412 2706 2453 est
2736 2405 2786 2455 in
2814 2420 2969 2460 cruce

2133 2481 2489 2537 Obdormienti
2519 2488 2810 2554 splendida.

2138 2569 2259 2623 Post
2284 2572 2413 2625 facta
2442 2577 2577 2628 celsa
2607 2579 2855 2636 Conditor

2133 2656 2224 2710 Die
2244 2661 2517 2726 quiescens
2544 2670 2785 2732 septima,

2130 2743 2253 2798 Eam
2281 2750 2450 2801 vorari
2477 2751 2525 2803 in
2552 2758 2737 2807 saecula

2133 2833 2195 2885 Et
2220 2848 2336 2889 esse
2356 2838 2503 2905 jubet
2527 2841 2828 2899 Sabbatum.

2135 2923 2282 2977 Aftas
2312 2929 2499 2991 quietis
2524 2936 2741 2999 septima

2126 3009 2245 3063 Post
2275 3014 2375 3068 hoc
2404 3016 2628 3073 futurum
2659 3034 2737 3075 est
2764 3028 3034 3093 smcnlum,

2135 3099 2244 3163 Qua
2274 3103 2563 3161 sabbatizat
2590 3124 2705 3163 cum
2738 3116 2844 3167 suis

2134 3188 2256 3241 Post
2284 3192 2419 3245 facta
2446 3198 2580 3249 celsa
2610 3201 2879 3257 Conditor.

2126 3275 2317 3329 Octava
2345 3291 2507 3334 restat
2534 3290 2738 3340 arteria

2120 3362 2381 3419 IEtalibus
2406 3371 2695 3437 sublimior,

2115 3452 2245 3508 Cum
2277 3460 2465 3512 mortui
2490 3461 2557 3515 tle
2590 3466 2809 3528 pristino
2954 3496 3003 3551 ς

2126 3542 2300 3597 Terrie
2328 3561 2601 3617 resurgent
2624 3568 2834 3622 aggere,

2127 3628 2439 3700 Voltumque
2465 3636 2655 3693 Clll'iSfi
2690 3652 2922 3711 perpetes

2114 3716 2245 3771 Justi
2275 3722 2446 3775 vident
2466 3728 2767 3794 amabilem,

2125 3806 2389 3877 Erantque
2416 3813 2549 3867 sicut
2576 3819 2744 3884 angeli

2117 3894 2331 3951 leesti
2360 3900 2413 3954 in
2435 3917 2555 3957 arce
2585 3907 2779 3975 fulgidi,

2124 3985 2286 4049 Quam
2318 3990 2468 4043 nobis
2497 3994 2559 4044 ad
2587 4008 2643 4047 se
2667 4000 2902 4051 semitam

2121 4076 2357 4130 Ostendit
2383 4077 2493 4145 ipse
2523 4085 2739 4146 pratvius

2121 4163 2194 4215 De
2214 4177 2378 4220 matre
2407 4178 2557 4221 natus
2589 4172 2788 4239 virgine

2125 4251 2257 4303 Deus
2282 4253 2480 4321 Deique
2509 4258 2689 4312 Filius.

2122 4340 2246 4391 Nam
2278 4354 2444 4395 morte
2468 4358 2687 4402 mortem
2718 4351 2989 4407 destructis

2117 4433 2269 4483 Sexta
2302 4433 2502 4503 subegit
2541 4477 2557 4492 .
2599 4478 2613 4490 .
2654 4478 2667 4494 .
2713 4479 2727 4492 .
2770 4480 2785 4495 .

2116 4518 2322 4581 Quierit
2348 4531 2429 4573 ast
2459 4525 2508 4575 in
2537 4524 2784 4592 Sahbatn,

2110 4602 2162 4654 In
2192 4607 2352 4659 corde
2378 4594 2527 4662 terra!
2550 4616 2818 4680 conditus;

2119 4692 2346 4759 \‘itaeque
2377 4701 2539 4762 prima
2562 4702 2797 4754 Sabbati.

2115 4780 2387 4849 Surgettdo
2412 4788 2587 4849 pandit
2613 4789 2843 4854 januam,

2116 4871 2338 4937 Suisque
2367 4878 2811 4939 congaudentibus

2116 4961 2358 5020 Ascendit
2382 4964 2444 5012 aii
2476 4964 2716 5019 thronum
2742 4969 2924 5023 Patris.

2116 5046 2179 5099 Et
2204 5064 2296 5101 sex
2328 5053 2377 5103 in
2401 5054 2554 5119 hujus
2581 5060 2755 5111 saaculi

2113 5137 2372 5193 {Etatibus
2398 5157 2493 5194 nos
2524 5149 2776 5213 praecipit,

2125 5227 2363 5281 Nostram
2393 5231 2610 5284 ferendo
2631 5232 2738 5299 jam
2763 5251 2968 5291 crucem

2117 5316 2207 5368 .lus
2231 5332 2383 5369 omne
2410 5319 2532 5371 letlti
2560 5322 2811 5377 vincere”

2124 5404 2431 5457 lntrabimus
2466 5417 2579 5471 post
2610 5416 2782 5461 omnia

2118 5492 2323 5547 Devicta
2353 5498 2529 5549 mutuli
2561 5499 2754 5561 prselia.

2110 5581 2293 5637 Carnis
2322 5587 2472 5639 soluti
2503 5588 2713 5641 vinculis

3249 440 3279 491 ἓ

3287 440 3314 489 3
