3862 6322
576 382 676 435 693

1274 390 1466 445 BENE
1506 388 1943 445 VENERABHJS
1982 387 2127 443 OPP.
2172 388 2342 446 PARS
2382 388 2464 444 lll.
2507 418 2573 429 --
2608 385 3070 443 PARIENETICA.

917 502 1046 557 Vita:
1078 502 1319 568 perennis
1345 501 1647 556 Sabliatum.

914 593 1167 658 Sequetur
1195 604 1293 643 una
1319 589 1528 643 Sahbati

911 683 1206 736 Clandemla
1238 683 1381 733 nullo
1407 681 1649 740 termino,

910 771 1039 823 Cum
1069 770 1254 823 carnis
1275 768 1639 821 immortalitas

920 862 1133 915 Alterna
1166 862 1315 915 nobis
1344 862 1601 913 redditur.

918 951 1005 1004 Sic
1032 952 1207 1003 carnis
1233 960 1388 1017 atque
1418 950 1630 1016 Spiritus

922 1041 1051 1093 [lino
1080 1041 1226 1107 potiti
1259 1040 1468 1106 gaudio,

918 1131 1240 1185 Scandemus
1266 1130 1329 1183 ad
1358 1129 1596 1183 cmlestia

920 1220 1082 1289 Regni
1113 1222 1358 1288 perennis
1386 1218 1601 1272 mania.

916 1312 1030 1376 Quo
1059 1324 1156 1363 nos
1182 1309 1363 1362 venire
1391 1322 1710 1375 quesumns,

921 1399 1184 1464 Concede,
1215 1406 1391 1451 sancta
1419 1397 1668 1458 Trinitas,

921 1488 1197 1556 Unumque
1228 1498 1279 1541 te
1306 1501 1625 1554 cognoscere

925 1569 1109 1632 Vern’m
1141 1580 1302 1632 Deum
1332 1594 1424 1647 per
1448 1580 1661 1632 smcula.

908 1738 911 1741 γ
993 1666 1189 1731 Gloria,
1217 1678 1317 1720 etc.

797 1797 1071 1853 llYMNUS
1111 1797 1171 1849 V.
1214 1794 1289 1847 De
1319 1766 1495 1847 Natali
1526 1792 1891 1846 Innocentium.

931 1922 1186 1991 llymnum
1214 1929 1460 1974 canentes
1488 1929 1769 1988 martyrum

935 2012 1169 2063 Dicamus
1200 2008 1573 2071 Innocentium,

918 2100 1058 2164 Quos
1086 2109 1219 2152 terra
1247 2098 1432 2152 ﬁentes
1461 2096 1705 2161 perdidit,

931 2187 1175 2242 Gaudeas
1202 2186 1291 2240 sed
1320 2189 1485 2240 :ethra
1511 2185 1751 2251 suscipit.

933 2280 1163 2345 Quorum
1194 2288 1401 2332 tuentur
1427 2276 1596 2345 angeli

938 2367 1143 2420 Vultum
1176 2368 1332 2434 patris
1358 2380 1451 2433 per
1476 2364 1687 2426 saecula,

941 2456 1168 2522 l'ljusquc
1199 2437 1409 2505 laudant
1434 2450 1672 2518 gratiam,

933 2547 1188 2613 Ilymnum
1218 2551 1463 2596 canentes
1493 2551 1797 2609 martyrum.

938 2633 1078 2697 Quos
1108 2645 1195 2684 rex
1227 2629 1448 2698 peremit
1477 2628 1686 2695 impius,

942 2721 1066 2773 Pius
1094 2720 1185 2774 sed
1215 2729 1396 2772 auctor
1422 2717 1643 2784 colligit,

946 2811 1135 2863 Secum
1162 2809 1339 2861 beatos
1363 2806 1650 2869 collorans,

945 2901 999 2953 In
1030 2901 1141 2951 luce
1172 2897 1316 2966 regni
1346 2895 1595 2963 perpetis.
1664 2900 1670 2916 "

946 2991 1043 3056 Qui
1073 2988 1369 3041 mansiones
1394 2984 1610 3053 singulis

948 3078 1186 3145 Largitus
1214 3076 1266 3128 in
1293 3075 1448 3126 domo
1475 3073 1659 3140 patris,

946 3167 1111 3219 Donat
1140 3163 1375 3231 supernis
1402 3161 1632 3222 sedibus,

947 3256 1089 3320 Quos
1115 3269 1204 3309 rex
1235 3254 1459 3322 peremit
1488 3250 1700 3317 impius.

953 3348 1125 3401 Bimos
1152 3355 1205 3398 ct
1230 3344 1362 3397 intra
1390 3343 1630 3409 parvulos

874 3469 924 3531 '
952 3434 1174 3488 llerodis
1202 3432 1276 3485 ira
1309 3430 1544 3498 perculit,

958 3524 1218 3589 Finesque
1246 3518 1638 3572 lletltlemiticox

953 3614 1148 3667 Sancto
1178 3610 1425 3679 respersit
1450 3608 1721 3675 sanguine.

956 3703 1206 3757 Prmclara
1233 3700 1442 3754 Christo
1466 3698 1723 3766 splenduit

960 3794 1097 3845 Mors
1126 3792 1375 3842 innocens
1407 3786 1659 3849 ﬁdelium,

948 3878 1105 3931 (Idalis
1136 3876 1371 3930 ferebant
1397 3875 1563 3941 angeli

955 3968 1130 4021 llimos
1158 3976 1209 4017 et
1236 3964 1367 4018 infra
1400 3963 1664 4031 parvulos.

962 4058 1069 4111 Vox
1103 4058 1153 4109 in
1183 4054 1343 4107 Rama
1375 4052 1689 4117 percrebuit,

967 4147 1211 4199 Lamenta
1241 4145 1405 4200 luctus
1432 4139 1662 4203 maximi,

956 4236 1145 4288 Rachel
1175 4250 1295 4287 suos
1324 4248 1443 4288 cum
1470 4233 1711 4300 lacrymis

961 4326 1167 4377 Pertusa
1197 4322 1337 4374 ﬂevit
1364 4321 1517 4373 ﬁlios.

961 4411 1199 4463 (laudent
1229 4409 1492 4477 triumpho
1523 4407 1743 4476 perpeti,

956 4500 1238 4553 Tormenta
1271 4498 1463 4564 quique
1494 4498 1743 4555 vicerant.

962 4588 1190 4653 Quorum
1222 4600 1433 4653 gemens
1463 4585 1530 4637 ob
1559 4586 1773 4638 verbera

966 4676 1077 4728 Vox
1110 4674 1158 4727 in
1187 4672 1347 4725 Roma
1377 4672 1692 4741 percrebuit.

961 4765 1056 4829 Ne,
1087 4779 1207 4834 grex
1241 4763 1450 4832 pusille,
1481 4762 1724 4815 formitles

969 4857 1159 4907 Dentes
1186 4853 1350 4906 leonis
1380 4851 1629 4919 perﬁdos,

970 4945 1151 4996 Pastor
1179 4942 1344 4994 bonus
1374 4956 1489 4993 nam
1521 4954 1709 5009 pascua

973 5036 1128 5088 Vobis
1154 5033 1296 5087 dabit
1324 5034 1573 5085 cmlestia.

972 5130 1173 5192 Agnum
1205 5124 1294 5178 Dei
1322 5124 1412 5191 qui
1443 5123 1720 5175 candidum

969 5218 1159 5270 Mundo
1188 5217 1422 5286 sequeris
1449 5216 1675 5278 tramite,

972 5307 1150 5358 Manus
1180 5305 1394 5356 latronis
1425 5304 1607 5370 impias

969 5396 1063 5459 Ne,
1091 5409 1215 5461 grex
1248 5394 1455 5459 pusille,
1489 5393 1755 5447 formides.

973 5488 1249 5551 Ahstcrget
1277 5496 1487 5536 omnem
1520 5484 1799 5550 lacrymant

974 5574 1168 5625 Vestris
1193 5571 1344 5624 Pater
1372 5571 1437 5625 de
1466 5571 1711 5623 vultibus.

969 5663 1113 5715 Mors
1142 5662 1284 5715 vobis
1315 5661 1446 5714 ultra
1476 5675 1575 5715 non
1609 5669 1758 5714 nocet

2134 501 2185 558 Δ

2554 499 2687 551 Vita:
2717 499 2940 567 receptis
2966 484 3247 553 moenibus.

2554 586 2652 650 Qui
2682 586 2942 639 semittattl
2972 587 3023 637 in
3057 583 3327 651 lacrytnis,

2557 680 2737 748 Longo
2765 689 2963 734 metent
2990 682 3039 732 iu
3070 679 3283 748 gaudio,

2556 769 2716 825 Genis
2741 769 3004 839 lugentum
3031 769 3288 822 Conditor

2555 860 2833 926 Absterget
2856 873 3064 911 omnem
3096 859 3409 927 lacrymam.

2550 948 2595 999 0
2618 962 2773 1015 quam
2802 948 2949 1000 beata
2976 947 3175 1012 civitas,

2556 1036 2611 1087 in
2640 1049 2739 1098 qua
2766 1034 3082 1102 Redemptor
3110 1036 3369 1098 nascitur,

2559 1122 2797 1189 Natoque
2828 1124 3007 1190 prima:
3036 1136 3325 1193 martyrum

2552 1212 2613 1266 In
2643 1228 2743 1280 qua
2770 1214 3010 1268 dicantur
3040 1214 3222 1266 hostia:
3250 1216 3263 1265 !

2562 1303 2836 1372 Nunquam
2863 1305 3068 1356 vocaris
3098 1304 3309 1369 parvula

2564 1394 2623 1445 ‘ln
2650 1392 2916 1446 civitatum
2945 1393 3193 1454 millibus,

2564 1482 2641 1533 Ex
2666 1496 2767 1548 qua
2798 1496 2965 1555 novus
2990 1481 3093 1534 dux
3123 1489 3270 1534 ortus
3301 1488 3409 1545 est,

2561 1568 2605 1619 0
2630 1584 2785 1635 quam
2818 1570 2965 1623 beata
2995 1569 3218 1623 civitas!

2567 1662 2754 1709 Astant
2780 1657 3009 1710 nitentes
3035 1658 3244 1725 fulgidis

2566 1745 2696 1814 Ejus
2725 1748 2913 1801 throno
2942 1763 3078 1801 nunc
3104 1749 3361 1811 vestibus,

2572 1837 2745 1891 Stolas
2774 1852 2897 1890 suas
2923 1838 3008 1905 qui
3040 1838 3274 1891 laveram

2568 1928 2699 1993 Agni
2728 1927 2977 1978 rubentes
3002 1927 3293 1993 sanguine-

2570 2012 2666 2078 Qui
2696 2014 2921 2079 perpetis
2953 2027 3048 2079 pro
3079 2015 3257 2079 patriae

2572 2104 2747 2170 llegno
2771 2113 3038 2169 gementes
3064 2102 3346 2168 ﬁeverant,

2574 2191 2697 2244 Leti
2728 2190 2837 2243 Deo
2862 2203 2981 2243 cum
3013 2192 3252 2245 laudibus

2572 2286 2759 2337 Asiam
2793 2284 3017 2334 nitentes
3048 2281 3279 2349 lulgidis.

2644 2369 2838 2432 Gloria,
2864 2380 2968 2422 etc.

2442 2521 2715 2576 llYMNUS
2755 2521 2839 2574 Vl.
2892 2521 2970 2574 De
2998 2523 3296 2575 Arcemionc
3327 2519 3560 2577 Domini.

2578 2634 2836 2701 llymuutn
2878 2647 3126 2701 canamus
3164 2632 3365 2700 gloria;

2578 2722 2766 2790 llymni
2810 2721 2929 2776 novi
2972 2737 3109 2774 nunc
3148 2731 3453 2788 personent,

2576 2809 2815 2862 Christus
2858 2824 2992 2862 novo
3030 2824 3148 2862 cum
3192 2810 3402 2863 tramite

2575 2896 2653 2950 Ad
2697 2897 2866 2950 Patris
2904 2897 3140 2951 ascendit
3178 2899 3447 2953 thronum.

2580 2985 2793 3039 Transit
2834 2985 3098 3054 triumpho
3135 2987 3317 3055 gloria:

2573 3075 2684 3129 Poli
2726 3086 2963 3143 potenter
2998 3076 3247 3140 culmina,

2578 3165 2677 3229 Qui
2721 3172 2887 3218 morte
2925 3176 3150 3219 mortem
3192 3177 3579 3235 assumpseiat,

2580 3255 2790 3307 Derisus
2832 3267 2861 3305 a
2903 3255 3234 3319 mortalibus,

2580 3344 2707 3396 Nam
2751 3342 2853 3396 diri
2897 3342 3023 3395 letlti
3064 3343 3265 3409 limina,

2583 3432 2762 3485 Ctecas
2800 3439 2853 3485 et
2894 3434 3105 3484 umbras
3146 3430 3297 3484 inferi

2586 3523 2834 3574 Lustrans
2878 3536 2973 3574 sua
3013 3521 3243 3590 potentia

2586 3610 2733 3665 Lethi
2778 3612 2961 3679 ligarat
3000 3613 3307 3679 principem,

2585 3702 2649 3753 Et
2687 3713 2817 3767 quos
2853 3714 2977 3753 suos
3015 3700 3067 3753 in
3112 3702 3311 3755 actibus

2588 3787 2815 3856 Fideque
2857 3788 3020 3842 lectos
3060 3799 3295 3854 noverat,

2587 3881 2781 3931 Umnes
2824 3879 3017 3933 Averni
3060 3878 3295 3934 faucibus

2578 3971 2806 4024 Salvavit
2847 3985 2878 4025 a
2921 3971 3201 4026 ferocibus.

2594 4058 2890 4125 laetamque
2932 4061 3049 4114 vitae
3085 4060 3296 4128 januam

2590 4147 2775 4199 l’andit
2800 4148 3115 4216 Redemptor
3153 4151 3418 4218 omnibus,

2591 4237 2732 4300 Quos
2774 4240 2857 4291 lex
2898 4253 3071 4291 amara
3115 4244 3351 4307 corporis

2611 4328 2720 4377 Vita
2764 4325 2878 4391 pios
2918 4327 3233 4394 privavcrat.

2598 4416 2641 4466 0
2681 4415 2809 4466 tuira
2849 4430 3020 4467 rerum
3061 4416 3311 4470 claritas!

2601 4504 2829 4557 Mirauda
2871 4506 3157 4559 Salvatoris
3197 4517 3275 4559 cst.

2601 4592 2778 4645 Virtus
2817 4591 3036 4658 gemella
3073 4598 3257 4663 gratia,

2594 4682 2722 4747 Quae
2751 4696 2908 4748 regna
2938 4681 3061 4756 letbi
3101 4684 3321 4739 destruit
3352 4703 3367 4716 ·

2596 4773 2724 4825 Nam
2769 4772 3021 4841 plurimos
3059 4775 3125 4827 ab
3166 4776 3317 4831 inferi

2597 4860 2769 4914 Portis
2812 4862 3019 4915 reduxit
3057 4864 3261 4929 spiritu,

2598 4953 2787 5006 Multos
2824 4963 2878 5006 et
2916 4954 3029 5020 ipso
3067 4968 3285 5021 corpore

2604 5040 2677 5094 De
2717 5041 2865 5095 fauce
2906 5043 3089 5095 mortis
3126 5046 3279 5096 eruit.

2599 5117 2870 5199 Surgentis
2911 5141 2965 5183 ut
3005 5130 3072 5185 de
3112 5135 3331 5186 mortuis

2600 5220 2793 5273 Christi
2834 5231 3085 5276 sonarent
3125 5226 3335 5292 gaudia,

2604 5307 2760 5359 llinos
2798 5307 2989 5361 choros
3028 5310 3290 5376 paschalia

2614 5396 2727 5449 V.ta
2768 5411 2919 5449 nova“
2942 5396 3249 5449 laetantium.

2604 5484 2744 5536 ilium
2783 5485 3030 5538 cohortes
3068 5487 3263 5537 attheta

2604 5572 2869 5626 Christum
2908 5585 3098 5627 secuta:
3138 5574 3513 5641 ascenderem.

2604 5660 2871 5728 Sedesque
2910 5664 3042 5718 creto
3081 5676 3317 5733 perpetes

3066 6080 3822 6322 μή
