3862 6362
1170 447 1356 500 SECT.
1399 446 1482 500 ΙΙΙ.
1523 476 1590 487 -ο
1627 446 1945 503 CAlUllNA.
1990 482 2048 494 -
2090 453 2319 508 ιιγιιΜ.

509 550 644 604 lnter
685 559 919 604 tenerent
954 552 1183 619 angelos.

509 640 652 693 llunc
690 655 814 709 ergo
850 643 1022 696 cuncti
1063 642 1307 697 consonis

507 728 651 784 Diem
691 732 917 785 teramus
956 732 1213 797 laudibus,

512 818 688 873 Victor
727 822 856 887 petit
892 838 995 889 quo
1035 823 1214 893 fulgidi
1254 828 1257 835 '

504 907 653 961 Jesus
690 907 895 977 Olympi
930 910 1143 978 jauuas,

509 1000 621 1059 Quo
661 998 807 1051 nobis
846 1000 959 1065 ipse
999 1002 1134 1067 apud
1181 1000 1411 1065 Patrem,

504 1082 670 1138 Toros
708 1084 892 1138 beatus
932 1087 1175 1152 przevius,

502 1173 577 1225 Ac
606 1164 933 1227 'mansiones'
961 1175 1213 1242 plurimas

506 1259 715 1314 Paravit
754 1273 937 1316 auctor
974 1264 1205 1319 tetlterls.

499 1348 612 1414 Quo
654 1358 762 1403 tota
803 1352 1202 1418 praecedentium

510 1445 549 1491 Δ
590 1441 785 1494 saeculo
824 1441 1055 1497 ﬁdelium

497 1528 716 1580 Caterva
761 1528 881 1583 cceli
926 1533 1121 1599 regiam

505 1616 770 1671 Pandente
806 1618 1017 1672 Christo
1054 1621 1231 1676 subiit.

502 1703 663 1756 Erant
705 1706 755 1757 in
798 1706 1093 1762 admirabili

500 1792 651 1859 Regis
690 1793 951 1860 triumpho
990 1797 1258 1852 altithroni

488 1879 666 1934 (Icelus
707 1884 863 1935 simul
903 1885 1217 1953 cmlestium,

494 1969 671 2021 l‘olum
718 1981 953 2038 petentes
994 1976 1279 2043 agminttm.

495 2060 728 2127 Apostoli
772 2071 877 2115 tum
922 2065 1142 2133 mystico

494 2149 548 2200 ln
588 2146 765 2205 monte
803 2162 1000 2207 Stantes
1036 2154 1329 2211 chrismatis

497 2236 628 2289 Cum
655 2249 821 2294 matre
847 2241 1043 2295 claram
1071 2244 1269 2312 virgine

486 2324 613 2378 Jesu
650 2326 896 2383 videbant
932 2332 1168 2397 gloriam.

487 2415 563 2468 Ac
605 2419 864 2483 prosecuti
914 2419 1113 2475 lumine

496 2505 658 2568 Lreto,
703 2516 963 2573 petentem
1006 2500 1174 2564 sidera

496 2593 649 2646 Laetis
690 2610 784 2661 per
820 2612 974 2651 auras
1015 2600 1281 2662 cordibus,
1379 2582 1388 2597 ⁸

486 2681 691 2738 Duxere
732 2699 905 2750 regem
947 2689 1141 2740 saeculi.

486 2777 626 2837 Quos
668 2773 993 2841 alloquentes
1034 2780 1227 2847 angeli,

490 2864 620 2929 Quid
658 2875 795 2918 astra
838 2876 1037 2920 stantes
1075 2869 1332 2923 cernitis?

490 2951 727 3004 Salvator
765 2954 849 3006 hic
884 2964 985 3019 est,
1028 2956 1285 3023 inquiunt,

487 3039 637 3094 .lesus
681 3042 944 3108 triumpho
985 3043 1189 3098 nobilis.

478 3135 522 3181 Α
563 3129 713 3182 vobis
730 3181 734 3183 Α
754 3130 819 3183 ad
864 3132 1096 3186 coslestia

480 3218 580 3281 Qui
611 3232 768 3286 regna
797 3236 932 3274 nunc
960 3233 1255 3291 assumptus
1281 3234 1382 3291 est,

482 3304 741 3359 Venturos
784 3306 905 3361 inde
944 3312 1127 3364 saeculi

480 3394 535 3447 lu
576 3397 680 3449 line
702 3394 888 3462 .judex'
911 3399 1163 3453 omnium.

478 3482 600 3536 limo
625 3482 878 3548 dixerant,
902 3495 953 3538 et
980 3502 1079 3541 non
1109 3503 1256 3545 mora

478 3570 648 3629 Juncti
673 3572 842 3630 choris
871 3574 1123 3641 felicibus,

478 3659 603 3712 Cum
635 3675 754 3729 rege
783 3677 961 3731 regum
990 3664 1142 3720 lucidi

478 3748 645 3801 Portis
665 3750 867 3819 Olympi
895 3754 1274 3819 approximant.

472 3836 671 3891 Emissa
703 3846 821 3891 tunc
850 3854 945 3893 vox
968 3842 1132 3907 angeli
1157 3860 1170 3893 :

462 3924 663 3989 Portas,
693 3927 783 3990 ait,
815 3942 949 3980 nunc
981 3931 1207 3996 pandite,

465 4013 530 4065 Et
558 4014 793 4069 introibit
816 4018 1041 4084 perpetis

469 4101 577 4154 Dux
594 4102 748 4170 pacis
774 4113 825 4157 et
854 4105 960 4159 Rex
986 4107 1182 4175 glorias.

472 4188 752 4256 Respondit
778 4192 889 4246 haec
918 4195 983 4246 ab
1010 4195 1204 4250 intimis

468 4276 572 4332 Vox
600 4280 739 4334 urbis
766 4282 915 4336 alma:
942 4286 1198 4340 mceuibus
1224 4305 1235 4338 :

456 4367 580 4430 Quis
610 4369 706 4423 iste
732 4386 818 4423 rex
841 4380 919 4425 est
943 4374 1141 4441 glorias,

467 4456 620 4510 intret
650 4459 750 4525 poli
779 4462 864 4527 qui
890 4462 1110 4529 januas‘l

464 4543 567 4597 Nos
590 4561 796 4615 semper
822 4551 874 4603 in
902 4554 1199 4607 coelestibus

459 4634 719 4689 Christum
748 4639 975 4695 solemus
1000 4656 1236 4710 cernere,

459 4726 523 4777 Et
544 4726 655 4793 ejus
679 4743 777 4780 una
800 4744 915 4783 cum
951 4729 1101 4787 Patre

460 4813 573 4865 Pari
600 4814 815 4868 beamur
839 4818 1029 4884 gloria.

454 4908 518 4951 At
546 4914 717 4966 przeco
742 4904 911 4970 magni
935 4906 1155 4972 judicis:

452 4988 698 5043 Dominus
727 5002 909 5058 potens
936 5008 985 5049 et
1013 4998 1160 5051 tortis
1186 5009 1289 5067 est,

443 5077 538 5140 Qui
566 5080 746 5133 stravit
772 5092 936 5135 atrum
965 5085 1014 5136 in
1044 5089 1224 5153 praalio

452 5164 618 5217 Mundi
647 5170 964 5236 triumphans
992 5174 1297 5242 principem.

454 5253 772 5323 Quapmpter
791 5257 1085 5322 elevamini,

450 5342 617 5397 Porta:
644 5360 900 5412 perennes
926 5353 1158 5418 mineris,

448 5432 669 5487 lntroeat
694 5434 803 5489 Rex
832 5439 1008 5506 gloriie

444 5521 655 5577 Virtutis
685 5536 839 5591 atque
865 5533 1059 5594 gratias.

445 5610 621 5662 Mirata
650 5614 819 5667 adhuc
840 5617 1130 5673 caelestium

440 5698 666 5764 Rcuu‘rit
689 5705 802 5757 aula
831 5705 1011 5759 civium
1041 5726 1050 5758 :

1722 562 1768 612 Λ

1716 1880 1756 1937 Β

2139 564 2285 628 Quis,
2314 563 2504 630 inquit,
2533 573 2612 617 est
2642 562 2745 616 Rex
2774 565 2972 632 gloria,

2142 650 2245 703 llex
2277 649 2373 702 iste
2400 660 2499 701 tam
2528 651 2830 705 laudabilis?

2142 739 2324 791 tlerilis
2348 748 2400 790 at
2429 753 2544 791 mox
2573 741 2786 793 buccina

2130 828 2447 892 Respondit:
2477 831 2666 881 Auctor
2696 830 2926 883 oumium

2139 918 2431 971 Altissimus
2460 919 2728 983 virtutum,
2754 930 2805 972 et
2831 920 2872 971 is

2136 1007 2240 1057 Rex
2271 1006 2379 1070 ipse
2404 1005 2563 1071 fulget
2587 1007 2785 1073 gloria.

2135 1092 2288 1144 ltictis
2317 1093 2501 1157 quibus
2537 1110 2625 1147 rex
2654 1095 2832 1161 glorite

2125 1181 2252 1233 Cum
2278 1182 2504 1249 glorioso
2530 1182 2712 1248 milite,

2132 1270 2391 1339 Ingressus
2418 1280 2500 1324 est
2527 1271 2578 1324 in
2604 1274 2799 1343 albere

2134 1362 2365 1415 Sublime
2389 1378 2601 1431 regnum
2629 1366 2825 1432 glorias.

2136 1452 2242 1515 Qua
2274 1451 2564 1504 mansiones
2590 1452 2822 1521 singulis,

2129 1540 2267 1602 Quos
2291 1540 2356 1592 de
2382 1539 2651 1606 profundis
2678 1540 2829 1595 inferi

2147 1626 2447 1694 ‘tbduxerat,
2474 1643 2567 1696 pro
2591 1632 2832 1696 congruis

2127 1740 2131 1751 ι
2171 1715 2342 1768 enavit
2368 1716 2535 1779 almus
2562 1716 2785 1771 actibus.

2152 1818 2203 1856 .c
2228 1806 2339 1870 ipse
2357 1816 2541 1858 cuncta
2572 1809 2828 1863 transiens

2130 1891 2251 1946 Coeli
2277 1892 2516 1946 micantis
2543 1895 2790 1960 culmina,

2129 1979 2205 2033 Ad
2230 1980 2493 2034 dexteram
2522 1981 2657 2036 sedit
2689 1982 2853 2037 Patris

2126 2069 2585 2136 Consempiternus
2614 2072 2797 2126 Filius.

2130 2160 2385 2213 Venturos
2411 2161 2532 2216 inde
2554 2163 2606 2228 in
2635 2163 2818 2231 gloria,

2123 2248 2280 2302 Vives
2306 2250 2459 2305 simul
2485 2266 2599 2305 cum
2626 2255 2843 2309 mortuis

2124 2337 2417 2405 Dijudicare
2446 2354 2539 2407 pro
2571 2341 2792 2404 actibus,

2117 2425 2262 2479 Justu
2292 2422 2474 2493 poténs
2500 2429 2759 2484 examine.

2116 2516 2229 2580 Quo
2256 2530 2351 2568 nos
2380 2531 2655 2583 precamur
2681 2528 2931 2587 tempore,

2116 2604 2238 2657 Jesu
2263 2605 2576 2673 Redemptor
2605 2611 2774 2675 unice,

2052 2748 2056 2752 ,
2116 2692 2253 2747 Inter
2278 2703 2392 2749 tuos
2420 2696 2471 2750 in
2501 2698 2694 2752 aethere

2121 2783 2311 2837 Servos
2340 2785 2589 2853 benignos
2616 2801 2855 2859 aggrega.

2122 2872 2193 2924 Da
2222 2874 2370 2926 nobis
2401 2873 2523 2928 illuc
2546 2874 2724 2931 sedula

2124 2964 2402 3018 Devotione
2432 2966 2664 3031 tendere,

2105 3053 2213 3116 Qua
2239 3061 2289 3105 te
2316 3054 2499 3107 sedere
2525 3069 2641 3107 cum
2668 3056 2818 3111 Patre

2110 3145 2161 3197 In
2190 3154 2315 3199 arce
2340 3148 2479 3214 regni
2506 3148 2787 3204 credimus.

2114 3233 2312 3287 Nostris
2334 3234 2404 3287 ibi
2433 3244 2537 3288 tum
2568 3239 2833 3297 cordibus.

2106 3322 2219 3374 Tuo
2247 3323 2433 3389 repleti
2460 3321 2672 3391 Spiritu,

2109 3412 2335 3466 Ostende
2361 3413 2583 3476 Patrem,
2609 3425 2661 3470 et
2687 3415 2872 3477 sufficit

2105 3500 2225 3553 llaec
2248 3502 2395 3555 nobis
2421 3518 2522 3556 una
2552 3506 2706 3560 visio.

1939 3647 2212 3705 llYMNUS
2246 3651 2348 3722 Vll.
2374 3616 2439 3706 In
2470 3653 2702 3709 Natalem
2730 3669 2912 3712 sancire
2939 3661 3111 3731 Agna.

2098 3760 2265 3815 Illuxit
2289 3763 2420 3817 alma
2449 3768 2648 3821 saaculis

2104 3847 2220 3900 Dies
2250 3853 2394 3903 beata
2424 3853 2654 3921 virginis,

2096 3935 2222 3999 Quae
2251 3947 2416 3992 morte
2446 3943 2574 3994 victa
2605 3948 2829 4013 perpetis

2105 4024 2230 4078 Vita:
2258 4029 2455 4094 recepit
2483 4032 2695 4099 gaudia.

2092 4114 2305 4169 intravit
2330 4121 2501 4187 Agnes
2526 4137 2737 4177 auream

2098 4204 2204 4257 Peli
2236 4207 2553 4275 triumphans
2581 4212 2795 4279 regiam,

2090 4293 2324 4361 Agnique
2347 4298 2524 4363 juncta
2550 4301 2791 4358 dulcibus

2090 4383 2485 4453 Congratulatur
2516 4393 2729 4458 nuptiis.

2089 4474 2322 4527 Admista
2349 4479 2506 4531 castis
2531 4481 2787 4548 virginum

2090 4562 2143 4614 ln
2170 4578 2291 4616 arce
2314 4566 2434 4619 caeli
2462 4569 2702 4634 omnbus,

2090 4654 2310 4708 Carmen
2339 4672 2528 4711 novum
2562 4661 2668 4715 Deo
2695 4663 2856 4729 Patri,

2093 4740 2307 4807 Unaque
2336 4757 2457 4798 nato
2486 4761 2749 4815 personat.

2088 4829 2374 4913 Janwigna
2406 4838 2491 4888 tali
2523 4843 2754 4904 prmmio,

2083 4919 2209 4981 Quae
2237 4918 2375 4973 ﬂuxa
2402 4924 2576 4975 mundi
2606 4941 2871 4995 prospera,

2093 5006 2415 5072 l'ompasque
2442 5011 2583 5064 smeli
2609 5016 2847 5071 sordidas
2926 5071 2931 5077 ,

2089 5099 2279 5149 Amore
2301 5096 2492 5151 Christi
2524 5114 2811 5167 spreverat.

2085 5183 2287 5235 l’ulsata
2315 5201 2411 5239 nec
2438 5187 2538 5242 neu
2568 5196 2787 5259 asperis

2080 5273 2457 5330 Adversitatum
2485 5281 2714 5348 spiculis,

2081 5360 2247 5414 Fortis
2274 5364 2373 5418 lide
2404 5382 2717 5437 perseverat,

2072 5450 2280 5504 Christo
2306 5456 2467 5506 semel
2500 5472 2651 5523 quam
2679 5473 2906 5517 voverat.

2072 5537 2245 5593 llostis
2274 5542 2417 5594 ferox
2440 5545 2505 5597 ab
2536 5550 2748 5603 artubus

2078 5629 2217 5680 Tulit
2246 5632 2423 5695 puellae
2456 5636 2680 5698 pallium,

2072 5722 2264 5776 Stulam
2294 5725 2384 5777 sed
2417 5725 2549 5780 intus
2581 5731 2802 5795 pectoris

3213 451 3315 507 626
