3862 6322
587 395 688 448 627

599 2837 870 2895 ΙΙΥΜΝΠΞ
901 2840 1030 2893 VIII.
1079 2841 1151 2893 De
1179 2841 1450 2896 Nativilate
1477 2845 1534 2898 S.
1566 2846 1774 2901 Joannis
1799 2850 2058 2916 Baptism.

1269 400 1463 456 liED/E
1507 402 1942 456 VENEI‘iABlIJS
1981 402 2129 455 ΟΝ).
2174 403 2340 452 PARS
2385 402 2467 453 Ill.
2505 433 2562 439 ——
2599 399 2794 452 ΡΑῐὶίΕ

1551 402 1942 456 sumimus
1981 402 2129 455 ΟΝ).
2174 403 2340 452 mus
2385 402 2467 453 ιιι.
2505 433 2562 439 -
2599 382 3074 452 ΡΑῐιίεκιετιαΑζ

929 512 1140 565 Auferre
1169 525 1320 563 nemo
1349 513 1598 577 quiverat.

934 598 1027 659 Qui
1056 596 1289 653 Christus
1317 613 1369 654 et
1403 602 1690 655 forinsecus

929 680 1079 733 Mittit
1110 685 1350 748 poderem
1379 689 1562 756 virgini

928 768 1068 822 llanc
1095 775 1324 825 veritatis
1353 775 1535 837 intimo

931 855 1131 910 Docens
1156 861 1393 912 amictam
1422 862 1598 914 linteo.

922 943 1130 997 Inducta
1158 947 1207 999 in
1234 948 1399 1000 :edem
1425 949 1675 1016 sordium,

923 1034 964 1084 A
991 1035 1144 1087 sorde
1173 1047 1369 1106 martyr
1401 1038 1558 1090 libera
1585 1051 1662 1092 est
1680 1077 1692 1097 ,

915 1120 1048 1184 Quin
1076 1123 1139 1175 de
1162 1123 1276 1177 loco
1305 1126 1573 1190 prostibuli

854 1198 874 1214 “’
920 1212 1136 1267 Precum
1167 1229 1383 1283 repente
1412 1219 1466 1269 ﬁt
1496 1219 1665 1271 lucus.

927 1305 1249 1360 llluminatur
1275 1310 1477 1363 ccelitus

924 1393 1142 1448 Latebra
1167 1400 1424 1464 quomlam
1452 1401 1766 1464 daemonum,

919 1481 1178 1552 Pulsoque
1203 1486 1326 1538 lethi
1358 1488 1590 1552 principe

918 1569 1047 1624 Vita:
1076 1573 1309 1628 minister
1333 1576 1581 1627 cernitur.

919 1658 1071 1712 Probi
1101 1660 1320 1724 probant
1348 1664 1625 1728 magualia,

921 1744 1184 1814 Deumque
1214 1749 1467 1800 honorant
1494 1751 1754 1817 martyris,

911 1833 1097 1886 Illusor
1120 1836 1183 1887 ad
1215 1837 1446 1891 miraculi

912 1923 1032 1978 Mox
1064 1933 1231 1978 morte
1257 1926 1409 1992 digna
1439 1927 1697 1992 plectitur.

919 2011 998 2063 Ab
1026 2005 1176 2066 infcri
1199 2028 1350 2080 quem
1377 2014 1552 2081 januis

914 2099 1110 2170 Martyr
1138 2102 1287 2155 beata
1317 2105 1592 2166 suscitans,

909 2190 998 2243 Sic
1026 2205 1119 2257 per
1144 2191 1326 2255 Lares,
1354 2207 1415 2245 ac
1447 2196 1645 2247 lerreas

910 2277 989 2330 Ad
1014 2288 1154 2330 astra
1181 2289 1356 2343 portas
1385 2282 1650 2346 prazvolat.

910 2366 1020 2428 Qua
1048 2366 1342 2420 Conditoris
1369 2369 1584 2437 gloriam

905 2453 1081 2506 Cernit
1107 2455 1184 2506 sui
1216 2469 1308 2521 per
1330 2457 1520 2509 saecula

907 2539 1046 2592 Civis
1073 2552 1124 2593 et
1151 2542 1285 2595 inter
1318 2545 1494 2610 patria:

908 2626 1147 2680 Caelestis
1177 2630 1396 2698 hymnos
1423 2632 1679 2698 concinit,

977 2712 1175 2781 Gloria,
1206 2728 1307 2770 etc.

900 2974 1194 3028 Prmcnrsor
1223 2978 1356 3029 a'tus
1386 2977 1634 3045 Luminis,

911 3066 975 3116 Et
1007 3082 1177 3130 prmco
1210 3069 1362 3122 Verbi
1393 3071 1642 3135 nascitur,

907 3154 1129 3216 Latiare,
1160 3171 1250 3208 cor
1277 3159 1526 3221 ﬁdelium,

907 3239 1201 3308 Lucemqne
1226 3244 1454 3310 gaudens
1479 3248 1675 3314 accipe.

910 3327 1139 3380 Miranda
1170 3329 1318 3394 cujus
1343 3332 1519 3384 sazculi

909 3413 1159 3464 Nativitas
1190 3430 1281 3480 per
1305 3417 1544 3478 angelum

915 3501 1137 3552 lnnotuit
1175 3504 1491 3567 parentibus.

908 3591 998 3645 Pia
1032 3591 1130 3643 ﬁde
1155 3591 1260 3657 jam
1294 3593 1542 3656 praeditis,

906 3679 1142 3734 Sublime
1167 3682 1246 3733 cui
1277 3684 1580 3735 vocabulum

907 3769 1134 3821 Joannes
1167 3771 1274 3837 ipse
1303 3771 1506 3828 Gabriel

906 3859 1146 3922 lmpouit,
1177 3869 1229 3910 et
1257 3859 1542 3913 clarissima

905 3944 1072 4011 Ipsius
1096 3955 1207 3998 acta
1238 3948 1490 4012 prmcinit.

905 4034 1002 4098 Qui
1031 4033 1209 4086 matris
1239 4034 1406 4086 adhuc
1439 4037 1679 4101 parvulus

900 4121 1065 4175 Vulva
1090 4131 1341 4184 retentus,
1373 4126 1612 4189 spiritum

902 4211 1138 4277 Percepit
1165 4212 1328 4264 almus
1354 4214 1552 4278 gratiae,

903 4299 1073 4353 Testis
1101 4300 1301 4352 futurus
1327 4303 1525 4367 gratim.

901 4388 1234 4454 Necdumque
1263 4398 1412 4440 natus
1437 4390 1539 4454 jam
1572 4391 1715 4443 dedit

899 4477 973 4528 De
999 4477 1112 4528 luce
1143 4461 1514 4535 testimonium.

899 4565 1046 4626 Quod
1076 4573 1223 4616 natus
1250 4565 1536 4616 admirabili

903 4651 1192 4718 Complevit
1221 4653 1328 4716 ipse
1357 4653 1406 4703 in
1439 4653 1619 4718 gloria.

899 4742 993 4795 llic
1025 4741 1271 4807 plurimos
1298 4756 1359 4794 ex
1389 4744 1542 4795 lsrael

902 4831 1092 4883 Christi
1125 4829 1240 4882 ﬁdei
1271 4830 1520 4892 subdidit,

900 4921 966 4973 Et
993 4920 1150 4972 corda
1182 4930 1382 4985 patrum
1411 4921 1461 4972 in
1496 4921 1645 4984 filios,

892 5013 1099 5068 Docens
1125 5022 1367 5076 superna,
1398 5012 1677 5064 transtulit.

891 5107 944 5160 In
976 5101 1109 5158 Elia:
1140 5100 1225 5169 qui
1253 5102 1434 5166 spiritu

897 5195 1049 5248 Venit
1077 5189 1370 5263 prophetas,
1401 5191 1638 5242 semitam

892 5285 1083 5336 Parare
1108 5281 1322 5338 Christo
1345 5294 1405 5332 ac
1433 5277 1672 5345 plebibus

899 5376 998 5426 laer
1027 5373 1209 5426 salutis
1237 5369 1471 5442 pandere

889 5464 1004 5528 Quo
1032 5461 1336 5514 feminarum
1374 5458 1421 5510 in
1457 5457 1578 5508 ﬁliis

888 5554 1146 5618 Propheta
1178 5552 1340 5617 major
1365 5548 1538 5603 nullus
1566 5556 1665 5608 est,

887 5642 1017 5703 Quin
1049 5640 1157 5704 ipse
1185 5640 1325 5692 miris
1357 5633 1562 5689 actibus

889 5731 1005 5780 l’lus
1036 5745 1183 5795 quam
1219 5727 1467 5795 pt‘otiltcta
1502 5724 1708 5785 claruit.

2142 511 2191 565 Α

2562 509 2814 572 liaptisma
2848 509 3165 573 poenitentirc

2558 595 2652 658 Qui
2683 595 2995 661 prmdicabat
3018 610 3079 645 ac
3105 594 3266 653 dedit,

2555 683 2859 746 Turbasque
2884 683 3001 735 Iesu
3025 684 3227 748 gratim,

2567 770 2937 823 Illuminandas
2973 771 3178 823 obtulit.

2559 861 2835 927 Ipsumque
2865 859 3041 913 Jesnm
3079 859 3166 925 qui
3205 860 3380 910 omnia

2564 947 2758 1001 Sancto
2789 947 2965 999 lavans
2996 947 3045 998 in
3076 947 3261 1010 spiritu

2559 1035 2837 1096 Iimnndat,
2867 1036 2916 1085 in
2955 1033 3219 1086 Jordanici

2556 1122 2730 1192 Tinxit
2762 1122 2956 1176 ﬂuento
2983 1123 3222 1186 gurgitis.

2558 1209 2616 1261 Et
2640 1210 2898 1275 baptizata
2937 1209 3172 1274 protinus

2553 1301 2744 1364 Aperta
2771 1300 2900 1351 vidit
2930 1299 3125 1350 mtbera
3141 1335 3157 1348 .

2565 1389 2725 1441 Nobis
2749 1403 2846 1442 suo
2878 1389 3190 1452 baptismate

2551 1478 2736 1532 Pandit
2768 1479 2978 1547 polique
3007 1479 3227 1548 regiam.

2554 1573 2726 1636 Atque
2753 1570 2803 1620 in
2827 1569 3071 1621 columba
3109 1567 3364 1633 Spiritum

2555 1656 2705 1708 Illum
2733 1671 2892 1721 super
2927 1655 3253 1709 descendere

2554 1745 2715 1807 Vidit,
2741 1746 2846 1798 doli
2876 1745 2961 1812 qui
2988 1744 3197 1799 nescius

2561 1835 2758 1888 Mentes
2787 1835 3006 1901 requirit
3029 1833 3320 1900 simplices.

2553 1925 2762 1976 Audivit
2788 1932 2841 1976 ct
2868 1937 3049 1976 vocem
3080 1924 3247 1974 Patris
3278 1940 3290 1972 :

2554 2011 2780 2064 Dilectus
2810 2013 2889 2064 hic
2919 2020 3001 2064 est
3029 2010 3191 2063 Filius

2556 2103 2601 2154 A
2628 2101 2844 2162 saaculo,
2873 2099 3022 2164 dixit,
3047 2113 3226 2157 meus.

2556 2194 2611 2246 In
2640 2207 2744 2260 quo
2772 2191 2896 2245 mihi
2935 2192 3244 2259 complacui.

2550 2282 2778 2336 Edoctus
2803 2283 2886 2335 bis
2914 2282 3140 2336 oraculis

2551 2370 2780 2435 Baptista
2809 2371 2990 2424 Jesum
3030 2369 3278 2436 pradicat

2546 2457 2730 2509 Natum
2769 2457 2884 2522 Dei,
2907 2459 2994 2522 qui
3027 2458 3076 2509 in
3112 2456 3310 2522 Spiritu

2554 2547 2747 2600 Sancto
2778 2545 2958 2599 ﬁdeles
2985 2545 3180 2598 abluat.

2547 2636 2681 2702 Quid
2706 2651 2879 2690 sermo
2909 2646 3086 2690 noster
3111 2634 3336 2702 amplius

2543 2728 2710 2796 uujus
2750 2735 2903 2780 canat
2950 2726 3254 2793 praeconia?-

2544 2814 2619 2866 De
2653 2827 2757 2881 quo
2790 2812 2959 2865 Patris
2986 2827 3090 2865 vox
3117 2811 3256 2864 Filio

2543 2902 2679 2955 Olim
2711 2901 2883 2954 locuta
2917 2900 3155 2968 pracinit
3181 2915 3199 2952 :

2535 2989 2610 3042 En
2640 2989 2811 3052 mitto,
2832 2987 2987 3053 dixit,
3018 2988 3283 3056 angelum,

2536 3077 2701 3130 Tuam
2731 3086 2878 3144 paret
2915 3076 3004 3143 qui
3041 3075 3300 3137 semitam,

2541 3163 2804 3232 Vultuque
2831 3170 3116 3230 prmcurrat
3153 3172 3295 3214 tuum

2547 3253 2721 3308 Solem
2753 3253 2948 3307 rubens
2972 3262 3028 3305 ut
3055 3252 3285 3306 Lucifer.

2336 3401 2608 3456 IIYMNUS
2644 3399 2733 3455 IX.
2757 3400 2833 3454 De
2858 3399 3097 3468 apostolis
3133 3397 3286 3452 Petro
3322 3409 3372 3452 et
3414 3398 3606 3452 Paula.

2542 3510 2916 3574 Apostolorum
2945 3511 3163 3577 gloriam

2547 3597 2760 3666 Hymnis
2787 3611 3035 3652 canamus
3071 3599 3280 3662 debitis,

2543 3684 2684 3738 Votis
2711 3699 2952 3739 vacemus
2990 3687 3196 3748 annuis,

2536 3774 2682 3836 .lesu,
2709 3775 2824 3828 fave
2848 3775 3178 3841 precantibus
3195 3813 3213 3836 ,

2537 3863 2760 3916 Bariona
2785 3862 2967 3917 Simon
2995 3862 3195 3926 Petrus,

2546 3950 2612 4003 Et
2635 3951 2825 4002 Doctor
2848 3951 3015 4002 almus
3041 3950 3268 4015 gentium
3290 3990 3308 4013 ,

2542 4037 2747 4090 Festiva
2777 4037 2943 4090 sarclis
2971 4037 3165 4104 gaudia.

2539 4125 2645 4180 Suo
2682 4125 2919 4178 dicarunt
2954 4127 3219 4194 sanguine.

2538 4215 2823 4282 Conjunxit
2848 4216 2973 4267 hora
3007 4217 3254 4271 transitus

2541 4303 2656 4357 Poli
2684 4312 2916 4371 petentes
2934 4304 3166 4371 januam,

2534 4394 2676 4456 Quos
2709 4402 2808 4445 una
2847 4407 3056 4460 semper
3082 4393 3313 4445 charitas

2540 4479 2729 4532 Mundo
2756 4487 2987 4532 retentos
3009 4479 3274 4547 iunxerat.

2542 4568 2881 4621 Diversitates
2909 4568 3138 4634 gentium

2535 4659 2728 4711 Errore
2760 4657 2914 4724 longo
2945 4657 3206 4722 dissonas,

2543 4749 2620 4799 Ad
2649 4746 2880 4799 veritatis
2907 4747 3123 4813 gratiam

2540 4832 2727 4886 Verbis
2756 4832 3033 4886 trahebant
3059 4834 3323 4887 consonis.

2539 4923 2783 4976 Ecclesia:
2813 4925 3054 4992 princeps
3081 4937 3228 4975 sacer

2540 5012 2594 5065 In
2622 5021 2799 5064 monte
2825 5012 3005 5065 Jesum
3028 5010 3304 5078 conspicit.

2544 5103 2841 5167 Vocemqne
2871 5100 3040 5153 Patris
3077 5099 3230 5169 igneo

2525 5192 2685 5245 Audit
2706 5191 2808 5258 poli
2839 5189 2906 5243 de
2941 5194 3134 5244 vertice

2529 5279 2792 5347 Fulgentis
2820 5279 3104 5333 ascendens
3135 5281 3241 5346 poli

2537 5369 2710 5420 Tertia
2751 5367 2940 5423 Paulus
2976 5368 3133 5431 edita,

2530 5457 2731 5508 Arcana
2757 5456 2908 5519 dixit,
2939 5457 3086 5508 alteri

2532 5545 2769 5599 Proferre
2800 5548 2923 5612 nulli
2964 5561 3078 5611 quae
3121 5546 3240 5599 licet

2526 5633 2748 5685 GreSStts
2776 5634 2966 5698 Cepha:
2998 5647 3088 5698 pcr
3120 5634 3312 5685 caerula

2524 5721 2714 5774 Christi
2737 5722 2982 5789 juvautur
3020 5721 3257 5786 dextera,

3660 400 3716 449 ΘΞ

3694 400 3742 428 3ίὲ
