3862 6366
1212 478 1401 533 SECT.
1448 482 1531 535 lll.
1576 513 1637 522 -—
1676 482 1995 538 CARMINA.
2036 516 2102 527 -—-
2140 489 2368 543 llYMNI.
3094 524 3101 528 -
3256 497 3355 550 (330

565 581 795 633 Christus
825 598 962 646 suos,
996 598 1060 637 ne
1085 588 1257 638 smculi

568 668 834 736 Demergat
858 686 1055 737 mquor,
1086 673 1254 739 erigit.

568 758 731 826 Hujus
758 760 945 824 pericla
985 764 1156 813 smculi

567 844 711 898 Vinci
738 846 839 900 ﬁde
877 848 1194 901 credentium

568 933 754 987 Paulus
783 935 952 1002 docet,
980 937 1084 1003 jam
1121 939 1392 1006 naufragos

562 1023 780 1077 Sulvans
813 1025 877 1077 ab
916 1026 1065 1078 undis
1092 1028 1276 1081 socios.

562 1112 678 1165 lmis
705 1112 883 1167 Simon
908 1129 939 1167 e
969 1114 1206 1169 ﬂuctibus
1255 1113 1259 1116 ’

562 1198 731 1251 Μυηᾱί
754 1200 928 1254 lldeles
950 1204 1226 1257 extrahens

558 1287 729 1339 Pisces
769 1289 929 1342 honos
961 1300 1015 1342 ut
1055 1291 1256 1357 liberet,

562 1376 633 1426 Ad
660 1376 785 1428 lucis
812 1378 960 1430 echrt
984 1382 1218 1446 patriam.

556 1464 750 1517 Castris
780 1466 830 1519 in
862 1468 1010 1534 hujus
1036 1472 1208 1523 saeculi

561 1554 771 1606 Manere
792 1555 966 1620 justus
994 1558 1210 1621 incolas,

555 1639 745 1695 Paulus
776 1644 945 1707 docet,
977 1649 1197 1700 tentoria

549 1729 788 1783 Texenda
830 1734 1015 1785 castris
1053 1750 1301 1802 congrua.

556 1816 822 1883 Languore
854 1820 1018 1873 fessos
1045 1825 1299 1877 transiens

547 1890 775 1956 Simonis
816 1906 996 1957 umbra
1024 1909 1285 1971 sublevat,

550 1986 761 2042 Mundat
795 1989 955 2057 lepra:
978 1994 1291 2061 contagium,

547 2074 878 2144 Claudosque
912 2094 1091 2145 gressu
1134 2082 1362 2135 roborat.

553 2161 799 2229 Magister
825 2165 961 2218 altus
989 2166 1243 2233 gentium,
1268 2160 1277 2170 ’

543 2249 652 2301 Atri
691 2248 898 2305 furores
925 2254 1157 2318 spiritus,

543 2336 898 2405 Cunctumque
924 2341 1160 2394 morbum
1187 2356 1278 2409 per
1303 2357 1394 2396 sua

548 2422 706 2490 l-‘ugat
731 2436 913 2490 pomus
935 2426 1163 2480 sudaria.

544 2510 651 2562 Nox
680 2510 873 2563 claudit
900 2514 1078 2566 ambos
1112 2529 1346 2581 carcere,

548 2598 701 2650 Pleno
730 2598 820 2651 sed
852 2584 1029 2654 aethra:
1060 2603 1275 2662 lumine.

543 2682 761 2737 Umbras
791 2684 965 2740 vident
996 2700 1049 2741 et
1086 2690 1314 2754 vincula,

542 2768 729 2823 Christi
760 2772 933 2826 vident
962 2773 1047 2841 qui
1071 2776 1311 2843 gloriam.

543 2857 801 2926 Oppressa
844 2862 985 2916 letho
1024 2878 1239 2932 corpora

546 2948 621 2998 Ad
652 2948 783 3001 lucis
806 2963 959 3002 auras
987 2940 1259 3017 suscitant,

544 3034 828 3103 llostesque
850 3035 974 3102 justi
1002 3039 1225 3104 perﬁdos

546 3122 752 3176 Abduut
781 3125 1008 3179 tenebris
1038 3127 1210 3181 inferi.

542 3210 848 3279 Praefulgido
875 3214 1035 3269 stolas
1063 3230 1185 3271 suas

540 3299 669 3363 Agni
699 3313 885 3353 cruore
913 3301 1161 3366 laverant,

545 3383 815 3440 Gustando
839 3389 1019 3443 mortis
1049 3391 1312 3458 poculum,

541 3472 721 3526 Mortis
748 3474 1067 3541 triumphant
1096 3479 1397 3547 principem.

536 3559 792 3624 Quantum
814 3563 958 3630 sequi
986 3563 1246 3621 desideret

537 3648 726 3703 Christi
756 3648 940 3705 Petrus
969 3656 1200 3724 vestigia,

536 3736 613 3788 Ad
640 3751 791 3802 quem
818 3738 993 3795 venire
1018 3756 1120 3795 non
1150 3746 1295 3800 timet

531 3826 731 3880 Scalam
753 3831 922 3883 crucis
948 3846 1040 3899 per
1058 3848 1314 3901 asperam.

540 3912 703 3979 Regni
726 3919 965 3982 perennis
990 3920 1169 3975 introit

533 3999 720 4056 Paulus
742 4018 833 4069 per
858 4019 1031 4060 ensem
1060 4010 1273 4076 regiam,

531 4088 656 4141 Nam
688 4092 771 4156 qui
807 4091 968 4147 Deum
1002 4096 1149 4150 timet
1182 4109 1338 4167 caput

531 4176 692 4231 Ferro
721 4178 944 4234 libenter
962 4183 1049 4235 dat
1068 4199 1239 4241 suum.

534 4267 622 4319 Sic
653 4268 913 4336 principes
951 4273 1216 4343 Ecclesiae,

530 4356 614 4415 Sic
640 4372 761 4410 vera
792 4362 968 4414 mundi
1002 4364 1215 4430 lumina,

531 4444 707 4498 Mortis
735 4447 991 4515 triumpho
1019 4453 1177 4506 nobili

529 4532 811 4599 Sumpsere
839 4537 1059 4602 palmam
1089 4541 1289 4608 gloria.

527 4621 741 4688 Tropaea
766 4637 982 4685 quorum
1014 4627 1228 4695 insignia

524 4712 635 4763 Jam
666 4711 827 4765 Roma
858 4713 977 4767 felix
1008 4715 1257 4785 continet,

533 4800 759 4861 Quorum
788 4815 1009 4855 coronas
1038 4806 1193 4856 totius

524 4885 679 4938 Orbis
705 4888 934 4940 celebrat
962 4892 1202 4954 ambitus,

529 4974 635 5028 Vox
676 4990 793 5043 erga
820 4988 994 5029 nostra
1027 4987 1075 5033 te
1110 4980 1290 5045 Deum,

523 5063 595 5116 'l‘e
620 5064 775 5117 corda
807 5073 977 5118 nostra
1010 5079 1310 5135 personent,

524 5150 698 5217 Teque
723 5151 771 5202 in
804 5151 905 5205 tuis
946 5153 1232 5209 mirabilem

522 5236 788 5290 Collaudet
813 5252 966 5293 omne
1000 5244 1285 5296 seculum.’

528 5324 749 5390 Christe,
775 5341 1065 5393 precamur,
1099 5340 1153 5385 ut
1185 5332 1370 5399 quibus

524 5416 724 5469 Laudes
760 5425 973 5469 ovantes
1002 5418 1239 5481 dicimus,

527 5503 716 5553 llorum
740 5500 837 5554 frui
868 5518 961 5555 nos
991 5506 1170 5559 lucidis

523 5587 690 5641 Dones
719 5605 807 5656 per
826 5606 989 5644 (svum
1027 5598 1334 5661 aspectibus.

527 5678 738 5745 llylnnis
772 5696 859 5748 per
886 5683 1094 5737 aethram
1126 5702 1182 5740 ac
1216 5689 1455 5742 suavibus

1773 588 1820 645 Α

2186 596 2547 658 Apostolorum
2572 597 2824 649 laudibus.

2179 682 2363 734 Noster
2391 683 2580 736 chorus
2622 686 2705 738 hic
2740 698 2984 737 consum:

2190 770 2402 823 Psalmis
2431 786 2649 826 canorus
2675 773 2936 837 dulcibus,

2180 858 2317 909 Zona
2350 859 2603 926 Benignus
2635 876 2787 912 aurea

2181 945 2283 997 Nos
2310 947 2454 1011 cinge
2491 948 2805 1001 castimoniae
2823 990 2834 1008 ,

2181 1036 2243 1085 Ut
2274 1045 2319 1087 te
2345 1035 2573 1089 videntes
2608 1036 2845 1088 laudibus

2181 1122 2301 1175 Tuis
2341 1138 2579 1176 vacemus
2619 1136 2872 1192 perpetes.

1875 1270 2143 1325 llYilNUS
2174 1269 2235 1325 Χ.
2272 1275 2342 1325 De
2374 1274 2611 1327 I’assione
2638 1276 2795 1327 sancti
2823 1275 3025 1328 Joannis
3058 1279 3312 1341 U.r;;...'i;.'.y-:.

2180 1398 2465 1449 Prmccssor
2503 1400 2671 1453 almus
2707 1404 2908 1465 gratim,

2180 1489 2241 1538 lit
2275 1488 2505 1539 veritatis
2538 1488 2771 1556 angelus,

2186 1574 2417 1625 Lucerna
2447 1575 2658 1635 Christi,
2688 1590 2739 1628 et
2767 1579 2986 1642 perpetis

2179 1662 2505 1728 Evangelista
2537 1664 2762 1716 luminis.

2177 1749 2465 1816 Prnphetiu:
2506 1754 2783 1818 praeconia,

2175 1837 2299 1902 Qua:
2328 1852 2470 1898 voce,
2493 1838 2591 1889 vita
2625 1848 2677 1890 et
2703 1839 2898 1891 actibus

2187 1923 2516 1987 Cantaverat,
2540 1926 2648 1978 haec
2676 1926 2859 1979 astruit

2176 2012 2354 2064 Mortis
2377 2025 2539 2063 sacras
2560 2012 2846 2079 signaculo.

2170 2098 2295 2150 Nam
2326 2097 2641 2150 nasciturum
2678 2098 2907 2159 sa'culis,

2170 2185 2439 2237 Nascendo
2462 2198 2614 2251 quem
2644 2197 2988 2250 prmvenerat,

2166 2277 2241 2326 Ac
2268 2272 2649 2339 baptizaturum
2677 2287 2771 2325 suo

2170 2358 2539 2413 Monstraverat
2558 2360 2883 2427 baptismate.

2170 2452 2393 2517 llujusce
2434 2462 2653 2504 mortem
2697 2451 2975 2509 innoxiam,

2167 2538 2274 2602 Qua
2298 2539 2396 2591 vita
2422 2537 2614 2591 mundo
2653 2538 2851 2590 reddita
2882 2550 2982 2597 est,

2169 2622 2347 2690 Signat
2384 2623 2460 2674 sui
2493 2624 2739 2692 praesagio

2169 2710 2390 2776 Baptista
2418 2719 2611 2779 martyr
2649 2713 2927 2776 sanguinis.

2170 2798 2331 2863 Quem
2359 2799 2578 2852 vinculis
2613 2809 2666 2852 et
2707 2814 2911 2853 carcere

2168 2886 2332 2939 Ferox
2361 2896 2606 2956 tyrannus
2634 2886 2853 2951 abdidit,

2161 2974 2261 3026 Sed
2297 2977 2435 3027 nulla
2468 2975 2661 3027 laedunt
2688 2974 2912 3034 vincula,

2164 3062 2323 3125 Quem
2356 3063 2485 3119 dona
2514 3062 2684 3113 cordis
2719 3063 3005 3114 sublevant.

2163 3146 2353 3201 Christi
2380 3147 2519 3201 videt
2552 3148 2638 3214 qui
2670 3149 2905 3215 gloriam,

2162 3235 2257 3299 Qui
2285 3236 2495 3301 spiritus
2522 3234 2829 3289 charismata
2851 3276 2867 3299 ,

2160 3320 2271 3373 Non
2298 3322 2431 3374 hunc
2462 3322 2687 3375 tenebrae
2712 3326 2937 3376 carceris

2162 3408 2273 3462 Non
2301 3422 2450 3476 pruna
2477 3418 2639 3463 terret
2663 3408 2918 3477 corporis.
2943 3404 2950 3409 ’

2156 3494 2320 3562 Caput
2356 3495 2518 3547 libens
2546 3497 2925 3549 sanctissimum

2155 3583 2267 3633 Jam
2297 3582 2655 3635 dissecandum
2685 3585 2918 3648 praebuit,

2158 3670 2260 3724 Nec
2285 3671 2506 3739 perdidit
2532 3672 2642 3739 pius
2677 3683 2848 3739 caput,

2163 3760 2349 3814 Verum
2387 3769 2541 3826 caput
2566 3762 2646 3813 cui
2675 3760 2907 3814 Christus
2931 3773 3026 3812 est.

2155 3848 2388 3900 Exsultat
2412 3847 2533 3900 almi
2560 3848 2767 3914 spiritus

2158 3936 2416 3989 Praeconis
2443 3944 2584 3989 artus
2608 3938 2855 4007 linquere,

2154 4024 2513 4077 Praecursionis
2539 4036 2592 4077 ut
2618 4038 2798 4086 sacra),
2843 4086 2846 4093 ,

2150 4114 2237 4166 Sic
2264 4123 2430 4178 empta
2452 4113 2587 4165 dona
2612 4113 2885 4179 compleat,

2148 4199 2271 4251 Nam
2302 4213 2453 4264 quem
2484 4213 2694 4253 manens
2723 4202 2773 4252 in
2801 4214 3014 4266 corpore

2144 4287 2454 4340 Ostendet-at
2477 4287 2782 4349 viventibus,

2153 4375 2296 4429 llunc
2325 4378 2541 4429 mortuis
2559 4376 2666 4443 jam
2694 4386 2940 4433 mortuus,
3012 4380 3045 4403 ο

2149 4462 2410 4516 Christum
2442 4464 2615 4516 venire
2644 4463 2903 4528 pradicat.

2148 4548 2295 4601 Novo
2320 4558 2622 4616 stupeseuut
2655 4549 2804 4603 inferi

2150 4637 2439 4702 [Creptionis
2468 4639 2667 4700 nuntio,

2153 4722 2388 4776 Gaudent
2415 4724 2558 4777 chori
2588 4726 2830 4785 ﬁdelium,

2140 4810 2247 4864 Una
2277 4820 2476 4877 patrum
2506 4827 2620 4864 cum
2649 4813 2894 4877 plebibus.

2147 4899 2276 4951 .lusti
2307 4901 2569 4966 propheta:
2605 4910 2657 4951 et
2684 4911 2954 4969 martyres,

2149 4990 2210 5039 Et
2238 4991 2426 5055 quique
2453 4987 2716 5041 Christum
2756 5007 2783 5042 a
2812 4996 3000 5045 smcnln

2144 5076 2287 5127 l’uris
2314 5079 2553 5129 amabant
2580 5078 2839 5145 cordibus,
3032 5070 3039 5076 ’

2149 5164 2252 5218 Piis
2278 5166 2518 5220 colebant
2544 5168 2759 5220 actibus.

2138 5253 2317 5306 Cuncti
2346 5253 2556 5307 .luannis
2586 5254 2821 5307 dulcibus

2139 5343 2260 5395 l.:eti
2294 5343 2420 5395 iiuut
2446 5343 2706 5405 aﬂ'atibus,

2140 5432 2504 5498 Christumque
2533 5444 2747 5498 poscunt
2776 5435 2917 5488 ocius

2142 5521 2271 5571 Suos
2299 5521 2471 5573 \enire
2499 5524 2561 5571 ad
2589 5522 2839 5575 servulus.

2141 5605 2437 5659 Pl’iBCUI‘SOI‘
2464 5609 2615 5669 alme,
2647 5608 2804 5660 dicito

2136 5696 2349 5757 Quando
2376 5705 2525 5759 putas
2556 5697 2813 5754 adveniet,
