3862 6338
618 1774 891 1831 IIYHNUS
930 1775 1013 1829 XI.
1056 1774 1122 1828 In
1151 1775 1328 1829 Natali
1356 1788 1542 1831 sancta:
1567 1776 1658 1831 Dei
1679 1778 1966 1831 Cenitricia.

1227 378 1425 430 DEDJE
1469 376 1907 431 VENEltABlLlS
1948 373 2094 429 Oi‘l‘.
2138 372 2305 427 PARS
2341 374 2428 425 ιιι.
2471 401 2536 413 ο-
2572 371 3038 426 PAR/ENETICA.

892 494 1152 548 Adventus
1182 492 1264 545 ille
1291 493 1377 560 qui
1411 508 1569 559 prope
1597 503 1698 554 est,

898 582 1181 644 Descende,
1213 583 1356 645 Jesu,
1388 592 1441 635 et
1477 584 1642 647 eripe.

883 671 1119 725 Tandem
1151 672 1468 738 Redemptor
1500 672 1686 738 paruit.

883 762 1180 826 Omnesque
1210 761 1261 811 in
1293 776 1447 811 unum
1484 770 1805 826 congregans

878 849 1012 900 Tulit
1046 849 1157 915 pios
1188 849 1252 901 ab
1279 847 1462 901 inieris

886 938 1099 1011 i’olique
1131 938 1302 1003 regnis
1331 936 1533 989 indidit.

879 1028 965 1079 Sic
994 1027 1299 1094 prcedicator
1328 1027 1580 1092 Optimus.

877 1116 1193 1183 Magnusque
1218 1114 1484 1167 Christum
1518 1112 1736 1180 prtevitts

881 1204 1159 1269 Postquam
1191 1204 1405 1256 retentis
1431 1217 1673 1268 corpore,

870 1291 1149 1359 Postquam
1177 1292 1398 1345 canebat
1426 1294 1658 1344 mortuis.

876 1384 1107 1435 Ducente
1134 1379 1343 1435 Christo
1374 1384 1423 1433 in
1454 1384 1649 1434 rethera

874 1473 1067 1525 Omnes
1099 1470 1325 1524 ﬁdelium
1356 1473 1573 1534 choros,

873 1561 1005 1613 Cum
1033 1560 1237 1614 caeteris
1268 1561 1520 1628 perennia

863 1646 1079 1701 Intravit
1108 1650 1220 1717 ipse
1250 1649 1299 1701 in
1326 1649 1530 1716 gaudia.

871 1906 1088 1969 Adesto,
1119 1907 1350 1975 Christe,
1381 1908 1618 1975 vocibus,

861 1998 1034 2052 lnesto
1063 1999 1256 2052 nostris
1287 2000 1547 2054 mentibus
1565 2042 1579 2065 ,

867 2088 980 2141 Tua
1008 2087 1261 2155 benignus
1290 2088 1509 2141 dextera

864 2180 1066 2232 Choros
1092 2191 1373 2232 canentum
1403 2191 1637 2246 prntcge.

859 2272 956 2336 Qui
988 2282 1138 2324 natus
1166 2286 1223 2324 es
1249 2271 1316 2324 de
1343 2269 1573 2339 Virgine,
1599 2252 1616 2267 ’

862 2360 1061 2413 Nostra:
1083 2360 1265 2413 salutis
1290 2360 1476 2428 gratia,

870 2447 940 2499 Da
968 2462 1095 2515 pura
1127 2447 1276 2500 nobis
1304 2457 1510 2515 pectora
1531 2489 1545 2511 ,

866 2537 939 2589 Da
966 2539 1196 2590 membra
1224 2546 1365 2591 casta
1391 2537 1648 2605 corporis.

864 2625 929 2678 Et
961 2633 1013 2677 tu
1044 2626 1189 2678 beata
1218 2640 1326 2693 prae
1354 2625 1627 2700 omnibus,

868 2713 1027 2782 Virgo
1058 2715 1238 2777 Maria,
1270 2714 1501 2779 feminis,

872 2803 960 2855 Dei
991 2803 1223 2856 Cenitrix
1258 2804 1475 2872 inclyta,

866 2897 1068 2949 Nostris
1101 2896 1271 2949 [arcto
1310 2898 1570 2952 laudibus.

860 2986 1050 3038 l’udica
1079 2985 1229 3052 cujus
1255 2985 1455 3038 viscera

864 3076 1053 3126 Sancto
1080 3072 1248 3124 dicata
1280 3072 1497 3137 Spiritu,

865 3160 1071 3212 havidis
1101 3169 1271 3212 ortum
1300 3160 1517 3223 semine,

865 3250 1057 3320 Regem
1091 3250 1323 3304 ferebant
1351 3253 1549 3304 saeculi.

860 3342 1018 3394 Beata
1044 3340 1193 3407 cujus
1222 3342 1381 3394 ubera

861 3432 1078 3482 Summo
1106 3428 1300 3495 repleta
1328 3444 1548 3483 munere

861 3517 1040 3569 Terris
1068 3518 1279 3570 alebant
1310 3519 1513 3570 unicam

861 3604 1038 3659 Terra:
1069 3609 1271 3673 polique
1298 3608 1541 3673 gloriam,

860 3694 1064 3746 Festiva
1094 3693 1221 3761 legis
1253 3709 1370 3758 qua:
1398 3695 1561 3746 sacris

859 3782 937 3834 Ad
965 3783 1066 3835 alta
1097 3782 1273 3849 templi
1304 3782 1501 3848 limina,

858 3869 1099 3923 tjmlestis
1128 3871 1258 3921 aula:
1288 3869 1581 3935 Principcm

864 3957 1009 4012 Ulnis
1040 3957 1202 4010 tulisti
1232 3957 1490 4013 dulcibus.

850 4048 1008 4116 Cujus
1036 4049 1151 4100 sinu
1176 4047 1284 4116 jam
1316 4048 1593 4113 parvulum

857 4141 989 4209 Magi
1019 4139 1257 4193 videntes
1288 4141 1579 4203 conditum,

858 4232 1045 4299 Itcgem
1076 4232 1339 4298 Deumque
1367 4233 1649 4287 maximum

844 4318 1000 4371 dotis
1029 4329 1309 4385 precantur
1332 4321 1568 4373 redditis.

854 4410 1120 4461 Christum
1163 4410 1335 4462 l‘crcns
1363 4411 1708 4479 Mempliitici,

859 4500 986 4561 Quae
1015 4512 1160 4550 sacra
1190 4499 1348 4551 vertis
1377 4499 1625 4565 numinis,

857 4595 1115 4657 Deumque
1144 4601 1366 4643 cernunt
1396 4594 1585 4655 exteri,

858 4680 1055 4748 Fugant
1081 4678 1161 4732 sui
1192 4694 1344 4746 quem
1378 4681 1565 4745 patria;

850 4776 975 4837 Qum
1006 4779 1193 4824 mmsta
1220 4771 1396 4822 mundi
1429 4771 1674 4838 gaudium

854 4863 983 4913 Cum
1016 4870 1162 4927 patre
1190 4861 1383 4927 Joscplt
1413 4860 1688 4929 quzeritas,

852 4949 1155 5016 Summique
1185 4950 1351 5003 Patris
1379 4950 1583 5003 milibus

852 5043 1029 5093 Uvans
1055 5028 1325 5092 sedentem
1358 5041 1615 5108 repperis.

848 5132 1009 5200 tlujus
1038 5139 1220 5199 rogatu
1253 5132 1502 5198 mysticas

851 5221 1087 5274 Christus
1117 5224 1308 5274 sedens
1341 5220 1403 5272 ad
1435 5221 1662 5287 nuptias,

858 5310 1027 5375 Aquas
1059 5311 1107 5361 in
1138 5313 1271 5362 alma
1305 5310 1569 5363 transtulit

857 5401 968 5452 \‘ini
998 5400 1231 5452 rubentis
1258 5402 1459 5468 pocula.

850 5490 1009 5556 tlujus
1040 5489 1178 5555 pium
1212 5490 1515 5556 pertransiit

853 5582 1003 5633 i-lnsis
1029 5580 1229 5633 doloris
1257 5580 1517 5645 spiritum,

860 5672 1041 5723 Natum
1078 5682 1161 5725 tuo
1192 5671 1255 5723 de
1286 5685 1504 5736 corpore

2109 490 2158 541 Λ

2106 1804 2148 1859 Β

2532 485 2697 537 Deum
2737 484 2867 536 mori
2894 462 3017 547 dum
3049 493 3295 534 cernctes

2525 573 2690 636 Quam
2724 573 2828 625 lilio
2859 572 3092 634 tonitrui,

2531 662 2712 714 (Irucis
2751 673 2933 715 tonans
2961 662 3027 716 de
3056 662 3270 721 vertice,

2525 750 2871 804 Commendat
2897 752 3094 803 Auctor
3119 749 3349 806 aetheris.

2533 839 2597 892 Ut
2624 841 2771 906 virgo
2796 850 2968 892 servet
2994 840 3271 904 virginem.

2524 926 2638 980 Nati
2667 927 2862 993 Deique
2884 928 2989 995 iam
3020 927 3116 988 tui,

2527 1025 2653 1083 υυω
2680 1020 2853 1074 cernis
2878 1020 3019 1073 almo
3048 1019 3264 1080 lumine,

2524 1109 2649 1160 l'ost
2673 1108 2785 1159 dira
2813 1108 2998 1160 mortis
3028 1107 3260 1167 vincula,

2475 1245 2483 1251 .
2526 1196 2834 1247 itesuscitati
2866 1196 3109 1262 gloriam.

2526 1286 2713 1337 Lucem
2746 1284 2847 1351 poli
2875 1299 2989 1348 qua:
3015 1281 3300 1348 conspicis,

2530 1374 2687 1426 Adire
2716 1372 2882 1425 Patris
2906 1373 3199 1434 dexteram,

2523 1465 2689 1535 Quam
2719 1464 2884 1529 prima
2914 1461 3082 1513 Patris
3109 1462 3173 1514 de
3202 1461 3317 1513 sinu

2522 1551 2713 1604 Terras
2740 1551 2886 1604 adire
2917 1552 3141 1605 videras.

2522 1639 2769 1692 Snblimis
2798 1639 2934 1693 inter
2960 1638 3231 1706 splendida

2526 1732 2894 1797 Apostolorum
2921 1730 3112 1793 sidera,

2531 1822 2784 1886 Flamma,
2820 1820 3309 1887 sacriqueSpiritus

2524 1910 2739 1978 impleta
2767 1909 2947 1963 laudes
2974 1910 3230 1962 concinis.

2523 1998 2752 2053 Laudem
2780 1998 2885 2051 Deo
2907 2012 3060 2065 quam
3087 1997 3365 2064 supplices,

2516 2088 2724 2141 Christo
2752 2095 3022 2152 canentes,
3053 2085 3341 2150 reddimus,

2520 2177 2718 2231 Christi
2741 2174 2999 2240 Genitrix,
3030 2183 3085 2228 et
3113 2183 3198 2226 tua

2518 2267 2863 2321 Commendet
2904 2265 3233 2319 intercessio.

2521 2357 2751 2423 llymnos
2777 2369 2941 2408 sacrae
2969 2369 3099 2422 quos
3129 2355 3354 2422 Virgini.

2522 2449 2776 2516 Matrique
2801 2438 2960 2502 casta:
2988 2448 3230 2516 dicimus,

2521 2542 2850 2605 Emmanuel,
2893 2551 2947 2595 tu
2976 2543 3201 2610 suscipe,

2515 2631 2784 2698 Tuamque
2812 2629 3015 2699 plebem
3046 2630 3233 2686 libera.
3295 2670 3302 2676 -

2350 2757 2617 2813 ΙΙἸΜΝΠΞ
2652 2756 2765 2811 XII.
2806 2755 2872 2810 In
2901 2747 3082 2810 Notati
3109 2760 3273 2811 satiati
3301 2760 3547 2815 Audrec.

2516 2891 2663 2945 Nunc
2685 2889 2910 2945 Andreae
2933 2891 3189 2946 solemnia

2515 2981 2669 3034 laetis
2692 2994 2944 3035 canamus
2971 2982 3208 3045 vocibus,

2518 3069 2854 3138 Apostolatus
2879 3070 3098 3139 gloriam
3151 3124 3154 3129 ,

2517 3159 2619 3223 Qui
2644 3170 2798 3213 ornat
2825 3161 3091 3230 triumpho
3118 3164 3407 3232 sanguinis,

2512 3254 2677 3318 Quem
2708 3252 2939 3320 piscibus
2970 3268 3061 3321 per
3093 3255 3297 3322 turbida

2515 3341 2641 3392 lium
2669 3349 2782 3394 rete
2808 3344 2968 3395 nectit
2994 3358 3224 3411 aequora.

2517 3429 2750 3483 Christus
2777 3431 2978 3484 vocavit
3004 3444 3120 3483 cum
3150 3434 3261 3485 suis

2512 3519 2588 3570 Ad
2620 3532 2778 3586 regna
2806 3519 2925 3572 caeli
2958 3517 3226 3573 fratribus.

2514 3606 2754 3673 Misitque
2783 3609 2886 3661 late
2911 3609 3153 3677 gentibus

2513 3695 2736 3749 Verbum
2766 3698 2947 3751 salutis
2976 3698 3226 3764 pandere,

2510 3790 2586 3838 Ac
2613 3788 2786 3841 saeculi
2815 3788 2881 3842 de
2906 3787 3149 3842 ﬂuctibus

2512 3878 2710 3930 Montes
2736 3876 2911 3930 levare
2940 3878 3202 3932 credulas.

2508 3965 2604 4028 Qui
2636 3979 2754 4017 mox
2788 3964 2907 4018 ﬁdei
2939 3966 3177 4029 lampade

2510 4053 2639 4105 Dum
2672 4053 2854 4106 lustrat
2878 4068 2996 4108 oras
3021 4054 3261 4118 Graecia,

2520 4143 2715 4210 Deique
2742 4142 2936 4196 Christi
2968 4143 3208 4212 fulgidus,

2513 4231 2715 4284 ltlrroris
2742 4232 2948 4284 umbras
2975 4232 3184 4299 eliugat,

2509 4321 2727 4374 Achaeus
2754 4324 2915 4375 armis
2939 4322 3138 4390 appetit

2512 4410 2623 4462 Dux
2656 4410 2784 4463 lucis
2812 4426 2954 4463 arma
2987 4412 3209 4474 tetricis,

2507 4500 2649 4552 Miles
2677 4499 2766 4553 Dei
2796 4500 2887 4553 sed
2915 4500 3117 4554 fortiter

2502 4590 2675 4644 Ilostis
2705 4591 2911 4657 repellit
2949 4592 3223 4657 impetum.

2500 4679 2685 4731 Pandit
2711 4680 2879 4732 crucis
2908 4681 3175 4748 mysteria,

2511 4770 2781 4837 Quaa‘dira
2815 4770 2998 4822 mortis
3024 4768 3259 4837 pristinas

2507 4832 2670 4911 Solvi‘t
2700 4868 2939 4925 pctenter
2966 4860 3190 4921 vincula,

2504 4949 2797 5015 Mundoque
2824 4950 2980 5001 vitam
3009 4948 3249 5003 contulit.

2507 5037 2642 5104 Agni
2674 5037 2829 5091 refert
2857 5046 2908 5087 et
2938 5019 3183 5099 hostiam,

2505 5126 2619 5197 Qui,
2633 5140 2730 5179 nos
2756 5126 2824 5178 ab
2852 5126 3002 5179 hoste
3031 5126 3281 5193 liberans,

2507 5217 2621 5270 Vita
2651 5217 2773 5270 beat
2801 5228 2945 5270 trans
2974 5221 3189 5278 aethera,

2508 5310 2788 5373 ltcgnoque
2814 5320 2989 5361 secum
3023 5291 3247 5376 perpeti.

2509 5398 2745 5450 Inclusus
2770 5408 2886 5451 atro
2912 5413 3123 5452 carcere

2511 5487 2663 5539 Lucis
2693 5486 2949 5550 minister,
2981 5502 3134 5539 aurea

2514 5577 2658 5627 l’ucis
2688 5577 2797 5629 vias
2828 5578 2891 5630 ad
2922 5576 3091 5629 sidera

2512 5666 2696 5719 i‘andit
2722 5667 2943 5720 catervis
2972 5665 3218 5733 plebium.
