3862 6350
169 1958 464 2017 IIYMNUS
502 1960 635 2015 XIII.
666 1961 731 2014 In
756 1965 927 2017 eodem
957 1965 1081 2030 {esto
1126 1966 1191 2017 ad
1233 1982 1429 2019 crucem
1452 1966 1723 2019 dicendus.

1228 400 1409 453 SECT.
1456 399 1536 452 Ill.
1583 427 1643 438 -—
1684 396 1997 452 CARMINA.
2038 424 2107 471 -τ-
2144 394 2351 449 ΙΙΥΜΝΙ

554 502 729 557 Casus
758 504 969 573 ﬂagellis
1000 505 1186 571 septies
1207 548 1220 571 ,

554 589 832 644 Tormenta
868 593 979 645 risit
1006 595 1195 657 omnia,

554 678 781 745 Septena
809 696 959 749 quam
992 683 1313 750 repleverunt

550 767 662 821 Jam
688 770 822 823 dona
854 775 1016 826 sancti
1047 774 1291 841 Spiritus.

551 856 782 912 Tandem
812 860 1010 915 levatus
1041 864 1090 915 in
1120 878 1358 926 crucem,

550 947 763 1002 Terram
792 952 1000 1017 reliquit
1025 953 1307 1016 sordidam,

552 1036 859 1107 Mundisque
889 1042 1013 1094 felix
1043 1043 1281 1109 passibus

546 1126 654 1180 Poli
684 1130 865 1195 petivit
885 1130 1094 1199 januas.

551 1216 771 1279 Excepit
798 1218 932 1271 alma
960 1220 1161 1278 civitas.

542 1302 888 1369 Nostrumque
918 1317 1083 1360 mater
1117 1309 1351 1360 omnium

544 1388 736 1444 Lmtata
765 1394 955 1459 Christi
982 1408 1288 1464 martyrem,

538 1479 948 1549 Apostolumque
976 1484 1281 1535 maximum.

544 1565 843 1633 Congaudet
869 1571 1037 1621 omnis
1064 1572 1257 1622 civium

537 1654 697 1707 Nobis
726 1657 917 1710 chorus
943 1660 1257 1723 cmlestium,

474 1754 477 1757 '
539 1741 707 1811 Magni
738 1746 917 1799 videns
942 1749 1190 1815 perennia

544 1831 690 1885 Nunc
716 1834 941 1887 Andrea:
966 1834 1239 1889 solemnia.

534 2092 703 2153 Salve,
740 2104 989 2159 tropaeum
1013 2081 1215 2161 gloriae,

532 2182 687 2236 Salve
715 2196 919 2236 sacrum
942 2187 1173 2238 victoria:

534 2270 769 2338 Signum,
803 2270 938 2324 Deus
964 2288 1065 2338 quo
1089 2273 1328 2341 perditun

532 2359 779 2413 Mundum
806 2362 1028 2414 redemit
1056 2372 1313 2416 mortuus.

536 2449 579 2499 υ
606 2448 830 2515 gloriosa
862 2448 1069 2517 fulgidis

531 2536 665 2588 Crux
693 2537 885 2589 emicas
917 2538 1218 2600 virtutibus,

532 2624 699 2688 Quam
721 2623 962 2677 Christus
984 2625 1093 2691 ipse
1121 2628 1314 2693 preprii

537 2711 785 2765 Membris
812 2714 1004 2766 dicavit
1028 2716 1281 2782 corporis.

531 2803 804 2869 Quondam
831 2818 993 2871 genus
1014 2807 1307 2859 mortalium

542 2893 677 2946 Metu
705 2895 979 2961 premebas
1007 2896 1221 2961 pallido,

528 2986 592 3035 At
618 2996 756 3035 nunc
779 2984 951 3047 reples
984 2983 1216 3038 fidelium

528 3074 719 3124 Amore
750 3070 869 3125 lato
891 3080 1121 3139 pectora.

536 3159 609 3211 En
637 3158 789 3212 ludus
818 3171 895 3213 est
924 3161 1247 3215 credentium

530 3247 655 3300 Tuis
686 3247 783 3301 frui
815 3248 1190 3316 complexibus,

532 3337 658 3401 Quae
688 3346 829 3390 tanta
859 3338 1029 3405 gignis
1054 3338 1262 3404 gaudia,

538 3426 725 3479 Pandis
751 3426 960 3495 polique
981 3427 1167 3493 januas

530 3514 655 3580 Quae
674 3513 975 3568 Conditoris
1002 3515 1183 3569 suavia

533 3603 941 3669 Post'membra,
971 3605 1121 3658 nobis
1148 3606 1359 3659 suavior

462 3684 463 3687 “
524 3690 592 3745 Es
621 3694 776 3746 melle
798 3692 928 3747 facta
957 3700 1009 3747 et
1029 3694 1274 3748 omnibus

525 3780 745 3834 Praelata
774 3782 950 3835 mundi
984 3784 1268 3837 honoribus

528 3867 603 3920 Te
624 3883 762 3921 nunc
789 3868 933 3921 adire
962 3870 1215 3936 gratulor,

532 3954 605 4009 Te
632 3955 902 4009 charitatis
932 3956 1161 4010 brachiis

524 4043 881 4111 Complector,
912 4045 973 4097 ad
1000 4036 1233 4099 cosléstia

526 4132 833 4185 Conscendo
862 4148 954 4201 per
981 4140 1033 4186 te
1059 4134 1268 4200 gaudia.

522 4224 610 4276 Sic
634 4232 686 4275 tu
718 4223 888 4277 libens
918 4239 1002 4278 me
1033 4226 1239 4293 suscipe

520 4312 661 4366 Illius
693 4314 831 4366 alma
858 4314 1150 4376 servulum,

520 4400 619 4465 Qui
650 4418 733 4457 me
762 4404 984 4457 redemit
1014 4419 1104 4471 per
1128 4414 1265 4456 tuam

1768 512 1815 561 Α

1762 1826 1803 1883 Β

1746 3146 1793 3207 C

2184 506 2425 572 Magister
2451 505 2583 559 altus
2608 508 2850 574 gloriam.

2178 594 2265 646 Sic
2294 592 2432 645 fatur
2454 593 2686 645 Andreas
2717 596 2887 647 crucis

2182 681 2365 733 Erecta
2389 695 2607 734 cernens
2637 698 2849 744 cornua,

2180 770 2517 835 Tradensque
2542 781 2733 824 vestem
2763 774 2935 835 militi,

2176 855 2400 911 Levatur
2430 857 2480 908 in
2512 857 2628 910 vita:
2658 859 2919 911 arborem.

2179 946 2284 998 Nec
2306 955 2475 998 cessat
2502 947 2634 998 altus
2655 947 2719 999 de
2743 962 2901 999 cruce

2178 1039 2377 1092 Docere
2400 1040 2601 1092 turbam
2632 1044 2935 1105 astantium,

2175 1130 2340 1183 Vitam
2373 1146 2648 1195 perennem
2682 1148 2800 1186 cum
2832 1135 2956 1195 Deo,

2172 1219 2385 1285 Polique
2415 1234 2627 1285 regnum
2654 1223 2903 1287 pandere.

2182 1308 2411 1372 Quorum
2445 1308 2542 1361 ﬁde
2566 1308 2672 1377 jam
2707 1310 2923 1371 fervida,

2178 1394 2465 1461 Turbznque
2490 1396 2644 1462 judex
2675 1400 2902 1475 territus,

2181 1481 2248 1533 Se
2277 1482 2547 1547 pollicetur
2578 1482 2797 1535 nexibus

2178 1567 2325 1619 llunc
2355 1568 2536 1618 mortis
2564 1576 2691 1619 atra:
2720 1572 2943 1622 solvere.

2178 1656 2243 1705 At
2272 1654 2504 1707 Andreas
2524 1658 2643 1708 cmli
2679 1657 2811 1717 vias,

2176 1742 2472 1810 [legemque
2492 1743 2633 1807 coali,
2664 1758 2723 1795 ac
2753 1745 2981 1797 dulcium

2177 1832 2455 1900 Frequenli
2484 1834 2588 1901 jam
2617 1836 2906 1888 concivium

2174 1922 2386 1975 leesti
2415 1922 2463 1974 in
2494 1938 2613 1976 arce
2641 1935 2892 1978 contuens
2917 1941 2934 1979 :

2176 2009 2319 2069 Jesu.
2355 2024 2559 2075 precor,
2584 2011 2731 2073 dixit,
2764 2015 2897 2064 bone

2176 2096 2439 2163 Magister,
2470 2098 2567 2150 ista
2594 2098 2657 2149 de
2679 2113 2856 2160 crure,

2171 2186 2250 2238 Me
2280 2200 2433 2238 nemo
2455 2186 2631 2237 vivum
2662 2186 2712 2239 in
2741 2200 2961 2252 corpore

2179 2274 2375 2327 Vinclis
2404 2274 2587 2328 solutis
2612 2275 2831 2337 auferat,

2177 2360 2326 2413 Prius
2348 2375 2519 2414 meum
2550 2375 2703 2430 quam
2734 2362 2969 2429 spritum

2165 2448 2205 2500 E
2232 2462 2389 2501 carne
2420 2456 2623 2515 raptum
2650 2451 3018 2515 assumpseris.

2174 2536 2230 2588 In
2262 2537 2542 2602 patriaeque
2572 2537 2852 2599 mmoihus,

2175 2624 2267 2676 Cui
2299 2626 2483 2690 milito,
2518 2625 2796 2679 locaveris.

2171 2714 2291 2766 Hmc
2320 2713 2474 2776 dixit,
2499 2724 2551 2766 et
2577 2713 2873 2767 caelestibus

2175 2804 2377 2856 Emissa
2411 2804 2493 2856 lux
2521 2818 2548 2855 a
2578 2804 2808 2869 sedibus,

2182 2891 2526 2943 Circumdedit
2556 2891 2896 2945 fortissimum

2167 2980 2361 3033 Christi
2389 2995 2603 3033 corusca
2628 2991 2927 3048 martyrem,

2170 3067 2532 3133 Spl'endorque
2560 3067 2673 3119 sole
2702 3067 2893 3120 clarior

2167 3157 2352 3209 Coram
2383 3154 2645 3209 manendo
2672 3154 2973 3222 plurimum,

2170 3246 2294 3311 Qua
2324 3245 2493 3312 palma
2523 3245 2601 3296 vel
2630 3258 2744 3309 quae
2768 3243 2930 3310 gloria

2172 3334 2390 3387 Crucem
2419 3340 2665 3400 sequatur
2700 3330 2886 3385 edocet

2167 3423 2302 3487 Quin
2330 3422 2393 3474 ad
2418 3424 2518 3488 poli
2550 3437 2667 3473 mox
2699 3421 2839 3473 edita

2171 3512 2451 3575 “eversus,
2483 3512 2571 3565 alti
2602 3512 2839 3578 spiritum

2175 3602 2363 3655 Secum
2402 3598 2562 3656 refert
2590 3603 2811 3667 apostoli

2166 3691 2323 3744 Nodis
2352 3692 2576 3743 solutum
2604 3692 2861 3756 corporis.

2166 3780 2275 3843 Qna
2300 3793 2415 3831 cum
2448 3780 2550 3831 tuis
2590 3778 2827 3830 fidelibus

2169 3867 2291 3920 Jesu
2324 3865 2569 3933 triumphi
2606 3865 2841 3918 carmina

2170 3958 2351 4010 Victor
2382 3956 2565 4009 beatus
2601 3955 2804 4016 saeculi,

2159 4047 2401 4100 Gaudens
2430 4046 2478 4096 in
2509 4059 2677 4095 :evum
2710 4050 3021 4107 personat.’

2166 4138 2275 4200 Qua
2305 4134 2455 4185 nobis
2482 4134 2615 4185 inter
2642 4133 2845 4199 agmina

2167 4225 2476 4279 Sublimium
2504 4224 2695 4284 felicia,

2168 4314 2262 4375 Da,
2294 4312 2522 4371 Christe,
2554 4320 2749 4361 sortem
2792 4309 3019 4375 parvulis

2177 4402 2407 4470 llymnos
2437 4400 2527 4452 tilii
2569 4398 2895 4451 canentibus.

1123 4647 1546 4723 HYMNUS
1602 4650 1730 4723 DE
1786 4649 1961 4722 DIE
2017 4647 2419 4723 JUDICII.

3274 400 3370 455 631

1745 4804 1797 4863 D
1829 4800 1947 4853 Haec
1978 4814 2276 4852 memorans
2306 4811 2533 4861 mecum,
2564 4794 2722 4849 tacito
2750 4795 2847 4847 sub
2875 4809 3141 4851 murmure
3176 4796 3319 4852 dixit

1831 4888 1977 4940 Nunc
2009 4901 2154 4954 rogo,
2186 4901 2325 4938 nunc
2354 4898 2500 4937 venae
2528 4884 2694 4936 fontes
2723 4882 2922 4959 aperite
2948 4885 3197 4949 calentes,

1818 4978 2049 5043 Dumque
2077 4992 2174 5045 ego
2215 4976 2500 5043 percutiam
2530 4974 2715 5043 pugnis
2742 4988 2831 5025 rea
2861 4982 3092 5040 pectora,
3116 4976 3201 5028 vel
3224 4975 3347 5028 dum

165 5070 305 5121 Dum
337 5066 475 5129 sedi,
501 5066 675 5119 subito
702 5066 913 5133 planctu
944 5066 1180 5119 turbatus
1208 5084 1411 5133 amaro,
1816 5068 2050 5121 Membra
2094 5068 2210 5119 solo
2239 5077 2492 5129 sternam,
2524 5066 2846 5130 meritosque
2874 5063 3023 5116 ciebo
3052 5064 3277 5133 dolores,

165 5157 422 5210 Carmina
453 5169 560 5222 pra:
587 5154 721 5208 tristi
743 5156 911 5208 cecini
938 5156 1049 5209 hare
1080 5155 1315 5223 lugubria
1348 5168 1542 5212 mente.
1818 5155 1938 5218 Vos,
1968 5170 2173 5224 precor,
2204 5156 2382 5210 elfusis
2407 5154 2650 5223 lacrymis
2682 5167 2784 5206 non
2818 5150 3015 5219 parcite
3046 5154 3243 5217 statim,

168 5246 369 5313 litpote
406 5258 823 5299 commemorans
854 5246 1111 5298 scelerum
1143 5247 1419 5299 commissa
1453 5262 1708 5312 meorum,
1825 5246 1929 5300 Sed
1961 5257 2204 5301 mmslum
2235 5246 2391 5301 salsis
2423 5247 2607 5301 faciem
2638 5246 2934 5313 perfundite
2971 5246 3152 5315 guttis.

168 5340 236 5391 Et
259 5337 499 5391 maculas
530 5338 670 5399 vitae,
698 5336 984 5403 mortisque
1018 5337 1296 5389 inamabile
1328 5347 1552 5405 tempus,
1820 5337 1883 5390 Et
1913 5347 2148 5392 reserate
2176 5339 2321 5391 nefas
2344 5338 2555 5390 Chrism
2584 5350 2705 5389 cum
2737 5350 2864 5389 voce
2902 5335 3151 5403 gementi,

171 5425 470 5493 ludiciique
497 5425 635 5479 diem
674 5424 937 5477 horrendo
965 5425 1204 5477 examine
1235 5440 1501 5493 magnum,
1818 5428 1924 5480 Nec
1950 5427 2105 5478 lateat
2136 5427 2417 5494 quidquam
2449 5428 2717 5494 culparum
2748 5427 2920 5478 cordis
2952 5426 3001 5477 in
3028 5437 3201 5478 antro.

165 5517 588 5585 l‘erpetuamque
617 5516 719 5570 reis
743 5515 963 5568 districti
989 5515 1179 5582 judicis
1210 5518 1357 5568 iram.
1818 5517 1999 5569 Omnia
2035 5517 2157 5581 quin
2190 5519 2287 5569 luci
2321 5517 2487 5568 verbis
2517 5516 2800 5567 reddantur
2828 5516 3045 5579 apertis,

168 5608 233 5667 hi
258 5620 431 5673 genus
470 5606 751 5658 humanum
783 5604 1024 5659 discretis
1052 5605 1261 5658 sedibus
1290 5621 1465 5668 omne,
1833 5606 2065 5691 l’eetqis
2098 5616 2150 5658 et
2176 5606 2382 5672 linguze,
2414 5606 2588 5657 carnis
2620 5605 2695 5658 vel
2727 5604 2940 5657 crimina
2964 5618 3121 5653 ssrva.

170 5693 372 5751 Caudi:
401 5703 698 5749 sanctorum
733 5708 953 5761 necnon,
989 5708 1271 5761 pinnasque
1299 5695 1575 5749 malorum.
1829 5697 1947 5752 Haec
1973 5707 2048 5751 est
2073 5696 2181 5751 sola
2208 5698 2347 5752 salus
2379 5697 2564 5751 anim-.e
2596 5706 2645 5750 et
2676 5710 2795 5759 spes
2824 5707 2966 5772 certa
2996 5693 3216 5757 dolenti,

166 4800 315 4853 Inter
344 4796 618 4865 florigcras
641 4794 848 4849 fecundi
879 4798 1093 4865 cespitis
1124 4798 1331 4861 herbas,

162 4887 416 4941 Flamine
444 4898 717 4940 ventorum
742 4888 1108 4941 resonantibus
1139 4889 1366 4957 undique
1391 4888 1573 4955 rantis,

160 4978 389 5032 Arboris
417 4977 715 5030 umbrifera:
754 4984 973 5029 moestus
1005 4978 1103 5030 sub
1143 4980 1369 5045 tegmine
1399 4979 1541 5032 solus
