3862 6322
601 429 698 483 635

602 540 819 591 Vulnera
851 554 964 591 cum
997 540 1232 608 lacrymis
1260 543 1457 595 medico
1488 558 1718 597 reserare
1746 559 1992 609 superno,

600 627 698 689 Qui
726 626 860 678 Solet
886 627 1059 679 allisos
1086 642 1269 681 sanare
1300 640 1349 682 et
1381 630 1583 683 solvere
1612 632 1829 683 vinctos.

599 716 881 773 Quassatos
916 728 1010 767 nec
1043 715 1400 768 vultcalamos
1427 716 1709 784 infringere
1746 718 1947 778 dextra,

598 798 701 851 Nec
723 799 810 851 lini
843 800 1045 867 tepidos
1072 802 1224 853 undis
1264 802 1593 863 exsduguere
1622 804 1811 856 fumos.

598 885 778 938 Nonne
799 886 1029 952 exempla
1060 887 1151 938 tibi
1183 887 1410 953 pendens
1433 888 1588 939 dabat
1616 889 1665 939 iu
1695 902 1849 943 cruce
1874 890 2026 950 latro,

602 973 802 1028 I‘eccati
830 987 1075 1042 quantum
1102 978 1274 1030 valeat
1299 977 1559 1032 confessio
1585 979 1740 1031 vera?

598 1063 690 1124 Qui
724 1060 818 1115 fuit
844 1078 1003 1129 usque
1030 1078 1235 1117 crucem
1280 1067 1546 1119 sceleratis
1577 1067 1764 1134 impius
1793 1069 1947 1129 actis,

598 1150 778 1202 Mortis
804 1151 855 1204 in
887 1150 1104 1204 articulo
1131 1152 1221 1205 sed
1248 1153 1406 1206 verba
1436 1156 1695 1220 precantia
1737 1156 1950 1222 clamat,

596 1239 661 1291 Et
686 1239 795 1293 solo
826 1242 1013 1313 meruit
1040 1241 1155 1294 fidei
1185 1256 1426 1295 sermone
1453 1242 1695 1301 salutem.

603 1325 729 1377 Cum
759 1325 967 1379 Christo
988 1336 1041 1378 et
1062 1336 1239 1393 portas
1270 1328 1492 1394 paradisi
1523 1328 1735 1381 intravit
1759 1338 1983 1395 apertas.

602 1413 728 1478 Cur,
754 1430 898 1481 rogo,
929 1429 1093 1479 meus,
1125 1417 1298 1469 tardas
1331 1418 1534 1471 medico
1563 1427 1613 1471 te
1635 1420 1863 1494 pandere
1890 1420 2089 1471 totam?

600 1501 693 1555 Vel
729 1519 822 1555 cur
850 1504 1042 1571 lingua,
1073 1515 1233 1568 taces,
1263 1508 1425 1559 venite
1452 1506 1572 1559 dum
1602 1517 1805 1575 tempus
1836 1499 2111 1560 habebis?‘

598 1588 820 1641 Auribus
849 1587 1188 1657 Omnipotens
1219 1601 1269 1643 te
1300 1606 1435 1644 nunc
1458 1591 1669 1645 exaudit
1698 1593 1913 1658 apertis,

598 1678 689 1732 Ille
720 1681 829 1733 dies
858 1681 1049 1744 veniet,
1076 1681 1233 1747 judex
1261 1685 1384 1734 dum
1412 1683 1617 1736 venerit
1642 1682 1808 1747 orbis,

598 1765 817 1821 Debebis
846 1784 944 1834 qua
970 1780 1024 1822 tu
1058 1770 1313 1822 rationem
1342 1769 1560 1823 reddere
1586 1769 1650 1823 de
1678 1780 1747 1823 te.

601 1854 808 1909 Suadeo
832 1858 1121 1924 pravenias
1148 1857 1391 1926 lacrymis
1417 1857 1571 1909 modo
1594 1855 1785 1925 iudicis
1814 1854 1963 1908 iram.

598 1945 730 2007 Quid
763 1953 814 1997 tu
837 1946 887 1997 in
915 1942 1069 2000 sorde
1089 1945 1252 2013 jaces,
1286 1946 1543 1999 scelerum
1572 1961 1694 1999 caro
1722 1946 1871 2011 plena
1907 1944 2123 2010 piaclis?

600 2032 705 2085 Cur
731 2042 814 2086 tua
844 2048 947 2088 non
977 2048 1162 2102 purgas
1192 2034 1430 2104 Iacrymis
1459 2044 1669 2101 peccata
1695 2033 1937 2101 profusis,

613 2124 675 2176 Et
702 2124 792 2175 tibi
821 2140 923 2177 non
950 2139 1068 2176 oras
1098 2123 1312 2191 placidae
1342 2124 1564 2176 fomenta
1597 2123 1852 2175 medelze?

598 2211 828 2265 Fletibus
854 2212 1077 2265 assiduis
1103 2222 1183 2265 est
1207 2212 1329 2265 dum
1358 2212 1474 2264 data
1513 2212 1673 2280 gratia
1704 2211 1879 2271 flendi,

597 2298 913 2353 Pmnituisse
931 2300 1073 2365 juvat
1099 2299 1188 2352 tibi
1218 2313 1354 2353 nunc
1382 2308 1434 2352 et
1463 2299 1589 2353 flere
1616 2299 1822 2352 salubre
1850 2308 1947 2351 est.

595 2386 842 2439 {Eternus
873 2387 1025 2444 fuerit
1052 2387 1285 2452 placidus
1316 2399 1365 2440 te
1392 2387 1597 2440 vindice
1621 2388 1804 2453 Iudex.

598 2474 705 2528 Nec
737 2474 875 2528 Deus
898 2475 1140 2527 a-therius
1167 2474 1243 2527 bis
1272 2475 1490 2528 crimina
1516 2474 1741 2528 vindicat
1770 2475 1884 2539 ulli,

599 2564 856 2628 Speruere
885 2572 937 2616 tu
966 2563 1070 2616 noli
1100 2565 1264 2617 venia:
1291 2564 1381 2617 tibi
1414 2572 1647 2631 tempora
1672 2572 1851 2625 certa.

593 2651 792 2714 Quanta
819 2652 966 2703 malis
997 2659 1239 2706 maneant
1260 2653 1416 2706 etiam
1444 2661 1700 2706 tormenta
1731 2662 2012 2709 memento,

593 2739 684 2793 Vel
709 2754 861 2805 quam
888 2739 1235 2793 celsitbrouus
1264 2740 1578 2794 metuendus
1604 2740 1669 2793 ab
1697 2754 1818 2793 arce
1860 2740 2117 2806 polorum,

596 2817 863 2878 Adveniet
880 2826 1058 2892 iudex,
1085 2827 1376 2879 mercedem
1404 2826 1625 2880 reddere
1654 2828 1872 2880 cunctis.

594 2911 918 2966 Pra‘current
942 2913 1084 2965 illum
1122 2914 1200 2966 vel
1225 2912 1392 2981 qualia
1416 2914 1579 2980 signa,
1616 2922 1832 2979 repente

594 3000 759 3055 Terra
809 3010 1011 3066 tremet,
1064 3010 1372 3070 ruentesque
1419 3012 1591 3067 ruent,
1648 3003 1910 3070 collesque
1959 3003 2120 3070 lique-

1788 3091 1975 3161 [scent,

593 3180 655 3233 Et
678 3193 819 3234 mare
846 3179 1065 3233 terribili
1093 3180 1373 3233 confundet
1405 3196 1670 3234 murmure
1699 3190 1920 3233 mentes.

596 3266 815 3319 Tristius
844 3275 895 3318 ct
925 3266 1114 3319 malum
1143 3267 1368 3319 tenebris
1396 3265 1668 3319 obducitur
1695 3266 1840 3319 atris.

598 3356 750 3406 Astra
779 3354 971 3407 cadunt
997 3354 1152 3407 rutilo
1179 3363 1231 3407 et
1263 3354 1413 3407 Titan
1435 3353 1749 3409 tenebrescit
1777 3354 1830 3407 in
1858 3366 1994 3417 ortu,

593 3441 789 3494 Pallida
813 3451 1116 3494 nocturnam
1150 3456 1242 3495 nec
1272 3452 1479 3509 prmstat
1505 3444 1620 3496 luna
1644 3442 1927 3501 lucernam,

592 3529 664 3582 Ile
690 3529 823 3583 etelo
845 3532 1054 3582 venient
1097 3538 1150 3582 et
1176 3529 1319 3597 signa
1347 3530 1595 3583 minantia
1636 3545 1872 3585 mortem.

600 3618 729 3671 Tum
751 3634 995 3685 superum
1025 3619 1195 3672 subito
1221 3620 1393 3672 veniet
1415 3632 1670 3672 commata
1696 3628 1941 3685 potestas,

591 3707 823 3758 (retibus
862 3704 1109 3770 angelicis
1131 3719 1303 3772 regem
1334 3706 1523 3773 stipata
1566 3720 1867 3771 supernum.

592 3796 684 3849 Ille
705 3797 893 3848 sedens
919 3796 1053 3848 solio
1078 3796 1234 3863 fulget
1262 3796 1501 3849 sublimis
1540 3796 1590 3848 in
1618 3796 1741 3858 alto,

590 3884 724 3936 Ante
750 3883 892 3934 illum
922 3884 1172 3948 rapimur,
1204 3882 1437 3936 collectis
1466 3883 1693 3950 undique
1718 3882 1924 3940 turmis.

591 3968 843 4021 Judicium
872 3979 924 4021 ut
949 3964 1123 4037 capiat
1146 3978 1411 4035 gestorum
1438 3970 1659 4037 quisque
1689 3983 1919 4022 suorum.

592 4056 676 4108 Sis
704 4071 901 4109 memor
926 4058 1082 4130 illius,
1113 4058 1198 4123 qui
1231 4065 1339 4111 tum
1370 4072 1529 4125 pavor
1555 4066 1679 4121 ante
1705 4057 1980 4130 tribtmal,-

598 4143 854 4197 l’crcutiet
882 4126 1099 4212 stupidis
1129 4154 1430 4199 cunctorum
1461 4146 1618 4198 corda
1654 4145 1897 4211 querelis.
1936 4126 1950 4144 ’

594 4232 721 4284 Ilum
752 4232 902 4285 simul
934 4234 1217 4284 innumeris
1246 4248 1418 4300 regem
1436 4234 1689 4284 comitata
1720 4234 1980 4298 polorum,

590 4321 835 4387 Angelica
865 4321 1141 4373 advenient
1164 4320 1463 4375 coelestibus
1487 4321 1687 4387 agmina
1720 4320 1917 4371 turmis.
2002 4336 2007 4339 ‘

592 4412 758 4474 Atque
787 4423 966 4462 omnes
996 4408 1183 4475 pariter
1213 4411 1450 4461 homines
1476 4420 1728 4475 cogentur
1750 4409 1931 4461 adesse
1956 4427 1968 4471 ;

590 4497 683 4562 Qui
708 4508 846 4559 sunt,
875 4500 957 4566 qui
989 4500 1208 4560 fuerant,
1242 4498 1433 4550 fuerint
1463 4499 1540 4549 vel
1572 4498 1763 4563 quique
1797 4496 1974 4559 futuri,

592 4586 889 4651 Cunctaque
914 4596 1218 4638 cunctorum
1248 4587 1451 4638 cunctis
1483 4599 1670 4636 arcana
1703 4584 1973 4650 patebunt.

590 4673 736 4737 Quod
768 4689 877 4739 cor,
901 4674 1091 4742 lingua,
1111 4687 1312 4739 manus,
1344 4674 1634 4726 tenebrosis
1658 4674 1820 4739 gessit
1846 4672 1895 4724 in
1926 4680 2110 4735 antris,

588 4763 654 4816 Et
678 4763 812 4829 quod
850 4778 985 4816 nunc
1006 4763 1231 4829 aliquem
1258 4761 1612 4816 verccundans
1642 4762 1775 4813 scire
1803 4768 2009 4812 veretur

590 4850 841 4902 Onmibus
872 4851 920 4902 in
950 4851 1121 4915 patqu
1151 4850 1343 4915 pariter
1371 4858 1494 4902 tunc
1518 4850 1652 4904 scire
1681 4849 1880 4903 licebit.

589 4936 803 5000 Insuper
832 4934 1073 5003 impletur
1100 4936 1323 4989 ﬂammis
1363 4937 1627 4989 altricibus
1658 4951 1768 5001 aer,

592 5024 723 5089 Ignis
756 5024 940 5091 ubique
962 5026 1071 5078 Suis
1100 5026 1263 5088 ruptis
1295 5026 1529 5091 regnabit
1564 5024 1799 5077 habenis.

590 5112 647 5162 Et
677 5126 780 5177 quo
808 5127 943 5165 nunc
964 5127 1052 5165 aer
1079 5112 1337 5181 gremium
1375 5112 1617 5165 diffundit
1639 5116 1813 5179 inane,

589 5210 737 5257 Ignea
778 5209 899 5253 tunc
926 5203 1127 5255 sonitus
1158 5202 1431 5268 perfundet
1463 5202 1668 5254 flamma
1700 5206 1915 5261 feroces,

587 5290 865 5343 Festinans’
882 5291 1133 5343 scelerum
1158 5305 1322 5344 saevas
1354 5292 1603 5345 ulciscere
1629 5306 1826 5344 causas.

586 5378 687 5431 Nec
712 5379 893 5431 vindex
920 5381 1072 5431 ardur
1097 5380 1341 5446 Cuiquam
1376 5391 1499 5431 tunc
1530 5394 1742 5445 parcere
1769 5389 1933 5441 curat,

588 5467 841 5519 Sardibus
870 5469 1071 5520 ablutus
1097 5469 1265 5521 veniat
1305 5470 1399 5521 nisi
1432 5470 1496 5521 ab
1525 5468 1763 5520 omnibus
1792 5470 1934 5521 illuc.

584 5554 725 5609 'I‘uuc
754 5559 917 5609 tribus
948 5568 1000 5611 ct
1029 5559 1199 5624 populi
1228 5558 1411 5611 ferient
1442 5574 1523 5611 rea
1558 5568 1759 5621 pectora
1793 5561 2002 5624 pugnis,

587 5642 755 5697 Stabit
784 5656 995 5715 uterque
1026 5647 1178 5702 simul
1208 5648 1464 5715 stupidus,
1495 5661 1791 5715 pauperque
1821 5634 2103 5715 potensque

1254 430 1449 487 unum
1493 434 1928 491 VENERABILIS
1967 436 2109 491 OPP.

2214 434 2320 488 ills
2356 434 2441 488 Ill.
2484 463 2549 475 —-
2586 434 3054 491 ΡᾹΒᾸΞΝΕΤΙΟΑ.

2148 548 2191 603 Α
2227 543 2289 593 Et
2316 546 2471 597 miser
2493 552 2545 595 et
2572 545 2734 605 dives,
2765 546 2919 597 simili
2950 546 3145 599 ditione
3175 546 3429 599 timebunt
3458 568 3467 598 :

2222 630 2431 681 Fluvios
2463 632 2753 697 ignivomus
2786 633 3000 685 miseros
3029 634 3290 699 torquebit
3315 650 3515 695 amare.

2222 718 2283 768 Et
2312 733 2512 771 vermes
2541 719 2803 783 scelerum
2830 720 3143 773 mordebuut
3165 722 3344 774 intima
3373 723 3569 777 cordis.

2220 804 2397 857 Nullus
2424 806 2494 859 ibi
2524 806 2721 858 meritis
2741 806 2953 860 conlidit
2981 807 3159 875 judice
3192 825 3437 876 praesens,

2219 894 2423 961 Siugu'a
2451 898 2539 946 sed
2570 896 2757 949 nimius
2783 898 3038 962 percurrit
3060 907 3268 964 pectora
3297 910 3469 953 terror

2224 982 2286 1032 Et
2313 992 2483 1047 stupet
2507 984 2724 1036 attonito
2751 984 2905 1037 simul
2932 986 3085 1052 impia
3118 989 3266 1040 turba
3299 989 3506 1042 timore.

2219 1072 2369 1134 Quid,
2400 1087 2537 1135 caro,
2564 1073 2683 1140 quid
2713 1074 2890 1137 facies,
2921 1076 3007 1129 illa
3035 1077 3155 1144 quid
3188 1079 3375 1133 ﬂebilis
3420 1080 3569 1141 liora,

2219 1157 2342 1222 Quae
2368 1163 2527 1212 modo
2558 1175 2633 1212 va!
2663 1161 2850 1214 misera
2874 1166 3070 1216 servire
3099 1166 3310 1219 libidine
3332 1169 3543 1233 gaudes,

2222 1242 2564 1311 Lttxurizepte
2591 1255 2689 1300 tua:
2715 1249 2939 1303 stimulis
2969 1254 3259 1319 telagitabis
3286 1257 3474 1320 acutis,

2227 1332 2376 1397 Ignea
2408 1344 2458 1384 tu
2486 1334 2685 1388 tibimet
2711 1351 2804 1388 cur
2827 1353 2926 1390 non
2960 1348 3212 1392 tormenta
3242 1342 3465 1403 timebis,

2226 1420 2551 1472 Dtnmonibns
2582 1421 2773 1475 dudum
2805 1422 3104 1492 fueramque
3132 1435 3306 1493 parata
3338 1430 3592 1497 malignis.

2221 1506 2345 1570 Qua:
2373 1518 2616 1572 superant
2643 1523 2825 1564 sensus
2853 1520 3153 1565 cunctorum
3176 1523 3229 1565 et
3254 1514 3385 1566 dicta
3414 1518 3649 1577 viruram,

2222 1592 2325 1645 Nec
2352 1608 2447 1646 vox
2476 1594 2575 1647 ulla
2601 1596 2737 1649 valet
2756 1596 2970 1651 miseras
2993 1601 3197 1654 edicere
3226 1616 3423 1668 ptenas.

2223 1680 2426 1747 Ignibus
2455 1694 2662 1737 alterum
2694 1684 2853 1748 nigris
2880 1685 2988 1738 loca
3018 1686 3169 1753 plena
3196 1688 3469 1755 gehennae,

2221 1767 2434 1833 Frigora
2465 1770 2615 1822 mista
2640 1771 2792 1823 simul
2816 1771 3125 1827 ferventibus
3152 1777 3318 1842 algida
3349 1778 3587 1831 flammis.

2149 1838 2195 1895 Β
2223 1854 2368 1907 Nunc
2408 1859 2589 1909 oculos
2619 1858 2781 1921 nimio
2807 1859 2991 1912 ﬂentes
3011 1860 3195 1913 ardore
3208 1838 3429 1927 ‘camini,

2219 1942 2367 1996 Nunc
2390 1947 2573 2006 lterum
2601 1946 2760 1997 nimio
2785 1948 3063 2000 stridentes
3093 1947 3281 2015 frigore
3309 1951 3507 2003 dentes.

2225 2032 2318 2084 His
2343 2033 2548 2085 miseris
2576 2032 2777 2087 vicibus
2798 2034 2974 2087 miseri
3001 2035 3275 2088 volvuntur
3290 2040 3348 2110 in
3376 2054 3564 2099 avum,

2220 2120 2482 2173 obscuras
2510 2122 2647 2173 inter
2677 2122 2825 2187 picea
2852 2122 3073 2189 caligine
3099 2134 3299 2178 noctes.

2219 2204 2332 2259 Vox
2366 2208 2449 2259 ubi
2480 2208 2615 2261 nulla
2645 2194 2815 2271 sonat,
2839 2207 2999 2262 durus
3027 2210 3123 2263 nisi
3146 2198 3294 2266 fletus
3315 2214 3528 2283 ubique.

2218 2293 2329 2346 Non
2358 2295 2456 2350 nisi
2486 2305 2735 2350 tortorum
2762 2295 2917 2351 facies
2944 2298 3028 2351 ubi
3068 2300 3299 2354 cernitur
3327 2302 3452 2354 ulla.

2221 2387 2334 2439 Non
2367 2389 2587 2440 sentitur
2612 2390 2679 2441 ibi
2708 2389 2983 2456 quidquam
3010 2391 3107 2442 nisi
3138 2390 3351 2459 frigora,
3376 2394 3593 2446 llamutrc

2224 2475 2374 2527 Fetor
2400 2484 2453 2528 et
2480 2476 2670 2544 ingenti
2696 2476 2927 2542 complet
2955 2479 3227 2544 putredine
3255 2495 3423 2533 nares.

2217 2564 2285 2615 Os
2321 2578 2525 2631 quoque
2547 2564 2878 2617 Ilammivom.
2904 2566 3082 2631 lugens
3109 2566 3401 2633 implebitur
3424 2568 3561 2637 igne,

2219 2652 2283 2705 Et
2309 2666 2512 2705 vermes
2538 2654 2765 2706 lacerant
2794 2654 2967 2721 ignitis
2995 2654 3232 2709 dentibus
3253 2670 3387 2711 ossa.

2218 2743 2431 2809 Insuper
2457 2752 2511 2796 et
2542 2753 2720 2808 pectus
2749 2745 2887 2797 curis
2921 2756 3189 2812 torquetur
3212 2749 3425 2809 amaris,

2216 2832 2317 2885 Cur
2340 2845 2464 2885 caro
2490 2832 2756 2885 luxurians
2779 2834 2989 2887 sibimet
3013 2835 3113 2893 sub
3142 2845 3373 2902 tempore
3402 2852 3558 2909 parvo

2218 2924 2345 2973 Atro
2381 2930 2659 2987 perpetuas
2688 2923 2965 2975 meruisset
2990 2935 3203 2977 carcere
3230 2938 3406 2989 poenas

2215 3008 2365 3061 Lucis
2391 3008 2475 3061 ubi
2506 3010 2708 3062 miseris
2735 3009 2874 3064 nulla
2900 3011 3121 3063 scintilla
3145 3012 3358 3064 relucet;

2146 3134 2190 3192 Ο
2220 3095 2322 3148 Nec
2346 3111 2463 3162 pax,
2493 3110 2588 3153 nec
2606 3096 2786 3163 pietas,
2813 3098 2919 3149 imo
2946 3110 3064 3162 spes
3092 3097 3225 3151 nulla
3251 3098 3460 3166 quietis,

2224 3183 2485 3236 Flentibus
2507 3183 2755 3246 arrident,
2784 3183 2983 3251 fugiunt
3010 3186 3191 3237 solatia
3219 3198 3423 3239 cuncta.

2214 3270 2471 3323 Auxilium
2499 3269 2666 3321 nullus
2695 3271 2849 3323 rebus
2883 3272 3150 3339 prastabit
3183 3268 3393 3335 amaris,

2206 3355 2426 3408 laetitia!
2445 3353 2601 3409 facies
2618 3354 2725 3423 jam
2753 3356 2888 3409 nulla
2911 3356 3169 3410 videbitur
3194 3358 3323 3411 illic.

2212 3444 2311 3495 Sed
2340 3444 2488 3495 dolor
2525 3451 2577 3495 et
2602 3443 2849 3510 gemitus,
2895 3443 3106 3507 stridor,
3152 3459 3313 3511 pavor
3353 3456 3405 3499 et
3433 3448 3578 3499 timor
3602 3446 3698 3498 lior-

2307 3529 2313 3536 ’
3432 3530 3583 3605 [rens,

2217 3618 2413 3682 thtlia,
2444 3617 2689 3681 tristitiae,
2718 3626 2855 3679 trux,
2889 3617 3196 3682 indignatio,
3225 3618 3461 3686 languor.

2217 3705 2561 3770 Errantesque
2588 3704 2792 3765 animae,
2829 3702 3051 3756 ﬂammis
3074 3703 3124 3755 in
3152 3718 3364 3757 carcere
3389 3718 3547 3759 ca:co.

2215 3794 2377 3845 Noxia
2405 3802 2522 3846 tunc
2543 3793 2695 3859 hujus
2714 3793 2993 3845 cessabunt
3010 3793 3193 3861 gaudia
3220 3794 3358 3846 εωρΙί
3378 3834 3392 3856 ,

2216 3882 2470 3943 Ebrietas,
2503 3882 2690 3947 epulae,
2718 3881 2874 3945 risus,
2918 3882 3222 3948 petulantia,
3251 3883 3420 3947 iocus,

2216 3971 2330 4022 Dira
2356 3972 2571 4037 cupido,
2606 3980 2756 4023 tenax
2802 3970 2972 4031 luxus,
3003 3969 3252 4023 scelerata
3282 3970 3463 4029 libido,

2212 4057 2439 4108 Somnus
2464 4058 2625 4117 iners,
2664 4066 2943 4120 torporque
2969 4056 3164 4122 gravis,
3193 4055 3389 4108 desidia
3420 4058 3575 4126 pigra,

2212 4142 2416 4196 Illicitat
2441 4142 2684 4210 quidquid
2725 4142 2877 4195 modo
2903 4143 3173 4195 delectatio
3202 4145 3392 4207 carnis,

2217 4235 2278 4283 Et
2305 4247 2439 4285 circa
2469 4234 2720 4285 scelerum
2750 4232 2937 4299 mergit
2959 4232 3215 4299 vertigine
3236 4243 3483 4287 mentem.

2212 4319 2357 4372 'I‘unc
2384 4320 2536 4373 caecis
2567 4327 2762 4386 merget
2791 4319 3017 4371 flammis
3044 4321 3156 4372 sine
3194 4319 3299 4373 fine
3340 4321 3603 4373 misellus»

2218 4407 2351 4458 Felix
2390 4421 2421 4459 ο
2446 4408 2678 4467 nimium,
2706 4419 3010 4473 semperque
3031 4405 3079 4459 in
3109 4408 3295 4459 saecula
3322 4408 3437 4459 felix

2213 4496 2306 4560 Qui
2333 4494 2445 4546 illas
2483 4494 2693 4559 effugiet
2735 4508 3003 4559 poenarum
3035 4508 3281 4562 prospere
3306 4495 3499 4559 clades,

2211 4587 2336 4637 (lum
2374 4585 2668 4650 sanctisque
2696 4584 2850 4638 simul
2885 4585 3087 4639 laetatur
3114 4589 3162 4638 in
3191 4588 3363 4639 omnia
3401 4587 3583 4641 secta!

2210 4672 2527 4739 Conjunctus
2551 4672 2760 4726 Christo
2788 4672 3019 4725 ctelestia
3050 4686 3204 4739 regna
3234 4672 3448 4727 tenebit.

2210 4764 2316 4820 Nox
2341 4763 2427 4815 ubi
2452 4763 2587 4815 nulla
2625 4764 2762 4830 rapit
2803 4762 3129 4828 splendorem
3164 4763 3292 4815 lucis
3315 4776 3547 4822 ament,

2212 4852 2321 4904 Non
2345 4852 2493 4904 dolor
2521 4858 2609 4903 aut
2636 4850 2860 4917 gemitus
2890 4850 3082 4910 veniet,
3116 4864 3212 4902 nec
3238 4852 3372 4903 fessa
3397 4859 3637 4903 senectus.

2209 4940 2318 4990 Non
2341 4940 2471 5001 sitis,
2499 4938 2719 5001 esuries,
2748 4950 2963 4989 somnus
2988 4945 3041 4989 et
3070 4952 3172 4988 non
3204 4937 3351 4988 labor
3371 4937 3518 4989 ullus.

2216 5026 2325 5077 Non
2359 5027 2535 5087 febris,
2580 5025 2764 5087 morbi,
2804 5023 2999 5086 clades,
3024 5020 3130 5075 non
3163 5022 3379 5091 frigora,
3418 5025 3636 5085 ﬂamma;

2206 5117 2401 5179 Taedia,
2442 5114 2685 5179 tristitiae,
2716 5129 2871 5177 curae,
2913 5120 3192 5175 tormenta,
3223 5113 3407 5177 ruina,

2216 5205 2473 5267 Fulmina,
2504 5206 2730 5267 nimbus,
2764 5204 2946 5266 hiems,
2978 5204 3188 5264 tenitru,
3219 5204 3329 5266 nix,
3358 5201 3569 5271 grando.
3596 5215 3685 5259 ιη’·

3420 5288 3581 5360 [αςίιδ.

2206 5382 2395 5446 Angor,
2420 5390 2714 5447 paupertas,
2743 5394 2955 5443 maeror,
2983 5394 3142 5442 mors,
3170 5393 3342 5440 casus,
3371 5387 3566 5447 egestas

2207 5470 2305 5519 Sed
2337 5484 2431 5532 pax
2461 5479 2513 5522 et
2537 5470 2720 5533 pictas,
2750 5468 2970 5531 bonitas,
3002 5467 3259 5533 opulentia
3293 5476 3495 5532 regnat,

2207 5558 2422 5617 tiattdia,
2453 5558 2661 5618 laetitim,
2704 5559 2883 5617 virtus,
2914 5557 3018 5620 lux,
3054 5557 3153 5607 vita
3187 5556 3453 5622 perennis.

2208 5647 2399 5712 liloria,
2432 5646 2558 5709 laus,
2591 5645 2816 5712 requies,
2839 5644 3003 5697 honor
3024 5653 3075 5699 et
3099 5643 3377 5699 concordia
3398 5641 3573 5707 dulcis,

2141 4449 2190 4505 D

3394 5743 3810 6236 ,Α
