3862 6354
218 438 320 491 657
1276 428 1465 481 SECT.
1506 429 1585 491 Ill.
1626 459 1693 468 —
1729 427 2022 482 CARMINA
2065 426 2278 483 DUBIA.
3241 422 3342 473 (12:8

214 548 432 609 Insuper
458 558 612 596 Omne
644 542 830 594 bonum
861 542 1055 594 cunctis
1086 541 1221 593 Deus
1245 541 1352 606 ipse
1381 540 1657 591 ministrat.

214 635 435 699 Semper
471 632 615 684 adest
663 646 909 698 prtescns,
940 640 1154 682 cunctos
1197 630 1359 688 fovet,
1404 628 1599 693 implet,
1631 627 1721 676 bo-

1567 724 1705 763 IIOI'ﬂI

1659 748 1669 763 .
1694 724 1705 760 t

217 787 511 843 Gloriﬁcat.
540 792 729 847 servat,
757 794 1052 845 veneratur,
1078 783 1263 847 diligi“
1294 790 1463 842 στηθί’
1544 713 1686 782 [nom
1716 758 1727 777 ,

218 874 457 926 Collocat
484 873 794 933 Altitbrono,
813 872 1060 936 ImtOSque
1088 870 1137 922 in
1168 868 1293 921 sedc
1323 869 1576 933 polorum,

224 963 443 1016 Praemia
474 960 732 1029 perpetuis
763 960 966 1012 tradens
996 959 1227 1010 cmlestia
1257 957 1425 1008 donis.

226 1048 496 1115 Angelicas
523 1048 657 1099 inter
681 1057 877 1099 turmas
901 1054 1206 1110 sanctasque
1228 1042 1488 1095 cohortes.

222 1134 467 1189 Vatidicis
486 1134 689 1200 junctos
714 1133 1015 1199 patriarchis
1041 1141 1193 1198 atque
1223 1130 1503 1196 prophetis,

221 1222 361 1274 Inter
383 1223 687 1287 apostolicas
722 1223 909 1273 animis
935 1221 1228 1273 laetantibus
1254 1234 1420 1271 arces.

217 1312 389 1375 Atque
418 1310 549 1362 inter
577 1310 739 1361 roseis
767 1308 1089 1375 splendentia
1117 1316 1284 1360 castra
1318 1308 1610 1367 triumphis,

219 1397 449 1449 Candida
480 1399 707 1463 virgineo
735 1397 887 1449 simul
919 1398 1050 1449 inter
1078 1374 1277 1462 agmina
1312 1396 1458 1447 ﬂore.

218 1484 348 1546 ρυω
378 1486 531 1536 trahit
557 1486 690 1535 alma
718 1485 807 1535 Dei
840 1484 1071 1537 Genitriv
1091 1530 1103 1542 ,
1126 1486 1203 1549 pia
1230 1485 1372 1550 virgo
1400 1482 1576 1537 Maria.

224 1572 325 1624 Per
357 1572 623 1624 benedicta
656 1571 817 1622 I‘atris
845 1570 1053 1636 fulgenti
1088 1585 1239 1635 regna
1272 1580 1473 1634 paratu,

224 1656 365 1709 Inter
386 1665 439 1709 et
467 1657 705 1710 Ecclesia:
730 1665 957 1716 sanctos,
986 1666 1251 1722 natosque,
1281 1664 1554 1721 patresque

217 1740 359 1794 Inter
386 1751 440 1795 et
466 1738 731 1795 aetherium
761 1742 960 1793 cmlesti
992 1730 1116 1806 pace
1154 1754 1405 1793 senatum.

216 1828 351 1894 Quid
382 1844 528 1898 rogo,
558 1830 677 1896 quid
708 1829 923 1889 dut'um,
960 1828 1115 1881 Stcclo
1138 1841 1380 1880 consetur
1409 1828 1456 1878 in
1489 1829 1607 1889 isto,

1755 546 1801 600 Α
1833 539 1997 603 thue
2027 538 2138 589 illas
2166 538 2299 588 inter
2329 536 2479 587 liceat
2508 533 2736 587 habitare
2766 536 3034 592 cohortes,

1835 626 2053 680 Sedibus
2076 634 2127 677 et
2150 639 2388 690 superum
2418 636 2621 687 semper
2646 622 2869 689 gaudere
2893 623 3078 673 beatis.

1835 716 2145 769 Incolumem
2176 714 2295 766 mihi
2330 723 2378 767 te
2405 711 2595 765 Christi
2622 712 2917 763 charissima
2948 711 3135 775 proles,

1836 806 2093 874 Protegat,
2122 812 2175 856 et
2202 804 2354 854 faciat
2382 815 2588 868 semper
2617 801 2727 851 sine
2757 799 2855 849 tiae
2879 799 3105 859 beatam,

1837 893 2017 959 Meque
2046 892 2146 944 tuis
2174 890 2376 943 Christo
2408 887 2643 951 precibus
2671 884 2967 937 commenda
3010 882 3263 949 benignis.

2311 994 2559 1061 (Precatio
2584 993 2649 1044 ad
2683 992 2881 1057 Deum.)

1840 1102 1948 1157 Rex
1975 1102 2108 1153 Deus
2134 1099 2366 1159 immensi
2396 1114 2496 1163 quo
2518 1105 2720 1149 constat
2753 1094 2984 1145 machina
3010 1091 3206 1149 mundi,

1837 1190 1982 1253 Quod
2014 1190 2171 1240 miser
2201 1188 2420 1251 imploro
2451 1200 2540 1248 per
2566 1184 2829 1235 Christum
2862 1190 2909 1232 te
2957 1180 3039 1245 pic
3082 1178 3307 1231 clemens
3335 1194 3344 1224 :

1843 1280 1911 1331 Da
1937 1278 2139 1344 vigilem
2170 1288 2396 1335 sensum,
2423 1273 2527 1324 Iiex
2556 1286 2732 1335 regum
2761 1277 2941 1321 cuncta
2964 1266 3277 1332 gubernans,

1844 1364 1934 1428 Da,
1964 1378 2164 1429 precor,
2207 1361 2485 1425 ingenium,
2518 1358 2580 1408 da
2624 1357 2807 1407 mentis
2840 1355 3008 1405 lumen
3054 1352 3346 1402 honestum.

1840 1456 1920 1506 Sit
1948 1452 2071 1504 mihi
2104 1462 2238 1503 recta
2271 1448 2417 1511 ﬁdes,
2446 1455 2499 1499 et
2525 1444 2666 1496 falsis
2692 1444 2840 1495 obvia
2871 1441 3045 1501 sectis,

1840 1541 1918 1593 Sit
1945 1540 2069 1591 mibi
2109 1537 2366 1603 pratcipue
2389 1548 2588 1586 morum
2620 1531 2873 1583 correctio
2902 1540 3148 1593 prmseus,

1837 1629 1945 1681 Sitti
1980 1629 2186 1686 charos,
2220 1624 2444 1683 humilis,
2468 1635 2645 1676 verax.
2668 1616 2789 1673 eum
2838 1627 3067 1677 tempore
3104 1602 3344 1679 prudens,

1839 1713 2036 1785 Secreti
2066 1712 2271 1774 tacitus,
2299 1721 2353 1764 et
2381 1710 2567 1775 linguae
2597 1708 2812 1759 fulmine
2839 1714 3038 1767 cautus,

1769 1820 1811 1875 ῃ
1843 1804 1910 1855 Da
1938 1796 2093 1853 ﬁdum
2123 1801 2320 1853 socium
2339 1837 2353 1860 ,
2379 1798 2439 1851 da
2470 1800 2623 1849 tixum
2652 1808 2858 1861 semper
2885 1792 3125 1844 amicum.
3200 1816 3231 1829 ι-

235 1922 3347 1971 .W—W

1444 2028 2105 2129 APPENDIX.

1365 2244 1802 2319 CARMINA
1856 2242 2187 2319 DUBIA:

288 2380 557 2436 IIYMNUS
599 2360 864 2434 PRIMUS.
893 2379 962 2433 De
997 2377 1255 2429 duodecim
1276 2375 1429 2441 signis
1457 2374 1668 2426 zodiaci.

217 2464 437 2529 Primus’
452 2471 595 2522 adest
618 2469 783 2529 Aries,
814 2469 1033 2521 obscuro
1059 2466 1250 2517 lumine
1281 2464 1476 2523 labens,

217 2541 485 2594 Proximat
514 2538 642 2591 inde.
658 2550 882 2602 sequens
912 2536 1140 2601 projeeto
1164 2546 1383 2602 corpore
1414 2532 1635 2592 'I‘aurns,

220 2612 312 2661 Sic
336 2606 525 2671 gemini
564 2600 755 2672 fulgent
780 2600 1037 2672 iactantes
1064 2602 1273 2672 orbibus
1300 2600 1495 2672 ignem,

218 2664 437 2731 jEstifer
458 2682 543 2745 est
569 2664 795 2745 pandens.
826 2671 1071 2745 ferventia
1100 2668 1268 2719 sidera
1286 2664 1499 2745 Cancri,

220 2745 373 2797 Ilunc
394 2742 569 2793 subter
596 2733 796 2805 fulgens
826 2742 987 2801 serpit
1010 2737 1087 2787 vis
1110 2744 1251 2786 torva
1286 2733 1493 2805 Leonis,

221 2817 386 2876 Quem
416 2807 571 2859 rutilo
595 2800 825 2868 seiuitur
853 2800 1356 2876 collocatiscorpore
1384 2800 1557 2866 Virgo.

222 2870 355 2930 Exin
382 2875 621 2941 proiecta:
642 2875 782 2927 claro
802 2873 1077 2925 collmnine
1099 2870 1293 2941 Caelin.

222 2948 367 3012 Ipsas
384 2934 727 3010 consequitur
755 2944 927 3012 lucens
954 2942 1029 3012 vis
1056 2953 1237 3004 magna
1266 2934 1459 3002 Nepai,

221 3007 351 3065 Inde
380 3007 747 3076 Sagittipoteus
768 3007 1164 3076 dextragﬂexum
1196 3014 1332 3076 tenet
1360 3016 1560 3076 arcum,

222 3082 351 3134 Post
380 3072 513 3129 hunc
540 3072 795 3130 cornil'ero
820 3074 1164 3138 Capricornus
1195 3072 1382 3123 lumine
1410 3072 1596 3135 pergit,

222 3148 477 3200 lluntidus
500 3157 553 3197 at
578 3147 679 3197 lato
706 3146 921 3196 collucet
951 3142 1204 3208 Aquarius
1231 3140 1378 3199 orbe,

220 3215 583 3282 Squammileri
614 3222 853 3277 rectoque
883 3202 1059 3262 natant
1086 3220 1204 3260 tunc
1230 3207 1409 3259 ordine
1445 3202 1636 3257 Pisces.

2172 2396 2175 2397 ί
2221 2356 2484 2444 manus
2524 2385 2584 2439 ιι.
2636 2384 2709 2437 De
2735 2383 2982 2437 artatibus.

1838 2522 1941 2573 Ter
1967 2521 2115 2574 binos
2136 2518 2408 2582 deciesque
2446 2527 2628 2565 novent
2653 2524 2810 2582 super
2836 2508 2942 2582 exit
2973 2508 3021 2557 in
3054 2519 3217 2557 annos

1836 2590 1979 2642 Iusta
2009 2577 2367 2639 senescentum
2395 2596 2523 2648 quos
2546 2579 2719 2648 implet
2743 2578 2846 2648 vita
2874 2577 3116 2648 virorum,

1840 2657 1944 2709 llos
1970 2656 2146 2707 novies
2177 2660 2383 2717 superat
2414 2642 2630 2701 vivendo
2654 2645 2854 2717 garrula
2875 2642 3089 2717 Cornix,

1838 2725 1903 2776 Et
1927 2730 2108 2790 quater
2127 2712 2389 2788 egreditur
2412 2717 2636 2790 cornicis
2654 2714 2838 2790 saecula
2868 2712 3083 2790 Cervus,

1840 2778 2135 2857 JEri'pedem
2160 2778 2480 2857 cervumgter
2506 2784 2657 2857 vincit
2688 2781 2883 2857 Corvus
2907 2788 2965 2857 et
2986 2778 3126 2857 illum

1839 2848 2136 2925 Multiplicat
2164 2858 2339 2908 novies
2373 2853 2584 2925 Phoenix
2617 2848 2914 2924 reparabilis
2942 2848 3059 2897 Ales
3084 2887 3098 2905 ,

1839 2918 2001 2990 Quem
2031 2939 2125 2978 nos
2153 2932 2399 2987 perpetuo
2420 2921 2594 2973 decies
2616 2918 3114 2990 pravortituusscvo

1841 2978 2497 3064 Symth_Il'amadryades
2524 2978 2753 3064 .qu‘arum
2784 2978 3080 3060 longissima
3110 2978 3207 3031 vita
3253 2982 3336 3030 est

1841 3050 2203 3115 Iliae-cohibet
2231 3050 2357 3108 Iinis'
2374 3050 2567 3106 vivacia
2598 3052 2727 3102 freta
2756 3050 3090 3100 animantum.

1840 3132 2036 3184 Cretera
2066 3124 2255 3180 secreti
2281 3124 2419 3177 novit
2444 3122 2579 3175 Deus
2607 3121 2797 3171 arbiter
2825 3120 2938 3169 :cvi.

226 3293 3352 3356 *Μαρακο-

1246 3404 1784 3484 DIONYSIUS
1848 3400 1974 3473 DE
2028 3371 2353 3472 ANNIS.

225 3551 358 3606 Anni
388 3550 591 3602 Domint
621 3554 865 3599 notantur
904 3546 953 3593 in
981 3539 1218 3607 prmsenti
1250 3538 1405 3599 linea,
1472 3546 1476 3551 ‘

222 3604 354 3671 Cum
385 3622 624 3669 misertus
651 3613 823 3665 mundi
871 3604 1117 3662 Dominus
1161 3609 1222 3658 ad
1254 3608 1477 3659 tollenda
1522 3604 1739 3658 crimina

220 3691 382 3741 Natus
413 3687 565 3738 homo
593 3686 675 3735 hic
704 3681 970 3744 processit,
1002 3687 1182 3729 natura
1214 3676 1383 3727 ferens
1412 3676 1636 3727 viscera.

566 3772 642 3821 Ad
681 3770 995 3821 indictione»:
1026 3764 1387 3817 inveniendam.

222 3855 357 3904 'I‘res
383 3862 583 3914 apponte
610 3845 757 3897 annis
786 3843 972 3895 Christi
997 3856 1090 3914 pro
1111 3840 1477 3914 indictionibus

226 3909 532 3985 Iiegiiiaies,
562 3924 615 3965 et
642 3915 831 3985 partire
856 3909 1287 3985 perqnindenum
1311 3919 1603 3963 numerum,

224 3974 440 4052 Absque
473 3974 611 4037 mora
643 3974 762 4033 tunc
789 3974 1121 4043 videbisqnis
1150 3984 1217 4026 sit
1242 3974 1356 4040 ejus
1385 3987 1655 4025 nolueras.

607 4071 815 4135 Quando
844 4066 1067 4121 Christus
1105 4076 1248 4117 natus
1278 4064 1358 4116 sit.

221 4157 415 4217 Quarta
444 4159 524 4202 est
558 4149 837 4199 indictione
862 4154 1007 4217 natus
1036 4141 1266 4217 Christus
1296 4139 1567 4199 Domtnus;

224 4208 347 4275 Iileo
380 4230 483 4270 tres
504 4221 828 4281 apponuntur
858 4208 1362 4281 proindictiouibus,

224 4292 299 4343 De
328 4289 475 4340 denis
502 4278 701 4337 duobus
722 4281 910 4334 Christi
937 4278 1003 4329 de
1033 4290 1279 4327 annorum
1309 4288 1547 4326 numero.

536 4374 611 4424 Ad
653 4370 957 4436 probandam
1004 4363 1429 4415 Incarnationem.

220 4455 443 4507 Ordines
470 4447 801 4501 Indictionnm
827 4444 993 4495 divide
1022 4456 1109 4507 per
1134 4438 1425 4507 quindecim
1452 4477 1466 4497 .

218 4506 278 4576 In
302 4522 383 4573 bis
412 4528 578 4570 autem
610 4515 864 4579 regulares
894 4506 1031 4579 adde
1044 4506 1213 4579 denos
1237 4518 1289 4579 et
1316 4506 1470 4563 duos,

222 4592 459 4643 I’msens
485 4586 601 4637 anni
632 4575 917 4647 apponatur
948 4578 1159 4628 indictio
1184 4575 1394 4625 ibidem.

608 4670 683 4722 Ad
709 4666 1074 4721 exhortandum
1112 4663 1357 4715 lectorem.

225 4762 493 4814 Caiculum
524 4760 608 4824 qui
639 4760 798 4809 lector
826 4758 961 4824 scire
992 4752 1168 4803 studes
1196 4760 1367 4824 mente
1410 4742 1641 4815 strenua,

224 4832 447 4883 Ordines
475 4821 806 4880 indictionum
847 4823 963 4873 alia:
988 4830 1121 4873 stent
1151 4821 1433 4877 memoriae,

224 4904 353 4962 una:
377 4900 420 4950 si
447 4898 616 4949 absint
637 4892 757 4945 anui
780 4890 967 4944 Christi
992 4890 1201 4940 amittes
1224 4886 1444 4953 ignavia.

564 4984 640 5034 Ad
676 4990 871 5046 epactas
905 4978 1036 5029 tanta
1063 4978 1398 5027 inveniendus.

225 5064 326 5115 Per
368 5074 594 5114 novenos
626 5069 780 5125 atque
816 5058 977 5110 denos
1002 5068 1170 5125 annos
1194 5053 1381 5105 Christi
1414 5053 1603 5125 divide.

227 5134 287 5183 b‘t
311 5132 446 5198 qttod
474 5128 551 5179 bis
579 5121 961 5198 superabundat
988 5121 1206 5175 extende
1239 5137 1328 5198 per
1357 5122 1616 5186 undecim,

226 5190 341 5252 I’er'
354 5198 554 5266 triginta
582 5190 849 5263 partiendo
874 5202 1083 5259 epactas
1113 5190 1363 5257 reperies.

226 5294 231 5297 ’
770 5280 896 5334 Item
938 5290 989 5330 ut
1028 5296 1199 5346 supra.

225 5366 696 5419 Iiecennovenalem
727 5362 938 5413 Pascha:
962 5373 1117 5413 unum
1146 5367 1337 5410 tantum
1363 5358 1627 5411 subtrahe.

227 5438 323 5485 I'er
351 5435 579 5486 undenos
608 5432 897 5497 ampliahis,
924 5443 1013 5492 per
1044 5428 1247 5492 triginta
1290 5428 1479 5487 divide,

225 5503 471 5567 Epactam
514 5502 671 5567 ipsius
700 5498 819 5550 anni
854 5507 1080 5561 protinus
1110 5498 1361 5548 invenies.

591 5588 667 5640 Ad
692 5596 886 5655 epactas
914 5586 1029 5637 solis
1053 5585 1388 5637 inveniendus.

227 5668 325 5722 I‘ro
350 5668 541 5735 epactis
568 5681 787 5734 namque
813 5665 935 5718 solis
964 5680 1106 5717 sume
1135 5678 1294 5717 annos
1323 5664 1541 5716 Domini

1768 3533 1811 3591 C
1845 3528 2033 3578 Ilormn
2062 3533 2295 3591 quartam
2329 3520 2407 3573 Itis
2431 3530 2630 3583 appone
2655 3527 2902 3565 annorum
2931 3510 3023 3591 qui
3049 3508 3238 3591 iuerint

1843 3578 2129 3661 Iieguiares
2151 3592 2283 3644 adde
2306 3578 2511 3656 quater,
2536 3599 2627 3653 per
2651 3594 2890 3647 septenos
2920 3578 3114 3631 divide.

2407 3676 2429 3728 Ι
2439 3686 2530 3727 tem
2557 3684 2605 3723 nt
2630 3689 2686 3724 su
2694 3688 2802 3736 pra.

1840 3773 1978 3824 Tene
1999 3778 2171 3822 autem
2203 3780 2339 3820 nouo
2358 3779 2564 3829 semper
2587 3761 2843 3814 Kalendas
2875 3758 3147 3822 Aprilium.

1840 3841 1988 3890 Feri:
2017 3854 2130 3904 qua:
2158 3851 2275 3888 esse
2302 3843 2505 3904 constat
2543 3833 2683 3881 locus
2714 3837 3148 3880 concurrentnnn,

1838 3900 2088 3961 Crescunt
2126 3906 2309 3970 quibus
2340 3918 2388 3953 tu
2417 3900 2596 3952 diebus
2630 3912 2719 3963 per
2764 3904 3031 3959 septenum
3063 3904 3352 3943 numerum.

2083 3992 2153 4043 De
2184 3990 2321 4059 cyclo
2367 3990 2485 4041 solis
2522 4001 2664 4053 quem
2706 3984 2911 4052 gradum
2943 3990 3118 4034 teneat.

1840 4086 1968 4137 Octo
1992 4093 2156 4135 annos
2188 4079 2538 4133 subtrahendo
2564 4093 2655 4142 pro
2682 4075 2834 4128 solari
2862 4074 3076 4132 circulo,

1843 4153 1940 4204 I’er
1968 4154 2177 4218 vigenos
2203 4158 2253 4198 et
2279 4156 2494 4218 olitouos
2521 4146 2749 4213 reliquos
2777 4143 3012 4218 ditiseris
3030 4181 3043 4200 ,

1842 4212 2102 4273 Invenisse
2140 4226 2189 4270 te
2215 4215 2461 4282 gaudebis
2498 4217 2572 4266 sic
2598 4212 2817 4265 solarem
2848 4212 3120 4261 circulum.

2179 4305 2255 4355 Ad
2285 4302 2589 4368 probandam
2631 4307 3014 4349 concurrentem.

1843 4391 2101 4444 Circuittm
2128 4402 2175 4443 et
2208 4391 2339 4441 hunc
2368 4391 2583 4440 solarem
2615 4386 2786 4436 divide
2829 4399 2919 4449 per
2944 4393 3183 4446 quatuor,

1842 4461 2067 4513 Tandem
2093 4468 2322 4525 quartam
2350 4457 2460 4523 ejus
2495 4467 2685 4520 partem
2714 4454 2877 4505 eidem
2903 4451 3070 4525 adjici
3098 4468 3149 4510 υ,

1845 4531 1941 4582 I'er
1969 4520 2210 4597 septenos
2238 4520 2532 4586 dividendo,
2562 4535 2874 4576 concurrens
2903 4520 3181 4574 invenitur,

2184 4634 2259 4685 Ad
2285 4630 2474 4699 Cyclum
2498 4634 2629 4681 luna:
2654 4629 3011 4680 inveniendum.

1844 4721 2030 4789 Cycius
2059 4721 2192 4773 lunae
2214 4732 2398 4787 quotus
2424 4726 2593 4771 exstat
2616 4718 2657 4789 si
2693 4720 2826 4767 scire
2854 4714 3135 4772 ilesideras,

1850 4787 1983 4841 Duos
2009 4803 2171 4839 annos
2200 4802 2402 4852 semper
2431 4788 2579 4837 deme
2607 4787 2671 4836 de
2698 4797 2938 4848 supremo
2969 4794 3213 4840 numero,

1770 4832 1819 4887 υ
1845 4859 1944 4911 Per
1969 4870 2196 4909 novenos
2239 4832 2387 4906 siniul
2417 4855 2578 4905 denos
2612 4832 2807 4905 divistis
2832 4832 3107 4916 repetitur.

2018 4947 2092 4998 Ad
2122 4946 2310 5013 cyclnm
2337 4944 2575 4996 decimum
2599 4957 2785 4993 nonum
2823 4939 3179 4991 inveniendum.

1848 5036 2007 5087 Annis
2034 5034 2221 5085 Christi
2255 5046 2407 5083 unum
2440 5040 2634 5083 tantum
2675 5030 2838 5081 ritesi
2866 5027 3142 5090 addideris,

1845 5105 1942 5156 Per
1974 5116 2201 5154 novenos
2227 5112 2378 5166 atque
2404 5100 2566 5151 denOs
2598 5104 2785 5165 pariter
2814 5096 3050 5166 diviseris
3068 5132 3081 5153 ,

1846 5171 2251 5224 Decennovaletn
2277 5164 2476 5236 c'yclum
2508 5164 2740 5218 ultimum
2772 5164 3020 5229 reperies.

2324 5256 2395 5307 De
2437 5254 2542 5305 loco
2567 5262 2873 5318 epactarum.

1846 5349 2145 5413 Epactarum
2190 5347 2331 5397 iocus
2356 5351 2493 5413 patet
2520 5343 2685 5392 facilis
2713 5349 2765 5392 et
2792 5338 3114 5413 commodus,

1849 5410 1902 5467 In
1935 5418 2203 5466 Undecimo
2245 5411 2497 5465 Kalendas
2526 5414 2719 5472 positus
2752 5410 3018 5472 Aprilium,
3268 5439 3303 5452 -

1848 5490 1898 5535 in
1928 5500 2027 5549 quo
2054 5485 2167 5534 luna
2196 5496 2310 5533 cum
2338 5490 2515 5544 epacta
2560 5489 2855 5543 eoa-quatur
2883 5488 3142 5525 numeius.

2185 5567 2309 5620 Item
2329 5568 2385 5618 de
2412 5568 2781 5634 quatuordccim
2808 5566 3011 5629 opertis.

1847 5663 2031 5726 Quarta
2060 5660 2255 5715 decima
2285 5670 2479 5727 rpacta,
2508 5677 2622 5714 cum
2655 5671 2853 5713 tenetur
2881 5657 3096 5719 circulo,
