3862 6330
533 389 639 445 639

527 503 775 563 Quartam
805 496 1052 549 decimam
1081 496 1289 549 undeno
1314 496 1568 549 Kalendas
1599 494 1873 561 Aprilium,

526 575 843 634 t.omputare
872 566 1043 617 lunam
1070 565 1211 631 cogit
1238 567 1351 629 lege
1395 574 1594 630 patrum
1633 563 1906 617 sancitum.

947 651 1158 716 Quando
1187 661 1374 717 epacta:
1394 661 1640 705 crescunt.

527 742 655 794 Nam
681 751 875 807 enecta:
900 758 1016 794 enm
1040 752 1282 795 crescunt
1317 743 1378 794 ad
1407 741 1724 805 quindenum
1755 753 2050 803 numerum,

529 809 889 861 Duudenaruiu
922 810 1372 875 Kalendarumque
1402 810 1629 874 itemque
1671 809 1948 873 Aprilium,

530 875 777 940 Quartam
811 879 1064 931 decimam
1106 879 1306 929 tenebis
1334 878 1507 930 lunam
1534 878 1645 929 sine
1668 878 1844 929 dubio.

972 965 1046 1017 De
1067 966 1379 1032 paucioribus
1398 966 1602 1032 epactis.

528 1052 804 1108 Pauciores
830 1056 935 1121 jam
966 1056 1160 1121 epactis
1200 1057 1471 1109 observata
1498 1052 1692 1120 regula,

524 1124 776 1176 Crescere
805 1139 893 1188 per
922 1125 1031 1177 dies
1070 1126 1183 1177 sine
1209 1138 1369 1187 usque
1397 1123 1651 1176 decimam
1681 1129 1943 1187 quartam,

524 1192 639 1256 Ipsa
665 1193 764 1243 erit
785 1207 937 1257 quam
965 1194 1240 1260 quzcrebas
1271 1192 1452 1259 legalis
1494 1190 1741 1257 legitima.

1005 1280 1079 1331 De
1108 1280 1333 1346 pluribus
1362 1278 1567 1346 eparlis.

526 1366 687 1434 Porro
711 1368 886 1434 plures
916 1383 956 1421 SI
988 1369 1230 1420 dicuntur
1258 1368 1389 1419 ultra
1420 1364 1843 1434 quindenarium,

525 1433 641 1493 Ipso
664 1433 877 1487 numero
907 1437 1128 1489 ascende
1163 1450 1324 1503 usque
1351 1435 1707 1503 trigenarimn.

524 1504 614 1555 Sic
640 1504 703 1555 ad
734 1518 919 1557 novam
950 1500 1251 1556 inchoando
1265 1502 1328 1554 ad
1361 1500 1654 1569 paschalem
1682 1500 1981 1553 terminum.

970 1591 1164 1660 Regula
1199 1592 1363 1659 prima
1400 1591 1603 1642 mensis.

526 1677 719 1731 Pascha
749 1689 983 1731 nostrum
1027 1681 1173 1745 primi
1206 1678 1401 1731 mensis
1426 1687 1505 1730 est
1536 1674 1753 1727 tenenda
1781 1670 1982 1740 regula,

523 1747 798 1799 Christiani
827 1757 939 1811 post
966 1758 1171 1811 peracta
1204 1748 1323 1798 luna
1364 1747 1561 1798 decima
1592 1753 1793 1809 quarta,

524 1813 860 1881 Adquirioctio
897 1825 1197 1868 transcenso
1227 1817 1277 1865 in
1305 1814 1390 1865 die
1421 1812 1705 1865 Dominico.

771 1902 905 1967 Quid
945 1904 1069 1954 inter
1096 1904 1282 1970 Azyma
1309 1912 1355 1953 et
1397 1900 1595 1951 Pascha
1636 1901 1799 1951 distet.

520 1991 661 2045 Inter
688 1994 880 2060 Azyma
908 2003 959 2046 et
986 1993 1178 2045 Pascha
1206 1992 1315 2043 hrec
1340 1988 1735 2060 estdifferentia
1765 2006 1776 2039 :

525 2061 735 2114 I‘aseha:
759 2059 870 2114 dies
897 2070 978 2113 est
1006 2062 1223 2113 tenenda
1254 2061 1371 2112 luna
1404 2059 1602 2111 decima
1631 2067 1838 2124 quarta.

520 2136 833 2198 Azymorum
858 2130 945 2197 qui
982 2140 1269 2195 sequuntur
1296 2128 1514 2193 septima
1544 2126 1867 2179 solemnitas.

784 2219 1044 2279 Quomodo
1072 2221 1293 2271 variatur
1330 2232 1416 2284 per
1445 2226 1626 2284 septem
1654 2214 1780 2267 dies.

522 2310 664 2363 Luna
693 2309 896 2375 paschae
925 2309 1149 2360 variatur
1176 2310 1224 2359 in
1255 2318 1469 2375 septeno
1496 2319 1715 2357 numero
1737 2343 1752 2364 ,

525 2380 614 2430 Ilie
644 2372 744 2443 quo
773 2378 992 2430 surrexit
1019 2376 1254 2429 Christus
1283 2372 1343 2427 ac
1370 2376 1605 2428 Salvator
1634 2372 1887 2443 omnium,

520 2451 563 2500 Α
593 2440 697 2514 quo
716 2448 834 2514 jure
860 2460 1049 2499 nomen
1078 2445 1300 2512 sumpsit
1326 2452 1537 2496 sanctus
1566 2451 1618 2495 et
1647 2440 1960 2521 dominicus.

1017 2530 1092 2584 De
1117 2531 1363 2585 communi
1389 2545 1542 2583 anno.

518 2623 749 2687 Quatuor
774 2628 828 2673 et
856 2628 1201 2674 trecentorum
1230 2619 1596 2685 quinquaginta
1625 2617 1856 2687 dierum,

520 2685 722 2756 liecipit
747 2689 1038 2752 communis
1068 2703 1234 2741 annus
1257 2688 1532 2743 duodecim
1564 2685 1832 2756 mensibus
1852 2722 1872 2747 ,

523 2754 769 2812 Undecim
799 2759 864 2810 de
890 2762 1018 2810 solis
1043 2770 1196 2809 cursu
1241 2766 1540 2809 remanente
1568 2754 1775 2806 diebus.

1213 2842 1239 2894 Ι
1247 2853 1363 2895 tem.

518 2933 773 2986 Numerus
794 2932 899 2997 jam
927 2931 1251 2984 undenorum
1283 2930 1368 2983 hic
1397 2944 1489 2997 per
1518 2941 1681 2979 annos
1704 2924 1955 2993 singulos,

520 3002 597 3054 Ad
629 3002 957 3068 quaerendam
987 3002 1159 3053 lunam
1190 3013 1397 3064 Semper
1424 2998 1687 3068 annuatim
1717 2998 1941 3068 ponitur,

519 3065 704 3124 (ἐναεὸο
734 3084 958 3139 namque
981 3069 1268 3123 sortiuntur
1295 3075 1493 3132 epactae
1534 3065 1805 3119 voeabulo.

1080 3156 1155 3207 De
1184 3155 1506 3207 Embolismo.

519 3246 868 3299 limbolismus
898 3258 1021 3297 vero
1048 3244 1227 3297 decem
1254 3254 1408 3312 atque
1435 3240 1860 3312 novemdiebus,

519 3316 737 3367 Cursum
768 3314 895 3368 solis
923 3309 1338 3366 transcendendo
1368 3312 1567 3377 longior
1595 3309 1841 3371 efficitur,

522 3383 728 3437 llabens
758 3394 939 3453 quater
968 3384 1231 3451 octoginta
1266 3390 1318 3433 et
1348 3389 1677 3433 trecentenos
1706 3380 1834 3431 dies.

915 3469 991 3522 De
1014 3470 1250 3537 ()gdoade
1274 3476 1320 3520 et
1348 3466 1663 3520 Ilendccade.

524 3565 613 3617 l-Ist
643 3574 695 3617 et
717 3565 813 3617 alia
842 3564 1038 3630 praefati
1069 3562 1465 3634 circuli__divisio
1486 3601 1500 3623 ,
1781 3625 1789 3634 _

525 3634 578 3684 In
607 3649 704 3699 qua
735 3635 938 3698 Ogdoas
965 3646 1212 3684 annorum
1245 3631 1614 3699 llendecasque
1636 3631 1915 3699 qumritur,

520 3697 851 3769 Qui'mqua’re
876 3715 1084 3754 cursum
1113 3700 1239 3752 solis
1266 3710 1421 3765 atque
1451 3698 1588 3751 luna:
1627 3697 1835 3749 dicitur.

1036 3789 1111 3842 De
1138 3791 1255 3841 luna
1283 3787 1537 3841 Januarii.

521 3885 574 3934 in
606 3880 845 3934 Kalendis
870 3879 914 3932 si
943 3880 1163 3946 requiris
1188 3880 1360 3930 lunam
1388 3876 1641 3946 Januarii,

519 3954 730 4015 (lyelum
758 3963 964 4015 semper
993 3940 1191 3998 tantum
1218 3948 1352 3997 lima:
1375 3945 1720 4015 extendeper
1748 3940 2015 4003 undecim,

530 4008 834 4088 ll'egularem
864 4008 995 4069 adde
1027 4032 1182 4068 unum
1215 4030 1304 4082 per
1334 4015 1540 4081 triginta
1572 4011 1763 4066 divide.

1094 4120 1211 4174 Item
1242 4130 1292 4175 ut
1319 4138 1491 4190 supra.

519 4236 709 4309 (Tyclus
737 4248 959 4301 namque
985 4243 1301 4286 memoratur
1328 4232 1490 4282 tribus
1517 4231 1666 4309 annis
1692 4229 1905 4308 ultimis,

535 4305 836 4367 llcgularem
865 4319 965 4355 non
990 4317 1218 4369 apponas
1249 4317 1403 4352 unum
1431 4310 1487 4351 ut
1518 4305 1565 4350 in
1593 4305 1797 4351 caeteris
1819 4337 1834 4361 ,

526 4374 655 4438 Quia
682 4375 783 4425 duo
805 4384 926 4427 sunt
951 4368 1172 4438 ponendi
1203 4372 1282 4423 his
1309 4384 1429 4422 Cura
1460 4368 1714 4435 pervigili.

891 4482 955 4533 In
981 4496 1078 4549 quo
1107 4483 1248 4548 signa
1279 4480 1395 4531 luna
1432 4488 1669 4532 versetur.

520 4598 679 4667 ii‘urte
710 4592 829 4646 luna
859 4608 965 4667 quo
991 4603 1226 4645 versetur
1252 4591 1402 4657 signo
1429 4592 1471 4642 si
1501 4590 1770 4656 quaesieris
1816 4658 1826 4667 .

521 4666 679 4717 Docta
712 4672 893 4727 quater
920 4662 1032 4727 ejus
1057 4671 1181 4712 aetas
1211 4675 1300 4723 per
1332 4669 1503 4724 partes
1528 4662 1886 4722 concreverit,

521 4736 615 4786 l'er
647 4733 850 4801 triginta
884 4729 1155 4797 partiendo
1186 4740 1308 4782 tunc
1337 4728 1481 4795 signa
1522 4728 1773 4793 reperies.

1210 4816 1359 4869 Item.

522 4912 612 4964 Est
649 4911 697 4963 in
726 4909 889 4962 media
922 4909 998 4961 vel
1031 4908 1190 4974 prima
1222 4917 1455 4975 prompta
1486 4916 1830 4974 computatio,

522 4984 752 5043 bamque
778 4979 880 5031 alio
913 4979 962 5030 in
988 4979 1134 5041 signo
1164 4987 1292 5043 quot
1324 4987 1492 5041 partes
1523 4976 1793 5036 habuerit,

521 5050 617 5102 Tot
642 5047 977 5117 sequentibus
1005 5046 1190 5115 adiice,
1222 5048 1298 5098 vel
1329 5045 1543 5097 detrahe
1580 5044 1840 5096 omnibus.

912 5136 1148 5198 Quandiu
1172 5136 1220 5185 in
1250 5136 1389 5202 signa
1420 5144 1659 5185 moretur.

524 5230 843 5296 llnoquoque
872 5226 1020 5293 signo
1048 5225 1163 5277 luna
1197 5233 1394 5296 tantum
1426 5222 1569 5296 binis
1594 5222 1805 5296 diebus,

520 5290 671 5351 Senis
703 5290 847 5349 boris
877 5290 1031 5358 atque
1058 5296 1206 5346 besse
1238 5295 1493 5344 illustrare
1524 5290 1741 5352 dicitur,

518 5368 602 5419 hic
634 5382 723 5425 per
752 5364 926 5416 omnia
959 5377 1263 5428 percurrens
1294 5364 1352 5412 ad
1385 5362 1552 5427 ipsum
1585 5362 1884 5411 revertitur.

768 5458 843 5510 De
871 5459 1024 5509 tribus
1050 5460 1215 5519 annis,
1242 5458 1325 5524 qui
1350 5474 1444 5508 non
1470 5456 1809 5508 observentur.

527 5548 684 5598 Porro
710 5555 921 5599 octavus
952 5557 1003 5599 et
1033 5550 1267 5601 umlenus
1293 5558 1449 5611 atque
1477 5560 1641 5597 nonus
1668 5546 1897 5599 decimus

526 5616 771 5668 (letterale
800 5632 1153 5683 argumentum
1186 5631 1495 5668 conservare
1525 5623 1803 5680 nequeunt.

542 5696 543 5699 ‘
596 5710 599 5713 ν
646 5694 776 5740 lente
810 5686 1119 5741 embolismo
1147 5686 1267 5739 dum
1302 5686 1350 5739 in
1384 5686 1462 5739 his
1492 5686 1756 5739 inseritur.

1192 372 1387 444 aena:
1429 388 1867 446 VENERABILIS
1904 387 2007 442 om

2106 385 2266 440 PARS
2303 384 2385 440 Ill.
2430 414 2493 427 -—
2529 386 2996 451 PARENETICA.

2073 494 2122 550 Α
2698 489 2772 542 De
2794 490 2933 542 Maio
2954 503 3135 541 mense.

2156 575 2329 629 Primo
2356 577 2521 645 igitur,
2536 577 2601 645 de
2630 578 2793 631 tribus
2816 579 2967 630 annis
2996 578 3063 632 de
3083 587 3196 645 “quo
3224 577 3476 637 diximus.

2156 646 2210 696 lu
2233 645 2477 697 Maiarum
2507 644 2854 697 Kalendarum
2889 646 2985 698 hac
3008 655 3255 699 consueta
3287 646 3489 712 regula.

2153 712 2299 767 Tunc
2325 723 2506 767 octava
2534 713 2922 767 demonstratur
2949 727 3068 767 esse
3092 723 3146 768 et
3171 714 3442 769 vicesima.

2842 799 2992 855 Item.

2156 886 2504 954 Emholismns
2527 882 2643 954 quia
2664 902 2793 941 sane
2816 866 2997 942 liartio
3020 890 3284 952 inseritur.

2156 953 2387 1021 Dumque
2418 953 2565 1006 unius
2597 957 2710 1007 dies
2736 958 3028 1010 celebratur
3054 959 3269 1020 ablatio,

2152 1021 2207 1075 In
2237 1022 2415 1076 vicena
2439 1025 2726 1077 remanebit
2752 1034 2805 1077 et
2828 1034 3044 1090 septeno
3064 1042 3297 1080 numero.

2692 1112 2765 1165 De
2788 1111 2929 1164 Iulio
2956 1129 3138 1166 meme.

2154 1196 2317 1270 §imili
2350 1200 2589 1270 itemque
2606 1202 2759 1270 modo
2788 1201 3028 1255 Kalendis
3054 1204 3199 1270 Julii,

2152 1267 2237 1317 Sis
2264 1276 2535 1319 contentus
2561 1268 2625 1319 de
2654 1269 2860 1333 triginta
2893 1271 2943 1321 in
2972 1286 3160 1323 nonam
3184 1267 3467 1324 vicesiman
3492 1310 3506 1319 .

2156 1335 2443 1393 iteinanere
2467 1336 2756 1389 etnbolismi
2787 1336 2908 1390 facit
2934 1339 3279 1404 superﬂuitas.

2498 1423 2573 1476 De
2595 1426 2892 1503 embolisng's
2921 1427 3173 1479 undecimi
3198 1443 3337 1480 mtas.

2153 1512 2304 1582 Anno
2331 1512 2536 1582 undeno
2561 1514 2872 1566 embolismo
2904 1516 2953 1567 in
2983 1531 3085 1581 quo
3115 1517 3279 1582 pridie

2153 1579 2325 1631 Nonas
2353 1581 2483 1632 solet
2511 1581 2558 1631 in
2589 1583 2886 1635 Decembris
2913 1579 3069 1636 solito
3095 1579 3404 1647 accendere,

2152 1646 2301 1700 Facit
2324 1663 2438 1701 eam
2463 1659 2584 1701 tunc
2613 1650 2844 1703 recidere
2869 1651 2945 1704 sic
2972 1660 3165 1705 mutato
3192 1655 3394 1708 ordine.

2849 1735 2996 1790 Item.

2090 1806 2133 1855 Β
2156 1822 2306 1875 Ratio
2336 1837 2555 1889 namque
2583 1825 2776 1878 lunaris
2800 1826 2848 1878 in
2878 1826 3123 1881 Kalendis
3160 1827 3325 1885 Martii
3348 1869 3365 1893 ,

2150 1893 2279 1942 llum
2311 1894 2488 1955 vicena
2518 1894 2667 1945 simul
2697 1909 2831 1944 nona
2859 1906 3157 1960 computare
3186 1898 3365 1948 soleat.

2151 1960 2493 2011 Einbolismus
2519 1969 2712 2012 tantum
2745 1972 2883 2014 tenet
2908 1975 3147 2014 oczavam
3176 1964 3495 2016 vicesimam.

2612 2048 2687 2100 De
2708 2048 2900 2100 decimo
2925 2065 3054 2102 nono
3083 2066 3233 2104 anno.

2152 2139 2303 2208 Anno
2332 2139 2536 2208 decimo
2563 2148 2617 2192 et
2643 2155 2801 2205 nono,
2829 2142 2915 2208 qui
2945 2149 3024 2194 est
3053 2141 3233 2194 horum
3263 2142 3502 2205 ultimus.

2150 2207 2331 2276 Tertio
2349 2207 2473 2276 quia
2502 2208 2760 2276 Nonarum
2794 2211 3091 2262 Martiarum
3136 2211 3358 2276 ponitur,

2151 2275 2293 2328 Facit
2316 2274 2473 2329 Maias
2499 2276 2550 2328 in
2579 2275 2817 2329 Kalendis
2848 2277 2985 2331 hunc
3012 2274 3291 2344 supernum
3315 2292 3602 2333 numerum.

2715 2364 2788 2415 De
2811 2366 2945 2416 saltu
2975 2366 3128 2420 (una.

2148 2448 2266 2503 Julii
2292 2448 2515 2516 denique
2540 2453 2730 2503 mensis
2756 2453 2806 2502 in
2835 2452 2918 2503 die
2945 2452 3225 2517 trigesima.

2148 2519 2321 2571 Saltus
2342 2520 2475 2571 lunae
2502 2530 2583 2571 est
2606 2522 2855 2572 tenendus
2882 2520 3109 2586 generali
3136 2521 3335 2583 ordine,

2148 2587 2243 2648 Qui
2274 2602 2368 2654 per
2390 2589 2552 2641 denos
2574 2597 2626 2639 et
2652 2602 2888 2641 novenos
2920 2587 3056 2640 solet
3079 2603 3252 2641 annos
3278 2601 3539 2641 crescere.

2589 2676 2731 2730 Unde
2755 2678 2912 2730 saltue
2940 2678 3249 2743 conﬁciatur.

2149 2765 2300 2818 Hora:
2326 2765 2541 2831 singulae
2567 2779 2657 2830 per
2677 2779 2871 2816 annum
2899 2778 3004 2817 uno
3034 2772 3225 2829 puncto
3249 2763 3444 2827 addito,

2150 2833 2294 2884 Nona
2316 2834 2512 2886 decima
2538 2846 2655 2896 pars
2684 2835 2863 2899 puncti
2894 2841 3100 2884 constat
3130 2834 3241 2884 haec
3264 2832 3477 2885 ablatio.

2150 2901 2232 2954 Fit
2256 2915 2349 2968 per
2374 2902 2556 2955 decem
2577 2915 2761 2953 novem
2792 2900 2956 2953 annos
2980 2900 3083 2954 diei
3109 2900 3321 2955 ablatio.

2841 2988 2990 3061 Item.

2081 3099 2125 3156 ο
2156 3078 2363 3156 [uinctis
2390 3089 2531 3133 retro
2553 3093 2702 3131 annis
2729 3093 2934 3143 semper
2959 3076 3290 3156 apponuntur
3306 3078 3561 3156 undecim,

2159 3148 2250 3199 llic
2271 3156 2468 3214 epactre
2500 3162 2592 3213 pro
2617 3159 2883 3199 cremento
2911 3162 3130 3199 numero
3156 3146 3480 3199 duodecimo.

2154 3214 2459 3284 'l'rigenario
2479 3218 2737 3284 completo
2767 3216 2959 3267 nullam
2986 3215 3087 3268 dici
3128 3216 3336 3281 placuit.

2840 3301 2989 3355 Item.

2152 3393 2224 3446 De
2259 3392 2504 3458 vigesima
2536 3400 2588 3445 et
2618 3406 2752 3443 nona
2784 3391 2868 3445 die
2897 3392 3087 3458 quippe
3114 3390 3306 3453 altera,

2148 3461 2459 3521 Computare
2486 3462 2623 3527 cogit
2651 3475 2867 3527 primam
2902 3462 3031 3511 hanc
3057 3460 3172 3526 ejus
3197 3460 3465 3521 velocitas,

2153 3529 2435 3582 Transilire
2462 3526 2598 3581 diem
2624 3529 2765 3591 facit,
2798 3528 2873 3580 sic
2897 3532 2960 3579 ad
2985 3526 3182 3580 Nonam
3212 3528 3439 3581 inchoas.

2601 3617 2680 3668 Ad
2707 3618 3013 3686 probandam
3048 3617 3235 3671 lunam.

2156 3706 2209 3759 Si
2240 3706 2316 3759 vis
2343 3719 2468 3772 ergo
2492 3706 2663 3757 lunam
2690 3708 2825 3759 scire
2854 3707 2951 3759 hoc
2978 3707 3059 3759 vel
3086 3707 3175 3760 illo
3205 3716 3473 3773 tempore,

2151 3778 2307 3828 Sume
2335 3776 2443 3824 dies
2463 3774 2689 3826 Januarii
2739 3791 2765 3826 a
2794 3776 2984 3828 mensis
3015 3775 3269 3842 principio
3292 3816 3307 3837 ,

2153 3844 2301 3897 Adde
2329 3850 2532 3896 {etatem
2563 3843 2908 3897 Kalendarum
2938 3845 3071 3897 luna:
3100 3846 3295 3897 mensis
3324 3842 3500 3910 ipsius.

2834 3933 3001 3985 ‘Item.

2155 4022 2251 4073 f‘er
2276 4035 2503 4073 novenos
2530 4022 2921 4090 quinquagenos
2947 4022 3114 4087 primo
3144 4021 3185 4071 si
3211 4019 3471 4090 partieris,

2154 4089 2500 4141 Nihilominus
2527 4088 2869 4157 secundo-per
2898 4092 3103 4156 triginta
3130 4088 3393 4149 diviseris.

2160 4157 2288 4211 Vere
2311 4158 2479 4210 lunam
2520 4174 2672 4225 quiin
2704 4160 2972 4225 quzurebas
3004 4157 3152 4211 facile
3181 4158 3433 4211 invenies.

2596 4248 2674 4299 Ad
2705 4248 3011 4314 probandam
3032 4248 3243 4322 feriam.

2159 4336 2283 4389 Item
2316 4350 2463 4389 sume
2490 4336 2602 4387 dies
2630 4338 2772 4399 anni,
2804 4336 2977 4388 divide
3008 4350 3099 4401 per
3120 4338 3347 4399 septies,

2086 4422 2130 4478 ι)
2245 4415 2367 4478 quot
2399 4406 2530 4455 ultra
2556 4416 2754 4478 septem
2798 4414 3036 4478 crescunt
3066 4405 3252 4457 habeto
3277 4404 3542 4465 memoria,

2161 4476 2249 4527 llis
2266 4472 2527 4526 dictarunt
2555 4472 2907 4525 Kalendarum
2933 4473 3077 4526 l‘erize
3101 4484 3399 4527 annectere.

2868 4561 3006 4617 Item.

2159 4655 2254 4707 I‘Iis
2280 4656 2330 4711 in
2362 4669 2517 4705 unum
2548 4654 2787 4707 adunatis
2824 4667 3079 4706 summam
3106 4667 3223 4705 cum
3256 4650 3541 4719 collegeris,

2159 4725 2221 4775 Et
2250 4724 2478 4789 septenis
2504 4723 2623 4773 item
2654 4724 2762 4775 suis
2787 4724 3013 4787 partibus
3035 4722 3274 4773 diviseris
3291 4761 3306 4785 ,

2157 4795 2527 4860 Argumentum
2555 4792 2695 4859 quod
2723 4792 3012 4857 «tumrebas,
3046 4790 3227 4843 feriam
3258 4789 3505 4843 invenies.

2725 4881 2802 4934 De
2829 4884 3141 4950 azquinoctio.
3191 4867 3212 4901 ⁸

2158 4972 2542 5039 JEqninoctium
2572 4970 2779 5023 vernale
2820 4972 2869 5023 in
2901 4973 3063 5037 prima
3096 4968 3346 5037 vigesima

2167 5041 2332 5091 Martii
2364 5052 2540 5091 tenere
2568 5039 2750 5104 debes,
2780 5041 2895 5106 quia
2927 5048 3129 5106 patrum
3163 5040 3332 5105 regula
3360 5076 3376 5101 ,

2161 5109 2450 5163 Observare
2479 5108 2627 5161 valde
2652 5120 2822 5161 monet
2854 5108 3055 5162 ratione
3076 5107 3284 5161 sedula.

2845 5198 3014 5251 Aliud.

2162 5289 2250 5341 Sic
2280 5290 2450 5351 itaque
2480 5298 2533 5341 et
2560 5288 2867 5353 September
2893 5295 3161 5352 coaequato
3199 5298 3436 5345 nurnero.

2162 5358 2287 5420 Quia
2318 5373 2435 5410 esse
2462 5359 2565 5409 duo
2594 5358 2711 5407 anni
2742 5357 3144 5422 comprobantur
3170 5356 3344 5407 unius.

2163 5428 2475 5480 Autumnale
2502 5440 2673 5484 suum,
2706 5426 2837 5477 alter
2865 5433 3039 5477 servat
3072 5425 3456 5491 aequinoctium.

2496 5514 2571 5566 De
2598 5516 2790 5567 ratione
2819 5515 3082 5567 duodecim
3108 5517 3381 5581 signorum.

2168 5610 2289 5661 Mira
2317 5619 2527 5673 prorsus
2557 5618 2870 5670 paganorum
2897 5612 2949 5655 et
2984 5617 3129 5673 saeva
3148 5600 3409 5673 dementia
3434 5636 3449 5659 .

2167 5682 2261 5744 Qui
2292 5666 2340 5731 in
2366 5666 2949 5731 cwlum'tiausluleruut
2978 5684 3081 5727 tam
3103 5672 3338 5725 diversas
3366 5666 3550 5724 bestias

3176 5876 3806 6330 φλ
