3862 6344
203 389 304 443 6M

206 499 574 573 Ciimolympo
601 518 715 557 esse
742 513 982 560 constent
1011 507 1311 571 angelorum
1340 507 1544 573 agmina

284 569 361 623 Illi
392 569 600 623 taurum
632 574 829 626 radiare
856 574 1031 625 dicunt
1059 569 1191 626 inter
1215 569 1427 635 sidera,

200 636 303 700 Qui
340 640 391 689 in
423 641 606 691 bovem
635 655 839 693 versum
875 641 1054 694 Jovem
1097 644 1328 695 fabulose
1353 653 1673 703 assevciaut,

204 705 510 775 Adﬁltaliam
542 710 825 775 transvexit
852 709 1106 775 Agenoris
1134 713 1310 762 tiliam.

280 774 448 843 liabet
476 774 603 827 lides
623 774 917 828 Christiana
947 779 1211 843 signoruni
1244 777 1545 830 memoriam
1564 817 1579 839 ,

208 839 443 912 Primum
476 846 605 908 Agni
630 845 715 909 qui
748 846 797 895 in
823 839 1017 898 cmlutti
1038 846 1304 912 majestate
1334 845 1545 911 fulgida.

204 910 414 977 lteguat
442 914 622 961 unicus
647 927 765 964 cum
792 912 942 964 Patre
972 928 1059 977 per
1081 910 1331 967 immensa
1359 915 1572 964 summa.

282 976 441 1043 Igitur
469 992 569 1029 non
598 988 776 1030 torvus
811 976 980 1033 fronte
1008 996 1103 1033 nec
1130 984 1331 1034 cervice
1356 981 1581 1032 tumidus

200 1043 398 1113 liosmr
426 1056 603 1097 taurus
630 1055 713 1099 est
738 1049 993 1113 putandus
1016 1050 1307 1101 nominatus
1336 1051 1561 1113 optimus
1589 1083 1603 1104 ,

200 1111 404 1183 Dulcis,
438 1114 677 1175 blandus,
702 1111 856 1180 atque
878 1118 1017 1168 mitis
1035 1156 1049 1177 ,
1080 1128 1233 1183 atque
1259 1111 1435 1169 suavis
1464 1117 1619 1167 vituli-

276 1180 392 1247 Ipse
414 1190 496 1233 est
526 1199 650 1253 ergo
677 1186 928 1253 tenendus
952 1180 1217 1253 saginatus
1254 1186 1467 1248 vitulus,

200 1247 370 1320 Cujus
397 1263 519 1301 caro
548 1247 808 1320 immolata
843 1252 894 1304 in
918 1247 1085 1307 crucis
1114 1254 1369 1320 patibulo,
1456 1247 1465 1267 ³

203 1318 313 1368 llos
341 1331 489 1370 crure
514 1334 609 1369 suo
638 1318 751 1371 tttlit
779 1321 845 1373 de
873 1325 1051 1373 mortis
1091 1318 1339 1385 periculo.

279 1385 501 1454 llic_iion
526 1398 694 1439 cessat
723 1402 816 1439 nos
848 1390 1040 1441 hortari
1069 1392 1257 1454 pietate
1285 1388 1486 1449 sedula,

198 1451 340 1516 Jugo
363 1452 555 1505 Christi
585 1457 905 1509 submittenti
934 1451 1150 1511 exarare
1179 1459 1297 1510 vitia
1322 1496 1338 1519 ,

203 1519 509 1573 Divioorum
539 1532 915 1588 praeceptorum
950 1534 1219 1588 reportare
1244 1523 1462 1576 semina.

278 1589 717 1655 l’roseqtientibus
745 1591 981 1643 hortatur
1019 1602 1379 1644 testamentum
1408 1588 1648 1656 geminis.

158 1713 172 1723 ,
206 1655 507 1726 idolatriam
536 1658 770 1721 calcare,
802 1659 970 1711 solum
1003 1659 1275 1711 Dominum
1300 1655 1532 1726 quau-ere
1551 1698 1564 1718 ,

201 1723 496 1777 Avaritiam
523 1726 686 1778 vitare
711 1740 953 1777 cancrum
983 1723 1338 1779 inciirabilem.

276 1793 383 1844 Leo
410 1804 587 1847 noster
609 1794 922 1846 obdormivit
949 1804 1004 1845 ut
1029 1794 1079 1845 in
1105 1803 1272 1847 morte
1295 1796 1554 1853 vinceret,

202 1857 330 1911 ideo
358 1862 618 1927 evigilavit
647 1872 700 1913 iit
728 1864 989 1927 possimus
1026 1876 1256 1927 surgere.

204 1927 315 1997 Per
326 1942 486 1997 quem
508 1939 644 1994 juste
672 1931 1000 1983 merebamur
1037 1946 1064 1981 a
1095 1929 1260 1997 poenis
1290 1928 1439 1993 eripi.

280 1994 501 2060 Virginis
530 1999 624 2049 hoc
646 2008 853 2051 sextum
873 1998 1073 2065 signum
1095 1994 1449 2060 competenter
1469 1994 1725 2062 sequitur.

198 2059 360 2131 sexta
385 2059 558 2115 mundi
583 2065 689 2131 jam
719 2076 869 2118 aetate
895 2059 1035 2119 vciiit
1066 2067 1154 2119 Dei
1184 2059 1376 2128 Filius,

198 2129 483 2197 Equitatui
510 2129 691 2186 libram
730 2144 891 2199 tenet,
934 2136 1054 2201 jure
1079 2136 1214 2188 Deus
1242 2134 1448 2187 dicitur.

1294 396 1481 449 SECT.
1526 394 1608 447 lll.
1651 424 1715 436 -ορ
1753 391 2046 446 (ᾺΒΜΙΝΛ
2090 388 2309 444 ΜΞΒΙᾹ.

1770 510 1817 565 Α

3278 386 3381 441 6H

1918 502 2045 554 Huic
2083 516 2212 567 puro
2250 500 2293 550 si
2320 497 2435 565 quis
2463 496 2621 567 corde
2648 496 2779 549 bene
2802 494 3165 567 ministraverit
3193 538 3203 550 .

1844 571 1959 623 Jani
1982 563 2195 621 securus
2233 563 2565 619 non‘timebit
2604 579 2861 617 Venenum
2900 563 3184 630 pestil'ernn
3222 604 3235 619 .

1846 640 2163 692 Cooculcare
2185 636 2289 701 jam
2320 650 2436 687 cum
2462 636 2632 695 planta
2672 636 3001 697 scorpionem
3029 635 3237 696 poterit.

1910 706 2071 758 Scuto
2094 705 2210 756 lidei
2242 712 2503 770 protectus
2545 715 2737 752 saevum
2768 702 3089 770 sagittarium

1848 774 2199 826 lleforinatom
2232 786 2334 823 non
2357 769 2579 829 timebit,
2607 783 2722 820 cum
2747 769 2950 832 equinis
2976 769 3236 829 cruribus,

1847 842 1960 909 lpse
1987 856 2191 903 otioque
2221 840 2487 909 superabit
2515 836 2793 909 nefandum
2819 836 3101 909 diabolum.

1912 902 2260 975 Capricornus
2289 902 2361 958 'ac
2385 906 2636 975 deformis
2680 905 2819 975 vultu
2849 902 3215 970 despicabilis,

1846 978 1990 1029 Alios
2015 985 2251 1028 amentes
2292 976 2434 1037 facit,
2466 974 2595 1025 alios
2621 974 2917 1038 sacrilegos,

1846 1045 2161 1106 Homicidas,
2192 1044 2434 1106 furiosos,
2472 1042 2599 1091 alios
2628 1040 2909 1092 adulteros.

1912 1112 2011 1165 Sed
2044 1113 2123 1163 liis
2150 1112 2393 1162 omnibus
2415 1107 2680 1161 conversis
2717 1118 2873 1171 atque
2899 1109 3035 1163 bene
3076 1106 3339 1165 ﬂentibus,

1843 1179 2069 1244 Tergere
2111 1179 2177 1230 de
2210 1179 2379 1231 fronte
2409 1178 2540 1229 solet
2568 1175 2821 1228 candidus
2845 1177 3110 1242 aquarius.

1842 1247 2067 1300 Crimina
2097 1261 2214 1313 qua:
2234 1255 2421 1309 sponte
2453 1248 2574 1295 liunt
2604 1245 2683 1295 vel
2710 1245 2951 1313 instinctu
2975 1245 3291 1313 dminonum.

1914 1315 2022 1366 Duo
2044 1311 2208 1379 pisces
2236 1317 2321 1376 qui
2348 1323 2636 1379 sequuntur
2659 1326 2760 1364 uno
2786 1311 2905 1363 sinu
2941 1311 3068 1365 editi
3094 1348 3111 1372 ,

1844 1383 1983 1434 Duos
2010 1386 2231 1450 populos
2260 1380 2746 1450 ligutanl,_vocat95
2788 1394 2879 1446 per
2901 1380 3115 1447 gratiam
3142 1416 3158 1439 ι

1842 1442 2183 1518 Ιιδριίἐιηεῖιίε
2214 1442 2365 1518 unda
2385 1442 2535 1509 lotus,
2566 1450 2661 1518 soli
2690 1442 2801 1518 ligo
2831 1442 3066 1518 eradere.

1915 1514 2147 1572 insanire
2168 1517 2275 1584 jam
2314 1516 2521 1568 illorum
2544 1514 3031 1568 desinat'dementia
3052 1554 3066 1575 ,

1840 1587 1937 1649 Qui
1965 1589 2015 1637 in
2042 1587 2178 1639 coelo
2206 1600 2321 1637 esse
2348 1584 2563 1637 credunt
2591 1584 2760 1649 aliqua
2792 1585 3028 1635 mortalia
3048 1623 3063 1645 ,

1840 1657 2000 1705 Cassa
2030 1658 2296 1720 spernant,
2330 1653 2413 1703 illa
2438 1653 2651 1705 credant
2680 1666 2793 1718 qtire
2824 1652 2913 1702 Dei
2944 1652 3199 1706 Ecclesia.

1907 1722 2162 1772 Animalia
2190 1721 2391 1786 pusilla,
2418 1733 2601 1787 magna
2624 1729 2675 1772 et
2698 1720 2896 1784 reptilia
2917 1761 2932 1785 ,

1762 1809 1808 1866 Β
1838 1790 2022 1866 ριιςιιίε
2051 1790 2282 1852 pondere
2306 1802 2515 1866 gravata
2555 1803 2657 1866 non
2688 1795 2869 1865 petunt
2896 1788 3126 1866 cmlestia
3148 1826 3163 1848 ,

1836 1858 1945 1910 Sed
1981 1871 2101 1909 cum
2126 1870 2283 1909 carne
2310 1862 2494 1908 horum
2523 1857 2743 1909 credunt
2773 1857 2988 1908 interire
3013 1857 3231 1907 animus.

1908 1924 2005 1979 Ubi
2032 1926 2301 1977 hominum
2324 1934 2379 1977 et
2406 1923 2500 1977 Dei
2529 1925 2781 1976 mediator
2808 1923 2991 1986 luerit,

1835 1994 1966 2049 Esse
1992 1994 2060 2046 ibi
2088 1994 2373 2045 electorum
2404 1991 2672 2044 credimus
2694 2001 2746 2043 et
2772 1993 2997 2055 animas,

1836 2064 1958 2117 “i130
1982 2063 2226 2115 daturum
2267 2075 2324 2113 se
2352 2061 2590 2127 promisit
2614 2060 2811 2112 inﬁnita
2842 2060 3066 2112 bonitas.

206 2251 3356 2281 Μ

1261 2352 1773 2432 ΜΑΝἘΒΕΒΙ
1842 2346 2313 2424 CABMINA.

735 2526 797 2564 DE
836 2527 969 2564 ANNO
988 2525 1207 2563 suum.

204 2603 392 2654 Annus
414 2600 626 2663 solaris,
652 2601 739 2667 qui
771 2613 987 2668 magnus
1017 2606 1412 2668 saepevocatttr,

202 2670 466 2723 Circuitus
492 2667 620 2721 solis
648 2664 809 2723 semel
842 2664 922 2719 e'st
953 2682 1043 2734 per
1069 2664 1353 2719 zodiacum.

768 2756 843 2809 De
862 2773 1009 2809 cursu
1033 2755 1173 2807 solis.

203 2842 406 2897 Cursus
439 2844 621 2911 viginti
649 2846 941 2911 completur
969 2852 1021 2896 et
1049 2858 1170 2896 octo
1199 2858 1290 2909 per
1318 2855 1499 2894 annos.

754 2932 829 2984 De
854 2948 986 2983 mmo
1014 2933 1220 2983 lunari-

208 3024 395 3074 Annus
419 3022 614 3075 lunaris
665 3030 747 3074 est
773 3022 907 3073 luna:
936 3021 1207 3082 circuitus,
1233 3019 1321 3085 qui

207 3090 358 3142 Nunc
378 3102 462 3144 est
484 3092 773 3144 communis
791 3131 804 3151 ,
837 3106 971 3142 nunc
998 3090 1336 3143 embolismus
1367 3086 1598 3139 habetur.

770 3179 844 3229 De
869 3193 1017 3231 cursu
1044 3179 1193 3231 (una.

210 3266 309 3317 Ast
332 3264 445 3331 ejus
472 3279 654 3317 cursus
685 3274 790 3319 tres
820 3265 1002 3331 bisque
1032 3266 1086 3317 lit
1119 3275 1237 3319 octo
1267 3279 1358 3328 per
1382 3278 1567 3325 annos,

212 3334 288 3385 Ex
317 3334 397 3399 bis
425 3333 708 3385 luminibus
740 3347 832 3385 nos
862 3344 1179 3399 pertractare
1207 3333 1429 3391 duobus,

209 3404 487 3463 Convenit,
514 3412 567 3453 et
590 3404 781 3454 nostris
812 3406 1098 3455 rationibus
1126 3400 1314 3453 addere
1342 3402 1538 3461 sudem,

213 3470 283 3523 llt
310 3486 467 3537 super
500 3470 610 3521 hate
640 3468 832 3522 fuerint
856 3487 967 3533 qua:
1001 3469 1328 3537 fundamenta
1363 3468 1548 3527 lectito,

210 3536 460 3591 Obicibus
488 3538 693 3589 valeant
721 3553 822 3589 non
853 3547 1156 3604 argumenta
1183 3536 1369 3598 refelli,

210 3607 314 3657 Sed
352 3610 569 3672 primum
596 3604 839 3669 quiddam
870 3602 1107 3656 volumus
1137 3620 1371 3656 reserare
1399 3602 1533 3671 quod
1566 3602 1741 3661 instat,

215 3674 353 3726 Utile
376 3675 509 3737 quod
538 3675 758 3723 multum
790 3673 936 3723 nobis
966 3674 1159 3724 instare
1188 3674 1408 3724 videtur.

543 3774 607 3810 DE
643 3773 881 3820 QUA'I’UOR
918 3774 1235 3811 TEMI’ORIBUS
1272 3775 1405 3810 ΑΝΝΙ.

218 3847 339 3911 Ver,
372 3858 547 3911 aestas,
575 3859 881 3909 autumnus,
914 3849 1098 3907 hiems,
1131 3858 1249 3899 sunt
1274 3857 1493 3913 quatuor
1522 3847 1639 3895 anui

209 3916 470 3982 'I'etnpora
503 3931 616 3980 qua:
646 3924 790 3967 certo
822 3916 1036 3966 numero
1065 3917 1227 3965 divisa
1259 3925 1549 3979 patescunt,

209 3984 411 4049 Cuiqoe
439 3982 580 4036 dedit
610 3990 785 4036 tertios
807 3998 896 4035 sua
924 3984 1290 4049 contemplatio
1318 3997 1539 4034 menses.

849 4072 925 4124 De
964 4070 1099 4125 Vere.

214 4158 454 4221 Martius,
485 4156 698 4227 Aprilis,
730 4170 782 4213 et
807 4161 991 4223 Maius,
1022 4160 1169 4213 Veris
1202 4158 1469 4213 habentur.

805 4249 882 4300 De
909 4250 1123 4301 Λῑειαιε.

215 4333 421 4396 Junius,
453 4334 734 4403 Augustus,
766 4334 987 4388 [Estatis
1016 4334 1199 4394 Julius,
1234 4334 1440 4386 adsunt.

457 4431 461 4437 '
799 4421 874 4475 De
896 4425 1156 4474 Autumno.
1174 4472 1217 4485 _,_

216 4510 571 4582 Aututnniqtie
598 4511 841 4575 October,
871 4512 1294 4578 Septemberque,
1322 4510 1632 4562 November.

834 4598 909 4650 De
934 4598 1127 4651 Hieme.

216 4688 351 4738 Sunt
388 4685 570 4738 hiemis
599 4685 778 4745 Janus.
814 4687 1121 4739 Februarius
1155 4697 1307 4752 atque
1340 4688 1639 4749 December,

220 4758 278 4807 In
306 4769 523 4819 quorum
556 4756 722 4818 primo
754 4756 885 4805 Deus
914 4756 1248 4806 immutabilis
1278 4767 1328 4806 ct
1357 4771 1467 4817 rex,

221 4823 535 4888 Principium
568 4823 693 4874 fecit
719 4830 915 4873 natura:
943 4823 1183 4874 conditor
1214 4824 1375 4887 orbis,

219 4890 388 4954 Atque
416 4892 663 4941 creaturis
696 4891 801 4941 lixit
831 4890 1107 4956 primordia
1136 4892 1355 4953 cunctis,

217 4956 611 5022 Complevitque
645 4970 794 5008 suum
821 4959 955 5023 quod
984 4960 1225 5010 scribitur
1259 4973 1374 5009 esse
1406 4957 1604 5017 diebus.

219 5026 325 5077 Sex
358 5038 487 5088 opus
513 5034 669 5087 atque
694 5027 759 5075 ab
786 5025 880 5076 hac
907 5039 1114 5090 septena
1150 5027 1260 5077 luce
1290 5034 1502 5091 quiem.

219 5092 393 5143 Altius
418 5105 544 5156 ergo
574 5092 696 5141 libet
725 5094 871 5157 hujus
899 5103 1097 5144 secreta
1124 5093 1327 5157 aperire

223 5159 486 5226 Disposili,
514 5158 925 5221 documetitaque
956 5162 1155 5211 tradere
1186 5171 1358 5224 postea
1396 5160 1522 5211 nati.

411 5260 475 5297 Dl
512 5257 709 5297 εειιτΕιί
748 5258 925 5297 υιειιυε
963 5261 1027 5297 ΕΤ
1068 5262 1338 5299 Νυωκιευε
1376 5262 1566 5301 εοκωι.

221 5329 487 5396 Principio
514 5329 701 5384 mundi
719 5340 917 5397 septem
955 5334 1091 5387 Deus
1123 5336 1208 5387 ille
1235 5345 1439 5388 creator

223 5397 447 5449 Instituit
469 5404 659 5466 cyclos,
692 5414 821 5463 quos
849 5401 1067 5464 spliasrm
1096 5404 1318 5453 circulus
1346 5404 1525 5465 ambit,

220 5466 433 5531 Singula
463 5470 546 5533 qui
581 5469 723 5518 tinxit
752 5470 845 5519 sub
871 5471 1024 5519 certis
1053 5470 1289 5521 cursibus
1318 5480 1472 5530 astia,

220 5532 528 5603 Seminibus
553 5536 872 5599 prepriisque
900 5537 1221 5603 philosophia
1254 5538 1469 5598 notavit,

224 5601 445 5652 Nomine
473 5602 677 5671 Saturni
712 5604 954 5667 priiiitiiii,
985 5601 1125 5657 Jovis
1155 5620 1307 5671 atque
1336 5608 1638 5667 secundum,

228 5670 365 5722 Itur:
390 5671 483 5723 sub
512 5670 585 5722 eis
612 5683 847 5728 currens.
878 5683 929 5725 ct
956 5684 1109 5727 sexto
1138 5670 1444 5734 Mercurius,

1852 2495 1995 2548 Luna
2021 2493 2228 2560 quidem
2258 2491 2473 2544 minimo
2501 2492 2728 2545 decurrit
2752 2493 2971 2559 septima
3003 2494 3158 2559 ctelo,

1848 2570 2078 2628 Quaeque
2104 2563 2216 2614 dies
2242 2562 2399 2614 astris
2424 2562 2623 2627 accepit
2657 2574 2844 2614 nomen
2873 2561 2939 2613 ab
2967 2563 3098 2621 istis,

1853 2636 1957 2682 tiac
1994 2631 2194 2682 ratione
2223 2630 2470 2695 operique
2500 2639 2677 2680 nostro
2707 2628 2955 2696 competit
2984 2639 3123 2693 apte,

1850 2698 1959 2749 Lux
1989 2714 2105 2750 cum
2130 2707 2283 2749 nocte
2309 2710 2401 2747 sua
2433 2697 2610 2761 viginti
2640 2706 2886 2762 quattuor
2914 2697 3056 2750 horis

1847 2768 2140 2832 Constal,et
2166 2778 2417 2817 aiternum
2446 2764 2655 2816 deducit
2685 2768 2750 2817 ab
2782 2766 2976 2819 aethere
3005 2780 3233 2828 cursum,

1849 2834 1997 2887 Nunc
2024 2850 2053 2885 a
2077 2834 2303 2885 Saturno
2334 2842 2385 2884 tu
2418 2846 2793 2885 coniiumerare
2816 2848 3083 2899 supremo,

1850 2903 2020 2965 Incipe
2048 2914 2161 2967 post
2190 2902 2304 2953 illos
2335 2901 2469 2953 luna:
2501 2900 2795 2953 numerabis
2823 2910 2876 2953 et
2897 2902 3095 2965 orbem,

1850 2970 1937 3021 Sic
1968 2971 2016 3020 iii
2046 2970 2261 3020 circuitu
2295 2983 2386 3033 per
2413 2978 2628 3021 cunctos
2653 2968 2885 3021 calculus
2917 2970 3031 3029 ibit,

1851 3038 1943 3087 Cui
1974 3049 2218 3087 numerus
2241 3039 2437 3100 primus
2463 3046 2575 3101 post
2603 3044 2845 3101 quattuor
2865 3046 3018 3100 atque
3047 3036 3222 3090 decent
3256 3040 3330 3089 bis

1774 3092 1822 3154 Ο
1851 3104 2121 3167 Convenit,
2154 3092 2287 3155 illius
2309 3092 2524 3155 assumit
2552 3092 2738 3155 nomen
2767 3092 3042 3171 habetque.

2358 3191 2431 3244 De
2458 3193 2539 3244 die
2560 3190 2843 3245 Dontiitico.

1848 3281 1983 3348 Ergo
2016 3280 2179 3346 prima
2205 3279 2318 3333 dies
2343 3279 2565 3332 vocitata
2595 3288 2674 3332 est
2704 3280 2914 3334 nomine
2941 3281 3085 3334 solis.

2386 3368 2460 3420 De
2478 3369 2578 3447 odie
2606 3367 2830 3421 Veneris.

1846 3456 1992 3507 Nunc
2017 3456 2127 3508 veri
2156 3456 2301 3518 solis,
2333 3455 2417 3518 qui
2450 3469 2544 3507 nos
2572 3456 2637 3507 de
2664 3466 2830 3508 morte
2857 3456 3093 3516 redemit,

1847 3523 1972 3575 Pars
2004 3539 2248 3576 numerus
2275 3526 2410 3576 lunae
2438 3524 2525 3574 dat
2556 3538 2742 3575 nomen
2771 3525 2940 3575 inesse
2965 3524 3229 3586 secundat,

1846 3594 1909 3642 lit
1937 3592 2015 3643 sic
2042 3593 2395 3659 qumque'dies
2424 3591 2623 3658 accepit
2652 3607 2839 3644 nomen
2868 3592 2934 3642 ab
2961 3596 3132 3651 astris,

1845 3660 1948 3712 Sed
1975 3675 2111 3713 nunc
2138 3662 2402 3713 ﬂectamus
2430 3670 2584 3726 atque
2617 3662 2961 3726 praemisimus
2989 3660 3096 3714 illa.

1846 3729 2129 3779 Articulum
2154 3730 2433 3794 officioque
2466 3730 2583 3794 Styli
2616 3730 2867 3792 promissa
2894 3742 3164 3788 canamus,

1847 3798 2039 3859 Quarta
2072 3797 2184 3849 luce
2213 3796 2347 3848 Deus
2372 3799 2475 3847 duo
2504 3796 2678 3846 iniindi
2710 3795 2901 3845 lumina
2930 3795 3093 3846 linxit.

2418 3886 2492 3936 De
2530 3883 2793 3935 Mercurio.

1848 3970 2197 4036 l‘lauetasque
2224 3972 2374 4033 alios,
2406 3971 2578 4023 stellas
2604 3982 2657 4023 et
2684 3972 2852 4023 sidera
2878 3983 3085 4033 cuncta,

1852 4040 1903 4088 lii
1938 4041 2262 4091 lirmauiento
2291 4041 2476 4105 quibus
2508 4041 2827 4090 immutabile
2855 4054 3057 4100 cursus,

1848 4106 2059 4159 Addidit
2085 4117 2135 4158 et
2166 4110 2429 4171 proprium
2459 4121 2665 4157 cursum
2695 4105 2827 4156 haud
2850 4107 3101 4158 excedere
3124 4106 3297 4172 jussit,

1849 4174 1940 4224 llic
1962 4185 2040 4225 est
2069 4175 2155 4224 iile
2180 4174 2290 4223 dies
2317 4178 2366 4222 in
2394 4188 2495 4238 quo
2523 4172 2772 4238 sapientia
2803 4174 3032 4239 scripsit,

1848 4239 2090 4305 {Equalcs
2117 4241 2269 4291 horas
2301 4243 2467 4291 noctis
2499 4241 2606 4291 lieri
2637 4249 2790 4308 atque
2819 4244 2942 4304 diei,

1851 4308 1914 4360 Et
1943 4321 2149 4359 cursum
2181 4309 2305 4360 solis
2335 4309 2489 4360 luerit
2516 4310 2687 4359 studio
2718 4310 2954 4372 rationis,

1847 4376 2098 4428 Circuitus
2126 4376 2236 4442 ejus
2263 4378 2501 4441 cognovit
2531 4377 2741 4444 pervigil
2768 4392 2955 4439 annos,

1849 4444 1949 4494 'l‘cr
1977 4454 2181 4495 centum
2222 4446 2329 4497 lteri
2358 4460 2471 4495 cum
2501 4447 2773 4508 sexaginta
2803 4445 3008 4508 diebus,

1848 4513 2081 4576 Quinque
2111 4511 2419 4576 superjectis
2448 4512 2602 4561 simul
2632 4522 2685 4563 et
2710 4523 2950 4564 constare
2980 4512 3279 4578 quadrante,

1849 4580 1950 4632 Sed
1980 4581 2230 4643 cujusque
2257 4580 2331 4630 rei
2361 4584 2618 4643 quadrans
2648 4588 2726 4630 est
2753 4578 2918 4644 portio
2941 4591 3142 4643 quarta,

1847 4647 1972 4696 ’l'res
2003 4661 2125 4697 vero
2155 4647 2366 4712 reliquae
2394 4648 2638 4697 dicuntur
2668 4651 2874 4698 nomine
2902 4648 3161 4708 dodrans,

1850 4714 1993 4763 [inde
2022 4715 2133 4764 dies
2167 4714 2249 4764 isti
2284 4715 2567 4779 procedunt
2598 4717 2675 4765 vel
2706 4725 3057 4775 numerantur,

1849 4781 1945 4831 l’er
1974 4782 2278 4833 documenta
2308 4782 2522 4845 damus,
2554 4783 2596 4833 si
2626 4795 2779 4833 nosse
2806 4782 2969 4845 cupis,
3002 4781 3291 4835 iiianileste.

1983 4883 2047 4919 DE
2084 4882 2245 4921 CUBSU
2281 4883 2419 4923 SOLIS
2455 4884 2519 4919 ΕΤ
2558 4882 2706 4930 ΔΝΝΙ,
2744 4884 2809 4920 ΕΤ
2846 4884 3002 4924 δΙϐΝΙΞ
3040 4887 3231 4925 εωιιυὲί.

1849 4955 2115 5005 Astrorum
2144 4968 2327 5005 cursus
2355 4962 2407 5004 et
2432 4954 2588 5017 lunae,
2617 4956 2740 5007 solis
2768 4967 2819 5009 et
2844 4960 3044 5020 urbem,

1848 5022 2066 5093 Edidicit
2097 5024 2316 5087 primum
2350 5024 2660 5093 scripsitque
2687 5023 2924 5092 Egyptia
2958 5029 3218 5093 nymphis,

1846 5088 2079 5139 Tradidit
2104 5098 2155 5138 et
2182 5102 2335 5139 curas
2366 5090 2517 5154 hujus
2543 5088 2844 5142 mortalibus
2870 5088 3016 5154 artis,

1847 5163 2013 5226 ῥίψω
2043 5156 2190 5206 itiner
2217 5156 2341 5209 solis
2373 5172 2461 5222 per
2488 5162 2623 5224 quod
2654 5159 2922 5210 deducitur
2948 5177 3135 5226 annus,

1848 5222 2121 5273 Zodiacum
2146 5228 2376 5276 vocitans
2406 5222 2574 5290 signat
2602 5227 2839 5292 indagine
2867 5242 3021 5293 intra,

1847 5293 2007 5355 Quam
2034 5294 2164 5342 bene
2185 5294 2412 5343 declarat
2436 5294 2720 5344 Macrobius
2743 5295 2827 5346 ille
2846 5310 3013 5361 sagaci

1851 5361 2078 5423 Ingenio,
2110 5362 2382 5425 studioque
2413 5361 2572 5425 probo
2600 5362 2751 5411 det-et
2779 5376 2895 5413 esSe
2922 5366 3168 5423 laborem,

1853 5428 1996 5476 hunc
2026 5440 2118 5490 per
2147 5428 2381 5479 bissenas
2408 5428 2581 5478 divisit
2612 5431 2820 5491 provida
2861 5442 3049 5493 partes,

1851 5493 2027 5545 Partes
2056 5495 2200 5559 signa
2233 5510 2439 5555 vocans,
2472 5510 2585 5559 quae
2614 5498 2953 5548 cetivciiiente
2983 5502 3195 5550 nutavit.

2443 5583 2513 5634 Dc
2537 5585 2719 5639 Aricte.

1852 5671 2069 5725 Nomine
2098 5686 2323 5741 namque
2351 5674 2507 5740 aries,
2540 5677 2658 5728 cocti
2692 5688 2808 5742 pars
2836 5675 2997 5740 prima
3020 5686 3252 5744 vocatur,
