3862 6350
136 367 261 419 διΐί

137 484 323 533 Anno
350 482 447 533 sub
474 482 654 547 quinto
681 481 801 535 dum
830 494 1015 535 census
1042 480 1201 533 fertur
1232 484 1292 533 ad
1322 484 1520 544 urbem,

138 549 359 601 “mnia
390 564 506 601 cunt
538 550 693 600 mutis
725 551 910 611 templa
939 561 987 601 et
1020 552 1236 600 lustrare
1278 552 1519 612 deorum,

139 618 387 668 Scilicet
410 618 559 667 istius
586 619 777 668 mensis
809 617 905 666 sub
934 617 1044 669 lucc
1078 618 1302 668 secunda
1329 657 1343 675 ,

140 684 223 737 Ut
255 684 415 749 quasi
445 694 724 750 purgarent
751 684 926 735 delicti
956 684 1251 735 excessibus
1280 686 1455 735 urbem
1476 724 1488 741 ,

141 750 219 802 Et
254 754 411 803 venia
443 761 598 817 atque
622 753 761 801 salus
792 766 881 815 per
910 752 1159 814 Sll|tpliCta
1191 752 1283 801 ista
1312 754 1554 807 daretur.

142 820 377 879 Dicere,
410 821 650 879 lustrare,
682 820 756 868 sic
783 828 837 869 et
865 832 1084 883 purgare
1108 818 1361 877 solemus,

144 887 251 937 Sic
284 897 343 938 ct
369 888 633 938 multoties
662 886 848 937 dicitur
874 887 1217 950 quinquennia
1250 886 1407 935 lustra
1436 922 1451 943 ,

138 954 262 1007 Sed
304 969 399 1018 per
428 955 719 1005 inaccessos
746 966 876 1016 opus
900 964 981 1005 est
1009 967 1141 1004 nunc
1170 954 1380 1005 tendere
1407 953 1590 1004 saltus.

136 1029 340 1089 Atque
362 1023 515 1073 itiner
539 1032 761 1086 emptum
793 1020 932 1071 vario
960 1034 1201 1073 sermone
1229 1019 1416 1072 levare.

351 1140 417 1180 βε
454 1138 801 1179 ιιεαυιλιιιθυε
838 1139 1099 1177 ηιιιλιιυκ
1124 1164 1139 1187 ,
1180 1138 1522 1177 KALENDARIIM

619 1228 683 1266 ΕΤ
718 1229 781 1266 DE
820 1228 991 1266 EORUM
1027 1228 1249 1266 ORIGINE.

140 1326 397 1377 Primum
431 1342 565 1378 none
596 1325 747 1392 igitur
778 1326 1048 1377 videamus
1072 1324 1421 1390 redigulares,

145 1393 313 1445 Unde
348 1394 641 1458 procedant,
672 1401 726 1444 et
752 1407 929 1445 eorum
960 1408 1075 1459 qtne
1101 1393 1169 1444 sit
1195 1393 1357 1455 origo.

146 1463 339 1513 Prima
368 1461 477 1513 dies
508 1462 681 1512 mundi
708 1459 1020 1513 describitur
1051 1462 1131 1513 illa
1160 1461 1315 1512 fuisse
1339 1503 1353 1523 ,

142 1531 268 1591 Qua
306 1529 473 1581 lucem
506 1529 720 1593 legimus
743 1528 964 1594 primum
1000 1529 1191 1581 luxisse
1220 1538 1443 1580 creatam
1470 1568 1484 1590 ,

144 1598 271 1649 Hoc
302 1606 384 1648 est
412 1596 618 1649 Zodiaci
647 1602 700 1647 et
726 1596 959 1647 vervecis
989 1598 1156 1659 portio
1197 1595 1381 1662 prima.

145 1668 193 1715 Α
224 1669 404 1727 prima
433 1678 555 1730 ergo
582 1665 665 1714 die
691 1662 1180 1728 numerabimusqne
1209 1662 1465 1715 Kalendas

146 1730 309 1783 illius
342 1736 553 1793 mensis,
583 1730 648 1783 de
675 1746 775 1796 quo
801 1744 1116 1796 cognoscere
1148 1730 1352 1794 umeris.

146 1805 411 1865 utrosque
439 1799 551 1852 dies
573 1808 686 1863 post
712 1799 840 1857 haec,
865 1813 957 1863 per
982 1809 1181 1863 septem
1212 1799 1381 1849 divide
1401 1812 1631 1860 cunctos,

149 1865 317 1919 Hunc
351 1881 621 1920 numerum
644 1866 883 1933 quoniam
911 1880 1170 1930 nunquam
1199 1870 1557 1919 transcendere
1582 1883 1695 1933 pos-

1466 1934 1597 1984 {sunt

1466 1951 1472 1965 '
1587 1951 1597 1984 l

148 2001 420 2068 Quodque
442 2002 781 2064 supercrescit
808 2016 901 2066 pro
924 2001 1213 2067 redignlare
1241 1951 1577 2063 tenebhfsu"
1606 1974 1621 1998 ’

151 2070 211 2123 Si
242 2070 419 2122 minus
448 2082 526 2121 est
554 2070 731 2121 itidem
764 2085 856 2134 pro
886 2070 1259 2136 redigularibus
1282 2070 1436 2122 adsit.

151 2140 379 2204 Septem
407 2137 449 2188 si
482 2138 669 2188 fuerint
696 2146 769 2204 tot
800 2136 1062 2188 mensibus
1086 2136 1260 2188 addito
1284 2147 1502 2200 septem,

154 2202 658 2256 Et'cottcurrentum
690 2202 752 2254 de
780 2217 976 2255 summa
1007 2203 1254 2254 subtrahe
1281 2207 1479 2267 sedem,

158 2272 391 2324 Veneris
420 2273 482 2323 ad
512 2273 661 2324 Marti
694 2281 963 2336 postquam
996 2272 1314 2323 numerando
1343 2271 1620 2333 Kalendas,

156 2341 229 2390 Et
258 2342 360 2391 sibi
392 2343 474 2403 qni
507 2348 702 2406 restant
729 2339 989 2391 ascribere
1017 2338 1242 2403 quinque
1280 2351 1539 2392 memento

158 2407 253 2457 Itia
276 2407 391 2458 dtes
419 2406 544 2458 feria
576 2407 681 2457 visa
706 2416 788 2457 est
810 2408 1086 2459 decurrere
1114 2408 1296 2472 prima,

161 2475 293 2525 lium
327 2474 551 2526 Plimbus
580 2487 784 2524 cursum
811 2476 1034 2524 nondum
1062 2474 1365 2538 praefecerat
1390 2476 1529 2535 anni,

165 2544 259 2592 Itic
283 2544 427 2607 prius
457 2543 654 2605 incepta
687 2555 1002 2592 concurrens
1031 2542 1191 2605 prima
1220 2553 1400 2593 vocata
1428 2553 1524 2603 est,

161 2610 438 2661 ConcurIit
464 2610 716 2675 siquidem
747 2619 907 2660 totum
933 2608 1171 2674 c0puiata
1200 2624 1289 2675 per
1324 2624 1537 2662 annum.

563 2698 729 2763 Quare
764 2700 1015 2767 regulares
1053 2700 1301 2751 dicantur.

165 2784 312 2855 Nunc
334 2799 433 2848 qua
458 2799 770 2855 concurrens
796 2785 1039 2855 procedat
1065 2787 1263 2855 origine
1294 2788 1471 2851 prima,

167 2853 437 2914 Addimus,
466 2864 517 2904 et
545 2854 659 2904 talis
687 2853 806 2917 quid
837 2852 1006 2913 signet
1026 2852 1210 2918 copula
1240 2856 1406 2907 nobis.

166 2926 293 2982 una:
322 2930 693 2973 concurrentes
722 2919 836 2971 ideo
859 2920 1102 2973 dicuntur
1125 2932 1323 2987 aperte,

168 2988 313 3052 Quod
345 2990 535 3053 pariter
557 2998 717 3041 totum
744 3002 859 3039 cum
890 2990 1260 3054 retligularibus
1282 3005 1436 3052 anno,

167 3060 412 3119 Currum,
444 3066 497 3108 et
522 3056 701 3109 feriam
724 3065 879 3119 quota
902 3057 964 3108 sit
998 3067 1209 3109 ventum
1239 3057 1500 3122 Kalendis,

165 3123 485 3190 Significant,
514 3132 568 3176 ct
596 3123 652 3174 lit
678 3138 771 3190 per
797 3123 921 3175 solis
946 3126 1118 3191 regula
1143 3139 1368 3177 cursum.

167 3193 330 3244 Smne
354 3192 470 3243 dies
491 3191 646 3257 igitur
672 3204 770 3254 qua
798 3192 1012 3254 primum
1042 3192 1228 3243 claruit
1260 3195 1419 3253 orbis,

168 3260 309 3329 inice
336 3272 519 3329 novus,
550 3266 865 3329 cunctosque
893 3258 1047 3309 simul
1077 3260 1373 3329 numerabis
1401 3265 1462 3312 ad
1502 3264 1689 3329 ipsum.

90 3380 95 3385 ε
170 3328 346 3393 Usque
372 3328 544 3379 locum
572 3326 723 3378 sedes
746 3341 846 3391 quo
874 3330 1228 3378 concurrentis
1258 3326 1485 3382 habetur.

481 3415 741 3478 Quomodo
765 3416 1081 3467 inveniuntur
1106 3416 1377 3482 regulares.

655 3502 857 3554 Primus
885 3516 1200 3556 concurrens.

172 3593 280 3663 llos
306 3604 505 3656 quoque
537 3591 882 3656 praecipimus,
911 3606 1006 3663 per
1030 3600 1229 3658 septem
1258 3593 1430 3646 divide
1464 3598 1621 3654 solus,

171 3660 270 3721 uni
290 3667 523 3723 superest
541 3666 937 3710 concurrentum
966 3660 1197 3724 signetur
1220 3665 1383 3727 origo,

172 3731 370 3778 uetera
396 3740 509 3792 qua:
534 3728 765 3792 sequitur
791 3729 887 3779 hoc
911 3728 1095 3779 ordine
1120 3730 1489 3794 comperictor,

174 3795 319 3845 Sient
343 3794 407 3845 ab
430 3796 524 3843 hac
546 3803 718 3844 actum
744 3803 822 3844 est
844 3808 980 3844 anno
1007 3809 1085 3859 pai
1101 3796 1195 3846 tire
1219 3802 1463 3860 secundo,

175 3861 365 3927 "mque
385 3861 499 3911 duae
524 3869 739 3911 currunt
770 3860 856 3911 illo
880 3860 965 3928 qui
997 3864 1176 3913 transit
1207 3864 1255 3913 in
1287 3879 1440 3925 anno,

176 3930 429 3995 Quodque
453 3928 787 3992 superluerit,
820 3934 909 3979 unt
937 3931 1287 3993 superaddere
1314 3947 1479 3993 cures,

179 3999 453 4062 Tertiaque
480 4008 533 4047 et
560 4005 740 4061 quarta
768 3996 978 4061 reliquis
1006 4000 1080 4049 sic
1106 4000 1531 4064 multiplicantur.

176 4070 272 4117 Ast
291 4079 425 4115 anno
453 4066 655 4129 quinto,
682 4064 921 4129 quoniam
952 4065 1207 4116 bissextus
1235 4068 1470 4129 habetur,

176 4136 304 4195 Qua:
326 4146 477 4193 super
505 4139 805 4183 accrescunt
831 4133 979 4183 simul
1010 4134 1103 4184 hac
1128 4136 1175 4184 in
1205 4138 1329 4186 sede
1354 4138 1641 4198 qttic‘SCllni,

182 4202 318 4252 Dicta
344 4200 468 4251 sede
496 4200 610 4249 dua:
638 4199 781 4250 feria:
811 4210 1147 4251 numerantur
1173 4203 1221 4251 in
1246 4218 1421 4265 unum,

178 4266 756 4332 Sextaqnepraidlctum
786 4275 924 4317 tenet
944 4274 996 4317 et
1021 4278 1135 4331 post
1162 4271 1375 4333 septima
1400 4287 1627 4333 cursum,

180 4335 423 4399 Quodque
445 4332 833 4400 supergrauitur
866 4334 941 4404 (ut
960 4336 1085 4387 dicit
1111 4338 1309 4403 regula)
1340 4349 1557 4404 septem,

183 4404 308 4455 Illud
328 4403 566 4464 sublatis,
593 4416 907 4455 concurrens
925 4403 1040 4470 jure
1064 4414 1285 4458 tenetur.

369 4493 629 4556 Quomodo
656 4494 935 4544 inveniatur
956 4494 1079 4561 feria
1108 4511 1192 4560 per
1217 4494 1514 4565 regularem.

186 4585 273 4631 liae
300 4591 661 4632 concurrentes
688 4594 808 4630 cum
835 4582 1242 4645 praecedentibus
1266 4591 1451 4642 auctor,

184 4649 462 4701 ostendunt
492 4648 673 4699 feriam
705 4658 857 4713 quota
886 4650 954 4698 sit
984 4659 1195 4700 ventura
1220 4648 1481 4709 Kalendis,

184 4722 236 4771 Si
266 4724 457 4784 septem
482 4718 633 4769 luerit
661 4730 896 4776 numero,
931 4716 1019 4767 tibi
1048 4720 1265 4779 septima
1298 4720 1377 4769 tiet
1404 4733 1419 4779 ;

185 4790 236 4836 Si
267 4790 429 4837 minus
458 4794 556 4843 cst,
592 4795 749 4837 totam
782 4784 958 4835 feriam
990 4798 1259 4836 numerato
1284 4786 1544 4848 Kalendis,

188 4854 241 4907 Si
271 4865 461 4918 septem
491 4856 697 4916 transit,
727 4867 943 4903 numero
963 4854 1208 4919 deponito
1233 4865 1449 4920 septem.

260 4977 316 5013 Dii
349 4974 654 5013 INVEXTHHE
692 4976 990 5014 CUJL'SLlliE'l‘
1024 4977 1125 5014 DIEI
1168 4977 1365 5024 HENSIS,
1406 4980 1501 5015 PER
1534 4980 1643 5016 ΙΙΙεὸ

844 5045 1040 5081 IENSIS.

192 5138 253 5189 Et
278 5137 317 5188 si
344 5151 433 5203 per
456 5145 614 5187 totum
642 5150 874 5205 mensem
902 5138 1150 5204 cujusque
1178 5139 1296 5201 diei,

192 5206 348 5256 Nosse
369 5206 514 5270 cupis
538 5206 735 5264 teriam,
766 5206 1105 5269 prurccdentts
1133 5221 1337 5271 quoque
1368 5212 1582 5271 metuis,

194 5274 345 5324 Sume
372 5273 482 5324 dies
509 5283 743 5332 cunctos,
776 5271 868 5322 sed
908 5284 999 5323 nec
1027 5276 1321 5325 numerabis
1349 5279 1601 5339 eamdem,

198 5344 379 5405 llisqne
405 5340 750 5392 Kalendarum
777 5340 953 5392 feriant
982 5342 1317 5405 supcraddito
1344 5349 1501 5395 totam

198 5413 245 5464 Si
276 5422 465 5473 septem
498 5408 693 5459 fuerint
720 5410 912 5468 itidem,
940 5409 1027 5459 tibi
1056 5409 1275 5474 septima
1304 5412 1412 5474 liet,

200 5482 249 5532 si
281 5492 443 5527 mmor
463 5484 543 5527 εει
562 5477 661 5527 illis
689 5490 951 5535 numerus,
982 5476 1072 5528 tibi
1093 5476 1211 5541 jure
1234 5480 1477 5539 manebit,

197 5550 247 5599 Si
275 5554 465 5609 septem
496 5544 695 5607 transit,
725 5558 941 5612 numero
966 5545 1210 5607 deponito
1230 5556 1450 5612 septem,

197 5614 412 5674 StiLt'ct,
441 5612 669 5677 signetur
696 5609 831 5675 quod
853 5624 914 5661 ca
941 5614 1138 5665 ratione
1167 5609 1386 5666 tenetur.

1236 371 1419 425 secr.
1462 373 1541 424 tu.
1569 402 1634 410 --
1672 344 1964 424 mmth
2006 372 2241 427 DUBH.

3219 376 3320 431 6M5

1721 484 1766 535 Α
1921 500 1985 536 ns
2014 498 2355 537 sccccamcus
2382 499 2551 546 nunc,
2586 501 2651 538 ετ
2681 502 2745 539 DE
2775 501 2940 541 ιεοιιωι
2972 504 3192 543 uitiatus.

1792 570 1892 641 Sed
1916 573 2034 635 quia
2065 573 2307 622 circuitus
2327 580 2406 624 cst
2430 573 2553 623 solis
2575 575 2802 625 carmine
2825 575 3067 641 scriptus,

1798 636 1942 688 Nunc
1974 641 2298 702 assignemus
2326 641 2458 691 lunae
2486 655 2733 705 proposse
2764 636 2981 703 meatus,

1798 708 1886 754 Ast
1913 706 2040 755 alios
2073 707 2290 769 primum
2319 708 2600 772 pandumns
2631 709 2967 770 redigulares.

1793 773 1886 832 Qui
1916 773 2311 824 subscribuntnr
2336 774 2400 826 ab
2422 775 2555 827 luna:
2584 776 2847 829 mensibus
2876 778 3005 829 istis.

2395 858 2470 911 De
2494 862 2695 922 epactia.

1794 943 1950 996 Lunae
1970 945 2233 1009 circuitus,
2262 947 2455 999 lunaris
2479 946 2669 1001 dicitur
2686 965 2872 1003 annus.

2273 1032 2342 1084 Dc
2368 1034 2642 1086 inventione
2678 1038 2851 1104 nullge.

1797 1116 2108 1186 Principium
2131 1117 2299 1185 Cujus,
2324 1121 2408 1183 qui
2442 1134 2575 1171 nunc
2601 1122 2919 1183 Septembris
2950 1123 3220 1186 habentur,

1796 1183 2435 1256 Mensisadest,veterum
2464 1202 2615 1251 quem
2655 1190 2788 1240 sicut
2817 1192 2994 1255 pagina
3029 1183 3214 1256 prodit.

1795 1252 1998 1323 {Egyon
2029 1252 2270 1323 astrologi
2299 1256 2517 1323 primum
2551 1258 2794 1309 invenere
2816 1252 3045 1323 sagaces,

1796 1319 1857 1371 lii
1882 1328 1999 1370 sunt
2023 1321 2235 1371 scrutati
2266 1321 2443 1384 vigiles
2472 1333 2668 1373 secreta
2700 1319 2955 1387 polorum,

1796 1389 1961 1452 Atque
1992 1387 2335 1455 magisterium
2367 1404 2583 1455 quorum
2612 1391 2841 1445 didicere
2865 1394 3047 1453 Latini,

1798 1454 2235 1518 Gymnasiumque
2262 1466 2399 1508 artes
2428 1456 2742 1509 admirantes
2772 1460 3057 1512 imitantur.

1798 1522 1858 1573 Ili
1880 1536 2084 1588 quoque
2114 1533 2224 1585 post
2254 1523 2367 1573 illos
2390 1523 2743 1576 describentes
2770 1536 3081 1587 statuerunt.

1795 1588 1981 1657 Sedem
2010 1601 2303 1654 epactarum
2332 1591 2649 1653 Septembris
2676 1603 2825 1645 sexto
2854 1593 3131 1657 Kalendas,

1799 1656 1904 1707 llac
1931 1660 2063 1708 t-mlo
2092 1658 2298 1709 infixam
2328 1664 2557 1711 referunt
2579 1659 2627 1710 in
2658 1661 2779 1713 sede
2806 1673 3030 1716 ereatam

1799 1724 2014 1793 Lunam,
2036 1725 2179 1793 quod
2209 1727 2348 1777 nullo
2375 1728 2526 1779 terris
2558 1726 2753 1793 fulgore
2781 1730 3000 1781 refulsit.

1725 1786 1767 1843 Β
1799 1792 1939 1842 llanc
1963 1786 2079 1856 quia
2111 1794 2302 1845 nullius
2327 1796 2527 1846 numeri
2553 1786 2841 1848 variaverat
2863 1808 2986 1847 tetas

1794 1859 2025 1915 Lumine,
2058 1874 2157 1909 non
2182 1860 2336 1911 valuit
2360 1863 2559 1926 penitus
2583 1865 2841 1915 tricesima
2870 1866 2990 1924 dici,

1794 1927 1924 1996 lliuc
1953 1926 2106 1993 igitur
2132 1926 2357 1996 Phoeben
2382 1931 2522 1980 nullo
2543 1933 2822 1996 splendore
2851 1935 3094 1995 scientes,

1792 1994 1987 2055 Nullas,
2019 2005 2227 2059 epactas
2255 1995 2395 2047 illntn
2423 1994 2605 2047 dixere
2636 2012 2726 2062 per
2752 2012 2961 2050 annum.

1793 2068 1887 2113 Ast
1911 2063 2007 2111 alia
2033 2064 2255 2127 primum
2287 2065 2441 2115 terris
2467 2066 2530 2114 de
2559 2068 2749 2115 lumine
2780 2068 2974 2125 ltnnen,

1796 2130 2037 2198 Fundens
2066 2130 2178 2181 lncc
2210 2145 2361 2192 nova,
2389 2144 2529 2183 reme
2556 2142 2634 2183 est
2665 2142 2785 2185 tunc
2813 2135 2975 2198 prima
3001 2144 3197 2193 vocati,

1792 2198 1856 2267 Et
1885 2196 2127 2267 quoniam
2160 2200 2312 2249 tetris
2345 2199 2508 2250 illuxit
2536 2200 2729 2252 lumine
2759 2196 3000 2266 primum,
3194 2210 3199 2215 '

1795 2264 1885 2314 liic
1915 2264 2299 2381 [arius‘incuepta
2330 2275 2410 2318 est
2438 2271 2693 2319 numerari
2718 2264 2897 2332 quinto
2925 2270 3168 2320 Kalendis

1795 2332 1857 2381 Et
1876 2346 1940 2381 nu
1981 2334 2112 2381 uiam
2140 2334 2375 2381 Octobris
2403 2334 2578 2381 evenit
2606 2335 2781 2381 auium
2810 2335 3068 2381 Kalendis-

1793 2332 1857 2400 left
1876 2332 2112 2394 qubuiam
2140 2334 2375 2386 Octobris
2403 2334 2578 2384 evenit
2606 2335 2781 2400 quinta
2810 2335 3068 2391 Kalendis.

1792 2398 1916 2469 {iam
1942 2408 2309 2469 quotacunque
2330 2402 2420 2451 l'nit
2446 2410 2565 2451 tunc
2587 2398 2725 2462 luna,
2744 2404 3033 2469 quibusque
3051 2403 3314 2465 Kalendis,

1793 2467 2050 2518 Meusibus
2080 2467 2157 2517 liis
2185 2468 2273 2523 toti
2296 2471 2395 2517 lem
2417 2468 2713 2519 scribuntur
2741 2467 3081 2534 rcdigul:ires.

1794 2534 1891 2584 ista
1923 2534 2129 2600 quidem
2159 2537 2323 2601 currit
2353 2550 2443 2600 per
2472 2546 2683 2588 cunctos
2714 2538 2889 2601 regula
2918 2552 3141 2589 menses.

2258 2622 2333 2673 De
2362 2624 2625 2675 undecima
2650 2634 2845 2691 epaetd.

1791 2709 2121 2764 Undecimain
2153 2720 2268 2776 post
2297 2710 2394 2763 hoc
2431 2725 2565 2762 anno
2592 2712 2792 2763 discere
2822 2715 3079 2778 sequenti,

1794 2785 2033 2843 hpactam
2066 2788 2169 2830 tota
2199 2788 2297 2837 est,
2326 2794 2440 2829 nam
2468 2780 2661 2831 Plitebe
2688 2782 2810 2832 sede
2841 2790 3033 2842 notata,

1793 2848 1854 2897 Et
1878 2857 2031 2911 quota
2062 2848 2185 2898 sede
2212 2861 2300 2897 sua
2326 2848 2525 2898 cunctis
2554 2846 2764 2912 effulget
2795 2849 2980 2899 inanis.

1792 2916 1997 2979 lipactzr
2029 2916 2243 2965 totidem
2272 2924 2583 2966 concurrunt
2604 2928 2809 2979 semper
2834 2916 2883 2966 in
2912 2915 3060 2980 ipsis.

1857 3016 1991 3061 QUOD
2018 3015 2214 3052 EPACTA
2240 3015 2305 3052 ΕΤ
2328 3014 2611 3053 ιῑεῦυιλιιιε
2639 3015 2835 3052 ῺΕΒΕΝΤ
2855 3015 2995 3055 ιυκαι
3020 3018 3083 3054 ΔΙ)
3112 3018 3253 3055 ΙΝΥΕ-

2214 3083 2436 3121 Μιμυωι
2476 3083 2697 3121 ᾸΞΤΛΤΕΜ
2725 3083 2893 3121 ιυΝέε.

1797 3156 2003 3221 Epactte
2030 3156 2219 3218 juncta:
2245 3170 2362 3208 cum
2388 3156 2763 3223 redigolaribus
2788 3158 2917 3218 istis,

1793 3225 2105 3288 l’raesignant
2132 3237 2288 3287 quala
2316 3223 2383 3274 sit
2410 3223 2602 3275 Plimbe
2624 3223 2813 3275 fulsura
2840 3223 3105 3277 Kalendis.

1795 3292 1988 3341 Ilorum
2019 3292 2060 3340 si
2091 3290 2336 3341 nuinerus
2364 3292 2567 3354 triginta
2594 3295 2827 3343 evenerit
2848 3294 2996 3354 infra,

1790 3360 1917 3408 'l‘ota
1943 3367 2114 3417 manet
2148 3356 2360 3418 Phoebe,
2401 3357 2492 3408 scd
2517 3360 2559 3407 si
2588 3360 2911 3411 concreverit
2938 3363 3090 3419 ultra,

1791 3425 1893 3476 Illis
1919 3425 2135 3476 sublatis
2164 3426 2332 3475 aderit
2360 3422 2448 3475 tibi
2478 3434 2580 3474 tota
2607 3423 2873 3486 Kalendis,

1793 3497 1928 3555 Quot
1960 3492 2143 3559 reliqui
2169 3492 2377 3551 fuerint,
2406 3490 2506 3543 ltoc
2532 3502 2737 3543 cous2et
2765 3493 2939 3559 regula
2965 3496 3180 3547 cunctis.

1949 3579 2095 3644 Quod
2122 3588 2242 3630 wtas
2270 3580 2403 3630 tum:
2432 3595 2517 3643 per
2540 3581 2644 3631 dies
2668 3581 2851 3633 mensis
2879 3582 3173 3634 inveniatur.

1794 3667 1896 3719 Sed
1920 3668 1962 3717 si
1994 3681 2085 3731 per
2114 3675 2275 3715 totum
2303 3666 2445 3728 cupis
2474 3665 2571 3717 hoc
2592 3678 2910 3729 cognoscere
2934 3681 3186 3727 mensem,

1796 3736 1954 3796 Sume
1980 3736 2094 3785 dies
2124 3735 2317 3799 mensis
2336 3732 2422 3799 qni
2454 3735 2749 3797 praecedunt
2778 3734 3105 3795 hodiernum,

1798 3804 1857 3852 Et
1885 3813 2243 3866 quomcunque
2264 3798 2358 3851 fuit
2382 3809 2501 3852 tunc
2532 3798 2654 3865 ipsis
2679 3800 2795 3851 luna
2818 3799 3083 3865 Kalendis,

1798 3870 1932 3921 Illius
1962 3882 2232 3920 numerum
2264 3871 2539 3919 transactis
2568 3867 2699 3920 adde
2726 3868 2929 3920 diebus.

1798 3939 1988 3988 llorum
2016 3936 2059 3988 si
2091 3950 2335 3988 numerus
2362 3936 2567 4000 triginta
2598 3936 2828 3987 evenerit
2858 3938 3007 3998 intra,

1795 4006 1922 4057 Tota
1954 4012 2127 4056 manet
2158 4004 2369 4062 Phoebe,
2400 4006 2489 4054 sed
2521 4003 2563 4053 si
2594 4015 2912 4054 concreverit
2934 4008 3085 4062 nitra,

1802 4074 1903 4139 illis
1924 4072 2141 4124 sublatis
2167 4080 2292 4133 quot
2314 4078 2509 4121 restant
2541 4079 2658 4139 tota
2677 4080 2896 4139 tenetur,

1797 4142 1895 4192 Sed
1922 4152 2089 4191 tamen
2118 4141 2214 4190 hoc
2242 4154 2372 4201 opus
2398 4147 2500 4202 est,
2527 4137 2661 4204 vigili
2687 4138 2752 4189 de
2778 4149 2949 4190 mente
2972 4148 3166 4199 notare,

1798 4210 1849 4259 Si
1876 4212 2040 4259 mensi
2071 4207 2223 4258 fuerit
2254 4206 2500 4269 inscripta
2530 4207 2774 4256 vicesima
2805 4220 2957 4257 uana.

1804 4278 1961 4327 Deme
1985 4284 2080 4339 tot,
2108 4284 2312 4327 aetatem
2337 4275 2519 4340 reliqui
2552 4274 2685 4325 lunai
2716 4275 2804 4325 tibi
2830 4277 3076 4337 pandent,

1803 4342 1909 4395 Hoc
1930 4358 2132 4409 quoque
2153 4357 2245 4395 cur
2272 4345 2358 4393 liat
2379 4346 2605 4393 conabor
2636 4342 2851 4405 prodere
2878 4344 3079 4394 metris.

2337 4446 2400 4482 ne
2429 4444 2561 4499 agaso
2591 4444 2796 4483 LUNAIU.

1806 4522 2009 4575 Zodiari
2039 4522 2238 4588 signum
2270 4520 2523 4586 percurrit
2550 4520 2792 4585 quodque
2819 4519 3038 4578 duobus,

1808 4596 1948 4641 Luna
1976 4590 2157 4641 diebus
2180 4602 2269 4639 sex
2300 4591 2462 4650 horis,
2493 4590 2639 4638 besse
2667 4588 2816 4638 unius
2844 4588 3001 4649 liorze,

1806 4660 2045 4722 Quosque
2073 4657 2181 4708 dies
2207 4658 2358 4721 igitur
2386 4658 2450 4706 de
2479 4658 2676 4706 cunctis
2705 4656 2889 4718 collige
2910 4654 3093 4721 signis,

1811 4730 1869 4776 Ισζι
1896 4726 2055 4788 juncti
2088 4726 2277 4788 pariter
2306 4722 2483 4787 viginti
2504 4735 2745 4787 (inutilior
2770 4724 2979 4784 adsunt,

1807 4794 2036 4857 Tresque
2063 4794 2175 4845 dies
2202 4803 2345 4858 potes
2369 4807 2430 4842 ex
2456 4792 2594 4840 horis
2621 4790 2967 4855 superaddere
2988 4791 3149 4850 senis,

1811 4862 1875 4912 Et
1894 4864 2014 4928 quid
2035 4865 2101 4912 sit
2123 4862 2287 4912 beSsis
2316 4874 2450 4928 nunc
2481 4862 2581 4928 bac
2612 4870 2809 4928 ratione
2838 4860 3055 4922 fatebor,

1808 4932 1861 4982 Si
1893 4926 1999 4981 tres
2027 4932 2074 4979 in
2107 4938 2274 4992 partes
2301 4927 2489 4993 aziqnid
2522 4926 2764 4978 diviseris
2794 4940 2988 4991 aequas,

1810 4999 2024 5050 Nomine
2052 5012 2265 5062 quaeque
2294 5000 2451 5047 triens
2475 4994 2651 5055 l'ertur,
2683 5002 2979 5060 cunctmque
3008 5003 3263 5055 tenentes,

1812 5066 1986 5116 i’ortio
2012 5066 2055 5115 si
2082 5066 2251 5124 fuerit,
2283 5064 2397 5113 aliis
2422 5066 2681 5113 subtracta
2707 5064 2923 5123 duabus,

1814 5134 1946 5191 Una,
1974 5132 2088 5181 dua:
2115 5132 2324 5197 reliqua:
2346 5133 2586 5182 dicuntur
2612 5131 2820 5182 nomine
2850 5132 3043 5191 chSes,

1815 5202 2041 5251 llissibus
2068 5214 2129 5251 ex
2161 5200 2237 5249 Itis
2266 5215 2353 5251 sex
2385 5208 2501 5249 octo
2532 5198 2851 5262 suppleveris
2883 5201 3056 5260 horas,

1814 5270 1903 5319 liii:
1934 5268 2089 5332 igitur
2118 5281 2332 5318 numero
2362 5266 2611 5325 Plttcbeu,
2639 5268 2836 5317 ambire
2858 5267 3077 5328 dierum,

1813 5339 1997 5388 'l‘otum
2024 5336 2293 5385 zodiacum
2320 5339 2465 5385 daret
2492 5334 2743 5399 dictisque
2769 5337 2864 5387 Sub
2886 5346 3009 5390 or-s,

1814 5406 1925 5457 Non
1957 5411 2152 5454 tantum
2176 5403 2238 5453 ad
2260 5404 2423 5455 solem
2454 5402 2621 5466 spatio
2649 5408 2867 5454 transire
2894 5404 2989 5453 sub
3017 5402 3151 5468 ipSo,

1814 5472 2057 5537 Signiferi
2088 5486 2260 5538 partes
2290 5471 2530 5533 quoniam
2559 5472 2678 5521 dttm
2710 5469 2937 5533 pervolat
2970 5471 3100 5532 ipsa,

1815 5543 1902 5594 Sol
1934 5550 2092 5592 totum
2126 5541 2284 5592 ferme
2312 5540 2473 5589 tendit
2502 5552 2802 5604 percurrere
2827 5538 3049 5602 signum,

1816 5610 1919 5661 Nec
1940 5611 2074 5660 valet
2100 5609 2306 5661 asccudi
2337 5608 2551 5671 l’ltocbc,
2578 5622 2670 5659 nec
2699 5605 2860 5671 piima
2890 5621 3083 5660 vocari.
