3862 6382
508 403 607 460 sn
1169 396 1368 452 nam
1410 394 1846 451 VENERABILIS
1884 393 2030 447 cur.
2069 392 2245 459 psus
2283 388 2368 446 ιιι.
2406 422 2473 432 -
2512 369 2981 446 Mimanta;
3596 383 3679 436 ea

504 514 564 568 Ni
597 514 692 567 sub
720 510 877 564 fratre
902 506 1045 575 prius
1067 506 1235 567 fuerit,
1266 507 1316 558 ni
1341 504 1764 570 transgrediatur,

505 584 646 648 Ergo
668 579 778 631 dies
806 578 908 630 duo
936 575 1535 648 prmdictisetguatiuor
1561 575 1703 648 liora:

511 640 803 707 Addantur,
834 640 1050 711 quorum
1084 643 1252 709 Spatio
1282 642 1531 694 Plitebum
1550 640 1670 711 ipsa
1698 647 1967 705 sequetur.

508 716 812 769 Transvolet
833 709 884 766 et
910 713 997 763 fiat
1022 724 1247 777 superno
1269 710 1461 761 lumine
1486 709 1670 772 prima,

508 786 617 836 Hoc
641 794 719 835 est
748 782 940 833 lunaris
969 773 1236 844 suppletus
1266 776 1329 830 ad
1365 778 1539 829 omnia
1562 773 1773 844 mensis,

507 854 670 915 Quem
698 863 795 902 nos
816 847 999 919 viginti
1020 841 1260 919 constare
1285 856 1579 919 novemque
1602 841 1803 919 diebus,

508 910 721 984 Insuper
744 926 798 970 et
826 910 1031 985 scriptis
1054 914 1289 966 bissenus
1315 911 1597 985 promimus
1624 910 1785 985 horis,
1809 978 1815 985 ⁸

508 979 741 1052 Namque
769 985 882 1037 dies
904 979 1054 1052 boris
1083 995 1185 1052 non
1216 988 1481 1052 permanet
1510 981 1707 1043 integer
1736 979 1868 1038 istis,

513 1056 579 1108 Et
606 1048 723 1121 quia
750 1061 859 1103 tum
883 1049 1124 1121 dividitur
1153 1049 1205 1121 in
1232 1048 1506 1121 mensibus
1523 1060 1676 1121 unus,

510 1113 737 1175 Alterius
756 1120 947 1172 mensis
973 1117 1141 1169 bissex
1164 1115 1463 1180 implebitur
1492 1113 1658 1173 boris,

513 1192 803 1243 Praesertim
834 1187 997 1253 primo
1018 1183 1172 1237 fuerit
1194 1198 1312 1253 cum
1342 1181 1553 1235 cardine
1579 1182 1777 1253 mundi,

512 1259 564 1310 lu
595 1257 756 1311 inedia
786 1249 1030 1307 succensa
1055 1254 1160 1312 die,
1192 1249 1283 1303 sed
1311 1264 1488 1302 mense
1524 1250 1772 1309 secundo,

512 1328 672 1379 Nocte
698 1326 990 1376 alternatim
1017 1320 1207 1383 media,
1238 1320 1314 1370 sic
1344 1318 1465 1370 inde
1490 1317 1741 1377 cucurrit,

515 1396 573 1446 lli
595 1394 765 1445 cuncti
794 1404 1051 1442 summam
1073 1400 1276 1441 menses
1303 1387 1603 1452 redigantur
1625 1385 1674 1435 in
1702 1400 1880 1447 unam,

517 1464 643 1515 llinc
669 1471 719 1512 et
747 1466 1032 1527 tercentum
1062 1470 1177 1507 cum
1208 1454 1579 1527 quinquaginta
1607 1452 1790 1503 diebus
1820 1516 1827 1527 1

513 1535 766 1593 Quattuor
788 1525 1011 1593 adjectis
1026 1520 1481 1593 annutnconstare
1511 1520 1754 1573 fatemur.

515 1590 609 1651 llic
631 1605 712 1650 est
734 1595 821 1661 qui
848 1590 1051 1659 proprie
1073 1591 1267 1643 limaris
1287 1590 1475 1642 dicitur
1497 1601 1683 1640 annus.

570 1700 702 1748 QUOD
726 1696 827 1738 UNL
856 1696 1051 1736 ΕΡΔΟΤΔ
1081 1694 1393 1734 ικνεκιλτυιι
1417 1693 1515 1731 PER
1542 1692 1722 1741 ALIAI,
1754 1691 1985 1729 Αοωιθιιιο

931 1760 933 1763 ’
1156 1762 1400 1801 υμυεοιιι.
1438 1756 1441 1761 ’

513 1843 637 1897 Illud
664 1853 716 1896 et
740 1844 926 1896 intuitu
955 1853 1090 1894 nunc
1110 1836 1464 1899 contemplare
1486 1835 1676 1903 sagaci,

515 1913 659 1976 Quod
680 1913 884 1973 damus,
913 1918 967 1962 et
991 1910 1205 1960 memori
1229 1904 1539 1976 patefactum
1571 1912 1745 1956 mente
1770 1918 1982 1971 rcponc.

515 1974 608 2032 liic
635 1988 928 2041 epactarum
948 1977 1108 2029 series
1127 1985 1179 2026 et
1204 1975 1346 2039 origo
1377 1974 1586 2039 patebit,

517 2051 647 2100 Sunt
664 2040 768 2100 duo
795 2045 1075 2111 inazquales
1096 2043 1185 2094 tibi
1210 2055 1341 2111 quos
1369 2040 1769 2111 monstravimus
1796 2042 1939 2093 anui.

520 2116 749 2168 Vincitur
770 2108 988 2167 undenis
1015 2112 1210 2165 lunaris
1232 2110 1397 2162 l'orma
1420 2108 1622 2171 diebus,

519 2184 609 2235 llis
632 2183 749 2249 quia
782 2183 976 2234 lunaris
1005 2181 1127 2231 solis
1152 2179 1510 2249 superatur‘ab
1538 2192 1697 2236 anno,

519 2244 744 2305 Undenze
763 2257 957 2314 epactae
978 2252 1247 2314 sumuntur
1274 2245 1325 2295 in
1353 2244 1535 2296 ordine
1561 2249 1748 2308 primo,

519 2319 647 2369 llinc
670 2312 915 2368 numerus
941 2315 1141 2367 cunctis
1160 2312 1378 2364 addatur
1402 2326 1608 2379 semper
1635 2314 1687 2367 in
1716 2312 1864 2366 anuis

521 2386 724 2451 Epaetis
749 2384 920 2435 allinis
944 2380 1351 2451 praecedentibus
1372 2381 1541 2441 anuis,

515 2448 660 2517 Quod
688 2455 856 2504 minus
883 2460 968 2503 aut
995 2450 1109 2516 plus
1136 2458 1216 2501 est
1241 2448 1442 2513 triginta
1466 2464 1530 2500 ex
1552 2462 1696 2501 inore
1718 2448 1942 2511 tenebis,

517 2521 653 2572 Illius
672 2530 879 2586 epactas
908 2519 1027 2570 anni
1050 2518 1137 2582 qui
1168 2526 1397 2586 tempore
1420 2518 1623 2578 transit,

514 2584 735 2641 (lctavas
761 2589 985 2641 decimas
1013 2596 1218 2652 epactas
1247 2584 1456 2635 ultimus
1477 2598 1642 2652 annus

511 2658 769 2718 Continet,
800 2657 880 2708 bis
905 2668 1023 2707 cum
1052 2651 1464 2719 praacedentibus
1489 2651 1694 2704 additur
1723 2667 1878 2715 unus,

516 2725 607 2776 llic
626 2725 709 2789 qui
739 2722 900 2775 lunari
928 2735 1134 2786 semper
1162 2720 1464 2773 subducitur
1485 2734 1643 2782 anno,

520 2791 813 2855 Philosophi
835 2790 1023 2842 saltum
1046 2803 1198 2851 quem
1232 2790 1363 2838 lunae
1387 2790 1597 2839 nomine
1624 2788 1823 2851 dicunt,

516 2860 589 2911 De
610 2872 710 2926 quo
735 2858 779 2909 si
801 2857 935 2908 Deus
956 2855 1191 2926 annuet-it
1214 2856 1551 2926 tractabimus
1577 2856 1701 2926 alte,

514 2922 655 2990 Quos
677 2926 722 2978 si
747 2923 1016 2991 conjungis
1040 2925 1229 2989 pariter
1255 2922 1464 2988 triginta
1494 2924 1712 2985 tenebis,

515 2996 605 3047 liae
632 3003 750 3046 sunt
771 3002 964 3059 epacta:
993 3006 1108 3057 qua:
1132 3002 1347 3042 currunt
1372 2992 1585 3043 cardine
1614 2994 1799 3058 primo,

517 3064 653 3114 Illius
679 3064 810 3130 cycli
841 3061 1066 3130 retinent
1086 3074 1238 3130 quem
1261 3060 1712 3130 semperllebrtei,

512 3132 649 3195 Quas
677 3127 908 3181 niensum
935 3127 1108 3195 jungis
1135 3127 1176 3175 si
1208 3128 1585 3195 redigularibus
1612 3128 1756 3192 ipsis,

526 3191 624 3250 Pro
645 3211 861 3249 numero
887 3191 1041 3252 lunae,
1074 3207 1287 3244 numero
1316 3191 1559 3244 subdnris
1585 3191 1813 3256 easdem,

526 3265 591 3317 Et
618 3277 858 3315 mtnrcras
884 3265 1073 3321 lunam,
1104 3261 1237 3311 sicut
1262 3262 1383 3310 dant
1411 3260 1746 3326 rcdigulares,

520 3332 660 3384 Illius
684 3332 736 3383 in
768 3329 958 3381 mensis
983 3330 1100 3380 anui
1131 3327 1382 3393 cujusque
1409 3326 1673 3389 Kalendis,

521 3403 649 3453 llinc
674 3400 832 3453 etiam
858 3400 943 3465 qui
966 3397 1118 3448 modo
1145 3404 1355 3461 epactas
1379 3396 1554 3449 dicere
1581 3398 1765 3451 nullas.

706 3528 771 3565 DE
799 3524 945 3564 ANNIS
971 3522 1404 3562 EIIBOLISIALIBUS
1432 3523 1498 3560 ΕΤ
1521 3523 1860 3562 εοιιιιυκιηιλς.

523 3624 668 3675 Nunc
692 3635 755 3674 ex
783 3618 1136 3673 endibolismis
1162 3625 1215 3669 et
1236 3617 1591 3668 communibus
1620 3619 1789 3678 asinis,

526 3694 841 3743 l‘ertractare
869 3688 1212 3738 necessarium
1233 3684 1555 3736 decernimus
1581 3684 1748 3749 isthic,

529 3758 854 3810 Euucleatius
875 3765 928 3805 ut
952 3754 1083 3805 lunze
1113 3756 1297 3803 saltum
1327 3767 1637 3805 reseremus.

528 3825 688 3876 Divini
712 3823 826 3876 libri
856 3830 1068 3874 testatur
1099 3822 1277 3886 pagina
1308 3821 1500 3881 lunam,
1557 3848 1569 3866 τ

530 3893 736 3943 lnlixam
764 3891 896 3943 ctelo
920 3902 1123 3939 cursum
1147 3890 1242 3937 sub
1269 3888 1378 3939 sole
1399 3888 1659 3949 habuisse,

534 3964 587 4011 ιιι
611 3967 789 4025 quarta
816 3957 937 4009 feria
968 3956 1203 4025 positam,
1232 3968 1437 4005 cursum
1461 3956 1578 4025 inde
1606 3958 1806 4018 tulissm

528 4022 693 4094 Atque
718 4026 804 4079 die
823 4038 921 4090 qua
952 4027 1123 4094 prima
1141 4024 1255 4085 iuit,
1286 4037 1385 4073 non
1418 4022 1578 4088 prima
1610 4026 1826 4087 refulsit,

529 4096 587 4146 Ni
613 4091 735 4161 post
761 4107 921 4145 annos
951 4092 1069 4143 inde
1097 4091 1321 4143 decenos
1341 4098 1500 4161 atque
1530 4107 1780 4155 niivenos,

533 4158 634 4214 llic'
651 4164 782 4214 luuze
806 4174 988 4212 cursus
1012 4167 1112 4222 est,
1141 4162 1316 4227 cyclus
1336 4158 1450 4223 jure
1477 4170 1709 4221 vocatus,

532 4230 653 4281 Inde
678 4231 813 4282 velut
838 4228 1056 4290 primum
1088 4242 1176 4289 per
1202 4230 1442 4279 eumdem
1471 4236 1753 4283 transmeat
1779 4231 1982 4294 orbem,

531 4297 689 4364 tlujus
716 4297 878 4362 prima
898 4304 1050 4358 caput
1081 4294 1263 4345 transit
1288 4295 1482 4347 lunatio
1510 4298 1706 4359 tnundi,

530 4367 654 4428 Qua:
678 4375 909 4430 quartam
933 4364 1184 4413 decimam
1214 4365 1469 4426 completo
1498 4364 1691 4415 lumine
1720 4367 1888 4417 lunam

533 4434 715 4485 Attulit
739 4434 787 4482 in
818 4430 993 4491 Nonis,
1021 4430 1107 4495 qui
1133 4444 1266 4481 nunc
1291 4438 1372 4481 est
1398 4430 1590 4482 mensis
1619 4436 1829 4497 Aprilis,

537 4502 715 4565 Aptius
742 4510 793 4550 ut
821 4498 1069 4564 Memphis
1088 4498 1283 4558 docuit,
1313 4508 1457 4563 potes
1480 4497 1574 4549 ista
1598 4499 1789 4562 videre,

534 4567 723 4631 [tegula
754 4580 870 4618 nam
896 4579 1110 4629 quorum
1139 4566 1285 4633 cyclo
1313 4567 1550 4618 dissentit
1579 4566 1813 4629 liciti-aeu,

537 4636 637 4687 Sed
663 4647 866 4700 propter
898 4633 1091 4685 Pascha
1118 4633 1259 4685 varie
1284 4633 1618 4686 describimus
1641 4636 1754 4699 ista,

536 4703 665 4755 llinc
695 4704 843 4768 igitur
864 4704 1038 4768 cyclus
1063 4708 1142 4752 est
1163 4701 1248 4753 tali
1269 4701 1475 4753 nomine
1498 4702 1687 4765 dictus,

538 4773 666 4822 llinc
687 4786 774 4836 per
801 4783 1100 4821 communes
1121 4783 1283 4821 annos
1307 4770 1361 4819 lit
1382 4780 1434 4838 et
1460 4771 1712 4823 endibolis
1738 4789 1850 4838 nos,

536 4842 631 4903 Qui
658 4835 758 4890 duo
783 4838 1076 4903 praecedunt
1098 4851 1399 4889 communes
1417 4835 1536 4902 jure
1560 4852 1824 4897 vocantur,

536 4907 681 4967 Quod
712 4906 899 4957 iuerint
918 4905 1078 4956 clausi
1103 4905 1320 4957 bissenis
1340 4904 1604 4957 mensibus
1629 4921 1787 4972 anno,

538 4976 637 5027 Sed
664 4986 1123 5040 superaccresccns
1142 4974 1393 5026 vocitatur
1416 4975 1599 5025 tertius
1622 4975 1728 5035 ille,

542 5042 782 5107 Uuusque
802 5041 1011 5102 mensis,
1044 5040 1144 5091 hoc
1167 5050 1245 5090 est
1272 5041 1463 5091 lunatio
1490 5042 1672 5107 crevit,

540 5110 659 5161 inde
684 5124 902 5175 sequens
928 5123 1092 5160 annus
1119 5108 1391 5173 primordia
1417 5110 1634 5173 sumpsit
1657 5112 1720 5160 ab
1741 5112 1844 5175 illa,

537 5181 663 5241 Quze
686 5190 919 5243 quartam
942 5178 1191 5227 decimam
1221 5176 1390 5240 prodit
1416 5176 1606 5229 lunatio
1629 5180 1819 5243 lunam,

540 5248 656 5298 Post
691 5249 841 5296 horas
870 5248 1033 5295 noctis
1061 5245 1286 5309 aequales
1314 5252 1467 5308 atque
1487 5244 1610 5307 diei,

534 5316 590 5368 In
621 5331 719 5378 qua
751 5312 1011 5365 Paschalis
1041 5328 1067 5361 a
1100 5316 1259 5375 prima
1291 5313 1535 5363 terminus
1560 5314 1715 5378 adsit,

530 5382 643 5437 Sive
665 5382 771 5437 ‘sub
799 5384 979 5449 mquali
1012 5379 1363 5435 tantummodo
1392 5388 1624 5449 tempore
1658 5387 1764 5445 tiat,

532 5454 684 5519 llude
716 5457 768 5504 lit
798 5447 1081 5516 ut'scmper
1109 5455 1184 5502 sic
1210 5458 1411 5503 crescat
1433 5447 1656 5501 circulus
1674 5452 1787 5519 ille,

534 5518 733 5572 l'ra‘tcr
764 5521 813 5572 in
834 5520 1085 5587 ogdoade,
1118 5520 1250 5582 quod
1278 5534 1378 5571 non
1407 5520 1472 5571 sit
1493 5526 1546 5569 et
1573 5520 1868 5573 Iteudecade
1895 5534 2050 5570 anno.

535 5591 737 5654 Quique
762 5601 950 5640 etcmm
980 5602 1198 5652 quorum
1226 5601 1551 5640 communem
1588 5590 1805 5651 prmtulit
1838 5604 2047 5647 annum.

537 5650 626 5707 llic
648 5650 915 5715 notabilior
944 5650 1078 5723 quod
1110 5656 1251 5728 cyclo
1273 5666 1470 5710 constet
1498 5656 1701 5718 eodem,

2077 4427 2128 4483 D

2064 505 2110 561 Α
2141 499 2336 551 Dicitur
2360 507 2580 551 octavus
2604 514 2668 553 ex
2693 497 2877 551 Grzcco
2905 494 3114 550 nomine
3141 494 3326 547 factus.

2138 568 2405 621 llendecas
2434 569 2519 621 hic
2545 567 2786 634 quoniam
2809 566 3113 617 undecimus
3140 573 3257 630 pust
3285 558 3589 634 ogdoadem
3612 559 3678 611 ﬁt.

2135 634 2216 687 Ad
2238 650 2510 687 numerqu
2532 632 2750 701 quorum
2782 634 2917 687 facili
2949 634 3151 684 ratione
3179 632 3418 691 notabis,

2142 703 2578 754 Endibolismales
2598 710 2721 754 sunt
2737 706 2856 754 anni
2885 701 3108 767 denique
3131 710 3352 763 septem,

2137 770 2425 835 Nonaginta
2454 785 2588 821 unus
2611 771 2768 822 etiam
2798 783 3001 821 menses
3032 776 3399 827 numerantur.

2139 838 2276 889 Auni
2304 853 2608 891 communes
2632 853 2762 903 quos
2785 837 2952 901 signat
2980 836 3157 903 regula
3192 835 3392 891 bissex,

2137 904 2356 978 Qentum
2378 907 2721 978 quadraginta
2754 907 2871 978 aliis
2899 914 2952 958 et
2977 915 3222 978 quattuor
3250 904 3484 978 addunt,

2142 974 2275 1025 Sunt
2302 974 2497 1039 pariter
2519 971 2913 1041 juiu-ti'triginta
2945 982 2998 1025 et
3022 973 3252 1039 quinque
3270 971 3506 1041 ducenti

2139 1041 2241 1092 Sed
2272 1040 2527 1105 promissa
2554 1042 2646 1093 tibi
2677 1040 2811 1094 nunc
2838 1042 3097 1094 disserere
3124 1040 3465 1105 incipiamus,

2139 1108 2403 1164 Mensibus
2428 1118 2482 1163 et
2502 1110 2640 1162 luna:
2664 1113 2849 1162 saltum
2881 1110 3167 1176 pandamus
3190 1110 3257 1161 ab
3284 1107 3429 1161 istis.

2693 1214 2758 1251 DE
2787 1210 2945 1250 διιτο
2966 1212 3139 1251 ιυκι.

2139 1284 2380 1350 Signiferi
2411 1286 2527 1351 post
2553 1286 2827 1339 circuitum
2856 1300 2974 1337 cum
3008 1285 3172 1350 prima
3203 1293 3387 1336 vocata
3416 1290 3527 1344 est,

2143 1354 2211 1405 Et
2230 1368 2476 1406 succensa
2499 1354 2593 1406 fuit
2628 1354 2795 1406 lunari
2827 1368 3007 1406 mense
3038 1362 3269 1419 peracto,

2142 1420 2285 1473 Luna
2311 1423 2675 1475 duodecimam
2699 1424 2918 1475 necdum
2946 1423 3237 1488 perfecerat
3267 1423 3483 1484 horam,

2143 1490 2531 1557 Restabantque
2560 1504 2717 1556 super
2746 1491 2814 1542 illi
2841 1505 2994 1556 quam
3024 1489 3248 1541 diximus
3278 1488 3448 1549 hunc,

2145 1558 2231 1610 Bis
2248 1558 2360 1610 duo
2388 1568 2672 1623 momenta,
2703 1559 3053 1623 momentiqne
3080 1566 3131 1609 et
3154 1558 3306 1608 uncia
3329 1566 3384 1608 et
3415 1572 3573 1616 unus,

2144 1625 2366 1678 Tantum
2400 1638 2603 1678 atomus
2631 1642 2747 1692 qua:
2773 1626 3033 1678 individua
3064 1636 3143 1678 est
3174 1628 3425 1690 temporis
3456 1637 3619 1691 apte:

2146 1695 2273 1755 Qua:
2296 1696 2373 1746 sic
2401 1705 2653 1761 augentur
2684 1710 2775 1758 per
2799 1706 3016 1747 cunctos
3036 1695 3207 1746 omnia
3240 1707 3478 1756 menses,

2151 1761 2443 1813 Dimiuuant
2470 1779 2628 1814 unum
2652 1779 2869 1815 numero
2900 1764 3095 1815 lunaris
3122 1772 3178 1814 ut
3201 1763 3346 1821 anni,

2076 1804 2121 1862 Β
2147 1804 2419 1894 ﬁliiﬁlii";
2428 1804 2873 1899 'di'éiii'iaiif'ﬁtiité
2895 1804 3095 1884 ἔιὶἰᾶἱέ
3122 1804 3427 1898 saeuis.

2146 1900 2381 1961 Qualiter
2402 1914 2500 1949 una
2525 1898 2636 1951 dies
2662 1915 2724 1951 ex
2757 1901 2869 1953 istis
2901 1901 3096 1966 integra
3126 1908 3351 1951 crescat.

2144 1968 2245 2035 δεδι]
2276 1968 2398 2033 quia
2421 1978 2541 2018 sunt
2569 1981 2777 2019 menses
2799 1968 3001 2032 triginta
3020 1965 3080 2019 et
3107 1966 3336 2035 quinque
3362 1965 3595 2027 ducenti,

2149 2033 2266 2084 Illos
2290 2049 2381 2096 pro
2406 2048 2620 2085 numero
2644 2046 3025 2087 momentorum
3049 2033 3169 2087 ante
3192 2038 3373 2098 relato,

2144 2102 2490 2172 Quadrupeda
2516 2111 2569 2155 et
2592 2105 2834 2169 noiiginta
2865 2112 2918 2155 et
2936 2103 3277 2172 quadraginta
3300 2103 3526 2165 videbis,

2150 2169 2212 2219 Et
2241 2172 2484 2232 quoniam
2519 2172 2721 2235 punctis
2752 2174 2931 2222 horam
2961 2169 3202 2224 cou~tare
3229 2172 3502 2236 quaternis

2148 2237 2396 2306 picimus,
2426 2247 2478 2289 ct
2508 2248 2692 2303 puncta
2723 2241 3003 2292 momentis
3031 2240 3235 2306 singula
3266 2239 3441 2299 denis,

2148 2304 2246 2373 Per
2269 2308 2603 2373 quadraginta
2633 2317 2936 2361 cunctorum
2967 2304 3141 2361 divide
3168 2322 3448 2369 summam,

2146 2371 2490 2440 luvciiiesque
2524 2380 2677 2425 horas
2699 2374 2874 2441 viginti
2906 2387 3011 2426 tres
3042 2377 3390 2441 mediamque,

2145 2442 2312 2493 Alteri
2342 2443 2432 2494 sed
2458 2444 2501 2493 si
2522 2456 2665 2509 pars
2690 2444 2842 2508 liujus
2872 2444 3199 2509 supplebitur
3227 2443 3392 2504 horae,

2145 2512 2375 2578 Quinque
2397 2508 2705 2562 duodecima
2730 2522 2812 2563 est
2842 2508 3012 2563 rerum
3041 2526 3158 2578 pars
3189 2514 3335 2564 uncia
3363 2512 3526 2570 dicta.

2147 2576 2336 2646 Verum
2367 2589 2684 2629 momentum
2708 2594 2957 2632 numerus
2976 2576 3248 2633 duodenus
3272 2580 3547 2646 adimplet,

2149 2645 2389 2715 lfllliciunt
2422 2647 2577 2713 igitur
2604 2649 2807 2713 triginta
2838 2659 2889 2700 et
2912 2650 3143 2715 quinque
3171 2645 3427 2712 ducentae,

2144 2714 2380 2780 Quinque
2406 2716 2482 2765 bis
2503 2724 2654 2780 atque
2676 2730 2861 2769 novem
2885 2714 3167 2777 momenta,
3194 2718 3316 2781 ipsis
3336 2731 3417 2779 lue
3436 2715 3665 2769 subsun'.

2144 2786 2352 2846 Septem
2380 2797 2507 2845 quas
2528 2783 2714 2835 atomis
2743 2799 2978 2835 mensum
3006 2786 3251 2848 supplere
3274 2799 3490 2837 necesse
3518 2793 3611 2843 εει,

2145 2850 2494 2917 Quadraginta
2524 2852 2709 2901 atomis
2731 2863 2929 2916 septem
2955 2853 3135 2915 sinml,
3170 2856 3315 2905 uncia
3345 2862 3565 2905 constat.

2149 2917 2224 2986 lix
2253 2918 2440 2970 atomis
2469 2918 2623 2983 igitur
2652 2919 2858 2985 triginta
2886 2929 2940 2972 et
2967 2922 3193 2986 quinque
3221 2922 3481 2981 ducentis,

2149 2983 2324 3039 Uncia:
2346 2994 2402 3055 et
2428 2995 2700 3053 augentur,
2724 2983 2852 3055 quas
2879 2983 3122 3055 quinque
3136 2992 3419 3055 decemque
3448 2992 3632 3047 notari,

2148 3056 2286 3117 Quas
2315 3053 2357 3104 si
2389 3057 2703 3119 praiscriptis
2724 3053 2921 3120 septem
2945 3053 3280 3121 conjuuxeris
3301 3053 3469 3123 usque,

2074 3122 2122 3184 C
2154 3123 2467 3173 Momentum
2495 3123 2689 3175 el'licies
2720 3139 2733 3174 :
2764 3126 2983 3189 aliisque
3006 3127 3225 3176 addatur
3254 3127 3316 3176 ad
3348 3122 3532 3191 ipsum,

2152 3191 2266 3251 Quo
2290 3203 2531 3239 numerus
2554 3191 2736 3243 inediae
2758 3192 2939 3257 juncto
2967 3194 3292 3258 supplebitur
3320 3197 3482 3257 horae,

2152 3258 2278 3329 Quae
2305 3258 2347 3308 si
2370 3260 2547 3329 viginti
2577 3260 2843 3329 tribusiest
2870 3262 3059 3313 media:
3088 3276 3293 3328 quoque
3315 3262 3507 3329 vineta,

2154 3327 2354 3390 Integer
2375 3326 2463 3377 ille
2491 3328 2622 3391 dies,
2655 3328 2830 3394 viginti
2854 3326 3266 3392 quattuor'ltoris

2150 3394 2453 3463 tionlicitur,
2482 3396 2565 3460 qui
2595 3396 2671 3447 sic
2697 3400 2889 3447 lunaris
2917 3397 3081 3463 saltus
3110 3399 3349 3463 habetur,

2153 3461 2207 3514 ln
2231 3476 2367 3513 nono
2392 3463 2593 3513 decimo
2622 3466 2751 3531 cycli
2780 3478 2899 3515 cum
2928 3462 3098 3517 Julius
3123 3480 3282 3529 anno,

2158 3531 2425 3599 Debentut
2447 3544 2653 3595 semper
2684 3535 2841 3584 ternis
2863 3547 3138 3586 numerare
3161 3532 3422 3599 Kalendis,

2153 3597 2367 3666 Augusti
2391 3597 2562 3649 lunam
2590 3600 2792 3666 sibique
2818 3603 3061 3653 vicesima
3091 3603 3200 3666 liat,

2156 3664 2247 3715 liic
2271 3675 2635 3731 praetergressa
2665 3664 2924 3722 tricesima
2952 3680 3188 3729 vocatur,

2152 3732 2432 3805 'l‘ertiaque
2460 3737 2676 3794 Augusti
2709 3746 3009 3789 numeratur
3029 3739 3149 3802 jure
3174 3738 3434 3805 Kalendis,

2153 3801 2247 3851 Ast
2275 3812 2571 3866 epartarum
2602 3814 2805 3857 consul
2827 3801 3040 3857 ratione
3057 3810 3292 3868 secundi,

2155 3868 2279 3922 Inde
2309 3879 2448 3923 tenet
2474 3872 2682 3923 cursum
2709 3888 2798 3938 per
2818 3882 3033 3926 cunctos
3064 3876 3390 3928 inviolatum.

2562 3977 2695 4024 quor
2729 3976 2878 4015 nonis
2903 3979 3103 4019 Lucan
3135 3982 3288 4020 tum.

2153 4048 2221 4132 At
2247 4050 2288 4102 si
2311 4052 2618 4132 scire_cupis
2646 4064 2770 4119 quot
2796 4055 2990 4132 Plitebe
3021 4056 3186 4108 luceat
3221 4057 3378 4120 horis,

2152 4120 2431 4187 gremento
2458 4120 2583 4172 lucis
2607 4132 2824 4187 puuctos
2853 4123 3096 4174 adhibeto
3121 4132 3419 4187 quaternos,

2152 4184 2399 4258 Noctibus
2429 4188 2480 4241 in
2508 4184 2710 4242 cunctis
2737 4203 2765 4240 a
2790 4191 2951 4258 prima
2982 4184 3223 4243 novimus
3252 4184 3441 4258 ipsam,

2154 4255 2231 4328 t_\_d
2259 4256 2489 4319 quintam
2519 4258 2771 4309 decimam
2792 4255 3015 4328 quodat
3044 4258 3241 4311 lumine
3263 4255 3432 4328 plena,

2158 4323 2217 4394 ξι
2240 4328 2502 4394 sexaginta
2533 4340 2624 4392 per
2646 4323 2863 4391 punctos
2892 4325 3086 4394 fulgeat
3107 4329 3237 4392 ipSa,

2161 4391 2221 4460 Et
2251 4392 2407 4444 facies
2434 4395 2602 4459 quinis
2642 4397 2819 4446 horam
2847 4391 3134 4448 consistere
3157 4391 3379 4460 punctis.

2152 4458 2487 4524 inveniesque
2506 4470 2665 4525 quoto
2696 4472 2885 4525 puncto
2915 4465 3030 4512 luna
3064 4458 3233 4515 luceat
3262 4466 3405 4525 liora,

2150 4529 2190 4576 Α
2215 4530 2391 4592 quinta
2419 4529 2617 4581 decima
2640 4543 2855 4581 munero
2880 4530 3172 4597 deplebitur
3202 4546 3383 4597 usque.

2151 4597 2264 4659 Quo
2289 4597 2461 4647 lumen
2491 4598 2670 4662 perdat
2687 4599 2842 4649 simul
2872 4606 2925 4651 et
2953 4598 3218 4663 trigesima
3249 4604 3356 4660 hat,

2151 4670 2319 4731 Atque
2344 4666 2515 4731 quotis
2536 4664 2711 4717 itidem
2737 4667 2939 4731 punctis
2963 4668 3080 4719 luna
3113 4668 3280 4720 luceat
3306 4667 3467 4729 boris,

2151 4730 2487 4800 lnvenietsque
2516 4733 2709 4787 Plimbe
2736 4730 2826 4787 sed
2855 4737 2927 4788 nil
2957 4735 3218 4788 tricesima
3248 4736 3403 4800 lucet,

2150 4799 2258 4869 Soli
2285 4801 2510 4864 subjecta
2542 4804 2724 4869 majori
2753 4803 2945 4855 lumine
2975 4816 3140 4869 rapta,

2154 4868 2296 4936 lianc
2320 4872 2499 4919 ituram
2529 4868 2694 4921 Graeci
2722 4871 2969 4933 vocitant,
3000 4873 3297 4936 coitumque
3320 4871 3506 4934 Latini,

2154 4934 2360 5007 lincunt,
2392 4938 2526 5007 quod
2560 4939 2752 5002 pariter
2777 4940 3089 5003 coniunctim
3118 4934 3294 4991 currat
3317 4954 3540 5007 uterque,

2154 5003 2397 5068 Eclipsim
2418 5004 2545 5055 solis
2568 5007 2677 5056 lieri
2703 5022 2803 5071 quo
2827 5015 3056 5072 tempore
3084 5011 3265 5069 claret,

2151 5077 2247 5123 Ast
2270 5086 2333 5123 ex
2371 5073 2468 5122 hoc
2492 5074 2611 5124 alibi
2634 5086 2840 5126 carmen
2868 5075 3146 5127 dictabitur
3174 5092 3368 5142 aptum.

2150 5175 2284 5221 QUOD
2312 5175 2554 5213 SUPERIUS
2580 5176 2810 5214 DISIUIJT
2841 5177 2905 5214 DE
2937 5178 3131 5227 Αετιιιε,
3163 5180 3293 5218 NUNC
3337 5175 3623 5227 EXSZQl‘liD'

2153 5249 2294 5318 Nunc
2324 5250 2388 5301 de
2408 5248 2655 5315 signifero
2679 5251 2911 5315 quasdam
2936 5268 3225 5318 memorare
3250 5269 3484 5318 nece~se,

2153 5314 2207 5386 lu
2230 5332 2338 5386 quo
2375 5314 2499 5368 sunt
2524 5320 2622 5368 lixa
2656 5314 2856 5385 tempus
2885 5320 3131 5371 variantia
3159 5315 3324 5386 signa,

2152 5384 2259 5453 Sub
2288 5400 2389 5451 quo
2414 5388 2629 5448 planetu:
2654 5384 2852 5438 variant
2880 5402 2971 5451 per
2995 5384 3227 5453 tempora
3254 5405 3461 5443 cursum

2152 5452 2303 5522 tit-bis
2328 5453 2527 5505 zodiaci
2549 5457 2623 5505 sic
2650 5456 2941 5522 obliquatur
2965 5459 3031 5507 ab
3061 5452 3238 5518 Arcto,

2158 5519 2221 5595 lit
2240 5520 2304 5572 sit
2332 5535 2575 5595 zonarum
2604 5519 2785 5574 inedia'
2798 5532 3071 5595 porrectus
3094 5524 3156 5575 ad
3183 5529 3449 5595 Austrum,

2153 5591 2401 5661 Quattuor
2429 5598 2514 5661 est
2533 5590 2664 5644 inter
2686 5591 2975 5661 _zouas_ltoc
3002 5594 3109 5645 sole
3134 5605 3358 5661 perusta,

2156 5654 2211 5708 in
2238 5658 2406 5713 medio
2433 5658 2581 5726 cujus
2612 5658 2757 5714 Aries
2780 5666 2831 5715 et
2860 5658 3012 5716 Libra
3041 5654 3293 5729 residunt,

3336 6284 3397 6299 μμ
