3862 6332
3318 0 3796 388 Ἴ

561 396 650 455 Elii
1249 402 1441 455 Μ’ζῦΛί
1485 402 1919 456 VI'LNEIMBHJS
1956 402 2061 454 UPI

2166 400 2310 457 ’ARS
2348 402 2431 455 Ill.
2472 432 2539 442 —
2578 400 3034 455 PARIENI‘ITICA.
3608 405 3683 455 65.!

569 519 730 583 Cujus
761 518 1057 582 principium
1091 517 1249 581 prima
1280 526 1360 568 est
1390 519 1583 567 luuatio
1608 518 1803 576 uuuuli,

576 590 662 637 Ast
688 595 976 649 epactarum
1000 588 1102 641 fuit
1130 586 1179 636 iti
1210 586 1514 652 Septemhre
1542 586 1812 641 si-cundns.

571 657 661 703 llic
690 670 892 717 quoque
924 661 1147 704 mutatur
1181 670 1269 717 per
1300 669 1503 703 Ittt‘ttst‘S
1533 665 1576 703 ct
1612 656 1853 704 variatur.

570 723 775 773 'l'ertius
804 732 881 771 est
906 724 1070 773 dictus
1098 723 1282 772 solaris
1314 720 1521 771 nomine
1546 724 1697 779 solis.

575 792 703 840 lliuc
732 804 935 852 quoque
964 792 1270 853 principium
1302 789 1444 838 Marti
1469 799 1691 840 Statuere
1716 787 1979 850 Kalendm,

572 860 795 919 Quartus
825 857 1020 907 lunaris
1051 858 1284 909 refermus
1309 857 1431 907 nihil
1466 857 1695 907 utilitatis
1723 873 1737 917 ;

572 926 700 977 lliuc
729 935 883 990 caput
913 932 992 974 est
1013 923 1144 981 Jaui.
1177 939 1299 981 cum
1327 926 1485 987 prima
1516 935 1590 973 cst
1623 925 1735 975 ltitia
1767 924 2006 975 Kalendis
2036 943 2045 974 :

568 994 703 1055 Ergo
731 995 771 1043 si
805 993 951 1053 primi
981 993 1152 1056 gliscis
1182 1007 1490 1056 cognoscere
1520 993 1669 1055 cycli,

572 1063 662 1112 Ille
687 1068 877 1125 quotus
902 1062 1085 1110 transit
1104 1075 1265 1111 anuus
1293 1059 1390 1113 sub
1418 1071 1649 1122 tempore
1671 1058 1763 1107 Clit
1781 1057 1883 1111 isti.

575 1128 721 1179 lltmc
749 1142 1015 1177 numerum
1045 1141 1237 1185 sumas.
1262 1128 1348 1192 qtti
1378 1126 1552 1178 mundi
1579 1142 1604 1175 a
1633 1127 1839 1175 cardine
1866 1126 2044 1189 ricpit,

573 1197 773 1261 Perque
797 1209 1079 1258 novemque
1098 1196 1276 1246 decem
1304 1202 1457 1245 totam
1484 1194 1595 1257 ejus
1617 1194 1786 1243 divide
1807 1207 2077 1256 stnumam,

580 1265 642 1314 Et
664 1272 859 1325 septem
884 1274 1146 1327 superant.
1181 1263 1275 1313 fuit
1293 1278 1417 1325 eigo
1444 1264 1691 1324 septimus
1717 1277 1879 1311 annus
1900 1302 1913 1321 ,

568 1333 652 1383 Sic
681 1343 972 1396 epzictarum
1002 1330 1179 1397 cyelus
1206 1341 1378 1381 manet
1408 1329 1760 1389 inveniendus,

570 1401 671 1453 Sed
704 1410 897 1451 tantuut
928 1408 1133 1462 etiactas
1162 1412 1274 1463 qua:
1296 1398 1483 1448 Christi
1511 1407 1738 1458 tempore
1764 1408 1994 1461 currunt,

570 1469 807 1519 invenies
838 1469 1013 1525 aliter;
1046 1482 1161 1516 nam
1193 1476 1389 1530 septem
1418 1467 1500 1529 qui
1531 1475 1834 1528 superarunt

579 1537 703 1588 Fine
745 1551 832 1593 per
864 1538 1119 1583 ttudenum
1153 1549 1422 1585 numerum
1453 1534 1745 1584 distendere
1775 1535 1955 1591 debes,

578 1605 709 1668 Ergo
737 1613 783 1652 et
810 1604 1129 1664 septuaginta
1162 1603 1302 1652 iides
1331 1601 1479 1651 simul
1508 1602 1666 1651 ali'iire
1695 1611 1909 1665 septem,

584 1672 687 1721 llos
718 1686 806 1734 per
836 1671 1037 1733 triginta
1070 1670 1243 1733 partiri
1269 1670 1507 1719 convenit
1535 1684 1735 1727 omnes,

584 1748 745 1799 Atque
770 1738 945 1788 decem
969 1750 1162 1802 septem
1188 1738 1271 1802 qui
1298 1746 1493 1787 restant
1524 1738 1747 1785 scribere
1777 1746 1980 1799 Oportet

580 1806 798 1873 Epactas
827 1822 939 1870 quae
964 1807 1239 1873 currebant
1259 1805 1355 1854 sub
1387 1818 1613 1866 tempore
1641 1803 1849 1865 Christi,

575 1872 667 1925 Ast
692 1874 840 1925 aliter
869 1874 1050 1940 cyclns‘
1071 1872 1256 1923 stilaris
1285 1873 1648 1936 enutperielnr,
1701 1939 1706 1940 γ
1776 1876 1779 1879 ⁷

580 1941 825 2008 Majorem
859 1939 1129 1991 numerum
1160 1941 1245 2003 qui
1273 1953 1423 2004 supra
1450 1942 1671 2003 scriptus
1698 1939 1932 2005 habetur,

584 2010 760 2061 Ilivide
790 2008 1007 2059 Solet-ter
1035 2022 1124 2071 per
1152 2009 1329 2074 viginti
1358 2019 1406 2058 et
1438 2009 1587 2057 simul
1612 2017 1749 2068 orto,

574 2078 675 2129 Sed
711 2087 877 2127 tamen
906 2086 957 2126 ut
986 2076 1203 2141 priumm
1251 2077 1363 2127 sine
1392 2077 1819 2127 concurrentibus
1846 2077 2015 2139 armis,

577 2146 629 2197 Si
660 2142 831 2208 prdcul
860 2154 912 2195 et
941 2158 1140 2195 summa
1175 2159 1436 2207 nunquam
1470 2154 1768 2195 numeretur
1792 2144 1838 2194 iii
1863 2145 1979 2205 ista.

578 2216 637 2263 iit
662 2224 857 2263 sextum
882 2212 1135 2262 decimum
1164 2212 1348 2262 divisio
1377 2209 1600 2273 proferet
1622 2226 1809 2261 annum
1832 2251 1847 2275 ,

580 2282 682 2329 Sed
713 2291 1081 2331 concurrentes
1104 2282 1178 2331 sic
1203 2281 1451 2344 prospicis
1481 2278 1638 2341 ipsius
1665 2280 1807 2342 anni,

579 2349 667 2399 llic.
700 2348 831 2399 idem
862 2363 1107 2400 numerus
1134 2348 1285 2400 simul
1316 2351 1425 2409 ejus
1450 2348 1616 2410 portio
1641 2358 1844 2412 quarta,

576 2417 761 2467 Addita
793 2415 1035 2481 dividitur
1061 2430 1157 2479 per
1180 2428 1404 2481 septeni,
1438 2428 1485 2465 ct
1513 2418 1735 2481 quinque
1770 2427 2081 2481 supersunt;

579 2484 678 2534 Sed
712 2496 878 2535 tamen
909 2485 989 2548 hic
1010 2486 1183 2535 animo
1211 2499 1345 2535 nunc
1370 2486 1714 2548 contemplare
1737 2485 1927 2550 sagici,

583 2552 647 2603 Ut
676 2552 768 2603 nisi
795 2552 1065 2617 completis
1099 2562 1291 2616 partcm
1321 2567 1418 2601 non
1448 2550 1594 2602 vince
1622 2553 1873 2613 relictam,

582 2620 703 2671 Inde
735 2621 848 2670 data
876 2620 1071 2670 exactis
1090 2620 1682 2683 quadrantecarentibus
1710 2620 1874 2679 almis,

576 2686 690 2738 Uno
712 2688 1005 2737 intermisso
1035 2688 1275 2747 quoniam
1304 2688 1560 2737 bissextus
1590 2687 1831 2746 habetur,

576 2754 806 2819 Septima
830 2767 1143 2805 cOncurreus
1171 2764 1249 2805 est
1275 2754 1419 2805 Marti
1450 2754 1668 2818 iuro-pta
1692 2752 1952 2806 Kalendis.

583 2823 649 2873 At
675 2823 717 2872 si
741 2820 840 2873 fert
866 2822 1067 2873 animus
1097 2831 1250 2884 quota
1281 2831 1401 2871 tunc
1424 2821 1634 2872 indictio
1663 2824 1874 2885 transit,

580 2890 825 2948 Nascere,
856 2888 1084 2952 perfacili
1116 2904 1291 2940 verum
1321 2890 1517 2940 ratione
1550 2891 1756 2951 patebit.

582 2957 677 3008 l’cr
707 2966 877 3019 partes
907 2972 1177 3007 numerum
1202 2958 1484 3021 quindenas
1514 2958 1683 3007 divide
1710 2959 1924 3019 dictum,

582 3024 643 3076 Et
671 3026 922 3076 det-imam
950 3024 1180 3075 invenies
1205 3039 1340 3073 anno
1366 3024 1581 3075 transire
1608 3027 1704 3076 sub
1731 3028 1835 3087 illo,

579 3092 708 3144 tllim
732 3106 847 3143 cum
876 3104 1002 3155 pene
1032 3092 1243 3141 Romani
1266 3094 1502 3155 gentibus
1531 3094 1689 3153 orbis,

578 3160 826 3229 {tionibus
852 3168 901 3209 et
933 3157 1129 3222 populis
1160 3160 1429 3229 virtutibus
1458 3160 1843 3224 imperitarent,

586 3226 813 3287 Vectigal
842 3234 1085 3286 statuere,
1119 3237 1271 3289 atque
1300 3226 1529 3279 indixere
1560 3229 1774 3289 tributa,

579 3294 814 3345 Solveret
838 3302 893 3343 ut
917 3296 1128 3358 quisque
1153 3294 1245 3344 tria
1270 3307 1359 3358 per
1388 3294 1728 3360 quinquennia
1757 3310 1967 3349 censum

582 3362 727 3423 Aira,
757 3363 843 3413 sed
878 3364 926 3411 in
953 3364 1136 3425 primo,
1166 3364 1316 3411 simul
1348 3373 1713 3427 argentumque
1740 3368 1987 3427 seuudo‘

584 3436 774 3481 Aurum
806 3431 877 3479 sic
904 3432 1056 3480 etiam
1089 3430 1247 3478 lustio
1278 3430 1505 3479 tribuere
1531 3432 1791 3492 sequenti.

590 3502 708 3549 lude
740 3499 878 3549 \elnt
906 3512 1122 3561 primum
1153 3497 1245 3545 fuit
1272 3510 1299 3545 a
1330 3512 1492 3559 prmio
1523 3499 1819 3559 repetitum,

588 3569 646 3616 Et
678 3582 774 3615 non
803 3564 1003 3615 excedit
1032 3577 1298 3613 numerum
1326 3564 1409 3628 qui
1440 3566 1634 3627 pra-luit
1666 3566 1811 3626 ordo,

586 3636 703 3686 l’05t
727 3634 957 3699 quintatn
984 3630 1234 3681 decimam
1266 3645 1469 3717 ῑιιτευιη1
1492 3644 1567 3684 est
1599 3633 1809 3685 indictio
1845 3637 2023 3699 prima.

745 3758 807 3794 AD
842 3755 1181 3793 INVENHLMIUII
1218 3753 1423 3792 ευδιιιω
1453 3756 1687 3793 ΑΝΝΟΙΠΜΙ
1719 3759 1913 3796 υυιιιικι.

579 3858 840 3902 Announn
873 3846 1073 3899 Domini
1100 3848 1310 3911 cupiens
1338 3860 1646 3909 Cognoscere
1677 3864 1946 3912 summam,

587 3921 690 3969 lloc.
721 3928 1075 3982 argumentum
1109 3916 1336 3979 vigilanti
1359 3928 1571 3978 pectore
1600 3918 1782 3977 conde,

584 3990 845 4039 Summam
870 3999 932 4035 cx
961 3985 1226 4033 ordinibus
1256 3984 1337 4046 qui
1369 3984 1628 4043 sexaginta
1662 4001 1840 4035 nchm
1881 3998 2017 4047 sunt,

581 4055 856 4118 Mnltiplica
879 4067 971 4122 per
998 4052 1311 4122 quindecim,
1336 4064 1383 4101 et
1409 4053 1613 4115 insuper
1642 4054 1815 4103 addito
1841 4057 2087 4122 quinque,

583 4124 675 4174 llic
703 4122 788 4185 qui
820 4120 1083 4170 restabant
1114 4134 1176 4169 ex
1210 4121 1390 4168 ordine
1420 4130 1645 4181 tempore
1673 4123 1881 4181 Christi,
1934 4161 1940 4177 .

580 4192 906 4253 Atldaturque
931 4201 1085 4251 super
1114 4186 1323 4235 ittdictio
1353 4192 1593 4249 temporis
1626 4189 1795 4252 hujus,

579 4258 831 4308 Convenit
862 4257 957 4306 hoc
986 4263 1034 4306 et
1066 4263 1113 4305 te
1146 4253 1373 4317 vigilanti
1404 4254 1557 4304 eoidc
1590 4266 1795 4317 notate,

583 4326 649 4375 Ut
676 4339 790 4374 cum
818 4323 1082 4385 suppletus
1106 4321 1257 4371 fuerit
1284 4322 1367 4385 qui
1400 4336 1533 4371 nunc
1570 4332 1705 4373 meat
1734 4326 1880 4383 ordo,

584 4396 745 4456 Atque
774 4393 955 4439 itcium
981 4390 1130 4439 fuerit
1163 4389 1369 4439 iudictio
1404 4392 1559 4447 prima
1590 4403 1849 4455 resumpta
1870 4433 1882 4452 ,

575 4464 847 4510 Urdimbus
878 4459 1025 4505 dictis
1052 4472 1204 4505 unum
1236 4459 1577 4521 superaddere
1600 4472 1766 4520 cures,

588 4530 677 4577 llic
712 4538 821 4590 post
848 4526 1135 4589 quindenos
1166 4525 1400 4572 addi-udo
1424 4528 1623 4575 noveris
1654 4542 1832 4589 annos,

574 4602 793 4657 temper
823 4603 870 4643 et
892 4592 1157 4648 ordinibus
1187 4600 1448 4641 accrescat
1473 4594 1699 4643 calculus
1731 4606 1861 4645 istis.

944 4682 1017 4731 Ad
1045 4679 1378 4731 inveniendam
1408 4680 1737 4729 indirtioucm.

578 4780 645 4825 At
671 4773 709 4821 si
733 4773 864 4823 scire
896 4770 1022 4821 velis
1043 4779 1196 4834 quota
1228 4783 1359 4818 nunc
1392 4766 1597 4819 indictio
1631 4770 1825 4827 transit,

580 4842 672 4892 l’er
703 4852 871 4904 partes
900 4852 1168 4888 numerum
1196 4838 1477 4895 uiundeuas
1502 4836 1671 4887 divide
1700 4836 1887 4887 dictum
1912 4854 1925 4899 ;

580 4903 767 4973 Sicque
796 4910 889 4957 sub
916 4904 1121 4955 Christo
1146 4904 1327 4973 transit
1354 4903 1673 4973 superaddita
1709 4908 1947 4967 primum.

580 4970 826 5040 Quo—dque
855 4970 1193 5037 supercreseit
1219 4970 1427 5040 indictio
1457 4982 1719 5033 permanet
1749 4975 1865 5023 anni
1894 5013 1906 5032 ,

580 5038 643 5097 Et
670 5052 897 5109 quintam
924 5044 1173 5091 decunant
1200 5038 1327 5109 dicis
1356 5052 1475 5109 cum
1501 5041 1677 5089 nullus
1697 5042 1943 5093 abundat.

578 5105 720 5162 Nunc
753 5110 1051 5159 millesimus
1074 5116 1124 5157 et
1150 5105 1596 5171 quinquagesiinus
1624 5121 1787 5159 annus
2008 5108 2011 5109 ⁷

577 5184 663 5233 list
689 5181 845 5231 etiam
876 5176 1070 5224 decima
1098 5188 1212 5238 qnge
1244 5189 1375 5221 nunc
1406 5174 1615 5223 indietio
1641 5177 1855 5237 transit;

575 5249 745 5301 Currit
776 5258 825 5295 et
855 5252 1028 5307 epacta
1054 5257 1203 5304 quam
1232 5242 1405 5305 cyclus
1434 5250 1663 5289 continet
1698 5258 1851 5305 anno,

580 5316 745 5366 Prima
774 5314 867 5362 sub
894 5309 1162 5362 uudecuno
1186 5319 1299 5371 post
1330 5311 1458 5359 hanc
1480 5310 1718 5358 duodena
1748 5323 2013 5376 sequam“

576 5385 715 5449 tiych
747 5381 931 5431 solaris
959 5391 1145 5449 annum
1178 5386 1314 5425 tenet
1340 5380 1467 5425 ordo
1498 5377 1801 5449 secundum,

585 5444 671 5499 li'st
700 5460 750 5498 et
776 5457 1087 5499 concurrens
1120 5446 1215 5492 hoc
1238 5458 1372 5491 anno
1404 5457 1545 5493 more
1572 5444 1821 5507 secunda,

580 5517 767 5566 Ordine
796 5533 909 5565 nam
940 5526 1016 5580 cy.
1037 5510 1066 5562 li
1094 5511 1399 5560 describitur
1428 5510 1524 5560 iste
1554 5513 1808 5580 secundo.

585 5586 715 5646 Ergo
743 5586 783 5631 si
822 5579 1167 5644 priuti’gliseis
1196 5591 1505 5643 cognoscere
1534 5579 1683 5643 cycli,

585 5654 722 5702 hunc
750 5664 933 5716 quintis
960 5658 1038 5700 est
1068 5663 1225 5698 annus
1252 5646 1335 5712 qui
1366 5652 1540 5697 nostro
1564 5657 1791 5712 tempore
1816 5654 2021 5717 transit,

2108 518 2155 571 Α
2188 520 2452 568 Annorum
2488 517 2684 567 Domini
2715 531 2982 567 munerum
3015 519 3112 565 isto
3140 525 3380 578 tempore
3410 531 3574 575 sanie,

2187 586 2384 649 l‘orque
2431 600 2715 649 novemque
2754 584 2935 635 decem
2986 592 3141 633 totam
3187 584 3302 647 ejus
3346 584 3524 634 divide
3567 601 3681 635 sunt-

2290 704 2297 709 .
3366 718 3375 719 ί
3450 649 3633 719 imam.

2184 720 2284 768 Sed
2339 730 2507 769 tamen
2540 720 2655 769 huic
2686 735 2899 770 numero
2929 733 3123 784 septem
3156 718 3513 782 superaddere
3537 734 3680 781 cura,

2183 790 2362 838 Annus
2383 790 2516 838 enim
2553 797 2687 837 totus
2717 789 2961 838 transibat
2999 802 3221 850 Corpore
3250 786 3449 838 Christi

2183 856 2430 919 Quodque
2459 856 2765 920 superfuerit
2793 872 2981 906 annum
3013 854 3315 906 monstrabit
3347 866 3548 913 aperte.

2188 928 2237 972 Si
2272 938 2500 986 superest
2530 924 2720 982 nullus,
2747 924 2789 973 is
2812 925 2942 988 cycli
2968 930 3045 975 est
3080 924 3295 973 ultimus
3323 937 3413 972 aui
3437 937 3519 973 us.

2183 992 2234 1040 Si
2263 1006 2374 1054 quae
2402 1008 2532 1041 nunc.
2558 1002 2772 1042 currunt
2801 1003 3007 1053 epaetas
3041 1005 3257 1041 noscere
3286 990 3465 1056 gliscis
3494 1030 3503 1045 .

2182 1059 2325 1120 Quod
2350 1071 2584 1123 superest
2616 1061 2715 1108 illis
2745 1063 2840 1109 sub
2869 1061 3050 1110 eodem
3084 1062 3183 1109 line
3206 1060 3509 1122 diremptus,

2182 1127 2338 1187 Cura,
2378 1142 2466 1191 per
2489 1127 2751 1177 undenunt
2781 1143 3048 1177 numerum
3078 1127 3378 1177 distendere
3410 1126 3582 1185 debet,

2186 1196 2244 1245 Et
2276 1204 2526 1258 quotquot
2560 1194 2745 1244 fuerint
2774 1207 2939 1255 sutile,
2969 1195 3175 1256 triginta
3210 1194 3433 1252 recides.

2186 1262 2359 1312 I'rodtt
2383 1274 2431 1310 et
2462 1274 2669 1325 opactas
2700 1263 2799 1311 illis
2829 1262 2962 1325 qitod
2994 1276 3200 1326 semper
3230 1264 3463 1312 abundat

2187 1332 2247 1380 At
2278 1345 2318 1380 St
2346 1332 2545 1392 triginta
2578 1344 2820 1380 numerus
2844 1330 2930 1381 tibi
2961 1331 3209 1381 manserit
3235 1329 3364 1380 infra
3386 1368 3403 1389 ,

2186 1400 2274 1447 llic
2304 1399 2431 1447 idem
2463 1408 2636 1460 opavta
2671 1399 2936 1463 praesentis
2963 1399 3230 1448 habebitur
3255 1400 3403 1459 anni,

2187 1464 2409 1516 Ultimus
2439 1478 2515 1515 ast
2546 1482 2707 1515 annus
2730 1482 2827 1515 non
2858 1465 2952 1516 hac
2982 1469 3178 1517 ratione
3206 1475 3435 1527 tenetur.

2187 1535 2311 1583 lluic
2343 1535 2437 1583 alia
2466 1543 2675 1597 epactas
2706 1534 2943 1583 concedit
2973 1536 3144 1597 regula
3175 1536 3367 1593 nullas,

2187 1600 2283 1651 l’ro
2311 1602 2443 1651 saltu
2467 1602 2599 1650 lunae
2627 1612 2798 1651 tamen
2828 1600 2942 1650 huic
2971 1601 3295 1667 subiungitur
3323 1618 3485 1655 unus.

2185 1672 2277 1719 Ast
2306 1670 2453 1719 aliter
2479 1670 2657 1735 cyclus
2686 1669 2866 1719 solaris
2896 1671 3265 1732 coniperietur,

2186 1737 2493 1788 Praedictum
2525 1751 2791 1786 munerum
2817 1738 2949 1797 quod
2981 1752 3131 1801 supra
3157 1742 3381 1801 scriptus
3418 1742 3638 1800 habetur.

2116 1818 2160 1873 Β
2190 1805 2367 1854 Divtde
2396 1807 2610 1855 solerter
2634 1820 2721 1873 per
2751 1805 2925 1869 viginti
2953 1817 3004 1857 et
3028 1807 3180 1856 simul
3209 1819 3347 1864 octo.

2278 1873 2494 1935 primum
2528 1872 2771 1941 tredecim
2804 1886 3015 1923 numero
3042 1888 3198 1936 super
3221 1875 3414 1927 addere
3440 1892 3603 1941 cures,

2185 1939 2447 2003 Tempore
2469 1941 2604 2003 quod
2636 1939 2824 1989 Christi
2854 1942 2980 2005 «γει.
3010 1942 3252 1991 currebat
3282 1946 3364 1991 hic.
3394 1961 3575 2000 anuus.

2185 2008 2433 2071 Quodque
2460 2016 2816 2072 augineutatur
2844 2016 2923 2057 est
2953 2022 3116 2059 annus
3147 2008 3194 2057 iu
3228 2011 3411 2060 ordine
3443 2022 3593 2069 Intus,

2189 2076 2405 2125 Ultimus
2432 2086 2515 2125 est
2542 2089 2705 2125 anuus
2734 2078 2776 2126 si
2809 2089 2959 2141 quem
2992 2076 3176 2127 divisio
3204 2077 3383 2129 cludit.

2699 2163 2770 2215 De
2790 2164 3209 2217 concurrentibus.

2183 2254 2233 2305 Si
2264 2264 2630 2306 concurrente;
2663 2253 2863 2304 Domini
2897 2254 2968 2303 iis
2998 2268 3149 2303 nosse
3182 2270 3269 2313 per
3292 2270 3482 2313 anuus,

2188 2325 2260 2373 lix
2288 2330 2396 2373 toto
2419 2335 2633 2373 numero
2660 2323 2921 2385 deponere
2950 2322 3193 2370 cunvenit
3219 2338 3374 2372 untiut
3400 2364 3412 2380 .

2183 2391 2280 2452 Qui
2312 2392 2374 2441 de
2402 2394 2616 2453 septeno
2645 2403 2859 2439 numero
2886 2390 3025 2437 Solus
3048 2390 3346 2453 superabit,

2184 2460 2508 2509 (loncurreus
2534 2458 2727 2508 etenim
2758 2456 2853 2507 sub
2880 2457 3084 2507 Christo
3114 2460 3325 2518 septima
3354 2464 3509 2519 C(Pptl
3539 2478 3551 2515 ;

2188 2526 2315 2577 lliuc
2344 2526 2498 2577 etiam
2527 2536 2638 2588 post
2668 2523 2799 2575 hanc
2826 2525 2918 2573 fuit
2947 2541 3081 2574 anno
3112 2527 3277 2590 prima
3309 2532 3565 2587 semiruti,

2190 2595 2265 2644 Ισῖκ
2297 2609 2394 2658 qua
2428 2594 2731 2657 principium
2765 2594 2962 2642 numeri
2995 2606 3087 2642 nos
3114 2596 3365 2645 sumimus
3394 2594 3562 2661 hujus.

2188 2663 2275 2713 Illo
2304 2662 2536 2727 deposito
2566 2674 2661 2711 nec
2680 2670 2875 2723 septem
2904 2662 3199 2709 seandimus
3226 2664 3377 2721 υΙιτιο,

2188 2730 2279 2780 llie
2303 2731 2435 2781 idem
2469 2743 2732 2788 tttttttertts,
2761 2727 2911 2777 simul
2934 2729 3047 2789 ejus
3074 2730 3239 2791 portio
3260 2741 3438 2788 quarta

2189 2799 2394 2857 Addita,
2423 2796 2666 2845 dividitur
2697 2809 2787 2858 per
2812 2806 3030 2858 septem.
3061 2792 3113 2845 ei
3139 2811 3283 2845 more
3314 2799 3558 2861 frequenti
3584 2839 3594 2859 ,

2185 2868 2330 2925 Quod
2362 2876 2593 2928 superest
2630 2864 2727 2913 illis
2754 2878 2843 2925 pro
2868 2877 3210 2913 concurrente
3240 2876 3464 2921 tenetur.

2185 2934 2238 2984 Si
2264 2934 2386 2984 nihil
2417 2934 2496 2984 his
2516 2940 2741 2997 superat,
2772 2941 2889 2982 tunc
2913 2933 3130 2996 septima
3152 2931 3268 2995 jure
3290 2943 3512 2983 notatur.
3545 2960 3551 2967 ο

2418 3056 2480 3092 ΑΙ·
2510 3055 2850 3092 ιδινΕΝιΕΝιιυιι
2884 3054 3051 3091 Ακκωι
3083 3052 3444 3091 Βιεδεςτιιεω.

2112 3130 2157 3189 C
2193 3133 2368 3186 Utrum
2393 3131 2654 3184 bissextus
2684 3132 2749 3181 sit
2777 3139 3061 3195 quartttsve
3089 3144 3256 3180 annus
3286 3131 3351 3179 ah
3381 3132 3487 3187 illo,

2192 3202 2300 3251 Non
2333 3194 2409 3251 est
2437 3200 2661 3250 difficilis
2692 3194 2831 3248 labor
2862 3200 2960 3247 hoc
2983 3212 3300 3259 cognoscere
3328 3213 3550 3264 semper.

2196 3270 2375 3319 [livide
2403 3278 2527 3330 quot
2555 3266 2738 3317 fuerint
2766 3264 2966 3316 Domini
3000 3280 3089 3329 per
3122 3276 3364 3331 quattuor
3390 3282 3548 3317 annos

2196 3338 2283 3387 last
2312 3354 2336 3385 a
2370 3336 2603 3386 bissexti)
2634 3343 2814 3393 Iouini,
2836 3342 2960 3397 quot
2992 3336 3092 3383 line
3119 3342 3411 3397 supersunt,

2190 3405 2243 3456 Si
2274 3405 2398 3455 nihil
2430 3403 2508 3453 bis
2533 3413 2739 3467 superat
2767 3418 2902 3452 anno
2928 3410 3003 3452 est
3037 3402 3290 3453 hiSsextus
3321 3401 3371 3451 in
3404 3403 3507 3452 illo.

2249 3527 2380 3572 QUOD
2408 3525 2627 3563 υλῐιεεηι
2662 3525 2869 3562 ΕΡΑΟΤᾸΞ
2899 3524 2945 3560 IN
2970 3525 3154 3562 MOIITIS
3180 3527 3415 3564 TEIPHRE
3443 3528 3627 3565 ευκιςτι

2747 3594 3170 3631 ουδευιιιιειιυλτ.

2191 3688 2291 3739 sed
2321 3702 2453 3738 nunc
2482 3703 2711 3739 errorem
2744 3689 3029 3757 reprimant
3056 3690 3358 3742 domuncula
3387 3696 3613 3757 priorem,

2192 3760 2361 3822 Atque
2391 3772 2451 3806 cx
2475 3770 2735 3807 sacrorum
2766 3756 2914 3807 dictis
2949 3761 3357 3821 lSvaitgeliorum.

2191 3825 2273 3875 Sic
2306 3826 2591 3873 :tflirtttetur
2620 3826 2769 3881 ratio,
2801 3824 2936 3888 quod
2971 3840 3071 3876 noti
3098 3828 3376 3877 mtttiletur.

2191 3896 2419 3955 'letnptts
2447 3902 2497 3941 et
2529 3908 2778 3942 annorum
2812 3894 3002 3944 Christi
3035 3896 3239 3958 triginta
3265 3900 3495 3949 duorum,

2194 3959 2256 4009 Et
2285 3961 2434 4009 simul
2468 3960 2766 4010 undecimas
2793 3970 3000 4018 epactas
3029 3972 3260 4024 tempore
3290 3974 3464 4011 morus

2193 4031 2439 4085 Currere.
2465 4041 2563 4076 non
2587 4028 2715 4077 alias
2744 4038 2879 4077 curta
2911 4030 3109 4077 ratione
3138 4030 3430 4092 probemus.

2194 4094 2441 4152 Fidimus,
2464 4103 2516 4144 et
2546 4108 2723 4145 verum
2752 4104 2851 4157 est,
2876 4094 3011 4146 Luca
3041 4106 3302 4160 narrante,
3328 4100 3555 4159 relatum,

2193 4163 2336 4222 Quod
2369 4163 2650 4225 baptitatns
2676 4162 2911 4213 Christus
2940 4163 3180 4216 discessit
3207 4167 3271 4217 ab
3298 4182 3464 4226 amne,

2195 4230 2444 4290 lin-iniens
2474 4242 2580 4281 erat
2607 4234 2854 4299 annorum
2887 4231 3089 4291 triginta
3118 4242 3368 4299 patenter.

2196 4300 2420 4363 Namque
2446 4300 2556 4348 dies
2588 4298 2831 4349 tredecim
2860 4300 2921 4347 ile
2946 4298 3138 4350 tt'iceuo
3165 4299 3462 4361 fluitabant;

2198 4365 2332 4437 lliuc
2347 4374 2461 4437 post
2483 4365 2788 4437 baptismum
2816 4364 3005 4437 jejuuia
3034 4378 3208 4417 sancta
3241 4373 3450 4437 peregit,

2124 4422 2169 4475 Ι)
2197 4438 2267 4483 Ac
2296 4422 2389 4482 sibi
2418 4422 2695 4495 discipulos
2723 4422 3063 4497 attnii'ilelegit
3096 4438 3147 4485 iit
3177 4422 3295 4495 illo;

2201 4502 2323 4550 lliuc
2351 4500 2450 4549 alio
2476 4510 2670 4550 sacrati
2700 4502 2807 4551 dies
2835 4500 3025 4553 efful~it
3044 4503 3093 4553 in
3127 4520 3290 4560 anno.

2194 4575 2299 4630 Qud
2332 4571 2635 4631 baptizatum
2668 4584 2761 4618 vos
2792 4569 2948 4634 patiis
2974 4572 3141 4636 magni
3167 4575 3355 4631 icavit;

2196 4638 2391 4700 Nuptae
2423 4647 2539 4685 tnne
2568 4640 2711 4688 lacte
2737 4647 2855 4687 sunt
2886 4641 2934 4688 itt
2964 4636 3101 4688 Cana
3132 4641 3377 4699 tialilaza',

2198 4705 2564 4768 Discipulisque
2591 4706 2697 4754 suis
2729 4720 2897 4755 coram
2928 4708 3203 4769 primordia
3234 4708 3371 4769 fecit,

2198 4774 2367 4835 Signoi
2385 4788 2467 4821 unt
2492 4774 2778 4835 doxamque
2803 4788 2946 4821 suain
2970 4774 3113 4822 dedit
3139 4776 3220 4825 liii:
3244 4778 3582 4833 manifestam;

2198 4839 2287 4889 llic
2309 4838 2581 4903 Evangelio
2607 4838 2852 4889 describit
2875 4839 3067 4891 l'aselta
3094 4840 3343 4896 Joannes.

2196 4906 2419 4956 Primum
2452 4914 2504 4956 et
2532 4919 2899 4957 commemorat
2922 4907 3112 4957 Christi
3139 4911 3379 4961 miracula
3410 4913 3554 4971 faeta.

2200 4975 2269 5024 Ac
2300 4985 2413 5037 post
2441 4976 2598 5024 multa
2626 4976 2829 5038 quidem
2864 4974 3126 5039 subjungit
3148 4976 3346 5029 Pascha
3376 4984 3587 5032 secundo

2195 5043 2421 5097 SciliCet.
2457 5042 2553 5093 hoc
2579 5044 2678 5091 alio
2706 5042 2840 5107 quod
2872 5046 3201 5105 pertransivit
3236 5063 3283 5096 in
3313 5063 3480 5105 anno;

2198 5109 2315 5160 Inde
2344 5111 2497 5161 refert
2520 5112 2700 5160 iterum
2734 5112 3058 5161 memoranda
3086 5115 3135 5163 in
3167 5119 3354 5165 secula
3380 5126 3564 5175 natum,

2194 5179 2362 5243 Atque
2390 5178 2511 5227 olidi
2548 5177 2731 5246 Lazari
2754 5177 2985 5237 producit
3011 5182 3239 5230 membra
3269 5185 3521 5246 sepulcro.

2197 5246 2259 5295 Et
2292 5247 2649 5309 procedentem
2678 5243 2881 5296 Christo
2905 5246 3213 5312 frondesque
3235 5243 3525 5312 gerentem.

2195 5312 2448 5381 Laudibus
2470 5313 2679 5364 ascribit
2704 5328 2817 5378 qua:
2847 5312 3036 5378 prodiit
3058 5315 3207 5381 obvia
3238 5316 3468 5381 turbant;

2197 5380 2314 5431 lude
2344 5384 2496 5447 pedes
2520 5381 2769 5447 Christus
2784 5389 2836 5431 ut
2859 5394 3041 5431 servus
3067 5380 3459 5447 discipulorum,

2196 5450 2365 5499 Abluit
2396 5452 2442 5497 in
2467 5446 2612 5508 feria,
2634 5462 2731 5514 qua
2754 5446 2963 5499 Pascha:
2991 5450 3240 5502 terminus
3269 5446 3459 5514 instat:

2194 5519 2382 5580 Captus
2410 5526 2461 5567 et
2488 5520 2537 5567 in
2570 5520 2662 5566 hae
2691 5526 2840 5567 nocte
2866 5525 2945 5566 est
2965 5516 3059 5567 sub
3085 5518 3247 5579 plena:
3277 5520 3467 5574 lumine
3494 5524 3609 5571 luna
3628 5558 3640 5573 .

2196 5585 2246 5633 Ιιι
2276 5597 2455 5650 quarta
2486 5593 2681 5647 captus,
2712 5584 2910 5635 decima
2938 5584 3210 5638 cruciﬁxus
3238 5588 3288 5637 in
3322 5589 3427 5646 illa.

2192 5659 2234 5717 ρ
2274 5671 2315 5703 .e
2346 5666 2517 5718 quinta
2544 5654 2739 5721 decima
2771 5654 2937 5705 medio
2967 5653 3230 5705 descendit
3253 5658 3320 5709 ab
3342 5668 3464 5713 axe.

3286 5751 3805 6227 ,Α
