3862 6358
539 452 639 503 65f;

539 566 641 633 Sed
669 566 794 628 jam,
832 565 982 630 Virgo
1011 566 1112 630 pia,
1147 566 1371 633 digneris
1400 579 1576 620 sant-ta
1607 569 1782 632 Maria,

539 632 790 700 Nequitia:
821 648 990 684 mores
1017 632 1234 700 vinoque
1261 638 1431 688 levare
1461 638 1684 700 labores,

541 698 670 770 lliuc
695 701 876 752 fratres
903 702 1026 752 socii
1057 698 1237 767 dignas
1265 705 1528 768 impartite
1555 698 1747 770 grates.

539 768 593 818 lit
624 769 752 820 festo
781 771 863 819 die
888 783 1153 822 cantemus
1181 771 1332 835 digna
1357 772 1549 832 Mariae,

539 837 761 888 Laudem
789 838 1019 889 dicamus
1046 841 1116 888 tlli
1139 838 1426 904 dnxamque
1450 840 1672 894 feramus
1699 860 1710 892 :

538 905 743 957 Accessi
775 914 998 971 portum,
1028 922 1129 972 quo
1153 908 1279 958 mihi
1308 921 1490 960 cursus
1516 920 1644 962 erat.

838 1120 1256 1176 COMI’UTA'I'IU
1287 1127 1370 1176 All
1399 1096 1737 1176 ANONYMO.

604 1232 736 1285 Sunt
763 1233 900 1304 anni
931 1234 994 1285 ab
1020 1233 1440 1304 origindmuudi',
1488 1236 1620 1287 sicut
1643 1237 1692 1288 in
1721 1236 1903 1288 Oresio
1935 1237 2057 1304 legi-

538 1309 643 1361 tur,
661 1317 820 1369 usque
842 1302 903 1354 ad
934 1305 1252 1356 nativitatem
1265 1302 1477 1364 Christi,
1503 1303 1727 1370 quinque
1752 1306 1910 1357 millia
1939 1302 2056 1358 cen-

539 1381 643 1420 tum
675 1372 951 1437 nonaginta
993 1386 1199 1424 novem.
1249 1373 1326 1423 Ab
1358 1371 1482 1423 urbe
1528 1376 1735 1423 condito
1784 1389 1945 1439 usque
1993 1376 2054 1425 ad

539 1439 718 1489 urbem
765 1439 1044 1508 conditam,
1087 1441 1207 1490 anni
1239 1450 1359 1492 sunt
1404 1447 1622 1502 quatuor
1649 1441 1809 1493 millia
1840 1451 2062 1508 quatuor

537 1514 744 1557 centum
771 1507 1106 1573 quadraginta
1133 1519 1350 1574 Septem.
1404 1509 1477 1558 ΑΙ)
1511 1509 1634 1559 urbe
1665 1512 1868 1561 condita
1899 1525 2059 1575 usque

535 1574 598 1624 ad
631 1575 951 1644 nativitatem
983 1576 1191 1637 Christi,
1243 1577 1363 1627 anni
1413 1585 1532 1626 sunt
1558 1579 1866 1644 septingenti
1907 1574 2055 1642 quin-

535 1632 775 1709 quaginta
800 1644 938 1705 duo;
970 1645 1145 1711 sicque
1169 1632 1292 1696 fiunt
1324 1645 1443 1696 anni
1475 1632 1702 1711 quinque
1729 1632 1891 1697 inillia
1924 1632 2057 1699 Icen-

541 1722 645 1760 tum
679 1712 952 1779 nonaginta
986 1727 1191 1766 novem.
1245 1712 1443 1767 Exinde
1477 1714 1596 1765 anui
1631 1713 1833 1766 Domini
1863 1729 2059 1781 suppu-

537 1787 723 1831 tantur.

1026 1869 1110 1923 DE
1140 1870 1316 1924 UBBE
1349 1871 1552 1924 ROMA.

608 1960 788 2022 lloma,
822 1960 944 2012 urbs
985 1961 1034 2011 in
1063 1961 1229 2021 italia,
1286 1963 1439 2013 totius
1481 1961 1738 2026 quondam
1782 1961 1922 2013 orbis
1965 1961 2059 2011 do-

536 2029 699 2088 mina,
751 2044 778 2077 a
809 2030 1091 2081 conditoris
1119 2031 1197 2080 sui
1233 2031 1433 2081 lloinuli
1478 2029 1686 2080 nomine
1730 2033 1806 2080 sic
1848 2041 2059 2080 vocata:

538 2111 690 2160 quam
722 2106 928 2160 protttt-r
951 2098 1189 2148 eximiam
1217 2098 1454 2148 virtutem
1481 2100 1707 2163 plerique
1732 2098 2038 2162 scriptorum

540 2164 686 2228 quasi
735 2167 842 2214 sola
873 2175 1034 2225 esset,
1084 2168 1343 2231 appellare
1378 2166 1563 2217 Urbem
1611 2166 1889 2216 malebant.
1939 2171 2063 2228 Qua:

540 2231 772 2294 quidem,
824 2243 878 2283 ut
922 2234 1132 2284 Orosius
1185 2235 1230 2283 iu
1276 2236 1517 2285 chronica
1547 2248 1639 2283 sua
1672 2244 2058 2295 commemorat,

543 2309 658 2366 post
681 2314 840 2350 annos
865 2309 1086 2366 quatuor
1107 2302 1263 2354 millia
1293 2303 1695 2369 quadringentos
1726 2304 2061 2368 quadraginta

545 2376 779 2429 septem,
845 2370 893 2419 id
945 2380 1062 2432 est,
1129 2372 1586 2435 septingentesimo
1639 2370 2066 2436 quinquagesimo

542 2437 772 2488 secundo
795 2447 913 2491 ante
958 2439 1360 2491 incarnationem
1393 2438 1594 2491 Domini
1634 2451 1770 2490 anno
1793 2477 1808 2501 ,
1857 2438 2067 2492 condita

542 2513 641 2554 υει.

1201 456 1392 508 ωειλ-Ε
1437 457 1872 511 ‘t'liNEllAlllldS
1911 459 2052 511 OPl‘.
2095 458 2262 515 PARS
2299 458 2380 513 Ill.
2413 490 2475 498 —
2517 459 2980 514 l‘All/ENETICA.
3594 457 3672 510 656

2084 577 2127 628 Λ
2157 571 2426 640 Nobilibus
2448 573 2706 640 quondam
2737 572 2908 624 fueras
2932 582 3226 624 constructa
3260 569 3528 637 patronis,

2229 639 2438 692 Subdita
2468 639 2606 693 nunc
2631 642 2816 699 servis,
2849 643 2946 692 heu
2979 641 3110 690 male
3133 640 3289 691 Itonia
3323 640 3462 691 ruis.

2167 706 2458 760 Deseruere
2490 712 2558 760 tui
2591 718 2731 760 tanto
2762 719 2812 760 tc
2839 718 3069 773 tempore
3097 723 3260 774 reges,

2227 775 2394 828 Cessit
2423 786 2477 830 et
2504 777 2566 829 ad
2595 777 2802 829 (ἔταξεος
2831 791 3016 829 nomen
3047 777 3310 843 honosque
3347 787 3496 826 tuus.

2161 843 2628 908 Constantinopolis
2652 845 2863 905 ﬂorem,
2893 859 3026 897 nova
3058 846 3215 895 ltoma
3244 855 3490 898 vocatur.

2233 912 2463 964 Moribus
2486 922 2538 966 et
2568 915 2726 965 muris
2754 912 2913 964 [lonia
2947 924 3145 964 vetusta
3178 914 3342 967 cadis.

2161 979 2364 1032 Transit
2387 990 2439 1033 et
2467 982 2760 1047 imperium,
2791 982 3078 1047 mansitque
3111 981 3352 1045 superbia
3385 990 3582 1030 terum.

2228 1048 2405 1101 Cultus
2434 1050 2665 1100 avaritia:
2696 1060 2744 1102 te
2767 1051 2979 1101 nimium
3008 1058 3238 1114 superat.

2166 1117 2353 1183 Vulgus
2379 1118 2444 1178 ab
2469 1118 2716 1169 extremis
2741 1119 3042 1169 distractum
3071 1119 3298 1181 partibus
3320 1116 3503 1171 orbis,

2229 1187 2509 1236 Servorum
2534 1188 2691 1247 servi,
2724 1186 2973 1238 nunc-tibi
3004 1196 3120 1236 sunt
3151 1185 3374 1236 Domini.

2163 1251 2212 1302 ltt
2246 1263 2292 1304 te
2320 1252 2567 1305 nobilium
2595 1267 2849 1305 remorum
2877 1268 3026 1305 nemo
3057 1256 3322 1312 remansit,

2234 1323 2541 1387 lngenuique
2570 1324 2663 1383 tui,
2700 1337 2817 1373 rura
2852 1321 3063 1387 Pelasga
3093 1324 3288 1374 colunt.

2161 1389 2431 1441 'l‘ruucasti
2465 1392 2608 1442 vivos
2632 1391 2826 1441 crudi-li
2856 1392 3035 1441 funere
3065 1400 3295 1451 sanctos,

2233 1458 2465 1510 Vendere
2496 1474 2632 1510 nunc
2661 1460 2842 1510 horum
2873 1468 3071 1510 mortua
3103 1459 3328 1509 membra
3355 1455 3532 1508 dolos.

2160 1524 2284 1577 Nam
2312 1528 2406 1576 nisi
2438 1539 2485 1578 te
2516 1530 2755 1578 meritum
2789 1527 2924 1580 Petri
2957 1526 3200 1590 Paulique
3229 1525 3454 1583 foveret,

2229 1595 2484 1660 Tempore
2508 1595 2614 1661 jam
2648 1596 2801 1661 longo
2826 1594 2981 1646 llouta
3014 1596 3210 1646 misella
3239 1593 3395 1647 fores.

2490 1722 2575 1775 DE
2603 1723 3119 1778 TllEV’EllENSIUM
3152 1723 3343 1778 URBE.

2168 1831 2280 1902 l\'ini
2300 1833 2610 1902 Semiramis
2634 1849 2748 1898 qua:
2777 1844 2920 1885 tanto
2943 1835 3157 1902 conjuge
3184 1835 3320 1894 felix,

2095 1892 2137 1947 Β
2172 1901 2393 1951 Plurima
2429 1892 2675 1964 possedit,
2707 1903 2798 1954 sed
2831 1905 2973 1966 plura
2998 1892 3251 1969 piiovribus
3273 1892 3437 1953 addit.

2165 1969 2274 2017 Non
2305 1977 2546 2019 contenta
2575 1974 2710 2029 suis,
2746 1985 2842 2020 nec
2873 1972 2991 2022 totis
3021 1971 3208 2022 finibus
3231 1972 3393 2027 orbis,

2168 2037 2373 2098 Expulit
2402 2052 2428 2086 a
2459 2038 2623 2102 patrio
2654 2039 2943 2103 privignum
2973 2039 3191 2090 Trebeta
3221 2053 3398 2104 regno.

2167 2105 2416 2169 l’rolugus
2446 2105 2698 2172 insignem
2732 2119 2958 2157 nostrain
2987 2109 3070 2171 qui
3098 2107 3329 2157 condidit
3357 2105 3561 2160 urbem,

2165 2172 2404 2224 Treveris
2431 2173 2549 2224 huic
2575 2188 2761 2226 nomen
2789 2175 2939 2236 dans,
2968 2175 3033 2227 ob
3065 2177 3269 2226 factoris
3299 2187 3552 2224 antorem.

2163 2242 2286 2310 Qua:
2315 2251 2469 2310 caput
2498 2243 2713 2309 Europa:
2743 2246 3074 2310 cognoscitur
3103 2244 3427 2308 antiquitate,

2169 2309 2328 2361 Filius
2357 2309 2510 2375 hujus
2537 2312 2682 2374 hero,
2711 2309 2873 2377 patris
2905 2313 3013 2363 hare
3041 2311 3406 2377 epigrammata
3435 2323 3584 2373 pono.

2169 2377 2330 2438 CUJUS
2359 2379 2421 2427 ad
2447 2376 2660 2430 inferias
2691 2376 2772 2431 hic
2799 2393 2914 2431 cum
2942 2380 3068 2430 Jove
3098 2376 3230 2428 Mars
3257 2388 3393 2429 tenet
3414 2393 3553 2434 artis,

2169 2443 2352 2498 Sidere
2379 2445 2620 2499 concordi
2650 2461 2746 2513 pax
2771 2459 2850 2500 est
2879 2461 2981 2498 non
3009 2445 3323 2499 dissocianti.

773 2743 1353 2816 EPIGRAMMA
1408 2745 1534 2816 DE
1593 2716 2343 2821 BEATOJOANNE
2390 2746 2517 2820 ET
2568 2745 2801 2819 EJUS
2850 2744 3480 2818 APOCALYPSI.

549 2895 709 2948 Exsul
740 2896 804 2947 ab
835 2895 1060 2947 humano
1089 2894 1208 2946 dum
1242 2894 1448 2960 pellitur
1483 2895 1608 2948 orbe
1635 2894 1890 2961 Joannes,

617 2986 681 3038 Et
711 2988 898 3039 vetitus
927 2983 1068 3038 Coici
1098 2994 1179 3038 est
1217 2999 1432 3037 cernere
1459 2999 1612 3052 regna
1642 2985 1760 3049 soli,

551 3075 712 3128 Intrat
740 3083 901 3127 oVans
927 3075 1042 3128 cmli
1073 3074 1289 3126 Domino
1317 3074 1536 3127 dilectus
1568 3075 1617 3126 in
1645 3074 1837 3133 aulam,

633 3164 786 3232 ltegis
815 3172 865 3214 et
892 3163 1153 3215 altithroni
1181 3164 1366 3229 gaudet
1393 3164 1573 3215 adesse
1601 3163 1791 3216 choris.

552 3255 647 3307 llic
677 3254 761 3306 ubi
787 3253 1079 3318 subjectum
1107 3267 1252 3305 sacra
1281 3252 1472 3304 lumina
1503 3253 1651 3305 vertit
1679 3253 1727 3304 in
1765 3254 1963 3314 orbem,

621 3342 843 3396 Currere
875 3343 1174 3409 ﬂuctivagus
1201 3345 1366 3395 cernit
1397 3345 1584 3406 ubique
1615 3353 1778 3409 rates,

557 3434 619 3482 lit
650 3432 802 3484 Bahcl
830 3446 889 3483 ac
919 3432 1165 3486 Solimam
1199 3433 1372 3485 mixtis
1401 3433 1679 3498 confligere
1707 3433 1890 3485 castris
1921 3449 1935 3483 :

625 3521 752 3572 llinc
783 3528 937 3587 atque
968 3520 1085 3572 hinc
1112 3519 1308 3572 vicibus
1333 3521 1432 3572 tela
1465 3520 1738 3586 fugamque
1766 3519 1900 3586 capi.

556 3610 657 3663 Sed
687 3610 864 3661 mitem
891 3609 1124 3675 sequitur
1154 3608 1301 3660 utiles
1329 3608 1415 3674 qui
1444 3608 1694 3660 candidus
1725 3610 1948 3674 Agnum,

622 3697 748 3751 Ctntt
780 3698 909 3749 duce
937 3697 1186 3763 percipiat
1217 3709 1370 3763 regna
1400 3695 1546 3747 beata
1572 3696 1696 3761 poli.

557 3786 899 3854 Squammeus
930 3795 1010 3840 est
1036 3785 1247 3853 anguis,
1283 3801 1372 3852 per
1414 3785 1625 3837 Tartara
1656 3798 1792 3837 cicca
1825 3783 2078 3851 maniplos

2242 2899 2537 2966 Submergit
2566 2897 2804 2958 flammis,
2837 2907 2980 2964 peste
3010 2898 3246 2961 fameque
3271 2911 3408 2949 suos.

2174 2989 2334 3055 llujus
2361 3004 2475 3056 quae
2502 2987 2660 3040 facies
2699 2988 2994 3040 studiumve
3023 2989 3214 3039 ortlove
3243 2987 3417 3045 duelli,

2241 3078 2340 3130 Ars
2368 3092 2503 3144 quae,
2538 3092 2719 3143 quazve
2751 3077 3005 3144 phalanx,
3031 3075 3308 3142 palma‘vel
3339 3088 3476 3125 arma
3505 3071 3659 3124 forent.

2174 3164 2410 3219 Pandere
2438 3166 2560 3218 dum
2590 3179 2853 3232 cuperem,
2875 3175 3105 3217 veterum
3133 3172 3239 3214 sata
3264 3165 3358 3215 lata
3397 3173 3661 3228 peragrans,

2247 3254 2493 3321 Excerpsi
2523 3253 2718 3318 campis
2747 3255 2977 3319 germina
3010 3264 3169 3318 pauca
3204 3250 3385 3310 sacris,

2175 3343 2334 3411 Copia
2366 3358 2430 3394 ne
2460 3342 2628 3408 potior
2652 3349 2865 3407 generet
2893 3339 3096 3392 fastidia
3128 3341 3320 3391 mensis
3339 3377 3355 3400 ,

2244 3434 2532 3486 Convivam
2563 3442 2649 3485 aut
2679 3444 2887 3485 tenuem
2920 3441 3058 3483 tanta
3087 3445 3272 3497 parare
3300 3437 3450 3481 vetet.

2178 3524 2362 3573 Nostra
2393 3521 2493 3572 tuis
2521 3534 2646 3586 ergo
2671 3520 2875 3584 sapiant
2903 3519 2944 3569 si
2976 3517 3168 3570 fercula
3196 3517 3368 3576 labris,

2249 3609 2501 3676 ltegnattti
2526 3608 2704 3661 laudes
2734 3608 2798 3659 da
2824 3619 2982 3672 super
3011 3616 3147 3656 astra
3180 3603 3304 3656 Deo.

2177 3699 2265 3751 Siti
2296 3700 2446 3762 alias,
2477 3699 2676 3751 animos
2708 3707 2878 3748 tamen
2911 3696 3236 3757 amplexatus
3263 3694 3473 3755 amicos;

2247 3789 2374 3849 Qua:
2402 3798 2533 3838 cano
2560 3785 2871 3860 corripiens,
2903 3783 3104 3850 pumice
3133 3783 3330 3849 frange,
3361 3782 3501 3846 rugo.

953 4007 1804 4147 PAlUENETICORUM
1874 4067 2528 4143 VENERABILIS
2585 4071 2859 4144 BEDIE
2911 4068 3314 4143 OPERUM

1301 4233 2011 4377 SECTIO
2099 4235 2878 4410 QUARTA

735 4477 877 4587 IN
964 4473 1231 4601 QUA
1308 4468 2292 4582 CONTINENTUR
2378 4471 2694 4582 EJUS
2768 4473 3510 4586 EPISTOLXE.

1039 4741 1351 4797 EPISTULA
1393 4740 1612 4798 PRIMA,

984 4871 1049 4907 AD
1087 4867 1307 4906 ALBINUM
1348 4864 1579 4902 ALBATEN
1618 4857 1662 4899 ⁸.

940 4984 1112 5046 (Giles,
1137 4981 1293 5039 Opera
1320 4981 1477 5036 Beda},
1500 4988 1610 5027 tom.
1646 4979 1706 5039 Ι.)

640 5087 1087 5144 Desideratissimo
1128 5093 1179 5135 et
1223 5081 1658 5134 reverendissitno
1703 5082 1839 5135 Patri
1879 5082 2086 5147 Albino,

572 5183 707 5238 Beda
734 5177 924 5233 Christi
951 5175 1188 5234 famulus,
1221 5172 1457 5224 salutem.

641 5266 1037 5326 Gratantissime
1062 5261 1261 5328 suscepi
1301 5258 1605 5313 munuscula
1639 5265 1736 5308 tua:
1776 5257 2088 5321 ducet-iouis,

569 5377 683 5427 qua:
723 5374 813 5427 per
842 5353 1188 5409 venerabilem
1234 5348 1444 5401 frattem
1492 5357 1720 5400 nostrum
1762 5342 2089 5397 Nothelmum

573 5448 926 5516 presbyterum
949 5441 1153 5494 mittere
1181 5435 1418 5501 dignatus
1447 5448 1526 5495 es,
1547 5442 1601 5486 et
1626 5429 1849 5484 maxime
1875 5430 2093 5496 litteras,

640 5585 662 5609 ι
712 5573 926 5626 Albinus
969 5569 1157 5625 abbas,
1188 5562 1271 5616 cui
1301 5560 1610 5612 venerabilis
1637 5559 1774 5612 Beda
1819 5558 1950 5610 hanc
1977 5559 2085 5624 epi-

575 5645 757 5697 stolam
789 5639 995 5698 direxit,
1033 5645 1209 5687 auctor
1255 5631 1350 5696 ipsi
1393 5629 1486 5681 fuit
1525 5638 1686 5698 atque
1721 5628 1924 5691 adjutor
1953 5628 2084 5698 scri-

570 5695 750 5768 benda:
804 5695 1083 5772 Anglorum
1137 5695 1411 5763 llisto’rite,
1466 5697 1538 5750 uti
1590 5695 1726 5751 Beda
1770 5705 1984 5751 testatur
2035 5695 2086 5746 in

3545 4718 3558 4742 |

2119 4746 2171 4803 ι)
2197 4744 2382 4810 quibus
2413 4758 2495 4797 me
2536 4745 2639 4810 jam
2686 4746 2908 4798 secunda
2943 4747 3052 4800 vice
3090 4747 3138 4799 in
3168 4749 3510 4801 ecclesiastica
3537 4749 3662 4816 gentis

2190 4839 2380 4882 nostra:
2409 4833 2642 4894 historia,
2670 4833 2732 4884 ad
2763 4848 2915 4899 quam
2947 4848 3030 4886 me
3053 4834 3378 4886 scribendam
3404 4837 3661 4902 jamdudum

2188 4917 2550 4982 instigaveras,
2601 4916 2782 4969 creber
2824 4918 3072 4983 adjuvare
3113 4929 3265 4986 atque
3305 4921 3566 4975 instituere
3595 4937 3660 4973 cn-

2191 5008 2335 5059 rasti.
2371 5007 2585 5074 Propter
2609 5008 2742 5075 quod
2783 5018 2834 5059 et
2878 5008 2988 5073 ipse
3025 5008 3112 5061 tibi
3159 5011 3441 5064 rectissime
3467 5011 3659 5064 eamdem

2191 5096 2477 5160 historiam,
2509 5110 2625 5149 mox
2674 5107 2726 5148 ut
2768 5109 3128 5150 consummare
3159 5098 3324 5161 potui,
3356 5097 3418 5148 ad
3458 5095 3659 5148 trattscri-

2192 5183 2413 5237 bendum
2444 5184 2638 5237 remisi.
2666 5181 2764 5236 Sed
2809 5189 2862 5235 et
2904 5183 3066 5251 aliud,
3093 5184 3228 5251 quod
3262 5193 3312 5236 te
3355 5183 3534 5249 partim
3560 5183 3661 5234 deli-

2190 5271 2374 5325 derare
2418 5270 2669 5337 comperi,
2708 5271 2948 5325 volumen
2985 5271 3075 5324 tibi
3118 5273 3232 5323 vice
3277 5267 3662 5323 remunerationis

2192 5376 2337 5427 aeque
2363 5361 2426 5411 ad
2470 5361 2916 5414 transcribendum
2953 5359 3238 5424 destinavi,
3290 5359 3548 5421 videlicet,
3575 5356 3661 5410 illud

2194 5450 2327 5518 quod
2356 5449 2420 5502 de
2445 5459 2697 5502 structura
2722 5449 2899 5515 templi
2923 5448 3216 5503 Salomonis
3254 5457 3410 5518 atque
3435 5447 3661 5516 allegorica

2189 5555 2405 5625 epistola
2434 5555 2810 5625 nuncu‘patoria
2838 5552 2900 5625 ad
2929 5551 3232 5625 Ceolwlfum
3262 5569 3472 5625 regem,
3490 5554 3661 5608 Albinus

2191 5625 2286 5675 istc
2332 5624 2462 5677 alius
2507 5635 2586 5678 est
2610 5621 2693 5677 ἐι)
2741 5621 2926 5675 Albino
2961 5622 3145 5676 Flacco
3189 5637 3281 5677 seu
3327 5621 3560 5684 Alcinoo,
3593 5635 3663 5672 uno

2192 5691 2296 5747 fere
2323 5692 2514 5748 saeculo
2543 5700 2694 5748 atate
2736 5690 3004 5777 superior;
3034 5689 3192 5747 abbas
3221 5705 3346 5747 vero
3385 5691 3439 5744 in
3480 5689 3662 5744 Cantu-

3489 5841 3813 6285 ,Δ
