3862 6352
245 402 353 457 65⁸1

1419 415 1604 485 sccr,
1649 413 1729 464 tv.
1771 442 1838 452 _
1879 411 2236 465 EPISTOLIE.

3297 420 3400 473 658

245 517 365 573 ειμι-ι
416 518 840 582 interpretatione
876 536 1039 585 nuper
1084 522 1240 575 edidi.
1283 523 1478 591 Teque,
1529 527 1777 578 atriautis-
1807 523 1854 579 Δ
1881 534 1977 586 qua
2017 535 2116 575 non
2145 530 2337 587 sperat,
2365 531 2666 575 eventurum
2694 525 2780 589 sit,
2804 528 3094 594 evangeiica
3130 535 3402 585 mamleste

208 620 213 625 η
247 620 386 656 smne
418 606 587 667 Pater,
614 612 832 675 supplex
864 612 1101 673 obsecro,
1140 623 1193 663 ut
1232 628 1324 679 pro
1354 629 1464 667 mea
1503 615 1776 681 fragilitate

246 710 369 744 cum
399 697 501 758 his,
524 698 611 763 qui
636 708 801 751 tecum
832 710 975 762 sunt,
1005 702 1206 754 famulis
1234 702 1450 765 Christi,
1480 706 1612 770 apud
1637 704 1775 771 pium

245 780 489 833 iudicem
517 785 730 837 sedulus
752 786 1075 841 intercedere
1105 790 1401 842 memineris
1432 808 1443 841 :
1476 792 1569 843 sed
1593 802 1642 844 et
1666 806 1774 853 eos,

247 869 315 919 ad
348 886 477 934 (pios
510 872 689 925 cadent
730 885 903 927 nostra
953 880 1201 939 ripuscula
1250 881 1521 943 pervenire
1570 879 1775 942 feceris.

249 955 352 1006 hoc
384 956 517 1009 idem
551 958 718 1012 lacere
746 964 1025 1014 monueris.
1056 964 1192 1016 Bene
1219 966 1350 1029 vale,
1378 981 1583 1033 sctnpcr
1600 983 1779 1020 aman-

247 1042 451 1096 tiSsinte
482 1044 531 1096 in
559 1044 769 1100 Christo
795 1048 944 1101 l’att-r
972 1051 1188 1118 optimc.

802 1156 1119 1211 EPISTOLA
1156 1158 1216 1225 ιι,

633 1259 697 1295 AD
728 1260 1057 1301 ECGBEllCTUﬂ
1088 1265 1413 1304 ANTISTITEII.

604 1336 791 1394 (Smith,
816 1339 971 1398 Opera
996 1340 1213 1388 historica
1237 1342 1421 1401 Bedae.)

317 1413 662 1469 Dilectissimo
682 1433 741 1468 ac
764 1419 1185 1474 reverentissimo
1196 1422 1411 1476 antistiti
1431 1424 1713 1491 Ecgbercto
1728 1433 1777 1489 ⁸,

245 1500 383 1553 Beda
414 1503 634 1557 famulus
658 1506 846 1560 Christi
877 1510 1118 1561 salutem.

315 1590 522 1643 Μειιιίιιὶ
568 1602 616 1645 te
648 1594 891 1647 hesterno
919 1596 1114 1651 dixiSSe
1141 1613 1299 1662 anno,
1339 1613 1455 1651 cum
1486 1609 1651 1652 tecum
1675 1602 1777 1652 ali-

238 1690 371 1743 quot
408 1681 589 1742 diebus
628 1682 829 1749 legendi
867 1684 1026 1752 gratia
1059 1686 1107 1738 in
1136 1687 1451 1740 monasterio
1482 1696 1568 1741 tuo
1598 1688 1777 1743 den-o-

244 1783 411 1830 rarer,
440 1771 574 1835 quod
620 1771 720 1823 hoc
748 1774 901 1825 etiam
944 1789 1081 1828 anno
1109 1776 1290 1840 velles,
1317 1792 1432 1830 cum
1464 1779 1513 1829 in
1536 1779 1773 1832 eumdem

1878 607 2129 661 sententia
2152 609 2398 671 declarat,
2431 625 2528 676 qua
2572 611 2759 664 dicitur
2786 614 2847 665 ad
2892 616 3118 669 inutilem
3151 633 3352 670 servum
3384 640 3394 672 :

1880 696 2058 763 Ejicile
2080 697 2130 748 in
2178 698 2399 750 tenebras
2427 702 2712 765 exteriores,
2758 704 2823 755 ibi
2855 710 2947 756 erit
2967 709 3111 773 fletus
3140 720 3183 759 et
3222 704 3403 762 stridor

1877 786 2094 836 dentium
2116 785 2135 855 (
2160 786 2293 839 Ibid.
2322 789 2360 853 ).

1948 875 2080 927 Ante
2105 876 2274 927 omnia
2319 890 2447 931 sane
2474 886 2572 930 ture
2618 890 2814 933 sanctre
2861 884 3148 947 patvrnitati
3185 888 3403 953 suadeo,

1879 969 1936 1011 ut
1959 960 2024 1011 ab
2053 961 2232 1013 otiosis
2262 970 2313 1014 te
2350 964 2871 1030 confabulationibus,
2920 969 3399 1039 obtrectationibus,

1878 1049 2183 1116 ueterisque
2210 1050 2396 1117 lingua:
2439 1054 2703 1108 indomita:
2742 1060 2993 1126 contagiis
3025 1063 3296 1127 pontiﬁcali
3326 1067 3407 1119 di-

1878 1137 2071 1202 gnitate
2115 1152 2359 1192 coerceas
2392 1142 2619 1195 :divinis
2654 1154 2825 1198 autem
2848 1147 3066 1212 eloquiis
3092 1164 3152 1203 ac
3191 1153 3406 1206 medita-

1881 1226 2103 1277 tionibus
2142 1227 2525 1295 Scripturarum
2556 1232 2778 1298 linguam
2802 1235 2952 1287 simul
2979 1246 3032 1290 et
3060 1249 3282 1293 mentem
3319 1258 3407 1294 nc-

1878 1326 2057 1379 cupes,
2088 1324 2144 1367 et
2173 1320 2395 1369 maxime
2434 1320 2664 1386 legendis
2693 1322 2826 1375 beati
2857 1321 3002 1377 Pauli
3030 1329 3254 1391 apostoli
3293 1331 3407 1397 Epi-

1878 1401 2028 1455 stolis
2055 1403 2117 1455 ad
2146 1404 2474 1458 Timotheum
2501 1418 2553 1461 et
2579 1408 2771 1474 Titum,
2794 1412 2886 1465 sed
2916 1423 2967 1466 et
2992 1416 3161 1468 verbis
3190 1422 3404 1473 sanctis-

1881 1489 1995 1542 simi
2045 1506 2189 1558 papre
2233 1494 2463 1563 Gregorii
2507 1499 2692 1563 quibus
2738 1500 2804 1553 de
2844 1504 2944 1554 vita
2989 1504 3141 1558 simul
3177 1517 3230 1560 et
3270 1509 3405 1562 vitiis

1881 1587 2137 1633 rectorum
2188 1579 2302 1634 sive
2354 1582 2405 1634 in
2458 1582 2592 1635 libro
2638 1587 2843 1653 llegulm
2894 1589 3173 1645 Pastoralis
3212 1609 3303 1648 seu
3351 1597 3401 1648 in

1883 1664 2109 1716 homiliis
2156 1666 2421 1735 Evangelii
2448 1671 2661 1723 multum
2701 1676 2904 1728 curiose
2942 1678 3205 1743 disseruit,
3247 1692 3299 1735 ut
3336 1687 3406 1737 sit

1880 1768 2053 1807 sermo
2083 1764 2201 1809 tuus
2228 1771 2434 1825 semper
2458 1761 2726 1824 sapientia:
2754 1763 2862 1816 sale
2890 1767 3147 1830 conditus,
3177 1773 3405 1824 emitten-

240 1854 525 1908 devenims
554 1858 745 1921 lucum,
779 1876 861 1911 me
889 1877 1113 1929 (nmque,
1165 1864 1232 1915 ob
1266 1879 1540 1918 commune
1567 1866 1775 1935 legendi,
1806 1829 1849 1885 Β
1878 1846 1975 1896 tior
2001 1846 2195 1913 vulgari
2241 1849 2500 1904 locutione
2519 1893 2531 1914 ,
2560 1867 2621 1906 ac
2644 1855 2826 1909 divino
2846 1860 3041 1912 auditui
3070 1861 3271 1930 dignior
3299 1867 3405 1919 elu-

239 1942 494 2007 studium,
525 1947 589 1999 ad
621 1958 762 2000 tuum
787 1948 957 2001 accire
988 1950 1116 2019 [Al.,
1154 1952 1408 2022 accipere]
1436 1954 1764 2022 colloquium.

237 2033 389 2097 Quod
420 2035 462 2087 si
495 2034 585 2099 ita,
619 2036 723 2090 Deo
748 2038 977 2101 volente,
1025 2050 1197 2106 posset
1242 2043 1463 2107 impleri,
1495 2058 1596 2096 non
1641 2058 1771 2109 Opus

236 2133 381 2173 esset
408 2122 498 2174 tibi
532 2123 641 2175 haec
673 2140 762 2191 per
793 2126 992 2179 litteras
1016 2127 1206 2194 scripta
1231 2130 1479 2197 dirigere,
1502 2145 1617 2182 cum
1646 2147 1769 2197 pos-

236 2222 353 2261 sem
384 2210 598 2264 liberius
624 2227 716 2265 ore
736 2214 799 2266 ad
824 2228 885 2267 os
913 2215 1149 2281 loquens,
1174 2232 1393 2283 qumque
1420 2220 1598 2271 vellem
1623 2219 1766 2287 [Al.,

237 2295 469 2368 velim],
496 2299 606 2352 sive
644 2303 935 2354 necessaria
968 2304 1230 2367 ducerem,
1274 2316 1476 2359 secreta
1504 2306 1594 2359 tibi
1639 2310 1766 2363 allo-

235 2387 453 2439 cutione
491 2402 790 2457 suggerere.
842 2389 1032 2444 Verum
1078 2392 1198 2459 quia
1245 2392 1343 2447 hoc
1387 2409 1451 2448 ne
1488 2395 1656 2460 lieret,
1683 2411 1770 2448 su-

238 2475 571 2540 perveniens,
613 2487 669 2530 ut
716 2480 869 2542 nosti,
902 2482 1138 2547 corporis
1182 2483 1283 2535 mei
1328 2483 1554 2537 valitudo
1596 2487 1769 2552 prohi-

238 2560 396 2612 buit:
444 2577 597 2628 agere
646 2574 816 2617 tamen
859 2568 993 2630 quod
1048 2567 1209 2634 potui,
1265 2583 1386 2637 erga
1436 2572 1767 2625 dilectionem

238 2658 381 2701 tuam
425 2651 665 2705 fraterna:
692 2653 983 2709 devotionis
1021 2657 1225 2720 intuitu,
1278 2660 1476 2721 curavi,
1519 2658 1772 2715 mittendo

232 2736 478 2791 videlicet
507 2754 599 2807 per
628 2740 826 2795 litteras
852 2743 988 2810 quod
1015 2744 1359 2809 corporaliter
1390 2747 1645 2799 veniendo
1675 2762 1767 2815 per

233 2828 637 2884 eolloculionem
680 2833 1035 2899 nequiveram.
1069 2835 1360 2903 Precorque
1392 2844 1441 2890 te
1470 2852 1561 2904 per
1591 2839 1765 2892 Domi-

235 2933 383 2982 nuru,
427 2936 491 2974 ne
516 2922 697 2976 barum
728 2926 901 2989 apices
932 2926 1220 2980 litterarum
1248 2928 1560 2996 arrogantia:
1586 2945 1768 2998 super~

231 3006 412 3060 cilium
438 3022 555 3063 esse
587 3013 885 3079 suspiceris,
910 3015 1001 3068 sed
1028 3016 1328 3085 obsequium
1367 3021 1533 3085 potius
1561 3020 1768 3074 humili-

233 3095 360 3146 tatis
391 3110 451 3148 ac
482 3100 683 3162 pietatis
719 3102 971 3157 veraciter
993 3118 1108 3158 esse
1132 3119 1431 3172 cognoscas.

306 3186 566 3241 Exhortor
595 3190 767 3259 itaque
799 3202 959 3255 tuam,
986 3195 1320 3248 dilectissime
1345 3197 1395 3249 in
1426 3196 1633 3250 Christo
1660 3199 1767 3251 Au-

232 3272 405 3337 tistes,
449 3278 795 3341 sanctitatem,
830 3290 884 3332 ut
925 3280 1139 3347 gradum
1185 3294 1568 3336 SacrOSanctum
1614 3301 1765 3352 quem

234 3361 327 3412 tibi
378 3362 571 3415 Auctor
608 3366 858 3433 graduum
903 3375 957 3420 et
1002 3368 1343 3435 spiritualium
1386 3371 1599 3440 largitor
1644 3374 1767 3427 cha-

231 3454 503 3506 rismatum
552 3456 876 3509 committere
917 3457 1156 3526 dignatus
1202 3468 1302 3521 est,
1346 3471 1672 3517 sacrosancta
1714 3472 1768 3517 et

227 3542 238 3608 ι
274 3542 335 3594 ll.
361 3558 462 3597 om.
506 3541 579 3612 et]
611 3544 911 3610 Operatiune
938 3556 989 3598 et
1030 3546 1263 3599 doctrina
1302 3546 1610 3603 conlirmare
1658 3566 1767 3605 me-

231 3633 469 3684 mineris.
518 3632 706 3685 Neutra
756 3634 893 3686 enim
934 3636 1044 3688 lure
1090 3638 1252 3688 virtus
1300 3638 1413 3691 sine
1464 3638 1627 3692 altera
1667 3641 1766 3693 rite

232 3729 405 3784 potest
448 3720 650 3785 impleri
682 3738 695 3771 :
730 3722 783 3774 Si
811 3732 897 3775 aut
926 3723 968 3775 is
996 3725 1083 3791 qui
1124 3725 1253 3777 bene
1284 3725 1407 3777 vivit
1438 3726 1656 3779 docendi
1684 3725 1762 3779 of-

229 3812 405 3863 ficium
455 3811 686 3880 negligit,
740 3823 828 3866 aut
876 3825 1016 3869 recte
1060 3816 1255 3891 docens
1304 3819 1519 3872 antistes
1572 3828 1762 3871 rectam

227 3915 486 3955 exercere
524 3906 873 3969 operationem
919 3892 1221 3959 contemnit.
1262 3906 1356 3972 Qui
1399 3917 1568 3961 autem
1609 3906 1762 3977 [Al.,

232 3992 299 4039 At
326 3988 433 4057 qui]
487 3999 757 4056 utrumque
786 3991 1040 4046 veraciter
1068 3994 1200 4061 agit,
1249 3994 1478 4061 profecto
1508 3995 1623 4049 talis
1649 4012 1763 4049 ser-

229 4094 325 4130 vus
350 4080 620 4130 adventum
653 4078 867 4132 Domini
899 4083 975 4134 sui
1026 4082 1434 4153 gratulabundus
1474 4095 1761 4157 esSpectat,

226 4178 447 4231 sperans
473 4180 530 4218 se
554 4166 708 4218 citius
734 4167 1025 4220 auditurum
1060 4188 1071 4221 :
1108 4170 1262 4236 Euge,
1306 4185 1441 4222 serve
1476 4171 1599 4225 bone
1627 4181 1673 4224 et
1710 4175 1765 4233 fi-

226 4253 375 4315 delis,
401 4236 514 4320 quia
539 4269 687 4319 super
722 4270 880 4319 pauca
928 4257 1066 4323 [nisti
1107 4257 1293 4320 ﬁdelis,
1341 4274 1497 4325 supra
1539 4261 1695 4313 multa
1719 4272 1764 4315 te

227 4343 525 4393 constituam
557 4357 568 4393 :
602 4340 755 4411 Intra
800 4343 852 4393 in
900 4344 1141 4411 gaudium
1190 4344 1378 4397 domini
1430 4348 1501 4399 tui
1540 4346 1761 4415 (Matth.

229 4446 337 4483 uv
363 4430 401 4497 ).
441 4430 495 4483 Si
541 4433 659 4497 quis
686 4447 830 4497 vero,
861 4431 998 4498 quod
1046 4432 1199 4494 absit,
1239 4435 1399 4500 gradu
1436 4436 1761 4502 episcopatus
1791 4463 1839 4521 υ

230 4528 467 4584 accepto,
498 4533 593 4572 nec
630 4519 856 4588 seipsum
886 4536 914 4571 a
941 4520 1091 4572 malis
1119 4523 1318 4573 actibus
1348 4521 1481 4576 bene
1515 4523 1752 4590 vivendo,

230 4622 327 4659 nec
348 4608 604 4659 subditam
627 4607 725 4660 sibi
761 4607 963 4674 plebem
990 4608 1307 4673 castigando,
1334 4609 1413 4660 Vel
1436 4610 1762 4666 admonendo

228 4695 495 4763 corrigere
540 4702 691 4748 curat
720 4712 733 4746 :
763 4696 885 4763 quid
917 4695 1056 4763 huic,
1087 4696 1324 4749 veniente
1369 4697 1586 4751 Domino
1632 4697 1759 4752 hora

230 4866 390 4920 ricnsi
422 4864 735 4919 monasuerio
770 4866 934 4919 sancti
983 4865 1139 4918 Petri.
1191 4865 1237 4919 Is
1287 4879 1381 4929 per
1426 4864 1756 4919 Nothelmum

232 4935 576 5013 Londinensis
606 4935 852 4987 Ecclesire
881 4934 1235 5001 presbyterum
1267 4935 1421 5013 Beda:
1451 4937 1757 5013 munuscula

236 5003 562 5068 transmisit,
605 5011 659 5055 et
707 5013 1059 5060 monumenta.
1105 5018 1217 5068 quae
1268 5003 1419 5054 Bedzc
1468 5003 1757 5057 necessaria

236 5073 464 5125 erantin
505 5075 859 5139 componemla
892 5071 1167 5138 Anglorum
1201 5071 1444 5139 llistoria.
1483 5073 1600 5123 Ilzcc
1639 5089 1757 5124 om-

237 5142 324 5192 nia
369 5138 715 5192 constante:
774 5139 924 5191 Beda:
973 5139 1268 5202 praelatione
1317 5138 1379 5188 ad
1418 5139 1756 5193 L’eolwlfum.

239 5210 402 5261 Porro
429 5209 561 5261 hanc
605 5208 880 5275 epistolam
907 5222 968 5260 es
1012 5221 1110 5275 ins.
1141 5207 1320 5258 codice
1351 5206 1616 5259 Mettensis
1646 5225 1757 5261 mo-

236 5276 450 5329 nasterii
476 5274 653 5330 sancti
686 5275 882 5327 Amulli
910 5274 1066 5337 eruit,
1097 5274 1326 5340 mihique
1366 5276 1647 5328 transmisit
1676 5280 1758 5329 vir

234 5343 507 5408 religiosus
546 5344 768 5396 domnus
812 5342 1051 5395 Placidus
1103 5342 1469 5401 Bcnvillonius,
1517 5343 1751 5409 ejusdem

236 5412 335 5462 loci
367 5420 473 5463 tum
504 5412 742 5477 subprior
774 5428 786 5461 :
818 5425 920 5475 quo
950 5412 997 5460 in
1026 5411 1204 5478 codice
1251 5410 1466 5461 habetur
1509 5410 1618 5463 inec
1646 5414 1757 5478 epi-

229 5480 363 5532 stola
408 5493 523 5530 cum
572 5475 667 5531 hac
716 5478 1049 5543 inscriptione
1080 5500 1093 5527 :
1140 5475 1327 5538 Incipit
1355 5480 1582 5545 prwfatia
1611 5475 1751 5547 pres-

234 5548 392 5616 byteri
443 5548 509 5597 ad
537 5548 799 5616 Alcuinum
844 5548 1083 5599 abbatem.
1130 5547 1275 5609 Quod
1323 5557 1627 5613 argumento
1674 5560 1753 5602 est

234 5615 555 5679 superiorem
584 5615 857 5682 epistolam
887 5616 1202 5679 przvfatiortis
1235 5615 1345 5666 vice
1382 5617 1431 5666 in
1474 5618 1751 5681 Anglicanas

235 5687 385 5739 licda:
416 5684 634 5739 llistoria
668 5684 825 5736 fuisse
856 5685 1139 5750 appositam
1176 5700 1202 5735 a
1247 5684 1429 5739 scribis
1470 5689 1749 5751 nonnullis,

1869 1948 2063 1990 scscat.
2084 1939 2231 1991 Sicut
2253 1940 2389 1993 enim
2415 1942 2660 1998 indecens
2683 1956 2780 2009 est,
2805 1948 2849 2000 si
2874 1963 2989 2001 vasa
3015 1952 3193 2006 altaris
3223 1970 3397 2009 sacro-

1868 2036 2043 2079 sancta
2087 2028 2384 2097 vulgaribus
2426 2047 2649 2099 unquam
2680 2036 2860 2088 usibus
2904 2052 2967 2091 ac
3008 2040 3197 2094 vilibus
3241 2047 3404 2105 profa-

1870 2125 2055 2167 nentur
2075 2116 2284 2183 officiis,
2313 2119 2381 2172 ita
2405 2135 2698 2185 perversum
2725 2126 2865 2176 omni
2886 2127 3037 2181 modo
3063 2142 3125 2182 ac
3153 2133 3398 2187 miserum

1868 2213 1965 2263 est,
1993 2206 2033 2257 si
2066 2207 2108 2259 is
2133 2210 2217 2274 qni
2246 2210 2307 2259 ad
2338 2213 2690 2265 consecranda
2722 2214 2771 2265 in
2801 2214 2949 2268 altari
2999 2216 3261 2272 Dominica
3307 2238 3397 2275 sa-

1867 2307 2129 2349 cramenta
2168 2300 2435 2353 ordinatus
2466 2311 2565 2363 est,
2608 2317 2744 2355 nunc
2770 2305 2977 2369 quidem
3007 2308 3202 2361 eisdem
3231 2314 3397 2363 conli-

1868 2382 2068 2437 ciendis
2110 2391 2449 2442 sacramentis
2502 2391 2718 2443 Domino
2773 2392 3110 2448 famulatums
3164 2400 3399 2463 as~istat,

1869 2485 2004 2525 nunc
2041 2464 2279 2541 egressus
2328 2478 2609 2530 Ecclesiam
2660 2479 2771 2544 ipso
2811 2496 2902 2533 ore
2952 2482 3246 2550 eisdemque
3274 2492 3399 2553 |Al.,

1867 2568 2069 2637 eisque]
2092 2568 2326 2620 manibus
2350 2568 2532 2634 quibus
2564 2568 2713 2635 paulo
2741 2580 2858 2621 ante
2883 2586 3027 2623 sacra
3071 2582 3398 2638 tractaverat,

1873 2667 2093 2723 repente
2113 2656 2293 2709 frivola
2339 2655 2477 2723 loqui
2512 2656 2589 2709 vel
2620 2671 2773 2726 agere
2799 2658 3075 2712 Dominum
3108 2662 3400 2718 olfensurus

1870 2748 2108 2814 incipiat.
2320 2738 2323 2741 Α
2996 2738 2999 2741 λ

1937 2836 2014 2887 Ad
2044 2834 2432 2887 custodiendam
2464 2848 2586 2886 vero
2630 2834 2817 2903 linguae
2856 2836 2936 2889 vel
2983 2839 3157 2903 operis
3200 2842 3399 2893 mundi-

1871 2921 2012 2983 tiam,
2043 2936 2159 2972 cum
2192 2920 2410 2975 lectione
2441 2921 2634 2984 divina,
2665 2922 2819 2974 etiam
2844 2923 3068 2976 societas
3097 2939 3275 2979 eorum
3305 2927 3392 2993 qui

1864 3010 2070 3063 Christo
2100 3007 2239 3061 ﬁdeli
2261 3009 2532 3062 devotione
2558 3008 2891 3073 famulantur,
2922 3011 3195 3077 plurimum
3220 3015 3390 3081 juvat.

1790 3138 1836 3198 ϐ
1868 3098 1936 3152 Ut
1958 3099 2001 3151 si
2028 3105 2233 3166 quando
2258 3098 2334 3149 vel
2366 3097 2535 3165 lingua
2574 3098 2834 3163 lascivire,
2866 3100 2944 3153 vel
2974 3102 3204 3168 operatio
3234 3119 3390 3170 prava

1869 3188 1993 3239 inihi
2050 3187 2332 3254 subrepere
2404 3186 2642 3252 ceperit,
2697 3201 2815 3239 mox
2861 3189 3119 3243 sociorum
3170 3192 3395 3248 ﬁdelium

1867 3288 2018 3325 manu
2043 3288 2107 3323 ne
2133 3274 2317 3325 cadere
2348 3273 2544 3326 valeam
2574 3282 2854 3328 sustenter.
2882 3275 3029 3341 Quod
3072 3292 3187 3330 cum
3215 3284 3385 3333 omni-

1868 3360 1962 3413 bus
1992 3360 2079 3411 Dci
2134 3360 2337 3411 famulis
2389 3360 2597 3413 sibimet
2648 3361 2716 3413 ita
2769 3364 3063 3428 prospicere
3112 3365 3395 3420 utillunum

1866 3449 1992 3519 [Αι.,
2028 3446 2381 3516 utilissimum]
2410 3448 2509 3509 sit,
2542 3458 2736 3514 quanto
2782 3450 2945 3517 magis
2972 3451 3042 3501 illi
3086 3454 3266 3517 gradui
3307 3457 3393 3520 qui

1866 3554 1967 3593 non
2014 3538 2203 3591 suimet
2258 3537 2610 3590 tantummodo
2658 3552 2835 3590 curam
2865 3553 3038 3606 agere,
3088 3541 3179 3593 scd
3231 3543 3387 3597 etiam

1864 3641 1988 3697 erga
2031 3628 2358 3681 commissam
2404 3628 2501 3679 sibi
2532 3628 2812 3680 Ecclesiam
2845 3642 3059 3682 necesse
3100 3628 3256 3684 habet
3284 3640 3392 3686 stu-

1864 3720 2003 3772 dium
2032 3718 2212 3771 salutis
2242 3714 2540 3781 impendere
2560 3730 2573 3773 ;
2594 3715 2739 3780 juxta
2764 3715 2906 3767 illum
2935 3718 3020 3782 qui
3043 3717 3213 3771 dixit:
3248 3718 3389 3772 Pro:-

1863 3819 1936 3861 ter
1963 3822 2022 3860 ea
2046 3821 2156 3874 qua:
2180 3805 2483 3859 extrinsecus
2507 3811 2617 3854 sunt
2662 3802 2897 3855 instantia
2928 3814 3035 3856 mea
3078 3806 3387 3871 quotidiana,

1863 3895 2147 3949 sollicitudo
2193 3894 2413 3946 omnium
2462 3890 2816 3945 Ecclesiarum.
2853 3891 2976 3956 Quis
3003 3893 3311 3962 inﬁrmatur,
3344 3906 3393 3948 et

1862 4000 1952 4053 ego
1993 4000 2091 4035 non
2131 3983 2393 4049 inﬁrmar?
2445 3982 2568 4047 Quis
2612 3980 3005 4047 scandalizatur,
3051 3992 3097 4034 et
3143 3999 3233 4053 ego
3289 4000 3388 4037 non

1862 4074 2020 4127 uror?
2046 4070 2133 4140 (11
2162 4072 2279 4125 Cor.
2311 4071 2425 4139 xu.)
2463 4071 2609 4134 Quod
2658 4086 2758 4122 non
2799 4070 2867 4123 ita
2915 4071 3115 4137 loquor,
3145 4074 3291 4138 quasi
3340 4083 3391 4127 te

1866 4161 2018 4212 aliter
2047 4161 2220 4212 facere
2268 4160 2452 4221 sciam,
2482 4159 2572 4210 sed
2604 4159 2719 4224 quia
2762 4158 2825 4212 de
2851 4158 3155 4224 quibusdam
3181 4160 3387 4227 episco-

1864 4249 1940 4314 pis
1963 4247 2093 4300 fama
2116 4246 2376 4315 vulgatum
2400 4254 2498 4311 est,
2529 4246 2663 4313 quod
2689 4246 2783 4314 ipsi
2815 4248 2881 4299 ita
2899 4245 3106 4301 Christo
3126 4251 3383 4313 serviant,

1865 4346 1919 4389 ut
1950 4337 2116 4389 nullos
2144 4350 2320 4388 secum
2366 4334 2583 4403 alicujus
2629 4335 2894 4402 religionis
2938 4345 3026 4389 aut
3054 4337 3388 4393 continentia:

1866 4429 2002 4482 viros
2033 4427 2253 4479 habeant
2282 4426 2407 4478 :scd
2439 4427 2606 4491 potius
2637 4424 2756 4477 illos
2779 4426 2865 4491 qui
2896 4424 3041 4491 risui,
3063 4426 3216 4493 jocis,
3241 4428 3385 4481 fabu-

1869 4517 1954 4580 lis,
1983 4514 2451 4569 comessationibus
2476 4521 2531 4566 et
2557 4514 2912 4581 ebrietatibus,
2942 4517 3247 4583 ueterisque
3270 4519 3387 4571 vita:

1862 4604 2172 4658 remissioris
2202 4602 2331 4672 ML,
2361 4602 2765 4673 remissioribus]
2791 4604 3048 4657 illecebris
3076 4605 3379 4673 subigantur

1860 4696 1985 4766 [Αι.,
2032 4692 2411 4763 subjugantur],
2454 4702 2509 4747 et
2538 4694 2623 4762 qui
2672 4695 2833 4763 magis
2878 4696 3106 4761 quotidie
3147 4709 3379 4752 ventrem

1860 4866 1945 4934 qui
1976 4865 2215 4918 Albinum
2245 4865 2381 4919 hunc
2405 4863 2645 4917 eumdem
2684 4878 2800 4934 esse
2825 4879 2942 4917 cum
2991 4867 3206 4919 Alcuino
3234 4877 3378 4934 puta-

1860 4943 2064 4987 verunt.
2096 4935 2190 4987 llic
2215 4935 2499 4986 observare
2519 4934 2706 4997 juverit
2735 4933 2785 4984 in
2829 4934 3033 5001 vulgata
3080 4933 3246 4987 lledze’
3270 4939 3379 5001 epi-

1859 5003 1987 5056 stola
2012 5002 2074 5054 ad
2100 5001 2433 5071 Wichredum
2462 5003 2523 5052 de
2546 5002 2840 5071 requinoctio
2858 5070 2861 5071 ν
2880 5017 3027 5053 verno
3056 5003 3207 5069 juxta
3246 5006 3379 5056 Ana-

1860 5072 2068 5131 lolium,
2118 5070 2303 5138 apponi
2370 5072 2663 5138 exemplum
2724 5070 2861 5121 anni
2898 5083 3221 5137 occcuxvt;
3274 5089 3377 5138 quo

1859 5139 2095 5203 exemplo
2126 5137 2375 5190 adductus
2404 5137 2651 5190 Baronius
2677 5138 2825 5189 Bedre
2846 5145 3050 5189 :etatem
3076 5140 3206 5190 ultra
3239 5137 3375 5193 hunc

1858 5223 2048 5259 annum
2080 5208 2392 5272 prorogavit.
2428 5206 2613 5257 Verum
2660 5208 2709 5255 in
2758 5206 3034 5257 veterrima
3079 5206 3229 5271 hujus
3263 5211 3385 5271 epit

1858 5278 2004 5326 stube
2033 5276 2341 5337 exemplari,
2373 5274 2508 5341 quod
2542 5274 2591 5324 in
2621 5272 2927 5325 bibliotheca
2978 5274 3245 5326 Laubieusi
3285 5290 3370 5325 as-

1856 5353 2112 5407 servatur,
2144 5357 2246 5394 non
2276 5350 2540 5409 ceniparet
2576 5341 2673 5392 hoc
2715 5342 3032 5407 exemplum,
3074 5343 3183 5392 sine
3218 5342 3374 5394 dubio

1858 5413 2105 5463 insertum
2134 5426 2161 5462 a
2190 5411 2421 5471 librario,
2452 5410 2535 5471 qui
2564 5423 2628 5460 co
2656 5422 2791 5461 anno
2822 5409 2953 5461 hanc
2982 5409 3250 5473 epistolam
3279 5409 3369 5464 de-

1857 5476 2864 5557 scribebat:(Muretunlfet:AnalfclaJ
3005 5544 3102 5557 --η
3172 5544 3201 5557 ..
3268 5545 3279 5554 ι

1928 5560 1951 5583 α
1993 5548 2083 5599 llic
2115 5549 2276 5597 factus
2303 5555 2381 5597 est
2428 5544 2581 5595 Ebor.
2625 5546 2841 5597 antistes
2868 5559 2954 5594 an.
3005 5544 3123 5595 752.
3172 5544 3370 5608 Scripta

1857 5629 1936 5671 e~t
1977 5618 2085 5669 haec
2131 5614 2342 5683 cpistola
2374 5614 2508 5665 circa
2556 5613 2752 5665 initium
2782 5627 2869 5663 an.
2911 5610 3039 5674 75.},
3090 5628 3191 5677 quo
3235 5610 3371 5665 Beda

1858 5692 1921 5741 ob
1948 5690 2003 5739 il.
