3862 6326
505 324 605 373 659

3368 0 3814 301 ’Ἴ

1185 326 1378 380 ΒΕῡΑΞ
1416 325 1854 381 VENERABILIS
1890 323 2037 378 OPP.
2078 323 2249 379 PARS
2287 322 2376 379 Ill.
2412 353 2483 366 —
2521 324 2981 379 PAR/ENETICA.
3586 323 3671 375 ιι,ιί

510 434 752 499 “nilum.
783 447 935 500 quam
968 443 1192 488 mentem
1221 437 1491 491 sacriliciis
1508 438 1801 492 cmlesﬁbus
1822 444 2035 505 pascant
2061 437 2112 494 Λ
2137 435 2297 487 tidoto
2324 436 2578 502 spirituali
2615 448 2797 490 contra
2836 436 3028 489 diaboli
3069 449 3268 489 venena
3315 451 3435 502 ιιιιτε
3470 436 3576 486 illis
3603 436 3670 484 in-

506 525 636 583 ιλιι..
668 523 891 591 parcnt].
942 526 1083 588 Quos
1117 534 1200 576 tua
1231 536 1409 578 sancta
1449 529 1755 593 auctoritate
1774 527 1815 577 si
1847 525 2035 579 alicubi

507 611 764 677 repereris
793 612 944 663 velim
975 612 1229 681 corrigas,
1258 628 1574 679 moneasque
1606 615 1721 666 illos
1766 614 1895 667 tales
1925 628 2033 664 sum

506 699 915 752 conversationis
953 702 1153 752 diurna:
1180 701 1296 753 sive
1331 710 1597 753 nocturna:
1629 710 1788 753 testes
1814 700 2031 759 habere,

506 787 592 851 qui
618 797 671 838 et
694 788 902 841 actione
950 787 1057 841 Deo
1101 789 1255 856 digna
1299 797 1354 842 et
1397 789 1766 842 exhortatione
1808 802 2037 853 congrua

510 876 756 940 prodesse
778 878 1005 945 populis,
1048 892 1109 931 ac
1156 879 1425 945 spirituale
1474 882 1703 945 ipsorum
1750 878 2036 930 antiSIitttm

507 980 637 1032 opus
652 968 838 1035 juvare
864 967 1140 1022 sufﬁciant.
1166 969 1301 1036 Lege
1321 971 1458 1023 enim
1483 970 1639 1023 Actus
1660 971 2034 1036 apostolorum,

508 1066 563 1109 et
593 1057 808 1124 videbis,
843 1060 1101 1113 referente
1131 1060 1283 1123 beato
1323 1060 1481 1123 Luca,
1511 1065 1693 1129 quales
1740 1075 1915 1113 secum
1945 1073 2036 1111 co-

507 1148 660 1198 mites
696 1148 916 1214 apostoli
951 1148 1138 1200 Paulus
1181 1156 1235 1201 ct
1278 1148 1539 1201 Barnabas
1591 1148 1880 1210 habuerint,
1918 1145 2038 1211 quid

510 1236 669 1288 etiam
702 1239 820 1304 ipsi,
872 1238 1165 1305 ubicunque
1213 1238 1565 1298 devenissent,
1612 1236 1789 1301 operis
1817 1236 2037 1301 egerint.

505 1322 694 1377 Statim
741 1339 962 1390 namque
994 1334 1049 1378 ut
1077 1326 1310 1378 civitates
1358 1325 1442 1377 vel
1489 1336 1778 1391 synagogas
1824 1322 2038 1387 ingrcssi

503 1424 649 1478 sunt,
678 1418 890 1469 verbum
930 1416 1019 1469 Dei
1052 1416 1352 1482 prazdicare,
1396 1423 1449 1465 et
1478 1429 1568 1480 per
1595 1415 1764 1465 omnia
1798 1412 2038 1465 dissemi-

509 1521 634 1560 narc
659 1508 933 1560 curabant.
981 1507 1126 1571 Quod
1158 1507 1313 1559 etiam
1371 1514 1440 1568 lc,
1486 1504 1882 1567 dilectissimum
1914 1503 2038 1555 mihi

508 1608 683 1662 caput,
722 1597 977 1661 sagaciter
1006 1594 1233 1663 cupiam,
1266 1595 1558 1661 ubicunque
1608 1606 1754 1659 potes
1802 1595 2038 1659 implere.

511 1685 562 1733 In
606 1684 704 1735 hoc
734 1699 953 1749 namque
1001 1685 1227 1734 ofﬁciunt
1272 1698 1299 1733 a
1336 1684 1553 1734 Domino
1594 1684 1814 1743 electus,
1864 1686 1911 1734 ιιι
1944 1683 2041 1735 hoc

2140 524 2306 577 terdiu
2337 525 2416 577 vel
2456 532 2611 577 noctu
2637 534 2747 577 astu
2788 527 3011 594 maligno
3039 526 3269 590 objicere
3297 534 3509 592 posset,
3553 539 3671 590 pne-

2140 612 2388 664 muniant.
2422 614 2716 666 Orationem
2755 630 2879 682 vero
2920 616 3237 668 Dominicam
3270 615 3470 679 smpius
3495 613 3673 662 demo-

2141 701 2234 751 tari
2260 700 2385 769 [Al.,
2425 699 2645 768 cantari]
2686 702 2793 768 ipsa
2823 704 2977 755 etiam
3006 718 3098 755 nos
3124 704 3457 756 consuetudo
3488 701 3673 753 scilnlzc

2138 792 2518 856 deprecationis
2543 806 2603 845 ac
2628 806 2852 859 genuum
2883 793 3117 846 ﬂexionis
3144 793 3343 846 docuit.

2208 879 2352 943 Quod
2385 880 2426 932 si
2460 879 2571 932 haec
2599 889 2653 932 ut
2674 880 3107 953 suggerimusin
3157 881 3402 949 regendis
3454 893 3669 942 pascen-

2139 969 2321 1035 disqne
2352 970 2543 1023 Christi
2574 972 2759 1024 ovibus
2806 981 2888 1023 tua
2935 973 3209 1039 pastoralis
3242 969 3537 1022 auctoritas
3566 987 3671 1033 per-

2142 1058 2317 1110 l‘ccerit
2340 1098 2355 1120 ,
2395 1060 2491 1110 dici
2523 1075 2625 1111 non
2658 1070 2829 1124 potest
2856 1069 3103 1126 quantum
3136 1060 3229 1111 tibi
3260 1073 3513 1123 supernae
3544 1074 3672 1107 IIle-

2142 1148 2283 1199 ccdis
2314 1149 2448 1214 apud
2491 1148 2756 1201 Pastorem
2805 1159 3068 1216 pastorum
3116 1150 3166 1200 in
3213 1146 3387 1199 futuro
3419 1148 3675 1212 praeturav'

2144 1241 2298 1291 veris.
2328 1241 2537 1303 Quanto
2563 1241 2699 1293 enim
2731 1241 2925 1293 rariora
2958 1240 3109 1306 hujus
3135 1239 3480 1291 sacratissimi
3510 1238 3671 1299 operis

2142 1331 2193 1401 in
2222 1329 2478 1395 episc0pis
2510 1339 2700 1383 nostrte
2746 1331 2916 1396 gentis
2958 1330 3196 1393 exempla
3243 1328 3446 1393 reperis
3472 1364 3488 1386 ,
3542 1335 3671 1377 tanto

2142 1422 2323 1472 altiora
2368 1421 2643 1487 singularis
2683 1419 2851 1472 meriti
2896 1419 3105 1485 praemia
3136 1418 3239 1487 [ΑΙ.
3283 1433 3387 1469 om.
3442 1413 3670 1483 pm‘mia]

2143 1510 2391 1575 recipies;
2425 1518 2605 1577 utpote
2633 1509 2719 1575 qni
2749 1508 2991 1574 pepnlnm
3020 1507 3109 1559 Dei
3139 1521 3231 1573 per
3255 1506 3501 1557 crebram
3530 1505 3670 1569 Sym-

2145 1599 2248 1651 boli
2276 1598 2355 1651 vel
2386 1599 2645 1650 Orationis
2697 1611 2860 1649 sacrae
2906 1597 3325 1648 decantationcm
3370 1595 3433 1645 ad
3480 1593 3670 1645 intelle-

2144 1698 2308 1751 ctum,
2336 1703 2591 1757 antorem,
2623 1702 2794 1755 spem,
2842 1687 2992 1739 Iidem
3043 1697 3094 1738 et
3144 1684 3541 1751 inquisitionem
3584 1698 3670 1734 eo-

506 1784 841 1827 ωιιδερτιιιιιε
869 1789 924 1826 es
970 1772 1097 1843 [.ll.,
1148 1772 1381 1839 implere.
1435 1773 1487 1825 ΙΙΙ
1534 1773 1632 1824 hoc
1661 1769 2036 1838 C(lllSECl‘allIS},
2072 1755 2112 1810 Β
2147 1755 2379 1833 rumde
2408 1794 2525 1846 qua}
2552 1780 2897 1832 decantauit"
2925 1779 3213 1831 cmicstium
3245 1778 3508 1828 donorum
3530 1816 3545 1832 ν
3591 1791 3667 1841 In.

505 1874 561 1916 nt
589 1864 799 1916 verbum
831 1864 1155 1929 evangelises
1186 1862 1375 1913 virtute
1426 1875 1606 1927 magna
1657 1860 1788 1929 ι.ιι.,
1838 1857 2040 1925 multa],
2084 1859 2087 1863 ⁷

504 1946 769 2020 praebente
797 1951 885 2004 tibi
926 1952 1176 2005 auxilium
1209 1953 1321 2015 ipso
1355 1949 1494 2015 licgc
1537 1952 1785 1998 virltttunt
1824 1947 2043 1999 Domino

507 2052 693 2095 nostro
714 2042 835 2095 Jesu
882 2040 1109 2094 Christo.
1142 2038 1292 2102 Quod
1338 2037 1406 2089 ita
1458 2037 1552 2087 tite
1584 2036 1819 2101 perﬁcies
1848 2037 1890 2086 si
1923 2035 2040 2085 ubi-

506 2147 711 2200 cunque
742 2130 1063 2198 perveneris,
1095 2145 1212 2181 mox
1239 2126 1475 2179 collectis
1501 2126 1563 2178 ad
1593 2136 1643 2178 te
1674 2117 1909 2191 ejusdem
1940 2126 2037 2178 loci

509 2224 713 2284 incolis,
745 2222 960 2274 verbum
990 2220 1092 2274 illis
1119 2216 1498 2272 exhortationis
1529 2217 1847 2279 exhibueris,
1880 2217 2035 2269 simul

506 2323 559 2368 et
585 2315 883 2379 exemplum
911 2312 1114 2366 vivendi
1164 2325 1264 2362 una
1309 2324 1424 2362 cum
1466 2308 1706 2360 omnibus
1734 2307 1821 2375 qui
1867 2316 2037 2359 tecum

507 2406 747 2457 venerint
780 2401 927 2470 quasi
951 2399 1181 2454 celestis
1208 2399 1405 2450 militia:
1434 2398 1618 2448 ductor
1657 2396 1969 2448 ostenderis.

580 2515 642 2566 Et
666 2514 783 2579 quia
817 2514 1001 2565 latiora
1024 2520 1145 2563 sunt
1168 2510 1332 2575 spatia
1362 2507 1594 2560 locorum
1623 2521 1738 2574 quze
1761 2506 1823 2557 ad
1849 2506 2039 2573 guber-

507 2604 689 2655 nacula
732 2612 833 2654 tnzte
881 2600 1125 2653 dimacsis
1156 2597 1440 2664 pertinent,
1488 2610 1645 2661 quam
1677 2604 1731 2645 ιιι
1759 2595 1901 2645 solus
1949 2609 2040 2658 per

501 2692 673 2745 o-niiia
705 2692 1021 2749 discurrere,
1054 2695 1108 2740 et
1148 2687 1200 2739 in
1242 2684 1459 2750 singulis
1488 2683 1672 2735 viculis
1711 2692 1868 2749 atque
1896 2683 2037 2749 age!-

507 2786 571 2834 Iis
595 2783 805 2835 verbum
833 2781 920 2833 Dei
952 2778 1256 2844 prmdicarc,
1296 2776 1451 2829 etiam
1483 2775 1601 2825 anni
1636 2774 1794 2826 totius
1824 2788 2039 2825 emenso

505 2871 784 2935 curriculo,
828 2869 1083 2927 sufﬁcias;
1114 2866 1464 2919 necessarium
1494 2864 1621 2915 satis
1652 2871 1750 2916 est.
1782 2872 1835 2913 ut
1866 2862 2039 2928 plures

507 2961 601 3014 tibi
631 2960 763 3013 sacri
790 2962 962 3026 operis
1001 2956 1269 3024 adjutores
1313 2955 1556 3011 asciScas,
1608 2953 1939 3019 presbyteros
1966 2950 2039 3001 vi—

506 3053 696 3106 delicet
741 3048 1055 3111 ordinando,
1106 3055 1260 3111 atque
1300 3041 1617 3094 in~tituendo
1646 3040 1906 3099 doctores,
1949 3038 2035 3103 qui
2064 3078 2111 3137 ο

506 3143 557 3194 in
608 3139 823 3206 singulis
853 3137 1032 3189 viculis
1065 3132 1393 3200 prmdicando
1445 3130 1537 3182 Dei
1591 3130 1768 3191 verbo,
1812 3136 1865 3180 ct
1905 3143 2033 3179 con-

504 3228 771 3284 sccraudis
824 3226 1086 3297 mysteri's
1138 3220 1474 3282 coelestibus,
1526 3233 1585 3270 ac
1638 3218 1859 3271 maxime
1922 3232 2038 3284 pcr-

503 3318 719 3388 agendis
764 3317 899 3371 sacri
940 3314 1266 3383 baptismatis
1306 3310 1512 3371 olﬁciis,
1546 3309 1629 3361 ubi
1677 3308 2039 3375 opportunitas

509 3410 785 3478 ingruerit,
832 3409 1090 3462 insismnt.
1142 3405 1194 3458 In
1247 3419 1346 3471 qua
1381 3401 1622 3453 videlicet
1671 3399 2039 3467 praedicatione

505 3500 708 3569 populis
737 3496 1051 3558 exhibenda,
1087 3497 1183 3546 hoc
1214 3507 1320 3561 prae
1368 3492 1573 3544 cretei-is
1602 3489 1744 3541 omni
1790 3488 2036 3541 instantia

503 3587 889 3660 procurandum
939 3584 1183 3647 arbitror,
1241 3593 1293 3634 ut
1353 3581 1503 3633 ﬁdem
1559 3578 1869 3632 catholicam
1923 3592 2039 3644 qua:

505 3678 856 3746 apostolorum
929 3674 1179 3743 Sytnbolo
1244 3672 1563 3731 continetur,
1615 3678 1665 3721 et
1718 3666 2037 3719 Dominicam

506 3778 796 3827 orationem
822 3785 973 3838 quam
1003 3769 1164 3819 sancti
1192 3765 1458 3832 Evangelii
1491 3777 1588 3815 nos
1618 3761 1883 3828 Scriptura
1911 3759 2038 3812 cdo-

505 3872 607 3924 cet,
636 3863 867 3914 omnium
895 3859 980 3928 qui
1007 3858 1069 3910 ad
1094 3867 1237 3910 tuum
1272 3855 1502 3921 regimen
1538 3851 1815 3919 pertinent,
1842 3863 2040 3901 memo-

507 3949 598 4002 ria:
636 3948 882 4001 radicitus
912 3948 1128 4013 inﬁgere
1165 3956 1340 3996 cures.
1386 3943 1447 3993 Et
1493 3940 1702 4007 quidem
1744 3950 1925 3988 omnes
1949 3937 2038 4003 qtti

505 4039 739 4093 Latinam
771 4039 991 4105 linguam
1021 4037 1258 4091 lectionis
1285 4048 1376 4085 usu
1402 4030 1720 4090 didicerunt,
1744 4027 1901 4079 etiam
1928 4025 2040 4077 haec

501 4128 700 4194 optime
728 4126 971 4179 didicisse
1000 4125 1347 4178 certissimum
1389 4130 1468 4195 cst
1508 4138 1519 4169 :
1552 4118 1643 4170 sed
1696 4116 1906 4179 idiotas,
1942 4116 2040 4165 hoc

500 4231 604 4284 est,
632 4235 723 4274 eos
751 4220 838 4287 qni
867 4218 1089 4286 proprirc
1112 4226 1309 4269 tantum
1335 4214 1522 4279 lingua:
1552 4210 1787 4262 notitiam
1822 4206 2036 4266 habent,

503 4316 616 4365 hate
643 4312 750 4378 ipsa
781 4326 870 4363 sua
900 4310 1066 4375 lingua
1105 4309 1295 4366 dicere,
1341 4319 1402 4355 ac
1442 4300 1624 4355 sedulo
1654 4300 1935 4351 dt'Cdltltll’C
1967 4297 2036 4345 ia-

503 4404 628 4455 cito.
656 4400 804 4465 Quod
855 4415 955 4451 non
995 4398 1164 4449 solutn
1195 4397 1258 4447 de
1291 4394 1458 4455 laicis,
1491 4391 1540 4442 id
1572 4399 1673 4454 est,
1719 4388 1768 4439 in
1805 4385 2034 4451 populari
2069 4399 2118 4457 ο
2145 4373 2337 4443 aliquid
2381 4369 2656 4424 ministerii
2702 4376 2788 4418 aut
2833 4380 2863 4432 ς

501 4491 672 4544 adhuc
700 4491 803 4542 vita
835 4488 1150 4551 constitutis,
1180 4498 1360 4537 verum
1400 4482 1554 4535 etiam
1600 4481 1663 4530 de
1694 4475 1899 4530 clericis
1927 4475 2039 4527 sive

504 4579 773 4633 monachis
824 4578 910 4646 qui
970 4574 1169 4628 Latium
1223 4580 1344 4624 sunt
1398 4571 1585 4637 lingua:
1628 4576 1868 4631 expertes
1928 4562 2037 4613 ﬁeri

500 4678 727 4738 oportet.
757 4669 842 4722 Sic
870 4667 1006 4729 enim
1041 4666 1097 4717 ﬁt
1139 4672 1195 4716 ut
1223 4670 1388 4713 cretus
1428 4659 1600 4711 omnis
1648 4654 1880 4707 ﬁdelium
1909 4666 2041 4718 quo-

502 4760 659 4813 modo
704 4757 873 4811 ﬁdelis
898 4771 1035 4816 esse,
1066 4771 1163 4821 qna
1207 4768 1264 4805 se
1296 4752 1539 4803 ﬁrmitate
1567 4744 1813 4799 credendi
1857 4751 2036 4793 contra

504 4846 915 4900 immundorum'
948 4843 1220 4909 Spirituum
1285 4836 1569 4892 certamina
1640 4832 1841 4885 nnn‘tire
1887 4839 2041 4895 atque

500 4921 708 4991 armare
748 4935 958 4997 debeat,
1008 4931 1207 4992 discat;
1238 4930 1332 4991 sic,
1384 4937 1438 4979 nt
1482 4928 1675 4979 chorus
1719 4922 1847 4991 ML,
1882 4918 1961 4970 Fit
1988 4926 2043 4969 ut

501 5023 715 5095 chorus}
760 5027 931 5077 Otttttis
989 5021 1096 5074 Deo
1134 5017 1535 5085 supplicantium
1574 5011 1696 5077 quid
1744 5009 1972 5061 maxime
2010 5021 2039 5056 a

502 5117 677 5171 divina
708 5114 986 5169 clementia
1030 5110 1191 5178 quaeri
1234 5112 1493 5176 oporteat,
1525 5109 1788 5169 agnoscat.
1828 5098 2045 5160 l‘ropter

500 5205 640 5272 quod
683 5212 736 5257 et
768 5203 883 5269 ipse
914 5199 1088 5252 multis
1135 5210 1277 5262 saepe
1324 5189 1683 5247 sacerdotibus
1730 5186 1903 5238 idioris
1933 5183 2046 5234 bzrc

502 5306 743 5360 utraque,
773 5301 825 5344 et
853 5287 1157 5359 Symbolum
1188 5284 1451 5345 videlicet,
1485 5289 1537 5332 et
1570 5276 1889 5328 Dmninicam
1914 5285 2037 5323 ora-

506 5390 699 5439 tionem
754 5385 803 5434 in
860 5382 1088 5449 linguam
1142 5376 1425 5443 Anglorum
1496 5368 1797 5421 translatam
1858 5360 2043 5415 obtuli.

504 5473 628 5526 Nam
656 5483 710 5527 et
755 5480 967 5523 sanctus
996 5468 1213 5520 antistes
1255 5458 1559 5514 Ambrosius
1603 5455 1700 5505 hoc
1740 5453 1803 5504 de
1832 5451 1933 5503 ﬁde
1965 5451 2044 5500 lo-

503 5578 669 5629 quens
695 5562 959 5622 admonet,
988 5567 1045 5611 ut
1064 5558 1221 5610 verba
1267 5551 1499 5621 Symboli
1537 5546 1807 5602 matutinis
1837 5556 2031 5609 sempe.

508 5650 648 5705 horis
696 5649 878 5707 ﬁdeles
913 5647 1105 5716 quique
1130 5644 1427 5703 decantent,
1471 5645 1523 5695 et
1554 5637 1651 5692 hoc
1680 5650 1736 5689 se
1775 5630 1923 5703 quasi
1953 5644 2045 5684 an-

2144 1878 2289 1921 tcrna
2315 1868 2507 1934 pietate
2531 1881 2591 1918 ac
2614 1868 2964 1919 sollicitudine
2992 1876 3323 1933 provocatum
3349 1865 3664 1918 accenderis.

2144 1958 2290 2011 Sicut
2343 1973 2373 2009 e
2423 1958 2687 2010 contrario
2741 1956 2784 2007 si
2840 1957 3175 2008 commissum
3230 1956 3319 2006 tibi
3376 1970 3404 2005 a
3458 1954 3666 2007 Itoniinn

2144 2050 2407 2117 negotium
2445 2048 2620 2101 minus
2648 2050 2926 2116 diligenter
2957 2048 3336 2114 compleveris.
3388 2063 3482 2112 pro
3513 2058 3667 2097 reteri.

2143 2138 2282 2190 tione
2312 2136 2491 2189 talenti
2518 2150 2637 2189 cum
2667 2152 2817 2189 servo
2846 2152 3062 2197 nequam
3105 2148 3155 2188 et
3198 2138 3343 2201 pigro
3376 2146 3574 2201 partem
3615 2150 3663 2186 es

2141 2235 2443 2294 recepturus
2472 2226 2523 2278 in
2555 2226 2725 2278 futuro
2753 2245 2764 2276 :
2814 2225 3038 2277 maxime
3068 2226 3109 2275 si
3144 2224 3448 2287 temporalia
3481 2224 3549 2274 ab
3576 2223 3665 2274 illis

2141 2316 2411 2368 commoda
2462 2314 2736 2380 requirere
2781 2323 2935 2378 atque
2982 2315 3219 2375 accipere
3254 2311 3660 2379 prmsumpseris.

2140 2403 2328 2463 quibus
2360 2402 2497 2453 tmlla
2528 2400 2757 2453 etelestis
2800 2401 3036 2453 beneﬁcii
3065 2400 3201 2451 dena
3231 2402 3521 2466 rependere
3558 2412 3663 2461 pro-

2142 2488 2372 2541 baveris.
2425 2489 2555 2541 Cum
2587 2491 2724 2541 enim
2758 2489 3013 2540 Dominus
3044 2494 3255 2540 mittens
3302 2489 3364 2539 ad
3412 2489 3660 2551 cvangeli-

2140 2579 2363 2632 z-mdnm
2419 2578 2704 2644 discipulos
2754 2575 2859 2647 [ΑΙ.
2911 2593 3015 2630 οιιι.
3063 2573 3366 2642 discipulos]
3414 2574 3658 2626 dixisset:

2144 2670 2329 2721 limites
2372 2677 2539 2720 autem
2578 2666 2865 2733 pra'dicate,
2900 2668 3119 2716 dicentes
3146 2665 3263 2730 quia
3312 2663 3662 2729 appropinquat

2138 2776 2344 2828 regnum
2390 2756 2854 2822 crrlorumUIatt/z.
2886 2757 2978 2821 x):
3033 2757 3187 2821 paulo
3235 2761 3351 2817 post
3398 2752 3661 2817 subjnuvit

2140 2852 2270 2919 HL,
2293 2845 2571 2915 adjnmit],
2596 2846 2777 2897 dicens
2803 2862 2813 2894 :
2847 2843 3017 2896 Gratis
3047 2842 3325 2909 accepistis,
3347 2842 3504 2907 gratis
3528 2840 3660 2892 date:

2147 2938 2316 2990 Nolite
2344 2936 2602 3004 possidere
2628 2949 2807 2985 marum
2832 2974 2847 2991 ,
2888 2946 3047 2998 neque
3083 2940 3337 2994 argentum
3365 2926 3567 2994 (ΙὺἱιΜ.
3612 2926 3656 2977 Si

2140 3039 2267 3091 ergo
2295 3024 2411 3076 illos
2436 3022 2600 3089 gratis
2637 3020 2968 3085 Evangeliuut
3000 3017 3279 3083 przrdieare
3305 3016 3482 3081 jussit,
3513 3026 3660 3077 neque

2144 3128 2326 3166 aurum
2355 3114 2436 3164 vel
2466 3121 2760 3179 argentum,
2789 3109 2866 3159 vel
2890 3107 3081 3171 aliquid
3114 3108 3347 3173 pecuniae
3372 3102 3657 3167 temporalis

2140 3206 2206 3257 ab
2248 3205 2327 3258 eis
2367 3203 2551 3266 quibus
2590 3199 2939 3266 praedicabant
2967 3198 3202 3261 accipere
3234 3194 3509 3261 permisit:
3548 3188 3655 3257 quid

2142 3309 2268 3361 rogo
2307 3296 2408 3346 illis
2450 3293 2537 3360 qui
2570 3291 2650 3343 his
2690 3290 2950 3343 contraria
2991 3297 3207 3355 gerunt,
3256 3284 3471 3349 periculi
3503 3281 3657 3334 immi-

2142 3385 2301 3437 neat?

2216 3473 2439 3525 Attende
2466 3471 2587 3539 quid
2618 3468 2909 3538 gravissimi
2942 3466 3158 3519 sceleris
3202 3465 3273 3515 illi
3314 3460 3659 3514 commiserint

2143 3562 2229 3631 qni
2266 3572 2315 3614 et
2348 3570 2551 3613 terrena
2582 3560 2649 3611 ab
2676 3557 3004 3609 auditoribus
3044 3554 3153 3606 suis
3200 3553 3343 3604 lucra
3379 3547 3652 3615 diligentis-

2142 3653 2274 3705 sime
2304 3649 2570 3718 requirere
2595 3691 2609 3715 ,
2659 3656 2713 3700 et
2763 3661 2857 3711 pro
2902 3658 3083 3697 eorum
3120 3642 3292 3695 salute
3318 3650 3514 3693 eterna
3545 3636 3654 3689 nihil

2142 3745 2357 3798 omnino
2380 3740 2731 3811 prmdicando,
2753 3740 2835 3791 vel
2857 3736 3200 3795 exhortando,
3227 3735 3309 3787 vel
3335 3728 3652 3795 increpandﬂ.

2144 3837 2336 3889 laboris
2366 3834 2672 3899 impendere
2700 3829 3025 3882 contendunt
3052 3827 3180 3895 [ΑΙ.⁹
3206 3816 3530 3888 intendunt].
3557 3814 3656 3872 Stti-

2142 3925 2283 3979 licite
2312 3934 2467 3988 atque
2497 3921 2785 3973 intentione
2814 3916 3044 3978 curiosa,
3073 3914 3292 3965 antistes
3317 3907 3657 3961 dilectissime.

2145 4013 2428 4081 perpende.
2460 4010 2765 4065 Audivimus
2792 4009 2957 4066 enim,
2985 4013 3039 4059 et
3066 4005 3199 4057 fama
3226 4012 3325 4062 est,
3354 3998 3471 4067 quia
3500 3994 3656 4049 multa:

2143 4108 2278 4158 villa!
2311 4119 2371 4156 ac
2398 4103 2549 4155 vicnli
2581 4112 2775 4153 nostra:
2802 4098 2971 4164 gentis
3008 4097 3058 4147 in
3102 4093 3368 4146 montibus
3395 4089 3499 4140 sint
3528 4085 3653 4137 inac-

2141 4194 2304 4247 cessis
2333 4206 2393 4245 ac
2421 4189 2637 4243 saltibus
2666 4185 2897 4239 dumosis
2926 4182 3103 4251 positi,
3134 4180 3219 4231 ubi
3248 4190 3516 4244 nunquam
3546 4169 3657 4224 mul-

2144 4288 2213 4338 tis
2244 4281 2631 4338 transcnntibus
2660 4278 2812 4331 annis
2838 4275 2907 4327 sit
2929 4275 3071 4326 visus
3096 4269 3337 4331 antistes,
3368 4267 3455 4328 qui
3486 4261 3654 4315 ibidem

2870 4363 3013 4415 fatim
3058 4359 3287 4413 caelestis
3335 4351 3651 4407 exlnbnerit;

2145 4479 2364 4533 quorum
2409 4472 2581 4513 tamen
2624 4472 2720 4511 nec
2762 4467 2897 4507 unus
2926 4452 3135 4518 quidem
3164 4463 3193 4500 a
3224 4444 3432 4497 tributis
3459 4436 3653 4493 antistiti

2143 4552 2422 4608 reddendis
2467 4562 2584 4602 esse
2628 4544 2792 4608 possit
2829 4538 3110 4594 immunis:
3152 4549 3249 4587 nec
3287 4533 3458 4583 solum
3489 4527 3653 4580 talibus

2142 4647 2271 4699 locis
2298 4644 2434 4697 desit
2461 4642 2679 4693 antistes
2705 4636 2790 4704 qui
2818 4647 3001 4687 manus
3029 4627 3364 4696 impositione
3391 4622 3655 4685 baptimos

2142 4736 2416 4790 conﬁrmet
2441 4774 2453 4795 ,
2501 4746 2678 4783 verum
2722 4728 2878 4781 etiam
2922 4722 3095 4773 omnis
3130 4719 3317 4771 doctor
3342 4714 3431 4781 qui
3472 4725 3564 4763 eos
3590 4707 3653 4759 vel

2146 4829 2263 4881 ﬁdei
2319 4824 2589 4877 veritatem
2648 4819 2727 4871 vel
2782 4816 3152 4871 discretionem
3208 4809 3359 4873 bourn
3415 4818 3477 4854 ac
3527 4800 3656 4853 mala:

2141 4917 2365 4973 actionis
2395 4915 2629 4972 edoceat,
2660 4907 2815 4975 absit.
2865 4888 3056 4970 Sicque
3093 4901 3179 4961 lit,
3223 4906 3279 4950 nt
3306 4897 3652 4961 episcoporum

2143 5012 2352 5082 quidam
2406 5023 2509 5060 non
2558 5005 2726 5056 solum
2776 4998 2938 5065 gratis
2987 5008 3090 5045 non
3140 4988 3503 5069 evangelizent
3545 4979 3655 5050 ιιι..

2144 5075 2353 5171 quidem
2401 5113 2502 5148 non
2546 5094 2715 5146 solum
2753 5089 2916 5156 gratis
2944 5075 3353 5151 evangelizent],
3382 5075 3464 5128 vel
3494 5081 3657 5124 manus

2149 5164 2385 5259 ﬁdelibus
2415 5190 2717 5253 imponant;
2750 5194 2928 5231 verum
2965 5177 3145 5237 etiam,
3177 5168 3314 5236 quod
3345 5164 3555 5233 gravius
3578 5169 3657 5217 est.

2145 5297 2354 5352 accepta
2385 5282 2450 5335 ab
2478 5276 2803 5331 auditoribus
2828 5271 2937 5323 suis
2964 5265 3217 5334 pecunia,
3246 5273 3402 5327 quam
3434 5254 3659 5309 Dominus

2146 5346 2441 5445 prohibuit,
2480 5382 2609 5435 opus
2637 5363 2782 5417 verbi
2810 5359 2948 5427 quod
2979 5354 3228 5409 Dominus
3252 5346 3409 5415 jussit
3435 5352 3659 5445 exercete

2144 5427 2479 5520 contemnant
2503 5427 2529 5509 ε’
2556 5471 2676 5510 cum
2729 5454 2835 5513 Deo
2878 5449 3099 5501 dilectus
3147 5438 3379 5509 pontifex
3426 5427 3657 5520 Samuel.

2147 5557 2297 5622 longe
2322 5552 2471 5603 aliter
2493 5548 2678 5600 iecisse
2697 5542 2838 5597 omni
2870 5536 3062 5605 popqu
3090 5541 3224 5585 teste
3246 5529 3468 5596 legatur.
3486 5519 3657 5622 .Ithtte

2149 5612 2493 5704 conversatus,
2536 5637 2730 5705 inquit,
2758 5645 2924 5685 coram
2955 5626 3084 5681 vobis
3109 5622 3170 5675 ab
3194 5612 3532 5677 adolescenti;
3566 5619 3657 5663 qua
