3862 6364
211 405 312 457 fit}!

1284 421 1290 426 '
1375 403 1555 453 SECT.
1583 400 1682 461 ,IV.
1720 427 1785 437 -——
1826 396 2183 452 EPISTULE.

3274 396 3372 449 ενεὲ

208 545 371 594 usque
396 530 459 579 ad
488 528 618 579 diem
647 526 772 576 hunc
794 565 809 587 ,
852 539 959 575 τιτι
990 532 1165 589 pra'sto
1192 535 1299 570 sum
1328 560 1343 581 ,
1395 513 1649 581 loquimini
1681 511 1743 559 tle

1875 513 1975 572 ιιι..
2008 511 2217 562 liberius
2248 508 2446 577 possit].
2497 509 2622 573 Quis
2654 510 2792 561 enim
2842 524 2939 560 non
2971 510 3144 561 videat
3173 524 3366 575 quanto

206 636 291 669 me
313 634 477 670 comm
507 617 717 667 Domino
747 625 789 665 et
813 630 975 665 coram
1004 611 1199 663 Christo
1224 612 1354 677 ejus,
1390 617 1551 657 tttrum
1574 606 1743 653 bovem

205 710 434 776 alicujus
465 708 681 761 tulerint.
710 720 775 755 an
800 704 1014 763 asinum,
1038 702 1079 749 si
1106 700 1379 765 quempiam
1415 696 1744 745 ειιίιιιιιιιιαιιιδ

208 812 350 856 sunt,
373 798 414 845 si
436 794 655 861 Oppressi
680 792 916 857 aliquem,
943 791 982 840 si
1004 790 1065 839 de
1087 804 1231 837 ntanu
1256 788 1541 850 cujusquam
1573 798 1744 829 nutans

207 885 383 949 accepi
407 899 423 931 :
462 896 507 935 ει
532 892 840 933 contemnam
867 881 990 929 illud
1018 878 1182 938 hodie,
1213 876 1563 939 restituuntan
1592 871 1745 921 rubis.

215 967 284 1019 lit
315 971 586 1023 dixerunt:
618 967 733 1019 Non
769 982 815 1016 es
850 966 1179 1017 calumniatus
1207 980 1315 1022 nos,
1350 976 1504 1025 neque
1544 973 1749 1023 oppres-

210 1057 351 1114 δὸδιὶ,
382 1072 533 1122 neque
561 1055 717 1106 tulisti
746 1056 806 1105 de
836 1069 984 1104 manu
1010 1052 1227 1112 alienius
1252 1050 1429 1117 qttippi
1454 1066 1515 1095 tut
1546 1048 1592 1107 (Ι
1627 1047 1750 1105 lien.

212 1144 337 1209 xu).
370 1142 529 1209 Cujus
557 1143 864 1193 innocentia:
890 1156 949 1191 ac
977 1139 1191 1206 iusdtitc
1222 1139 1427 1197 merito,
1467 1137 1603 1186 inter
1637 1133 1754 1197 pri-

216 1247 336 1285 tnos
366 1232 535 1298 populi
586 1231 673 1281 Dei
722 1230 884 1282 duces
933 1238 983 1280 ct
1032 1226 1333 1278 sacerdotes
1379 1222 1709 1275 annumerari
1738 1260 1752 1281 ,

217 1331 378 1383 atque
407 1321 456 1370 in
488 1318 726 1383 precibus
750 1319 860 1368 suis
886 1331 1112 1381 superno
1140 1315 1312 1363 auditu
1343 1322 1494 1377 atque
1524 1312 1753 1371 alloquio

216 1409 413 1477 dignus
467 1410 685 1460 existere
741 1408 971 1468 metuit,
1033 1406 1237 1457 dicente
1292 1404 1751 1469 l‘salmographo:

223 1496 425 1564 Moyses
455 1506 500 1547 et
534 1499 691 1547 daron
722 1497 769 1546 in
801 1493 1137 1545 sacerdotibus
1161 1493 1286 1558 ejus,
1314 1502 1359 1543 et
1386 1491 1595 1543 Samuel
1627 1492 1755 1541 inter

218 1601 309 1638 eos
334 1587 420 1651 qui
448 1586 675 1636 inrorant
703 1599 878 1636 nomen
910 1586 1041 1651 ejus,
1072 1584 1360 1633 invocabant
1395 1578 1670 1631 Dominum
1714 1591 1759 1630 et

222 1678 335 1741 ipse
362 1678 653 1729 eraudicbat
696 1692 775 1727 eos
804 1692 821 1727 :
866 1676 915 1726 in
950 1674 1177 1726 columna
1206 1674 1350 1726 nubis
1380 1673 1669 1741 loquebatur
1694 1674 1758 1723 nd

224 1777 317 1813 eos
343 1760 505 1829 (Pent.
541 1764 739 1827 xcvnt).

1844 600 1911 651 sit
1941 600 2121 651 melius
2148 607 2250 649 tam
2274 613 2484 651 enorme
2507 600 2706 663 pondus
2728 600 3064 652 ecclesiastici
3094 602 3360 667 regiminis

1847 690 1895 739 in
1927 690 2119 753 plures,
2149 689 2231 753 qui
2262 687 2357 739 hoc
2386 688 2709 753 dispertitum
2740 688 2935 741 facilius
2964 689 3145 752 lerant,
3178 692 3333 743 divitli
3353 729 3365 751 .

1845 792 1996 843 quam
2028 793 2182 827 unum
2210 778 2306 828 sub
2335 778 2471 828 fasce
2498 793 2650 849 qttem
2683 786 2887 843 portare
2919 793 3020 829 non
3074 778 3237 843 possit
3266 796 3365 839 op-

1850 865 2027 932 primi?
2056 864 2179 915 Nam
2210 873 2261 915 et
2289 875 2497 916 sanctus
2528 878 2655 931 papa
2687 864 2988 932 Gregorius,
3022 882 3136 918 cum
3168 868 3231 917 tle
3263 868 3367 920 llde

1850 964 2037 1006 nostra:
2065 956 2232 1021 gentis
2259 971 2372 1021 qua:
2399 955 2566 1008 adhuc
2597 956 2762 1008 futura
2792 966 2844 1010 et
2872 958 3229 1010 conservanda
3260 970 3374 1011 erat

1846 1040 1898 1092 in
1926 1042 2151 1106 Christo,
2176 1044 2236 1095 ad
2268 1045 2619 1095 beatissimum
2644 1047 3091 1115 archiepisctipum
3124 1050 3372 1116 Augusti-

1852 1145 1969 1179 num
2021 1130 2189 1182 missis
2238 1131 2465 1181 litteris“
2507 1132 2835 1198 disputaret,
2884 1136 3161 1188 duodecim
3210 1139 3260 1190 itt
3311 1153 3371 1191 et

1851 1204 2120 1284 episcopos
2141 1260 2154 1282 ,
2204 1235 2236 1287 p
2257 1232 2473 1280 ιειιιιιτιιιι
2506 1223 2569 1273 ad
2605 1225 2754 1275 Iidem
2787 1227 3021 1278 venirent
3052 1226 3183 1296 [At.,
3215 1245 3366 1281 vene-

1854 1306 2023 1377 runt],
2059 1308 2378 1361 ordinandus
2405 1326 2521 1363 csse
2548 1311 2779 1365 decrevit
2806 1332 2833 1376 ;.
2871 1316 2921 1368 iu
2953 1318 3135 1382 quibus
3169 1318 3368 1371 Ebora-

1854 1400 2020 1448 censis
2058 1398 2308 1460 antistes,
2354 1409 2570 1461 accepto
2617 1416 2643 1451 a
2691 1403 2819 1453 sede
2857 1406 3141 1469 apostolica
3190 1407 3367 1471 pallio,

1856 1487 2427 1548 metrOpolitauus'esse
2456 1488 2687 1540 deberet.
2730 1490 2893 1555 Quem
2925 1493 3161 1558 proiecto
3194 1511 3376 1547 nume-

1859 1591 1969 1627 rum
1995 1576 2356 1643 t'piSCOpOl‘llttl
2387 1578 2537 1629 velint
2567 1579 2719 1631 modo
2749 1590 2831 1632 tua
2860 1593 3038 1635 sancta
3070 1584 3376 1649 paternitas.

1859 1666 2212 1728 patrocinante
2243 1666 2482 1731 prtcsidio
2511 1668 2725 1728 piissimi
2763 1684 2823 1721 ac
2867 1670 2971 1724 [leo
3014 1672 3188 1723 dilecti
3240 1672 3377 1733 regis

1863 1752 2077 1816 pnetati,
2110 1753 2328 1804 solerter
2359 1754 2571 1820 implere
2601 1759 2901 1820 contendat,
2934 1770 3186 1825 quatenus
3215 1763 3388 1814 abun-

299 1815 359 1904 Si
398 1862 566 1903 autem
610 1815 796 1917 aliquid
842 1850 1076 1903 utilitatis
1107 1850 1343 1903 fidelibus
1372 1848 1593 1903 conferri
1623 1847 1753 1917 [.tl.,
1789 1815 1836 1873 Β
1862 1836 2039 1892 ιΙςιηιιι’
2069 1857 2283 1892 numero
2338 1830 2699 1901 inagistrorunt
2730 1886 2745 1906 ,
2816 1848 3096 1910 perfectius
3158 1848 3391 1904 Ecclesia

224 1937 492 2006 conlerrel
545 1956 726 1992 manus
776 1940 1106 2006 impnsitionc
1154 1939 1281 2009 [πιιη
1310 1938 1752 2006 impositioneutl,

225 2044 331 2096 qua
361 2030 583 2095 Spiritus
616 2038 823 2081 sanctus
850 2029 1132 2093 accipitur;
1172 2028 1435 2080 credimus
1463 2037 1512 2078 et
1540 2026 1754 2078 ennlite-

228 2131 371 2174 mur.
400 2125 603 2168 consul
628 2130 658 2167 c
689 2116 951 2167 contrario
979 2115 1114 2181 quod
1167 2114 1277 2166 lucc
1320 2117 1427 2179 ipsa
1462 2114 1657 2165 utilitas
1686 2114 1764 2163 cis

229 2203 423 2269 quibus
451 2218 634 2254 manus
664 2203 923 2266 intpositio
949 2200 1191 2263 defuerit,
1222 2204 1388 2253 abest.
1421 2200 1582 2265 Cujus
1612 2201 1762 2251 nimi-

227 2312 346 2347 rum
396 2296 616 2361 privatio
647 2295 765 2346 boni
796 2295 858 2346 ad
890 2309 1019 2358 quos
1062 2292 1283 2358 amplius
1311 2307 1469 2358 quam
1515 2291 1578 2343 ad
1626 2294 1763 2357 ipsos

228 2384 443 2451 l'eSpiCil
491 2384 751 2436 antistites
778 2424 791 2442 .
840 2384 925 2450 qui
972 2383 1176 2435 illorum
1208 2396 1266 2435 se
1299 2382 1606 2449 promittunt
1650 2396 1764 2433 esse

235 2475 485 2539 pra-sules
511 2474 694 2538 quibus
733 2472 982 2537 spiritalis
1012 2472 1234 2523 ollicium
1284 2472 1587 2537 praesulatus
1615 2470 1752 2521 exhi.

232 2564 361 2615 bere
390 2570 477 2614 aut
508 2562 777 2626 negligunt
806 2568 893 2611 aut
923 2560 1229 2625 nequeunt?
1270 2558 1426 2624 Cujus
1457 2560 1611 2611 totius
1640 2558 1765 2610 laci-
1802 2552 1809 2555 τ

234 2651 382 2702 noris
428 2650 565 2701 nulla
613 2649 776 2716 magis
805 2663 960 2716 quam
991 2648 1207 2699 avaritia
1237 2661 1392 2699 causa
1425 2655 1522 2698 est.
1574 2646 1765 2697 Ctuttra

230 2755 393 2807 quam
422 2738 692 2803 disputans
720 2738 1001 2803 Apostolus
1024 2775 1041 2800 ,
1089 2737 1138 2789 in
1185 2751 1287 2803 quo
1314 2736 1554 2787 Christus
1584 2737 1766 2802 loque-

234 2833 411 2893 batur,
454 2829 624 2881 aiebat
650 2843 665 2883 ε
704 2827 870 2880 Radix
896 2828 1118 2879 onmium
1149 2828 1395 2879 malorum
1421 2828 1491 2885 erit
1522 2827 1768 2891 cupiditas

234 2918 287 2986 (1
318 2919 453 2971 Tim.
482 2934 553 2981 γι,
587 2916 693 2984 l0).
745 2918 808 2970 lit
850 2933 1054 2970 rursum
1083 2937 1093 2969 :
1128 2916 1307 2986 Neque
1345 2920 1482 2969 arari
1508 2957 1521 2979 ,
1564 2916 1731 2983 inquit
1753 2954 1768 2979 ,
1814 2916 1820 2923 ’

232 3024 445 3077 regnum
491 3005 580 3060 Dei
628 3008 940 3075 possidebunt
971 3007 1022 3077 (Ι
1055 3007 1168 3060 Cor.
1200 3024 1270 3071 rt,
1306 3010 1407 3062 Illi.
1459 3008 1590 3061 Cum
1632 3010 1770 3061 enim

1862 1928 2049 1981 Chriin
2084 1928 2131 1978 in
2164 1929 2242 1979 ltis
2269 1945 2384 1992 qua:
2413 1931 2476 1980 ad
2508 1931 2702 1983 cultum
2732 1948 2894 1986 sacra:
2924 1938 3185 2003 religionis
3219 1942 3378 2000 perti-

1866 2026 2006 2078 nent,
2038 2018 2352 2068 instituatur.
2390 2017 2451 2068 Et
2478 2018 2686 2082 quidem
2715 2022 2949 2073 novimus
2977 2025 3093 2089 quia
3123 2039 3212 2090 per
3237 2028 3381 2077 incu-

1867 2105 1992 2156 riam
2033 2117 2208 2170 regunt
2242 2104 2675 2169 prtccedentium,
2725 2106 3133 2176 donationesque
3178 2111 3383 2163 stultis-

1864 2194 2023 2244 simas
2064 2192 2254 2245 factum
2298 2204 2416 2257 est,
2470 2202 2524 2245 ιιι
2574 2209 2674 2245 non
2724 2194 3049 2260 tacileloeus
3082 2212 3272 2251 vacans
3304 2199 3386 2250 ubi

1865 2282 2017 2334 sedes
2057 2283 2365 2348 episcopalis
2410 2300 2537 2335 nova
2591 2283 2701 2337 ﬁeri
2732 2286 2954 2349 debeat,
3004 2290 3223 2340 inveniri
3257 2290 3388 2357 ιΑι..

1866 2371 2125 2441 invenire]
2159 2372 2347 2425 valeat.

1935 2462 2256 2527 Quapropter
2294 2464 2622 2515 commodum
2666 2465 2934 2529 duxerint,
2985 2467 3158 2520 habito
3205 2470 3395 2532 majori

1867 2550 2085 2601 concilio
2120 2560 2173 2602 et
2209 2563 2461 2605 consensu
2493 2551 2620 2620 (AL,
2646 2566 2925 2616 consensu,
2953 2555 3142 2625 edicto]
3176 2557 3387 2623 pontiﬁe

1868 2639 1965 2689 cali
1995 2640 2146 2691 simul
2177 2649 2231 2692 et
2256 2642 2430 2707 regali,
2464 2642 2635 2694 edicto
2664 2644 3005 2710 prospiciatur
3030 2647 3175 2698 locus
3200 2646 3386 2712 aliquis

1870 2729 2307 2781 monasteriorum
2331 2731 2414 2782 ubi
2438 2731 2586 2784 sedes
2613 2731 2920 2798 episcOpalis
2946 2738 3049 2787 liat.
3083 2735 3144 2787 Et
3169 2750 3233 2788 ne
3257 2735 3388 2789 forte

1870 2817 2028 2869 abbas
2050 2818 2135 2871 vel
2161 2819 2399 2872 monachi
2424 2820 2543 2873 huic
2564 2820 2774 2875 decreto
2794 2826 3056 2878 contraire
3078 2842 3139 2879 ac
3162 2828 3402 2880 resistere

1875 2910 2203 2972 teutaveriut,
2230 2910 2382 2962 detur
2406 2911 2503 2963 illis
2531 2913 2734 2965 licentia
2766 2926 2820 2967 ut
2843 2917 2908 2969 de
2940 2918 3045 2970 suis
3076 2919 3171 2985 ipsi
3208 2921 3400 2986 eligant

1872 3011 1989 3047 eum
2013 2996 2096 3062 qtti
2121 2999 2391 3065 episcopus
2414 3001 2702 3066 ordinetur,
2725 3015 2776 3056 et
2796 3005 3140 3071 adiacentium
3170 3010 3398 3063 locorum

233 3098 458 3151 unus,“
505 3099 739 3153 meum“,
784 3114 961 3151 “mure
1010 3101 1245 3166 pecunia,
1292 3098 1541 3165 manu,“
1596 3099 1768 3167 populi
1800 3123 1845 3185 Ο
1878 3095 2129 3181 quotquot
2154 3088 2216 3138 ad
2246 3090 2479 3140 eamdem
2510 3091 2776 3145 dioecesim
2807 3096 3117 3161 pertineant,
3151 3114 3247 3153 una
3280 3116 3396 3152 cum

236 3197 474 3254 partem,
520 3202 674 3255 quam
707 3188 807 3240 ulla
838 3188 1039 3241 ratione
1072 3203 1162 3254 per
1193 3198 1355 3239 totum
1384 3188 1503 3240 anni
1550 3189 1770 3255 spatium

238 3288 518 3339 peragrare
548 3274 897 3342 praedicando,
927 3286 1017 3328 aut
1041 3278 1264 3329 circuire
1296 3277 1549 3340 valuerit,
1601 3280 1649 3331 in
1680 3294 1773 3329 no-

238 3380 360 3417 men
387 3365 467 3417 sui
500 3366 804 3432 prtcsulatus
831 3366 1175 3432 assumpserit
1200 3384 1211 3417 ε
1252 3366 1382 3421 satis
1406 3368 1615 3420 exitiale
1644 3366 1770 3437 [Al.,

238 3452 526 3523 exitiabile]
574 3465 624 3507 et
652 3454 960 3522 sibimetipsi
985 3496 999 3519 ,
1047 3464 1100 3507 et
1127 3455 1229 3507 illis
1260 3456 1446 3524 quibus
1475 3455 1603 3527 lalso
1635 3473 1771 3521 prte-

238 3541 372 3594 snlis
398 3542 606 3595 nomine
635 3542 878 3610 praelatus
907 3554 1018 3607 est,
1062 3547 1433 3612 eotnprobatur
1460 3546 1775 3599 cont-innare

242 3628 548 3693 periculum.
580 3650 583 3651 ν

316 3716 439 3769 llarc
466 3726 566 3769 tute
591 3718 885 3787 sanctitati,
929 3720 1271 3774 dilectissime
1300 3723 1515 3774 antistes
1538 3763 1551 3783 ,
1598 3724 1777 3787 patnis

242 3804 312 3858 de
356 3804 649 3859 calamitate
692 3822 792 3874 qua
842 3817 1018 3862 nostra
1066 3823 1193 3877 gens
1243 3809 1779 3863 llliSOl‘litllClﬂilOl'al

244 3889 520 3946 insinuans
542 3932 558 3956 ,
605 3894 825 3947 obsecro
871 3895 1084 3949 sedulus
1123 3906 1177 3949 ut
1210 3896 1319 3948 lta'e
1348 3912 1463 3963 qua:
1493 3899 1782 3963 perversis-

240 3980 377 4033 sime
402 3980 484 4041 agi
514 3982 776 4047 conspicis
802 4024 817 4047 ,
864 3994 1113 4050 quantum
1146 3986 1286 4036 vales
1327 3987 1388 4055 ad
1432 3996 1629 4038 rectam
1659 3986 1779 4040 vita:

245 4084 481 4123 normam
512 4085 758 4124 revoc'are
786 4076 1092 4127 contendas.
1126 4076 1296 4128 llahcs
1326 4076 1487 4140 enim,
1522 4089 1575 4137 ut
1602 4076 1781 4140 credo,

248 4159 698 4224 promptissimum
729 4170 829 4211 tam
850 4162 975 4227 justi
1011 4162 1199 4214 laboris
1229 4156 1516 4229 adiutorem
1542 4204 1557 4227 ,
1610 4180 1780 4231 regem

245 4244 490 4299 videlicet
522 4245 857 4309 Ceolwllum,
890 4251 975 4314 qui
1004 4259 1055 4301 ct
1085 4265 1177 4315 pro
1208 4251 1360 4303 insita
1384 4251 1480 4304 sibi
1506 4253 1783 4308 dilectione

246 4335 515 4402 religionis
541 4379 556 4401 ,
607 4337 857 4405 quidquid
905 4339 967 4389 ad
1017 4340 1244 4405 regulam
1281 4341 1484 4405 pietatis
1517 4343 1738 4408 pertinet
1768 4385 1782 4407 ,

1880 3178 1989 3238 ipso
2020 3178 2330 3229 monasterio
2370 3195 2545 3230 curam
2588 3192 2731 3245 gerat
2776 3183 3170 3253 episcopalem:
3220 3199 3309 3241 aut
3352 3206 3419 3239 Sl‘

1879 3264 2010 3315 forte
2040 3264 2089 3314 in
2122 3266 2232 3330 ipso
2263 3270 2579 3321 tuOttasterio
2608 3272 2695 3339 qui
2724 3274 3002 3339 episcopus
3041 3275 3268 3330 ordinari
3299 3277 3393 3329 de-

1879 3351 1998 3403 beat
2028 3352 2247 3406 invenii-i
2280 3368 2527 3421 nequeat,
2573 3360 2621 3411 itt
2652 3361 2877 3424 ipsorum
2909 3373 3080 3416 tamen
3108 3365 3257 3432 juxta
3287 3379 3398 3419 sta-

1881 3449 1985 3491 tuta
2016 3458 2270 3496 canonum
2304 3448 2522 3512 pendeat
2547 3450 2787 3502 examine
2807 3491 2819 3509 .
2851 3452 2937 3518 qui
2964 3453 3031 3505 de
3057 3468 3150 3506 sua
3181 3454 3399 3510 dioecesi

1882 3531 2149 3585 Ordinctur
2173 3533 2411 3586 antistes.
2464 3535 2611 3599 Qum]
2639 3538 2682 3590 si
2715 3539 2842 3600 hoc,
2878 3541 2947 3593 ita
2976 3551 3033 3594 ut
3059 3544 3403 3611 suggerimus,

1882 3616 2102 3671 Domino
2129 3620 2439 3686 adiuvante,
2483 3625 2793 3687 perfeceris,
2839 3626 3084 3683 facillime
3112 3635 3265 3685 etiam
3298 3632 3411 3702 [ΑΙ.

1881 3725 1978 3760 om.
2008 3709 2185 3777 etiam]
2208 3750 2221 3771 ,
2247 3722 2301 3763 ut
2347 3712 2680 3777 albitramur,
2712 3715 2807 3769 hoc
2846 3718 3137 3783 obtinebis,
3168 3734 3221 3775 ut
3264 3726 3408 3791 iusta

1883 3799 2091 3851 decreta
2119 3800 2261 3853 sedis
2286 3802 2615 3866 apostolicae,
2663 3803 3006 3861 Eboracensis
3037 3807 3265 3865 Ecclesia
3297 3832 3407 3867 meo

1885 3886 2249 3954 tmpolitaunm
2284 3891 2446 3957 possit
2479 3891 2672 3947 habere
2710 3896 3027 3961 pontiﬁcem.
3081 3903 3153 3954 Ac
3195 3902 3238 3955 si
3280 3918 3412 3969 Opus

1882 3996 1997 4036 esse
2027 3984 2190 4035 visnm
2226 3982 2382 4037 fin-rit
2413 3996 2464 4037 Ill
2497 3988 2582 4039 tali
2625 3994 2977 4055 monasterio,
3022 4008 3181 4049 causa
3206 3998 3412 4066 episco-

1885 4081 2031 4137 patus
2061 4072 2403 4139 suscipiendi.
2435 4077 2661 4143 amplius
2690 4079 2884 4146 aliquid
2932 4083 3168 4138 locorum
3199 4102 3261 4140 ac
3296 4104 3411 4153 pos-

1881 4164 2170 4215 sessionum
2200 4166 2377 4231 augeri
2410 4167 2639 4233 debeat,
2685 4182 2807 4223 sunt
2854 4173 2964 4227 lora
2996 4175 3264 4231 innumera
3295 4224 3307 4242 ,
3360 4196 3415 4234 ut

1884 4251 2120 4303 novimus
2167 4251 2295 4322 [ΑΙ.τ
2326 4267 2445 4306 sunt
2475 4256 2769 4323 innumera,
2805 4266 2941 4330 ston
2970 4268 3275 4322 stultissimo
3300 4310 3313 4330 ,
3365 4283 3419 4323 ιιι

1886 4340 2141 4408 n-tvimnsl
2174 4357 2356 4393 omnes
2378 4383 2392 4403 ,
2444 4348 2493 4396 in
2543 4352 2979 4405 monasteriorum
3008 4357 3233 4424 ascripta
3267 4374 3417 4412 voca-

249 4426 396 4476 tirma
421 4425 654 4490 protinus
677 4427 962 4481 intentione
986 4428 1232 4496 adiutare
1250 4430 1541 4493 curabit,et
1559 4435 1783 4487 maxime
1820 4446 1865 4503 [)
1892 4434 2099 4495 bulum,
2140 4436 2230 4488 sed
2264 4438 2389 4489 nihil
2425 4455 2639 4506 prorsus
2668 4447 2969 4499 monasticze
2987 4452 3414 4507 conversationis

246 4513 333 4568 illa
363 4531 497 4581 quae,
532 4525 584 4567 ttt
615 4532 731 4569 cum
761 4518 833 4568 sis
882 4520 1197 4584 propinquus
1226 4521 1361 4573 illius
1389 4522 1782 4576 amantissimus

249 4605 385 4656 bona
413 4608 659 4672 cmperis,
696 4608 806 4672 ipse
834 4618 885 4659 nt
918 4609 1250 4673 pet-liciautur
1279 4612 1620 4677 opitulabitur
1648 4614 1782 4683 id!”

246 4693 491 4760 opitulari
527 4693 777 4764 curabit].
831 4700 1159 4764 Quapropter
1188 4702 1340 4752 velim
1385 4704 1608 4756 Solertcr
1637 4705 1779 4757 illuttt

247 4782 553 4845 admoneas,
582 4792 637 4836 ut
668 4784 717 4838 in
745 4785 927 4839 diebus
955 4788 1143 4840 vestris
1169 4798 1358 4841 statum
1390 4802 1579 4845 nostra)
1608 4796 1783 4860 gentis

245 4870 654 4924 ecalesiasticum
707 4874 755 4924 in
804 4874 992 4926 melius
1022 4890 1175 4939 quam
1207 4877 1459 4932 hactenus
1489 4882 1658 4934 luerat
1704 4884 1782 4936 itt-

246 4949 483 5011 staurare
513 4970 664 5012 curet
690 4961 822 5031 [Al.,
854 4962 1088 5030 curetis}.
1140 4965 1285 5029 Quod
1338 4982 1440 5019 non
1489 4970 1590 5021 alio
1620 4973 1784 5037 magis

248 5060 297 5098 ut
327 5048 452 5098 mibi
477 5048 680 5101 videtur
714 5058 884 5116 potest
912 5052 1096 5105 ordine
1124 5052 1323 5120 perlici,
1354 5071 1505 5121 quam
1538 5057 1579 5108 si
1611 5059 1785 5123 plures

248 5146 441 5191 itostra:
467 5138 607 5207 genti
636 5148 1011 5193 consecrentur
1040 5144 1301 5196 antistites
1322 5184 1337 5210 ,
1377 5148 1784 5213 exetupltttltquc

247 5227 535 5291 sequamini
568 5227 906 5292 legislatoris,
939 5230 1023 5296 qtti
1056 5248 1171 5284 cum
1203 5234 1344 5285 solus
1369 5233 1540 5299 iurgia
1569 5248 1631 5286 ac
1658 5249 1783 5299 pen-

248 5320 345 5369 dns
379 5319 669 5373 Israelitica:
716 5321 887 5389 plebis
936 5327 1195 5381 sustinere
1228 5343 1328 5378 noti
1363 5339 1535 5393 p08~8l
1564 5367 1579 5392 ν
1630 5331 1786 5399 eleg“

248 5408 346 5459 sibi
373 5406 550 5462 divino
583 5410 791 5476 adiutus
822 5415 1039 5467 consilio
1063 5456 1077 5476 ,
1126 5426 1177 5469 et
1219 5421 1544 5471 consecravit
1574 5431 1783 5487 septua-

250 5496 387 5560 ginta
415 5498 647 5551 seniores
675 5516 895 5565 quorum
925 5519 1023 5570 cpe
1045 5505 1172 5575 [.‘lt.,
1202 5506 1349 5577 cura]
1380 5520 1535 5576 atque
1565 5512 1786 5566 consilio

252 5583 380 5653 (AL,
399 5582 611 5655 auxilio]
636 5586 936 5654 impositum
961 5593 1059 5645 sibi
1086 5590 1218 5646 imus
1248 5594 1390 5650 l'crrc
1418 5597 1584 5651 levius
1608 5612 1785 5665 posset

1888 4520 2127 4575 habentia
2156 4541 2168 4575 :
2196 4541 2226 4577 e
2251 4527 2439 4591 quibus
2465 4529 2617 4581 velim
2649 4532 2818 4600 aliqua
2847 4536 2911 4589 de
2943 4539 3145 4592 luxuria
3172 4542 3236 4594 ad
3264 4548 3420 4597 casti-

1888 4620 2065 4675 tatem,
2094 4612 2159 4666 de
2186 4616 2411 4668 vanitate
2437 4620 2502 4668 aut
2531 4625 2926 4687 temperantiam
2951 4627 3079 4696 [.4l.,
3105 4632 3417 4702 veritatem],

1888 4702 1951 4755 de
1983 4704 2378 4771 intemperantia
2414 4712 2611 4763 ventris
2641 4724 2692 4764 et
2716 4716 2855 4781 gula:
2883 4717 2945 4769 ad
2970 4722 3339 4775 continentiam
3370 4737 3419 4775 et

1889 4795 2131 4861 pietatem
2160 4798 2335 4850 cordis
2380 4802 2625 4868 synodica
2673 4809 2985 4862 auctoritate
3018 4810 3418 4875 transferantur,

1888 4895 2043 4951 atque
2072 4886 2121 4938 in
2152 4886 2466 4954 adiutorium
2497 4892 2633 4954 sedis
2663 4894 2974 4963 episcopalis
3005 4916 3117 4966 qua:
3144 4915 3311 4969 nuper
3338 4918 3426 4956 or-

1884 4973 2049 5027 dinari
2074 4973 2199 5045 [ΛΙ.,
2228 4976 2497 5047 ordinare]
2530 4982 2740 5043 debeat,
2768 4997 3122 5045 assumantur.

1960 5064 2017 5117 Et
2044 5066 2163 5128 quia
2195 5065 2490 5134 huiusmodi
2519 5073 2749 5125 maxima
2772 5083 2827 5125 et
2852 5076 3068 5141 plurimi
3095 5078 3225 5149 μί..
3254 5080 3425 5148 plura}

1885 5166 2005 5205 sunt
2039 5157 2151 5208 loca
2182 5174 2314 5220 mue.
2348 5169 2401 5211 nt
2431 5162 2584 5226 Vulgo
2615 5163 2715 5213 dici
2744 5166 2895 5228 Solet,
2928 5182 3094 5235 neque
3128 5169 3233 5222 Deo
3260 5186 3429 5238 neque

1890 5243 2187 5297 hominibus
2217 5247 2363 5299 utilia
2392 5260 2530 5312 sunt,
2558 5251 2675 5317 quia
2704 5253 2943 5308 videlicet
2974 5274 3141 5326 neque
3173 5261 3423 5326 regularis

1890 5333 2176 5387 secundum
2206 5335 2365 5389 Deum
2393 5338 2578 5391 ibidem
2612 5340 2711 5391 vita
2743 5354 2999 5406 servatur,
3026 5360 3191 5413 neque
3218 5348 3305 5400 illa
3334 5350 3428 5399 mi-

1893 5423 2008 5475 lites
2034 5422 2145 5476 sive
2171 5426 2389 5477 comites
2415 5428 2741 5480 Smcularium
2774 5440 3084 5496 potestatum
3109 5436 3195 5503 qui
3221 5446 3426 5504 gentem

1893 5523 2119 5565 nostram
2162 5530 2190 5567 a
2232 5516 2465 5570 barbaris
2493 5518 2776 5574 tlclendant
2818 5522 3083 5589 possident
3112 5542 3124 5577 :
3157 5526 3202 5579 si
3232 5526 3427 5593 quis-in

1890 5604 2085 5656 eisdem
2119 5604 2245 5671 ipsis
2282 5603 2409 5659 locis
2452 5622 2546 5674 pro
2588 5609 2897 5664 necessitate
2926 5620 3215 5677 temporum
3247 5614 3422 5669 sedeo

322 5705 345 5733 ι
374 5696 515 5752 llanc
543 5698 814 5766 epistolam
847 5701 1077 5762 Gregorii
1110 5710 1223 5763 vide
1265 5710 1395 5764 inter
1426 5712 1535 5780 eius
1568 5714 1774 5780 Opera,
1819 5716 2127 5787 l'atrologia‘.
2154 5728 2279 5775 tom.
2310 5719 2557 5786 LXXVII,
2587 5723 2685 5778 «θοι.
2721 5722 2869 5781 1206.
2916 5723 3064 5781 Ειιιτ.
