3862 6326
564 347 665 401 663

3302 0 3816 319 “'1

1236 340 1430 395 BEDE
1472 337 1901 393 VENERABILIS
1935 337 2081 391 OPP.
2122 336 2288 392 PARS
2325 337 2407 394 Ill.
2448 370 2517 380 —
2555 339 3013 395 PARIENETICA.
3627 342 3703 397 εει

558 459 893 523 episcopatus
915 452 1193 505 constituat
1221 452 1348 519 [At.,
1374 449 1732 518 constituere],
1758 464 1860 502 non
1881 451 2085 516 culpam
2116 451 2158 505 Α
2189 452 2519 503 monasteriis
2550 451 2734 505 alicubi
2764 451 2899 505 forte
2927 452 3233 507 oberrantes
3268 456 3605 513 invenerint,
3639 470 3709 509 aut

561 537 998 610 praevaricationis
1046 541 1335 601 incurrere,
1377 540 1467 593 sed
1507 554 1638 605 opus
1678 539 1877 616 virtutis
1923 540 2083 605 magis
2115 604 2128 616 ο

560 647 713 693 agere
743 630 1065 697 probabitur.
1092 629 1363 693 Quomodo
1385 630 1523 681 enim
1555 628 1605 678 in
1636 637 1899 691 peccatum
1932 641 2082 692 repu-
2116 648 2125 660 ·

490 784 491 787 η
558 726 652 773 tari
686 730 872 787 potest,
904 720 945 773 si
978 720 1162 784 injusta
1193 720 1479 785 principum
1506 718 1694 783 judicia
1725 703 1869 770 recto
1899 717 2080 769 melio-

558 826 669 861 rum
722 809 1007 875 principum
1054 808 1295 860 examine
1338 807 1704 873 corrigantur:
1748 822 1806 858 ac
1858 806 2105 863 mendax

555 900 721 967 stylus
746 898 1035 950 scribarum
1067 895 1358 959 iniquorum
1392 895 1615 946 discreta
1647 892 1969 957 prudentium
2000 907 2080 943 sa-

557 988 823 1042 cerdotum
848 983 1105 1038 sententia
1131 983 1365 1036 deleatur
1386 997 1447 1035 ac
1472 982 1733 1047 redigatur
1757 985 1806 1034 in
1838 981 2080 1046 nihilum,

548 1077 698 1142 juxta
726 1075 1029 1139 exemplum
1057 1086 1217 1126 sacrm
1247 1073 1474 1124 historia:
1493 1111 1509 1136 ,
1546 1087 1658 1137 quae
1699 1079 1929 1138 tempora
1974 1072 2074 1121 lie-

555 1180 675 1232 gttm
706 1162 851 1217 Judae
880 1177 909 1215 a
941 1161 1097 1213 David
1134 1170 1189 1214 et
1230 1159 1507 1214 Salomone
1544 1173 1706 1224 usque
1743 1159 1819 1209 ad
1847 1158 2079 1210 ultimum

554 1252 862 1306 Zedechiam
890 1250 1194 1306 describens
1214 1289 1227 1312 ,
1262 1248 1536 1301 nonnullos
1560 1247 1766 1314 quidem
1797 1247 1847 1299 in
1885 1248 1962 1300 eis
1998 1262 2082 1300 re-

555 1342 795 1410 ligiosos,
825 1330 916 1395 sed
947 1341 1118 1407 plures
1148 1338 1397 1405 reprobos
1424 1338 1683 1390 exstitisse
1710 1336 1978 1403 designat,
2009 1337 2082 1389 vi-

553 1431 803 1496 cibusquc
851 1428 1226 1482 alternantibus
1275 1438 1412 1479 nunc
1464 1426 1648 1491 impios
1700 1426 1948 1476 b0norum
1993 1423 2081 1491 qui

553 1526 674 1589 ante
710 1532 768 1571 se
812 1517 1013 1571 fuerant
1057 1515 1190 1569 facta
1238 1513 1536 1582 reprobare,
1584 1528 1718 1565 nunc
1756 1526 1786 1565 e
1823 1511 2082 1565 contrario

490 1672 517 1679 μ
547 1612 716 1677 jnstos
754 1609 1036 1676 impiorum
1054 1610 1140 1676 qui
1183 1623 1242 1662 se
1282 1616 1657 1675 praecesserant
1691 1616 1836 1673 gesta
1877 1607 2077 1670 nociva,

550 1708 701 1761 prout
725 1697 1076 1771 justumolAlq
1106 1694 1339 1765 dignum]
1366 1707 1495 1759 erat,
1518 1696 1731 1763 juvante
1759 1711 1815 1748 se
1842 1698 1927 1750 Dei
1957 1696 2074 1761 Spi-

2182 550 2400 590 evocare
2443 542 2771 592 monasteriis
2814 540 2912 608 ipsi
2952 542 3242 606 Vulnerint;
3287 544 3369 597 vel
3414 554 3566 595 certe
3604 559 3709 611 quos

2182 614 2277 689 ipsi
2319 624 2384 676 de
2423 625 2531 677 suis
2573 626 2880 680 satellitibus
2920 628 2983 680 ad
3025 630 3416 696 suscipiendam
3466 639 3709 682 tonsuram

2187 716 2438 775 promissa
2461 711 2555 765 sibi
2572 712 2866 768 obedientia
2889 717 3188 770 monachica
3209 717 3438 771 invitare
3453 718 3709 785 quiverint.

2184 794 2374 850 llo'rnm
2422 800 2653 853 distortis
2699 803 3038 867 cohOrtihus,
3086 818 3207 858 suas
3250 820 3387 873 quas
3436 806 3711 860 instruxere

2181 888 2337 941 cellas
2385 889 2623 964 implent,
2670 893 2993 960 multumque
3037 894 3246 948 informi
3290 904 3457 960 atque
3503 894 3711 950 inaudita

2152 980 2493 1049 spectaculo,
2528 980 2680 1034 iidem
2714 983 2807 1048 ipsi
2839 984 2931 1035 viri
2972 970 3127 1037 modo
3155 986 3398 1053 conjugis
3431 1000 3498 1038 ac
3540 987 3709 1040 libero-

2183 1079 2293 1115 rum
2327 1068 2763 1129 proneandorum
2794 1084 2972 1122 curam
3010 1083 3219 1140 gerunt,
3248 1074 3413 1125 modo
3441 1087 3709 1142 exsurget»

2183 1161 2259 1204 tes
2283 1153 2348 1205 de
2371 1154 2626 1209 cubilibus
2657 1157 2780 1225 quid
2808 1158 2943 1212 intra
2973 1171 3117 1227 septa
3150 1164 3594 1216 monasteriorum
3618 1168 3707 1231 geri

2179 1242 2396 1307 debeat,
2445 1245 2624 1297 sedula
2670 1247 2954 1300 intentione
3002 1260 3339 1315 pertractant.
3383 1252 3527 1316 Quin
3573 1256 3706 1307 etiam

2182 1325 2308 1397 [Αι.,
2341 1330 2502 1399 enim]
2532 1333 2641 1385 suis
2683 1336 2989 1401 coniugibus
3027 1338 3571 1405 similidmprudwtia
3597 1357 3704 1396 eon-

2178 1417 2457 1481 struendis,
2487 1432 2539 1470 ut
2571 1420 2668 1485 ipsi
2694 1422 2860 1482 aiunt,
2888 1426 3216 1477 monasteriis
3246 1426 3361 1480 loca
3381 1410 3704 1492 conquirunt,

2178 1517 2293 1567 qua:
2339 1505 2447 1571 pari
2498 1505 2715 1559 stultitia
2759 1522 2875 1561 cum
2922 1509 3028 1563 sint
3078 1510 3253 1573 luit-2e,
3306 1514 3617 1567 famularum
3656 1530 3703 1570 se

2176 1588 2365 1644 Christi
2427 1593 2733 1659 permittunt
2776 1610 2893 1650 esse
2949 1599 3195 1651 rectrices
3243 1598 3389 1668 [ΑΛ.
3430 1599 3702 1669 rectores].

2180 1679 2375 1742 Quibus
2412 1693 2530 1747 apte
2557 1683 2798 1737 convenit
2840 1685 2963 1738 illud
3003 1689 3141 1753 vulgi
3183 1690 3523 1755 proverbium
3559 1708 3571 1741 :
3602 1694 3699 1758 quia

548 1788 670 1846 ritu.
700 1802 792 1847 per
822 1769 1099 1853 prophetas
1138 1793 1348 1838 sanctos
1376 1800 1437 1836 ac
1474 1785 1772 1838 sacerdotes
1812 1774 1948 1837 omni
1990 1785 2063 1837 in-

2180 1764 2349 1834 vespze
2379 1767 2523 1823 favos
2551 1772 2764 1839 quidem
2803 1772 2972 1826 facere
3001 1790 3116 1826 cum
3146 1776 3375 1839 possint,
3410 1792 3521 1830 non
3552 1788 3698 1831 tamen

547 1878 735 1929 stantia
765 1880 1096 1938 correxisse;
1120 1875 1263 1942 juxta
1290 1875 1412 1927 illud
1438 1874 1572 1928 beati
1598 1873 1742 1925 Isaia!
1771 1876 2072 1941 pra-cipien-

547 1966 613 2018 tis
651 1972 807 2032 atque
833 1963 1071 2022 dicentis,
1114 1962 1336 2015 Dissolve
1370 1964 1709 2030 colligationes
1748 1962 2071 2014 violentarum

543 2053 1005 2106 commutationum.
1033 2051 1239 2103 Dimitte
1261 2052 1540 2119 confractos
1570 2053 1620 2103 in
1650 2052 2000 2116 remissionem,
2025 2060 2072 2104 et

542 2158 733 2195 omnem
765 2142 1173 2208 conscriptiouem
1202 2142 1423 2209 iniquam
1461 2142 1713 2209 diarttmpe
1747 2141 1875 2201 (Ira.
1908 2140 2067 2209 Lvnt).

540 2234 652 2296 Quo
680 2230 937 2300 exemplo,
981 2241 1115 2284 tuam
1156 2245 1361 2298 quoque
1403 2230 1726 2283 sanctitatem
1767 2230 1915 2283 decet
1952 2244 2067 2282 cum

549 2320 791 2388 religioso
837 2332 995 2387 rege,
1040 2328 1230 2371 nostrae
1271 2320 1441 2386 gentis
1483 2318 1765 2386 irreligiosa
1805 2330 1856 2373 et
1896 2318 2069 2387 iniqua

542 2410 767 2476 priorum
803 2418 943 2479 gesta
985 2419 1137 2476 atque
1175 2410 1363 2475 scripta
1408 2411 1720 2471 convellere,
1762 2421 1813 2464 et
1853 2424 1913 2464 ea
1953 2427 2067 2478 qua:

544 2502 822 2559 provinciae
844 2511 1056 2565 nostrae,
1085 2502 1198 2553 sive
1223 2502 1505 2553 secundum
1534 2501 1716 2563 Deum,
1746 2501 1856 2554 sive
1883 2515 2069 2553 seculi-

539 2591 659 2640 dum
701 2590 949 2642 saeculum
995 2589 1099 2642 sint
1142 2588 1309 2652 utilia,
1359 2590 1653 2654 prospicere
1704 2605 1716 2639 :
1767 2603 1831 2641 ne
1880 2589 2067 2641 nostris

538 2677 857 2743 temporibus
900 2676 983 2728 vel
1029 2676 1279 2742 religione
1321 2685 1572 2737 cessante,
1620 2691 1766 2727 amor
1811 2677 2067 2744 timorque

536 2761 723 2814 interni
766 2761 1035 2814 deseratur
1077 2762 1415 2827 inspectoris,
1458 2761 1540 2812 vel
1584 2771 1877 2815 rarescente
1917 2763 2063 2828 copia

538 2851 732 2902 milit‘m
761 2850 1045 2913 saecularis,
1086 2850 1258 2902 absint
1285 2850 1369 2915 qui
1402 2849 1527 2901 lines
1569 2860 1773 2901 nostros
1810 2865 1837 2901 a
1882 2849 2066 2902 barba-

531 2938 636 2990 rica
676 2938 971 2992 incursione
1012 2930 1270 2990 tu/eantur.
1315 2937 1461 3002 Quod
1492 2937 1630 2990 enim
1676 2947 1824 3001 turpe
1863 2945 1946 2989 est
1982 2936 2062 2989 di-

2174 1856 2225 1909 in
2256 1856 2337 1909 bis
2364 1857 2536 1922 mella,
2569 1859 2659 1912 sed
2691 1859 2860 1925 potius
2887 1876 3083 1914 venena
3114 1863 3492 1917 thesaurizent.

2238 1969 2324 2022 Sic
2353 1985 2447 2037 per
2475 1986 2639 2025 annos
2669 1974 2875 2026 circiter
2905 1975 3112 2043 triginta
3142 1981 3189 2039 ⁸,
3234 1978 3336 2031 hoc
3364 1986 3451 2031 est
3475 2021 3491 2043 ,
3522 1993 3584 2031 ex
3612 1995 3696 2046 quo

2171 2056 2365 2111 Aldfrid
2413 2075 2501 2113 rex
2554 2062 2793 2116 humanis
2839 2065 2993 2117 rebus
3038 2067 3240 2119 ablatus
3284 2078 3389 2131 cst,
3442 2069 3689 2135 provincia

2174 2157 2352 2201 nostra
2381 2164 2573 2203 vesano
2616 2152 2706 2204 illo
2746 2167 2923 2205 errore
2961 2154 3253 2207 dementata
3298 2165 3403 2217 est,
3446 2166 3507 2208 ut
3547 2158 3693 2210 nullus

2171 2248 2301 2299 pene
2328 2237 2519 2290 exinde
2559 2239 2919 2305 praefectorum
2955 2242 3212 2292 exstiterit
3248 2243 3337 2308 qni
3378 2259 3489 2295 non
3536 2244 3690 2308 hujus-

2171 2326 2307 2377 modi
2352 2326 2449 2378 sibi
2496 2329 2869 2381 monasterium
2913 2329 2961 2381 in
3008 2330 3189 2383 diebus
3235 2347 3344 2384 suae
3392 2334 3689 2397 pra-.fcctnrz

2170 2420 2552 2481 comparaverit
2600 2419 2727 2489 [At.,
2773 2419 3205 2490 comparaverat],
3255 2438 3517 2491 suamque
3559 2426 3687 2476 simul

2166 2501 2445 2570 conjugem
2497 2505 2605 2568 pari
2662 2517 2805 2559 reatu
2863 2508 3034 2560 nocivi
3091 2521 3351 2564 mercatus
3405 2513 3685 2565 astrinxerit

2169 2589 2298 2657 (AL,
2326 2592 2656 2661 astrinxerat]
2686 2610 2701 2645 :
2731 2608 2792 2646 ac
2821 2594 3134 2661 praivaleute
3165 2598 3394 2661 pessima
3425 2612 3684 2652 consuetm

2166 2682 2288 2733 dine
2315 2681 2531 2733 ministri
2558 2697 2763 2749 quoque
2788 2685 2923 2748 regis
2948 2698 3010 2735 ac
3034 2684 3215 2736 famuli
3246 2685 3381 2737 idem
3417 2686 3589 2739 facere
3612 2702 3683 2739 sa.

2168 2768 2408 2833 ti-gerint.
2446 2770 2612 2835 Atque
2659 2769 2729 2820 ita
2778 2770 2961 2823 ordine
3010 2785 3257 2836 perverso
3303 2771 3562 2826 innumeri
3600 2774 3686 2826 sint

2167 2855 2381 2915 inventi,
2405 2854 2491 2919 qui
2515 2868 2573 2907 se
2598 2854 2811 2908 abbates
2839 2857 3034 2922 pariter
3060 2868 3112 2910 et
3141 2858 3420 2924 pra-lectos
3442 2862 3553 2912 sive
3573 2860 3685 2929 [At.,

2164 2941 2317 2993 simul
2344 2940 2418 3011 et]
2454 2944 2718 2996 miniStros
2747 2953 2836 2997 aut
2863 2942 3084 2998 famulos
3116 2948 3254 3014 regis
3283 2950 3581 3013 appellant,
3610 2951 3680 3017 qui

531 3042 674 3086 cere,
722 3037 796 3079 tot
843 3026 942 3080 sub
990 3025 1197 3078 nomine
1244 3026 1675 3078 monasteriorum
1724 3026 1834 3076 loca
1882 3022 1934 3077 hi
1974 3024 2060 3092 qui
2088 3053 2133 3113 ρ
2164 3030 2260 3079 etsi
2288 3030 2477 3096 aliquid
2507 3032 2625 3082 vita:
2660 3034 3042 3086 monasterialis
3068 3036 3302 3089 ediscere
3334 3038 3452 3090 laici
3484 3054 3581 3089 non
3606 3052 3683 3091 ex-

535 3116 847 3169 monachica:
877 3116 995 3167 vita:
1035 3128 1247 3179 prorsus
1288 3123 1405 3165 sunt
1432 3123 1672 3176 expertes
1712 3112 1763 3164 in
1801 3126 1945 3164 suam
1976 3112 2057 3163 di-

534 3207 726 3257 tionem
753 3212 1097 3269 acceperunt,
1128 3204 1263 3256 sicut
1293 3203 1388 3268 ipsi
1421 3202 1603 3254 melius
1631 3203 1825 3286 nostis,
1856 3212 1910 3254 ut
1940 3216 2057 3254 om-

533 3295 652 3347 nino
686 3293 822 3346 desit
867 3294 1009 3346 locns
1049 3292 1133 3345 ubi
1178 3292 1265 3345 lilii
1308 3292 1556 3345 nobilium
1598 3302 1685 3344 aut
1725 3292 2056 3345 emeritorum

534 3381 753 3434 militum
806 3379 1187 3447 posse5sionem
1239 3379 1474 3444 accipere
1525 3378 1726 3443 possint
1774 3393 1787 3427 :
1838 3377 2057 3443 ideoque

530 3478 770 3523 vacantes
796 3482 857 3521 ac
884 3468 997 3519 sine
1032 3465 1297 3533 conjugio,
1324 3474 1506 3517 exacto
1549 3476 1779 3530 tempore
1816 3465 2057 3531 puberta-

526 3563 609 3619 tis,
660 3557 800 3610 nullo
839 3555 1173 3610 continentia:
1219 3552 1486 3620 proposito
1534 3553 1851 3620 perdurent,
1899 3562 2055 3617 atque

530 3648 664 3699 hanc
690 3645 757 3699 ob
787 3660 894 3698 rem
926 3645 1007 3697 vel
1038 3642 1255 3712 patriam
1284 3658 1430 3694 suam
1463 3657 1555 3708 pro
1582 3656 1680 3709 qua
1712 3641 1935 3694 militare
1965 3642 2055 3694 de-

531 3736 749 3786 buerant
776 3742 917 3785 trans
945 3746 1090 3785 mare
1118 3731 1366 3782 abeuntes
1394 3729 1716 3796 relinquant;
1748 3730 1828 3783 vel
1860 3730 2053 3795 majore

523 3821 727 3875 scelere
755 3830 909 3884 atque
948 3819 1261 3886 impudentia
1285 3856 1301 3881 ,
1331 3819 1418 3883 qui
1452 3819 1769 3883 propositum
1800 3820 2054 3871 castitatis

525 3921 627 3960 non
657 3907 845 3959 habent
867 3946 880 3969 ,
921 3906 1135 3959 luxuriae
1161 3920 1221 3959 ac
1251 3905 1573 3958 fornicationi
1601 3906 1925 3971 deserviant,
1958 3922 2050 3960 ne-

523 4013 624 4066 que
651 3998 716 4052 ab
745 3996 871 4063 ipsis
897 3999 1114 4050 sacratis
1142 3997 1248 4050 Deo
1277 3997 1895 4075 virginibns‘abslincant.

595 4091 662 4139 At
698 4087 781 4139 alii
822 4085 1059 4153 graviore
1084 4086 1252 4139 adhuc
1283 4088 1497 4152 ﬂagitio,
1531 4102 1647 4140 eum
1677 4090 1779 4141 sint
1808 4088 1905 4155 ipsi
1934 4088 2051 4142 laici

526 4184 577 4227 et
604 4174 794 4226 nullius
824 4174 940 4224 vitae
970 4172 1223 4238 regularis
1250 4173 1329 4227 vel
1360 4189 1453 4226 usu
1484 4176 1693 4227 exerciti
1733 4174 1861 4244 [Al.,
1899 4190 2049 4229 exerv

524 4258 670 4329 citii],
695 4260 773 4313 vel
795 4274 972 4313 amore
997 4261 1216 4328 praediti,
1241 4262 1357 4313 data
1386 4262 1592 4328 regibus
1614 4264 1848 4326 pecunia,
1871 4272 2053 4317 emunt

2162 3118 2431 3183 pcriemlo,
2465 3120 2554 3172 sed
2586 3120 2845 3173 audiendo
2887 3124 3179 3188 potuerint,
3219 3142 3246 3175 a
3271 3140 3493 3186 persona
3525 3136 3676 3179 tamen

2160 3204 2240 3255 illa
2269 3219 2329 3258 ac
2357 3204 2677 3271 professione
2703 3222 2818 3273 qua:
2845 3207 2979 3260 hanc
3007 3209 3196 3261 docere
3221 3210 3412 3264 debeat
3439 3211 3565 3283 [Al.,
3596 3212 3675 3263 ha-

2158 3290 2313 3360 heat],
2341 3302 2459 3345 sunt
2505 3293 2731 3346 funditus
2773 3303 3027 3348 exsortes.
3076 3296 3140 3349 Et
3167 3299 3377 3367 quidem
3432 3300 3561 3352 tales
3603 3315 3672 3353 re-

2159 3391 2311 3445 pente
2330 3420 2346 3445 ,
2390 3392 2445 3433 ut
2474 3382 2642 3447 nosti,
2672 3391 2937 3436 tonsuram
2981 3398 3073 3449 pro
3104 3401 3197 3437 suo
3226 3387 3373 3439 libitu
3399 3389 3671 3455 accipiunt,

2155 3485 2250 3521 suo
2274 3472 2511 3523 examine
2539 3471 2777 3529 drlaicis
2809 3486 2910 3523 non
2939 3474 3176 3525 monachi
3199 3513 3213 3537 ,
3254 3475 3346 3527 sed
3374 3476 3585 3530 abbates
3607 3476 3671 3529 ef-

2157 3559 2416 3612 ficiuntur.
2445 3559 2548 3613 Sed
2572 3559 2689 3626 quia
2714 3560 2939 3627 praefata!
2962 3562 3163 3614 virtutis
3186 3578 3281 3616 nec
3311 3565 3547 3617 notitiam
3569 3579 3672 3632 pro-

2156 3649 2341 3701 bantur
2384 3649 2573 3703 habere
2611 3664 2708 3704 nec
2751 3651 3012 3715 Studium,
3059 3652 3181 3718 quid
3226 3653 3306 3707 his
3351 3654 3492 3706 aliud
3536 3668 3668 3722 quam

2156 3738 2452 3806 evangelica
2478 3739 2719 3792 convenit
2746 3738 3041 3793 maledictio
3070 3741 3175 3803 illa,
3199 3757 3299 3806 qua
3328 3742 3518 3796 dicitur
3542 3760 3553 3794 :
3576 3740 3667 3796 Cc-

2149 3842 2237 3879 cus
2264 3829 2307 3879 si
2333 3831 2715 3881 caca'ducatum
2753 3838 2967 3897 proruet,
2999 3830 3141 3883 ambo
3169 3831 3220 3882 in
3250 3832 3445 3899 {aream
3471 3830 3671 3885 «dull!

2152 3915 2357 3983 (Matth.
2387 3915 2496 3982 xv.)
2540 3916 2665 3981 Quae
2693 3917 2935 3969 nimirum
2966 3921 3172 3971 caecitas
3202 3929 3383 3984 posset
3408 3920 3661 3988 aliquando

2152 4008 2440 4072 terminari,
2472 4024 2533 4063 ac
2559 4011 2788 4077 regulari
2817 4011 3086 4080 disciplina
3115 4012 3369 4073 cohiberi,
3400 4020 3451 4064 et
3477 4012 3542 4063 de
3567 4007 3666 4062 liui-

2150 4095 2244 4149 bus
2271 4110 2465 4150 sancta:
2495 4099 2739 4152 Ecclesiae
2778 4102 2976 4153 cunctis
3018 4099 3301 4167 pontificali
3343 4115 3404 4153 ac
3442 4098 3663 4167 synodica

2149 4186 2455 4239 auctoritate
2485 4189 2661 4253 procul
2691 4188 2903 4255 expelli,
2934 4190 2977 4242 si
3006 4204 3107 4241 non
3140 4189 3237 4255 ipsi
3269 4191 3537 4257 pontifices
3563 4202 3664 4239 rna-

2147 4273 2224 4340 gis
2253 4273 2545 4341 huiusmodi
2570 4276 2857 4330 sceleribus
2883 4291 3034 4343 Opem
3064 4278 3203 4331 ferre
3229 4289 3389 4346 atque
3418 4275 3663 4346 astipulari

525 4348 621 4402 sibi
665 4348 762 4401 sub
808 4354 1059 4413 praetextu
1109 4348 1543 4401 monasteriorum
1586 4352 2046 4405 construendorum
2078 4372 2130 4431 Ι)
2156 4361 2496 4428 probarentur
2520 4380 2533 4414 ε
2557 4364 2644 4431 qui
2673 4379 2775 4418 ηοη
2799 4366 3125 4421 solummodo
3148 4365 3446 4433 huiusmodi
3474 4366 3661 4420 dum.

524 4435 778 4490 territoria
808 4435 856 4489 in
883 4436 1069 4504 quibus
1098 4450 1205 4489 sua:
1248 4437 1459 4491 liberius
1485 4448 1671 4491 vacent
1716 4440 1950 4506 libidini,
1993 4453 2046 4495 et

524 4527 636 4581 haec
662 4528 871 4596 insuper
905 4526 956 4580 in
991 4528 1077 4593 jus
1116 4527 1211 4580 sibi
1241 4526 1622 4581 haereditarinm
1653 4530 1834 4583 edictis
1862 4532 2046 4599 regali-

524 4619 619 4670 bus
648 4616 842 4671 faciunt
866 4617 1089 4683 ascribi,
1122 4618 1258 4684 ipsas
1284 4632 1488 4685 quoque
1518 4620 1716 4673 litteras
1747 4621 2045 4690 privilegio-

524 4720 635 4757 rum
664 4718 878 4758 suorum
902 4707 1048 4772 quasi
1079 4706 1332 4759 veraciter
1362 4708 1467 4760 Deo
1489 4707 1690 4775 dignas,
1724 4711 2044 4774 pontilicum,

522 4793 764 4845 abbatum
788 4800 843 4845 et
868 4802 1175 4860 potestatum
1205 4795 1379 4846 saeculi
1406 4796 1639 4848 obtinent
1662 4796 2045 4863 subscriptione

529 4880 842 4934 conﬁrmari.
872 4881 1063 4948 Sicque
1089 4884 1345 4946 usurpatis
1375 4883 1470 4935 sibi
1498 4884 1731 4949 agellulis
1760 4885 1869 4937 sive
1897 4885 2044 4947 vicis,

526 4967 677 5021 liberi
708 4969 895 5022 exinde
921 4984 949 5021 a
971 4970 1146 5021 divino
1174 4968 1325 5021 simul
1355 4978 1405 5021 ct
1435 4971 1657 5045 humano
1682 4972 1913 5033 servitio,
1938 4973 2047 5026 suis

523 5068 721 5112 tantum
768 5058 893 5113 inibi
939 5060 1210 5112 desideriis
1260 5059 1373 5111 laici
1421 5061 1685 5113 monachis
1733 5064 2046 5127 imperantes

521 5147 819 5202 deserviunt
845 5164 858 5199 :
891 5148 994 5199 imo
1033 5162 1132 5200 non
1165 5148 1444 5200 monachos
1476 5147 1543 5199 ibi
1575 5157 1921 5216 congregant,
1952 5148 2043 5202 sed

520 5251 858 5305 quoscunque
896 5238 963 5290 ob
993 5237 1196 5303 culpam
1241 5238 1602 5291 inobedientiae
1632 5237 1765 5290 veris
1801 5236 2045 5305 expulsos

590 5394 615 5419 ⁸
654 5392 879 5460 Aldfrid,
913 5407 1002 5445 rex
1034 5390 1597 5458 Nordmihymbrorttm,
1638 5392 1763 5443 obiit
1799 5407 1881 5444 an.
1918 5392 2039 5458 705,

520 5473 635 5510 cunt
666 5477 766 5526 quo
794 5476 933 5511 anno
971 5463 1013 5512 si
1052 5461 1304 5513 calculum
1347 5461 1579 5525 incipias,
1622 5460 1910 5513 invenietur
1932 5461 2043 5527 epi-

520 5529 699 5577 stolam
732 5531 861 5579 hanc
890 5529 1047 5581 fuisse
1072 5530 1312 5594 scriptam
1344 5544 1405 5579 eo
1436 5529 1547 5593 ip-o
1586 5541 1720 5579 anno
1760 5543 1859 5594 quo
1902 5528 2037 5581 Beda

524 5604 623 5645 uta
657 5597 853 5649 {unctus
883 5608 976 5661 εει,
1011 5612 1093 5651 an.
1129 5612 1203 5649 sc.
1232 5598 1352 5648 "iiii.
1388 5596 1457 5649 lta
1485 5606 1537 5649 ut
1568 5596 1673 5650 lucc
1699 5596 1915 5664 epistola
1945 5598 2036 5651 ha-

2148 4449 2331 4513 injusta
2360 4448 2513 4517 justis
2542 4449 2825 4519 infringere
2851 4453 3077 4507 decretis
3105 4467 3210 4507 non
3239 4464 3457 4521 curant,
3502 4467 3658 4508 verum

2144 4538 2251 4590 suis
2285 4539 2451 4604 potius
2489 4540 2952 4610 subscriptiOnibus
2991 4541 3118 4613 [At.,
3153 4540 3657 4610 praascriptionibus],

2146 4638 2200 4679 ut
2242 4629 2439 4694 prmfati
2470 4643 2648 4685 sumus
2670 4670 2686 4693 ,
2717 4633 3026 4685 conlirmare
3050 4641 3294 4699 satagunt
3324 4649 3340 4686 :
3372 4630 3552 4685 eadem
3577 4627 3659 4697 ipi

2146 4718 2469 4788 phylargyria
2494 4721 2742 4779 dictante.
2767 4720 2829 4773 ad
2859 4719 3277 4774 confirmandum
3308 4720 3442 4773 male
3462 4719 3657 4788 scripta,

2144 4819 2241 4870 qua
2272 4796 2533 4872 emptores
2556 4807 2621 4861 ad
2650 4809 3058 4876 comparandum
3088 4808 3384 4875 hujusmodi
3410 4815 3656 4863 monaste-

2144 4894 2217 4944 ria
2248 4895 2433 4948 coacti.
2987 4895 2993 4901 ’

2214 4982 2366 5034 Multa
2394 4984 2605 5050 quidem
2632 4983 2803 5039 adhuc
2834 4985 2924 5038 tibi
2968 5000 3175 5053 possem
3204 4972 3272 5042 de
3310 4987 3391 5041 his
3417 4996 3471 5041 et
3495 4984 3651 5056 hujus-

2145 5070 2283 5121 modi
2329 5071 2807 5137 prtevariuatoribus
2835 5071 3022 5139 quibus
3060 5082 3237 5127 nostra
3276 5073 3540 5141 provincia
3564 5071 3652 5126 tli-

2142 5158 2362 5212 scrrime
2384 5170 2617 5221 vexatur,
2646 5160 2727 5213 his
2752 5161 2990 5215 intimare
3013 5162 3221 5227 litteris,
3250 5162 3294 5215 si
3324 5177 3430 5214 non
3455 5162 3648 5231 teipltll

2143 5258 2350 5299 nossem
2379 5245 2492 5300 haec
2521 5247 2701 5301 eadem
2731 5249 3021 5304 certissime
3043 5250 3376 5321 cognovisse.
3413 5251 3544 5306 Nam
3567 5260 3652 5306 tto-

2141 5402 2321 5457 beatnr
2360 5414 2599 5469 tanquam
2650 5405 2796 5458 [ledae
2822 5418 3018 5474 cygnea
3060 5404 3232 5474 cantio
3263 5420 3277 5457 :
3309 5405 3535 5470 ideoque
3570 5399 3648 5474 tli-

2142 5488 2254 5543 rum
2282 5482 2502 5543 non‘est
2540 5475 2585 5543 si
2634 5487 2733 5527 non
2774 5469 2939 5535 exstét
2982 5476 3033 5528 itt
3081 5473 3311 5529 lndiculo
3340 5469 3566 5543 om
3592 5469 3646 5523 ait

2139 5540 2358 5609 ipsumet
2386 5540 2659 5608 descripto.
