3862 6374
124 397 282 454 .65

1357 421 1542 474 SECT;
1577 423 1659 473 IV.
1703 452 1769 462 —
1810 426 2172 483 EPISTULE.

3236 413 3337 468 606

122 525 278 575 que
315 512 432 623 brejc
471 517 537 568 ita
566 518 777 586 scripsi,
819 524 963 585 quasi
1004 526 1293 579 certissime
1322 528 1421 597 [AL
1455 547 1555 583 om.
1586 548 1703 585 et-r-
1731 534 1780 591 Δ
1805 532 1943 598 juxta
1974 542 2107 603 quod
2153 543 2433 599 Ecclesiam
2460 548 2646 603 Christi
2695 566 2787 617 per
2817 554 3037 620 ltaliam,
3069 534 3282 612 Galliam
3314 603 3328 623 ,

130 599 410 668 tissime]
442 614 491 655 te
528 619 584 655 ea
623 621 736 671 qnze
772 619 918 662 antea
960 614 1186 666 nescires
1227 630 1396 669 essent
1436 619 1706 683 docturus,

120 687 263 736 sed
301 699 366 740 ut
393 698 444 743 te
470 693 631 744 amica
676 695 1031 751 exhortatione
1057 716 1437 759 comntonerem
1457 748 1471 770 ,
1502 724 1560 761 ea
1591 726 1705 776 quae

122 774 383 835 Optime
414 792 631 832 noveras
657 794 825 836 errata
856 784 1087 853 diligenti
1119 800 1270 855 prout
1296 793 1434 845 vales
1466 774 1707 849 instantia

120 864 461 930 corrigere.
1205 888 1209 891 ·

237 952 310 1003 Et
335 952 442 1018 jam
466 953 673 1023 jamque
704 968 753 1013 te
779 976 989 1014 mnuum
1016 963 1267 1030 deprecor
1293 977 1451 1034 atque
1474 968 1704 1022 obtestor

122 1035 209 1087 in
249 1038 498 1104 Domino,
529 1052 585 1096 ut
624 1050 954 1101 commissum
1003 1052 1090 1105 tibi
1132 1068 1339 1122 gregem
1380 1057 1590 1109 sedulus
1637 1058 1704 1111 ab

122 1124 483 1184 irruentium
516 1133 753 1199 luporum
785 1138 1113 1205 improbitate
1144 1146 1333 1196 tuearis
1364 1164 1377 1197 :
1418 1156 1568 1212 teque
1598 1164 1698 1201 non

123 1221 573 1285 Inereenarium,
604 1225 692 1277 sed
723 1238 980 1294 pastorem
1008 1232 1339 1285 constitutum
1370 1249 1485 1288 esse
1517 1237 1700 1289 memi-

118 1308 345 1370 neris,
391 1310 476 1375 qui
522 1326 749 1367 antorem
790 1319 978 1370 summi
1028 1319 1255 1374 Pastoris
1299 1322 1476 1375 solerti
1523 1326 1693 1377 ovium

120 1391 334 1456 ipsius
376 1400 609 1463 pastione
637 1402 982 1472 demonstres,
1026 1423 1219 1477 proque
1257 1412 1450 1465 eisdem
1488 1415 1693 1479 ovibus,

114 1482 191 1533 si
230 1484 311 1535 ita
356 1500 441 1538 res
482 1494 811 1555 poposcerit,
838 1507 952 1546 eum
998 1496 1148 1549 beato
1176 1499 1523 1565 apostolorum
1556 1503 1694 1568 prin-

112 1569 273 1635 cipe
303 1575 533 1627 animam
565 1593 756 1643 ponere
781 1592 988 1647 paratus
1016 1585 1109 1638 sis.

220 1659 428 1716 Precor
452 1667 670 1719 sollicite
698 1684 1013 1738 prmeaveas,
1048 1688 1111 1726 ne
1139 1688 1253 1727 cum
1285 1675 1418 1728 idem
1447 1679 1690 1745 princeps

107 1751 519 1839 apostolortjm
546 1757 819 1825 eaaterique
850 1760 1072 1814 fidelium
1102 1777 1311 1830 gregum
1340 1765 1497 1818 duces
1526 1767 1573 1817 in
1600 1768 1683 1819 die

1810 624 2067 691 Africam,
2118 630 2363 685 Grmeiam
2397 672 2414 698 ,
2471 648 2531 690 ac
2577 647 2737 692 totum
2794 645 3053 700 Orientem
3108 651 3325 703 solerter

1806 726 1961 779 agerc
1989 717 2142 769 nosti.
2180 720 2323 784 Quod
2354 724 2590 778 videlicet
2617 744 2776 795 genus
2808 734 3066 797 religionis
3086 776 3101 798 ,
3128 753 3187 790 ac
3218 741 3324 792 Deo

1806 802 2005 854 devttta:
2029 808 2448 864 sanctificationis
2477 822 2577 865 tant
2612 817 2760 883 longe
2790 835 2818 870 a
2843 824 3043 873 eunetis
3074 840 3201 887 pene
3230 842 3325 879 no-

1804 899 1925 941 stne
1958 893 2232 956 provinciae
2268 898 2415 950 laicis
2456 903 2824 967 per‘ineuriam
2855 907 3147 961 docentium
3175 916 3321 977 quasi

1805 991 1960 1043 prope
1991 984 2311 1046 peregrinum
2342 990 2519 1053 abest,
2548 1000 2602 1042 ttt
2631 992 2678 1043 hi
2706 995 2790 1058 qui
2822 997 2952 1048 inter
2976 998 3075 1067 [ΑΙ.
3104 1002 3223 1051 add.
3260 1003 3322 1054 il-

1801 1065 1897 1134 lus]
1944 1070 2290 1133 religiosiores
2327 1091 2442 1128 esse
2472 1080 2727 1146 videntur,
2775 1099 2875 1138 non
2922 1065 3019 1139 nisi
3065 1090 3113 1141 in
3155 1090 3323 1146 Natali

1800 1153 1997 1209 Domini
2020 1168 2072 1210 et
2095 1159 2375 1227 Epiphania
2401 1175 2450 1217 et
2475 1166 2669 1220 Pascha
2698 1178 3039 1229 sacrosanctis
3065 1182 3322 1245 mysteriis

1796 1256 2174 1301 eommumeare
2203 1264 2548 1317 prtesumant,
2586 1272 2699 1309 cum
2731 1260 2833 1310 siut
2877 1261 3130 1315 innumeri
3169 1266 3317 1317 inno-

1794 1342 1970 1384 centes
1995 1345 2047 1387 et
2072 1337 2377 1391 castissimae
2403 1346 2807 1398 conversationis
2836 1350 2978 1415 pueri
3005 1365 3063 1402 ac
3096 1354 3278 1417 puella:
3300 1393 3315 1412 .

1789 1416 2004 1485 juvenes
2030 1431 2082 1473 et
2107 1425 2348 1491 virgines,
2398 1442 2549 1482 senes
2577 1442 2629 1483 et
2670 1449 2819 1498 anus,
2849 1439 2931 1500 qui
2976 1439 3167 1504 absque
3210 1442 3313 1491 ullo

1789 1512 2031 1573 scrupulo
2079 1520 2483 1579 controversiae,
2531 1524 2669 1574 omni
2716 1524 2801 1577 die
2853 1527 3150 1591 Dominieo,
3192 1531 3312 1583 sive

1787 1600 1940 1651 etiam
1970 1602 2018 1653 in
2050 1606 2297 1656 nataiitiis
2326 1617 2623 1662 sanctorum
2648 1614 3015 1678 apostolorum,
3038 1618 3146 1667 sive
3173 1633 3310 1668 utar-

1787 1697 1977 1754 tyrunt,
2006 1693 2262 1757 quomodo
2294 1696 2401 1759 ipse
2450 1698 2499 1749 in
2548 1709 2721 1751 saneta
2762 1701 2988 1753 Romana
3016 1712 3068 1755 et
3096 1714 3304 1768 aposto-

1786 1774 1881 1827 lica
1911 1776 2132 1830 Ecclesia
2165 1782 2274 1833 lieri
2307 1782 2509 1847 vidisti,
2546 1790 2807 1854 mysteriis
2828 1792 3126 1843 cmlestibus
3155 1808 3302 1845 cont-

454 1834 466 1839 _
2346 1834 2351 1835 ν
2546 1834 2800 1854 “1---.--”
2832 1834 3125 1843 -..ην-,ην

100 1834 333 1901 iudicii
368 1846 643 1899 maximum
672 1863 777 1900 sua:
807 1853 1077 1915 pastoralis
1104 1868 1242 1907 cura:
1283 1855 1501 1909 fructum
1534 1856 1683 1910 Cbri-
1718 1836 1757 1892 B
1787 1864 2042 1918 municare
2070 1868 2293 1919 valeant.
2339 1870 2435 1934 lpsi
2464 1875 2617 1925 etiam
2645 1875 2902 1942 conjugati
2924 1918 2936 1939 ,
2980 1878 3020 1929 si
3058 1878 3171 1944 quis
3207 1880 3304 1931 sibi

102 1936 227 1979 sto
250 1930 559 1996 obtulerint,
589 1946 786 1991 tuarum
809 1940 975 2009 aliqua
999 1958 1115 2009 pars
1141 1946 1309 1998 ovium
1344 1947 1479 2000 inter
1507 1949 1682 2003 haedos

101 2014 200 2066 ad
247 2017 519 2072 sinistram
546 2022 735 2090 jttdicis
761 2029 993 2090 secerni,
1024 2016 1177 2097 atque
1206 2033 1257 2085 in
1287 2044 1534 2088 aeternum
1563 2053 1677 2090 eum

102 2104 515 2163 vnaledietione
556 2124 815 2167 mereatur
856 2118 929 2170 ire
956 2120 1263 2183 supplicium
1296 2142 1307 2174 :
1341 2125 1473 2188 Quin
1507 2129 1678 2191 potius

104 2198 255 2264 ipse
284 2209 407 2254 tunc
435 2216 613 2255 eorum
643 2219 858 2257 numero
890 2210 1137 2262 merearis
1166 2214 1373 2273 ascribi,
1402 2216 1465 2267 de
1492 2219 1676 2283 quibus

100 2289 207 2338 ait.
241 2289 404 2342 ISaias
436 2309 448 2343 :
482 2290 720 2345 Minimus
746 2295 834 2345 erit
860 2297 989 2347 inter
1016 2298 1147 2350 mille
1174 2298 1299 2368 [Al..
1338 2303 1386 2352 in
1413 2304 1599 2371 mil/el,
1628 2316 1674 2357 et

101 2379 377 2439 parvulus
424 2380 549 2431 inter
587 2392 777 2447 gentem
825 2382 950 2452 [Al.,
999 2386 1049 2436 in
1094 2388 1303 2455 gentem]
1354 2393 1672 2456 fortissimum

102 2461 273 2527 (lca.
309 2469 418 2530 ex).
452 2468 549 2519 Tui
582 2476 805 2609 namqttg
830 2484 909 2525 est
936 2474 1091 2527 oflicii
1134 2477 1521 2545 diligentissime
1552 2497 1670 2545 pro-

102 2554 342 2609 spicere
372 2557 491 2609 ttuid
540 2558 589 2609 in
633 2561 848 2609 sineuls
896 2567 1223 2609 monasteriis
1268 2578 1365 2609 tum
1412 2570 1669 2609 nnrnnhizn

101 2554 342 2618 spicere
372 2557 491 2622 quid
540 2558 589 2609 in
633 2554 848 2627 singuils
896 2567 1223 2618 monasteriis
1268 2578 1365 2620 tua:
1412 2570 1669 2633 parocltite

100 2642 297 2700 recti.
330 2643 451 2709 quid
494 2647 721 2710 perversi
758 2660 968 2715 geratur
1000 2669 1011 2702 :
1057 2667 1121 2705 ne
1150 2654 1227 2704 vel
1266 2655 1427 2707 abbas
1465 2658 1664 2721 regula-

102 2745 248 2782 rum
296 2732 490 2787 inscius
534 2747 623 2789 aut
664 2748 1017 2805 contemptor,
1067 2742 1147 2795 vel
1194 2742 1449 2796 abbatissa
1497 2747 1663 2799 minus

106 2821 294 2885 digna
340 2822 647 2876 famulorum
698 2826 1067 2882 famularnmve
1108 2830 1296 2884 ChriSIi
1339 2845 1663 2899 praeponatur

100 2910 401 2974 examini,
436 2927 527 2965 nec
558 2928 756 2966 rursum
791 2918 1084 2983 prmvisiotti
1128 2921 1469 2983 spiritualium
1502 2923 1661 2990 magi-

100 3006 361 3051 atrorum
404 3004 743 3069 contemptrix
787 3016 835 3056 et
877 3006 1248 3069 indisciplinata
1281 3013 1656 3065 contumacium

103 3088 426 3141 auditorum
457 3092 603 3142 turba
632 3095 877 3158 resultet;
911 3098 1133 3150 maxime
1162 3100 1277 3163 quia
1300 3140 1313 3161 ,
1349 3102 1479 3154 sicut
1508 3103 1658 3169 vulgo

108 3174 317 3238 fertur,
349 3177 521 3230 dicere
547 3179 670 3231 csris
699 3183 836 3234 soliti
861 3187 995 3249 quod
1027 3201 1128 3237 nou
1160 3188 1221 3238 ad
1256 3204 1428 3255 regum
1456 3207 1650 3255 curam,

102 3280 229 3317 non
261 3266 323 3320 ad
350 3269 638 3335 aliquorum
686 3274 859 3325 steenli
893 3273 1179 3343 principum
1211 3294 1438 3339 causam,
1469 3282 1559 3332 sed
1589 3283 1651 3333 ad

103 3365 355 3409 vestrum
383 3357 511 3427 [ΑΛ.
539 3361 787 3431 vestram]
839 3366 1195 3418 tantummodo
1241 3369 1525 3421 antistitum
1577 3372 1653 3422 in~

101 3443 459 3510 quisitioncm
486 3456 639 3516 atque
665 3464 902 3510 examen,
931 3453 1049 3516 quid
1078 3454 1127 3506 in
1150 3456 1361 3521 singulis
1392 3467 1650 3510 monaste-

105 3535 212 3587 riis
239 3548 420 3603 agatur
448 3540 737 3605 pertineat,
770 3543 864 3595 nisi
898 3544 1028 3597 forte
1060 3546 1107 3597 in
1140 3548 1464 3600 monasteriis
1499 3550 1650 3615 quili-

105 3626 207 3678 bet
250 3627 300 3679 in
341 3629 478 3696 ipsos
524 3633 783 3699 principes
827 3649 1065 3699 peccasse
1104 3639 1488 3703 eomprubetnr.
1521 3641 1646 3703 Tui,

106 3717 363 3782 inquam,
395 3728 472 3771 est
497 3720 649 3774 ollicii
681 3737 963 3789 procurare
994 3741 1057 3777 ne
1085 3727 1133 3777 in
1168 3727 1291 3780 locis
1326 3728 1426 3781 Deo
1455 3744 1647 3782 conse-

104 3804 279 3858 cratis
320 3805 551 3859 diabolns
592 3808 690 3861 sibi
736 3825 948 3877 regnum
994 3822 1227 3878 usurpet,
1277 3830 1341 3867 ne
1388 3832 1478 3880 pro
1522 3832 1647 3881 pace

104 3894 399 3956 discordia,
445 3909 539 3962 pro
570 3898 757 3962 pietate
800 3900 989 3966 jurgia,
1039 3915 1132 3967 pro
1160 3900 1437 3956 sobrietate
1480 3904 1646 3959 ebrie-

111 3994 220 4047 tas,
254 3998 343 4051 pro
371 3985 622 4038 charitate
649 3994 700 4038 et
727 3988 964 4039 casritate
996 3988 1362 4042 fornicationes
1390 4001 1441 4043 et
1470 3991 1641 4044 homi—

105 4073 255 4125 cidia
286 4073 381 4125 sibi
408 4073 585 4147 sedem
615 4075 873 4127 vindicent
902 4093 914 4126 :
946 4089 1041 4128 nec
1067 4078 1202 4142 apud
1242 4086 1289 4129 te
1319 4077 1645 4131 inveniantur

108 4161 298 4228 aliqui,
330 4162 396 4214 de
425 4162 607 4228 quibus
654 4162 840 4215 merito
883 4175 1140 4229 qttmralttt‘
1185 4181 1244 4218 ac
1287 4166 1506 4230 dicatur,
1539 4170 1639 4222 vidi

111 4248 308 4315 impios
330 4251 577 4316 sepultos,
604 4249 689 4318 qui
719 4266 835 4303 cum
866 4255 1198 4320 advivercnt,
1239 4256 1288 4307 in
1321 4257 1433 4307 loco
1460 4268 1639 4311 sancto

111 4348 302 4400 erant,
345 4347 396 4391 et
441 4337 777 4391 laudabantnr
821 4343 870 4391 itt
916 4340 1145 4405 civitate,
1192 4343 1337 4410 quasi
1382 4343 1637 4412 iustorum

112 4422 248 4493 [Αι.,
279 4424 543 4495 bonorum]
571 4442 802 4493 operum.

186 4513 377 4565 Eorum
398 4528 601 4581 quoque
620 4516 704 4582 qui
729 4516 777 4568 in
800 4516 1029 4582 populari
1051 4517 1219 4573 adhuc
1242 4519 1342 4572 vita
1365 4523 1633 4576 continen-

114 4612 200 4656 tur
225 4604 491 4656 sollicitam
522 4615 571 4657 te
591 4620 804 4659 necesse
825 4617 903 4659 est
924 4622 1098 4659 curam
1120 4623 1320 4675 gerere,
1345 4612 1553 4665 utsicut
1582 4615 1631 4665 itt

114 4691 397 4757 primordio
427 4690 579 4759 hujus
607 4693 837 4757 epistola:
867 4695 1287 4759 prtemonuimns,
1313 4697 1635 4753 sufﬁcientes

112 4777 191 4831 eis
220 4778 455 4832 doctores
485 4780 604 4831 vitae
644 4779 885 4832 salutaris
931 4780 1176 4835 adhibere
1224 4785 1537 4849 memineris,
1581 4797 1635 4840 et

113 4868 214 4921 hoc
263 4883 348 4921 eos
392 4870 527 4923 inter
568 4869 665 4923 alia
705 4870 903 4923 discere
954 4869 1130 4933 facias,
1161 4874 1349 4940 quibus
1388 4878 1632 4941 operibus

117 4955 336 5007 maxime
368 4956 472 5009 Deo
499 4956 718 5022 placere,
766 4972 794 5009 a
840 4958 1020 5025 quibus
1048 4974 1105 5012 se
1130 4962 1353 5015 debeant
1401 4965 1484 5030 qui
1528 4968 1630 5019 Deo

117 5044 321 5111 placere
365 5044 662 5099 desiderant
706 5047 967 5101 abstinere
1021 5052 1264 5116 peccatis,
1314 5067 1413 5119 qua
1458 5055 1629 5108 cordis

119 5135 406 5189 sinceritate
447 5135 497 5188 in
543 5134 701 5189 Deum
742 5137 978 5201 credere,
1010 5152 1106 5205 qua
1136 5138 1361 5190 divinam
1400 5142 1627 5196 r~lemen~

120 5226 238 5279 tiam
266 5224 605 5293 supplicantes
643 5225 863 5279 debeant
902 5227 1174 5280 devotione
1213 5230 1442 5295 precari,
1476 5247 1626 5298 quam

124 5316 363 5381 hequenti
404 5314 662 5383 diligentia
715 5315 980 5380 signaculo
1029 5331 1086 5369 se
1126 5317 1410 5371 Dominieze
1461 5321 1627 5374 erucis

122 5419 306 5473 suaque
324 5407 490 5457 omnia
518 5405 789 5457 adversum
819 5407 1087 5457 continuas
1116 5406 1491 5460 immundorutn
1521 5411 1627 5474 spi-

1784 1966 2072 2005 tneusuram
2102 1958 2427 2009 continentia:
2457 1961 2718 2025 ostendat,
2749 1973 2799 2015 et
2828 1964 3067 2017 virtutem
3096 1966 3303 2017 castita-

1783 2041 1844 2095 tis
1873 2044 2131 2109 iusinuet,
2161 2044 2295 2098 idem
2327 2058 2380 2100 et
2411 2048 2623 2103 licenter
2652 2053 2877 2118 possint,
2906 2061 2958 2106 et
2981 2054 3199 2105 libenter
3230 2054 3305 2104 fa-

1778 2142 1895 2181 cere
1920 2132 2093 2183 velint.

1847 2216 1968 2268 llurc
2000 2218 2112 2281 tibi,
2152 2223 2479 2275 sanctissime
2508 2226 2741 2287 antistes,
2784 2237 2835 2281 et
2873 2238 2972 2281 tute
3014 2230 3299 2287 dilectioms

1775 2305 1961 2359 intuitu
1991 2319 2042 2360 et
2070 2312 2331 2375 generalis
2358 2315 2520 2380 gratia
2544 2315 2786 2371 utilitatis
2808 2317 3031 2371 breviter
3050 2320 3296 2374 adnotare

1773 2394 1967 2458 studui,
2005 2397 2220 2448 multum
2249 2400 2546 2453 desiderans
2587 2404 2908 2470 multumque
2936 2408 3215 2460 exhortans
3242 2420 3295 2461 ttt

1770 2493 1974 2545 gentem
2010 2492 2237 2536 nostram
2267 2500 2295 2537 a
2325 2488 2543 2539 vetustis
2570 2490 2872 2544 abstrahere
2910 2506 3059 2546 cures
3105 2500 3294 2548 errori-

1770 2572 1881 2634 bus,
1917 2582 1969 2624 et
1993 2575 2055 2624 ad
2086 2577 2361 2627 certiorem
2391 2586 2441 2628 et
2469 2569 2799 2631 directioretn
2844 2580 2959 2633 vitae
3000 2584 3179 2636 callem
3207 2600 3291 2639 re-

1767 2661 1956 2714 ducere
2001 2673 2227 2731 satagas.
2282 2667 2340 2718 Et
2370 2668 2413 2718 si
2461 2677 2581 2719 sunt
2617 2669 2769 2736 aliqui
2800 2672 3070 2737 cujuslibet
3101 2674 3288 2741 gradus

1766 2752 1873 2803 sive
1902 2752 2097 2805 ordinis
2127 2756 2242 2818 viri,
2276 2758 2360 2821 qui
2397 2758 2528 2809 bona
2571 2768 2655 2810 tua
2683 2769 2853 2825 erepta
2884 2762 3106 2814 retinere
3131 2771 3285 2830 atque

1763 2840 2015 2904 impedire
2041 2854 2311 2909 conentur,
2339 2853 2391 2897 ttt
2424 2856 2593 2899 tamen
2627 2850 2943 2913 propositum
2967 2860 3156 2902 sancta:
3185 2852 3289 2901 vir-

1764 2932 1907 2992 tutis,
1932 2946 2167 2996 superna)
2190 2950 2387 2988 memor
2410 2936 2785 2999 retributionis,
2810 2938 2873 2990 ad
2898 2939 3097 2990 ﬁrmum
3121 2953 3282 3003 usque

1762 3018 1915 3072 ﬁnem
1948 3010 2559 3084 perducere'contendas.
2598 3026 2718 3077 Scio
2752 3042 2972 3094 namque
3002 3029 3274 3085 nonnullos

1762 3109 1878 3161 huic
1907 3119 2095 3160 nostrre
2132 3110 2475 3162 exhortationi
2510 3094 2747 3181 multum;
2772 3115 3198 3175 contradictores,
3227 3127 3280 3167 et

1759 3201 1987 3253 maxime
2015 3213 2106 3251 eos
2133 3201 2218 3265 qui
2248 3201 2449 3263 seipsos
2488 3201 2589 3251 illis
2622 3186 2933 3252 facinoribus
2961 3216 2987 3250 a
3019 3203 3201 3265 quibus
3232 3210 3281 3255 te

1756 3273 2091 3354 prohibendis
2120 3303 2233 3341 esse
2276 3290 2505 3340 sentiunt
2556 3288 2819 3340 irretitos:
2861 3289 2949 3341 sed
2983 3289 3277 3341 meminisse

1751 3385 1799 3429 te
1827 3378 1975 3426 decet
2004 3377 2304 3437 apostolica:
2330 3377 2678 3441 re5p0ttsionis
2702 3393 2713 3427 :
2750 3377 2880 3439 Quia
2905 3376 3105 3429 obedire
3129 3393 3276 3444 opor-
3340 3416 3343 3425 ι

1752 3476 1815 3518 tet
1851 3464 1953 3519 Deo
1980 3466 2139 3532 magis
2177 3481 2325 3530 quant
2368 3464 2645 3515 hominibus
2680 3466 2699 3531 (
2723 3467 2830 3515 Act.
2865 3480 2892 3514 v
2916 3465 2954 3531 ).
2988 3465 3273 3517 Mandatum

1748 3556 1935 3623 quippe
1962 3564 2041 3606 est
2070 3552 2158 3605 Dei
2185 3569 2197 3603 :
2239 3549 2440 3603 Vendite
2476 3565 2586 3617 quia
2606 3551 2896 3617 possidetis,
2932 3557 2976 3601 et
2999 3550 3114 3601 date
3139 3552 3269 3602 elee-

1746 3661 2003 3712 mosynam
2030 3644 2175 3710 (Luc.
2208 3639 2320 3708 xu).
2357 3641 2447 3693 Et:
2484 3640 2599 3691 Nisi
2618 3643 2724 3705 quis
2746 3639 3091 3691 renuntiaverit
3114 3640 3273 3689 amni-

1746 3734 1835 3784 bus
1855 3748 1965 3800 qua:
1985 3731 2220 3799 possidet,
2248 3746 2343 3781 non
2365 3739 2519 3797 potest
2547 3744 2679 3779 meus
2700 3744 2805 3779 esse
2826 3727 3097 3794 discipulus
3118 3726 3266 3794 (Luc.
3344 3758 3351 3765 τ

1746 3820 1872 3887 xrv).
1904 3820 2132 3871 Tradizio
2158 3827 2326 3870 autem
2373 3818 2620 3868 tnodertta
2651 3816 2985 3881 quorumdam
3017 3826 3096 3867 est
3120 3855 3133 3875 ,
3182 3815 3267 3879 qui

1743 3924 1800 3963 se
1831 3910 1919 3962 Dei
1946 3907 2163 3960 famulos
2190 3920 2308 3960 eSSe
2339 3906 2659 3971 profitentur,
2691 3918 2788 3954 non
2817 3905 2979 3955 solum
3022 3902 3122 3969 [AL
3161 3918 3260 3952 aut.

1744 4015 1845 4050 non
1876 3996 2065 4066 solum]
2102 4009 2337 4062 possessa
2362 4009 2461 4047 non
2486 3993 2728 4055 vendere,
2756 4006 2930 4045 verum
2955 3992 3105 4041 etiam
3134 3989 3262 4059 [Al.,

1741 4088 1926 4144 iterum
1959 4088 2030 4159 et]
2060 4102 2362 4156 comparare
2392 4102 2492 4137 non
2545 4084 2736 4137 habita.
2778 4085 2883 4146 Qua
2930 4097 3053 4149 ergo
3100 4078 3265 4131 fronte

1740 4182 1893 4234 audet
1946 4182 2214 4245 quisquam
2264 4179 2326 4229 ad
2375 4174 2640 4228 servitium
2695 4172 2888 4224 Domitii
2936 4184 3261 4232 accessurus,

1739 4273 1818 4325 vel
1849 4287 1905 4324 ea
1938 4286 2050 4334 qua:
2081 4269 2207 4339 μή,
2234 4283 2324 4321 eas
2354 4266 2497 4336 quas]
2537 4268 2587 4318 in
2618 4262 2847 4315 sa~culari
2878 4262 2978 4312 vita
3010 4260 3260 4311 habuerat

1740 4371 2021 4426 retentare,
2050 4361 2126 4413 vel
2157 4358 2254 4412 sub
2282 4366 2529 4425 praetextu
2555 4356 2671 4405 vita:
2698 4350 2969 4403 sanctioris
2998 4350 3109 4400 illas
3131 4361 3259 4412 quas

1664 4462 1714 4518 ι)
1739 4466 1839 4503 non
1874 4452 2120 4502 habuerat
2147 4459 2459 4516 congregare
2503 4442 2706 4496 divitias
2735 4457 2746 4492 :
2796 4454 2911 4492 cum
2947 4440 3100 4491 etiam
3128 4451 3257 4500 apo-

1734 4539 1918 4592 stolica
1946 4539 2013 4589 sit
2042 4536 2304 4587 notissima
2344 4547 2587 4593 censura,
2622 4546 2735 4598 quae
2765 4528 3010 4581 Ananiam
3040 4537 3090 4578 et
3119 4525 3255 4589 Sap-

1735 4628 1931 4696 phiram
1964 4626 2057 4675 hoc
2102 4623 2271 4674 facere
2299 4621 2569 4672 molientes
2595 4659 2611 4681 ,
2658 4632 2757 4670 non
2789 4618 2893 4667 ullo
2939 4614 3252 4680 paenitentia}

1732 4719 1810 4771 vel
1840 4712 2207 4768 satisfactionis
2236 4710 2464 4764 remedio
2493 4706 2771 4772 corrigere,
2804 4704 2891 4756 sed
2922 4717 2982 4754 ex
3016 4702 3122 4767 ipsa
3151 4712 3254 4753 sta-

1734 4807 1823 4859 tim
1855 4805 2037 4856 mortis
2079 4800 2277 4852 ultricis
2322 4794 2630 4848 acceleravit
2670 4793 2998 4843 damnatione
3043 4791 3254 4856 puniri?

1732 4895 1797 4947 Et
1823 4892 2031 4960 quidem
2056 4890 2126 4941 illi
2150 4901 2249 4939 non
2274 4884 2438 4935 aliena
2463 4881 2724 4946 colligere,
2749 4880 2838 4930 sed
2860 4891 2950 4930 sua
2975 4878 3251 4944 incongrue

1730 4983 1957 5037 retinere
1978 4979 2289 5030 malueruttt.
2310 4971 2456 5025 Unde
2478 4969 2747 5049 manifeste
2766 4977 2900 5034 patet
2921 4981 3071 5032 quam
3096 4966 3250 5032 longe

1729 5070 1986 5126 abstiterit
2026 5067 2223 5117 animus
2252 5061 2599 5127 apostolorum
2646 5071 2675 5109 a
2718 5053 3058 5119 suscipiendis
3087 5067 3243 5117 pecu-

1730 5161 1931 5213 niarum
1961 5151 2404 5221 acquisitionibus,
2435 5147 2520 5216 qui
2557 5144 2653 5199 sub
2699 5142 2784 5194 illa
2825 5140 3029 5206 prOprie
3064 5138 3235 5204 regula

1727 5247 1944 5301 Domino
1970 5246 2260 5299 serviebant
2284 5260 2295 5294 :
2340 5241 2481 5293 Beati
2510 5251 2764 5306 pauperes,
2792 5235 2907 5298 quia
2935 5242 3145 5284 uestrum
3170 5237 3241 5280 est

1726 5351 1934 5405 regnum
1964 5333 2053 5384 Dei
2080 5333 2227 5401 (Luc.
2276 5331 2381 5393 vt);
2425 5335 2476 5381 et
2515 5340 2545 5378 e
2590 5335 2766 5376 contra
2787 5362 2802 5384 ,
2836 5321 2989 5387 partis
3017 5319 3239 5405 sinistra)

1724 5404 1992 5494 proposito
2033 5420 2367 5473 nihilominus
2412 5414 2810 5468 instituebantur
2836 5410 3108 5474 exemplo:
3148 5404 3237 5494 ινφ

125 5496 302 5545 rituutu
330 5494 539 5548 insidias
569 5509 782 5548 necesse
811 5494 1030 5546 habeant
1058 5498 1278 5561 munire,
1312 5511 1459 5564 quam
1490 5498 1626 5549 salu-

128 5564 383 5652 taris[.4l.,
414 5581 658 5651 salutare]
706 5585 773 5637 sit
816 5586 954 5636 omni
994 5584 1404 5638 Christianorum
1450 5588 1621 5654 generi

126 5676 396 5739 quotidiana
422 5674 674 5726 Dotniniei
704 5677 932 5741 corporis
962 5690 1017 5729 ac
1046 5676 1305 5743 sanguinis
1336 5676 1617 5743 perceptio,

1718 5492 1851 5568 uobis
1864 5512 2091 5563 divitibus
2104 5512 2219 5576 quia
2237 5508 2421 5559 habetis
2436 5503 2817 5557 consolatione»:
2833 5509 3031 5550 vestram
3049 5495 3169 5562 (ibid
3176 5492 3235 5557 .).

1721 5610 1799 5660 An
1848 5602 1980 5656 forte
2008 5617 2209 5656 errasse
2240 5616 2300 5653 ac
2327 5596 2647 5651 mendacium
2693 5594 2961 5659 scripsisse
3002 5600 3237 5675 putamus

1726 5692 2061 5760 Apostolutn,
2116 5705 2231 5746 cum
2274 5702 2365 5740 nos
2409 5686 2694 5739 admonens
2739 5680 2979 5735 dicebat:
3018 5676 3233 5738 Fratres,
