3862 6336
598 454 603 457 ’
642 454 958 509 EPISTULA
996 452 1076 516 ΙΙΙ.

467 579 528 617 ΑΙ)
563 577 863 615 ιιιεωιιιιιιυιι
904 576 1255 614 Αιιοιοϐετιελ
1282 600 1295 622 ,

1668 454 1719 509 Α

62 670 177 724 Εο
221 674 357 739 quod
388 672 755 726 insimularetur
782 688 813 720 α
840 672 1153 737 quibusdam,
1183 672 1242 721 de
1267 670 1495 722 a’tatilms
1543 686 1640 723 Stc-

559 742 656 791 culi
684 755 780 791 non
812 750 939 790 recte
965 740 1194 789 sensisse.

202 869 309 938 [Ex
340 867 561 919 editione
587 865 739 926 Ciles,
772 876 825 916 et
851 865 965 915 alize
992 873 1264 929 sequentes
1295 865 1572 930 epistola:.]

174 979 359 1030 Fratri
388 974 721 1028 dilectissimo
750 983 804 1025 et
832 974 881 1023 in
926 972 1115 1023 Christi
1160 973 1444 1022 visceribus
1478 973 1641 1022 bono.

72 1070 285 1120 rando
320 1066 599 1133 Plegwino,
634 1065 767 1116 Beda
797 1065 848 1114 in
890 1062 1097 1113 Christo
1128 1066 1344 1113 salutem

178 1156 341 1208 Venit
374 1155 435 1204 ad
488 1168 569 1204 me
612 1164 734 1203 ante
776 1152 988 1203 biduum
1040 1152 1223 1215 (frater
1261 1150 1640 1212 amantissime)

81 1245 342 1295 Itur-tius
371 1252 471 1293 tute
501 1239 820 1298 sanctitatis,
851 1239 934 1304 qui
967 1238 1192 1303 pacifica:
1222 1237 1426 1301 quidem
1458 1222 1646 1285 saluta-

82 1330 279 1383 tinnis
305 1344 335 1382 a
364 1339 411 1382 te
441 1328 705 1380 laetissima
736 1326 894 1378 verba
943 1325 1159 1385 detulit;
1211 1325 1300 1375 sed
1353 1324 1461 1373 lucc
1516 1324 1643 1372 tristi

80 1428 247 1472 md:
297 1418 607 1471 admistione
634 1414 891 1476 confudit,
920 1416 1176 1471 addendo,
1220 1415 1480 1474 videlicet,
1514 1413 1646 1473 quod

80 1523 199 1561 me
236 1508 446 1559 audires
475 1521 501 1558 a
535 1504 920 1557 lascivientihns
950 1503 1155 1555 rusticis
1187 1505 1317 1554 inter
1368 1502 1644 1553 ttmretleos

86 1611 210 1663 per
262 1593 779 1663 poculadecantari.
835 1591 1110 1651 Exhorrui,
1147 1590 1331 1651 fateor,
1364 1600 1415 1641 et
1445 1589 1645 1655 pallens

85 1683 520 1749 percunctabar,
569 1681 714 1746 cujus
746 1680 1001 1731 bmreseos
1046 1694 1309 1745 arguerer.
1367 1678 1651 1744 Respondit

84 1774 242 1839 quia
274 1786 511 1839 negarem
552 1771 602 1822 in
632 1779 775 1823 sexta
806 1777 957 1821 :etate
1006 1769 1180 1821 saeculi
1215 1768 1483 1819 Dominum
1534 1767 1647 1819 Salo
1683 1756 1720 1810 Β

84 1874 361 1913 vatorem
409 1862 459 1913 in
506 1874 664 1912 carne.
712 1859 936 1911 venisse.
991 1859 1318 1911 Percunctari
1350 1873 1472 1924 ergo
1518 1859 1648 1923 ccepi

87 1953 388 2019 quomodo
418 1953 708 2011 diceretur;
742 1958 914 2001 utrum
961 1950 1096 2016 quod
1134 1949 1382 1999 Dominus
1415 1963 1515 1998 non
1562 1961 1651 1999 ve-

89 2042 293 2093 nisset
342 2042 390 2092 in
420 2054 597 2101 carne,
630 2054 750 2091 cum
804 2048 976 2090 tamen
1013 2047 1164 2089 sexta
1196 2047 1339 2090 esset
1368 2047 1499 2089 ictas
1523 2076 1536 2096 ,
1587 2052 1649 2086 an

90 2130 257 2193 quod
296 2129 513 2179 Omnino
540 2126 587 2177 in
617 2140 773 2179 carne
803 2126 1046 2176 veniente
1076 2126 1293 2176 necdum
1331 2132 1477 2175 sexta
1525 2135 1651 2175 retas

90 2218 346 2277 veniret,
380 2216 462 2269 vel
509 2225 651 2267 certe
680 2224 805 2277 tetas
833 2215 1053 2280 septima
1098 2215 1204 2279 jam
1239 2214 1485 2274 venisset,
1532 2228 1648 2263 cum

86 2318 297 2372 aperta
350 2309 545 2358 ratione
596 2313 740 2357 sexta
784 2313 909 2357 ictas
956 2320 1057 2357 non
1104 2305 1201 2357 nisi
1248 2305 1312 2355 ab
1357 2305 1471 2369 ejus
1535 2317 1651 2365 tos-

97 2403 183 2448 sit
222 2399 585 2448 incarnatione
612 2396 861 2462 cepisse.
897 2395 1349 2464 Deprehendique,
1381 2396 1490 2446 sive
1533 2394 1647 2453 hoc,

96 2490 237 2537 sive
275 2486 421 2545 illud,
455 2486 865 2545 insimularetur,
898 2501 980 2536 me
1018 2488 1071 2536 in
1101 2495 1315 2550 utroque
1354 2496 1494 2535 sonte
1533 2482 1648 2533 fidei

90 2586 155 2627 ct
192 2575 575 2625 ecclesiastica:
607 2574 825 2624 unitatis
856 2574 1082 2625 existere
1111 2582 1428 2623 consortem.

176 2663 468 2726 Quomodo
524 2661 602 2713 vel
646 2661 906 2713 Christqu
961 2662 1011 2712 in
1058 2676 1262 2712 carnem
1306 2663 1505 2711 venisse
1559 2674 1649 2711 nco

93 2765 277 2817 gans,
312 2749 503 2802 Christi
534 2750 585 2801 in
620 2750 847 2802 Ecclesia
896 2750 1178 2815 pomissem
1226 2763 1343 2801 esse
1372 2744 1649 2800 sacerdos?

96 2832 196 2891 vel
233 2852 338 2905 qua
365 2839 732 2905 consequentia
765 2839 1079 2905 evangelicis
1126 2849 1178 2890 et
1209 2840 1506 2903 apostolicis
1531 2852 1643 2889 cre-

95 2928 252 2982 dens
303 2930 510 2991 litteris,
545 2940 691 2981 sexta
740 2930 884 2981 illum
930 2939 1078 2980 mlute
1118 2930 1293 2980 smooli
1327 2929 1645 2980 incantatur:

97 3032 236 3070 esse
263 3017 648 3081 discredcrem;
686 3032 803 3069 cum
831 3019 1147 3081 evangelista
1180 3017 1449 3069 Matthzeus
1482 3019 1530 3067 in
1557 3030 1646 3068 Co-

98 3106 231 3156 dem
265 3104 401 3156 libro
430 3106 777 3171 generationis
803 3105 927 3157 .lcsu
956 3105 1167 3167 Christi,
1201 3106 1485 3157 notissimis
1516 3114 1642 3155 tetu-

100 3208 306 3261 purum
361 3196 590 3245 articulis
640 3210 730 3259 per
771 3195 1133 3261 generationes
1174 3197 1333 3245 denas
1359 3205 1408 3246 et
1437 3206 1646 3261 quater-

101 3298 233 3347 nas,
268 3292 489 3348 quatuor
520 3283 724 3333 ultimas
752 3284 1011 3334 discernat
1032 3284 1252 3335 aetates?
1295 3283 1492 3335 Primas
1524 3300 1646 3333 vero

105 3373 253 3423 duas
281 3370 547 3435 apostolus
577 3370 762 3422 Petrus
804 3370 891 3421 tali
918 3371 1186 3439 distinguit
1230 3372 1455 3423 indicato
1483 3389 1495 3424 :
1540 3382 1645 3423 ter—

99 3476 219 3511 rant
278 3460 471 3524 pariter
500 3474 559 3510 ac
586 3460 746 3511 cmlos
790 3460 999 3511 diluvio.
1034 3461 1281 3526 perditos,
1316 3470 1470 3524 atque
1518 3462 1645 3511 alios

104 3564 204 3611 pro
236 3546 344 3600 illis
369 3562 678 3601 asseverans
708 3562 826 3601 esse
856 3550 1148 3614 repositos;
1183 3561 1237 3601 ut
1269 3565 1368 3601 non
1404 3560 1504 3601 tam
1532 3552 1645 3601 dua:

98 3647 296 3687 a-tates
329 3635 527 3695 saeculi,
558 3652 709 3699 quam
736 3636 838 3687 duo
868 3639 1076 3698 srccula,
1102 3637 1145 3689 si
1177 3652 1277 3688 non
1306 3638 1523 3690 ba-resis
1551 3638 1641 3689 Va-

101 3723 395 3773 lentiniano
444 3727 730 3784 timeretur,
778 3735 989 3789 possunt
1022 3725 1342 3788 nuncupari?
1384 3726 1511 3775 Cum
1562 3740 1644 3776 me

100 3813 266 3876 igitur
315 3812 599 3863 discutiens
670 3812 951 3865 identidem
1002 3814 1218 3865 liberum
1284 3828 1400 3866 esse
1450 3829 1640 3866 cerne-

101 3916 262 3965 rem,
330 3913 559 3967 engtare
613 3902 821 3953 scdqus
879 3904 1013 3970 (ζωρί
1084 3905 1220 3957 unde
1291 3906 1399 3957 lucc
1453 3906 1502 3957 iu
1561 3920 1642 3957 me

98 3990 372 4041 calumnia
401 3992 798 4053 devolvcrctttr;
830 3992 1141 4058 tandemque
1171 3994 1312 4045 venit
1354 3994 1402 4044 in
1452 4010 1645 4046 memo-

98 4080 235 4130 riam
262 4081 404 4145 quod
433 4079 635 4130 cuidam
668 4092 892 4132 vestrum
939 4095 1101 4147 nuper
1131 4065 1437 4147 Opusculum
1467 4099 1634 4134 meum

101 4168 168 4219 de
220 4167 601 4233 Temporibus,
648 4170 783 4233 quod
836 4180 955 4221 ante
1004 4170 1409 4237 quinquennium
1471 4171 1635 4232 edidi,

104 4257 487 4315 mmtstraham,
520 4258 570 4307 in
609 4271 710 4323 quo
738 4271 991 4309 annorum
1040 4262 1202 4311 series
1230 4260 1374 4322 juxta
1426 4260 1640 4312 Hebrai-

106 4358 225 4395 c-.tm
259 4346 555 4401 veritatem.
585 4346 669 4397 ubi
699 4343 832 4398 LXX
861 4348 1229 4414 interpretibus
1260 4350 1409 4417 longe
1435 4350 1638 4402 btc\l0l'
1666 4369 1717 4428 υ

105 4430 353 4493 habetur,
404 4442 516 4482 erat
561 4443 832 4495 annotata,
902 4435 968 4485 ita
1016 4445 1069 4486 ut
1114 4452 1273 4505 usque
1325 4438 1388 4489 ad
1443 4436 1639 4490 adven-

103 4525 212 4567 tum
244 4518 533 4571 Sa‘vatoris
562 4522 610 4570 io
638 4536 794 4573 carne
828 4537 925 4575 nec
944 4525 1167 4588 quinque
1197 4540 1448 4577 annorum
1480 4528 1637 4578 millia

102 4608 207 4661 sint
240 4614 521 4675 contpleta.
574 4612 969 4681 Suadebamque
1000 4617 1071 4667 illi
1105 4617 1403 4682 (fraternm,
1436 4621 1635 4683 fateor,

106 4699 381 4749 charitatis
428 4710 479 4750 ct
526 4698 687 4765 ipsius
714 4702 944 4754 veritatis
992 4705 1204 4769 intuitu)
1254 4716 1309 4756 ut
1354 4708 1637 4773 Scriptura:

104 4800 269 4836 sacrae
303 4796 419 4852 post
452 4788 804 4841 Christianum
838 4790 986 4843 nobis
1020 4794 1348 4860 interpretem
1403 4798 1634 4846 transla-

106 4886 193 4937 tas,
216 4882 393 4941 potius
409 4894 562 4945 quam
580 4879 815 4933 Judaieis
842 4882 1355 4949 interpretationilms
1380 4889 1454 4939 vel
1478 4888 1633 4937 chro-

109 4966 497 5027 nographorum
526 4962 819 5033 imperitiae,
857 4972 1008 5022 Iidem
1041 4975 1435 5025 accommodare
1460 4974 1632 5027 disce-

112 5063 188 5103 ret
212 5070 227 5107 :
259 5054 423 5120 digito
452 5058 736 5111 ostendens
761 5062 897 5125 quod
921 5060 1175 5113 Eusebius
1205 5062 1255 5112 in
1284 5063 1639 5128 descriptione

112 5149 419 5208 temporum,
450 5160 614 5212 neque
645 5147 949 5200 Ilebt-aicam
980 5151 1273 5213 veritatem,
1302 5167 1467 5217 neque
1501 5153 1633 5205 LXX

112 5232 479 5285 translatorum
543 5250 632 5301 per
685 5240 859 5290 Omnia
912 5242 982 5292 sit
1040 5240 1329 5294 Editiouem
1390 5253 1634 5305 secutus;

110 5319 241 5380 quod
272 5322 321 5372 id
354 5325 519 5389 ipsum
550 5336 601 5377 et
633 5326 720 5380 hic
752 5329 949 5395 scripto
994 5330 1164 5385 facere
1192 5334 1408 5385 curabo.
1442 5334 1634 5385 Verum

110 5408 241 5469 quod
271 5412 383 5476 ipse
413 5413 667 5480 (quisquis
698 5416 829 5482 erat)
861 5419 944 5470 cui
989 5422 1098 5469 lucc
1127 5436 1489 5489 soggesseram
1533 5421 1637 5473 fra-

116 5499 238 5550 terni
281 5502 479 5555 amoris
504 5502 733 5559 oflicium
762 5511 921 5561 vertit
946 5510 997 5561 in
1044 5511 1221 5564 odium
1268 5512 1631 5576 :cnmlatiouis,

113 5595 162 5637 ct
194 5600 449 5658 supernus
497 5594 789 5652 moderator
845 5602 915 5654 illi
960 5604 1095 5667 jusnt
1164 5605 1408 5660 mercede
1462 5605 1631 5659 lucem

1318 348 1518 401 SECT..
1545 346 1629 399 IV.
1668 373 1733 388 -ι
1772 345 2131 400 ΕΡΙΞΤΟΙΑΕ.

3128 360 3129 365 ‘
3165 350 3263 400 (ιἷο

1747 464 1967 507 ostensa:
2013 457 2244 508 veritatis
2293 459 2339 507 in
2373 459 2606 509 tenebras
2633 460 2889 511 convertit
2938 474 3087 513 arca:
3121 462 3261 511 falsi-

1745 546 1882 596 tatis.

1810 633 1883 684 Ne
1913 648 2035 699 ergo
2080 651 2161 687 me
2193 648 2337 700 putes
2365 638 2741 705 (dilectissime)
2772 650 2889 703 post
2922 651 3096 690 notam
3147 641 3256 689 bai-

1744 735 1920 772 reseos
1949 722 2011 771 ad
2056 722 2314 791 inliciandi
2362 726 2517 776 malle
2543 725 2909 793 subterfugere
2940 728 3262 793 praesidium,

1743 822 1892 887 quam
1932 807 2197 861 doctorem
2230 812 2462 875 recipere
2492 815 2721 863 veritatis
2751 830 2763 863 :
2812 816 2926 864 amli
2959 830 3075 879 qua:
3119 817 3167 865 in
3198 816 3261 865 li-

1745 894 1878 945 bello
1905 904 2189 946 memorato
2209 896 2273 948 de
2304 897 2561 948 Aitatibus
2586 900 2791 963 scripsi.
2824 900 3097 966 Postquam
3124 903 3260 952 enim

1743 982 1807 1033 de
1836 986 2109 1034 momentis
2148 992 2197 1033 et
2228 985 2385 1045 boris,
2415 986 2477 1036 de
2519 987 2623 1047 die,
2655 986 2719 1038 de
2745 997 2912 1046 nocte,
2943 989 3008 1039 de
3060 988 3263 1039 hebdo-

1744 1072 1977 1122 madibus
2022 1082 2073 1124 et
2118 1074 2402 1134 mensibus,
2452 1074 2515 1123 de
2560 1090 2693 1124 anno
2737 1086 2786 1125 et
2820 1076 2895 1125 bis
2926 1091 3040 1140 qute
3070 1076 3131 1127 ad
3174 1090 3264 1127 an-

1746 1175 1865 1211 num
1900 1162 2179 1226 pertinent,
2234 1161 2297 1212 de
2336 1162 2531 1211 circulo
2584 1163 3022 1215 dcceuoovenoali
3081 1178 3132 1216 et
3179 1179 3266 1215 ac-

1746 1253 2033 1305 cidentibus
2063 1255 2155 1311 illi.
2188 1268 2434 1319 quantum
2489 1256 2611 1306 mihi
2662 1259 2891 1323 meisque,
2921 1261 3050 1308 satis
3079 1258 3267 1308 crede-

1748 1341 1881 1399 ham,
1918 1342 2213 1404 perstrinxi,
2247 1353 2453 1393 ventum
2485 1354 2596 1394 erat
2647 1355 2697 1394 ut
2743 1360 2888 1411 teque
2916 1346 2989 1407 ,ilc
3032 1346 3268 1395 a-tatibus

1747 1430 1938 1494 aliquid
1981 1432 2398 1483 abbreviarctur.
2449 1432 2609 1484 Sexto
2647 1433 2850 1486 decimo
2896 1448 3017 1501 ergo
3046 1435 3271 1499 capitulo

1750 1520 1849 1571 tale
1879 1520 1973 1570 feci
2006 1521 2362 1584 primordium.

1819 1608 1941 1666 Sex,
1971 1609 2195 1674 inquam,
2227 1610 2460 1659 :etatihus
2483 1610 2657 1661 mttndi
2682 1618 2910 1675 tempora
2939 1610 3259 1675 distinguun-

1754 1705 1852 1747 tur.
1885 1696 2052 1747 l’rima
2084 1706 2229 1756 tetas,
2260 1698 2323 1747 ab
2356 1697 2517 1748 Adam
2551 1712 2709 1761 usque
2738 1698 2797 1747 ad
2829 1697 2960 1759 Noe,
2996 1700 3269 1761 continens

1748 1770 2111 1849 generationch
2136 1783 2336 1841 decem,
2393 1800 2555 1835 annos
2588 1800 2710 1834 vero
2763 1799 2968 1846 uoccvt,
3006 1799 3118 1849 qum.
3164 1794 3267 1835 tota

1750 1871 2131 1937 periitdiluvio,
2160 1873 2291 1922 sicut
2322 1872 2581 1922 infantiam
2632 1887 2865 1937 mergere
2900 1874 3029 1922 solet
3053 1873 3267 1924 oblivio.

1750 1958 1999 2019 Secunda,
2029 1974 2055 2009 a
2084 1958 2191 2010 Noe
2219 1974 2379 2024 usque
2406 1962 2467 2009 ad
2503 1963 2785 2024 Abraham,
2813 1962 3173 2026 generationes
3198 1960 3267 2012 si-

1750 2052 1937 2101 militer
1980 2052 2247 2115 complexa
2276 2052 2477 2110 decem,
2526 2066 2689 2103 annos
2722 2063 2890 2101 autem
2938 2066 3129 2111 ccxcu,
3158 2067 3270 2115 quzc

1750 2140 1797 2189 iu
1833 2140 2002 2202 lingua
2030 2140 2233 2190 inventa
2264 2150 2362 2202 est,
2402 2139 2449 2190 id
2479 2150 2574 2199 eo,
2612 2142 2658 2189 in
2694 2140 2933 2189 llebrma.
2979 2141 3015 2190 A
3058 2139 3271 2202 pueritia

1750 2242 1972 2291 namque
2020 2228 2197 2289 incipit
2243 2227 2395 2277 homo
2448 2228 2584 2290 loqui
2633 2241 2786 2278 nosse
2813 2236 2925 2289 post
2968 2225 3271 2284 infantium,

1749 2331 1864 2379 qnte
1892 2325 1944 2366 et
1974 2330 2161 2366 nomen
2196 2315 2313 2366 inde
2342 2317 2561 2378 accepit,
2594 2317 2709 2378 quia
2751 2314 2868 2375 fari,
2912 2315 2957 2364 id
2987 2323 3087 2373 est,
3138 2296 3273 2374 loqui

1750 2418 1849 2453 non
1898 2413 2087 2467 potest.
2116 2402 2309 2464 Tertia,
2362 2404 2426 2452 ab
2476 2402 2731 2453 Abraham
2779 2416 2939 2465 usque
2969 2401 3029 2451 ad
3075 2402 3271 2459 David,

1754 2490 2112 2559 generationes
2139 2490 2551 2557 quatuordecim,
2584 2504 2745 2540 annos
2786 2504 2908 2541 vero
2939 2504 3111 2541 cuxctt
3143 2503 3267 2538 ton-

1752 2580 1947 2632 littens.
1972 2580 2034 2631 El
2063 2580 2179 2645 quia
2212 2580 2277 2630 al)
2309 2578 2654 2631 adolescentia
2697 2579 2875 2642 incipit
2917 2578 3072 2629 homo
3116 2575 3269 2641 posse

1749 2683 2036 2736 generare,
2092 2668 2360 2719 Mattba‘us
2427 2670 2817 2733 gem-ntiouum
2889 2682 2949 2717 ex
3008 2666 3264 2717 Abraham

1750 2762 1967 2822 sumpsit
2004 2758 2291 2820 exordium,
2328 2755 2413 2822 qui
2456 2758 2611 2807 etiam
2646 2756 2796 2807 Pater
2828 2757 3054 2820 gentium
3079 2754 3272 2807 consti-

1757 2854 1891 2895 tutus
1920 2851 2017 2894 est.
2051 2844 2263 2906 Quarta,
2296 2858 2323 2893 τι
2362 2844 2519 2894 David
2552 2859 2713 2909 usque
2754 2844 2814 2892 ad
2858 2841 3271 2906 transmigratio-

1750 2948 1865 2985 netu
1897 2932 2168 3000 Babylonis
2190 2934 2607 2999 generationibus
2628 2947 2775 2998 atque
2800 2933 2942 2997 juxta
2970 2931 3266 2983 Milllbll'llnl

1752 3022 2156 3090 quatuordecim,
2185 3023 2333 3073 annis
2360 3033 2531 3073 autem
2563 3037 2786 3073 cocxxnt
2821 3030 3076 3086 porrecta,
3118 3037 3143 3072 a
3175 3036 3271 3087 qua

1754 3128 1928 3177 regum
1977 3123 2206 3174 tempora
2239 3120 2541 3175 rmpcrtmt;
2588 3110 2827 3174 juvenilis
2873 3111 3011 3160 enim
3054 3109 3273 3175 dignitas

1747 3213 1905 3265 regno
1932 3209 2010 3252 est
2039 3199 2240 3250 habilis.
2264 3198 2447 3262 Quinta
2477 3196 2682 3258 deinde,
2714 3212 2871 3261 usque
2899 3198 2960 3247 ad
2989 3199 3263 3247 adventum

1748 3289 2030 3341 Salvatoris
2075 3290 2122 3339 in
2151 3303 2325 3349 carne,
2359 3288 2775 3353 generationibus
2803 3295 2855 3337 et
2885 3288 2991 3350 ipsa
3021 3296 3266 3352 quatuor-

1747 3380 1933 3441 decim,
1966 3393 2119 3445 porro
2166 3380 2315 3430 annis
2360 3394 2584 3429 ocxxxtx
2635 3388 2837 3429 extenta
2886 3394 2895 3427 ε
2949 3378 2998 3428 in
3050 3391 3170 3443 qua,
3222 3387 3277 3426 ut

1745 3472 1885 3538 gravi
1914 3480 2177 3522 Senectute
2208 3471 2361 3528 feSsa,
2396 3468 2543 3519 malis
2584 3467 2936 3519 CTClll‘lOllllllS
2983 3466 3125 3527 plebs
3169 3466 3272 3516 llc-
3316 3534 3317 3537 η

1746 3565 1879 3612 brain
1906 3570 2196 3626 quassatur.
2219 3559 2393 3621 Sexta,
2418 3573 2530 3625 qum,
2562 3571 2695 3608 nunc
2727 3560 2913 3621 agitur,
2946 3555 3080 3605 nulla
3118 3567 3275 3618 genc-
3299 3564 3311 3615 ί

1747 3650 2001 3700 rationum
2036 3649 2113 3699 vel
2143 3658 2428 3712 temporum
2455 3646 2589 3697 serie
2617 3655 2788 3705 certa;
2820 3643 2929 3705 sed,
2962 3652 3017 3694 ut
3038 3651 3161 3694 tetas
3184 3642 3274 3692 de-

1744 3739 1959 3805 ert-pila,
1994 3738 2101 3801 ipSa
2136 3738 2294 3788 totius
2323 3738 2494 3787 surculi
2527 3747 2691 3786 morte
2717 3735 2957 3786 finienda.

1814 3830 1934 3879 llaec
1964 3827 2013 3877 in
2046 3826 2290 3891 praedicto
2320 3824 2492 3875 libello
2522 3824 2585 3875 de
2623 3822 2885 3875 AZtatihus
2927 3821 3102 3872 szeculi
3142 3836 3270 3885 prac-

1743 3919 1966 3969 notattdo
1993 3930 2428 3974 commemorans,
2472 3914 2646 3964 statim
2676 3912 2812 3963 aliud
2843 3910 3121 3976 capitulum
3146 3910 3269 3963 sub-

1744 4005 1913 4064 nexui,
1942 4019 2043 4066 quo
2070 4016 2251 4054 cursus
2292 4010 2343 4051 ct
2389 4000 2516 4052 ordo
2546 4000 2699 4051 totius
2727 3999 2899 4049 smculi
2933 3998 3268 4063 panderetur,

1742 4090 1809 4141 ita
1830 4090 2095 4140 inchoatis.
2117 4091 2283 4140 Prima
2300 4102 2421 4153 ergo
2436 4099 2562 4139 tetas
2584 4087 2814 4137 continet
2830 4099 2991 4135 annos
3006 4084 3152 4148 juxta
3173 4085 3271 4134 lle-

1742 4178 2125 4237 brteosuoccw,
2149 4176 2291 4243 juxta
2314 4176 2644 4241 Septuaginta
2667 4175 2972 4239 interpretes
3001 4186 3261 4225 uuccxut.

1743 4268 1928 4332 Adam,
1973 4280 2224 4319 annorum
2269 4279 2424 4325 cxxx,
2473 4263 2647 4329 genuit
2676 4262 2823 4324 Setb,
2873 4262 2959 4327 qui
3013 4275 3101 4321 tiro
3137 4261 3262 4311 Abel

1745 4364 1893 4407 natus
1920 4368 2016 4407 est.
2051 4356 2177 4408 Setb
2210 4363 2380 4406 autem
2404 4393 2420 4415 ,
2470 4368 2631 4403 auum
2675 4367 2757 4411 cv,
2790 4350 2964 4415 genuit
3014 4351 3168 4412 Eoos,
3214 4361 3264 4399 ct

1737 4454 1923 4497 cattcra
1949 4458 2111 4511 usque.
2141 4445 2202 4493 ad
2233 4443 2502 4494 diluvium.
2532 4442 2724 4492 lit-inde
2745 4440 3003 4506 Sobjnnxi.
3030 4441 3263 4494 Secutth

1736 4546 1859 4585 tetas
1904 4533 2131 4585 continet
2171 4546 2332 4583 annos
2386 4532 2531 4597 juxta
2580 4531 2821 4582 llebrreos
2872 4543 3075 4587 ccxcu,
3116 4527 3261 4593 juxta

1738 4620 1873 4674 LXX
1903 4621 2213 4686 interpretes
2242 4634 2436 4681 cuxut,
2480 4621 2558 4672 vel
2586 4618 2789 4685 adjecto
2818 4615 3034 4676 Caiuan,
3062 4632 3263 4669 uuxu.

1736 4710 1877 4773 Sem,
1902 4724 2037 4761 anno
2064 4709 2292 4761 secundo
2318 4719 2431 4774 post
2460 4709 2729 4768 diluvium,
2755 4707 2931 4772 genuit
2963 4706 3259 4770 Arpltaxatl,

1736 4812 1763 4849 τι
1792 4814 1892 4865 quo
1920 4796 2167 4850 Cltaldmi.
2212 4797 2483 4862 Arpbaxad
2530 4810 2693 4846 annos
2725 4811 2876 4857 xxxv,
2910 4798 3083 4863 genuit
3120 4794 3260 4848 Sela.

1737 4890 1828 4942 llic
1855 4889 2181 4954 Septuaginta
2212 4888 2543 4951 interpretes,
2578 4902 2705 4950 quos
2749 4887 3065 4953 evangelista
3100 4884 3263 4935 Lucas
3332 4926 3337 4937 .

1735 4989 1943 5031 secutus
1989 4988 2087 5039 est,
2121 4978 2477 5040 interposuere
2516 4976 2749 5039 Cainan,‘
2776 4977 2862 5041 qui
2893 4989 3142 5027 ettm'xxx
3179 4989 3261 5026 es-

1738 5079 1819 5123 set
1858 5084 2111 5122 annorum
2160 5069 2397 5133 genuerit
2429 5068 2568 5120 Sela.
2604 5066 2749 5125 ltcm,
2791 5068 2855 5117 de
2888 5066 3033 5116 tertia
3088 5075 3259 5117 a‘lalr‘.

1736 5161 1927 5222 'l'ettia,
1960 5160 2189 5220 inquam,
2236 5168 2359 5208 tetas
2407 5157 2637 5208 continet
2682 5168 2845 5205 annos
2890 5170 3082 5206 cuxtJt.
3134 5153 3259 5205 Item

1736 5252 1821 5303 ubi
1846 5250 1908 5300 ad
1939 5259 2175 5316 quartam
2219 5260 2425 5300 veutmn
2469 5259 2566 5298 εει.
2620 5247 2833 5309 Quarta,
2865 5260 3093 5308 mquam,
3134 5257 3261 5295 mtas

1735 5336 1967 5389 cootinet
1994 5351 2157 5387 annos
2186 5336 2327 5401 juxta
2360 5334 2601 5386 llcbrzeos
2647 5348 2884 5395 coLxxtt;
2919 5331 3052 5383 LXX
3103 5336 3262 5383 inter-

1738 5435 1908 5493 pretes
1941 5439 2013 5475 XII
2040 5423 2309 5491 adjiciunt.
2342 5426 2469 5474 Cum
2499 5437 2623 5487 ergo
2654 5425 2700 5473 itt
2724 5437 2940 5475 excursu
2968 5422 3159 5486 operis,
3190 5420 3254 5470 ad

1735 5516 2056 5569 nativitatem
2107 5528 2271 5578 usque
2319 5515 2518 5565 Domini
2570 5515 2851 5567 Salvatoris
2894 5512 3253 5580 pervenirem,

1736 5607 1805 5659 ita
1850 5603 2046 5671 scripsi.
2082 5603 2395 5658 Octavianus
2446 5605 2678 5671 regnavit
2724 5619 2888 5657 annos
2936 5618 3041 5656 ιιί.
3092 5602 3255 5670 Ilojus
