3862 6352
607 382 698 432 671

598 505 736 540 anno
768 502 900 550 uti,
948 488 1190 542 Dominus
1233 491 1462 541 nascitur
1488 532 1501 555 ,
1554 493 1823 557 completis
1870 494 1943 551 ab,
1964 492 2126 544 Adam
2157 496 2199 543 Α

600 576 751 628 annis
778 590 1052 637 uuucumt,
1089 577 1230 641 juxta
1271 579 1400 629 alios
1430 594 1791 633 unuuucmx.

675 665 793 715 llmc
839 674 958 716 sunt
1000 679 1113 730 quze
1141 666 1285 737 juxta
1330 667 1480 717 fidem
1528 682 1690 719 saera:
1726 669 1959 720 historia:
2002 671 2125 721 mihi

602 752 832 819 meisque
860 750 1201 822 [rogantibus]
1231 756 1449 806 strictim
1482 766 1531 806 et
1560 757 1881 821 simpliciter,
1926 767 1980 810 ιιι
2014 774 2127 811 cre-

603 841 705 891 didi
735 850 786 892 ct
826 844 961 893 sensi
983 882 997 905 ,
1028 843 1336 895 abbreviare
1365 846 1561 904 curavi,
1596 861 1917 912 nequaquam
1969 850 2125 899 chro-

606 928 869 993 ttograplto
898 938 999 980 tam
1031 932 1234 981 erudito
1262 934 1521 996 tanti~que
1547 932 1782 984 laudibus
1818 933 1973 1000 digno
1993 949 2126 987 cou-

601 1019 896 1079 tradicens,
934 1020 983 1070 itt
1034 1019 1114 1071 his
1153 1021 1401 1071 dutuaxat
1452 1022 1502 1071 itt
1557 1023 1742 1086 quibus
1792 1023 1903 1088 ipse
1938 1024 2129 1077 divina!

601 1108 880 1174 Scriptum
931 1109 1227 1161 contrarius
1284 1124 1382 1161 non
1435 1118 1535 1161 est.
1582 1110 1676 1174 Qui
1729 1126 1845 1163 cum
1902 1113 1951 1163 in
1999 1112 2131 1165 libro

601 1197 889 1259 'E'iarrloﬁg,
939 1198 1130 1263 virgam
1173 1197 1411 1265 Origenis
1459 1198 1862 1263 pertimescens,
1908 1214 2130 1265 genera-

611 1288 802 1337 tionem
832 1287 1023 1338 Cainan
1053 1285 1118 1337 de
1160 1286 1331 1337 medio
1360 1288 1581 1347 tolleret,
1612 1295 1664 1337 et
1708 1286 1984 1353 Evangelia
2029 1288 2132 1339 Lu-

604 1386 678 1423 ca:
708 1381 760 1424 et
808 1371 945 1423 LXX
992 1374 1189 1435 pariter
1232 1372 1601 1435 interpretibus
1647 1373 1799 1424 fidem
1842 1374 2131 1441 derogavit,

606 1476 893 1525 eorumque
923 1461 1247 1513 translationi
1276 1475 1410 1513 cxxx
1440 1476 1603 1512 annos
1632 1462 1812 1513 erasit.
1848 1460 1977 1512 Cum
2009 1477 2134 1515 vero

601 1549 1021 1614 generationibus
1050 1549 1113 1601 ad
1144 1549 1479 1602 Hebraeorum
1510 1551 1669 1603 libros
1709 1551 1990 1617 casrigatis,
2030 1566 2131 1603 non

603 1649 751 1700 mque
794 1652 1066 1689 numerum
1115 1651 1368 1687 annorum
1415 1635 1560 1704 juxta
1592 1636 1801 1689 eosdem
1856 1638 2134 1690 emendare

603 1734 828 1787 curaret,
861 1724 910 1775 in
952 1737 1152 1776 summa
1197 1740 1303 1777 su;e
1335 1727 1741 1792 computationis
1792 1725 1999 1777 illorum
2045 1742 2132 1779 se-

606 1814 732 1866 tiem
762 1828 967 1868 ccxxxtt
1011 1816 1162 1866 annis
1201 1816 1459 1879 excessit,
1508 1816 1688 1881 sicque
1720 1824 1955 1869 tteutratn
1996 1819 2131 1869 viam
2164 1795 2208 1851 Β

604 1902 907 1965 observans,
940 1903 1051 1969 ipse
1082 1918 1179 1968 qua
1210 1904 1369 1957 voluit
1401 1905 1633 1959 incessit.

679 1992 729 2043 ltt
756 1992 915 2057 prima
944 1994 1135 2060 quippe
1161 2003 1213 2045 et
1244 1992 1468 2046 secunda
1511 2003 1665 2046 astate
1702 1994 1913 2055 nostris,
1942 1993 1990 2045 id
2034 2002 2132 2057 est,

601 2078 667 2128 de
710 2079 925 2132 llebraro
973 2080 1112 2133 fonte
1159 2081 1455 2143 transfusis,
1500 2080 1902 2148 Graecorumque
1930 2082 2137 2135 Codici-

605 2167 719 2229 lms,
752 2166 1045 2233 huiusmodi
1074 2169 1423 2235 discrepantia
1469 2170 1625 2247 inest,
1670 2170 1789 2247 quia
1820 2172 1979 2238 (sicut
2011 2172 2136 2225 Ilie-

608 2256 873 2321 runymus,
906 2270 1067 2307 sacrae
1099 2258 1358 2323 interpres
1389 2258 1639 2323 historiae,
1674 2240 1727 2312 in
1754 2262 1896 2313 libris
1923 2262 2135 2314 llebrai-

602 2358 779 2394 carum
808 2343 1162 2407 Quaastionutn
1212 2346 1396 2413 refert)
1440 2355 1715 2412 antequam
1757 2348 1998 2415 gignatur
2044 2350 2131 2415 qui

606 2433 743 2500 gigni
784 2446 1121 2499 memoratur,
1158 2438 1328 2489 minus
1360 2438 1547 2490 vixisse
1573 2438 1710 2506 apud
1756 2438 2004 2492 Hebraeos
2046 2454 2136 2507 pa-

604 2531 682 2574 ter
712 2524 969 2577 invenitur
992 2535 1195 2578 centum
1224 2541 1390 2578 annos
1426 2543 1439 2589 ;
1470 2527 1560 2578 sed
1585 2537 1917 2593 posteaquam
1942 2538 2025 2581 est
2047 2543 2136 2595 ge-

606 2612 743 2665 nitus
794 2614 927 2666 idem
979 2616 1073 2681 ipsi
1118 2617 1287 2668 minus
1341 2627 1550 2669 centum
1600 2633 1751 2684 quant
1800 2619 1851 2671 in
1902 2619 2134 2672 llebrzeis

606 2704 941 2755 inveniuntur
974 2704 1023 2754 in
1064 2703 1295 2757 Crtecis:
1329 2715 1484 2771 atque
1514 2707 1582 2757 ita
1618 2707 1895 2772 utrobique
1931 2706 2135 2760 numeri

607 2793 915 2846 universitas
947 2806 1215 2847 consonat.
1243 2796 1339 2847 Per
1370 2796 1502 2848 hanc
1533 2804 1705 2847 autem
1743 2796 2127 2863 corruptionem

605 2880 899 2933 Crzecorum
947 2880 1196 2934 Codicum
1236 2884 1468 2936 exoritur
1498 2885 1582 2935 illa
1612 2883 1957 2938 famosissima
1990 2902 2132 2953 quac-

607 2969 730 3030 stio,
761 2971 845 3021 tibi
868 2970 1201 3025 Mathusaletn
1230 2988 1314 3024 xw
1339 2974 1489 3025 anuis
1520 2974 1711 3025 vixisse
1743 2984 1857 3039 post
1883 2975 2135 3028 diluvium

605 3068 963 3120 eomputatttr,
1005 3074 1121 3111 cum
1168 3072 1368 3114 certum
1415 3062 1481 3114 sit
1519 3062 1654 3128 apud
1693 3062 1942 3116 Hebraeos
1972 3065 2133 3117 Codi-

604 3158 692 3193 ces
720 3144 900 3197 eodem
929 3162 1067 3197 anno
1092 3147 1271 3200 diluvii
1299 3166 1415 3202 cum
1450 3150 1609 3203 fuisse
1638 3152 1959 3204 defunctum.

675 3232 822 3298 Quod
870 3236 915 3287 si
956 3236 1147 3300 aliquis
1174 3238 1365 3291 dixerit
1394 3239 1657 3291 Hebraeos
1688 3240 2056 3307 lihros,postea
2108 3255 2134 3292 a

602 3321 797 3375 Iudaeis
841 3338 958 3377 esse
1000 3325 1234 3391 falsatos,
1276 3343 1471 3397 eOSqne
1513 3330 1633 3381 dum
1670 3333 1864 3383 nostris
1904 3332 2136 3384 invident

608 3413 1004 3468 auctoritatibus
1046 3415 1142 3467 sibi
1174 3417 1452 3471 abstulisse
1496 3419 1793 3483 veritatem,
1819 3420 1997 3473 audiat
2022 3422 2134 3473 Ori-

607 3514 791 3565 geuem
842 3503 965 3568 quid
1008 3504 1056 3555 iti
1106 3506 1325 3571 septimo
1373 3506 1685 3577 [volumine]
1715 3510 2138 3575 explanationunt

608 3588 773 3653 lsaim,
819 3592 936 3645 huic
973 3597 1242 3660 respmidit
1275 3600 1688 3663 qutestiuneulm,
1714 3602 1847 3666 quod
1878 3616 2139 3668 nunquam

610 3680 856 3733 Dominus
885 3693 937 3735 et
982 3686 1248 3750 Apouoli,
1282 3688 1367 3754 qui
1406 3699 1596 3741 caetera
1642 3692 1857 3743 crimina
1909 3700 2137 3759 arguunt

608 3770 660 3819 in
700 3770 896 3824 Scribis
937 3782 989 3826 et
1020 3774 1292 3829 Pliariszeis
1316 3816 1333 3843 ,
1364 3778 1428 3831 de
1470 3778 1567 3832 hoc
1595 3781 1834 3843 crimine,
1860 3784 1997 3849 quod
2030 3792 2144 3835 erat

613 3861 891 3915 maximum
918 3905 932 3927 ,
967 3866 1314 3919 reticuissem.
1360 3868 1551 3921 Audiat
1576 3870 1865 3937 Josephutn
1896 3870 2143 3926 historio-

610 3954 858 4017 graphutn
888 3952 1210 4014 .ludteorum,
1242 3956 1328 4022 qui
1361 3958 1409 4009 in
1438 3962 1604 4024 primo
1628 3960 1757 4013 libro
1785 3960 2143 4033 ’Λρχαιότητος

608 4041 854 4092 adversus
878 4042 1128 4107 Apionetn
1161 4043 1567 4099 Grammaticum
1592 4050 1828 4102 scribens
1848 4090 1863 4115 ,
1889 4060 2069 4117 aperte
2092 4060 2145 4105 et

612 4130 777 4181 lucide
810 4133 1138 4195 monstravit,
1180 4144 1231 4185 et
1262 4136 1513 4189 minorem
1557 4152 1813 4190 annorum
1860 4155 2138 4193 numerum

608 4231 724 4268 esse
756 4231 1010 4279 veraccm,
1048 4228 1099 4272 et
1128 4234 1450 4288 nequaquam
1492 4220 1814 4292 Scripturatn
1845 4235 2079 4279 sanctam
2110 4240 2139 4277 a

610 4302 907 4356 Judtcorum
939 4317 1094 4373 gente
1119 4322 1237 4360 esse
1266 4308 1525 4362 falsatum.

679 4395 855 4462 Neque
900 4398 1055 4463 igitur
1094 4398 1379 4465 (inquiens)
1411 4398 1681 4452 innumera
1722 4400 1860 4469 apud
1912 4416 2005 4454 nos
2050 4402 2143 4455 ba-

609 4487 801 4539 bentur
828 4489 1091 4539 volumina
1135 4489 1271 4541 inter
1297 4504 1354 4541 se
1392 4491 1610 4545 invicem
1640 4492 1991 4547 discordantia
2013 4511 2027 4559 ;
2049 4497 2140 4549 sed

609 4576 712 4627 duo
762 4585 959 4629 tantum
990 4586 1042 4629 et
1080 4578 1257 4645 viginti
1294 4590 1415 4633 sunt
1458 4582 1573 4634 libri
1602 4584 1688 4650 qui
1719 4585 1954 4636 omnium
2002 4596 2138 4637 tem-

613 4680 793 4730 porum
823 4667 1009 4719 serietn
1040 4668 1328 4735 continent,
1355 4670 1437 4737 qui
1461 4681 1513 4722 et
1534 4671 1674 4736 juste
1700 4672 1986 4725 creduntur
2014 4674 2147 4727 divi-

613 4756 750 4805 nitus
778 4754 1032 4820 inspirati.
1063 4756 1134 4808 Ex
1163 4758 1349 4822 quibus
1373 4758 1601 4824 quinque
1629 4769 1749 4812 sunt
1778 4761 1895 4811 libri
1950 4760 2143 4828 Moysi,

610 4843 935 4895 continentes
960 4845 1119 4913 leges,
1150 4847 1267 4899 vita:
1295 4858 1346 4900 et
1372 4848 1719 4901 successionis
1750 4850 1989 4903 humanae
2017 4865 2143 4917 pro-

617 4932 813 4997 sapiam
858 4948 1021 4998 usque
1070 4934 1133 4987 ad
1189 4935 1348 4999 ipsius
1404 4937 1567 5005 Moysi
1616 4941 1893 4991 terminum
1938 4950 2148 5006 proten-

614 5019 817 5083 dcntcs,
849 5021 933 5087 qui
963 5023 1114 5088 paulo
1143 5024 1312 5076 minus
1338 5025 1402 5077 ad
1432 5027 1527 5077 tria
1559 5028 1718 5078 millia
1743 5043 1997 5082 annorum
2021 5043 2147 5082 eon-

615 5112 883 5164 tinentiant
914 5124 1118 5181 gerunt.
1155 5116 1214 5167 lit
1244 5125 1357 5181 post
1406 5130 1588 5182 pauca.
1621 5117 1796 5169 Rebus
1825 5119 1980 5185 igitur
2023 5120 2148 5187 ipsis

616 5210 822 5252 constat
870 5218 1022 5267 quam
1073 5219 1166 5256 nos
1212 5205 1582 5258 venerabiliter
1630 5216 1837 5258 utamur
1862 5209 2149 5278 Scripturis

614 5293 827 5343 nosuis.
861 5292 985 5344 Nam
1016 5308 1132 5345 cum
1163 5302 1238 5346 tot
1267 5296 1454 5347 sateula
1500 5296 1893 5349 intercesserint
1916 5338 1930 5359 ,
1981 5314 2149 5366 neque

615 5382 812 5435 addere
852 5384 967 5451 quis
998 5400 1223 5462 unquqnt
1249 5429 1264 5453 ,
1298 5402 1467 5453 neque
1506 5386 1733 5450 auferre,
1761 5396 1850 5438 aut
1889 5396 2007 5454 post
2036 5404 2149 5439 mtt-

624 5482 733 5524 tare
760 5474 880 5537 quid
913 5488 1068 5525 ausus
1094 5484 1204 5536 est;
1243 5476 1332 5528 sed
1361 5477 1602 5527 omnibus
1631 5478 1804 5541 gentis
1838 5485 2027 5529 nostra:
2053 5478 2150 5528 ho-

620 5562 843 5615 minibus
885 5565 1033 5615 insita
1065 5565 1175 5618 lucc
1204 5566 1585 5630 quodammodo
1618 5574 1777 5639 atque
1810 5566 2033 5632 ingenita
2084 5564 2146 5616 fi-

618 5646 710 5699 des
738 5660 836 5716 est,
869 5654 1081 5706 credere
1107 5655 1215 5707 haec
1245 5654 1329 5707 Dei
1358 5670 1475 5708 esse
1500 5655 1755 5717 consulta,
1780 5663 1831 5707 et
1855 5654 1934 5706 his
1954 5653 2149 5721 jugiter

2166 3113 2211 3175 C

1293 380 1488 433 BEDJ‘I
1528 380 1968 435 VENERABILIS
2006 378 2154 433 Ol‘l‘.
2195 376 2364 431 PARS
2401 378 2485 431 ΙΙΙ.
2522 405 2592 419 --
2629 376 3091 463 PABASNETICA.

2173 4417 2339 4497 Dper
2393 4403 2701 4466 interpretes
2752 4398 2881 4452 facta
2938 4398 3226 4451 translatio.
3283 4396 3423 4463 Lege
3474 4386 3739 4481 libratude

2209 4487 2461 4541 fCivitate
2512 4488 2599 4540 Det
2654 4501 2765 4538 xv:

3764 4550 3771 4559 ι

3766 4630 3777 4639 ι

3422 5515 3740 5622 νάηζηζςιᾲηι
3779 5515 3822 6240 l

3442 5655 3489 5696 et
3506 5647 3673 5711 factum
3686 5648 3736 5688 ru

3656 372 3727 426 ὗῖὶ

2231 488 2509 555 inita-rere,
2538 504 2599 541 ac
2631 505 2722 555 pro
2753 491 2875 555 ipsis
2921 491 2985 557 (si
3016 489 3084 544 ita
3117 501 3202 539 res
3235 488 3565 553 poposcerit)
3607 490 3727 539 hic.

2230 587 2306 629 ter
2332 580 2555 629 animum
2589 593 2797 643 ponere.

2298 670 2407 719 Aud
2433 680 2484 720 at
2515 670 2717 721 beatum
2756 670 3128 737 Hieronymum
3153 712 3165 733 ,
3212 672 3352 737 quod
3386 684 3495 719 non
3531 668 3730 719 llehrm.

2227 758 2317 806 sed
2362 759 2569 809 (lucens
2607 758 2823 810 Codices
2851 762 2983 810 dicat
3014 774 3131 810 esse
3174 759 3419 809 falsatos.
3464 758 3593 807 Cum
3630 775 3731 808 ωηεν

2234 846 2396 897 Verba
2431 848 2635 898 fiierutn
2682 848 3009 912 interpretari
3055 859 3355 916 cogeretur,
3394 848 3469 897 ita
3522 847 3616 898 hoc
3640 862 3733 909 opus

2228 935 2486 985 eattsando
2528 936 2766 999 prmfatns
2806 946 2903 987 est.
2937 936 2989 987 Si
3024 937 3362 1001 Septuaginta
3416 936 3727 998 interpretum

2234 1035 2377 1085 pura,
2408 1032 2458 1071 et
2501 1032 2554 1072 ut
2580 1024 2644 1073 ab
2672 1023 2747 1073 eis
2788 1022 2837 1073 iu
2878 1023 3115 1075 Grtrcum
3148 1038 3299 1075 versa
3339 1034 3427 1074 est
3461 1022 3631 1073 Editio
3653 1037 3735 1088 per.

2231 1114 2480 1197 maneret,
2512 1110 2772 1172 superﬂue
2802 1111 2892 1177 (ini
2923 1110 3209 1172 Chromati,
3241 1112 3620 1176 episcoporum
3640 1128 3733 1163 sati-

2230 1196 2461 1247 etissime
2486 1206 2639 1259 atque
2659 1199 2979 1263 doctissime)
3003 1199 3327 1263 impelleres,
3352 1208 3411 1249 ut
3436 1197 3530 1248 tibi
3561 1196 3734 1250 "(be

2232 1283 2492 1334 volumina
2524 1282 2703 1334 Latino
2731 1298 2972 1336 sermone
3020 1284 3389 1338 transferrem.
3441 1282 3592 1347 Quod
3624 1287 3731 1335 enim

2232 1372 2391 1421 semel
2458 1385 2613 1422 aures
2672 1370 2936 1423 hominum
2983 1384 3355 1438 occupaverat,
3408 1381 3468 1423 ct
3515 1376 3738 1424 nascentis

2234 1459 2478 1511 Ecclesia:
2508 1460 2843 1512 roboraverat
2873 1462 3027 1512 fidem
3074 1462 3274 1526 justum
3328 1470 3450 1514 erat
3498 1470 3547 1511 et
3595 1470 3736 1513 ιιίιειιο

2233 1548 2439 1600 silentio
2484 1548 2833 1614 comprobari.
2880 1548 3023 1601 Nunc
3055 1564 3179 1601 vero
3206 1565 3326 1602 eum
3371 1564 3474 1615 pro
3526 1550 3734 1600 varietate

2234 1638 2502 1701 regionum
2554 1638 2757 1690 diversa
2792 1641 3023 1692 ferantur
3066 1639 3412 1705 exemplaria,
3448 1647 3505 1690 et
3529 1652 3737 1703 germana

2237 1724 2319 1775 illa
2350 1728 2667 1792 antiquaque
2698 1726 2969 1778 translatio
3000 1736 3242 1792 cotrupla
3273 1726 3346 1777 sit
3371 1735 3537 1790 atque
3567 1726 3736 1784 violata,

2238 1812 2421 1865 nostri.
2448 1813 2647 1864 arbitrii
2698 1824 2867 1878 putas,
2911 1825 2999 1865 aut
3048 1828 3079 1866 e
3109 1813 3347 1880 pluribus
3366 1811 3609 1879 judicare
3645 1818 3735 1877 quid

2237 1913 2415 1951 verum
2442 1899 2528 1961 sit,
2560 1912 2649 1951 aut
2683 1917 2873 1953 novum
2904 1916 3034 1966 opus
3062 1902 3114 1953 iit
3144 1902 3306 1953 veteri
3354 1914 3523 1966 opere
3552 1901 3733 1959 cudere,

2236 1995 2288 2036 et
2316 1997 2527 2049 ca-Iet'a,
2551 1988 2736 2051 quibus
2763 1989 3001 2041 eumdem
3032 2002 3241 2040 sensum
3270 1988 3430 2040 latius
3451 1991 3734 2053 eXs’equinu.

2234 2077 2393 2141 Cujus
2422 2079 2694 2129 sententize
2736 2078 2892 2132 etiam
2946 2080 3131 2132 beatus
3176 2080 3402 2131 antiStes
3454 2081 3734 2144 Augustinus

2236 2165 2480 2227 concinit,
2529 2178 2581 2217 et
2629 2166 2739 2231 ipse
2791 2181 3013 2233 namque
3056 2181 3174 2220 cum
3222 2167 3377 2234 hujus
3408 2167 3736 2230 discrepantia:

2234 2269 2464 2319 causam,
2508 2270 2673 2323 neque
2700 2258 2909 2311 tttaiilia‘,
2933 2258 3247 2321 Iuda-orum,
3304 2273 3483 2326 neque
3514 2258 3643 2310 LXX
3678 2260 3735 2311 inc

2236 2353 2538 2410 terpretum,
2569 2346 2656 2410 qui
2685 2355 2738 2397 et
2780 2346 2875 2410 ipsi
2912 2345 3076 2398 Judzei
3119 2356 3288 2409 erant,
3319 2347 3494 2400 errori
3525 2348 3600 2397 vel
3636 2348 3735 2397 inn-

2238 2432 2427 2485 tientia:
2458 2433 2705 2501 voluisset
2745 2425 3008 2486 ascribere
3059 2434 3148 2501 (ne
3190 2446 3324 2501 quos
3367 2433 3497 2485 alibi
3529 2448 3617 2499 per
3656 2448 3730 2484 ut

2235 2524 2450 2575 cellulas
2503 2538 2606 2575 uno
2632 2523 2917 2576 divinitatis
2948 2522 3141 2589 Spiritu
3171 2523 3495 2591 repleverat,
3530 2526 3617 2575 hos
3651 2538 3734 2589 pas-

2236 2612 2332 2663 sim
2361 2623 2599 2678 argueret
2628 2612 2918 2681 falsitatis);
2948 2614 3043 2666 hoe
3072 2614 3267 2666 invenit
3314 2626 3372 2666 ut
3405 2614 3627 2667 diceret.

2304 2700 2607 2755 Credibilius
2645 2716 2770 2767 ergo
2805 2704 2919 2769 quis
2955 2702 3175 2764 dixerit,
3242 2717 3361 2754 cum
3417 2704 3632 2769 primum
3679 2700 3729 2753 de

2239 2790 2558 2842 Bibliotheca
2603 2790 2872 2843 Ptolemwi
2912 2790 3132 2843 describi
3173 2789 3268 2841 ista
3306 2799 3610 2853 coeperunt,
3645 2800 3735 2841 tunc

2235 2877 2425 2944 aliquid
2478 2877 2578 2930 tale
2627 2878 2739 2930 fieri
2771 2878 3003 2944 potuisse
3050 2879 3101 2929 in
3150 2877 3346 2930 Codice
3394 2893 3533 2940 uno,
3580 2877 3736 2929 scilicet

2238 2966 2474 3032 primitus
2512 2966 2631 3018 inde
2666 2966 2965 3030 descripto,
3016 2965 3150 3018 unde
3197 2965 3305 3032 jam
3357 2966 3515 3019 latins
3567 2980 3735 3016 eniam-

2242 3062 2357 3113 ret,
2414 3054 2497 3105 ubi
2552 3056 2718 3119 potuit
2763 3054 2973 3121 quidem
3020 3054 3256 3107 accidere
3306 3055 3464 3107 etiam
3512 3054 3737 3118 scriptori:

2241 3157 2407 3193 error.
2436 3142 2536 3193 Sed
2567 3143 2664 3194 hoe
2695 3142 2745 3194 itt
2777 3143 2863 3195 illa
2891 3142 3181 3209 quaestione
3208 3143 3275 3195 de
3303 3142 3405 3195 vita
3439 3143 3735 3195 Mathusaletn

2242 3247 2345 3284 non
2396 3232 2681 3295 absurdum
2732 3241 2812 3285 est
2858 3232 3133 3299 suspicari.
3176 3232 3241 3283 Et
3279 3232 3436 3297 paulo
3474 3230 3737 3298 postzb'am

2239 3324 2394 3375 etiam
2436 3338 2570 3376 nunc
2607 3323 2820 3390 (inquit)
2861 3324 2947 3375 ubi
2988 3323 3193 3375 numeri
3233 3338 3338 3375 non
3377 3322 3574 3373 faciunt
3608 3323 3738 3371 inten-

2244 3426 2347 3466 tum
2378 3415 2440 3465 ad
2470 3415 2665 3482 aliquid
2696 3415 2833 3482 quod
2866 3412 3018 3467 facile
3049 3419 3213 3482 possit
3244 3414 3497 3477 intelligi,
3528 3414 3603 3464 vel
3634 3412 3738 3478 quod

2240 3511 2488 3567 appareat
2519 3502 2714 3554 utiliter
2743 3502 2905 3562 disci,
2937 3511 2991 3555 et
3022 3502 3345 3569 negligenter
3389 3500 3735 3553 describuntur.

2242 3603 2294 3646 et
2326 3591 2670 3658 negligentius
2701 3591 3066 3645 emendantur.
3092 3592 3234 3655 {Quis
3262 3591 3398 3641 enim
3430 3590 3530 3642 sibi
3557 3598 3739 3641 aestimet

2242 3697 2360 3735 esse
2434 3682 2736 3735 discendum
2810 3692 2941 3749 quot
3036 3682 3196 3733 millia
3272 3680 3539 3732 hominum
3611 3680 3739 3729 tribus

2244 3772 2399 3824 Israel
2447 3772 2710 3840 sigillatim
2758 3772 2949 3825 habere
2995 3780 3271 3838 potuerunt
3292 3771 3323 3823 ?.
3363 3772 3604 3838 quoniam
3643 3782 3738 3834 pra-

2243 3861 2394 3915 desse
2422 3861 2613 3929 aliquid
2647 3876 2749 3913 non
2781 3870 3010 3928 putatur.
3044 3848 3169 3913 item
3202 3869 3321 3927 post
3351 3862 3627 3926 aliquanta.
3659 3855 3738 3910 Sed

2244 3951 2503 4016 quomodo
2555 3949 2680 4001 libet
2732 3948 2869 4001 istud
2920 3948 3231 4016 accipiatur,
3283 3959 3425 3999 recte
3480 3946 3588 3999 fieri
3629 3945 3740 3996 nullo

2246 4043 2400 4094 modo
2453 4041 2830 4105 dubitaverim,
2892 4050 2947 4094 ut
2996 4056 3115 4094 cum
3169 4039 3433 4091 diversum
3484 4036 3663 4101 aliquid
3702 4036 3739 4085 in

2246 4135 2479 4201 utrisque
2514 4133 2796 4187 Codicibus
2836 4132 3117 4193 invenitur,
3151 4129 3574 4197 quandoquidem
3608 4128 3663 4203 ad
3695 4130 3736 4177 ll-

2246 4222 2363 4275 dem
2403 4238 2576 4275 rerum
2614 4232 2876 4290 gestarum
2906 4230 3187 4302 utrumque
3213 4234 3463 4313 esseﬁnon
3496 4227 3655 4284 potest
3676 4229 3742 4267 re-

2246 4330 2389 4375 rum,
2420 4315 2467 4366 ei
2498 4312 2888 4382 linguae-potius
2925 4289 3191 4374 credatur,
3224 4282 3497 4377 dmfélest
3534 4311 3593 4383 in,
3616 4308 3739 4359 aliam

2319 4594 2336 4626 ι
2369 4577 2546 4644 Neque
2587 4577 2724 4628 enim
2765 4574 2872 4627 ullo
2910 4560 3347 4626 madoi'audiendi
3388 4580 3547 4632 sont,
3576 4574 3650 4637 qui
3674 4584 3741 4643 μισ
3766 4630 3777 4639 _

2247 4674 2356 4718 tant
2399 4666 2549 4718 aliter
2594 4678 2759 4717 annos
2803 4664 2907 4717 illis
2951 4660 3274 4731 temporibus
3320 4673 3664 4729 computata.
3700 4658 3737 4708 Μ

2245 4765 2358 4819 est,
2410 4762 2569 4808 tantae
2616 4754 2916 4815 brevitatis,
2969 4763 3025 4805 ut
3072 4768 3205 4805 unus
3254 4768 3425 4805 annus
3457 4768 3487 4803 ι
3520 4753 3628 4803 illos
3666 4750 3737 4799 in-

2246 4846 2417 4898 buisse
2443 4844 2703 4907 credatur,
2736 4861 2755 4894 ι
2790 4840 3001 4896 tricenis
3030 4842 3049 4909 (
3074 4840 3316 4894 videlicet
3340 4842 3358 4907 )
3388 4841 3627 4909 sertisque
3650 4836 3735 4890 dir-

2256 4934 2351 4984 hus
2400 4933 2703 4983 terminatos
2753 4930 3110 4999 (argumento
3160 4938 3401 4995 utentes,
3451 4930 3587 4997 quod
3638 4926 3738 4993 apti

2247 5026 2521 5089 plerosque
2550 5024 2832 5089 scriptores
2873 5021 3105 5075 historia:
3145 5022 3433 5086 reperitur,
3479 5025 3737 5072 Acarnanas

2246 5126 2335 5165 sex
2360 5114 2638 5175 mensium,
2670 5112 2900 5165 Arcadas
2926 5112 3100 5173 trium,
3130 5109 3407 5176 Egyptios
3428 5106 3737 5183 quammin-

2249 5200 2419 5251 buisse
2448 5214 2669 5263 annum,
2713 5208 2767 5252 et
2807 5199 2948 5265 ipsos
2987 5198 3264 5266 aliquando
3303 5199 3466 5251 etiam
3496 5196 3738 5249 Lunata:

2246 5306 2436 5342 annum
2474 5306 2628 5343 suum
2661 5291 2912 5344 limitasse
2935 5290 2953 5358 )
2979 5331 2995 5355 ,
3025 5293 3277 5359 quoniam
3324 5289 3615 5356 huiusmodi
3648 5300 3737 5339 που

2248 5392 2359 5428 sum
2400 5379 2505 5443 ipsa
2548 5377 2814 5441 Scriptura
2855 5379 3023 5443 palam
3062 5378 3303 5431 destruit.
3348 5376 3445 5429 Ubi
3485 5391 3599 5430 cum
3627 5375 3736 5443 juxta

2249 5464 2493 5517 Hebraeos
2542 5464 2782 5529 legatur:
2824 5464 3054 5533 Vixitque
3100 5466 3262 5517 Adam
3310 5465 3461 5517 amis
3508 5479 3673 5523 cut,
3706 5470 3737 5510 tl

2248 5554 2412 5623 genuit
2441 5553 2592 5616 Sella,
2622 5562 2665 5604 et
2696 5554 2813 5619 [acti
2840 5564 2954 5605 sunt
2996 5554 3101 5605 dies
3126 5552 3286 5604 Adam
3315 5566 3579 5622 postquam
3616 5551 3740 5619 gul“

2252 5643 2368 5697 Selii
2410 5656 2535 5696 DCCC
2584 5643 2737 5707 muti,
2770 5651 2814 5695 ει
2835 5644 3000 5709 genuit
3023 5642 3151 5707 filios
3180 5651 3225 5693 et
3249 5642 3410 5709 ﬁlias,
3442 5647 3736 5711 etfaciam
