3862 6330
94 425 226 477 673

1302 417 1485 471 8ΕΟΤ.
1529 416 1611 469 ιν.
1658 443 1722 452 -
1764 411 2123 464 EI‘ISTOLAZ.

3180 406 3276 458 074

94 551 272 585 ontne
303 545 495 597 tempus
524 531 656 596 quod
684 532 801 583 vixit
841 530 997 581 Adam
1018 530 1136 580 armi
1156 544 1351 594 cuiu,
1373 538 1417 580 et
1438 537 1658 579 mortuus
1688 528 1733 581 Λ
1762 538 1910 587 esse,
1942 532 1995 575 et
2018 523 2161 590 juxta
2192 522 2366 574 nescio
2394 522 2542 586 cujus
2587 517 2818 572 lttcretici
2867 518 3050 571 librum
3071 558 3085 582 ,
3126 532 3278 586 quem

97 634 229 687 est,
278 623 421 677 LXX
459 624 697 674 dixerunt
729 635 741 670 :
787 618 849 669 Et
886 608 1003 669 vixit
1045 619 1205 668 Adam
1234 632 1398 669 ccxxx
1429 615 1572 665 armis
1610 622 1654 665 et

98 714 295 778 genuit
345 711 501 773 Sella,
546 722 590 762 et
635 713 831 778 [uerunt
880 708 983 758 dies
1026 710 1135 773 ejus
1183 714 1440 771 postquam
1488 704 1655 771 genuit

99 798 250 851 Selii
286 813 383 851 ccc
411 798 564 860 anni,
598 807 644 849 et
674 807 893 847 mortuus
922 805 1011 847 est.
1058 795 1122 845 Et
1158 793 1275 846 facti
1320 801 1441 844 sunt
1474 806 1654 843 ontnes

99 887 233 939 dies
268 887 422 953 ejus,
451 901 621 939 cuxxx
653 884 773 937 anni
796 925 809 944 .
840 892 893 937 et
930 894 1113 935 caetera
1155 884 1205 933 in
1247 882 1383 933 hunc
1424 882 1653 932 modum.

97 975 256 1037 Quid
293 976 476 1027 enim?
506 974 739 1041 Nunquid
770 972 823 1024 itt
853 973 1013 1037 prima
1062 982 1204 1036 parte
1246 969 1493 1037 cujusque
1538 984 1653 1019 ver-

101 1064 276 1116 siculi
323 1063 587 1116 breviores
631 1076 825 1121 annos.
869 1061 919 1112 iu
962 1060 1131 1112 medio
1172 1058 1422 1123 majores,
1465 1058 1513 1108 in
1558 1058 1655 1107 [tne

109 1162 419 1215 posuerunt
446 1150 714 1216 atquales?
742 1148 877 1216 quod
918 1156 971 1200 et
1009 1149 1177 1199 lacere
1216 1146 1438 1208 erroris,
1484 1156 1535 1196 et
1578 1144 1653 1197 vel

102 1239 412 1304 suspicari,
446 1240 682 1293 stultitiae
704 1247 808 1291 est.

185 1327 449 1379 Mirantur
501 1328 656 1393 aliqui
713 1341 874 1391 quare
928 1334 1100 1377 tantus
1157 1333 1361 1389 tamque
1418 1321 1657 1389 egregius

104 1426 325 1470 sancta
375 1418 629 1482 interpres
676 1416 955 1482 Scriptura:
1006 1410 1391 1480 Hieronymus,
1441 1415 1506 1465 de
1555 1427 1656 1477 quo

104 1504 353 1575 diczum,
383 1512 434 1556 et
460 1505 574 1571 jure
602 1505 790 1556 dictum
821 1512 898 1553 est
923 1519 934 1552 :

242 1612 525 1672 Jeronyme,
553 1615 794 1671 interpres
812 1610 955 1656 variis
978 1588 1245 1655 tiOfiiSSlme
1272 1606 1470 1672 linguis,

239 1673 319 1722 'l‘e
338 1667 624 1721 BeUtIehem
646 1667 876 1726 celebrat,
903 1683 949 1716 te
974 1675 1100 1715 totus
1124 1676 1347 1726 personat
1366 1667 1526 1724 orbis;

109 1790 291 1843 quare
321 1777 343 1845 (
368 1775 573 1841 inquam
598 1773 615 1841 )
646 1772 865 1825 noluerit
894 1770 977 1823 ille
997 1810 1011 1832 ,
1042 1785 1159 1822 cum
1193 1768 1377 1820 Iihrum
1410 1765 1653 1818 transfer-

1750 623 1834 661 me
1879 624 2095 675 puerum
2144 608 2353 660 memini
2398 605 2609 674 antiquo
2656 607 2793 673 style
2834 606 3151 673 descriptum
3202 608 3280 658 vi-

1750 697 1887 748 disse
1907 735 1923 759 ,
1951 698 2085 749 diem
2113 696 2317 763 quidem
2346 705 2400 749 et
2426 696 2603 748 horam
2627 695 2804 762 judicii
2834 697 3053 759 nesciri,
3085 711 3277 749 annum

1751 796 1875 835 vero
1900 792 2047 847 putes
2070 783 2135 834 ab
2157 782 2451 835 hominibus
2478 795 2629 848 posse
2651 781 2899 848 przesciri,
2927 795 2993 833 eo
3018 781 3153 848 quod
3182 782 3279 833 Dn-

1751 869 1921 921 miuus
1949 870 2137 921 dixerit
2163 888 2174 920 :
2208 868 2281 920 De
2307 869 2387 919 die
2414 878 2581 921 autem
2607 868 2699 920 illa
2727 876 2774 921 et
2816 868 2938 919 hora
2982 884 3123 920 nemo
3151 869 3276 929 scit,

1752 973 1853 1009 non
1882 968 2052 1010 autem
2082 958 2273 1010 dixerit
2299 957 2365 1010 de
2393 971 2531 1010 anno
2558 973 2571 1020 ;
2621 966 2675 1010 et
2702 972 2820 1010 cum
2855 971 3032 1009 rursus
3079 957 3229 1009 aierit
3262 977 3271 1006 :

1754 1043 1873 1095 Non
1912 1055 1982 1097 est
2020 1054 2233 1097 vestrum
2258 1061 2399 1097 nosse
2444 1054 2663 1110 tempora
2692 1048 2769 1096 vel
2801 1056 3080 1109 momento,
3111 1060 3277 1113 neque

1753 1132 1857 1185 illic
1872 1134 2160 1199 adjunxerit
2179 1149 2362 1188 annos.
2388 1135 2480 1187 Hic
2500 1134 2689 1188 etenim
2718 1136 3143 1202 cltronngraphus
3173 1136 3279 1185 ha:—

1752 1223 2041 1274 resiarches
2070 1232 2303 1276 astruere
2331 1224 2590 1276 nitebatur
2617 1224 2751 1288 quod
2798 1233 2919 1275 ante
2961 1208 3277 1275 incarnatio-

1754 1324 1870 1361 nem
1915 1309 2120 1361 Domini
2162 1310 2386 1377 quinque
2423 1324 2680 1362 annorum
2721 1310 2879 1361 millia
2920 1320 2971 1361 et
3012 1310 3278 1375 quingt-nti

1754 1396 2084 1463 trinsierint,
2114 1413 2176 1451 ac
2205 1399 2398 1452 deinde
2433 1398 2497 1450 ad
2537 1400 2675 1451 diem
2716 1412 2879 1464 usque
2912 1398 3087 1465 judicii
3128 1396 3277 1464 quin-

1753 1486 1892 1552 genti
1936 1496 2106 1541 tameu
2146 1495 2517 1553 superessent,
2560 1502 2591 1539 ε
2627 1487 2814 1554 quibus
2853 1500 2946 1540 ccc
2985 1494 3040 1539 et
3084 1484 3279 1551 aliquot

1752 1585 1907 1639 supra
1958 1576 2313 1641 praeterieram
2359 1561 2595 1641 tempore
2622 1588 2728 1641 quo
2777 1573 2889 1626 hate
2934 1572 3272 1627 deliberabat.

1756 1662 1918 1728 Hujus
1943 1665 2143 1717 numeri
2171 1677 2426 1717 summam
2456 1664 2638 1729 partim
2665 1661 2731 1714 de
2757 1660 2945 1714 Genesi
2966 1700 2981 1722 ,
3013 1657 3194 1727 partim
3216 1658 3283 1711 de

1757 1751 1886 1813 libro
1912 1751 2153 1805 Judicum
2183 1754 2517 1805 accumulans
2540 1791 2554 1813 ,
2587 1750 2676 1804 sed
2705 1758 2757 1803 et
2784 1748 3010 1801 Samueli
3054 1756 3111 1803 et
3143 1748 3283 1800 Sauli

116 1876 209 1921 ret
240 1829 619 1920 Cltrnnicornm
639 1903 655 1927 ,
685 1862 820 1930 quod
851 1876 1026 1914 verum
1071 1859 1134 1909 ab
1178 1857 1408 1910 llebrteis
1447 1853 1653 1907 didice-
1685 1829 1730 1887 Β
1757 1841 1833 1893 δῖε
1860 1840 2216 1908 quadragenos
2242 1854 2408 1893 annos
2437 1841 2692 1893 tribuens.
2721 1839 3143 1904 Argttmeutoque
3170 1844 3285 1888 ute-

114 1968 203 2007 rat
231 1997 245 2019 ,
284 1958 381 2007 hoc
409 1954 563 2005 etiam
596 1954 800 2003 tradere
832 1950 1046 2002 Latinis.
1089 1949 1457 2013 Quemcunque
1484 1952 1653 1995 autem

120 2046 232 2097 hoc
262 2046 521 2105 moverit,
550 2041 683 2093 scire
711 2040 863 2091 debet
890 2037 1007 2103 quia
1054 2036 1187 2087 sicut
1226 2034 1337 2098 ipse
1380 2033 1430 2083 in
1470 2032 1655 2084 eodem

112 2132 443 2198 'l‘emporum
495 2130 626 2180 libro
668 2125 912 2193 pra-fatus
969 2133 1076 2184 est,
1123 2122 1204 2173 vel
1247 2122 1504 2185 interpres
1540 2132 1657 2171 esse

119 2220 329 2281 voluit,
386 2218 467 2270 vel
525 2217 640 2267 nnvi
698 2214 874 2281 operis
924 2209 1183 2272 conditor,
1232 2216 1283 2259 et
1326 2209 1443 2273 quia
1484 2206 1657 2258 forsan

118 2307 379 2367 nolebat,
412 2306 496 2356 ubi
544 2317 743 2356 summa
788 2299 1069 2352 necessitas
1114 2310 1214 2349 non
1261 2295 1463 2355 inerat,
1514 2294 1657 2345 insa-

122 2394 382 2445 nientium
432 2392 484 2443 in
529 2406 585 2444 sc
634 2391 769 2442 nltro
821 2400 1103 2453 provocare
1152 2384 1382 2445 rabiem,
1434 2382 1659 2449 singula-

129 2482 265 2536 riter
310 2482 531 2550 posteris
576 2479 674 2530 hoc
717 2477 910 2544 negotii
956 2476 1277 2540 relinquere,
1309 2472 1444 2523 sicut
1474 2470 1659 2521 Eusto-

127 2572 266 2625 chia:
300 2569 481 2638 virgini
512 2569 733 2636 quodam
779 2568 894 2619 loco
935 2564 1089 2627 dicit,
1134 2560 1306 2614 radios
1349 2561 1556 2626 quidem
1602 2572 1659 2610 se

130 2672 187 2714 et
237 2660 352 2713 licia
400 2660 532 2713 velle
581 2672 796 2723 parare,
845 2655 960 2707 aliis
1006 2668 1129 2705 vero
1176 2666 1351 2704 curam
1398 2650 1659 2703 dimittere

138 2751 370 2803 texendi.
405 2748 604 2815 Quippe
631 2748 718 2815 qui
749 2748 799 2800 in
834 2755 937 2797 tam
968 2742 1259 2797 necessaria
1290 2740 1475 2793 divina:
1518 2737 1659 2791 Scri-

131 2850 302 2907 ptum
334 2840 669 2891 translatione
698 2851 828 2902 pene
854 2850 882 2887 a
914 2833 1108 2885 Latinis
1138 2830 1289 2883 simul
1334 2838 1387 2881 et
1431 2827 1657 2880 Hebraeis

129 2940 217 2983 est
247 2927 496 2995 lapidibus
523 2936 827 2993 oppressus.
859 2921 939 2974 Ab
970 2920 1197 2972 Hebraeis
1231 2918 1437 2985 quidem
1458 2954 1474 2978 ,
1517 2913 1655 2981 quod

135 3018 217 3071 eis
247 3015 490 3070 irridendi
517 3012 845 3067 Christianos
872 3018 925 3062 et
953 3005 1297 3061 calumniandi
1328 3018 1420 3071 pro
1447 3001 1655 3055 Codici-

134 3106 235 3157 bus
281 3102 541 3156 mendosis
583 3100 792 3153 occasio
834 3098 966 3151 foret
1006 3096 1209 3157 ablata,
1250 3108 1278 3144 a
1325 3090 1520 3145 Latinis
1559 3103 1651 3140 au.

138 3206 277 3259 tem,
319 3194 454 3262 quod
500 3196 578 3247 eis
624 3206 752 3245 nova
799 3199 853 3243 et
896 3189 1133 3251 insolita,
1167 3185 1369 3239 tametsi
1408 3183 1659 3246 meliora,

137 3299 238 3352 pro
265 3282 530 3336 veteribus
579 3282 941 3347 ingererentur
978 3288 1029 3330 et
1065 3275 1251 3328 solitis.
1298 3274 1368 3326 Ita
1414 3282 1471 3325 ut
1507 3274 1660 3324 etiam

134 3374 320 3428 beatus
358 3373 678 3441 Augustinus
717 3370 900 3424 litteris
939 3367 1250 3421 amicissima
1290 3364 1545 3418 charitate
1569 3378 1665 3429 per

138 3473 215 3517 tot
248 3465 403 3517 maris
447 3472 803 3528 terrarumque
840 3457 1006 3526 spatia
1041 3454 1394 3519 transmissis,
1434 3452 1546 3505 haec
1582 3451 1662 3503 in-

134 3567 313 3605 serere
338 3559 562 3604 curaret.

212 3639 284 3690 De
314 3638 575 3689 vertendis
606 3634 860 3705 [autem]
892 3636 942 3688 in
974 3634 1204 3687 Latinam
1246 3631 1470 3696 linguam
1509 3639 1667 3679 cano-

140 3727 275 3781 nicis
304 3726 447 3779 libris
477 3725 713 3776 lahorare
744 3732 794 3777 te
823 3724 942 3776 nolo
961 3761 975 3785 ,
1009 3721 1103 3774 nisi
1133 3735 1195 3772 eo
1234 3716 1389 3771 modo
1426 3729 1528 3781 quo
1569 3712 1666 3766 Job

139 3821 505 3883 interpretatus
561 3830 653 3877 es,
710 3822 767 3865 ut
818 3812 979 3880 signis
1028 3808 1303 3870 adhibitis,
1356 3805 1479 3873 quid
1534 3796 1667 3855 inter

141 3917 286 3959 tuam
316 3913 369 3957 et
398 3902 535 3957 LXX
567 3915 784 3969 quorum
813 3909 891 3952 est
922 3898 1224 3965 gravissima
1267 3894 1547 3946 auctoritas
1590 3890 1667 3942 in-

144 3995 569 4063 terpretationem
617 3990 807 4053 distet,
857 3994 1123 4055 appareat.
1173 3984 1311 4039 Satis
1355 3992 1528 4036 autem
1579 3994 1669 4032 ue-

96 4083 102 4087 ’
147 4099 287 4153 queo
324 4082 567 4147 admirari
608 4080 653 4133 si
691 4077 885 4147 aliquid
926 4077 974 4129 in
1017 4073 1247 4128 Hebraeis
1288 4069 1668 4137 exemplaribus

152 4171 412 4226 invenitur
439 4167 578 4236 quod
611 4168 924 4231 interpretes
951 4163 1089 4216 illius
1117 4162 1301 4228 linguae
1329 4156 1671 4224 peritissimos

154 4258 361 4326 fugerit.
386 4255 589 4313 .Omitto
620 4253 704 4305 hic
733 4250 869 4304 LXX
894 4287 910 4313 ,
952 4250 1017 4301 de
1062 4260 1281 4314 quorum
1328 4243 1408 4296 vel
1451 4241 1671 4294 consilio

152 4347 233 4399 vel
263 4345 473 4413 spiritus
502 4341 705 4410 majore
733 4337 1008 4413 concordia
1052 4349 1204 4401 quam
1251 4332 1292 4384 si
1337 4344 1471 4384 unus
1518 4330 1671 4381 homo

152 4444 321 4499 esset,
351 4447 454 4485 non
498 4431 651 4485 audio
696 4408 918 4495 aliquant
963 4427 1013 4477 in
1064 4432 1259 4491 partetn
1299 4429 1495 4471 certam
1539 4417 1669 4469 ferre

154 4522 460 4578 sententiam
480 4558 497 4582 ,
529 4518 623 4569 nisi
655 4516 791 4583 quod
821 4516 887 4568 de
917 4514 995 4566 his
1026 4512 1449 4579 praeminentem
1481 4513 1667 4557 aucto-

156 4612 353 4664 ritatem
384 4608 434 4659 in
465 4606 563 4658 hoc
591 4618 808 4656 munere
837 4603 955 4653 sine
971 4598 1319 4651 controversia
1347 4594 1672 4646 tribuendam

159 4699 419 4754 existimo.
454 4695 527 4748 Illi
560 4708 642 4747 me
672 4693 786 4759 plus
814 4700 1025 4743 movent
1045 4729 1059 4750 ,
1091 4688 1176 4753 qui
1204 4700 1323 4738 cum
1356 4684 1676 4750 posteriores

160 4789 635 4852 interpretarentur,
682 4788 734 4833 et
783 4791 1077 4831 sermonum
1126 4774 1551 4838 locutionumque
1574 4769 1679 4823 He-

163 4876 414 4930 brmorum
445 4874 583 4925 viam
613 4881 768 4937 atque
797 4868 1004 4936 regulas
1033 4863 1329 4917 mordacius
1356 4861 1447 4927 (ut
1478 4858 1678 4926 fertur)

167 4969 427 5023 tenerent,
456 4974 558 5011 non
586 4957 750 5011 solum
780 4956 914 5009 inter
939 4969 995 5007 se
1022 4968 1124 5007 non
1152 4957 1559 5009 consenserunt,
1587 4946 1678 4999 sed

167 5064 307 5120 teque
332 5047 658 5130 {eliquerunt
685 5045 846 5097 multa
875 5056 993 5111 quin
1020 5049 1166 5093 tanto
1195 5047 1312 5105 post
1351 5035 1580 5090 eruenda
1620 5047 1682 5088 ac

172 5127 456 5205 prodenda,
509 5139 855 5187 remanerent.
912 5130 966 5183 Si
1011 5127 1149 5181 enim
1196 5128 1416 5178 obscura
1459 5132 1601 5186 sunt,
1632 5132 1682 5176 te

171 5240 366 5297 quoque
408 5226 461 5278 in
506 5225 584 5277 eis
624 5219 730 5273 falli
774 5232 927 5284 posse
960 5217 1237 5293 creditur;
1282 5216 1327 5267 si
1372 5212 1681 5277 manifeua,

175 5318 287 5371 illos
313 5316 363 5367 in
395 5313 472 5368 eis
500 5299 871 5378 falli‘potuisse
900 5320 1001 5358 non
1029 5305 1281 5357 creditur.

245 5404 360 5458 lucc
386 5404 581 5455 interea
608 5439 624 5463 ,
654 5414 770 5453 cum
799 5396 864 5449 de
889 5392 1233 5459 Temporibus
1272 5400 1327 5444 et
1366 5389 1531 5440 Annis
1574 5402 1688 5440 ser-

182 5506 261 5545 mo
304 5499 416 5555 est,
467 5496 605 5541 tuam
653 5483 1035 5552 simplicitatem
1082 5477 1464 5548 (dilectissime
1494 5474 1686 5543 frater)

179 5584 455 5641 admoneo,
487 5590 587 5639 ne.
616 5576 859 5643 opinione
884 5571 1079 5638 vulgari
1109 5567 1355 5623 seductus
1375 5606 1390 5630 ,
1421 5568 1566 5633 quasi
1596 5579 1688 5617 sex

181 5682 419 5722 annorum
450 5664 611 5721 millia
639 5674 817 5731 speres
846 5660 1090 5715 ste-culum
1122 5670 1351 5727 praesens
1379 5654 1687 5709 duraturum

1692 3132 1737 3193 (ἶ

1699 4439 1746 4498 D

1755 1929 1926 1993 batur,
1954 1929 2091 1995 quod
2140 1928 2190 1981 in
2240 1930 2383 1981 vinea
2428 1927 2693 1981 Dominica
2744 1924 3014 1979 novissimi
3060 1922 3283 1990 operarii

1758 2031 1854 2079 una
1884 2016 2013 2069 hora
2041 2016 2257 2070 fecerint
2282 2033 2295 2080 ;
2326 2026 2378 2069 et
2405 2016 2630 2069 Joannes
2657 2014 2920 2081 apostolus
2945 2014 3150 2076 dixerit,
3194 2009 3286 2062 Fi-

1756 2104 1893 2169 liolt',
1921 2106 2186 2158 novissima
2211 2109 2334 2158 liora
2358 2116 2459 2169 est,
2488 2106 2624 2172 quod
2650 2119 2768 2158 cum
2803 2104 2926 2155 hora
2957 2116 3055 2154 una
3088 2104 3136 2153 in
3165 2100 3249 2151 die
3268 2139 3286 2165 ,

1758 2190 1858 2243 hoc
1902 2193 1952 2244 itt
1999 2206 2091 2245 sex
2130 2194 2358 2245 millibus
2398 2207 2650 2245 annorum
2696 2190 2963 2261 quingenti
3004 2204 3121 2243 esse
3164 2190 3285 2240 anni

1757 2277 2041 2341 deberent,
2068 2290 2122 2332 et
2150 2282 2286 2347 quod
2314 2281 2686 2345 superveniens
2713 2293 2926 2345 vespera
2955 2287 3070 2343 post
3096 2293 3166 2329 ιιι
3196 2278 3290 2327 hn-

1758 2378 1841 2417 ras
1865 2364 1949 2417 die
1978 2365 2108 2428 hoc,
2136 2366 2363 2433 expletis
2394 2365 2545 2417 annis
2571 2364 2847 2417 duodecies
2888 2363 3245 2430 quingentenis
3268 2401 3285 2425 ,

1758 2452 1809 2505 id
1838 2463 1951 2516 est,
1980 2468 2073 2509 sex
2103 2454 2361 2517 millibus,
2392 2462 2584 2506 aeterna
2622 2454 2745 2520 justi
2788 2452 2974 2519 judicia
3017 2451 3289 2504 retributio

1757 2551 1988 2607 generet.

1831 2629 2055 2705 Undeet
2081 2629 2191 2697 ipse
2218 2630 2345 2681 satis
2370 2628 2522 2681 doleo
2552 2627 2765 2694 (fateor)
2805 2637 2887 2689 ct,
2933 2640 3183 2696 quantum
3225 2629 3288 2681 li-

1757 2726 1839 2769 cet
1857 2754 1872 2781 ,
1906 2717 1983 2770 vel
2013 2716 2234 2779 amplius
2266 2705 2419 2768 irasCi
2445 2716 2589 2767 soleo
2612 2714 2818 2780 quoties
2845 2727 2874 2765 a
2901 2716 3109 2767 rusticis
3132 2716 3293 2767 inter—

1759 2820 1932 2874 rogor,
1962 2815 2088 2873 quot
2118 2804 2183 2857 de
2212 2806 2391 2856 ultimo
2422 2803 2664 2855 milliaria
2688 2801 2863 2855 saeculi
2894 2810 3092 2855 restent
3117 2808 3241 2855 ann‘:
3274 2819 3289 2866 ;

1757 2904 1912 2960 atque
1942 2901 2123 2945 contra
2152 2892 2265 2957 ipse
2308 2892 2373 2943 ab
2415 2891 2519 2944 illis
2563 2891 2820 2944 sciscitari
2869 2891 3005 2944 unde
3053 2892 3298 2945 noverint.

1763 2982 1898 3049 quod
1928 2995 2066 3032 nunc
2096 2979 2335 3031 ultimum
2366 2988 2551 3046 agatur
2582 2977 2883 3030 milliarium
2906 3018 2921 3041 ,
2955 2992 3074 3031 cum
3115 2980 3294 3032 Domi-

1765 3083 1860 3121 nus
1903 3069 1955 3121 in
2008 3069 2290 3135 Evangelia
2330 3081 2433 3119 non
2481 3078 2683 3134 tempus
2725 3066 2979 3119 adventus
3022 3066 3101 3119 sui
3132 3081 3295 3133 prope

1769 3159 1848 3212 vel
1880 3159 2056 3225 procul
2087 3172 2204 3211 esse
2238 3166 2475 3223 testetur,
2520 3156 2611 3210 sed
2653 3170 2751 3209 nos
2796 3169 3005 3222 semper
3047 3155 3295 3209 accinctis

1762 3245 1944 3297 luntbis
1971 3246 2283 3311 (acernisque
2326 3242 2616 3296 ardentibus
2656 3242 2868 3310 vigilare
2910 3256 2972 3294 ac
3013 3256 3071 3295 se
3115 3256 3297 3310 exspe-

1762 3341 1907 3387 ctare
1932 3333 2100 3386 donec
2128 3333 2301 3385 veniat
2326 3331 2524 3398 iubeat.
2572 3329 2949 3383 Animadverte
2992 3330 3133 3382 enim
3173 3331 3294 3396 quia

1763 3436 1881 3477 cum
1910 3436 2203 3474 sermonem
2234 3420 2487 3473 facientes
2516 3419 2581 3471 ad
2612 3419 2798 3470 fratres
2838 3418 3098 3471 incidente
3136 3433 3293 3471 occa-

1764 3511 1916 3567 sione
1943 3511 2009 3565 de
2037 3509 2300 3564 Etatihus
2329 3507 2509 3562 saeculi
2537 3507 2861 3575 disputamus
2880 3545 2897 3571 ,
2926 3505 3138 3572 quidam
3165 3508 3295 3558 sitn-

1767 3599 2039 3668 pliciorum
2070 3614 2163 3652 sex
2190 3613 2444 3650 annorum
2476 3596 2633 3649 millia
2674 3610 2769 3650 nos
2812 3594 3089 3662 prtedicare
3126 3602 3282 3646 autu-

1767 3696 1929 3741 mant.
1978 3687 2084 3739 Nec
2132 3687 2349 3737 defuere
2396 3684 2483 3752 qui
2529 3694 2726 3750 septem
2774 3696 3026 3734 annorum
3076 3683 3301 3734 millibus

1767 3776 1948 3831 saeculi
1981 3776 2134 3842 hujus
2163 3784 2356 3827 statum
2379 3813 2395 3840 ,
2426 3774 2510 3840 qui
2544 3770 2660 3839 (et)
2691 3780 2889 3838 septem
2920 3771 3107 3823 diebus
3134 3773 3299 3823 volvi-

1770 3874 1872 3927 tur,
1919 3862 2303 3917 terminandum
2344 3875 2463 3913 esse
2502 3868 2784 3926 putarent,
2823 3872 2955 3924 quos
2992 3858 3303 3923 stnpedictns

1768 3952 1959 4004 doctor
1988 3950 2339 4017 Augustinus,
2372 3948 2422 3999 in
2452 3947 2782 4013 expositione
2813 3945 3000 3997 l’salnti
3029 3946 3161 3998 sexti
3193 3960 3303 3996 tua-
3346 3994 3347 4001 η

1768 4044 1975 4095 ιιὶῐεδιςε
2004 4039 2311 4093 temeritatis
2336 4038 2625 4102 redarguit,
2657 4034 2835 4087 dicens
2866 4034 2997 4085 inter
3024 4034 3160 4085 alia:
3199 4050 3217 4082 ι
3247 4036 3299 4085 Si

1769 4130 1906 4182 enim
1939 4139 2055 4196 post
2083 4134 2284 4192 septem
2314 4138 2571 4179 annorum
2602 4122 2766 4175 millia
2796 4122 2885 4175 ille
2914 4124 3026 4175 dies
3056 4132 3304 4173 venturus

1768 4226 1879 4281 est,
1899 4217 2078 4269 omnis
2110 4216 2264 4267 homo
2295 4222 2465 4281 potest
2504 4212 2655 4264 anuis
2682 4210 2994 4277 computatis
3023 4208 3301 4261 adventum

1773 4309 1889 4373 ejus
1935 4304 2199 4358 addicere.
2250 4303 2343 4357 Ubi
2392 4302 2495 4354 erit
2536 4313 2662 4368 ergo
2704 4300 2841 4365 quod
2890 4312 2985 4349 nec
3017 4297 3179 4349 Filius
3210 4297 3305 4349 hoc

1773 4396 1952 4448 novit?
1984 4413 2002 4445 ι
2028 4393 2176 4458 Quod
2206 4392 2384 4459 utique
2411 4390 2605 4442 dictum
2632 4398 2712 4440 est
2736 4388 2851 4454 quia
2881 4401 2971 4453 per
2996 4385 3182 4439 Filiutn
3215 4387 3308 4435 lna-

1772 4488 1939 4539 tnines
1970 4485 2069 4537 hoc
2096 4499 2199 4536 non
2229 4482 2437 4535 discunt
2465 4496 2477 4530 :
2510 4492 2612 4530 non
2643 4477 2779 4545 quod
2811 4475 2947 4543 apud
2977 4491 3034 4528 se
3064 4474 3175 4541 ipse
3203 4489 3305 4527 nou

1772 4580 2008 4641 noverit,
2059 4575 2346 4627 secundum
2396 4572 2535 4624 illam
2585 4569 2949 4623 locutionem:
3000 4567 3171 4620 Tentat
3219 4581 3301 4618 ras

1772 4663 2021 4715 Dominus
2066 4662 2200 4714 Deus
2243 4670 2403 4713 vnter
2438 4670 2491 4710 ut
2520 4658 2678 4719 sciat,
2707 4656 2905 4718 id‘est,
2937 4662 2993 4705 ut
3031 4654 3169 4707 scire
3208 4666 3304 4705 vos

1774 4755 1962 4819 faciat;
1993 4762 2083 4806 et:
2117 4752 2370 4817 Exsurge,
2405 4750 2632 4811 Domine,
2665 4744 2716 4797 id
2744 4751 2854 4804 est,
2887 4742 2968 4795 fac
2996 4756 3090 4794 nos
3118 4756 3301 4795 exsur-

1774 4857 1915 4911 gere.
1945 4842 2074 4894 Cutn
2103 4853 2229 4907 ergo
2255 4840 2323 4890 ita
2354 4837 2557 4889 dicatur
2588 4832 2792 4886 nescire
2821 4830 2955 4883 [ilius
2983 4831 3119 4882 hunc
3145 4829 3303 4889 diem,

1776 4946 1880 4984 non
1907 4930 2045 4998 quod
2077 4927 2308 4989 nesciat,
2337 4923 2429 4977 sed
2470 4921 2607 4990 quod
2637 4921 2841 4974 nescire
2885 4918 3035 4971 faciat
3064 4929 3155 4969 eos
3190 4915 3305 4982 qui-

1778 5024 1875 5076 bus
1926 5020 2025 5072 hoc
2068 5031 2171 5070 non
2216 5012 2428 5081 expedit
2466 5013 2639 5076 scire,
2686 5010 2736 5064 id
2784 5017 2899 5071 est,
2945 5020 3046 5058 non
3091 5005 3170 5059 eis
3211 5007 3308 5059 hoc

1778 5109 2057 5170 ostendat,
2082 5105 2219 5174 quod
2249 5104 2351 5158 sibi
2384 5103 2490 5156 vnlt
2521 5102 2703 5157 nescio
2723 5112 2823 5168 qua
2866 5096 3268 5164 praesumptione
3289 5136 3304 5159 ,

1780 5210 1898 5265 quae
1927 5195 2079 5248 annis
2107 5192 2423 5260 computatis
2453 5188 2806 5243 certissimum
2849 5194 3027 5254 sperat
3067 5193 3187 5252 post
3228 5196 3311 5236 se-

1782 5295 1920 5354 ptem
1949 5298 2204 5338 annorum
2236 5282 2397 5335 millia
2426 5280 2563 5333 diem
2596 5276 2825 5331 Domini.
2867 5280 2869 5283 ’

1854 5374 1976 5427 Hinc
2008 5372 2100 5427 tibi
2130 5371 2459 5442 (dulcissime
2498 5365 2681 5434 frater)
2712 5362 3021 5419 innocentiae
3045 5373 3175 5413 mea:
3202 5356 3313 5427 pig-

1785 5477 1933 5524 nora,
1962 5461 2059 5515 has
2087 5463 2271 5515 amicat
2295 5454 2565 5511 charitatis
2592 5455 2789 5508 indices
2811 5453 2959 5506 mitto
2986 5450 3211 5511 litteras,
3246 5463 3309 5499 ne

1788 5567 1870 5605 me
1894 5550 2170 5604 arbitreris
2199 5550 2438 5600 humana:
2457 5544 2713 5597 divintcve
2737 5539 2969 5594 scientia:
2998 5536 3203 5603 penitus
3226 5552 3319 5587 ex-

1792 5649 2012 5710 pertem,
2060 5638 2184 5706 quin
2238 5637 2409 5705 potius
2455 5629 2738 5688 secundum
2788 5626 3081 5695 Scripturas
3106 5638 3169 5677 ac
3192 5624 3320 5677 scita
