  <div class='ocr_page' id='page_1' title='image "/cluster/home/n/w/nwhite01/storage/ocr_20150623/94/uva.x000827077/345.png"; bbox 0 0 3862 6328; ppageno 0'>
   <div class='ocr_carea' id='block_1_1' title="bbox 638 399 736 450">
    <p class='ocr_par' dir='ltr' id='par_1_1' title="bbox 638 399 736 450">
     <span class='ocr_line' id='line_1_1' title="bbox 638 399 736 450; baseline 0.02 -2"><span class='ocrx_word' id='word_1_1' title='bbox 638 399 736 450; x_wconf 79' lang='lat'><strong>675</strong></span> 
     </span>
    </p>
   </div>
   <div class='ocr_carea' id='block_1_2' title="bbox 3436 0 3830 404">
    <p class='ocr_par' dir='ltr' id='par_1_2' title="bbox 3436 0 3826 404">
     <span class='ocr_line' id='line_1_2' title="bbox 3436 0 3826 404; baseline 0.01 -2"><span class='ocrx_word' id='word_1_2' title='bbox 3436 0 3826 404; x_wconf 73' lang='grc' dir='ltr'>Ἷ</span> 
     </span>
    </p>
   </div>
   <div class='ocr_carea' id='block_1_3' title="bbox 1320 396 3736 458">
    <p class='ocr_par' dir='ltr' id='par_1_3' title="bbox 1320 396 3736 458">
     <span class='ocr_line' id='line_1_3' title="bbox 1320 396 3736 458; baseline 0.002 -8"><span class='ocrx_word' id='word_1_3' title='bbox 1320 398 1514 454; x_wconf 64' lang='lat' dir='ltr'><strong>ttl-JllE</strong></span> <span class='ocrx_word' id='word_1_4' title='bbox 1557 398 1993 454; x_wconf 74' lang='lat' dir='ltr'><strong>\‘ENERABILIS</strong></span> <span class='ocrx_word' id='word_1_5' title='bbox 2039 396 2183 457; x_wconf 78' lang='lat' dir='ltr'><strong>OPP.</strong></span> <span class='ocrx_word' id='word_1_6' title='bbox 2218 396 2406 453; x_wconf 66' lang='lat' dir='ltr'><strong>PARS.</strong></span> <span class='ocrx_word' id='word_1_7' title='bbox 2451 400 2535 456; x_wconf 92' lang='lat' dir='ltr'><strong>lll.</strong></span> <span class='ocrx_word' id='word_1_8' title='bbox 2575 429 2642 440; x_wconf 96' lang='lat'>—</span> <span class='ocrx_word' id='word_1_9' title='bbox 2682 399 3149 454; x_wconf 67' lang='lat' dir='ltr'><strong>PAR/ENKTICA.</strong></span> <span class='ocrx_word' id='word_1_10' title='bbox 3665 413 3736 458; x_wconf 60' lang='lat' dir='ltr'><strong>uti:</strong></span> 
     </span>
    </p>
   </div>
   <div class='ocr_carea' id='block_1_4' title="bbox 638 501 3736 576">
    <p class='ocr_par' dir='ltr' id='par_1_4' title="bbox 638 501 3736 576">
     <span class='ocr_line' id='line_1_4' title="bbox 638 501 3736 576; baseline 0.004 -25"><span class='ocrx_word' id='word_1_11' title='bbox 638 501 866 564; x_wconf 83' lang='lat' dir='ltr'><strong>l’atrum,</strong></span> <span class='ocrx_word' id='word_1_12' title='bbox 899 501 1032 553; x_wconf 80' lang='lat' dir='ltr'><strong>lideli</strong></span> <span class='ocrx_word' id='word_1_13' title='bbox 1079 511 1128 554; x_wconf 86' lang='lat' dir='ltr'><strong>ct</strong></span> <span class='ocrx_word' id='word_1_14' title='bbox 1171 503 1421 555; x_wconf 86' lang='lat' dir='ltr'><strong>catholica</strong></span> <span class='ocrx_word' id='word_1_15' title='bbox 1453 519 1578 555; x_wconf 76' lang='lat' dir='ltr'><strong>voce</strong></span> <span class='ocrx_word' id='word_1_16' title='bbox 1607 503 1843 568; x_wconf 78' lang='lat' dir='ltr'><strong>profiteri</strong></span> <span class='ocrx_word' id='word_1_17' title='bbox 1875 503 2149 554; x_wconf 91' lang='lat' dir='ltr'><strong>Dominum</strong></span> <span class='ocrx_word' id='word_1_18' title='bbox 2183 511 2226 562; x_wconf 80' lang='grc' dir='ltr'>Λ</span> <span class='ocrx_word' id='word_1_19' title='bbox 2258 505 2460 556; x_wconf 79' lang='lat' dir='ltr'><strong>decimo</strong></span> <span class='ocrx_word' id='word_1_20' title='bbox 2493 505 2706 557; x_wconf 86' lang='lat' dir='ltr'><strong>Kalend.</strong></span> <span class='ocrx_word' id='word_1_21' title='bbox 2733 505 2894 572; x_wconf 68' lang='lat' dir='ltr'><strong>April.</strong></span> <span class='ocrx_word' id='word_1_22' title='bbox 2921 507 3001 558; x_wconf 87' lang='lat' dir='ltr'><strong>die</strong></span> <span class='ocrx_word' id='word_1_23' title='bbox 3026 519 3307 561; x_wconf 79' lang='lat' dir='ltr'><strong>annotasse</strong></span> <span class='ocrx_word' id='word_1_24' title='bbox 3330 511 3736 576; x_wconf 33' lang='lat' dir='ltr'><strong>perliilieturﬂum</strong></span> 
     </span>
    </p>
   </div>
   <div class='ocr_carea' id='block_1_5' title="bbox 638 590 2155 658">
    <p class='ocr_par' dir='ltr' id='par_1_5' title="bbox 638 590 2155 658">
     <span class='ocr_line' id='line_1_5' title="bbox 638 590 2155 658; baseline 0.002 -17"><span class='ocrx_word' id='word_1_25' title='bbox 638 590 955 642; x_wconf 84' lang='lat' dir='ltr'><strong>Salvatorem</strong></span> <span class='ocrx_word' id='word_1_26' title='bbox 1005 592 1052 643; x_wconf 91' lang='lat' dir='ltr'><strong>in</strong></span> <span class='ocrx_word' id='word_1_27' title='bbox 1085 602 1228 642; x_wconf 80' lang='lat' dir='ltr'><strong>sexta</strong></span> <span class='ocrx_word' id='word_1_28' title='bbox 1262 601 1414 644; x_wconf 72' lang='lat' dir='ltr'><strong>atate</strong></span> <span class='ocrx_word' id='word_1_29' title='bbox 1443 593 1621 643; x_wconf 75' lang='lat' dir='ltr'><strong>sa-culi</strong></span> <span class='ocrx_word' id='word_1_30' title='bbox 1647 607 1854 646; x_wconf 89' lang='lat' dir='ltr'><strong>carnem</strong></span> <span class='ocrx_word' id='word_1_31' title='bbox 1887 607 1978 658; x_wconf 86' lang='lat' dir='ltr'><strong>pro</strong></span> <span class='ocrx_word' id='word_1_32' title='bbox 2005 594 2155 644; x_wconf 89' lang='lat' dir='ltr'><strong>nobis</strong></span> 
     </span>
    </p>
   </div>
   <div class='ocr_carea' id='block_1_6' title="bbox 633 681 2154 745">
    <p class='ocr_par' dir='ltr' id='par_1_6' title="bbox 633 681 2154 745">
     <span class='ocr_line' id='line_1_6' title="bbox 633 681 2154 745; baseline 0.002 -17"><span class='ocrx_word' id='word_1_33' title='bbox 633 681 973 745; x_wconf 74' lang='lat' dir='ltr'><strong>assumpsisse</strong></span> <span class='ocrx_word' id='word_1_34' title='bbox 1014 682 1316 741; x_wconf 87' lang='lat' dir='ltr'><strong>mortalem;</strong></span> <span class='ocrx_word' id='word_1_35' title='bbox 1364 694 1571 731; x_wconf 81' lang='lat' dir='ltr'><strong>cursum</strong></span> <span class='ocrx_word' id='word_1_36' title='bbox 1622 696 1744 733; x_wconf 86' lang='lat' dir='ltr'><strong>vero</strong></span> <span class='ocrx_word' id='word_1_37' title='bbox 1789 682 1963 732; x_wconf 79' lang='lat' dir='ltr'><strong>sa-culi</strong></span> <span class='ocrx_word' id='word_1_38' title='bbox 2011 681 2154 732; x_wconf 91' lang='lat' dir='ltr'><strong>nullo</strong></span> 
     </span>
    </p>
   </div>
   <div class='ocr_carea' id='block_1_7' title="bbox 632 765 2153 834">
    <p class='ocr_par' dir='ltr' id='par_1_7' title="bbox 632 765 2153 834">
     <span class='ocr_line' id='line_1_7' title="bbox 632 765 2153 834; baseline 0.003 -20"><span class='ocrx_word' id='word_1_39' title='bbox 632 765 824 830; x_wconf 88' lang='lat' dir='ltr'><strong>(nobis)</strong></span> <span class='ocrx_word' id='word_1_40' title='bbox 854 778 996 819; x_wconf 78' lang='lat' dir='ltr'><strong>certo</strong></span> <span class='ocrx_word' id='word_1_41' title='bbox 1023 784 1274 820; x_wconf 89' lang='lat' dir='ltr'><strong>annorum</strong></span> <span class='ocrx_word' id='word_1_42' title='bbox 1307 785 1521 820; x_wconf 81' lang='lat' dir='ltr'><strong>omnem</strong></span> <span class='ocrx_word' id='word_1_43' title='bbox 1548 771 1833 830; x_wconf 79' lang='lat' dir='ltr'><strong>deﬁnitum,</strong></span> <span class='ocrx_word' id='word_1_44' title='bbox 1877 769 2038 834; x_wconf 89' lang='lat' dir='ltr'><strong>ipsius</strong></span> <span class='ocrx_word' id='word_1_45' title='bbox 2064 785 2153 822; x_wconf 88' lang='lat' dir='ltr'><strong>so-</strong></span> 
     </span>
    </p>
   </div>
   <div class='ocr_carea' id='block_1_8' title="bbox 632 853 2151 921">
    <p class='ocr_par' dir='ltr' id='par_1_8' title="bbox 632 853 2151 921">
     <span class='ocr_line' id='line_1_8' title="bbox 632 853 2151 921; baseline 0.001 -18"><span class='ocrx_word' id='word_1_46' title='bbox 632 853 733 905; x_wconf 91' lang='lat' dir='ltr'><strong>lum</strong></span> <span class='ocrx_word' id='word_1_47' title='bbox 765 855 958 907; x_wconf 84' lang='lat' dir='ltr'><strong>Judieis</strong></span> <span class='ocrx_word' id='word_1_48' title='bbox 1000 858 1260 921; x_wconf 71' lang='lat' dir='ltr'><strong>cognitum</strong></span> <span class='ocrx_word' id='word_1_49' title='bbox 1290 871 1408 908; x_wconf 87' lang='lat' dir='ltr'><strong>esse</strong></span> <span class='ocrx_word' id='word_1_50' title='bbox 1436 856 1688 908; x_wconf 70' lang='lat' dir='ltr'><strong>scientim.</strong></span> <span class='ocrx_word' id='word_1_51' title='bbox 1726 857 1833 907; x_wconf 79' lang='lat' dir='ltr'><strong>Etsi</strong></span> <span class='ocrx_word' id='word_1_52' title='bbox 1861 857 1998 908; x_wconf 81' lang='lat' dir='ltr'><strong>enim</strong></span> <span class='ocrx_word' id='word_1_53' title='bbox 2031 857 2151 906; x_wconf 79' lang='lat' dir='ltr'><strong>milii</strong></span> 
     </span>
    </p>
   </div>
   <div class='ocr_carea' id='block_1_9' title="bbox 627 943 2149 1005">
    <p class='ocr_par' dir='ltr' id='par_1_9' title="bbox 627 943 2149 1005">
     <span class='ocr_line' id='line_1_9' title="bbox 627 943 2149 1005; baseline 0.003 -15"><span class='ocrx_word' id='word_1_54' title='bbox 627 945 742 1004; x_wconf 73' lang='lat' dir='ltr'><strong>quis</strong></span> <span class='ocrx_word' id='word_1_55' title='bbox 763 943 950 993; x_wconf 78' lang='lat' dir='ltr'><strong>dixerit</strong></span> <span class='ocrx_word' id='word_1_56' title='bbox 981 961 991 993; x_wconf 90' lang='lat'>:</span> <span class='ocrx_word' id='word_1_57' title='bbox 1030 943 1154 994; x_wconf 78' lang='lat' dir='ltr'><strong>Ecce</strong></span> <span class='ocrx_word' id='word_1_58' title='bbox 1180 945 1258 994; x_wconf 84' lang='lat' dir='ltr'><strong>hic</strong></span> <span class='ocrx_word' id='word_1_59' title='bbox 1289 955 1359 993; x_wconf 78' lang='lat' dir='ltr'><strong>cst</strong></span> <span class='ocrx_word' id='word_1_60' title='bbox 1388 943 1630 1005; x_wconf 75' lang='lat' dir='ltr'><strong>Christus,</strong></span> <span class='ocrx_word' id='word_1_61' title='bbox 1675 955 1759 994; x_wconf 82' lang='lat' dir='ltr'><strong>aut</strong></span> <span class='ocrx_word' id='word_1_62' title='bbox 1802 960 1909 994; x_wconf 80' lang='lat' dir='ltr'><strong>erce</strong></span> <span class='ocrx_word' id='word_1_63' title='bbox 1948 944 2068 1004; x_wconf 77' lang='lat' dir='ltr'><strong>illic,</strong></span> <span class='ocrx_word' id='word_1_64' title='bbox 2102 945 2149 994; x_wconf 89' lang='lat' dir='ltr'><strong>id</strong></span> 
     </span>
    </p>
   </div>
   <div class='ocr_carea' id='block_1_10' title="bbox 627 1031 2150 1098">
    <p class='ocr_par' dir='ltr' id='par_1_10' title="bbox 627 1031 2150 1098">
     <span class='ocr_line' id='line_1_10' title="bbox 627 1031 2150 1098; baseline 0.001 -17"><span class='ocrx_word' id='word_1_65' title='bbox 627 1040 726 1093; x_wconf 86' lang='lat' dir='ltr'><strong>est,</strong></span> <span class='ocrx_word' id='word_1_66' title='bbox 760 1032 857 1082; x_wconf 85' lang='lat' dir='ltr'><strong>hoc</strong></span> <span class='ocrx_word' id='word_1_67' title='bbox 883 1033 963 1082; x_wconf 87' lang='lat' dir='ltr'><strong>vel</strong></span> <span class='ocrx_word' id='word_1_68' title='bbox 992 1033 1086 1081; x_wconf 75' lang='lat' dir='ltr'><strong>lzoc</strong></span> <span class='ocrx_word' id='word_1_69' title='bbox 1117 1041 1348 1098; x_wconf 79' lang='lat' dir='ltr'><strong>tempore</strong></span> <span class='ocrx_word' id='word_1_70' title='bbox 1375 1035 1573 1083; x_wconf 77' lang='lat' dir='ltr'><strong>iuturus</strong></span> <span class='ocrx_word' id='word_1_71' title='bbox 1594 1034 1655 1081; x_wconf 91' lang='lat' dir='ltr'><strong>ad</strong></span> <span class='ocrx_word' id='word_1_72' title='bbox 1681 1031 1928 1097; x_wconf 81' lang='lat' dir='ltr'><strong>judicium</strong></span> <span class='ocrx_word' id='word_1_73' title='bbox 1961 1048 2150 1098; x_wconf 90' lang='lat' dir='ltr'><strong>nequa-</strong></span> 
     </span>
    </p>
   </div>
   <div class='ocr_carea' id='block_1_11' title="bbox 627 1121 2149 1186">
    <p class='ocr_par' dir='ltr' id='par_1_11' title="bbox 627 1121 2149 1186">
     <span class='ocr_line' id='line_1_11' title="bbox 627 1121 2149 1186; baseline 0.003 -18"><span class='ocrx_word' id='word_1_74' title='bbox 627 1136 780 1185; x_wconf 89' lang='lat' dir='ltr'><strong>quam</strong></span> <span class='ocrx_word' id='word_1_75' title='bbox 831 1121 1000 1181; x_wconf 87' lang='lat' dir='ltr'><strong>audio,</strong></span> <span class='ocrx_word' id='word_1_76' title='bbox 1049 1136 1213 1186; x_wconf 86' lang='lat' dir='ltr'><strong>neque</strong></span> <span class='ocrx_word' id='word_1_77' title='bbox 1263 1133 1432 1171; x_wconf 79' lang='lat' dir='ltr'><strong>sector</strong></span> <span class='ocrx_word' id='word_1_78' title='bbox 1481 1121 1618 1171; x_wconf 91' lang='lat' dir='ltr'><strong>illum</strong></span> <span class='ocrx_word' id='word_1_79' title='bbox 1653 1137 1663 1169; x_wconf 91' lang='lat'><strong>:</strong></span> <span class='ocrx_word' id='word_1_80' title='bbox 1695 1121 1812 1172; x_wconf 67' lang='lat' dir='ltr'><strong>Scio</strong></span> <span class='ocrx_word' id='word_1_81' title='bbox 1857 1123 1992 1172; x_wconf 89' lang='lat' dir='ltr'><strong>enim</strong></span> <span class='ocrx_word' id='word_1_82' title='bbox 2035 1125 2149 1184; x_wconf 83' lang='lat' dir='ltr'><strong>quia</strong></span> 
     </span>
    </p>
   </div>
   <div class='ocr_carea' id='block_1_12' title="bbox 624 1207 2145 1275">
    <p class='ocr_par' dir='ltr' id='par_1_12' title="bbox 624 1207 2145 1275">
     <span class='ocr_line' id='line_1_12' title="bbox 624 1207 2145 1275; baseline 0.003 -22"><span class='ocrx_word' id='word_1_83' title='bbox 624 1208 749 1254; x_wconf 74' lang='lat' dir='ltr'><strong>sicut</strong></span> <span class='ocrx_word' id='word_1_84' title='bbox 775 1207 940 1274; x_wconf 76' lang='lat' dir='ltr'><strong>fulgur</strong></span> <span class='ocrx_word' id='word_1_85' title='bbox 978 1224 1238 1258; x_wconf 67' lang='lat' dir='ltr'><strong>coruscans</strong></span> <span class='ocrx_word' id='word_1_86' title='bbox 1265 1209 1324 1257; x_wconf 85' lang='lat' dir='ltr'><strong>de</strong></span> <span class='ocrx_word' id='word_1_87' title='bbox 1347 1209 1467 1258; x_wconf 72' lang='lat' dir='ltr'><strong>caelo</strong></span> <span class='ocrx_word' id='word_1_88' title='bbox 1490 1210 1538 1258; x_wconf 86' lang='lat' dir='ltr'><strong>iu</strong></span> <span class='ocrx_word' id='word_1_89' title='bbox 1560 1225 1618 1258; x_wconf 81' lang='lat' dir='ltr'><strong>ea</strong></span> <span class='ocrx_word' id='word_1_90' title='bbox 1643 1224 1754 1275; x_wconf 68' lang='lat' dir='ltr'><strong>(lita:</strong></span> <span class='ocrx_word' id='word_1_91' title='bbox 1771 1211 1860 1259; x_wconf 75' lang='lat' dir='ltr'><strong>sub</strong></span> <span class='ocrx_word' id='word_1_92' title='bbox 1891 1212 2013 1260; x_wconf 67' lang='lat' dir='ltr'><strong>calo</strong></span> <span class='ocrx_word' id='word_1_93' title='bbox 2033 1219 2145 1258; x_wconf 81' lang='lat' dir='ltr'><strong>sunt</strong></span> 
     </span>
    </p>
   </div>
   <div class='ocr_carea' id='block_1_13' title="bbox 629 1296 2146 1363">
    <p class='ocr_par' dir='ltr' id='par_1_13' title="bbox 629 1296 2146 1363">
     <span class='ocr_line' id='line_1_13' title="bbox 629 1296 2146 1363; baseline 0.004 -19"><span class='ocrx_word' id='word_1_94' title='bbox 629 1297 800 1362; x_wconf 68' lang='lat' dir='ltr'><strong>{tt/get,</strong></span> <span class='ocrx_word' id='word_1_95' title='bbox 848 1298 915 1346; x_wconf 85' lang='lat' dir='ltr'><strong>ita</strong></span> <span class='ocrx_word' id='word_1_96' title='bbox 957 1298 1048 1348; x_wconf 87' lang='lat' dir='ltr'><strong>erit</strong></span> <span class='ocrx_word' id='word_1_97' title='bbox 1088 1296 1251 1346; x_wconf 77' lang='lat' dir='ltr'><strong>Filius</strong></span> <span class='ocrx_word' id='word_1_98' title='bbox 1299 1297 1512 1347; x_wconf 78' lang='lat' dir='ltr'><strong>hominis</strong></span> <span class='ocrx_word' id='word_1_99' title='bbox 1538 1299 1586 1348; x_wconf 87' lang='lat' dir='ltr'><strong>in</strong></span> <span class='ocrx_word' id='word_1_100' title='bbox 1623 1300 1702 1349; x_wconf 83' lang='lat' dir='ltr'><strong>die</strong></span> <span class='ocrx_word' id='word_1_101' title='bbox 1726 1315 1836 1350; x_wconf 80' lang='lat' dir='ltr'><strong>sua.</strong></span> <span class='ocrx_word' id='word_1_102' title='bbox 1889 1305 2146 1363; x_wconf 74' lang='lat' dir='ltr'><strong>Agnoscas</strong></span> 
     </span>
    </p>
   </div>
   <div class='ocr_carea' id='block_1_14' title="bbox 623 1385 2146 1451">
    <p class='ocr_par' dir='ltr' id='par_1_14' title="bbox 623 1385 2146 1451">
     <span class='ocr_line' id='line_1_14' title="bbox 623 1385 2146 1451; baseline 0.003 -19"><span class='ocrx_word' id='word_1_103' title='bbox 623 1385 776 1434; x_wconf 89' lang='lat' dir='ltr'><strong>etiam</strong></span> <span class='ocrx_word' id='word_1_104' title='bbox 806 1400 904 1450; x_wconf 88' lang='lat' dir='ltr'><strong>qua</strong></span> <span class='ocrx_word' id='word_1_105' title='bbox 936 1385 1178 1446; x_wconf 75' lang='lat' dir='ltr'><strong>Opinione</strong></span> <span class='ocrx_word' id='word_1_106' title='bbox 1225 1385 1406 1451; x_wconf 74' lang='lat' dir='ltr'><strong>vulgus</strong></span> <span class='ocrx_word' id='word_1_107' title='bbox 1451 1387 1501 1436; x_wconf 92' lang='lat' dir='ltr'><strong>in</strong></span> <span class='ocrx_word' id='word_1_108' title='bbox 1550 1402 1638 1437; x_wconf 80' lang='lat' dir='ltr'><strong>sex</strong></span> <span class='ocrx_word' id='word_1_109' title='bbox 1683 1387 1759 1437; x_wconf 76' lang='lat' dir='ltr'><strong>Vel</strong></span> <span class='ocrx_word' id='word_1_110' title='bbox 1801 1396 1998 1448; x_wconf 83' lang='lat' dir='ltr'><strong>septem</strong></span> <span class='ocrx_word' id='word_1_111' title='bbox 2032 1388 2146 1437; x_wconf 88' lang='lat' dir='ltr'><strong>mil-</strong></span> 
     </span>
    </p>
   </div>
   <div class='ocr_carea' id='block_1_15' title="bbox 628 1463 2143 1541">
    <p class='ocr_par' dir='ltr' id='par_1_15' title="bbox 628 1463 2143 1541">
     <span class='ocr_line' id='line_1_15' title="bbox 628 1463 2143 1541; baseline 0.005 -21"><span class='ocrx_word' id='word_1_112' title='bbox 628 1472 748 1522; x_wconf 85' lang='lat' dir='ltr'><strong>lium</strong></span> <span class='ocrx_word' id='word_1_113' title='bbox 781 1474 980 1524; x_wconf 85' lang='lat' dir='ltr'><strong>venerit</strong></span> <span class='ocrx_word' id='word_1_114' title='bbox 1002 1490 1276 1534; x_wconf 89' lang='lat' dir='ltr'><strong>annormn,</strong></span> <span class='ocrx_word' id='word_1_115' title='bbox 1305 1485 1355 1524; x_wconf 91' lang='lat' dir='ltr'><strong>et</strong></span> <span class='ocrx_word' id='word_1_116' title='bbox 1375 1490 1469 1539; x_wconf 87' lang='lat' dir='ltr'><strong>qua</strong></span> <span class='ocrx_word' id='word_1_117' title='bbox 1505 1477 1609 1541; x_wconf 88' lang='lat' dir='ltr'><strong>ipse</strong></span> <span class='ocrx_word' id='word_1_118' title='bbox 1637 1477 1947 1528; x_wconf 84' lang='lat' dir='ltr'><strong>auctoritate</strong></span> <span class='ocrx_word' id='word_1_119' title='bbox 1976 1463 2143 1528; x_wconf 63' lang='lat' dir='ltr'><strong>asser—</strong></span> 
     </span>
    </p>
   </div>
   <div class='ocr_carea' id='block_1_16' title="bbox 626 1562 2146 1626">
    <p class='ocr_par' dir='ltr' id='par_1_16' title="bbox 626 1562 2146 1626">
     <span class='ocr_line' id='line_1_16' title="bbox 626 1562 2146 1626; baseline 0.005 -18"><span class='ocrx_word' id='word_1_120' title='bbox 626 1562 817 1610; x_wconf 89' lang='lat' dir='ltr'><strong>tionem</strong></span> <span class='ocrx_word' id='word_1_121' title='bbox 867 1577 993 1611; x_wconf 74' lang='lat' dir='ltr'><strong>mea:</strong></span> <span class='ocrx_word' id='word_1_122' title='bbox 1041 1563 1437 1626; x_wconf 83' lang='lat' dir='ltr'><strong>eoiupntationis</strong></span> <span class='ocrx_word' id='word_1_123' title='bbox 1479 1574 1727 1626; x_wconf 88' lang='lat' dir='ltr'><strong>astruam,</strong></span> <span class='ocrx_word' id='word_1_124' title='bbox 1770 1563 2036 1624; x_wconf 87' lang='lat' dir='ltr'><strong>llebraica,</strong></span> <span class='ocrx_word' id='word_1_125' title='bbox 2071 1564 2146 1616; x_wconf 89' lang='lat' dir='ltr'><strong>vi-</strong></span> 
     </span>
    </p>
   </div>
   <div class='ocr_carea' id='block_1_17' title="bbox 629 1647 2142 1716">
    <p class='ocr_par' dir='ltr' id='par_1_17' title="bbox 629 1647 2142 1716">
     <span class='ocr_line' id='line_1_17' title="bbox 629 1647 2142 1716; baseline 0.006 -22"><span class='ocrx_word' id='word_1_126' title='bbox 629 1647 839 1704; x_wconf 79' lang='lat' dir='ltr'><strong>delicet,</strong></span> <span class='ocrx_word' id='word_1_127' title='bbox 891 1653 1102 1699; x_wconf 65' lang='lat' dir='ltr'><strong>veritate</strong></span> <span class='ocrx_word' id='word_1_128' title='bbox 1134 1665 1220 1714; x_wconf 88' lang='lat' dir='ltr'><strong>per</strong></span> <span class='ocrx_word' id='word_1_129' title='bbox 1250 1650 1513 1714; x_wconf 77' lang='lat' dir='ltr'><strong>Originum</strong></span> <span class='ocrx_word' id='word_1_130' title='bbox 1553 1651 1775 1714; x_wconf 90' lang='lat' dir='ltr'><strong>prodita,</strong></span> <span class='ocrx_word' id='word_1_131' title='bbox 1825 1666 1914 1716; x_wconf 90' lang='lat' dir='ltr'><strong>per</strong></span> <span class='ocrx_word' id='word_1_132' title='bbox 1961 1651 2142 1703; x_wconf 84' lang='lat' dir='ltr'><strong>lliero-</strong></span> 
     </span>
    </p>
   </div>
   <div class='ocr_carea' id='block_1_18' title="bbox 627 1734 2135 1801">
    <p class='ocr_par' dir='ltr' id='par_1_18' title="bbox 627 1734 2135 1801">
     <span class='ocr_line' id='line_1_18' title="bbox 627 1734 2135 1801; baseline 0.006 -20"><span class='ocrx_word' id='word_1_133' title='bbox 627 1747 832 1800; x_wconf 78' lang='lat' dir='ltr'><strong>nymum</strong></span> <span class='ocrx_word' id='word_1_134' title='bbox 873 1734 1033 1793; x_wconf 81' lang='lat' dir='ltr'><strong>edita,</strong></span> <span class='ocrx_word' id='word_1_135' title='bbox 1065 1749 1152 1798; x_wconf 86' lang='lat' dir='ltr'><strong>per</strong></span> <span class='ocrx_word' id='word_1_136' title='bbox 1179 1737 1517 1800; x_wconf 78' lang='lat' dir='ltr'><strong>Augustinum</strong></span> <span class='ocrx_word' id='word_1_137' title='bbox 1550 1736 1772 1800; x_wconf 88' lang='lat' dir='ltr'><strong>laudata,</strong></span> <span class='ocrx_word' id='word_1_138' title='bbox 1804 1746 1855 1788; x_wconf 89' lang='lat' dir='ltr'><strong>et</strong></span> <span class='ocrx_word' id='word_1_139' title='bbox 1887 1752 1974 1801; x_wconf 87' lang='lat' dir='ltr'><strong>per</strong></span> <span class='ocrx_word' id='word_1_140' title='bbox 1999 1737 2135 1790; x_wconf 73' lang='lat' dir='ltr'><strong>Jose~</strong></span> 
     </span>
    </p>
   </div>
   <div class='ocr_carea' id='block_1_19' title="bbox 2251 593 3734 667">
    <p class='ocr_par' dir='ltr' id='par_1_19' title="bbox 2251 593 3734 667">
     <span class='ocr_line' id='line_1_19' title="bbox 2251 593 3734 667; baseline 0.011 -26"><span class='ocrx_word' id='word_1_141' title='bbox 2251 594 2429 643; x_wconf 82' lang='lat' dir='ltr'><strong>c.rtcri</strong></span> <span class='ocrx_word' id='word_1_142' title='bbox 2481 593 2836 661; x_wconf 63' lang='lat' dir='ltr'><strong>ngyptiormn</strong></span> <span class='ocrx_word' id='word_1_143' title='bbox 2883 598 3116 662; x_wconf 75' lang='lat' dir='ltr'><strong>magistri</strong></span> <span class='ocrx_word' id='word_1_144' title='bbox 3167 600 3268 650; x_wconf 76' lang='lat' dir='ltr'><strong>hoc</strong></span> <span class='ocrx_word' id='word_1_145' title='bbox 3314 605 3474 667; x_wconf 77' lang='lat' dir='ltr'><strong>magis</strong></span> <span class='ocrx_word' id='word_1_146' title='bbox 3508 605 3555 652; x_wconf 90' lang='lat' dir='ltr'><strong>in</strong></span> <span class='ocrx_word' id='word_1_147' title='bbox 3583 606 3734 656; x_wconf 55' lang='lat' dir='ltr'><strong>dunar—</strong></span> 
     </span>
    </p>
   </div>
   <div class='ocr_carea' id='block_1_20' title="bbox 2251 680 3737 746">
    <p class='ocr_par' dir='ltr' id='par_1_20' title="bbox 2251 680 3737 746">
     <span class='ocr_line' id='line_1_20' title="bbox 2251 680 3737 746; baseline 0.011 -16"><span class='ocrx_word' id='word_1_148' title='bbox 2251 680 2387 731; x_wconf 87' lang='lat' dir='ltr'><strong>citno</strong></span> <span class='ocrx_word' id='word_1_149' title='bbox 2431 681 2771 734; x_wconf 75' lang='lat' dir='ltr'><strong>Kalendarum</strong></span> <span class='ocrx_word' id='word_1_150' title='bbox 2810 686 3108 736; x_wconf 85' lang='lat' dir='ltr'><strong>earumdem</strong></span> <span class='ocrx_word' id='word_1_151' title='bbox 3150 686 3237 737; x_wconf 89' lang='lat' dir='ltr'><strong>die</strong></span> <span class='ocrx_word' id='word_1_152' title='bbox 3284 693 3628 743; x_wconf 73' lang='lat' dir='ltr'><strong>annotandum</strong></span> <span class='ocrx_word' id='word_1_153' title='bbox 3652 712 3737 746; x_wconf 45' lang='lat' dir='ltr'><strong>essu</strong></span> 
     </span>
    </p>
   </div>
   <div class='ocr_carea' id='block_1_21' title="bbox 2251 755 3735 838">
    <p class='ocr_par' dir='ltr' id='par_1_21' title="bbox 2251 755 3735 838">
     <span class='ocr_line' id='line_1_21' title="bbox 2251 755 3735 838; baseline 0.011 -20"><span class='ocrx_word' id='word_1_154' title='bbox 2251 769 2554 822; x_wconf 80' lang='lat' dir='ltr'><strong>decernant.</strong></span> <span class='ocrx_word' id='word_1_155' title='bbox 2603 755 2736 824; x_wconf 81' lang='lat' dir='ltr'><strong>Dicit</strong></span> <span class='ocrx_word' id='word_1_156' title='bbox 2782 788 3002 838; x_wconf 86' lang='lat' dir='ltr'><strong>namque</strong></span> <span class='ocrx_word' id='word_1_157' title='bbox 3031 788 3239 828; x_wconf 81' lang='lat' dir='ltr'><strong>saueius</strong></span> <span class='ocrx_word' id='word_1_158' title='bbox 3269 775 3536 830; x_wconf 77' lang='lat' dir='ltr'><strong>Proterius</strong></span> <span class='ocrx_word' id='word_1_159' title='bbox 3558 781 3735 833; x_wconf 76' lang='lat' dir='ltr'><strong>Alem-</strong></span> 
     </span>
    </p>
   </div>
   <div class='ocr_carea' id='block_1_22' title="bbox 2250 858 3736 932">
    <p class='ocr_par' dir='ltr' id='par_1_22' title="bbox 2250 858 3736 932">
     <span class='ocr_line' id='line_1_22' title="bbox 2250 858 3736 932; baseline 0.013 -28"><span class='ocrx_word' id='word_1_160' title='bbox 2250 858 2409 908; x_wconf 69' lang='lat' dir='ltr'><strong>driuze</strong></span> <span class='ocrx_word' id='word_1_161' title='bbox 2437 860 2654 910; x_wconf 87' lang='lat' dir='ltr'><strong>antistes</strong></span> <span class='ocrx_word' id='word_1_162' title='bbox 2677 863 2934 921; x_wconf 76' lang='lat' dir='ltr'><strong>ecclesia-,</strong></span> <span class='ocrx_word' id='word_1_163' title='bbox 2961 865 3023 913; x_wconf 82' lang='lat' dir='ltr'><strong>ad</strong></span> <span class='ocrx_word' id='word_1_164' title='bbox 3057 865 3409 917; x_wconf 85' lang='lat' dir='ltr'><strong>beatissimum</strong></span> <span class='ocrx_word' id='word_1_165' title='bbox 3441 883 3615 932; x_wconf 84' lang='lat' dir='ltr'><strong>papam</strong></span> <span class='ocrx_word' id='word_1_166' title='bbox 3644 872 3736 922; x_wconf 79' lang='lat' dir='ltr'><strong>Leo-</strong></span> 
     </span>
    </p>
   </div>
   <div class='ocr_carea' id='block_1_23' title="bbox 2255 946 3734 1022">
    <p class='ocr_par' dir='ltr' id='par_1_23' title="bbox 2255 946 3734 1022">
     <span class='ocr_line' id='line_1_23' title="bbox 2255 946 3734 1022; baseline 0.014 -32"><span class='ocrx_word' id='word_1_167' title='bbox 2255 958 2371 995; x_wconf 87' lang='lat' dir='ltr'><strong>nem</strong></span> <span class='ocrx_word' id='word_1_168' title='bbox 2419 946 2654 996; x_wconf 87' lang='lat' dir='ltr'><strong>scribens</strong></span> <span class='ocrx_word' id='word_1_169' title='bbox 2703 947 2768 998; x_wconf 88' lang='lat' dir='ltr'><strong>de</strong></span> <span class='ocrx_word' id='word_1_170' title='bbox 2825 951 3054 1011; x_wconf 78' lang='lat' dir='ltr'><strong>pascha:</strong></span> <span class='ocrx_word' id='word_1_171' title='bbox 3090 969 3109 999; x_wconf 87' lang='grc' dir='ltr'><strong>ι</strong></span> <span class='ocrx_word' id='word_1_172' title='bbox 3145 952 3208 1002; x_wconf 83' lang='lat' dir='ltr'><strong>Et</strong></span> <span class='ocrx_word' id='word_1_173' title='bbox 3261 955 3537 1007; x_wconf 78' lang='lat' dir='ltr'><strong>manifeste</strong></span> <span class='ocrx_word' id='word_1_174' title='bbox 3575 962 3734 1022; x_wconf 74' lang='lat' dir='ltr'><strong>quidem</strong></span> 
     </span>
    </p>
   </div>
   <div class='ocr_carea' id='block_1_24' title="bbox 2249 1030 3732 1108">
    <p class='ocr_par' dir='ltr' id='par_1_24' title="bbox 2249 1030 3732 1108">
     <span class='ocr_line' id='line_1_24' title="bbox 2249 1030 3732 1108; baseline 0.014 -31"><span class='ocrx_word' id='word_1_175' title='bbox 2249 1030 2531 1080; x_wconf 84' lang='lat' dir='ltr'><strong>secundum</strong></span> <span class='ocrx_word' id='word_1_176' title='bbox 2578 1044 2786 1083; x_wconf 79' lang='lat' dir='ltr'><strong>Clll‘Sttm</strong></span> <span class='ocrx_word' id='word_1_177' title='bbox 2838 1036 2980 1096; x_wconf 88' lang='lat' dir='ltr'><strong>solis,</strong></span> <span class='ocrx_word' id='word_1_178' title='bbox 3011 1051 3109 1087; x_wconf 78' lang='lat' dir='ltr'><strong>xxv</strong></span> <span class='ocrx_word' id='word_1_179' title='bbox 3135 1038 3218 1088; x_wconf 88' lang='lat' dir='ltr'><strong>die</strong></span> <span class='ocrx_word' id='word_1_180' title='bbox 3249 1041 3444 1090; x_wconf 69' lang='lat' dir='ltr'><strong>internis</strong></span> <span class='ocrx_word' id='word_1_181' title='bbox 3470 1043 3732 1108; x_wconf 82' lang='lat' dir='ltr'><strong>Famenoth.</strong></span> 
     </span>
    </p>
   </div>
   <div class='ocr_carea' id='block_1_25' title="bbox 2246 1115 3732 1190">
    <p class='ocr_par' dir='ltr' id='par_1_25' title="bbox 2246 1115 3732 1190">
     <span class='ocr_line' id='line_1_25' title="bbox 2246 1115 3732 1190; baseline 0.015 -27"><span class='ocrx_word' id='word_1_182' title='bbox 2246 1115 2331 1178; x_wconf 89' lang='lat' dir='ltr'><strong>qui</strong></span> <span class='ocrx_word' id='word_1_183' title='bbox 2376 1116 2527 1166; x_wconf 88' lang='lat' dir='ltr'><strong>etiam</strong></span> <span class='ocrx_word' id='word_1_184' title='bbox 2577 1133 2646 1168; x_wconf 73' lang='lat' dir='ltr'><strong>xu</strong></span> <span class='ocrx_word' id='word_1_185' title='bbox 2702 1118 3050 1172; x_wconf 73' lang='lat' dir='ltr'><strong>Kalendarum</strong></span> <span class='ocrx_word' id='word_1_186' title='bbox 3107 1125 3364 1187; x_wconf 77' lang='lat' dir='ltr'><strong>Aprilium</strong></span> <span class='ocrx_word' id='word_1_187' title='bbox 3416 1130 3732 1190; x_wconf 58' lang='lat' dir='ltr'><strong>atquinocu&#39;uai</strong></span> 
     </span>
    </p>
   </div>
   <div class='ocr_carea' id='block_1_26' title="bbox 2248 1211 3734 1282">
    <p class='ocr_par' dir='ltr' id='par_1_26' title="bbox 2248 1211 3734 1282">
     <span class='ocr_line' id='line_1_26' title="bbox 2248 1211 3734 1282; baseline 0.011 -28"><span class='ocrx_word' id='word_1_188' title='bbox 2248 1219 2364 1256; x_wconf 83' lang='lat' dir='ltr'><strong>esse</strong></span> <span class='ocrx_word' id='word_1_189' title='bbox 2388 1213 2735 1272; x_wconf 70' lang='lat' dir='ltr'><strong>cognoscitur.</strong></span> <span class='ocrx_word' id='word_1_190' title='bbox 2764 1211 2862 1261; x_wconf 78' lang='lat' dir='ltr'><strong>Sed</strong></span> <span class='ocrx_word' id='word_1_191' title='bbox 2895 1226 2996 1263; x_wconf 92' lang='lat' dir='ltr'><strong>non</strong></span> <span class='ocrx_word' id='word_1_192' title='bbox 3027 1223 3235 1277; x_wconf 82' lang='lat' dir='ltr'><strong>oportet</strong></span> <span class='ocrx_word' id='word_1_193' title='bbox 3258 1216 3324 1264; x_wconf 89' lang='lat' dir='ltr'><strong>ab</strong></span> <span class='ocrx_word' id='word_1_194' title='bbox 3351 1215 3448 1266; x_wconf 81' lang='lat' dir='ltr'><strong>bec</strong></span> <span class='ocrx_word' id='word_1_195' title='bbox 3474 1223 3734 1282; x_wconf 68' lang='lat' dir='ltr'><strong>aequinoctia</strong></span> 
     </span>
    </p>
   </div>
   <div class='ocr_carea' id='block_1_27' title="bbox 2246 1293 3730 1372">
    <p class='ocr_par' dir='ltr' id='par_1_27' title="bbox 2246 1293 3730 1372">
     <span class='ocr_line' id='line_1_27' title="bbox 2246 1293 3730 1372; baseline 0.013 -31"><span class='ocrx_word' id='word_1_196' title='bbox 2246 1293 2393 1356; x_wconf 86' lang='lat' dir='ltr'><strong>primi</strong></span> <span class='ocrx_word' id='word_1_197' title='bbox 2440 1297 2631 1346; x_wconf 81' lang='lat' dir='ltr'><strong>mensis</strong></span> <span class='ocrx_word' id='word_1_198' title='bbox 2677 1302 2945 1350; x_wconf 66' lang='lat' dir='ltr'><strong>exordium</strong></span> <span class='ocrx_word' id='word_1_199' title='bbox 2983 1302 3135 1365; x_wconf 72' lang='lat' dir='ltr'><strong>juxta</strong></span> <span class='ocrx_word' id='word_1_200' title='bbox 3165 1317 3372 1354; x_wconf 84' lang='lat' dir='ltr'><strong>cursum</strong></span> <span class='ocrx_word' id='word_1_201' title='bbox 3404 1309 3539 1357; x_wconf 56' lang='lat' dir='ltr'><strong>luo:</strong></span> <span class='ocrx_word' id='word_1_202' title='bbox 3570 1324 3730 1372; x_wconf 57' lang='lat' dir='ltr'><strong>prorsa,</strong></span> 
     </span>
    </p>
   </div>
   <div class='ocr_carea' id='block_1_28' title="bbox 2245 1382 3726 1452">
    <p class='ocr_par' dir='ltr' id='par_1_28' title="bbox 2245 1382 3726 1452">
     <span class='ocr_line' id='line_1_28' title="bbox 2245 1382 3726 1452; baseline 0.012 -21"><span class='ocrx_word' id='word_1_203' title='bbox 2245 1382 2470 1446; x_wconf 78' lang='lat' dir='ltr'><strong>afﬁgere,</strong></span> <span class='ocrx_word' id='word_1_204' title='bbox 2502 1387 2726 1448; x_wconf 81' lang='lat' dir='ltr'><strong>alioquin</strong></span> <span class='ocrx_word' id='word_1_205' title='bbox 2765 1403 2854 1452; x_wconf 85' lang='lat' dir='ltr'><strong>per</strong></span> <span class='ocrx_word' id='word_1_206' title='bbox 2879 1387 3060 1442; x_wconf 75' lang='lat' dir='ltr'><strong>omnia</strong></span> <span class='ocrx_word' id='word_1_207' title='bbox 3099 1395 3223 1444; x_wconf 90' lang='lat' dir='ltr'><strong>solis</strong></span> <span class='ocrx_word' id='word_1_208' title='bbox 3252 1396 3448 1446; x_wconf 76' lang='lat' dir='ltr'><strong>cirCqu</strong></span> <span class='ocrx_word' id='word_1_209' title='bbox 3492 1399 3617 1448; x_wconf 75' lang='lat' dir='ltr'><strong>luna:</strong></span> <span class='ocrx_word' id='word_1_210' title='bbox 3649 1401 3726 1449; x_wconf 76' lang='lat' dir='ltr'><strong>dis-</strong></span> 
     </span>
    </p>
   </div>
   <div class='ocr_carea' id='block_1_29' title="bbox 2245 1478 3726 1555">
    <p class='ocr_par' dir='ltr' id='par_1_29' title="bbox 2245 1478 3726 1555">
     <span class='ocr_line' id='line_1_29' title="bbox 2245 1478 3726 1555; baseline 0.016 -37"><span class='ocrx_word' id='word_1_211' title='bbox 2245 1486 2423 1522; x_wconf 85' lang='lat' dir='ltr'><strong>cursus</strong></span> <span class='ocrx_word' id='word_1_212' title='bbox 2472 1478 2785 1527; x_wconf 76' lang='lat' dir='ltr'><strong>concordare</strong></span> <span class='ocrx_word' id='word_1_213' title='bbox 2827 1479 3094 1534; x_wconf 76' lang='lat' dir='ltr'><strong>debuerat.</strong></span> <span class='ocrx_word' id='word_1_214' title='bbox 3124 1500 3141 1531; x_wconf 81' lang='grc' dir='ltr'><strong>ι</strong></span> <span class='ocrx_word' id='word_1_215' title='bbox 3192 1484 3324 1534; x_wconf 82' lang='lat' dir='ltr'><strong>Dicit</strong></span> <span class='ocrx_word' id='word_1_216' title='bbox 3353 1496 3405 1536; x_wconf 85' lang='lat' dir='ltr'><strong>et</strong></span> <span class='ocrx_word' id='word_1_217' title='bbox 3433 1498 3632 1538; x_wconf 81' lang='lat' dir='ltr'><strong>sanctus</strong></span> <span class='ocrx_word' id='word_1_218' title='bbox 3655 1489 3726 1555; x_wconf 64' lang='lat' dir='ltr'><strong>Cy-</strong></span> 
     </span>
    </p>
   </div>
   <div class='ocr_carea' id='block_1_30' title="bbox 2245 1558 3726 1638">
    <p class='ocr_par' dir='ltr' id='par_1_30' title="bbox 2245 1558 3726 1638">
     <span class='ocr_line' id='line_1_30' title="bbox 2245 1558 3726 1638; baseline 0.014 -32"><span class='ocrx_word' id='word_1_219' title='bbox 2245 1558 2390 1609; x_wconf 87' lang='lat' dir='ltr'><strong>rillus</strong></span> <span class='ocrx_word' id='word_1_220' title='bbox 2444 1561 2672 1625; x_wconf 82' lang='lat' dir='ltr'><strong>ejusdem</strong></span> <span class='ocrx_word' id='word_1_221' title='bbox 2725 1570 2906 1629; x_wconf 69' lang='lat' dir='ltr'><strong>pnesul</strong></span> <span class='ocrx_word' id='word_1_222' title='bbox 2957 1569 3241 1622; x_wconf 74' lang='lat' dir='ltr'><strong>Ecclesize:</strong></span> <span class='ocrx_word' id='word_1_223' title='bbox 3277 1591 3292 1619; x_wconf 91' lang='grc' dir='ltr'><strong>ι</strong></span> <span class='ocrx_word' id='word_1_224' title='bbox 3326 1574 3416 1625; x_wconf 78' lang='lat' dir='ltr'><strong>Sol</strong></span> <span class='ocrx_word' id='word_1_225' title='bbox 3472 1577 3601 1625; x_wconf 88' lang='lat' dir='ltr'><strong>enim</strong></span> <span class='ocrx_word' id='word_1_226' title='bbox 3649 1579 3726 1638; x_wconf 75' lang='lat' dir='ltr'><strong>ipse</strong></span> 
     </span>
    </p>
   </div>
   <div class='ocr_carea' id='block_1_31' title="bbox 2243 1647 3723 1720">
    <p class='ocr_par' dir='ltr' id='par_1_31' title="bbox 2243 1647 3723 1720">
     <span class='ocr_line' id='line_1_31' title="bbox 2243 1647 3723 1720; baseline 0.012 -26"><span class='ocrx_word' id='word_1_227' title='bbox 2243 1647 2470 1710; x_wconf 82' lang='lat' dir='ltr'><strong>quotidie</strong></span> <span class='ocrx_word' id='word_1_228' title='bbox 2494 1660 2625 1699; x_wconf 72' lang='lat' dir='ltr'><strong>terra</strong></span> <span class='ocrx_word' id='word_1_229' title='bbox 2660 1654 2887 1720; x_wconf 80' lang='lat' dir='ltr'><strong>marique</strong></span> <span class='ocrx_word' id='word_1_230' title='bbox 2914 1665 2964 1707; x_wconf 89' lang='lat' dir='ltr'><strong>et</strong></span> <span class='ocrx_word' id='word_1_231' title='bbox 2995 1657 3260 1708; x_wconf 83' lang='lat' dir='ltr'><strong>clauditur</strong></span> <span class='ocrx_word' id='word_1_232' title='bbox 3287 1661 3338 1710; x_wconf 89' lang='lat' dir='ltr'><strong>in</strong></span> <span class='ocrx_word' id='word_1_233' title='bbox 3373 1663 3475 1713; x_wconf 82' lang='lat' dir='ltr'><strong>line</strong></span> <span class='ocrx_word' id='word_1_234' title='bbox 3496 1665 3608 1719; x_wconf 86' lang='lat' dir='ltr'><strong>diei.</strong></span> <span class='ocrx_word' id='word_1_235' title='bbox 3634 1669 3723 1715; x_wconf 78' lang='lat' dir='ltr'><strong>etin</strong></span> 
     </span>
    </p>
   </div>
   <div class='ocr_carea' id='block_1_32' title="bbox 2243 1733 3724 1812">
    <p class='ocr_par' dir='ltr' id='par_1_32' title="bbox 2243 1733 3724 1812">
     <span class='ocr_line' id='line_1_32' title="bbox 2243 1733 3724 1812; baseline 0.014 -32"><span class='ocrx_word' id='word_1_236' title='bbox 2243 1733 2341 1783; x_wconf 89' lang='lat' dir='ltr'><strong>diei</strong></span> <span class='ocrx_word' id='word_1_237' title='bbox 2375 1735 2517 1785; x_wconf 90' lang='lat' dir='ltr'><strong>initio</strong></span> <span class='ocrx_word' id='word_1_238' title='bbox 2543 1739 2793 1801; x_wconf 87' lang='lat' dir='ltr'><strong>aperitur,</strong></span> <span class='ocrx_word' id='word_1_239' title='bbox 2840 1750 2889 1792; x_wconf 89' lang='lat' dir='ltr'><strong>et</strong></span> <span class='ocrx_word' id='word_1_240' title='bbox 2939 1743 3050 1794; x_wconf 74' lang='lat' dir='ltr'><strong>finit</strong></span> <span class='ocrx_word' id='word_1_241' title='bbox 3091 1746 3173 1795; x_wconf 93' lang='lat' dir='ltr'><strong>sol</strong></span> <span class='ocrx_word' id='word_1_242' title='bbox 3213 1761 3422 1797; x_wconf 84' lang='lat' dir='ltr'><strong>cursum</strong></span> <span class='ocrx_word' id='word_1_243' title='bbox 3453 1751 3600 1800; x_wconf 86' lang='lat' dir='ltr'><strong>totius</strong></span> <span class='ocrx_word' id='word_1_244' title='bbox 3622 1769 3724 1812; x_wconf 73' lang='grc' dir='ltr'>ειηιιτ,</span> 
     </span>
    </p>
   </div>
   <div class='ocr_carea' id='block_1_33' title="bbox 623 1813 3724 1896">
    <p class='ocr_par' dir='ltr' id='par_1_33' title="bbox 623 1813 3724 1896">
     <span class='ocr_line' id='line_1_33' title="bbox 623 1813 3724 1896; baseline 0.008 -24"><span class='ocrx_word' id='word_1_245' title='bbox 623 1825 776 1889; x_wconf 76' lang='lat' dir='ltr'><strong>plnum</strong></span> <span class='ocrx_word' id='word_1_246' title='bbox 819 1826 1120 1874; x_wconf 78' lang='lat' dir='ltr'><strong>continuata</strong></span> <span class='ocrx_word' id='word_1_247' title='bbox 1156 1863 1171 1886; x_wconf 90' lang='lat'><strong>,</strong></span> <span class='ocrx_word' id='word_1_248' title='bbox 1199 1825 1384 1889; x_wconf 83' lang='lat' dir='ltr'><strong>quibus</strong></span> <span class='ocrx_word' id='word_1_249' title='bbox 1422 1841 1516 1890; x_wconf 79' lang='lat' dir='ltr'><strong>ego</strong></span> <span class='ocrx_word' id='word_1_250' title='bbox 1547 1827 1594 1875; x_wconf 90' lang='lat' dir='ltr'><strong>in</strong></span> <span class='ocrx_word' id='word_1_251' title='bbox 1627 1828 1782 1878; x_wconf 82' lang='lat' dir='ltr'><strong>rebus</strong></span> <span class='ocrx_word' id='word_1_252' title='bbox 1813 1827 1998 1877; x_wconf 81' lang='lat' dir='ltr'><strong>talibus</strong></span> <span class='ocrx_word' id='word_1_253' title='bbox 2023 1831 2134 1878; x_wconf 85' lang='lat' dir='ltr'><strong>nul-</strong></span> <span class='ocrx_word' id='word_1_254' title='bbox 2170 1813 2211 1868; x_wconf 78' lang='grc' dir='ltr'><strong><em>Β</em></strong></span> <span class='ocrx_word' id='word_1_255' title='bbox 2241 1823 2286 1871; x_wconf 80' lang='lat' dir='ltr'><strong>ill</strong></span> <span class='ocrx_word' id='word_1_256' title='bbox 2317 1825 2622 1875; x_wconf 66' lang='grc' dir='ltr'><strong>(ίιιηάεοίιηο</strong></span> <span class='ocrx_word' id='word_1_257' title='bbox 2651 1825 2992 1880; x_wconf 57' lang='lat' dir='ltr'><strong>Kalendarum</strong></span> <span class='ocrx_word' id='word_1_258' title='bbox 3027 1834 3237 1896; x_wconf 71' lang='lat' dir='ltr'><strong>Aprilis.</strong></span> <span class='ocrx_word' id='word_1_259' title='bbox 3268 1853 3285 1883; x_wconf 74' lang='grc' dir='ltr'><strong>ι</strong></span> <span class='ocrx_word' id='word_1_260' title='bbox 3317 1834 3464 1888; x_wconf 73' lang='lat' dir='ltr'><strong>Unde</strong></span> <span class='ocrx_word' id='word_1_261' title='bbox 3495 1847 3540 1887; x_wconf 68' lang='lat' dir='ltr'><strong>lc</strong></span> <span class='ocrx_word' id='word_1_262' title='bbox 3565 1843 3724 1896; x_wconf 64' lang='lat' dir='ltr'><strong>turrim.</strong></span> 
     </span>
    </p>
   </div>
   <div class='ocr_carea' id='block_1_34' title="bbox 620 1910 2137 1976">
    <p class='ocr_par' dir='ltr' id='par_1_34' title="bbox 620 1910 2137 1976">
     <span class='ocr_line' id='line_1_34' title="bbox 620 1910 2137 1976; baseline 0.001 -16"><span class='ocrx_word' id='word_1_263' title='bbox 620 1915 696 1961; x_wconf 90' lang='lat' dir='ltr'><strong>los</strong></span> <span class='ocrx_word' id='word_1_264' title='bbox 729 1911 935 1962; x_wconf 85' lang='lat' dir='ltr'><strong>imenio</strong></span> <span class='ocrx_word' id='word_1_265' title='bbox 967 1911 1238 1960; x_wconf 80' lang='lat' dir='ltr'><strong>doctiores.</strong></span> <span class='ocrx_word' id='word_1_266' title='bbox 1278 1910 1448 1976; x_wconf 74' lang='lat' dir='ltr'><strong>Neque</strong></span> <span class='ocrx_word' id='word_1_267' title='bbox 1475 1921 1643 1964; x_wconf 86' lang='lat' dir='ltr'><strong>autem</strong></span> <span class='ocrx_word' id='word_1_268' title='bbox 1684 1911 1996 1973; x_wconf 83' lang='lat' dir='ltr'><strong>mirandum,</strong></span> <span class='ocrx_word' id='word_1_269' title='bbox 2028 1914 2137 1962; x_wconf 84' lang='lat' dir='ltr'><strong>latt—</strong></span> 
     </span>
    </p>
   </div>
   <div class='ocr_carea' id='block_1_35' title="bbox 613 1995 2138 2078">
    <p class='ocr_par' dir='ltr' id='par_1_35' title="bbox 613 1995 2138 2078">
     <span class='ocr_line' id='line_1_35' title="bbox 613 1995 2138 2078; baseline 0 -32"><span class='ocrx_word' id='word_1_270' title='bbox 613 1996 832 2047; x_wconf 87' lang='lat' dir='ltr'><strong>dabilem</strong></span> <span class='ocrx_word' id='word_1_271' title='bbox 885 1996 1051 2045; x_wconf 85' lang='lat' dir='ltr'><strong>virum</strong></span> <span class='ocrx_word' id='word_1_272' title='bbox 1103 1995 1399 2057; x_wconf 78' lang='lat' dir='ltr'><strong>Eusebium,</strong></span> <span class='ocrx_word' id='word_1_273' title='bbox 1445 1998 1684 2062; x_wconf 79' lang='lat' dir='ltr'><strong>quamvis</strong></span> <span class='ocrx_word' id='word_1_274' title='bbox 1735 1996 1865 2048; x_wconf 92' lang='lat' dir='ltr'><strong>miro</strong></span> <span class='ocrx_word' id='word_1_275' title='bbox 1911 1997 2138 2078; x_wconf 68' lang='lat' dir='ltr'><strong>sapieudi</strong></span> 
     </span>
    </p>
   </div>
   <div class='ocr_carea' id='block_1_36' title="bbox 612 2085 2137 2153">
    <p class='ocr_par' dir='ltr' id='par_1_36' title="bbox 612 2085 2137 2153">
     <span class='ocr_line' id='line_1_36' title="bbox 612 2085 2137 2153; baseline 0.003 -20"><span class='ocrx_word' id='word_1_276' title='bbox 612 2085 920 2149; x_wconf 80' lang='lat' dir='ltr'><strong>dicendique</strong></span> <span class='ocrx_word' id='word_1_277' title='bbox 968 2085 1171 2151; x_wconf 78' lang='lat' dir='ltr'><strong>ingenio</strong></span> <span class='ocrx_word' id='word_1_278' title='bbox 1218 2094 1400 2136; x_wconf 87' lang='lat' dir='ltr'><strong>testam</strong></span> <span class='ocrx_word' id='word_1_279' title='bbox 1457 2086 1752 2152; x_wconf 81' lang='lat' dir='ltr'><strong>ferrumque</strong></span> <span class='ocrx_word' id='word_1_280' title='bbox 1803 2088 1882 2153; x_wconf 85' lang='lat' dir='ltr'><strong>(ut</strong></span> <span class='ocrx_word' id='word_1_281' title='bbox 1930 2087 2137 2149; x_wconf 68' lang='lat' dir='ltr'><strong>dicitur)</strong></span> 
     </span>
    </p>
   </div>
   <div class='ocr_carea' id='block_1_37' title="bbox 613 2175 2136 2242">
    <p class='ocr_par' dir='ltr' id='par_1_37' title="bbox 613 2175 2136 2242">
     <span class='ocr_line' id='line_1_37' title="bbox 613 2175 2136 2242; baseline 0.004 -22"><span class='ocrx_word' id='word_1_282' title='bbox 613 2175 972 2241; x_wconf 76' lang='lat' dir='ltr'><strong>conglutinare</strong></span> <span class='ocrx_word' id='word_1_283' title='bbox 1023 2178 1238 2232; x_wconf 81' lang='lat' dir='ltr'><strong>valeret,</strong></span> <span class='ocrx_word' id='word_1_284' title='bbox 1287 2190 1389 2224; x_wconf 91' lang='lat' dir='ltr'><strong>non</strong></span> <span class='ocrx_word' id='word_1_285' title='bbox 1439 2176 1611 2226; x_wconf 89' lang='lat' dir='ltr'><strong>valere</strong></span> <span class='ocrx_word' id='word_1_286' title='bbox 1661 2185 1830 2226; x_wconf 88' lang='lat' dir='ltr'><strong>tamen</strong></span> <span class='ocrx_word' id='word_1_287' title='bbox 1871 2175 2005 2242; x_wconf 87' lang='lat' dir='ltr'><strong>quod</strong></span> <span class='ocrx_word' id='word_1_288' title='bbox 2038 2191 2136 2226; x_wconf 88' lang='lat' dir='ltr'><strong>noti</strong></span> 
     </span>
    </p>
   </div>
   <div class='ocr_carea' id='block_1_38' title="bbox 613 2261 2138 2328">
    <p class='ocr_par' dir='ltr' id='par_1_38' title="bbox 613 2261 2138 2328">
     <span class='ocr_line' id='line_1_38' title="bbox 613 2261 2138 2328; baseline 0.002 -17"><span class='ocrx_word' id='word_1_289' title='bbox 613 2261 886 2324; x_wconf 78' lang='lat' dir='ltr'><strong>didicerat,</strong></span> <span class='ocrx_word' id='word_1_290' title='bbox 923 2264 1018 2314; x_wconf 86' lang='lat' dir='ltr'><strong>lioc</strong></span> <span class='ocrx_word' id='word_1_291' title='bbox 1046 2273 1154 2324; x_wconf 88' lang='lat' dir='ltr'><strong>est,</strong></span> <span class='ocrx_word' id='word_1_292' title='bbox 1194 2262 1457 2314; x_wconf 76' lang='lat' dir='ltr'><strong>llebra-am</strong></span> <span class='ocrx_word' id='word_1_293' title='bbox 1513 2264 1646 2314; x_wconf 90' lang='lat' dir='ltr'><strong>scire</strong></span> <span class='ocrx_word' id='word_1_294' title='bbox 1697 2263 1942 2328; x_wconf 83' lang='lat' dir='ltr'><strong>linguam,</strong></span> <span class='ocrx_word' id='word_1_295' title='bbox 1991 2262 2138 2328; x_wconf 88' lang='lat' dir='ltr'><strong>cujus</strong></span> 
     </span>
    </p>
   </div>
   <div class='ocr_carea' id='block_1_39' title="bbox 615 2348 2135 2416">
    <p class='ocr_par' dir='ltr' id='par_1_39' title="bbox 615 2348 2135 2416">
     <span class='ocr_line' id='line_1_39' title="bbox 615 2348 2135 2416; baseline 0.002 -20"><span class='ocrx_word' id='word_1_296' title='bbox 615 2350 800 2401; x_wconf 78' lang='lat' dir='ltr'><strong>timore</strong></span> <span class='ocrx_word' id='word_1_297' title='bbox 849 2351 993 2416; x_wconf 88' lang='lat' dir='ltr'><strong>quasi</strong></span> <span class='ocrx_word' id='word_1_298' title='bbox 1042 2348 1569 2401; x_wconf 67' lang='lat' dir='ltr'><strong>merito&#39;rcveremlae</strong></span> <span class='ocrx_word' id='word_1_299' title='bbox 1620 2359 1672 2400; x_wconf 89' lang='lat' dir='ltr'><strong>et</strong></span> <span class='ocrx_word' id='word_1_300' title='bbox 1719 2349 1815 2401; x_wconf 91' lang='lat' dir='ltr'><strong>boc</strong></span> <span class='ocrx_word' id='word_1_301' title='bbox 1846 2349 1979 2412; x_wconf 92' lang='lat' dir='ltr'><strong>quod</strong></span> <span class='ocrx_word' id='word_1_302' title='bbox 2006 2351 2135 2399; x_wconf 82' lang='lat' dir='ltr'><strong>seic-</strong></span> 
     </span>
    </p>
   </div>
   <div class='ocr_carea' id='block_1_40' title="bbox 613 2433 2137 2503">
    <p class='ocr_par' dir='ltr' id='par_1_40' title="bbox 613 2433 2137 2503">
     <span class='ocr_line' id='line_1_40' title="bbox 613 2433 2137 2503; baseline -0.002 -17"><span class='ocrx_word' id='word_1_303' title='bbox 613 2441 696 2487; x_wconf 91' lang='lat' dir='ltr'><strong>bat</strong></span> <span class='ocrx_word' id='word_1_304' title='bbox 748 2439 855 2503; x_wconf 85' lang='lat' dir='ltr'><strong>ipse</strong></span> <span class='ocrx_word' id='word_1_305' title='bbox 921 2452 1255 2502; x_wconf 83' lang='lat' dir='ltr'><strong>corrumpere</strong></span> <span class='ocrx_word' id='word_1_306' title='bbox 1303 2452 1404 2486; x_wconf 90' lang='lat' dir='ltr'><strong>non</strong></span> <span class='ocrx_word' id='word_1_307' title='bbox 1463 2437 1674 2495; x_wconf 89' lang='lat' dir='ltr'><strong>timuit,</strong></span> <span class='ocrx_word' id='word_1_308' title='bbox 1733 2442 1788 2484; x_wconf 87' lang='lat' dir='ltr'><strong>ut</strong></span> <span class='ocrx_word' id='word_1_309' title='bbox 1836 2447 1991 2498; x_wconf 81' lang='lat' dir='ltr'><strong>supra</strong></span> <span class='ocrx_word' id='word_1_310' title='bbox 2043 2433 2137 2483; x_wconf 85' lang='lat' dir='ltr'><strong>du-</strong></span> 
     </span>
    </p>
   </div>
   <div class='ocr_carea' id='block_1_41' title="bbox 608 2527 827 2576">
    <p class='ocr_par' dir='ltr' id='par_1_41' title="bbox 608 2527 827 2576">
     <span class='ocr_line' id='line_1_41' title="bbox 608 2527 827 2576; baseline -0.009 0"><span class='ocrx_word' id='word_1_311' title='bbox 608 2527 827 2576; x_wconf 84' lang='lat' dir='ltr'><strong>coimus.</strong></span> 
     </span>
    </p>
   </div>
   <div class='ocr_carea' id='block_1_42' title="bbox 679 2585 2136 2674">
    <p class='ocr_par' dir='ltr' id='par_1_42' title="bbox 679 2585 2136 2674">
     <span class='ocr_line' id='line_1_42' title="bbox 679 2585 2136 2674; baseline -0.001 -13"><span class='ocrx_word' id='word_1_312' title='bbox 679 2613 906 2662; x_wconf 76' lang='lat' dir='ltr'><strong>Obsecro</strong></span> <span class='ocrx_word' id='word_1_313' title='bbox 931 2624 1054 2661; x_wconf 90' lang='lat' dir='ltr'><strong>sane</strong></span> <span class='ocrx_word' id='word_1_314' title='bbox 1084 2619 1137 2661; x_wconf 90' lang='lat' dir='ltr'><strong>nt</strong></span> <span class='ocrx_word' id='word_1_315' title='bbox 1168 2608 1258 2660; x_wconf 85' lang='lat' dir='ltr'><strong>bas</strong></span> <span class='ocrx_word' id='word_1_316' title='bbox 1290 2610 1606 2674; x_wconf 73' lang='lat' dir='ltr'><strong>purgationis</strong></span> <span class='ocrx_word' id='word_1_317' title='bbox 1637 2585 1763 2660; x_wconf 73' lang='lat' dir='ltr'><strong>nica:</strong></span> <span class='ocrx_word' id='word_1_318' title='bbox 1794 2609 1994 2662; x_wconf 87' lang='lat' dir='ltr'><strong>litteras</strong></span> <span class='ocrx_word' id='word_1_319' title='bbox 2019 2612 2136 2660; x_wconf 85' lang='lat' dir='ltr'><strong>reli-</strong></span> 
     </span>
    </p>
   </div>
   <div class='ocr_carea' id='block_1_43' title="bbox 629 2698 2131 2767">
    <p class='ocr_par' dir='ltr' id='par_1_43' title="bbox 629 2698 2131 2767">
     <span class='ocr_line' id='line_1_43' title="bbox 629 2698 2131 2767; baseline -0.002 -19"><span class='ocrx_word' id='word_1_320' title='bbox 629 2702 774 2767; x_wconf 78' lang='lat' dir='ltr'><strong>gioso</strong></span> <span class='ocrx_word' id='word_1_321' title='bbox 820 2714 879 2749; x_wconf 87' lang='lat' dir='ltr'><strong>ac</strong></span> <span class='ocrx_word' id='word_1_322' title='bbox 925 2701 1222 2749; x_wconf 77' lang='lat' dir='ltr'><strong>doctissimo</strong></span> <span class='ocrx_word' id='word_1_323' title='bbox 1269 2700 1406 2748; x_wconf 75' lang='lat' dir='ltr'><strong>tratii</strong></span> <span class='ocrx_word' id='word_1_324' title='bbox 1459 2706 1633 2747; x_wconf 58' lang='lat' dir='ltr'><strong>Ittbtl&#39;tl</strong></span> <span class='ocrx_word' id='word_1_325' title='bbox 1688 2698 1841 2748; x_wconf 83' lang='lat' dir='ltr'><strong>David</strong></span> <span class='ocrx_word' id='word_1_326' title='bbox 1884 2698 2131 2762; x_wconf 76' lang='lat' dir='ltr'><strong>porrigas,</strong></span> 
     </span>
    </p>
   </div>
   <div class='ocr_carea' id='block_1_44' title="bbox 614 2783 2134 2851">
    <p class='ocr_par' dir='ltr' id='par_1_44' title="bbox 614 2783 2134 2851">
     <span class='ocr_line' id='line_1_44' title="bbox 614 2783 2134 2851; baseline -0.001 -14"><span class='ocrx_word' id='word_1_327' title='bbox 614 2797 866 2851; x_wconf 83' lang='lat' dir='ltr'><strong>quatenus</strong></span> <span class='ocrx_word' id='word_1_328' title='bbox 894 2799 982 2834; x_wconf 83' lang='lat' dir='ltr'><strong>eas</strong></span> <span class='ocrx_word' id='word_1_329' title='bbox 1012 2785 1097 2834; x_wconf 86' lang='lat' dir='ltr'><strong>ille</strong></span> <span class='ocrx_word' id='word_1_330' title='bbox 1126 2800 1298 2833; x_wconf 81' lang='lat' dir='ltr'><strong>curant</strong></span> <span class='ocrx_word' id='word_1_331' title='bbox 1341 2784 1615 2834; x_wconf 60' lang='lat' dir='ltr'><strong>venerabili</strong></span> <span class='ocrx_word' id='word_1_332' title='bbox 1656 2783 1867 2835; x_wconf 90' lang='lat' dir='ltr'><strong>domino</strong></span> <span class='ocrx_word' id='word_1_333' title='bbox 1904 2798 1962 2836; x_wconf 87' lang='lat' dir='ltr'><strong>ac</strong></span> <span class='ocrx_word' id='word_1_334' title='bbox 1992 2798 2134 2849; x_wconf 84' lang='lat' dir='ltr'><strong>patre</strong></span> 
     </span>
    </p>
   </div>
   <div class='ocr_carea' id='block_1_45' title="bbox 614 2858 2134 2936">
    <p class='ocr_par' dir='ltr' id='par_1_45' title="bbox 614 2858 2134 2936">
     <span class='ocr_line' id='line_1_45' title="bbox 614 2858 2134 2936; baseline 0.001 -17"><span class='ocrx_word' id='word_1_335' title='bbox 614 2880 806 2931; x_wconf 85' lang='lat' dir='ltr'><strong>nostro,</strong></span> <span class='ocrx_word' id='word_1_336' title='bbox 841 2858 1100 2929; x_wconf 76' lang='lat' dir='ltr'><strong>Wilfrido,</strong></span> <span class='ocrx_word' id='word_1_337' title='bbox 1133 2868 1356 2925; x_wconf 85' lang='lat' dir='ltr'><strong>scilicet,</strong></span> <span class='ocrx_word' id='word_1_338' title='bbox 1386 2871 1634 2932; x_wconf 81' lang='lat' dir='ltr'><strong>antistite,</strong></span> <span class='ocrx_word' id='word_1_339' title='bbox 1667 2871 1842 2936; x_wconf 78' lang='lat' dir='ltr'><strong>legere</strong></span> <span class='ocrx_word' id='word_1_340' title='bbox 1871 2873 2048 2935; x_wconf 77' lang='lat' dir='ltr'><strong>possit,</strong></span> <span class='ocrx_word' id='word_1_341' title='bbox 2080 2879 2134 2921; x_wconf 83' lang='lat' dir='ltr'><strong>i.l.</strong></span> 
     </span>
    </p>
   </div>
   <div class='ocr_carea' id='block_1_46' title="bbox 613 2957 2133 3027">
    <p class='ocr_par' dir='ltr' id='par_1_46' title="bbox 613 2957 2133 3027">
     <span class='ocr_line' id='line_1_46' title="bbox 613 2957 2133 3027; baseline 0.005 -21"><span class='ocrx_word' id='word_1_342' title='bbox 613 2959 852 3025; x_wconf 83' lang='lat' dir='ltr'><strong>quoniam</strong></span> <span class='ocrx_word' id='word_1_343' title='bbox 907 2957 992 3008; x_wconf 90' lang='lat' dir='ltr'><strong>illo</strong></span> <span class='ocrx_word' id='word_1_344' title='bbox 1050 2969 1304 3022; x_wconf 70' lang='lat' dir='ltr'><strong>praesente</strong></span> <span class='ocrx_word' id='word_1_345' title='bbox 1341 2970 1495 3025; x_wconf 89' lang='lat' dir='ltr'><strong>atque</strong></span> <span class='ocrx_word' id='word_1_346' title='bbox 1532 2961 1770 3012; x_wconf 84' lang='lat' dir='ltr'><strong>audiente</strong></span> <span class='ocrx_word' id='word_1_347' title='bbox 1814 2962 2133 3027; x_wconf 87' lang='lat' dir='ltr'><strong>insipientius</strong></span> 
     </span>
    </p>
   </div>
   <div class='ocr_carea' id='block_1_47' title="bbox 609 3047 2127 3112">
    <p class='ocr_par' dir='ltr' id='par_1_47' title="bbox 609 3047 2127 3112">
     <span class='ocr_line' id='line_1_47' title="bbox 609 3047 2127 3112; baseline 0.003 -17"><span class='ocrx_word' id='word_1_348' title='bbox 609 3062 720 3096; x_wconf 75' lang='lat' dir='ltr'><strong>sum</strong></span> <span class='ocrx_word' id='word_1_349' title='bbox 753 3050 891 3111; x_wconf 88' lang='lat' dir='ltr'><strong>prius</strong></span> <span class='ocrx_word' id='word_1_350' title='bbox 928 3047 1184 3112; x_wconf 88' lang='lat' dir='ltr'><strong>appetitus</strong></span> <span class='ocrx_word' id='word_1_351' title='bbox 1216 3047 1484 3103; x_wconf 84' lang='lat' dir='ltr'><strong>convictis,</strong></span> <span class='ocrx_word' id='word_1_352' title='bbox 1536 3047 1648 3111; x_wconf 90' lang='lat' dir='ltr'><strong>ipso</strong></span> <span class='ocrx_word' id='word_1_353' title='bbox 1677 3050 1830 3097; x_wconf 88' lang='lat' dir='ltr'><strong>etiam</strong></span> <span class='ocrx_word' id='word_1_354' title='bbox 1874 3062 2007 3098; x_wconf 91' lang='lat' dir='ltr'><strong>nunc</strong></span> <span class='ocrx_word' id='word_1_355' title='bbox 2035 3063 2127 3098; x_wconf 89' lang='lat' dir='ltr'><strong>au-</strong></span> 
     </span>
    </p>
   </div>
   <div class='ocr_carea' id='block_1_48' title="bbox 2237 1910 3721 1985">
    <p class='ocr_par' dir='ltr' id='par_1_48' title="bbox 2237 1910 3721 1985">
     <span class='ocr_line' id='line_1_48' title="bbox 2237 1910 3721 1985; baseline 0.01 -27"><span class='ocrx_word' id='word_1_356' title='bbox 2237 1910 2368 1958; x_wconf 82' lang='lat' dir='ltr'><strong>sicnt</strong></span> <span class='ocrx_word' id='word_1_357' title='bbox 2396 1922 2443 1958; x_wconf 91' lang='lat' dir='ltr'><strong>et</strong></span> <span class='ocrx_word' id='word_1_358' title='bbox 2473 1921 2689 1973; x_wconf 78' lang='lat' dir='ltr'><strong>ca-teros</strong></span> <span class='ocrx_word' id='word_1_359' title='bbox 2738 1925 2909 1965; x_wconf 80' lang='lat' dir='ltr'><strong>movet</strong></span> <span class='ocrx_word' id='word_1_360' title='bbox 2957 1918 3241 1980; x_wconf 86' lang='lat' dir='ltr'><strong>studiosus,</strong></span> <span class='ocrx_word' id='word_1_361' title='bbox 3284 1925 3546 1985; x_wconf 87' lang='lat' dir='ltr'><strong>quomodo</strong></span> <span class='ocrx_word' id='word_1_362' title='bbox 3570 1929 3721 1975; x_wconf 77' lang='lat' dir='ltr'><strong>Anata-</strong></span> 
     </span>
    </p>
   </div>
   <div class='ocr_carea' id='block_1_49' title="bbox 2241 1994 3722 2076">
    <p class='ocr_par' dir='ltr' id='par_1_49' title="bbox 2241 1994 3722 2076">
     <span class='ocr_line' id='line_1_49' title="bbox 2241 1994 3722 2076; baseline 0.01 -32"><span class='ocrx_word' id='word_1_363' title='bbox 2241 1994 2357 2055; x_wconf 88' lang='lat' dir='ltr'><strong>lius,</strong></span> <span class='ocrx_word' id='word_1_364' title='bbox 2393 2011 2505 2046; x_wconf 86' lang='lat' dir='ltr'><strong>cum</strong></span> <span class='ocrx_word' id='word_1_365' title='bbox 2535 1998 2600 2047; x_wconf 87' lang='lat' dir='ltr'><strong>sit</strong></span> <span class='ocrx_word' id='word_1_366' title='bbox 2627 2009 2678 2048; x_wconf 86' lang='lat' dir='ltr'><strong>et</strong></span> <span class='ocrx_word' id='word_1_367' title='bbox 2709 2001 2816 2064; x_wconf 88' lang='lat' dir='ltr'><strong>ipse</strong></span> <span class='ocrx_word' id='word_1_368' title='bbox 2853 2005 3142 2056; x_wconf 84' lang='lat' dir='ltr'><strong>eruditione</strong></span> <span class='ocrx_word' id='word_1_369' title='bbox 3168 2020 3228 2058; x_wconf 86' lang='lat' dir='ltr'><strong>ac</strong></span> <span class='ocrx_word' id='word_1_370' title='bbox 3261 2022 3452 2072; x_wconf 70' lang='lat' dir='ltr'><strong>genere</strong></span> <span class='ocrx_word' id='word_1_371' title='bbox 3482 2011 3722 2076; x_wconf 56' lang='lat' dir='ltr'><strong>A&#39;Lgyptius,</strong></span> 
     </span>
    </p>
   </div>
   <div class='ocr_carea' id='block_1_50' title="bbox 2237 2083 3723 2158">
    <p class='ocr_par' dir='ltr' id='par_1_50' title="bbox 2237 2083 3723 2158">
     <span class='ocr_line' id='line_1_50' title="bbox 2237 2083 3723 2158; baseline 0.013 -29"><span class='ocrx_word' id='word_1_372' title='bbox 2237 2083 2379 2146; x_wconf 90' lang='lat' dir='ltr'><strong>quasi</strong></span> <span class='ocrx_word' id='word_1_373' title='bbox 2427 2089 2717 2136; x_wconf 86' lang='lat' dir='ltr'><strong>contrarius</strong></span> <span class='ocrx_word' id='word_1_374' title='bbox 2760 2090 2946 2141; x_wconf 85' lang='lat' dir='ltr'><strong>litteris</strong></span> <span class='ocrx_word' id='word_1_375' title='bbox 2975 2090 3186 2158; x_wconf 58' lang='lat' dir='ltr'><strong>[Egypti</strong></span> <span class='ocrx_word' id='word_1_376' title='bbox 3218 2094 3540 2157; x_wconf 85' lang='lat' dir='ltr'><strong>doctoribus,</strong></span> <span class='ocrx_word' id='word_1_377' title='bbox 3576 2102 3723 2150; x_wconf 64' lang='lat' dir='ltr'><strong>scriba</strong></span> 
     </span>
    </p>
   </div>
   <div class='ocr_carea' id='block_1_51' title="bbox 2235 2168 3722 2248">
    <p class='ocr_par' dir='ltr' id='par_1_51' title="bbox 2235 2168 3722 2248">
     <span class='ocr_line' id='line_1_51' title="bbox 2235 2168 3722 2248; baseline 0.014 -33"><span class='ocrx_word' id='word_1_378' title='bbox 2235 2168 2600 2232; x_wconf 86' lang='lat' dir='ltr'><strong>:cquiuoctium</strong></span> <span class='ocrx_word' id='word_1_379' title='bbox 2652 2173 2786 2225; x_wconf 90' lang='lat' dir='ltr'><strong>idctn</strong></span> <span class='ocrx_word' id='word_1_380' title='bbox 2833 2175 2882 2226; x_wconf 90' lang='lat' dir='ltr'><strong>in</strong></span> <span class='ocrx_word' id='word_1_381' title='bbox 2935 2179 3212 2232; x_wconf 86' lang='lat' dir='ltr'><strong>undecimo</strong></span> <span class='ocrx_word' id='word_1_382' title='bbox 3257 2180 3523 2234; x_wconf 79' lang='lat' dir='ltr'><strong>Kalendas</strong></span> <span class='ocrx_word' id='word_1_383' title='bbox 3565 2190 3722 2248; x_wconf 68' lang='lat' dir='ltr'><strong>Apriles</strong></span> 
     </span>
    </p>
   </div>
   <div class='ocr_carea' id='block_1_52' title="bbox 2235 2260 3722 2336">
    <p class='ocr_par' dir='ltr' id='par_1_52' title="bbox 2235 2260 3722 2336">
     <span class='ocr_line' id='line_1_52' title="bbox 2235 2260 3722 2336; baseline 0.014 -33"><span class='ocrx_word' id='word_1_384' title='bbox 2235 2270 2506 2309; x_wconf 82' lang='lat' dir='ltr'><strong>occurrere</strong></span> <span class='ocrx_word' id='word_1_385' title='bbox 2531 2260 2725 2311; x_wconf 88' lang='lat' dir='ltr'><strong>solere.</strong></span> <span class='ocrx_word' id='word_1_386' title='bbox 2760 2281 2776 2310; x_wconf 89' lang='grc' dir='ltr'><strong>ι</strong></span> <span class='ocrx_word' id='word_1_387' title='bbox 2807 2264 2894 2315; x_wconf 78' lang='lat' dir='ltr'><strong>Est</strong></span> <span class='ocrx_word' id='word_1_388' title='bbox 2917 2280 3062 2330; x_wconf 79' lang='lat' dir='ltr'><strong>ergo,</strong></span> <span class='ocrx_word' id='word_1_389' title='bbox 3081 2268 3346 2333; x_wconf 86' lang='lat' dir='ltr'><strong>inquiens,</strong></span> <span class='ocrx_word' id='word_1_390' title='bbox 3377 2275 3425 2321; x_wconf 89' lang='lat' dir='ltr'><strong>in</strong></span> <span class='ocrx_word' id='word_1_391' title='bbox 3454 2274 3608 2336; x_wconf 84' lang='lat' dir='ltr'><strong>primo</strong></span> <span class='ocrx_word' id='word_1_392' title='bbox 3625 2288 3722 2325; x_wconf 71' lang='lat' dir='ltr'><strong>anno</strong></span> 
     </span>
    </p>
   </div>
   <div class='ocr_carea' id='block_1_53' title="bbox 2237 2345 3719 2418">
    <p class='ocr_par' dir='ltr' id='par_1_53' title="bbox 2237 2345 3719 2418">
     <span class='ocr_line' id='line_1_53' title="bbox 2237 2345 3719 2418; baseline 0.013 -25"><span class='ocrx_word' id='word_1_393' title='bbox 2237 2345 2433 2395; x_wconf 86' lang='lat' dir='ltr'><strong>initium</strong></span> <span class='ocrx_word' id='word_1_394' title='bbox 2461 2347 2610 2409; x_wconf 83' lang='lat' dir='ltr'><strong>primi</strong></span> <span class='ocrx_word' id='word_1_395' title='bbox 2643 2352 2853 2414; x_wconf 87' lang='lat' dir='ltr'><strong>mensis,</strong></span> <span class='ocrx_word' id='word_1_396' title='bbox 2885 2357 3090 2418; x_wconf 81' lang='lat' dir='ltr'><strong>quando</strong></span> <span class='ocrx_word' id='word_1_397' title='bbox 3120 2367 3204 2407; x_wconf 88' lang='lat' dir='ltr'><strong>est</strong></span> <span class='ocrx_word' id='word_1_398' title='bbox 3232 2360 3415 2410; x_wconf 81' lang='lat' dir='ltr'><strong>decem</strong></span> <span class='ocrx_word' id='word_1_399' title='bbox 3447 2372 3496 2411; x_wconf 81' lang='lat' dir='ltr'><strong>et</strong></span> <span class='ocrx_word' id='word_1_400' title='bbox 3531 2377 3572 2411; x_wconf 81' lang='grc' dir='ltr'><strong>ιι</strong></span> <span class='ocrx_word' id='word_1_401' title='bbox 3601 2378 3719 2412; x_wconf 77' lang='lat' dir='ltr'><strong>auoc-</strong></span> 
     </span>
    </p>
   </div>
   <div class='ocr_carea' id='block_1_54' title="bbox 2239 2435 3716 2514">
    <p class='ocr_par' dir='ltr' id='par_1_54' title="bbox 2239 2435 3716 2514">
     <span class='ocr_line' id='line_1_54' title="bbox 2239 2435 3716 2514; baseline 0.012 -32"><span class='ocrx_word' id='word_1_402' title='bbox 2239 2448 2348 2482; x_wconf 89' lang='lat' dir='ltr'><strong>ltllll</strong></span> <span class='ocrx_word' id='word_1_403' title='bbox 2403 2435 2579 2484; x_wconf 82' lang='lat' dir='ltr'><strong>circuli</strong></span> <span class='ocrx_word' id='word_1_404' title='bbox 2628 2439 2854 2500; x_wconf 88' lang='lat' dir='ltr'><strong>ittitiunt,</strong></span> <span class='ocrx_word' id='word_1_405' title='bbox 2907 2448 3193 2494; x_wconf 85' lang='lat' dir='ltr'><strong>secundmn</strong></span> <span class='ocrx_word' id='word_1_406' title='bbox 3239 2445 3516 2512; x_wconf 62' lang='lat' dir='ltr'><strong>ngyt-tios</strong></span> <span class='ocrx_word' id='word_1_407' title='bbox 3559 2450 3716 2514; x_wconf 76' lang='lat' dir='ltr'><strong>quidem</strong></span> 
     </span>
    </p>
   </div>
   <div class='ocr_carea' id='block_1_55' title="bbox 2237 2523 3717 2599">
    <p class='ocr_par' dir='ltr' id='par_1_55' title="bbox 2237 2523 3717 2599">
     <span class='ocr_line' id='line_1_55' title="bbox 2237 2523 3717 2599; baseline 0.014 -29"><span class='ocrx_word' id='word_1_408' title='bbox 2237 2523 2424 2574; x_wconf 87' lang='lat' dir='ltr'><strong>mensis</strong></span> <span class='ocrx_word' id='word_1_409' title='bbox 2479 2525 2762 2578; x_wconf 84' lang='lat' dir='ltr'><strong>Famenotli</strong></span> <span class='ocrx_word' id='word_1_410' title='bbox 2817 2531 3072 2598; x_wconf 76' lang='lat' dir='ltr'><strong>vigesimo</strong></span> <span class='ocrx_word' id='word_1_411' title='bbox 3127 2546 3280 2587; x_wconf 56' lang='lat' dir='ltr'><strong>sexto</strong></span> <span class='ocrx_word' id='word_1_412' title='bbox 3330 2540 3436 2599; x_wconf 88' lang='lat' dir='ltr'><strong>die,</strong></span> <span class='ocrx_word' id='word_1_413' title='bbox 3489 2544 3717 2590; x_wconf 66' lang='lat' dir='ltr'><strong>secutuleia</strong></span> 
     </span>
    </p>
   </div>
   <div class='ocr_carea' id='block_1_56' title="bbox 2235 2609 3719 2682">
    <p class='ocr_par' dir='ltr' id='par_1_56' title="bbox 2235 2609 3719 2682">
     <span class='ocr_line' id='line_1_56' title="bbox 2235 2609 3719 2682; baseline 0.012 -24"><span class='ocrx_word' id='word_1_414' title='bbox 2235 2609 2540 2664; x_wconf 76' lang='lat' dir='ltr'><strong>Macedones</strong></span> <span class='ocrx_word' id='word_1_415' title='bbox 2574 2613 2728 2666; x_wconf 80' lang='lat' dir='ltr'><strong>Distri</strong></span> <span class='ocrx_word' id='word_1_416' title='bbox 2765 2620 2960 2670; x_wconf 86' lang='lat' dir='ltr'><strong>mensis</strong></span> <span class='ocrx_word' id='word_1_417' title='bbox 3008 2635 3134 2682; x_wconf 70' lang='lat' dir='ltr'><strong>ull,</strong></span> <span class='ocrx_word' id='word_1_418' title='bbox 3177 2629 3462 2675; x_wconf 80' lang='lat' dir='ltr'><strong>secundum</strong></span> <span class='ocrx_word' id='word_1_419' title='bbox 3510 2643 3615 2677; x_wconf 63' lang='lat' dir='ltr'><strong>vero</strong></span> <span class='ocrx_word' id='word_1_420' title='bbox 3650 2630 3719 2678; x_wconf 69' lang='lat' dir='ltr'><strong>llu-</strong></span> 
     </span>
    </p>
   </div>
   <div class='ocr_carea' id='block_1_57' title="bbox 2235 2702 3716 2776">
    <p class='ocr_par' dir='ltr' id='par_1_57' title="bbox 2235 2702 3716 2776">
     <span class='ocr_line' id='line_1_57' title="bbox 2235 2702 3716 2776; baseline 0.015 -31"><span class='ocrx_word' id='word_1_421' title='bbox 2235 2712 2413 2748; x_wconf 88' lang='lat' dir='ltr'><strong>manos</strong></span> <span class='ocrx_word' id='word_1_422' title='bbox 2456 2702 2728 2753; x_wconf 85' lang='lat' dir='ltr'><strong>undecimo</strong></span> <span class='ocrx_word' id='word_1_423' title='bbox 2772 2704 3028 2757; x_wconf 76' lang='lat' dir='ltr'><strong>Kalendas</strong></span> <span class='ocrx_word' id='word_1_424' title='bbox 3061 2708 3277 2773; x_wconf 75' lang='lat' dir='ltr'><strong>Aprilis,</strong></span> <span class='ocrx_word' id='word_1_425' title='bbox 3309 2712 3357 2761; x_wconf 89' lang='lat' dir='ltr'><strong>in</strong></span> <span class='ocrx_word' id='word_1_426' title='bbox 3390 2729 3490 2776; x_wconf 86' lang='lat' dir='ltr'><strong>qua</strong></span> <span class='ocrx_word' id='word_1_427' title='bbox 3516 2717 3592 2765; x_wconf 81' lang='lat' dir='ltr'><strong>die</strong></span> <span class='ocrx_word' id='word_1_428' title='bbox 3613 2716 3716 2766; x_wconf 76' lang='lat' dir='ltr'><strong>intr-</strong></span> 
     </span>
    </p>
   </div>
   <div class='ocr_carea' id='block_1_58' title="bbox 2235 2786 3716 2867">
    <p class='ocr_par' dir='ltr' id='par_1_58' title="bbox 2235 2786 3716 2867">
     <span class='ocr_line' id='line_1_58' title="bbox 2235 2786 3716 2867; baseline 0.011 -31"><span class='ocrx_word' id='word_1_429' title='bbox 2235 2786 2370 2836; x_wconf 89' lang='lat' dir='ltr'><strong>nitur</strong></span> <span class='ocrx_word' id='word_1_430' title='bbox 2396 2789 2470 2838; x_wconf 88' lang='lat' dir='ltr'><strong>sol</strong></span> <span class='ocrx_word' id='word_1_431' title='bbox 2517 2805 2618 2839; x_wconf 88' lang='lat' dir='ltr'><strong>non</strong></span> <span class='ocrx_word' id='word_1_432' title='bbox 2663 2791 2832 2842; x_wconf 87' lang='lat' dir='ltr'><strong>solum</strong></span> <span class='ocrx_word' id='word_1_433' title='bbox 2883 2797 3256 2849; x_wconf 89' lang='lat' dir='ltr'><strong>conscendisse</strong></span> <span class='ocrx_word' id='word_1_434' title='bbox 3304 2801 3520 2864; x_wconf 87' lang='lat' dir='ltr'><strong>primam</strong></span> <span class='ocrx_word' id='word_1_435' title='bbox 3548 2813 3716 2867; x_wconf 66' lang='lat' dir='ltr'><strong>parte»,</strong></span> 
     </span>
    </p>
   </div>
   <div class='ocr_carea' id='block_1_59' title="bbox 2235 2877 3713 2949">
    <p class='ocr_par' dir='ltr' id='par_1_59' title="bbox 2235 2877 3713 2949">
     <span class='ocr_line' id='line_1_59' title="bbox 2235 2877 3713 2949; baseline 0.009 -23"><span class='ocrx_word' id='word_1_436' title='bbox 2235 2889 2411 2928; x_wconf 86' lang='lat' dir='ltr'><strong>verum</strong></span> <span class='ocrx_word' id='word_1_437' title='bbox 2444 2877 2600 2928; x_wconf 88' lang='lat' dir='ltr'><strong>etiam</strong></span> <span class='ocrx_word' id='word_1_438' title='bbox 2643 2883 2888 2947; x_wconf 76' lang='lat' dir='ltr'><strong>quadram</strong></span> <span class='ocrx_word' id='word_1_439' title='bbox 2928 2882 3034 2949; x_wconf 82' lang='lat' dir='ltr'><strong>jam</strong></span> <span class='ocrx_word' id='word_1_440' title='bbox 3065 2886 3116 2937; x_wconf 92' lang='lat' dir='ltr'><strong>in</strong></span> <span class='ocrx_word' id='word_1_441' title='bbox 3148 2891 3332 2939; x_wconf 84' lang='lat' dir='ltr'><strong>eadem</strong></span> <span class='ocrx_word' id='word_1_442' title='bbox 3363 2889 3451 2941; x_wconf 87' lang='lat' dir='ltr'><strong>die</strong></span> <span class='ocrx_word' id='word_1_443' title='bbox 3480 2892 3659 2946; x_wconf 81' lang='lat' dir='ltr'><strong>habere.</strong></span> <span class='ocrx_word' id='word_1_444' title='bbox 3680 2895 3713 2942; x_wconf 72' lang='lat' dir='ltr'><strong>id</strong></span> 
     </span>
    </p>
   </div>
   <div class='ocr_carea' id='block_1_60' title="bbox 2235 2964 3715 3036">
    <p class='ocr_par' dir='ltr' id='par_1_60' title="bbox 2235 2964 3715 3036">
     <span class='ocr_line' id='line_1_60' title="bbox 2235 2964 3715 3036; baseline 0.009 -21"><span class='ocrx_word' id='word_1_445' title='bbox 2235 2975 2333 3024; x_wconf 85' lang='lat' dir='ltr'><strong>est,</strong></span> <span class='ocrx_word' id='word_1_446' title='bbox 2377 2964 2426 3016; x_wconf 90' lang='lat' dir='ltr'><strong>in</strong></span> <span class='ocrx_word' id='word_1_447' title='bbox 2463 2968 2626 3031; x_wconf 84' lang='lat' dir='ltr'><strong>prima</strong></span> <span class='ocrx_word' id='word_1_448' title='bbox 2655 2984 2719 3020; x_wconf 78' lang='lat' dir='ltr'><strong>ex</strong></span> <span class='ocrx_word' id='word_1_449' title='bbox 2749 2970 3027 3022; x_wconf 86' lang='lat' dir='ltr'><strong>duodecim</strong></span> <span class='ocrx_word' id='word_1_450' title='bbox 3077 2976 3327 3036; x_wconf 86' lang='lat' dir='ltr'><strong>partibus.</strong></span> <span class='ocrx_word' id='word_1_451' title='bbox 3361 2996 3376 3025; x_wconf 78' lang='grc' dir='ltr'><strong>ι</strong></span> <span class='ocrx_word' id='word_1_452' title='bbox 3436 2979 3549 3030; x_wconf 55' lang='lat' dir='ltr'><strong>llaec</strong></span> <span class='ocrx_word' id='word_1_453' title='bbox 3587 2990 3715 3029; x_wconf 73' lang='lat' dir='ltr'><strong>autem</strong></span> 
     </span>
    </p>
   </div>
   <div class='ocr_carea' id='block_1_61' title="bbox 2241 3052 3713 3130">
    <p class='ocr_par' dir='ltr' id='par_1_61' title="bbox 2241 3052 3713 3130">
     <span class='ocr_line' id='line_1_61' title="bbox 2241 3052 3713 3130; baseline 0.01 -31"><span class='ocrx_word' id='word_1_454' title='bbox 2241 3052 2484 3114; x_wconf 89' lang='lat' dir='ltr'><strong>particula</strong></span> <span class='ocrx_word' id='word_1_455' title='bbox 2536 3055 2716 3117; x_wconf 89' lang='lat' dir='ltr'><strong>prima,</strong></span> <span class='ocrx_word' id='word_1_456' title='bbox 2771 3058 2982 3108; x_wconf 88' lang='lat' dir='ltr'><strong>vernale</strong></span> <span class='ocrx_word' id='word_1_457' title='bbox 3022 3068 3102 3110; x_wconf 73' lang='lat' dir='ltr'><strong>est</strong></span> <span class='ocrx_word' id='word_1_458' title='bbox 3146 3062 3513 3127; x_wconf 56' lang='lat' dir='ltr'><strong>aequinoctium</strong></span> <span class='ocrx_word' id='word_1_459' title='bbox 3555 3075 3599 3116; x_wconf 83' lang='lat' dir='ltr'><strong>et</strong></span> <span class='ocrx_word' id='word_1_460' title='bbox 3637 3067 3713 3130; x_wconf 73' lang='lat' dir='ltr'><strong>ips:</strong></span> 
     </span>
    </p>
   </div>
   <div class='ocr_carea' id='block_1_62' title="bbox 607 3114 3717 3212">
    <p class='ocr_par' dir='ltr' id='par_1_62' title="bbox 607 3114 3717 3212">
     <span class='ocr_line' id='line_1_62' title="bbox 607 3114 3717 3212; baseline 0.007 -29"><span class='ocrx_word' id='word_1_461' title='bbox 607 3137 779 3186; x_wconf 85' lang='lat' dir='ltr'><strong>diente</strong></span> <span class='ocrx_word' id='word_1_462' title='bbox 807 3149 865 3184; x_wconf 83' lang='lat' dir='ltr'><strong>ac</strong></span> <span class='ocrx_word' id='word_1_463' title='bbox 890 3135 1223 3197; x_wconf 79' lang='lat' dir='ltr'><strong>dijudicante,</strong></span> <span class='ocrx_word' id='word_1_464' title='bbox 1270 3148 1422 3202; x_wconf 85' lang='lat' dir='ltr'><strong>quam</strong></span> <span class='ocrx_word' id='word_1_465' title='bbox 1476 3135 1760 3184; x_wconf 89' lang='lat' dir='ltr'><strong>iunoeritus</strong></span> <span class='ocrx_word' id='word_1_466' title='bbox 1801 3137 1976 3184; x_wconf 86' lang='lat' dir='ltr'><strong>eadem</strong></span> <span class='ocrx_word' id='word_1_467' title='bbox 2006 3150 2129 3186; x_wconf 84' lang='lat' dir='ltr'><strong>cou-</strong></span> <span class='ocrx_word' id='word_1_468' title='bbox 2155 3114 2200 3172; x_wconf 57' lang='grc' dir='ltr'><strong>(δ</strong></span> <span class='ocrx_word' id='word_1_469' title='bbox 2232 3149 2311 3189; x_wconf 70' lang='lat' dir='ltr'><strong>est</strong></span> <span class='ocrx_word' id='word_1_470' title='bbox 2342 3141 2542 3191; x_wconf 87' lang='lat' dir='ltr'><strong>initium</strong></span> <span class='ocrx_word' id='word_1_471' title='bbox 2587 3146 2862 3204; x_wconf 72' lang='lat' dir='ltr'><strong>amusium,</strong></span> <span class='ocrx_word' id='word_1_472' title='bbox 2896 3155 2947 3196; x_wconf 88' lang='lat' dir='ltr'><strong>ct</strong></span> <span class='ocrx_word' id='word_1_473' title='bbox 2975 3159 3128 3212; x_wconf 84' lang='lat' dir='ltr'><strong>caput</strong></span> <span class='ocrx_word' id='word_1_474' title='bbox 3172 3154 3375 3211; x_wconf 82' lang='lat' dir='ltr'><strong>etrcult,</strong></span> <span class='ocrx_word' id='word_1_475' title='bbox 3427 3163 3476 3204; x_wconf 85' lang='lat' dir='ltr'><strong>et</strong></span> <span class='ocrx_word' id='word_1_476' title='bbox 3512 3156 3717 3205; x_wconf 68' lang='lat' dir='ltr'><strong>absoluto</strong></span> 
     </span>
    </p>
   </div>
   <div class='ocr_carea' id='block_1_63' title="bbox 609 3220 2129 3285">
    <p class='ocr_par' dir='ltr' id='par_1_63' title="bbox 609 3220 2129 3285">
     <span class='ocr_line' id='line_1_63' title="bbox 609 3220 2129 3285; baseline 0.002 -15"><span class='ocrx_word' id='word_1_477' title='bbox 609 3223 748 3270; x_wconf 80' lang='lat' dir='ltr'><strong>vicia’</strong></span> <span class='ocrx_word' id='word_1_478' title='bbox 791 3222 886 3270; x_wconf 85' lang='lat' dir='ltr'><strong>sim</strong></span> <span class='ocrx_word' id='word_1_479' title='bbox 937 3223 1212 3283; x_wconf 72' lang='lat' dir='ltr'><strong>perpessus</strong></span> <span class='ocrx_word' id='word_1_480' title='bbox 1242 3229 1506 3284; x_wconf 80' lang='lat' dir='ltr'><strong>appareat.</strong></span> <span class='ocrx_word' id='word_1_481' title='bbox 1545 3220 1710 3285; x_wconf 84' lang='lat' dir='ltr'><strong>Ipsum</strong></span> <span class='ocrx_word' id='word_1_482' title='bbox 1741 3237 1939 3284; x_wconf 81' lang='lat' dir='ltr'><strong>quoque</strong></span> <span class='ocrx_word' id='word_1_483' title='bbox 1972 3223 2129 3274; x_wconf 78' lang='lat' dir='ltr'><strong>David</strong></span> 
     </span>
    </p>
   </div>
   <div class='ocr_carea' id='block_1_64' title="bbox 611 3309 2132 3377">
    <p class='ocr_par' dir='ltr' id='par_1_64' title="bbox 611 3309 2132 3377">
     <span class='ocr_line' id='line_1_64' title="bbox 611 3309 2132 3377; baseline 0.003 -21"><span class='ocrx_word' id='word_1_484' title='bbox 611 3325 716 3374; x_wconf 72' lang='grc' dir='ltr'>ιιι-ω</span> <span class='ocrx_word' id='word_1_485' title='bbox 761 3309 961 3360; x_wconf 80' lang='lat' dir='ltr'><strong>caeteris</strong></span> <span class='ocrx_word' id='word_1_486' title='bbox 1008 3323 1146 3370; x_wconf 80' lang='lat' dir='ltr'><strong>rogo,</strong></span> <span class='ocrx_word' id='word_1_487' title='bbox 1201 3317 1270 3368; x_wconf 84' lang='lat' dir='ltr'><strong>ut,</strong></span> <span class='ocrx_word' id='word_1_488' title='bbox 1319 3309 1461 3372; x_wconf 78' lang='lat' dir='ltr'><strong>juxta</strong></span> <span class='ocrx_word' id='word_1_489' title='bbox 1501 3311 1791 3376; x_wconf 75' lang='lat' dir='ltr'><strong>exemplum</strong></span> <span class='ocrx_word' id='word_1_490' title='bbox 1821 3309 1914 3360; x_wconf 87' lang='lat' dir='ltr'><strong>sibi</strong></span> <span class='ocrx_word' id='word_1_491' title='bbox 1943 3326 2132 3377; x_wconf 77' lang='lat' dir='ltr'><strong>cogno-</strong></span> 
     </span>
    </p>
   </div>
   <div class='ocr_carea' id='block_1_65' title="bbox 611 3400 2130 3464">
    <p class='ocr_par' dir='ltr' id='par_1_65' title="bbox 611 3400 2130 3464">
     <span class='ocr_line' id='line_1_65' title="bbox 611 3400 2130 3464; baseline 0.003 -17"><span class='ocrx_word' id='word_1_492' title='bbox 611 3401 759 3451; x_wconf 88' lang='lat' dir='ltr'><strong>minis</strong></span> <span class='ocrx_word' id='word_1_493' title='bbox 793 3401 954 3464; x_wconf 86' lang='lat' dir='ltr'><strong>pueri,</strong></span> <span class='ocrx_word' id='word_1_494' title='bbox 997 3402 1219 3449; x_wconf 73' lang='lat' dir='ltr'><strong>furerent</strong></span> <span class='ocrx_word' id='word_1_495' title='bbox 1253 3400 1462 3460; x_wconf 69' lang='lat' dir='ltr'><strong>spiritus</strong></span> <span class='ocrx_word' id='word_1_496' title='bbox 1497 3414 1716 3463; x_wconf 82' lang='lat' dir='ltr'><strong>nequam</strong></span> <span class='ocrx_word' id='word_1_497' title='bbox 1750 3418 1775 3449; x_wconf 88' lang='lat' dir='ltr'><strong>a</strong></span> <span class='ocrx_word' id='word_1_498' title='bbox 1806 3400 1965 3451; x_wconf 78' lang='lat' dir='ltr'><strong>fratre</strong></span> <span class='ocrx_word' id='word_1_499' title='bbox 1996 3401 2130 3451; x_wconf 85' lang='lat' dir='ltr'><strong>desi-</strong></span> 
     </span>
    </p>
   </div>
   <div class='ocr_carea' id='block_1_66' title="bbox 612 3490 2126 3555">
    <p class='ocr_par' dir='ltr' id='par_1_66' title="bbox 612 3490 2126 3555">
     <span class='ocr_line' id='line_1_66' title="bbox 612 3490 2126 3555; baseline 0.001 -17"><span class='ocrx_word' id='word_1_500' title='bbox 612 3492 802 3555; x_wconf 88' lang='lat' dir='ltr'><strong>piente,</strong></span> <span class='ocrx_word' id='word_1_501' title='bbox 855 3490 1147 3541; x_wconf 86' lang='lat' dir='ltr'><strong>hortatione</strong></span> <span class='ocrx_word' id='word_1_502' title='bbox 1194 3504 1437 3538; x_wconf 84' lang='lat' dir='ltr'><strong>sanorum</strong></span> <span class='ocrx_word' id='word_1_503' title='bbox 1485 3492 1782 3549; x_wconf 83' lang='lat' dir='ltr'><strong>verborum,</strong></span> <span class='ocrx_word' id='word_1_504' title='bbox 1814 3491 1961 3553; x_wconf 88' lang='lat' dir='ltr'><strong>quasi</strong></span> <span class='ocrx_word' id='word_1_505' title='bbox 1990 3490 2126 3539; x_wconf 87' lang='lat' dir='ltr'><strong>dulci</strong></span> 
     </span>
    </p>
   </div>
   <div class='ocr_carea' id='block_1_67' title="bbox 612 3577 2124 3643">
    <p class='ocr_par' dir='ltr' id='par_1_67' title="bbox 612 3577 2124 3643">
     <span class='ocr_line' id='line_1_67' title="bbox 612 3577 2124 3643; baseline 0.001 -16"><span class='ocrx_word' id='word_1_506' title='bbox 612 3579 910 3643; x_wconf 69' lang='lat' dir='ltr'><strong>psalmndizc</strong></span> <span class='ocrx_word' id='word_1_507' title='bbox 939 3578 1308 3637; x_wconf 84' lang='lat' dir='ltr'><strong>modulatione,</strong></span> <span class='ocrx_word' id='word_1_508' title='bbox 1338 3577 1547 3626; x_wconf 78' lang='lat' dir='ltr'><strong>Sedulus</strong></span> <span class='ocrx_word' id='word_1_509' title='bbox 1574 3577 1800 3641; x_wconf 70' lang='lat' dir='ltr'><strong>ellugare</strong></span> <span class='ocrx_word' id='word_1_510' title='bbox 1827 3581 2124 3629; x_wconf 85' lang='lat' dir='ltr'><strong>Contendat.</strong></span> 
     </span>
    </p>
   </div>
   <div class='ocr_carea' id='block_1_68' title="bbox 605 3672 2125 3736">
    <p class='ocr_par' dir='ltr' id='par_1_68' title="bbox 605 3672 2125 3736">
     <span class='ocr_line' id='line_1_68' title="bbox 605 3672 2125 3736; baseline 0.001 -16"><span class='ocrx_word' id='word_1_511' title='bbox 605 3676 748 3736; x_wconf 82' lang='lat' dir='ltr'><strong>Quod</strong></span> <span class='ocrx_word' id='word_1_512' title='bbox 791 3674 961 3736; x_wconf 87' lang='lat' dir='ltr'><strong>utique</strong></span> <span class='ocrx_word' id='word_1_513' title='bbox 993 3673 1039 3720; x_wconf 91' lang='lat' dir='ltr'><strong>in</strong></span> <span class='ocrx_word' id='word_1_514' title='bbox 1071 3685 1213 3723; x_wconf 74' lang='lat' dir='ltr'><strong>cauta</strong></span> <span class='ocrx_word' id='word_1_515' title='bbox 1257 3672 1334 3720; x_wconf 87' lang='lat' dir='ltr'><strong>illa</strong></span> <span class='ocrx_word' id='word_1_516' title='bbox 1369 3672 1540 3733; x_wconf 84' lang='lat' dir='ltr'><strong>inqua</strong></span> <span class='ocrx_word' id='word_1_517' title='bbox 1589 3687 1668 3722; x_wconf 90' lang='lat' dir='ltr'><strong>me</strong></span> <span class='ocrx_word' id='word_1_518' title='bbox 1719 3674 1904 3735; x_wconf 88' lang='lat' dir='ltr'><strong>poculo</strong></span> <span class='ocrx_word' id='word_1_519' title='bbox 1953 3673 2125 3722; x_wconf 90' lang='lat' dir='ltr'><strong>ebrius</strong></span> 
     </span>
    </p>
   </div>
   <div class='ocr_carea' id='block_1_69' title="bbox 605 3759 2127 3826">
    <p class='ocr_par' dir='ltr' id='par_1_69' title="bbox 605 3759 2127 3826">
     <span class='ocr_line' id='line_1_69' title="bbox 605 3759 2127 3826; baseline 0 -16"><span class='ocrx_word' id='word_1_520' title='bbox 605 3762 812 3826; x_wconf 82' lang='lat' dir='ltr'><strong>culpare</strong></span> <span class='ocrx_word' id='word_1_521' title='bbox 845 3761 1059 3817; x_wconf 70' lang='lat' dir='ltr'><strong>studuit,</strong></span> <span class='ocrx_word' id='word_1_522' title='bbox 1093 3759 1177 3809; x_wconf 82' lang='lat' dir='ltr'><strong>ille</strong></span> <span class='ocrx_word' id='word_1_523' title='bbox 1207 3761 1289 3822; x_wconf 91' lang='lat' dir='ltr'><strong>qui</strong></span> <span class='ocrx_word' id='word_1_524' title='bbox 1320 3769 1481 3809; x_wconf 79' lang='lat' dir='ltr'><strong>semet</strong></span> <span class='ocrx_word' id='word_1_525' title='bbox 1516 3759 1687 3822; x_wconf 80' lang='lat' dir='ltr'><strong>potius</strong></span> <span class='ocrx_word' id='word_1_526' title='bbox 1719 3760 1923 3811; x_wconf 85' lang='lat' dir='ltr'><strong>lectioni</strong></span> <span class='ocrx_word' id='word_1_527' title='bbox 1960 3763 2127 3812; x_wconf 84' lang='lat' dir='ltr'><strong>inlen-</strong></span> 
     </span>
    </p>
   </div>
   <div class='ocr_carea' id='block_1_70' title="bbox 607 3843 2130 3914">
    <p class='ocr_par' dir='ltr' id='par_1_70' title="bbox 607 3843 2130 3914">
     <span class='ocr_line' id='line_1_70' title="bbox 607 3843 2130 3914; baseline 0.001 -16"><span class='ocrx_word' id='word_1_528' title='bbox 607 3860 688 3899; x_wconf 89' lang='lat' dir='ltr'><strong>tus</strong></span> <span class='ocrx_word' id='word_1_529' title='bbox 736 3849 1094 3912; x_wconf 71' lang='lat' dir='ltr'><strong>inculpabilem</strong></span> <span class='ocrx_word' id='word_1_530' title='bbox 1139 3849 1303 3897; x_wconf 73' lang='lat' dir='ltr'><strong>incure</strong></span> <span class='ocrx_word' id='word_1_531' title='bbox 1351 3843 1622 3906; x_wconf 83' lang='lat' dir='ltr'><strong>debuerat,</strong></span> <span class='ocrx_word' id='word_1_532' title='bbox 1671 3849 1917 3911; x_wconf 87' lang='lat' dir='ltr'><strong>perlicere</strong></span> <span class='ocrx_word' id='word_1_533' title='bbox 1953 3850 2130 3914; x_wconf 86' lang='lat' dir='ltr'><strong>nequi-</strong></span> 
     </span>
    </p>
   </div>
   <div class='ocr_carea' id='block_1_71' title="bbox 611 3934 2126 3999">
    <p class='ocr_par' dir='ltr' id='par_1_71' title="bbox 611 3934 2126 3999">
     <span class='ocr_line' id='line_1_71' title="bbox 611 3934 2126 3999; baseline 0.001 -14"><span class='ocrx_word' id='word_1_534' title='bbox 611 3938 716 3998; x_wconf 86' lang='lat' dir='ltr'><strong>bat,</strong></span> <span class='ocrx_word' id='word_1_535' title='bbox 756 3942 930 3999; x_wconf 80' lang='lat' dir='ltr'><strong>ntpole</strong></span> <span class='ocrx_word' id='word_1_536' title='bbox 958 3948 1138 3983; x_wconf 72' lang='lat' dir='ltr'><strong>sensus</strong></span> <span class='ocrx_word' id='word_1_537' title='bbox 1170 3944 1220 3982; x_wconf 86' lang='lat' dir='ltr'><strong>et</strong></span> <span class='ocrx_word' id='word_1_538' title='bbox 1249 3934 1513 3984; x_wconf 71' lang='lat' dir='ltr'><strong>sententia.-</strong></span> <span class='ocrx_word' id='word_1_539' title='bbox 1545 3950 1669 3983; x_wconf 71' lang='lat' dir='ltr'><strong>mea:</strong></span> <span class='ocrx_word' id='word_1_540' title='bbox 1700 3949 1851 3994; x_wconf 86' lang='lat' dir='ltr'><strong>quam</strong></span> <span class='ocrx_word' id='word_1_541' title='bbox 1885 3935 2126 3986; x_wconf 83' lang='lat' dir='ltr'><strong>laudabat</strong></span> 
     </span>
    </p>
   </div>
   <div class='ocr_carea' id='block_1_72' title="bbox 609 4020 2128 4083">
    <p class='ocr_par' dir='ltr' id='par_1_72' title="bbox 609 4020 2128 4083">
     <span class='ocr_line' id='line_1_72' title="bbox 609 4020 2128 4083; baseline 0.001 -12"><span class='ocrx_word' id='word_1_542' title='bbox 609 4021 822 4072; x_wconf 81' lang='lat' dir='ltr'><strong>necdum</strong></span> <span class='ocrx_word' id='word_1_543' title='bbox 872 4023 1127 4071; x_wconf 62' lang='lat' dir='ltr'><strong>conscius.</strong></span> <span class='ocrx_word' id='word_1_544' title='bbox 1183 4020 1309 4070; x_wconf 76' lang='lat' dir='ltr'><strong>Vere</strong></span> <span class='ocrx_word' id='word_1_545' title='bbox 1359 4020 1494 4070; x_wconf 87' lang='lat' dir='ltr'><strong>enim</strong></span> <span class='ocrx_word' id='word_1_546' title='bbox 1548 4023 1735 4071; x_wconf 89' lang='lat' dir='ltr'><strong>dictum</strong></span> <span class='ocrx_word' id='word_1_547' title='bbox 1765 4031 1844 4073; x_wconf 86' lang='lat' dir='ltr'><strong>est</strong></span> <span class='ocrx_word' id='word_1_548' title='bbox 1875 4038 1885 4070; x_wconf 90' lang='lat'>:</span> <span class='ocrx_word' id='word_1_549' title='bbox 1915 4023 2045 4083; x_wconf 80' lang='lat' dir='ltr'><strong>Quia</strong></span> <span class='ocrx_word' id='word_1_550' title='bbox 2087 4021 2128 4073; x_wconf 75' lang='lat' dir='ltr'><strong>si</strong></span> 
     </span>
    </p>
   </div>
   <div class='ocr_carea' id='block_1_73' title="bbox 602 4109 2129 4175">
    <p class='ocr_par' dir='ltr' id='par_1_73' title="bbox 602 4109 2129 4175">
     <span class='ocr_line' id='line_1_73' title="bbox 602 4109 2129 4175; baseline 0.003 -17"><span class='ocrx_word' id='word_1_551' title='bbox 602 4109 917 4160; x_wconf 77' lang='lat' dir='ltr'><strong>moriturderit</strong></span> <span class='ocrx_word' id='word_1_552' title='bbox 970 4124 1165 4173; x_wconf 75' lang='lat' dir='ltr'><strong>serpens</strong></span> <span class='ocrx_word' id='word_1_553' title='bbox 1206 4109 1256 4158; x_wconf 81' lang='lat' dir='ltr'><strong>in</strong></span> <span class='ocrx_word' id='word_1_554' title='bbox 1299 4110 1524 4175; x_wconf 71' lang='lat' dir='ltr'><strong>silentio,</strong></span> <span class='ocrx_word' id='word_1_555' title='bbox 1580 4126 1673 4160; x_wconf 76' lang='lat' dir='ltr'><strong>non</strong></span> <span class='ocrx_word' id='word_1_556' title='bbox 1719 4120 1787 4161; x_wconf 83' lang='lat' dir='ltr'><strong>cst</strong></span> <span class='ocrx_word' id='word_1_557' title='bbox 1823 4112 2129 4162; x_wconf 71' lang='lat' dir='ltr'><strong>abundantia</strong></span> 
     </span>
    </p>
   </div>
   <div class='ocr_carea' id='block_1_74' title="bbox 604 4199 1123 4250">
    <p class='ocr_par' dir='ltr' id='par_1_74' title="bbox 604 4199 1123 4250">
     <span class='ocr_line' id='line_1_74' title="bbox 604 4199 1123 4250; baseline 0.013 -7"><span class='ocrx_word' id='word_1_558' title='bbox 604 4199 917 4247; x_wconf 73' lang='lat' dir='ltr'><strong>tumultuari.</strong></span> <span class='ocrx_word' id='word_1_559' title='bbox 946 4203 1123 4250; x_wconf 70' lang='lat' dir='ltr'><strong>Amen.</strong></span> 
     </span>
    </p>
   </div>
   <div class='ocr_carea' id='block_1_75' title="bbox 1150 4284 1586 4344">
    <p class='ocr_par' dir='ltr' id='par_1_75' title="bbox 1150 4284 1586 4344">
     <span class='ocr_line' id='line_1_75' title="bbox 1150 4284 1586 4344; baseline 0.005 -10"><span class='ocrx_word' id='word_1_560' title='bbox 1150 4284 1463 4336; x_wconf 63' lang='lat' dir='ltr'><strong>EPISTULA</strong></span> <span class='ocrx_word' id='word_1_561' title='bbox 1506 4285 1586 4344; x_wconf 86' lang='lat' dir='ltr'><strong>IV,</strong></span> 
     </span>
    </p>
   </div>
   <div class='ocr_carea' id='block_1_76' title="bbox 1165 4389 1557 4436">
    <p class='ocr_par' dir='ltr' id='par_1_76' title="bbox 1165 4389 1557 4436">
     <span class='ocr_line' id='line_1_76' title="bbox 1165 4389 1557 4436; baseline 0 -12"><span class='ocrx_word' id='word_1_562' title='bbox 1165 4390 1228 4424; x_wconf 83' lang='grc' dir='ltr'><strong>Αυ</strong></span> <span class='ocrx_word' id='word_1_563' title='bbox 1268 4389 1557 4436; x_wconf 69' lang='grc' dir='ltr'>ννιιῖιιιῐιιιιιι,</span> 
     </span>
    </p>
   </div>
   <div class='ocr_carea' id='block_1_77' title="bbox 607 4457 2124 4531">
    <p class='ocr_par' dir='ltr' id='par_1_77' title="bbox 607 4457 2124 4531">
     <span class='ocr_line' id='line_1_77' title="bbox 607 4457 2124 4531; baseline 0.007 -24"><span class='ocrx_word' id='word_1_564' title='bbox 607 4457 675 4507; x_wconf 82' lang='lat' dir='ltr'><strong>De</strong></span> <span class='ocrx_word' id='word_1_565' title='bbox 705 4457 906 4508; x_wconf 65' lang='lat' dir='ltr'><strong>Part/nc</strong></span> <span class='ocrx_word' id='word_1_566' title='bbox 943 4458 1301 4519; x_wconf 75' lang='lat' dir='ltr'><strong>reMn-atiuue,</strong></span> <span class='ocrx_word' id='word_1_567' title='bbox 1355 4463 1450 4513; x_wconf 68' lang='lat' dir='ltr'><strong>sine</strong></span> <span class='ocrx_word' id='word_1_568' title='bbox 1497 4466 1556 4513; x_wconf 84' lang='lat' dir='ltr'><strong>de</strong></span> <span class='ocrx_word' id='word_1_569' title='bbox 1600 4467 1895 4531; x_wconf 73' lang='lat' dir='ltr'><strong>a’quiuoctlo</strong></span> <span class='ocrx_word' id='word_1_570' title='bbox 1943 4471 2124 4518; x_wconf 67' lang='lat' dir='ltr'><strong>vernali</strong></span> 
     </span>
    </p>
   </div>
   <div class='ocr_carea' id='block_1_78' title="bbox 1117 4531 1598 4594">
    <p class='ocr_par' dir='ltr' id='par_1_78' title="bbox 1117 4531 1598 4594">
     <span class='ocr_line' id='line_1_78' title="bbox 1117 4531 1598 4594; baseline 0.017 -20"><span class='ocrx_word' id='word_1_571' title='bbox 1117 4531 1263 4594; x_wconf 74' lang='lat' dir='ltr'><strong>juxta</strong></span> <span class='ocrx_word' id='word_1_572' title='bbox 1297 4534 1598 4583; x_wconf 77' lang='lat' dir='ltr'><strong>Anatolium.</strong></span> 
     </span>
    </p>
   </div>
   <div class='ocr_carea' id='block_1_79' title="bbox 673 4616 2124 4675">
    <p class='ocr_par' dir='ltr' id='par_1_79' title="bbox 673 4616 2124 4675">
     <span class='ocr_line' id='line_1_79' title="bbox 673 4616 2124 4675; baseline 0.006 -9"><span class='ocrx_word' id='word_1_573' title='bbox 673 4616 1128 4669; x_wconf 83' lang='lat' dir='ltr'><strong>Reverendissimo</strong></span> <span class='ocrx_word' id='word_1_574' title='bbox 1186 4634 1244 4669; x_wconf 89' lang='lat' dir='ltr'><strong>ac</strong></span> <span class='ocrx_word' id='word_1_575' title='bbox 1305 4620 1628 4671; x_wconf 68' lang='lat' dir='ltr'><strong>sanctissimo</strong></span> <span class='ocrx_word' id='word_1_576' title='bbox 1678 4623 1817 4673; x_wconf 73' lang='lat' dir='ltr'><strong>li&#39;atri</strong></span> <span class='ocrx_word' id='word_1_577' title='bbox 1869 4623 2124 4675; x_wconf 74' lang='lat' dir='ltr'><strong>wit-reda:</strong></span> 
     </span>
    </p>
   </div>
   <div class='ocr_carea' id='block_1_80' title="bbox 611 4706 2043 4774">
    <p class='ocr_par' dir='ltr' id='par_1_80' title="bbox 611 4706 2043 4774">
     <span class='ocr_line' id='line_1_80' title="bbox 611 4706 2043 4774; baseline 0.007 -21"><span class='ocrx_word' id='word_1_578' title='bbox 611 4706 935 4774; x_wconf 85' lang='lat' dir='ltr'><strong>presbytero,</strong></span> <span class='ocrx_word' id='word_1_579' title='bbox 976 4709 1125 4771; x_wconf 73' lang='lat' dir='ltr'><strong>Iteda,</strong></span> <span class='ocrx_word' id='word_1_580' title='bbox 1164 4711 1451 4774; x_wconf 82' lang='lat' dir='ltr'><strong>Optabilem-</strong></span> <span class='ocrx_word' id='word_1_581' title='bbox 1475 4711 1521 4760; x_wconf 91' lang='lat' dir='ltr'><strong>iu</strong></span> <span class='ocrx_word' id='word_1_582' title='bbox 1557 4711 1774 4762; x_wconf 76' lang='lat' dir='ltr'><strong>ltomino</strong></span> <span class='ocrx_word' id='word_1_583' title='bbox 1806 4716 2043 4764; x_wconf 88' lang='lat' dir='ltr'><strong>salutem.</strong></span> 
     </span>
    </p>
   </div>
   <div class='ocr_carea' id='block_1_81' title="bbox 676 4795 2126 4864">
    <p class='ocr_par' dir='ltr' id='par_1_81' title="bbox 676 4795 2126 4864">
     <span class='ocr_line' id='line_1_81' title="bbox 676 4795 2126 4864; baseline 0.002 -17"><span class='ocrx_word' id='word_1_584' title='bbox 676 4795 916 4847; x_wconf 86' lang='lat' dir='ltr'><strong>Libenter</strong></span> <span class='ocrx_word' id='word_1_585' title='bbox 964 4801 1134 4860; x_wconf 81' lang='lat' dir='ltr'><strong>accepi</strong></span> <span class='ocrx_word' id='word_1_586' title='bbox 1177 4799 1373 4849; x_wconf 87' lang='lat' dir='ltr'><strong>litteras</strong></span> <span class='ocrx_word' id='word_1_587' title='bbox 1414 4808 1509 4849; x_wconf 76' lang='lat' dir='ltr'><strong>line</strong></span> <span class='ocrx_word' id='word_1_588' title='bbox 1549 4799 1900 4864; x_wconf 71' lang='lat' dir='ltr'><strong>benignitatis,</strong></span> <span class='ocrx_word' id='word_1_589' title='bbox 1950 4818 2126 4852; x_wconf 85' lang='lat' dir='ltr'><strong>ainan-</strong></span> 
     </span>
    </p>
   </div>
   <div class='ocr_carea' id='block_1_82' title="bbox 614 4885 2124 4955">
    <p class='ocr_par' dir='ltr' id='par_1_82' title="bbox 614 4885 2124 4955">
     <span class='ocr_line' id='line_1_82' title="bbox 614 4885 2124 4955; baseline 0.007 -23"><span class='ocrx_word' id='word_1_590' title='bbox 614 4885 809 4935; x_wconf 88' lang='lat' dir='ltr'><strong>tissime</strong></span> <span class='ocrx_word' id='word_1_591' title='bbox 840 4888 886 4936; x_wconf 90' lang='lat' dir='ltr'><strong>in</strong></span> <span class='ocrx_word' id='word_1_592' title='bbox 916 4886 1123 4937; x_wconf 79' lang='lat' dir='ltr'><strong>Christo</strong></span> <span class='ocrx_word' id='word_1_593' title='bbox 1170 4887 1344 4944; x_wconf 87' lang='lat' dir='ltr'><strong>lrater.</strong></span> <span class='ocrx_word' id='word_1_594' title='bbox 1395 4899 1446 4940; x_wconf 90' lang='lat' dir='ltr'><strong>et</strong></span> <span class='ocrx_word' id='word_1_595' title='bbox 1499 4889 1720 4954; x_wconf 87' lang='lat' dir='ltr'><strong>capitula</strong></span> <span class='ocrx_word' id='word_1_596' title='bbox 1769 4905 1882 4952; x_wconf 81' lang='lat' dir='ltr'><strong>qua:</strong></span> <span class='ocrx_word' id='word_1_597' title='bbox 1938 4893 2124 4955; x_wconf 77' lang='lat' dir='ltr'><strong>rogasti</strong></span> 
     </span>
    </p>
   </div>
   <div class='ocr_carea' id='block_1_83' title="bbox 610 4976 2126 5046">
    <p class='ocr_par' dir='ltr' id='par_1_83' title="bbox 610 4976 2126 5046">
     <span class='ocr_line' id='line_1_83' title="bbox 610 4976 2126 5046; baseline 0.003 -21"><span class='ocrx_word' id='word_1_598' title='bbox 610 4985 872 5038; x_wconf 81' lang='lat' dir='ltr'><strong>promptus</strong></span> <span class='ocrx_word' id='word_1_599' title='bbox 896 4977 1212 5041; x_wconf 86' lang='lat' dir='ltr'><strong>describere,</strong></span> <span class='ocrx_word' id='word_1_600' title='bbox 1236 4993 1294 5026; x_wconf 92' lang='lat' dir='ltr'><strong>ac</strong></span> <span class='ocrx_word' id='word_1_601' title='bbox 1322 4976 1409 5028; x_wconf 84' lang='lat' dir='ltr'><strong>tibi</strong></span> <span class='ocrx_word' id='word_1_602' title='bbox 1438 4979 1661 5046; x_wconf 76' lang='lat' dir='ltr'><strong>dirigere</strong></span> <span class='ocrx_word' id='word_1_603' title='bbox 1689 4979 1991 5039; x_wconf 85' lang='lat' dir='ltr'><strong>acccleravi,</strong></span> <span class='ocrx_word' id='word_1_604' title='bbox 2019 4995 2126 5030; x_wconf 88' lang='lat' dir='ltr'><strong>me-</strong></span> 
     </span>
    </p>
   </div>
   <div class='ocr_carea' id='block_1_84' title="bbox 613 5064 2125 5133">
    <p class='ocr_par' dir='ltr' id='par_1_84' title="bbox 613 5064 2125 5133">
     <span class='ocr_line' id='line_1_84' title="bbox 613 5064 2125 5133; baseline 0.003 -19"><span class='ocrx_word' id='word_1_605' title='bbox 613 5078 725 5114; x_wconf 90' lang='lat' dir='ltr'><strong>tnnr</strong></span> <span class='ocrx_word' id='word_1_606' title='bbox 759 5064 1119 5117; x_wconf 82' lang='lat' dir='ltr'><strong>l&#39;atniliaritatis</strong></span> <span class='ocrx_word' id='word_1_607' title='bbox 1150 5081 1211 5118; x_wconf 88' lang='lat' dir='ltr'><strong>ac</strong></span> <span class='ocrx_word' id='word_1_608' title='bbox 1239 5068 1546 5127; x_wconf 76' lang='lat' dir='ltr'><strong>dulcedinis,</strong></span> <span class='ocrx_word' id='word_1_609' title='bbox 1591 5084 1708 5133; x_wconf 88' lang='lat' dir='ltr'><strong>qua,</strong></span> <span class='ocrx_word' id='word_1_610' title='bbox 1759 5085 1874 5120; x_wconf 87' lang='lat' dir='ltr'><strong>cum</strong></span> <span class='ocrx_word' id='word_1_611' title='bbox 1917 5070 1998 5120; x_wconf 90' lang='lat' dir='ltr'><strong>illo</strong></span> <span class='ocrx_word' id='word_1_612' title='bbox 2039 5070 2125 5119; x_wconf 87' lang='lat' dir='ltr'><strong>ad-</strong></span> 
     </span>
    </p>
   </div>
   <div class='ocr_carea' id='block_1_85' title="bbox 612 5155 2126 5221">
    <p class='ocr_par' dir='ltr' id='par_1_85' title="bbox 612 5155 2126 5221">
     <span class='ocr_line' id='line_1_85' title="bbox 612 5155 2126 5221; baseline 0.006 -18"><span class='ocrx_word' id='word_1_613' title='bbox 612 5155 863 5220; x_wconf 84' lang='lat' dir='ltr'><strong>veniretu,</strong></span> <span class='ocrx_word' id='word_1_614' title='bbox 889 5172 971 5207; x_wconf 91' lang='lat' dir='ltr'><strong>me</strong></span> <span class='ocrx_word' id='word_1_615' title='bbox 989 5159 1276 5219; x_wconf 87' lang='lat' dir='ltr'><strong>suscepisti.</strong></span> <span class='ocrx_word' id='word_1_616' title='bbox 1302 5159 1399 5208; x_wconf 85' lang='lat' dir='ltr'><strong>Sed</strong></span> <span class='ocrx_word' id='word_1_617' title='bbox 1429 5171 1478 5209; x_wconf 88' lang='lat' dir='ltr'><strong>et</strong></span> <span class='ocrx_word' id='word_1_618' title='bbox 1500 5164 1831 5221; x_wconf 71' lang='lat' dir='ltr'><strong>quzrstiouetu</strong></span> <span class='ocrx_word' id='word_1_619' title='bbox 1857 5163 1992 5214; x_wconf 64' lang='lat' dir='ltr'><strong>illam</strong></span> <span class='ocrx_word' id='word_1_620' title='bbox 2021 5179 2126 5213; x_wconf 86' lang='lat' dir='ltr'><strong>me-</strong></span> 
     </span>
    </p>
   </div>
   <div class='ocr_carea' id='block_1_86' title="bbox 604 5243 2125 5316">
    <p class='ocr_par' dir='ltr' id='par_1_86' title="bbox 604 5243 2125 5316">
     <span class='ocr_line' id='line_1_86' title="bbox 604 5243 2125 5316; baseline 0.005 -23"><span class='ocrx_word' id='word_1_621' title='bbox 604 5245 702 5293; x_wconf 90' lang='lat' dir='ltr'><strong>rito</strong></span> <span class='ocrx_word' id='word_1_622' title='bbox 734 5243 977 5294; x_wconf 69' lang='lat' dir='ltr'><strong>[animam</strong></span> <span class='ocrx_word' id='word_1_623' title='bbox 1008 5245 1070 5294; x_wconf 91' lang='lat' dir='ltr'><strong>de</strong></span> <span class='ocrx_word' id='word_1_624' title='bbox 1101 5246 1309 5298; x_wconf 56' lang='lat' dir='ltr'><strong>historia</strong></span> <span class='ocrx_word' id='word_1_625' title='bbox 1341 5249 1716 5310; x_wconf 71' lang='lat' dir='ltr'><strong>ecclesiastica,</strong></span> <span class='ocrx_word' id='word_1_626' title='bbox 1739 5263 1892 5314; x_wconf 89' lang='lat' dir='ltr'><strong>super</strong></span> <span class='ocrx_word' id='word_1_627' title='bbox 1918 5265 2014 5316; x_wconf 84' lang='lat' dir='ltr'><strong>qua</strong></span> <span class='ocrx_word' id='word_1_628' title='bbox 2045 5265 2125 5300; x_wconf 82' lang='lat' dir='ltr'><strong>me</strong></span> 
     </span>
    </p>
   </div>
   <div class='ocr_carea' id='block_1_87' title="bbox 604 5331 2125 5403">
    <p class='ocr_par' dir='ltr' id='par_1_87' title="bbox 604 5331 2125 5403">
     <span class='ocr_line' id='line_1_87' title="bbox 604 5331 2125 5403; baseline 0.005 -25"><span class='ocrx_word' id='word_1_629' title='bbox 604 5331 931 5395; x_wconf 73' lang='lat' dir='ltr'><strong>interrogasti</strong></span> <span class='ocrx_word' id='word_1_630' title='bbox 965 5343 1284 5396; x_wconf 71' lang='lat' dir='ltr'><strong>pra-sententi,</strong></span> <span class='ocrx_word' id='word_1_631' title='bbox 1333 5346 1385 5387; x_wconf 88' lang='lat' dir='ltr'><strong>et</strong></span> <span class='ocrx_word' id='word_1_632' title='bbox 1429 5335 1508 5386; x_wconf 85' lang='lat' dir='ltr'><strong>cui</strong></span> <span class='ocrx_word' id='word_1_633' title='bbox 1553 5347 1671 5387; x_wconf 91' lang='lat' dir='ltr'><strong>tunc</strong></span> <span class='ocrx_word' id='word_1_634' title='bbox 1703 5337 1924 5388; x_wconf 88' lang='lat' dir='ltr'><strong>breviter</strong></span> <span class='ocrx_word' id='word_1_635' title='bbox 1950 5347 2004 5388; x_wconf 91' lang='lat' dir='ltr'><strong>ut</strong></span> <span class='ocrx_word' id='word_1_636' title='bbox 2031 5353 2125 5403; x_wconf 68' lang='lat' dir='ltr'><strong>po-</strong></span> 
     </span>
    </p>
   </div>
   <div class='ocr_carea' id='block_1_88' title="bbox 607 5419 2127 5489">
    <p class='ocr_par' dir='ltr' id='par_1_88' title="bbox 607 5419 2127 5489">
     <span class='ocr_line' id='line_1_88' title="bbox 607 5419 2127 5489; baseline 0.009 -24"><span class='ocrx_word' id='word_1_637' title='bbox 607 5420 678 5467; x_wconf 92' lang='lat' dir='ltr'><strong>tui</strong></span> <span class='ocrx_word' id='word_1_638' title='bbox 728 5419 990 5484; x_wconf 79' lang='lat' dir='ltr'><strong>reSpoudi,</strong></span> <span class='ocrx_word' id='word_1_639' title='bbox 1047 5436 1179 5471; x_wconf 89' lang='lat' dir='ltr'><strong>nunc</strong></span> <span class='ocrx_word' id='word_1_640' title='bbox 1226 5427 1377 5473; x_wconf 72' lang='lat' dir='ltr'><strong>.atius</strong></span> <span class='ocrx_word' id='word_1_641' title='bbox 1419 5426 1574 5474; x_wconf 89' lang='lat' dir='ltr'><strong>etiam</strong></span> <span class='ocrx_word' id='word_1_642' title='bbox 1626 5425 1809 5476; x_wconf 90' lang='lat' dir='ltr'><strong>litteris</strong></span> <span class='ocrx_word' id='word_1_643' title='bbox 1851 5428 2127 5489; x_wconf 78' lang='lat' dir='ltr'><strong>eitplanare</strong></span> 
     </span>
    </p>
   </div>
   <div class='ocr_carea' id='block_1_89' title="bbox 604 5506 2127 5578">
    <p class='ocr_par' dir='ltr' id='par_1_89' title="bbox 604 5506 2127 5578">
     <span class='ocr_line' id='line_1_89' title="bbox 604 5506 2127 5578; baseline 0.009 -27"><span class='ocrx_word' id='word_1_644' title='bbox 604 5506 798 5564; x_wconf 78' lang='lat' dir='ltr'><strong>studui,</strong></span> <span class='ocrx_word' id='word_1_645' title='bbox 832 5506 928 5557; x_wconf 87' lang='lat' dir='ltr'><strong>hoc</strong></span> <span class='ocrx_word' id='word_1_646' title='bbox 956 5518 1053 5567; x_wconf 82' lang='lat' dir='ltr'><strong>est,</strong></span> <span class='ocrx_word' id='word_1_647' title='bbox 1086 5509 1149 5560; x_wconf 85' lang='lat' dir='ltr'><strong>de</strong></span> <span class='ocrx_word' id='word_1_648' title='bbox 1179 5513 1487 5574; x_wconf 59' lang='lat' dir='ltr'><strong>atquinoetio</strong></span> <span class='ocrx_word' id='word_1_649' title='bbox 1517 5527 1693 5570; x_wconf 87' lang='lat' dir='ltr'><strong>verno.</strong></span> <span class='ocrx_word' id='word_1_650' title='bbox 1734 5514 1865 5578; x_wconf 87' lang='lat' dir='ltr'><strong>quod</strong></span> <span class='ocrx_word' id='word_1_651' title='bbox 1910 5516 1957 5564; x_wconf 92' lang='lat' dir='ltr'><strong>in</strong></span> <span class='ocrx_word' id='word_1_652' title='bbox 1999 5515 2127 5564; x_wconf 83' lang='lat' dir='ltr'><strong>libro</strong></span> 
     </span>
    </p>
   </div>
   <div class='ocr_carea' id='block_1_90' title="bbox 551 5590 2126 5662">
    <p class='ocr_par' dir='ltr' id='par_1_90' title="bbox 551 5590 2126 5662">
     <span class='ocr_line' id='line_1_90' title="bbox 551 5590 2126 5662; baseline 0.01 -27"><span class='ocrx_word' id='word_1_653' title='bbox 551 5651 556 5657; x_wconf 85' lang='lat'><strong>_</strong></span> <span class='ocrx_word' id='word_1_654' title='bbox 608 5590 817 5654; x_wconf 68' lang='lat' dir='ltr'><strong>pruriam</strong></span> <span class='ocrx_word' id='word_1_655' title='bbox 869 5596 1128 5646; x_wconf 73' lang='lat' dir='ltr'><strong>Anatolius</strong></span> <span class='ocrx_word' id='word_1_656' title='bbox 1176 5598 1386 5647; x_wconf 78' lang='lat' dir='ltr'><strong>antistes</strong></span> <span class='ocrx_word' id='word_1_657' title='bbox 1433 5601 1912 5662; x_wconf 76' lang='lat' dir='ltr'><strong>ieveremlissimus,</strong></span> <span class='ocrx_word' id='word_1_658' title='bbox 1959 5605 2007 5652; x_wconf 91' lang='lat' dir='ltr'><strong>in</strong></span> <span class='ocrx_word' id='word_1_659' title='bbox 2036 5619 2126 5652; x_wconf 89' lang='lat' dir='ltr'><strong>tlll-</strong></span> 
     </span>
    </p>
   </div>
   <div class='ocr_carea' id='block_1_91' title="bbox 2248 3232 3719 3306">
    <p class='ocr_par' dir='ltr' id='par_1_91' title="bbox 2248 3232 3719 3306">
     <span class='ocr_line' id='line_1_91' title="bbox 2248 3232 3719 3306; baseline 0.01 -28"><span class='ocrx_word' id='word_1_660' title='bbox 2248 3243 2429 3279; x_wconf 79' lang='lat' dir='ltr'><strong>cursus</strong></span> <span class='ocrx_word' id='word_1_661' title='bbox 2465 3232 2752 3290; x_wconf 86' lang='lat' dir='ltr'><strong>stellartuu,</strong></span> <span class='ocrx_word' id='word_1_662' title='bbox 2783 3247 2898 3298; x_wconf 67' lang='lat' dir='ltr'><strong>quae</strong></span> <span class='ocrx_word' id='word_1_663' title='bbox 2931 3236 3164 3296; x_wconf 71' lang='lat' dir='ltr'><strong>planeta&#39;,</strong></span> <span class='ocrx_word' id='word_1_664' title='bbox 3207 3239 3254 3288; x_wconf 87' lang='lat' dir='ltr'><strong>id</strong></span> <span class='ocrx_word' id='word_1_665' title='bbox 3283 3251 3381 3301; x_wconf 90' lang='lat' dir='ltr'><strong>est,</strong></span> <span class='ocrx_word' id='word_1_666' title='bbox 3415 3256 3548 3306; x_wconf 72' lang='lat' dir='ltr'><strong>Vagae</strong></span> <span class='ocrx_word' id='word_1_667' title='bbox 3583 3243 3719 3294; x_wconf 67' lang='lat' dir='ltr'><strong>dicitn-</strong></span> 
     </span>
    </p>
   </div>
   <div class='ocr_carea' id='block_1_92' title="bbox 2232 3319 3714 3386">
    <p class='ocr_par' dir='ltr' id='par_1_92' title="bbox 2232 3319 3714 3386">
     <span class='ocr_line' id='line_1_92' title="bbox 2232 3319 3714 3386; baseline 0.009 -20"><span class='ocrx_word' id='word_1_668' title='bbox 2232 3325 2334 3380; x_wconf 89' lang='lat' dir='ltr'><strong>tnr,</strong></span> <span class='ocrx_word' id='word_1_669' title='bbox 2381 3332 2440 3368; x_wconf 88' lang='lat' dir='ltr'><strong>ac</strong></span> <span class='ocrx_word' id='word_1_670' title='bbox 2478 3319 2592 3368; x_wconf 87' lang='lat' dir='ltr'><strong>linis</strong></span> <span class='ocrx_word' id='word_1_671' title='bbox 2631 3319 2953 3372; x_wconf 67' lang='lat' dir='ltr'><strong>duodecima:</strong></span> <span class='ocrx_word' id='word_1_672' title='bbox 2989 3325 3278 3386; x_wconf 50' lang='lat' dir='ltr'><strong>particula,</strong></span> <span class='ocrx_word' id='word_1_673' title='bbox 3315 3339 3364 3379; x_wconf 86' lang='lat' dir='ltr'><strong>et</strong></span> <span class='ocrx_word' id='word_1_674' title='bbox 3393 3332 3548 3381; x_wconf 76' lang='lat' dir='ltr'><strong>totius</strong></span> <span class='ocrx_word' id='word_1_675' title='bbox 3574 3335 3714 3381; x_wconf 77' lang='lat' dir='ltr'><strong>etrculi</strong></span> 
     </span>
    </p>
   </div>
   <div class='ocr_carea' id='block_1_93' title="bbox 2232 3406 3715 3479">
    <p class='ocr_par' dir='ltr' id='par_1_93' title="bbox 2232 3406 3715 3479">
     <span class='ocr_line' id='line_1_93' title="bbox 2232 3406 3715 3479; baseline 0.011 -25"><span class='ocrx_word' id='word_1_676' title='bbox 2232 3406 2505 3456; x_wconf 85' lang='lat' dir='ltr'><strong>terminus.</strong></span> <span class='ocrx_word' id='word_1_677' title='bbox 2552 3407 2653 3457; x_wconf 80' lang='lat' dir='ltr'><strong>Sed</strong></span> <span class='ocrx_word' id='word_1_678' title='bbox 2707 3407 2944 3459; x_wconf 78' lang='lat' dir='ltr'><strong>facillima</strong></span> <span class='ocrx_word' id='word_1_679' title='bbox 2975 3415 3177 3463; x_wconf 84' lang='lat' dir='ltr'><strong>ratione</strong></span> <span class='ocrx_word' id='word_1_680' title='bbox 3210 3432 3360 3479; x_wconf 85' lang='lat' dir='ltr'><strong>posse</strong></span> <span class='ocrx_word' id='word_1_681' title='bbox 3389 3421 3538 3468; x_wconf 85' lang='lat' dir='ltr'><strong>credo</strong></span> <span class='ocrx_word' id='word_1_682' title='bbox 3565 3421 3715 3476; x_wconf 74' lang='lat' dir='ltr'><strong>doceo,</strong></span> 
     </span>
    </p>
   </div>
   <div class='ocr_carea' id='block_1_94' title="bbox 2230 3496 3715 3571">
    <p class='ocr_par' dir='ltr' id='par_1_94' title="bbox 2230 3496 3715 3571">
     <span class='ocr_line' id='line_1_94' title="bbox 2230 3496 3715 3571; baseline 0.012 -31"><span class='ocrx_word' id='word_1_683' title='bbox 2230 3507 2329 3540; x_wconf 88' lang='lat' dir='ltr'><strong>non</strong></span> <span class='ocrx_word' id='word_1_684' title='bbox 2373 3507 2490 3542; x_wconf 84' lang='lat' dir='ltr'><strong>Cttltl</strong></span> <span class='ocrx_word' id='word_1_685' title='bbox 2540 3496 2745 3545; x_wconf 64' lang='lat' dir='ltr'><strong>ueteris</strong></span> <span class='ocrx_word' id='word_1_686' title='bbox 2775 3496 2984 3564; x_wconf 59' lang='lat' dir='ltr'><strong>Egypti</strong></span> <span class='ocrx_word' id='word_1_687' title='bbox 3017 3509 3068 3550; x_wconf 89' lang='lat' dir='ltr'><strong>et</strong></span> <span class='ocrx_word' id='word_1_688' title='bbox 3099 3503 3321 3552; x_wconf 79' lang='lat' dir='ltr'><strong>orientis</strong></span> <span class='ocrx_word' id='word_1_689' title='bbox 3355 3512 3715 3571; x_wconf 69' lang='lat' dir='ltr'><strong>prmceptnribus</strong></span> 
     </span>
    </p>
   </div>
   <div class='ocr_carea' id='block_1_95' title="bbox 2230 3581 3715 3656">
    <p class='ocr_par' dir='ltr' id='par_1_95' title="bbox 2230 3581 3715 3656">
     <span class='ocr_line' id='line_1_95' title="bbox 2230 3581 3715 3656; baseline 0.009 -25"><span class='ocrx_word' id='word_1_690' title='bbox 2230 3581 2278 3631; x_wconf 91' lang='lat' dir='ltr'><strong>in</strong></span> <span class='ocrx_word' id='word_1_691' title='bbox 2309 3581 2405 3632; x_wconf 84' lang='lat' dir='ltr'><strong>ltoc</strong></span> <span class='ocrx_word' id='word_1_692' title='bbox 2443 3596 2558 3634; x_wconf 71' lang='lat' dir='ltr'><strong>05st:</strong></span> <span class='ocrx_word' id='word_1_693' title='bbox 2588 3589 2928 3637; x_wconf 83' lang='lat' dir='ltr'><strong>contrarium.</strong></span> <span class='ocrx_word' id='word_1_694' title='bbox 2964 3588 3104 3638; x_wconf 78' lang='lat' dir='ltr'><strong>Facit</strong></span> <span class='ocrx_word' id='word_1_695' title='bbox 3134 3591 3270 3641; x_wconf 76' lang='lat' dir='ltr'><strong>enim</strong></span> <span class='ocrx_word' id='word_1_696' title='bbox 3306 3595 3440 3645; x_wconf 82' lang='lat' dir='ltr'><strong>ratio</strong></span> <span class='ocrx_word' id='word_1_697' title='bbox 3468 3599 3715 3656; x_wconf 76' lang='lat' dir='ltr'><strong>quadrantis</strong></span> 
     </span>
    </p>
   </div>
   <div class='ocr_carea' id='block_1_96' title="bbox 2231 3668 3713 3745">
    <p class='ocr_par' dir='ltr' id='par_1_96' title="bbox 2231 3668 3713 3745">
     <span class='ocr_line' id='line_1_96' title="bbox 2231 3668 3713 3745; baseline 0.013 -31"><span class='ocrx_word' id='word_1_698' title='bbox 2231 3669 2402 3732; x_wconf 80' lang='lat' dir='ltr'><strong>(quem</strong></span> <span class='ocrx_word' id='word_1_699' title='bbox 2455 3668 2741 3721; x_wconf 73' lang='lat' dir='ltr'><strong>bissextum</strong></span> <span class='ocrx_word' id='word_1_700' title='bbox 2790 3679 3018 3738; x_wconf 84' lang='lat' dir='ltr'><strong>vocant),</strong></span> <span class='ocrx_word' id='word_1_701' title='bbox 3054 3686 3107 3726; x_wconf 91' lang='lat' dir='ltr'><strong>ut</strong></span> <span class='ocrx_word' id='word_1_702' title='bbox 3138 3679 3213 3727; x_wconf 84' lang='lat' dir='ltr'><strong>Sttl</strong></span> <span class='ocrx_word' id='word_1_703' title='bbox 3245 3684 3634 3745; x_wconf 81' lang='lat' dir='ltr'><strong>a-quinoctialem</strong></span> <span class='ocrx_word' id='word_1_704' title='bbox 3658 3702 3713 3735; x_wconf 70' lang='lat' dir='ltr'><strong>sui</strong></span> 
     </span>
    </p>
   </div>
   <div class='ocr_carea' id='block_1_97' title="bbox 2227 3761 3715 3838">
    <p class='ocr_par' dir='ltr' id='par_1_97' title="bbox 2227 3761 3715 3838">
     <span class='ocr_line' id='line_1_97' title="bbox 2227 3761 3715 3838; baseline 0.009 -32"><span class='ocrx_word' id='word_1_705' title='bbox 2227 3772 2410 3808; x_wconf 86' lang='lat' dir='ltr'><strong>cursus</strong></span> <span class='ocrx_word' id='word_1_706' title='bbox 2457 3761 2622 3810; x_wconf 82' lang='lat' dir='ltr'><strong>locum</strong></span> <span class='ocrx_word' id='word_1_707' title='bbox 2671 3763 2721 3830; x_wconf 83' lang='lat' dir='ltr'><strong>in</strong></span> <span class='ocrx_word' id='word_1_708' title='bbox 2756 3762 3000 3826; x_wconf 74' lang='lat' dir='ltr'><strong>signit&#39;ero</strong></span> <span class='ocrx_word' id='word_1_709' title='bbox 3041 3766 3258 3826; x_wconf 85' lang='lat' dir='ltr'><strong>circulo,</strong></span> <span class='ocrx_word' id='word_1_710' title='bbox 3317 3787 3453 3823; x_wconf 88' lang='lat' dir='ltr'><strong>nunc</strong></span> <span class='ocrx_word' id='word_1_711' title='bbox 3501 3775 3547 3822; x_wconf 89' lang='lat' dir='ltr'><strong>in</strong></span> <span class='ocrx_word' id='word_1_712' title='bbox 3590 3773 3715 3838; x_wconf 85' lang='lat' dir='ltr'><strong>prima</strong></span> 
     </span>
    </p>
   </div>
   <div class='ocr_carea' id='block_1_98' title="bbox 2226 3852 3715 3920">
    <p class='ocr_par' dir='ltr' id='par_1_98' title="bbox 2226 3852 3715 3920">
     <span class='ocr_line' id='line_1_98' title="bbox 2226 3852 3715 3920; baseline 0.011 -27"><span class='ocrx_word' id='word_1_713' title='bbox 2226 3853 2413 3895; x_wconf 64' lang='lat' dir='ltr'><strong>exortu</strong></span> <span class='ocrx_word' id='word_1_714' title='bbox 2444 3862 2560 3905; x_wconf 81' lang='lat' dir='ltr'><strong>suo,</strong></span> <span class='ocrx_word' id='word_1_715' title='bbox 2605 3863 2740 3899; x_wconf 86' lang='lat' dir='ltr'><strong>nunc</strong></span> <span class='ocrx_word' id='word_1_716' title='bbox 2773 3853 2819 3898; x_wconf 91' lang='lat' dir='ltr'><strong>in</strong></span> <span class='ocrx_word' id='word_1_717' title='bbox 2851 3852 3092 3912; x_wconf 87' lang='lat' dir='ltr'><strong>meridie,</strong></span> <span class='ocrx_word' id='word_1_718' title='bbox 3128 3870 3264 3904; x_wconf 78' lang='lat' dir='ltr'><strong>nunc</strong></span> <span class='ocrx_word' id='word_1_719' title='bbox 3312 3859 3362 3906; x_wconf 90' lang='lat' dir='ltr'><strong>in</strong></span> <span class='ocrx_word' id='word_1_720' title='bbox 3395 3873 3590 3920; x_wconf 78' lang='lat' dir='ltr'><strong>occasu,</strong></span> <span class='ocrx_word' id='word_1_721' title='bbox 3613 3877 3715 3910; x_wconf 82' lang='lat' dir='ltr'><strong>nunc</strong></span> 
     </span>
    </p>
   </div>
   <div class='ocr_carea' id='block_1_99' title="bbox 2230 3934 3713 4011">
    <p class='ocr_par' dir='ltr' id='par_1_99' title="bbox 2230 3934 3713 4011">
     <span class='ocr_line' id='line_1_99' title="bbox 2230 3934 3713 4011; baseline 0.011 -29"><span class='ocrx_word' id='word_1_722' title='bbox 2230 3934 2396 3984; x_wconf 85' lang='lat' dir='ltr'><strong>media</strong></span> <span class='ocrx_word' id='word_1_723' title='bbox 2451 3946 2600 3986; x_wconf 87' lang='lat' dir='ltr'><strong>nocte</strong></span> <span class='ocrx_word' id='word_1_724' title='bbox 2648 3942 3074 4004; x_wconf 85' lang='lat' dir='ltr'><strong>comprehendat,</strong></span> <span class='ocrx_word' id='word_1_725' title='bbox 3132 3956 3182 3995; x_wconf 87' lang='lat' dir='ltr'><strong>et</strong></span> <span class='ocrx_word' id='word_1_726' title='bbox 3232 3951 3438 4011; x_wconf 78' lang='lat' dir='ltr'><strong>quoties</strong></span> <span class='ocrx_word' id='word_1_727' title='bbox 3485 3968 3622 4002; x_wconf 82' lang='lat' dir='ltr'><strong>mane</strong></span> <span class='ocrx_word' id='word_1_728' title='bbox 3655 3954 3713 4000; x_wconf 59' lang='grc' dir='ltr'><strong>ττι</strong></span> 
     </span>
    </p>
   </div>
   <div class='ocr_carea' id='block_1_100' title="bbox 2229 4020 3712 4096">
    <p class='ocr_par' dir='ltr' id='par_1_100' title="bbox 2229 4020 3712 4096">
     <span class='ocr_line' id='line_1_100' title="bbox 2229 4020 3712 4096; baseline 0.013 -28"><span class='ocrx_word' id='word_1_729' title='bbox 2229 4020 2438 4071; x_wconf 86' lang='lat' dir='ltr'><strong>meridie</strong></span> <span class='ocrx_word' id='word_1_730' title='bbox 2468 4024 2574 4072; x_wconf 87' lang='lat' dir='ltr'><strong>lieri</strong></span> <span class='ocrx_word' id='word_1_731' title='bbox 2599 4026 2958 4090; x_wconf 76' lang='lat' dir='ltr'><strong>:rquinoctimn</strong></span> <span class='ocrx_word' id='word_1_732' title='bbox 2988 4032 3285 4096; x_wconf 79' lang='lat' dir='ltr'><strong>Contigerit,</strong></span> <span class='ocrx_word' id='word_1_733' title='bbox 3311 4037 3374 4084; x_wconf 88' lang='lat' dir='ltr'><strong>ad</strong></span> <span class='ocrx_word' id='word_1_734' title='bbox 3399 4040 3712 4088; x_wconf 78' lang='lat' dir='ltr'><strong>duadeciiuutu</strong></span> 
     </span>
    </p>
   </div>
   <div class='ocr_carea' id='block_1_101' title="bbox 2229 4106 3712 4189">
    <p class='ocr_par' dir='ltr' id='par_1_101' title="bbox 2229 4106 3712 4189">
     <span class='ocr_line' id='line_1_101' title="bbox 2229 4106 3712 4189; baseline 0.011 -33"><span class='ocrx_word' id='word_1_735' title='bbox 2229 4106 2568 4159; x_wconf 79' lang='lat' dir='ltr'><strong>Kalendarum</strong></span> <span class='ocrx_word' id='word_1_736' title='bbox 2614 4111 2906 4174; x_wconf 83' lang='lat' dir='ltr'><strong>Aprilium;</strong></span> <span class='ocrx_word' id='word_1_737' title='bbox 2956 4118 3160 4180; x_wconf 83' lang='lat' dir='ltr'><strong>quoties</strong></span> <span class='ocrx_word' id='word_1_738' title='bbox 3207 4131 3384 4172; x_wconf 86' lang='lat' dir='ltr'><strong>autem</strong></span> <span class='ocrx_word' id='word_1_739' title='bbox 3434 4125 3712 4189; x_wconf 52' lang='lat' dir='ltr'><strong>tesperincl</strong></span> 
     </span>
    </p>
   </div>
   <div class='ocr_carea' id='block_1_102' title="bbox 2230 4195 3712 4260">
    <p class='ocr_par' dir='ltr' id='par_1_102' title="bbox 2230 4195 3712 4260">
     <span class='ocr_line' id='line_1_102' title="bbox 2230 4195 3712 4260; baseline 0.013 -18"><span class='ocrx_word' id='word_1_740' title='bbox 2230 4195 2395 4244; x_wconf 86' lang='lat' dir='ltr'><strong>media</strong></span> <span class='ocrx_word' id='word_1_741' title='bbox 2425 4206 2592 4257; x_wconf 87' lang='lat' dir='ltr'><strong>nocte,</strong></span> <span class='ocrx_word' id='word_1_742' title='bbox 2624 4197 2687 4247; x_wconf 88' lang='lat' dir='ltr'><strong>ad</strong></span> <span class='ocrx_word' id='word_1_743' title='bbox 2723 4199 3050 4251; x_wconf 87' lang='lat' dir='ltr'><strong>undecimum</strong></span> <span class='ocrx_word' id='word_1_744' title='bbox 3081 4201 3436 4258; x_wconf 82' lang='lat' dir='ltr'><strong>Kalendarum</strong></span> <span class='ocrx_word' id='word_1_745' title='bbox 3463 4211 3712 4260; x_wconf 60' lang='lat' dir='ltr'><strong>earumdem</strong></span> 
     </span>
    </p>
   </div>
   <div class='ocr_carea' id='block_1_103' title="bbox 2227 4282 3712 4350">
    <p class='ocr_par' dir='ltr' id='par_1_103' title="bbox 2227 4282 3712 4350">
     <span class='ocr_line' id='line_1_103' title="bbox 2227 4282 3712 4350; baseline 0.011 -20"><span class='ocrx_word' id='word_1_746' title='bbox 2227 4282 2358 4331; x_wconf 79' lang='lat' dir='ltr'><strong>diem</strong></span> <span class='ocrx_word' id='word_1_747' title='bbox 2391 4287 2634 4347; x_wconf 86' lang='lat' dir='ltr'><strong>pertinet.</strong></span> <span class='ocrx_word' id='word_1_748' title='bbox 2676 4288 2885 4350; x_wconf 80' lang='lat' dir='ltr'><strong>Absque</strong></span> <span class='ocrx_word' id='word_1_749' title='bbox 2913 4291 3049 4340; x_wconf 84' lang='lat' dir='ltr'><strong>enim</strong></span> <span class='ocrx_word' id='word_1_750' title='bbox 3081 4296 3491 4347; x_wconf 75' lang='lat' dir='ltr'><strong>coiitradictione</strong></span> <span class='ocrx_word' id='word_1_751' title='bbox 3516 4313 3603 4349; x_wconf 76' lang='lat' dir='ltr'><strong>nox</strong></span> <span class='ocrx_word' id='word_1_752' title='bbox 3628 4311 3712 4347; x_wconf 81' lang='grc' dir='ltr'>οιιι-</span> 
     </span>
    </p>
   </div>
   <div class='ocr_carea' id='block_1_104' title="bbox 2166 4374 3712 4448">
    <p class='ocr_par' dir='ltr' id='par_1_104' title="bbox 2166 4374 3712 4448">
     <span class='ocr_line' id='line_1_104' title="bbox 2166 4374 3712 4448; baseline 0.01 -32"><span class='ocrx_word' id='word_1_753' title='bbox 2166 4421 2202 4448; x_wconf 46' lang='lat'>”</span> <span class='ocrx_word' id='word_1_754' title='bbox 2232 4374 2308 4420; x_wconf 88' lang='lat' dir='ltr'><strong>nis</strong></span> <span class='ocrx_word' id='word_1_755' title='bbox 2345 4385 2406 4421; x_wconf 75' lang='lat' dir='ltr'><strong>ex</strong></span> <span class='ocrx_word' id='word_1_756' title='bbox 2437 4387 2539 4436; x_wconf 91' lang='lat' dir='ltr'><strong>quo</strong></span> <span class='ocrx_word' id='word_1_757' title='bbox 2573 4377 2816 4425; x_wconf 87' lang='lat' dir='ltr'><strong>Dominus</strong></span> <span class='ocrx_word' id='word_1_758' title='bbox 2846 4392 2871 4425; x_wconf 92' lang='lat' dir='ltr'><strong>a</strong></span> <span class='ocrx_word' id='word_1_759' title='bbox 2907 4380 3123 4428; x_wconf 87' lang='lat' dir='ltr'><strong>mortuis</strong></span> <span class='ocrx_word' id='word_1_760' title='bbox 3156 4385 3466 4446; x_wconf 70' lang='lat' dir='ltr'><strong>resurrexit,</strong></span> <span class='ocrx_word' id='word_1_761' title='bbox 3495 4394 3712 4448; x_wconf 61' lang='lat' dir='ltr'><strong>sequentis</strong></span> 
     </span>
    </p>
   </div>
   <div class='ocr_carea' id='block_1_105' title="bbox 2231 4457 3711 4534">
    <p class='ocr_par' dir='ltr' id='par_1_105' title="bbox 2231 4457 3711 4534">
     <span class='ocr_line' id='line_1_105' title="bbox 2231 4457 3711 4534; baseline 0.011 -31"><span class='ocrx_word' id='word_1_762' title='bbox 2231 4457 2327 4506; x_wconf 75' lang='lat' dir='ltr'><strong>d.ei</strong></span> <span class='ocrx_word' id='word_1_763' title='bbox 2363 4460 2681 4521; x_wconf 86' lang='lat' dir='ltr'><strong>temporibus</strong></span> <span class='ocrx_word' id='word_1_764' title='bbox 2707 4466 3053 4526; x_wconf 84' lang='lat' dir='ltr'><strong>anteponitur,</strong></span> <span class='ocrx_word' id='word_1_765' title='bbox 3086 4481 3186 4515; x_wconf 89' lang='lat' dir='ltr'><strong>non</strong></span> <span class='ocrx_word' id='word_1_766' title='bbox 3217 4478 3394 4519; x_wconf 83' lang='lat' dir='ltr'><strong>autem</strong></span> <span class='ocrx_word' id='word_1_767' title='bbox 3425 4471 3711 4534; x_wconf 71' lang='lat' dir='ltr'><strong>pra-cedentis</strong></span> 
     </span>
    </p>
   </div>
   <div class='ocr_carea' id='block_1_106' title="bbox 2223 4544 3712 4611">
    <p class='ocr_par' dir='ltr' id='par_1_106' title="bbox 2223 4544 3712 4611">
     <span class='ocr_line' id='line_1_106' title="bbox 2223 4544 3712 4611; baseline 0.011 -19"><span class='ocrx_word' id='word_1_768' title='bbox 2223 4544 2518 4607; x_wconf 84' lang='lat' dir='ltr'><strong>apponitur.</strong></span> <span class='ocrx_word' id='word_1_769' title='bbox 2555 4547 2698 4600; x_wconf 87' lang='lat' dir='ltr'><strong>Unde</strong></span> <span class='ocrx_word' id='word_1_770' title='bbox 2726 4552 2960 4603; x_wconf 88' lang='lat' dir='ltr'><strong>consulte</strong></span> <span class='ocrx_word' id='word_1_771' title='bbox 2994 4554 3258 4605; x_wconf 85' lang='lat' dir='ltr'><strong>Anatolius</strong></span> <span class='ocrx_word' id='word_1_772' title='bbox 3289 4572 3390 4607; x_wconf 87' lang='lat' dir='ltr'><strong>non</strong></span> <span class='ocrx_word' id='word_1_773' title='bbox 3422 4569 3554 4611; x_wconf 66' lang='grc' dir='ltr'>τειιι</span> <span class='ocrx_word' id='word_1_774' title='bbox 3576 4563 3618 4610; x_wconf 93' lang='lat' dir='ltr'><strong>in</strong></span> <span class='ocrx_word' id='word_1_775' title='bbox 3643 4575 3712 4609; x_wconf 84' lang='lat' dir='ltr'><strong>un-</strong></span> 
     </span>
    </p>
   </div>
   <div class='ocr_carea' id='block_1_107' title="bbox 2223 4634 3708 4728">
    <p class='ocr_par' dir='ltr' id='par_1_107' title="bbox 2223 4634 3708 4728">
     <span class='ocr_line' id='line_1_107' title="bbox 2223 4634 3708 4728; baseline 0.011 -48"><span class='ocrx_word' id='word_1_776' title='bbox 2223 4634 2493 4696; x_wconf 88' lang='lat' dir='ltr'><strong>deciuuuu,</strong></span> <span class='ocrx_word' id='word_1_777' title='bbox 2542 4637 2631 4686; x_wconf 88' lang='lat' dir='ltr'><strong>sed</strong></span> <span class='ocrx_word' id='word_1_778' title='bbox 2661 4648 2778 4688; x_wconf 85' lang='lat' dir='ltr'><strong>ante</strong></span> <span class='ocrx_word' id='word_1_779' title='bbox 2826 4640 3156 4715; x_wconf 83' lang='lat' dir='ltr'><strong>undecimum</strong></span> <span class='ocrx_word' id='word_1_780' title='bbox 3202 4642 3708 4728; x_wconf 51' lang='lat' dir='ltr'><strong>Kalendartnn‘ltpri-</strong></span> 
     </span>
    </p>
   </div>
   <div class='ocr_carea' id='block_1_108' title="bbox 2224 4721 3708 4806">
    <p class='ocr_par' dir='ltr' id='par_1_108' title="bbox 2224 4721 3708 4806">
     <span class='ocr_line' id='line_1_108' title="bbox 2224 4721 3708 4806; baseline 0.009 -36"><span class='ocrx_word' id='word_1_781' title='bbox 2224 4721 2345 4772; x_wconf 91' lang='lat' dir='ltr'><strong>lium</strong></span> <span class='ocrx_word' id='word_1_782' title='bbox 2399 4725 2586 4786; x_wconf 84' lang='lat' dir='ltr'><strong>pascba</strong></span> <span class='ocrx_word' id='word_1_783' title='bbox 2631 4728 2904 4791; x_wconf 85' lang='lat' dir='ltr'><strong>celebrari,</strong></span> <span class='ocrx_word' id='word_1_784' title='bbox 2933 4746 3054 4806; x_wconf 86' lang='lat' dir='ltr'><strong>Inam</strong></span> <span class='ocrx_word' id='word_1_785' title='bbox 3087 4742 3199 4794; x_wconf 87' lang='lat' dir='ltr'><strong>post</strong></span> <span class='ocrx_word' id='word_1_786' title='bbox 3233 4735 3320 4782; x_wconf 83' lang='lat' dir='ltr'><strong>illa</strong></span> <span class='ocrx_word' id='word_1_787' title='bbox 3351 4750 3466 4798; x_wconf 69' lang='grc' dir='ltr'>ιιιικ</span> <span class='ocrx_word' id='word_1_788' title='bbox 3495 4721 3708 4801; x_wconf 70' lang='lat' dir='ltr'><strong>ptisuiinus</strong></span> 
     </span>
    </p>
   </div>
   <div class='ocr_carea' id='block_1_109' title="bbox 2223 4809 3704 4887">
    <p class='ocr_par' dir='ltr' id='par_1_109' title="bbox 2223 4809 3704 4887">
     <span class='ocr_line' id='line_1_109' title="bbox 2223 4809 3704 4887; baseline 0.008 -29"><span class='ocrx_word' id='word_1_789' title='bbox 2223 4809 2331 4874; x_wconf 85' lang='lat' dir='ltr'><strong>ejus</strong></span> <span class='ocrx_word' id='word_1_790' title='bbox 2365 4813 2520 4862; x_wconf 73' lang='lat' dir='ltr'><strong>verba</strong></span> <span class='ocrx_word' id='word_1_791' title='bbox 2557 4817 2802 4864; x_wconf 86' lang='lat' dir='ltr'><strong>continuo</strong></span> <span class='ocrx_word' id='word_1_792' title='bbox 2847 4817 3107 4882; x_wconf 68' lang='lat' dir='ltr'><strong>subiungit</strong></span> <span class='ocrx_word' id='word_1_793' title='bbox 3136 4835 3146 4866; x_wconf 95' lang='lat'>:</span> <span class='ocrx_word' id='word_1_794' title='bbox 3181 4821 3242 4870; x_wconf 78' lang='lat' dir='ltr'><strong>Et</strong></span> <span class='ocrx_word' id='word_1_795' title='bbox 3293 4821 3412 4871; x_wconf 84' lang='lat' dir='ltr'><strong>ideo</strong></span> <span class='ocrx_word' id='word_1_796' title='bbox 3438 4837 3535 4872; x_wconf 88' lang='lat' dir='ltr'><strong>non</strong></span> <span class='ocrx_word' id='word_1_797' title='bbox 3562 4835 3704 4887; x_wconf 77' lang='lat' dir='ltr'><strong>parum</strong></span> 
     </span>
    </p>
   </div>
   <div class='ocr_carea' id='block_1_110' title="bbox 2222 4894 3706 4964">
    <p class='ocr_par' dir='ltr' id='par_1_110' title="bbox 2222 4894 3706 4964">
     <span class='ocr_line' id='line_1_110' title="bbox 2222 4894 3706 4964; baseline 0.011 -23"><span class='ocrx_word' id='word_1_798' title='bbox 2222 4894 2522 4959; x_wconf 87' lang='lat' dir='ltr'><strong>delinquere</strong></span> <span class='ocrx_word' id='word_1_799' title='bbox 2562 4897 2780 4948; x_wconf 86' lang='lat' dir='ltr'><strong>dicimus</strong></span> <span class='ocrx_word' id='word_1_800' title='bbox 2825 4913 2916 4949; x_wconf 86' lang='lat' dir='ltr'><strong>eos</strong></span> <span class='ocrx_word' id='word_1_801' title='bbox 2963 4904 3048 4964; x_wconf 90' lang='lat' dir='ltr'><strong>qui</strong></span> <span class='ocrx_word' id='word_1_802' title='bbox 3097 4911 3218 4954; x_wconf 88' lang='lat' dir='ltr'><strong>ante</strong></span> <span class='ocrx_word' id='word_1_803' title='bbox 3261 4905 3466 4956; x_wconf 86' lang='lat' dir='ltr'><strong>initium</strong></span> <span class='ocrx_word' id='word_1_804' title='bbox 3509 4907 3594 4956; x_wconf 82' lang='lat' dir='ltr'><strong>hoc</strong></span> <span class='ocrx_word' id='word_1_805' title='bbox 3620 4919 3706 4956; x_wconf 74' lang='lat' dir='ltr'><strong>tto&quot;</strong></span> 
     </span>
    </p>
   </div>
   <div class='ocr_carea' id='block_1_111' title="bbox 2221 4983 3704 5057">
    <p class='ocr_par' dir='ltr' id='par_1_111' title="bbox 2221 4983 3704 5057">
     <span class='ocr_line' id='line_1_111' title="bbox 2221 4983 3704 5057; baseline 0.009 -26"><span class='ocrx_word' id='word_1_806' title='bbox 2221 4998 2340 5033; x_wconf 87' lang='lat' dir='ltr'><strong>anm</strong></span> <span class='ocrx_word' id='word_1_807' title='bbox 2385 4983 2575 5034; x_wconf 75' lang='lat' dir='ltr'><strong>l’asclta</strong></span> <span class='ocrx_word' id='word_1_808' title='bbox 2610 4997 2787 5049; x_wconf 87' lang='lat' dir='ltr'><strong>putant</strong></span> <span class='ocrx_word' id='word_1_809' title='bbox 2813 5002 2934 5039; x_wconf 88' lang='lat' dir='ltr'><strong>esse</strong></span> <span class='ocrx_word' id='word_1_810' title='bbox 2959 4989 3352 5044; x_wconf 83' lang='lat' dir='ltr'><strong>celebrandum.</strong></span> <span class='ocrx_word' id='word_1_811' title='bbox 3399 4993 3510 5046; x_wconf 74' lang='lat' dir='ltr'><strong>Non</strong></span> <span class='ocrx_word' id='word_1_812' title='bbox 3536 5007 3641 5057; x_wconf 73' lang='lat' dir='ltr'><strong>ergo</strong></span> <span class='ocrx_word' id='word_1_813' title='bbox 3671 4991 3704 5040; x_wconf 65' lang='lat' dir='ltr'><strong>in</strong></span> 
     </span>
    </p>
   </div>
   <div class='ocr_carea' id='block_1_112' title="bbox 2225 5072 3703 5148">
    <p class='ocr_par' dir='ltr' id='par_1_112' title="bbox 2225 5072 3703 5148">
     <span class='ocr_line' id='line_1_112' title="bbox 2225 5072 3703 5148; baseline 0.008 -29"><span class='ocrx_word' id='word_1_814' title='bbox 2225 5074 2321 5122; x_wconf 88' lang='lat' dir='ltr'><strong>boe</strong></span> <span class='ocrx_word' id='word_1_815' title='bbox 2352 5072 2494 5123; x_wconf 88' lang='lat' dir='ltr'><strong>initio</strong></span> <span class='ocrx_word' id='word_1_816' title='bbox 2521 5074 2567 5123; x_wconf 93' lang='lat' dir='ltr'><strong>in</strong></span> <span class='ocrx_word' id='word_1_817' title='bbox 2600 5089 2696 5138; x_wconf 89' lang='lat' dir='ltr'><strong>qua</strong></span> <span class='ocrx_word' id='word_1_818' title='bbox 2723 5075 3082 5140; x_wconf 82' lang='lat' dir='ltr'><strong>:equinoctium</strong></span> <span class='ocrx_word' id='word_1_819' title='bbox 3131 5093 3247 5133; x_wconf 87' lang='lat' dir='ltr'><strong>esse</strong></span> <span class='ocrx_word' id='word_1_820' title='bbox 3304 5081 3456 5148; x_wconf 87' lang='lat' dir='ltr'><strong>dicit,</strong></span> <span class='ocrx_word' id='word_1_821' title='bbox 3499 5085 3582 5134; x_wconf 71' lang='lat' dir='ltr'><strong>scd</strong></span> <span class='ocrx_word' id='word_1_822' title='bbox 3613 5089 3703 5130; x_wconf 70' lang='lat' dir='ltr'><strong>ala</strong></span> 
     </span>
    </p>
   </div>
   <div class='ocr_carea' id='block_1_113' title="bbox 2224 5164 3702 5235">
    <p class='ocr_par' dir='ltr' id='par_1_113' title="bbox 2224 5164 3702 5235">
     <span class='ocr_line' id='line_1_113' title="bbox 2224 5164 3702 5235; baseline 0.012 -25"><span class='ocrx_word' id='word_1_823' title='bbox 2224 5166 2319 5214; x_wconf 81' lang='lat' dir='ltr'><strong>hoc</strong></span> <span class='ocrx_word' id='word_1_824' title='bbox 2349 5164 2548 5214; x_wconf 91' lang='lat' dir='ltr'><strong>initium</strong></span> <span class='ocrx_word' id='word_1_825' title='bbox 2596 5166 2711 5214; x_wconf 85' lang='lat' dir='ltr'><strong>novi</strong></span> <span class='ocrx_word' id='word_1_826' title='bbox 2759 5167 2876 5215; x_wconf 80' lang='lat' dir='ltr'><strong>antri</strong></span> <span class='ocrx_word' id='word_1_827' title='bbox 2932 5165 3122 5220; x_wconf 74' lang='lat' dir='ltr'><strong>l‘ascba</strong></span> <span class='ocrx_word' id='word_1_828' title='bbox 3173 5173 3421 5235; x_wconf 86' lang='lat' dir='ltr'><strong>probibet</strong></span> <span class='ocrx_word' id='word_1_829' title='bbox 3471 5171 3702 5228; x_wconf 61' lang='lat' dir='ltr'><strong>celebri&quot;.</strong></span> 
     </span>
    </p>
   </div>
   <div class='ocr_carea' id='block_1_114' title="bbox 2225 5250 3700 5324">
    <p class='ocr_par' dir='ltr' id='par_1_114' title="bbox 2225 5250 3700 5324">
     <span class='ocr_line' id='line_1_114' title="bbox 2225 5250 3700 5324; baseline 0.009 -27"><span class='ocrx_word' id='word_1_830' title='bbox 2225 5265 2339 5298; x_wconf 81' lang='lat' dir='ltr'><strong>cum</strong></span> <span class='ocrx_word' id='word_1_831' title='bbox 2389 5251 2496 5315; x_wconf 86' lang='lat' dir='ltr'><strong>ipse</strong></span> <span class='ocrx_word' id='word_1_832' title='bbox 2527 5251 2575 5300; x_wconf 92' lang='lat' dir='ltr'><strong>iu</strong></span> <span class='ocrx_word' id='word_1_833' title='bbox 2606 5250 2792 5322; x_wconf 7' lang='lat' dir='ltr'><strong>eodem,</strong></span> <span class='ocrx_word' id='word_1_834' title='bbox 2836 5253 2965 5305; x_wconf 87' lang='lat' dir='ltr'><strong>libro</strong></span> <span class='ocrx_word' id='word_1_835' title='bbox 3010 5255 3288 5321; x_wconf 82' lang='lat' dir='ltr'><strong>diligenter</strong></span> <span class='ocrx_word' id='word_1_836' title='bbox 3325 5271 3387 5307; x_wconf 80' lang='lat' dir='ltr'><strong>ex</strong></span> <span class='ocrx_word' id='word_1_837' title='bbox 3420 5259 3700 5324; x_wconf 77' lang='lat' dir='ltr'><strong>antiquom</strong></span> 
     </span>
    </p>
   </div>
   <div class='ocr_carea' id='block_1_115' title="bbox 2226 5342 3700 5410">
    <p class='ocr_par' dir='ltr' id='par_1_115' title="bbox 2226 5342 3700 5410">
     <span class='ocr_line' id='line_1_115' title="bbox 2226 5342 3700 5410; baseline 0.009 -25"><span class='ocrx_word' id='word_1_838' title='bbox 2226 5342 2417 5402; x_wconf 83' lang='lat' dir='ltr'><strong>pariter</strong></span> <span class='ocrx_word' id='word_1_839' title='bbox 2461 5349 2514 5391; x_wconf 92' lang='lat' dir='ltr'><strong>et</strong></span> <span class='ocrx_word' id='word_1_840' title='bbox 2554 5354 2800 5392; x_wconf 89' lang='lat' dir='ltr'><strong>novorum</strong></span> <span class='ocrx_word' id='word_1_841' title='bbox 2843 5343 3046 5395; x_wconf 86' lang='lat' dir='ltr'><strong>Patrum</strong></span> <span class='ocrx_word' id='word_1_842' title='bbox 3093 5345 3302 5409; x_wconf 76' lang='lat' dir='ltr'><strong>scriptis</strong></span> <span class='ocrx_word' id='word_1_843' title='bbox 3345 5347 3579 5410; x_wconf 76' lang='lat' dir='ltr'><strong>altirrnet,</strong></span> <span class='ocrx_word' id='word_1_844' title='bbox 3611 5357 3700 5398; x_wconf 74' lang='lat' dir='ltr'><strong>alte</strong></span> 
     </span>
    </p>
   </div>
   <div class='ocr_carea' id='block_1_116' title="bbox 2225 5430 3700 5502">
    <p class='ocr_par' dir='ltr' id='par_1_116' title="bbox 2225 5430 3700 5502">
     <span class='ocr_line' id='line_1_116' title="bbox 2225 5430 3700 5502; baseline 0.011 -28"><span class='ocrx_word' id='word_1_845' title='bbox 2225 5435 2580 5479; x_wconf 85' lang='lat' dir='ltr'><strong>transcensum</strong></span> <span class='ocrx_word' id='word_1_846' title='bbox 2618 5430 2912 5493; x_wconf 67' lang='lat' dir='ltr'><strong>azquinocu&#39;i</strong></span> <span class='ocrx_word' id='word_1_847' title='bbox 2961 5433 3146 5496; x_wconf 85' lang='lat' dir='ltr'><strong>pascha</strong></span> <span class='ocrx_word' id='word_1_848' title='bbox 3183 5433 3267 5501; x_wconf 81' lang='lat' dir='ltr'><strong>agi</strong></span> <span class='ocrx_word' id='word_1_849' title='bbox 3296 5451 3400 5486; x_wconf 87' lang='lat' dir='ltr'><strong>non</strong></span> <span class='ocrx_word' id='word_1_850' title='bbox 3431 5447 3588 5502; x_wconf 69' lang='lat' dir='ltr'><strong>posse.</strong></span> <span class='ocrx_word' id='word_1_851' title='bbox 3617 5431 3700 5498; x_wconf 73' lang='grc' dir='ltr'>ιρι</span> 
     </span>
    </p>
   </div>
   <div class='ocr_carea' id='block_1_117' title="bbox 2225 5513 3699 5592">
    <p class='ocr_par' dir='ltr' id='par_1_117' title="bbox 2225 5513 3699 5592">
     <span class='ocr_line' id='line_1_117' title="bbox 2225 5513 3699 5592; baseline 0.008 -27"><span class='ocrx_word' id='word_1_852' title='bbox 2225 5513 2360 5565; x_wconf 88' lang='lat' dir='ltr'><strong>enim</strong></span> <span class='ocrx_word' id='word_1_853' title='bbox 2385 5516 2480 5566; x_wconf 88' lang='lat' dir='ltr'><strong>sibi</strong></span> <span class='ocrx_word' id='word_1_854' title='bbox 2527 5518 2670 5568; x_wconf 89' lang='lat' dir='ltr'><strong>testis</strong></span> <span class='ocrx_word' id='word_1_855' title='bbox 2714 5527 2828 5569; x_wconf 87' lang='lat' dir='ltr'><strong>erat</strong></span> <span class='ocrx_word' id='word_1_856' title='bbox 2870 5519 3003 5583; x_wconf 86' lang='lat' dir='ltr'><strong>quod</strong></span> <span class='ocrx_word' id='word_1_857' title='bbox 3032 5521 3262 5573; x_wconf 83' lang='lat' dir='ltr'><strong>scribens</strong></span> <span class='ocrx_word' id='word_1_858' title='bbox 3289 5539 3395 5576; x_wconf 86' lang='lat' dir='ltr'><strong>non</strong></span> <span class='ocrx_word' id='word_1_859' title='bbox 3426 5519 3699 5592; x_wconf 52' lang='lat' dir='ltr'><strong>prima“?!</strong></span> 
     </span>
    </p>
   </div>
   <div class='ocr_carea' id='block_1_118' title="bbox 2227 5603 3696 5678">
    <p class='ocr_par' dir='ltr' id='par_1_118' title="bbox 2227 5603 3696 5678">
     <span class='ocr_line' id='line_1_118' title="bbox 2227 5603 3696 5678; baseline 0.011 -30"><span class='ocrx_word' id='word_1_860' title='bbox 2227 5603 2596 5668; x_wconf 68' lang='lat' dir='ltr'><strong>aequinoctialis</strong></span> <span class='ocrx_word' id='word_1_861' title='bbox 2629 5612 2882 5666; x_wconf 73' lang='lat' dir='ltr'><strong>tempora,</strong></span> <span class='ocrx_word' id='word_1_862' title='bbox 2924 5604 3012 5659; x_wconf 84' lang='lat' dir='ltr'><strong>scd</strong></span> <span class='ocrx_word' id='word_1_863' title='bbox 3044 5607 3222 5661; x_wconf 88' lang='lat' dir='ltr'><strong>ultima</strong></span> <span class='ocrx_word' id='word_1_864' title='bbox 3251 5608 3492 5678; x_wconf 64' lang='lat' dir='ltr'><strong>signavit.</strong></span> <span class='ocrx_word' id='word_1_865' title='bbox 3515 5609 3696 5664; x_wconf 68' lang='lat' dir='ltr'><strong>hocat.</strong></span> 
     </span>
    </p>
   </div>
  </div>
