3862 6362
138 482 247 537 677

1343 477 1528 530 SICUT.
1562 476 1645 529 IV.
1686 503 1752 512 —
1794 472 2158 526 EPISTULAZ.

2312 296 2323 319 ί
3248 302 3270 331 I

3229 469 3333 520 678

143 610 209 645 ea
240 608 268 643 a
302 590 491 659 quibus
542 588 750 640 l‘asclite
802 588 1205 641 celebrationem
1257 589 1482 656 incipere
1536 586 1851 652 pnascAea
1897 583 1982 635 die
2028 581 2238 641 habere.
2290 578 2406 642 quia
2454 577 2658 643 quoties
2714 577 3074 641 mquilwclialc
3129 586 3334 643 ιιέηιβυε

144 690 392 733 noverat.
425 679 549 730 Cum
588 677 726 729 enim
798 678 1032 731 secundo
1079 678 1156 728 vel
1207 678 1361 729 tertio
1405 692 1541 728 anno
1584 684 1701 742 post

146 770 445 822 bissextum
489 767 691 832 pascbze
720 766 831 818 dies
863 765 1165 818 Datuiuicus
1196 766 1245 816 in
1278 767 1555 817 undecimo
1596 765 1697 816 Ka-

157 858 438 908 lendarunt
469 855 720 922 Aprilium
753 856 1039 907 occurrerit
1071 854 1198 922 [Αι.,
1228 853 1549 921 incurrerit],
1577 870 1701 906 con-

153 951 267 993 Stat
296 943 558 1001 nimirum,
583 939 720 1005 quod
751 954 867 990 cum
914 943 1228 1007 aequinoctio
1260 940 1467 992 l’asclue
1496 951 1700 1005 tempus

154 1032 464 1081 inclinatur.
530 1029 689 1094 Cujus
748 1028 1076 1079 caeremoniae
1141 1039 1311 1093 partes
1374 1028 1700 1080 celebrantur

146 1118 395 1178 ejusdem
420 1117 584 1183 prima
610 1116 772 1167 noctis
796 1116 923 1185 [41,,
951 1117 1112 1181 prima
1144 1132 1195 1167 ιι.
1226 1132 1275 1168 e.
1305 1124 1451 1180 parte
1481 1114 1696 1183 celcb.],

145 1209 397 1273 quamvis
444 1208 528 1256 illa
562 1207 842 1264 mediante,
893 1206 971 1257 vel
1014 1206 1167 1257 etiam
1216 1205 1491 1257 inchoante
1524 1206 1701 1270 perlici

152 1293 528 1357 aequinoctium
573 1293 742 1342 nullus
781 1292 1012 1357 ambigit,
1058 1305 1120 1343 co
1157 1292 1293 1357 quod
1320 1292 1701 1360 prolecto[.ll.,

149 1395 328 1447 eoque
354 1380 604 1449 perfecto]
652 1381 931 1431 Dotninicze
980 1382 1142 1445 ipsam
1187 1382 1582 1432 resurrectionis
1610 1382 1705 1433 rite

151 1469 414 1521 celebrari
440 1470 641 1531 horam,
665 1483 780 1533 quae
804 1469 1033 1519 dlilll'lliO
1060 1471 1190 1520 laeta
1212 1479 1293 1520 est
1320 1467 1419 1537 [AL
1440 1509 1452 1529 ,
1486 1484 1705 1529 resurr.,

151 1570 208 1621 q.
242 1555 295 1605 d.
331 1555 367 1606 Γ.
400 1571 451 1619 e,
486 1558 579 1607 rite
604 1569 650 1607 c.
686 1553 783 1623 b.].
840 1555 902 1605 Et
942 1566 995 1605 ιιι
1047 1565 1280 1621 patenter
1324 1554 1706 1606 animadvertas

152 1645 298 1710 quod
326 1645 598 1695 Anatolius
627 1644 978 1707 veSpertiuum
1008 1644 1308 1707 specialiter
1336 1646 1704 1709 mquinoctium

154 1734 361 1785 scribat
386 1733 514 1803 [Αι.,
546 1731 864 1801 describat],
911 1748 938 1782 ιι
986 1748 1089 1795 quo
1136 1733 1331 1784 l’ascba
1363 1732 1592 1797 incipere
1619 1747 1709 1796 po-

157 1832 284 1883 test,
316 1824 557 1887 quodque
579 1821 641 1871 ad
679 1820 1039 1872 duodct-iuitun
1069 1820 1417 1873 Kalendarum
1449 1821 1706 1887 Aprilium

1791 673 1939 740 juxta
1983 672 2233 722 rationem
2282 666 2546 734 prtel‘atam
2578 668 2626 717 iu
2674 668 2946 717 undecimo
2984 665 3331 721 Kalendarum

1799 761 2048 827 Aprilium
2098 758 2299 819 incidit,
2350 759 2503 809 toties
2554 757 2603 808 in
2648 757 2758 819 ipso
2796 756 3043 821 temporis
3074 764 3339 809 momento

1800 850 1884 900 illa
1912 856 2093 915 quarta
2124 862 2242 913 pars
2269 846 2392 906 diei,
2416 860 2531 910 qua:
2560 844 2825 896 annuatim
2856 858 3154 895 accrescere
3180 844 3335 902 solet.

1799 939 2083 999 secundum
2126 948 2360 989 naturam
2407 937 2631 1001 perlecta
2680 951 2795 988 esse
2840 936 3175 1002 dignoscitur.
3207 932 3335 983 Nam

1799 1044 1915 1079 cum
1944 1028 2255 1079 duodecimo
2284 1024 2631 1077 Kalendarum
2659 1024 2957 1076 earumdem
2982 1025 3066 1075 die
3091 1022 3342 1088 contingit

1801 1116 2190 1180 :cquiuoctium,
2224 1121 2331 1163 tum
2360 1114 2409 1161 in
2442 1112 2551 1177 ipso
2576 1126 2725 1175 mque
2753 1110 2859 1171 die,
2889 1121 2939 1162 et
2965 1112 3013 1161 in
3044 1112 3150 1176 ipsa
3182 1110 3342 1178 acqui-

1802 1202 2010 1255 noctiali
2061 1202 2187 1251 liora
2236 1200 2500 1265 quadrans
2550 1199 2686 1249 idem
2739 1199 3039 1249 naturaliter
3080 1199 3339 1263 expletur.

1804 1292 1924 1343 Ideo
1954 1300 2124 1341 autem
2156 1290 2393 1339 addimus
2438 1290 2752 1347 naturaliter,
2797 1287 2911 1354 quia
2952 1288 3345 1339 eunSuetudinis

1803 1390 1884 1431 est
1939 1380 2215 1438 humana),
2262 1380 2418 1427 variis
2464 1378 2609 1428 illum
2666 1378 2983 1443 temporibus
3028 1379 3146 1427 anni
3196 1388 3348 1443 prout

1804 1467 2015 1518 cuilibet
2044 1464 2217 1531 generi
2251 1463 2378 1532 [At.,
2402 1463 2561 1531 genti]
2595 1465 2781 1528 placuit
2815 1466 3063 1516 inserere.
3091 1465 3350 1514 Naturalis

1806 1570 1932 1606 vero
1961 1564 2041 1606 est
2087 1553 2306 1605 rationis
2349 1553 2398 1603 in
2442 1542 2790 1616 ootnpletiOue
2830 1553 3006 1603 circuli
3047 1552 3229 1602 solaris
3257 1556 3346 1602 ad-

1802 1640 1913 1707 j‘icl,
1945 1654 2097 1706 quam
2129 1640 2257 1710 [.ιι.,
2285 1640 2419 1702 quod
2451 1637 2629 1704 etiaml
2660 1639 2885 1705 (lyrtllus
2914 1641 3135 1703 signavit
3182 1640 3229 1690 itt
3264 1653 3349 1697 ea,

1806 1744 1961 1796 quam
1993 1740 2046 1780 ut
2072 1728 2199 1798 [Al.,
2228 1726 2300 1795 et]
2346 1740 2503 1791 supra
2548 1732 2907 1791 propostiimus
2947 1728 3226 1789 sententia,
3268 1727 3350 1777 di-

1807 1831 1932 1869 cens
1964 1835 1975 1867 :
2010 1817 2071 1868 Et
2103 1818 2212 1868 litiit
2239 1818 2318 1868 sol
2349 1831 2556 1868 cursum
2601 1815 2755 1866 totius
2794 1815 2913 1866 anni
2962 1802 3011 1866 iu
3044 1817 3354 1868 duodecimo

157 1908 474 1973 regulariter
524 1907 763 1973 respiciat
803 1907 931 1976 ι.ιι.,
966 1906 1216 1975 respicit],
1251 1906 1458 1958 attende
1505 1907 1624 1973 quid
1658 1907 1707 1959 in
1739 1889 1784 1945 Β
1814 1904 2159 1959 Kalendarum
2207 1906 2483 1971 Aprilium.
2539 1907 2601 1956 Et
2648 1921 2713 1957 ne
2757 1904 2871 1971 quis
2913 1908 3045 1957 torte
3073 1906 3354 1957 contendat

162 1995 511 2058 sequentibus
562 2010 623 2045 ex
650 1997 977 2060 antiquorum
1008 1997 1260 2047 sententia
1299 1993 1511 2046 Patrum
1543 2010 1710 2046 anno-

158 2090 244 2149 tat
276 2081 409 2151 [Α1.,
433 2082 719 2151 adtrectat].
749 2084 873 2133 Cum
898 2084 1035 2135 enim
1066 2085 1170 2134 sint
1199 2085 1300 2135 duo
1322 2084 1428 2153 [ΑΙ.
1458 2084 1607 2147 add.,
1640 2085 1711 2136 itt-

161 2168 307 2238 quit]
337 2170 649 2237 :equiuoctia
698 2172 832 2220 veris
862 2178 915 2220 et
958 2171 1193 2221 autumni
1234 2172 1394 2236 :cquis
1424 2172 1600 2236 spatiis
1628 2173 1700 2222 di-

164 2269 397 2325 rempta,
446 2269 499 2312 et
542 2260 749 2312 decimo
777 2269 962 2325 quarto
989 2260 1072 2310 die
1101 2260 1253 2324 primi
1282 2259 1474 2311 mensis
1502 2260 1569 2311 sit
1596 2271 1710 2310 sta-

164 2359 278 2399 tuta
329 2348 628 2400 solemnitas
680 2358 794 2414 post
848 2364 1140 2413 vesperam,
1191 2347 1396 2413 quando
1449 2348 1568 2399 luna
1612 2348 1709 2398 soli

163 2438 409 2503 apposita
437 2455 467 2489 e
494 2439 705 2503 regione
733 2436 1161 2499 deprehenditur,
1196 2438 1330 2487 sicut
1362 2437 1516 2487 etiam
1545 2436 1710 2487 oculis

173 2525 401 2590 probare
442 2524 580 2584 licet,
632 2524 893 2575 invenitur
929 2525 1102 2589 utique
1147 2524 1369 2574 vernalis
1416 2524 1711 2589 aequinoctii

173 2605 381 2677 partem
409 2616 486 2661 sul
515 2612 777 2673 obtinens,
824 2610 943 2662 luna
992 2625 1168 2661 veroo
1197 2620 1460 2661 contrario
1504 2622 1710 2661 autum-

166 2682 361 2752 natis.‘
1468 2750 1476 2757 .

240 2789 377 2851 Quid
423 2802 546 2854 ergo
592 2788 882 2841 mirandum
916 2790 959 2841 si
1005 2789 1055 2840 iu
1098 2805 1145 2841 ιιι
1186 2789 1529 2841 Kalendarum
1562 2787 1712 2855 Apri-

166 2878 301 2928 lium
348 2876 712 3013 :equttoctium
760 2878 872 2927 ﬁeri
902 2878 1058 2937 dicat,
1092 2894 1208 2928 cum
1240 2879 1305 2929 de
1350 2868 1451 2928 illa.
1484 2878 1619 2944 loqui
1657 2893 1715 2929 se

167 2964 301 3013 liora
329 2962 471 3013 decla
507 2971 579 3013 et.
611 2963 819 3013 quando
860 2964 1134 3013 occidente
1175 2967 1235 3013 ad
1264 2979 1536 3013 vesperam
1578 2965 1709 3013 sole.

167 2964 301 3013 liora
329 2962 579 3024 declaret,
611 2963 819 3029 quando
860 2964 1134 3015 occidente
1175 2967 1235 3014 ad
1264 2979 1536 3028 vesperam
1578 2965 1709 3025 sole,

168 3052 289 3099 luna
320 3066 349 3101 c
380 3050 640 3101 contrario
668 3065 820 3101 suum
863 3051 1054 3101 attollit
1094 3064 1329 3101 exortum
1360 3050 1461 3119 [ΑΙ.
1493 3067 1592 3101 οιιι.
1622 3066 1711 3103 ex-

1810 1993 1860 2046 in
1905 1995 1999 2045 bat:
2042 1995 2262 2044 Anatolii
2310 1996 2587 2052 sententia,
2623 1994 2719 2045 ltoc
2750 1998 2884 2060 quod
2917 1996 3025 2060 ipse
3056 1995 3218 2046 sensit
3258 2011 3354 2046 nos

1811 2082 2100 2148 intelligere
2132 2096 2232 2133 non
2268 2085 2518 2143 potuisse,
2552 2081 2675 2132 libet
2709 2084 2883 2147 paucis
2921 2094 3200 2134 aunecterc
3238 2098 3353 2147 qua:

1809 2172 1874 2222 de
1925 2173 2105 2222 iisdem
2156 2171 2386 2237 partibus
2432 2178 2483 2221 et
2529 2170 2838 2237 atquinuctio
2892 2172 2969 2222 vir
3020 2172 3353 2223 doctissimus

1814 2260 1988 2311 Victor
2035 2262 2294 2322 Capitalia:
2363 2260 2505 2311 urbis
2548 2261 2765 2311 antistes
2818 2259 3149 2311 describebat
3206 2258 3303 2329 [Al
3337 2298 3350 2317 ,

1808 2344 2024 2413 scribat]
2062 2363 2072 2395 :
2113 2363 2128 2394 ι
2165 2347 2429 2408 umiestis,
2474 2347 2658 2411 inquit,
2688 2345 2931 2405 circulus.
2965 2360 3053 2411 per
3082 2362 3233 2411 quem
3276 2349 3352 2397 sol

1809 2446 1860 2489 ct
1891 2439 2008 2489 luna
2052 2445 2105 2487 et
2145 2438 2330 2498 stcllc,
2378 2451 2494 2501 qua:
2544 2440 2761 2501 plaueta:
2802 2436 3353 2500 appellautur,coutra

1812 2525 2061 2590 impetum
2114 2524 2270 2575 totius
2326 2526 2443 2576 (mli
2498 2526 2707 2589 proprio
2758 2535 2897 2573 motu
2954 2523 3205 2583 feruntur,
3265 2539 3358 2589 pe-r

1811 2612 2083 2663 duodecim
2134 2626 2327 2677 partes,
2356 2612 2552 2678 judicio
2598 2622 2680 2663 est
2713 2612 2982 2678 sapientia:
3026 2612 3352 2665 distributus.

1811 2700 2007 2762 Quibus
2040 2699 2260 2763 peractis
2300 2712 2496 2749 ccccxv
2531 2697 2651 2764 [ltoc
2678 2706 2775 2759 est,
2810 2699 3171 2751 trecentesimo
3200 2715 3356 2751 sexa-

1811 2799 2013 2850 gesimo
2040 2786 2240 2853 quinto]
2279 2786 2380 2844 die,
2414 2799 2516 2847 quo
2549 2793 2654 2834 toto
2686 2792 2921 2847 teiupOre
2971 2800 3138 2834 anuus
3181 2787 3357 2851 eitple-

1814 2885 1915 2940 tur,
1967 2880 2086 2941 dum
2142 2880 2217 2928 sol
2279 2879 2547 2939 repetierit
2603 2876 2779 2929 circuli
2837 2879 3145 2944 supradicti
3181 2884 3358 2943 prima:

1815 2966 1972 3031 partis
2024 2967 2246 3027 initium,
2296 2970 2459 3017 oritur
2500 2968 2620 3017 anui
2670 2967 3003 3032 principium,
3039 2969 3176 3034 quod
3229 2973 3285 3020 lit
3330 2986 3356 3019 a

1814 3055 2130 3106 duodecimo
2163 3054 2511 3104 Kalendarum
2561 3055 2812 3117 Aprilium
2851 3055 2932 3106 die
2972 3071 3135 3122 usque
3164 3060 3227 3108 ad
3259 3074 3356 3110 un-

165 3134 399 3204 ortum].
459 3136 552 3188 Ubi
604 3138 797 3199 pariter
850 3138 1152 3188 intuendum
1205 3141 1339 3204 quod
1397 3140 1707 3201 a'qttinoctia

1818 3145 2095 3196 decimum.
2127 3145 2276 3209 Sa-pe
2306 3146 2443 3194 enim
2472 3158 2707 3209 veSpere,
2741 3146 2993 3197 interdum
3028 3157 3196 3210 nocte,
3229 3164 3360 3198 nou-

170 3241 317 3276 veris
348 3237 399 3276 et
442 3227 672 3275 autumni
722 3226 883 3292 aequis
922 3227 1101 3289 Spatiis
1132 3229 1259 3277 dixit
1288 3242 1402 3279 esse
1432 3228 1707 3293 dirempta.

171 3314 235 3363 Et
266 3312 387 3364 inde
416 3313 761 3379 colligendum
804 3315 941 3380 quod
993 3316 1057 3365 ab
1105 3314 1413 3379 a'quittoctio
1444 3315 1505 3365 ad
1549 3317 1712 3378 {equi—

171 3406 400 3455 noctiutn
432 3403 695 3455 dimidium
718 3405 835 3455 anni
876 3403 1004 3471 [Αι.,
1033 3403 1296 3453 dimidiam
1340 3402 1461 3454 anui
1493 3400 1711 3468 partem]

167 3504 475 3559 computare
519 3493 830 3555 debeamus,
880 3503 1034 3558 atque
1076 3494 1373 3544 autumnale
1408 3492 1713 3543 duodecuno

172 3580 301 3649 [Al.,
333 3581 531 3631 decimo
574 3589 640 3633 tet
658 3578 747 3646 tio]
777 3580 1122 3632 Kalendarum
1162 3580 1395 3632 Octobris
1442 3588 1707 3643 aunotare,

170 3681 403 3731 centum,
420 3668 671 3730 videlicet,
690 3678 740 3718 ct
761 3669 1015 3735 octoginta
1036 3669 1232 3717 duobus
1252 3668 1353 3735 [ΑΙ.
1369 3684 1469 3719 οιιι.
1490 3667 1709 3734 duobus]

172 3756 357 3808 diebus
385 3771 413 3807 a
461 3757 655 3807 vernali
686 3758 989 3808 discretum.
1036 3759 1180 3821 Quod
1226 3772 1341 3809 esse
1385 3756 1709 3809 verissimum

172 3845 329 3893 etiam
358 3843 652 3910 horologica
684 3844 836 3895 docet
867 3845 1137 3909 inspectio,
1174 3847 1395 3896 maxime
1425 3860 1542 3895 cum
1580 3846 1709 3895 lianc

174 3931 523 3997 mquissimam
563 3934 683 3985 anui
729 3933 862 3984 inter
910 3936 1330 3998 il'ljlllllOt‘llUl'Ulll
1379 3934 1503 4003 [ΑΛ.
1550 3936 1710 3999 (cqui-

177 4019 490 4088 uoctiarnm]
536 4022 934 4087 diretuptiOuem
984 4024 1322 4088 antiquissimi
1372 4035 1423 4076 et
1468 4025 1709 4075 eruditis-

174 4106 291 4156 simi
322 4107 551 4158 doctoris
580 4112 857 4161 Aristobttli
896 4114 1066 4163 verbis
1092 4096 1316 4172 ίιδιιιιιιιξ
1339 4114 1423 4177 qui
1458 4114 1551 4164 fuit
1581 4128 1710 4165 unus

175 4210 239 4245 et
268 4193 370 4246 illis
402 4196 535 4246 LXX
566 4198 849 4251 illustribus
877 4200 1158 4267 Scriptmw
1203 4216 1362 4253 saera:
1412 4203 1710 4268 interpreti-

177 4284 293 4335 bus.
326 4286 469 4347 Quod
502 4298 672 4337 anteiit
704 4286 843 4339 idem
880 4289 947 4339 ait
987 4292 1273 4351 Anatolius,
1305 4291 1356 4343 ln
1388 4309 1486 4358 qua
1518 4293 1599 4343 die
1629 4295 1707 4344 iti-

180 4372 383 4422 venitur
406 4374 503 4434 Sol,
530 4390 629 4424 non
658 4375 824 4425 solum
854 4377 1217 4429 conscendisse
1244 4381 1457 4443 primam
1487 4392 1705 4444 partem,

1819 3247 2082 3296 nunquam
2116 3234 2222 3297 ipsa
2250 3231 2597 3283 Kalendarum
2626 3247 2672 3283 xi
2706 3231 2831 3300 [:ll.,
2858 3249 2906 3284 ιιι
2936 3233 3071 3302 Kal.]
3105 3237 3357 3300 Aprilium

1788 3320 1898 3381 ,die
1930 3322 2203 3384 provenire
2233 3319 2663 3391 deprehenditur.
2702 3321 2954 3372 Vicesima
2987 3326 3161 3388 quinta
3208 3326 3359 3391 igitur

1816 3416 1903 3456 aut
1930 3416 2074 3457 sexta
2107 3408 2190 3457 die
2220 3406 2387 3456 Martii
2417 3409 2610 3458 mensis
2641 3414 2922 3458 secundum
2956 3411 3356 3471 Alexandrinos,

1815 3492 1914 3544 hoc
1944 3502 2042 3555 est,
2072 3493 2215 3560 juxta
2249 3494 2459 3545 Latinos
2489 3495 2797 3546 duodecimo
2833 3497 2911 3545 vel
2954 3499 3226 3549 undecimo
3254 3499 3357 3551 Ka-

1817 3582 2085 3635 lendarum
2122 3584 2371 3649 Aprilium
2402 3584 2483 3636 die
2514 3585 2587 3643 lit,
2619 3586 2759 3650 juxta
2806 3586 2931 3637 solis
2960 3601 3172 3638 cursum
3207 3592 3354 3654 primi

1817 3674 2009 3724 mensis
2042 3673 2261 3723 initium.
2289 3674 2361 3724 Ne
2389 3674 2503 3738 quis
2530 3683 2701 3723 autem
2730 3688 2821 3725 uos
2852 3676 3205 3728 inconstantice
3236 3678 3358 3730 velit

1814 3774 2048 3825 arguere,
2092 3760 2226 3825 quod
2261 3760 2397 3810 velut
2438 3759 2535 3809 sub
2580 3761 2821 3825 ambiguo
2872 3762 3178 3815 ﬂuctuantes
3216 3765 3355 3817 diem

1817 3852 1963 3915 primi
1998 3852 2189 3902 mensis
2222 3850 2434 3901 minime
2472 3849 2807 3910 deliniatnus,
2843 3848 3134 3915 liujnsmodi
3175 3854 3354 3917 objur-

1813 3948 1961 4003 gator
1998 3946 2085 3988 aut
2134 3938 2303 4003 potius
2351 3936 2625 4002 inquisitor
2669 3939 2799 3986 Sciat
2838 3939 2971 4003 quod
3015 3939 3355 3993 solertissitna

1816 4027 2177 4093 Egyptioruui
2208 4024 2539 4091 investigatio
2570 4038 2620 4076 et
2654 4025 2931 4075 admodum
2962 4028 3296 4079 subtilissima
3324 4048 3352 4080 a

1814 4119 2031 4178 septima
2066 4114 2165 4164 diei
2200 4113 2344 4173 liora,
2374 4114 2551 4163 horam
2585 4115 2801 4177 primaut
2834 4115 3046 4167 alterius
3072 4118 3172 4168 diei
3200 4119 3355 4171 docet

1817 4203 2063 4264 incipere,
2091 4210 2279 4250 etcum
2307 4202 2372 4249 sit
2407 4214 2513 4249 xxv
2548 4200 2657 4251 dies
2687 4199 2852 4251 Martii
2882 4205 3095 4264 mensis,
3126 4219 3195 4255 xu
3220 4206 3351 4275 [ΑΛ.

1812 4292 1881 4356 χι]
1911 4289 2254 4340 Kalendarum
2300 4288 2571 4353 Aprilium,
2622 4290 2663 4339 si
2710 4303 2923 4355 vespere
2967 4291 3195 4355 ejusdem
3244 4295 3346 4347 diei

1811 4380 1887 4428 sol
1916 4377 2135 4440 spatium
2180 4377 2359 4441 prima}
2406 4380 2564 4441 partis
2604 4378 2843 4435 illustret,
2895 4375 3000 4441 jam
3047 4392 3173 4430 xxvi
3214 4379 3344 4448 [Αι.,

181 4473 357 4511 verum
386 4473 541 4511 etiam
574 4471 809 4526 quartam
838 4463 965 4532 [.ιιι.,
998 4466 1265 4533 quadram]
1302 4468 1404 4533 jam
1441 4468 1626 4519 habere
1658 4470 1704 4518 iu
1739 4475 1783 4528 D
1817 4480 1933 4517 xxvr
1986 4466 2138 4534 [dies
2193 4464 2481 4523 ascribitur,
2530 4479 2590 4515 ex
2649 4465 2951 4533 {EgyptiaCa
3018 4483 3068 4519 ut
3120 4471 3348 4524 diximus

179 4563 237 4599 ca
266 4549 373 4611 die,
412 4550 455 4598 id
488 4559 587 4611 est,
618 4548 669 4598 ιιι
718 4550 879 4615 prima
928 4567 987 4602 ex
1040 4554 1309 4605 duodecim
1361 4554 1608 4618 partibus,
1644 4569 1710 4605 ,ιιι

182 4646 354 4698 partes
400 4650 469 4685 xii
516 4636 659 4702 signa
709 4637 980 4703 lioroscopi
1032 4641 1297 4703 nominat,
1345 4658 1456 4705 qua:
1505 4642 1711 4693 tricenis

182 4723 367 4773 diebus
396 4733 447 4775 et
477 4724 650 4787 paucis
683 4723 890 4790 insuper
921 4726 1058 4778 buris
1087 4729 1249 4780 solem
1281 4729 1477 4795 singula
1513 4740 1705 4781 tenent.

186 4811 329 4864 Unde
355 4810 415 4864 et'
434 4814 570 4863 Maro
596 4814 659 4865 de
688 4813 867 4865 iisdem
897 4816 1019 4866 dicit
1052 4834 1063 4866 :

302 4920 475 4980 idcirco
497 4926 641 4969 certis
662 4926 921 4970 dimensum
949 4924 1156 4980 partibus
1176 4923 1340 4968 orbem
1362 4957 1375 4977 ,

305 4978 395 5023 I'er
416 4981 632 5028 duodena
658 4994 783 5043 regit
811 4978 969 5029 mundi
991 4984 1058 5029 sol
1084 4996 1257 5029 aureus
1278 4992 1423 5043 astra,

181 5077 428 5141 Quarum,
461 5082 730 5147 videlicet,
766 5086 982 5150 partium
1026 5084 1184 5149 prima
1232 5085 1375 5150 justa
1419 5094 1650 5137 naturam
1680 5100 1707 5135 a

188 5166 280 5217 loci
313 5167 439 5235 [Al.,
472 5168 605 5236 loco]
631 5173 920 5234 aequinoctii
948 5174 1169 5224 vernalis
1194 5173 1388 5237 incipit.
1414 5173 1515 5241 [ΑΙ.
1547 5174 1663 5222 add.
1694 5188 1711 5222 :

189 5252 331 5306 Unde
382 5268 518 5309 recte
573 5260 748 5333 subdit
799 5259 1032 5327 Anatol.]
1086 5261 1204 5311 llaec
1247 5273 1417 5313 autem
1456 5262 1617 5327 pritua
1646 5278 1708 5313 ex

189 5342 452 5394 duodecim
502 5348 709 5398 vernale
754 5356 834 5397 est
883 5349 1266 5412 a-quinoctinm,
1314 5351 1431 5413 quia
1471 5350 1708 5401 nimirum

194 5431 344 5491 partis
370 5430 469 5497 [Αι.
500 5435 633 5484 .ndd.
674 5434 943 5501 particula]
973 5435 1204 5502 ejusdem
1238 5437 1459 5498 initium,
1491 5453 1548 5489 sc
1574 5439 1708 5500 licet,

195 5518 274 5568 tibi
302 5520 374 5568 sol
409 5519 573 5583 primo
607 5523 804 5586 positus
832 5534 932 5585 est,
966 5524 1131 5586 ipsum
1160 5534 1297 5575 tenet
1324 5526 1708 5591 inquinoctintn,

198 5602 328 5657 tecte
357 5609 619 5672 puemittit
647 5615 808 5662 Solem
840 5613 889 5661 in
925 5626 983 5663 ea
1012 5614 1093 5663 die
1133 5628 1231 5662 nou
1262 5614 1426 5665 solum
1454 5628 1707 5667 conscen-

197 5696 325 5748 disse
353 5701 565 5764 primum
595 5709 812 5766 partem,
843 5716 1015 5753 verum
1051 5704 1203 5753 etiam
1234 5702 1481 5767 quadram
1518 5703 1620 5769 jam
1656 5705 1705 5755 in

1818 4554 2087 4606 traditione
2119 4554 2312 4611 subtili,
2338 4561 2392 4602 et
2419 4554 2531 4603 sine
2553 4556 2871 4607 dubitatione
2914 4558 3181 4621 probabili.
3222 4580 3237 4609 ι
3285 4562 3345 4613 Et

1816 4650 1928 4703 post
1951 4655 2106 4705 pauca
2132 4656 2143 4689 :
2173 4639 2327 4704 Igitur
2359 4640 2496 4700 luna,
2530 4640 2709 4705 inquit,
2744 4642 2785 4705 si
2820 4658 2902 4692 xiv
2932 4644 3208 4709 reperitur,
3238 4649 3345 4699 sole

1812 4729 1862 4780 iti
1892 4730 2051 4791 prima
2085 4738 2226 4791 parte
2259 4728 2338 4779 sui
2367 4727 2543 4779 circuli
2574 4730 2851 4780 constituto
2878 4728 2982 4797 [ΑΙ.
3020 4748 3030 4780 :
3066 4732 3226 4797 Luna,
3263 4736 3337 4783 iii-

1809 4818 1939 4884 qttit,
1978 4832 2084 4879 XIV,
2116 4818 2213 4871 hoc
2256 4829 2355 4882 est,
2394 4820 2543 4883 pleno
2587 4817 2778 4868 lumine
2820 4821 2865 4868 ιιι
2902 4824 3060 4883 prima
3094 4832 3237 4886 parte
3266 4825 3341 4875 sui

1811 4906 1987 4956 circuli
2019 4907 2343 4972 constituto],
2372 4905 2488 4969 jure
2536 4906 2683 4967 primi
2727 4910 2922 4958 mensis
2966 4908 3255 4959 ascribitur.
3287 4910 3339 4961 ὃς

1813 5008 1933 5046 vero
1962 4996 2101 5059 prius
2134 5008 2213 5042 xiv
2255 4976 2370 5042 luna
2402 4990 2501 5059 [AL
2535 5007 2631 5042 οιιι.
2664 4991 2805 5057 luna]
2839 4996 2932 5043 llOC
2959 4992 3059 5059 [ΑΙ.
3092 4997 3211 5046 add.
3244 4990 3348 5053 esti

1814 5083 1963 5148 pleno
1994 5079 2187 5131 lumine
2214 5080 2354 5129 orbis
2381 5080 2655 5142 ellulserit,
2688 5095 2839 5145 quant
2887 5083 2963 5130 sol
3004 5094 3340 5135 memoratam

1813 5172 2028 5235 primam
2060 5180 2256 5233 partem
2289 5169 2467 5219 circuli
2502 5170 2579 5219 Sui
2620 5168 2910 5233 contigerit,
2954 5169 3037 5220 XII
3086 5171 3225 5239 [Αῑη
3251 5179 3337 5243 ιιι]

1812 5258 2005 5310 mensis
2032 5270 2145 5309 esse
2175 5259 2432 5322 reperitur
2460 5259 2539 5308 vel
2571 5258 2673 5324 [AL
2707 5275 2805 5309 om.
2840 5262 3090 5325 reperitur
3119 5262 3220 5331 Vell
3250 5277 3342 5316 re-

1810 5347 2093 5415 putabitur.
2142 5348 2201 5399 Et
2246 5346 2347 5415 [ΑΙ.
2394 5347 2513 5394 add.
2573 5344 2708 5411 ideo]
2759 5340 3075 5411 quoties-ita
3128 5349 3343 5412 contigit

1810 5434 1937 5501 [Αι.,
1968 5433 2257 5499 contingit},
2305 5430 2603 5481 sulemnitas
2645 5431 2855 5485 l’asclne
2883 5433 3140 5497 differtur,
3172 5437 3232 5485 ad
3264 5438 3339 5489 al-

1809 5533 1976 5574 terum
2008 5521 2366 5586 plenilunium,
2398 5518 2532 5583 quod
2575 5520 2784 5570 evenire
2819 5533 3033 5571 necesse
3066 5535 3142 5573 ρει
3174 5522 3341 5575 adhuc

1808 5614 1919 5664 sole
1969 5613 2017 5661 in
2067 5612 2223 5674 prima
2274 5616 2415 5672 parte
2467 5608 2532 5659 de
2575 5608 2844 5659 duodecim
2891 5606 3068 5659 circuit
3114 5612 3337 5677 patlilttts

1810 5701 2104 5752 constituto.
2150 5714 2164 5743 ι
