3862 6354
1364 313 1411 343 κι

1411 372 1422 394 ι

130 496 223 550 681
1298 482 1477 537 SECT.
1520 482 1603 535 IV.
1650 508 1705 518 —-
1754 471 2112 531 EI'ISTOLA‘I.
3189 452 3296 504 682

130 625 255 680 ergo
304 611 563 678 regulares
612 608 661 662 in
703 606 862 673 Aprili
900 602 1161 670 trigesima
1202 598 1413 665 quinta,
1450 605 1500 646 et
1539 591 1655 644 subv
1691 595 1735 649 Α
1766 596 1911 640 rente
1956 592 2171 635 numero
2227 572 2528 642 praescripto
2578 567 2790 670 junctis.
2842 564 3043 666 Feriam
3094 578 3308 669 quoque

138 662 288 753 tr:he
316 662 527 766 ettactas
557 662 763 763 semper
790 694 903 762 ejus
932 662 1075 755 anni,
1100 696 1151 742 et
1179 662 1313 754 quod
1339 680 1665 744 remanserit,
1769 676 2021 730 decimam
2052 676 2285 737 quartam
2328 666 2459 715 lunre
2500 662 2854 766 reperieshiet
2892 662 2967 766 sit:
2994 662 3303 719 computans

138 790 252 857 ipsa
283 744 365 840 es;
385 787 496 839 dies
523 787 657 837 lunae
675 744 885 835 rdecima
915 789 1119 846 quarta,
1146 783 1323 840 utputa
1362 772 1512 823 tertio
1533 782 1670 820 anno
1773 766 1934 827 feriis,
1966 776 2079 830 qua:
2107 761 2385 853 supersunt
2413 752 2714 857 septimana:
2750 746 2907 857 illius,
2941 744 3077 796 luna:
3102 756 3307 839 quoque

138 834 321 928 circuli
349 870 799 926 decemnovenalis
837 834 944 921 xxii
979 874 1131 918 erunt
1174 869 1389 927 epactaa,
1415 856 1537 909 tolle
1566 868 1671 906 xxtt
1773 862 1978 906 aetatem
2002 846 2289 902 crescentis
2316 840 2531 908 singulis
2560 851 2761 903 appone
2783 834 2994 933 diebus,
3026 843 3083 929 et
3104 842 3209 883 tum
3239 834 3307 882 si-

139 964 206 1017 de
238 978 379 1015 xxxv
419 972 472 1015 et
513 967 778 1013 remanent
825 970 913 1009 xm
961 953 1111 1006 tertia
1149 950 1348 1004 decima
1375 947 1457 999 die
1484 944 1676 996 mensis
1776 939 1881 991 mul
1907 938 2075 989 locum
2104 936 2255 993 lunw,
2288 940 2337 983 et
2365 937 2570 981 zctatem
2596 931 2884 977 certissime
2914 934 3167 972 mvemes.

144 1053 359 1117 Aprilis,
391 1051 441 1102 id
468 1060 567 1111 est,
612 1051 728 1100 Idus
774 1045 963 1113 Aprilis
990 1044 1111 1095 luna
1140 1042 1338 1094 decima
1376 1045 1555 1102 quarta
1584 1045 1675 1083 oc~
1900 1063 2032 1118 “me.
2056 1062 2230 1107 uncae
2254 1070 2432 1115 comes,
2462 1057 2649 1115 proprio
2666 1060 2941 1115 argumenta
2968 1050 3133 1096 mer

142 1144 329 1193 currit.
375 1139 430 1191 Si
474 1152 598 1190 vero
635 1136 815 1189 feriam
850 1146 1049 1200 quteras
1086 1145 1166 1182 xw
1206 1131 1357 1187 lunae,
1391 1122 1524 1175 adde
1552 1134 1679 1171 con-
1900 1121 2360 1200 laeseripsthubltmet‘,
2385 1126 2433 1200 tu
2456 1120 3094 1200 .tInlItfant‘)ltngﬂftitfntilecum

145 1172 329 1193 υυιιιι.
376 1172 430 1191 ul
482 1172 598 1190 πυιυ
635 1172 815 1189 nuncnu-
850 1172 1049 1200 Ὶυιυυιιω
1086 1172 1158 1182 ...τ
1206 1172 1357 1187 ..ρ---ην
1394 1172 1518 1175 μγ--
1918 1183 1929 1194 1
2070 1172 2079 1179 ,
2237 1180 2245 1186 _
2350 1172 2355 1173 ,
2523 1177 2530 1184 ι
2578 1172 2587 1173 κ
2692 1178 2697 1183 Ι
2840 1184 2874 1195 ἢ
2924 1185 2934 1194 ἳ

145 1238 423 1285 ειιιτειιιεε
450 1229 568 1282 anni
599 1227 739 1279 illius
765 1237 996 1283 numero,
1025 1221 1111 1287 qui
1142 1219 1348 1271 relictus
1374 1223 1472 1276 est,
1507 1216 1681 1277 utputa
1899 1186 2119 1230 Lenares
2143 1179 2299 1233 bOd'e’
2324 1178 2434 1223 dum
2456 1176 2561 1221 “ma
2582 1177 2641 1221 ⁰⁰
2669 1172 2755 1219 “bi
2780 1174 2952 1218 gem"

151 1320 266 1372 istis
296 1317 542 1372 tredecim
572 1316 656 1381 qui
688 1314 739 1366 in
765 1311 1007 1377 pricsenti
1034 1318 1174 1368 sunt,
1214 1310 1263 1359 in
1295 1303 1455 1372 Aprili
1484 1313 1686 1367 quoque

153 1408 421 1473 regulares
445 1418 538 1455 vn.
568 1403 685 1454 llaec
713 1401 883 1452 omnia
912 1398 1096 1464 collige
1122 1406 1175 1450 et
1198 1404 1374 1462 postea
1401 1389 1571 1444 divide
1600 1398 1689 1451 per
2332 1394 2794 1467 Fragmentum,

153 1490 530 1558 septenarium,
558 1498 610 1541 et
648 1488 785 1555 quod
814 1487 1121 1540 remanserit
1151 1485 1258 1551 ipsa
1295 1492 1373 1534 est
1405 1478 1528 1531 feria
1558 1476 1691 1526 lunas

152 1580 359 1632 decima
386 1588 589 1645 quarta,
614 1586 667 1629 et
690 1574 766 1629 sic
804 1575 1044 1627 facillime
1087 1574 1149 1625 ad
1191 1572 1326 1624 diem
1367 1566 1691 1620 Dominicum
1804 1566 2347 1645 ημῌῌξζᾷυιᾳὼ
2374 1626 2418 1645 Α
2456 1616 2719 1645 “mman
2748 1616 2799 1645 ὅ..
2825 1614 2950 1645 mm;

1796 1623 2061 1675 Enarratio
2091 1620 2347 1671 dodrantis
2371 1626 2418 1668 et
2453 1616 2719 1666 mnuucim
2748 1616 2799 1665 in
2824 1613 3046 1678 partibus
3071 1615 3332 1676 horarum,

158 1668 455 1758 ιιωοηίεε-
502 1666 677 1758 Mensa
722 1674 893 1717 ειιιυηι
943 1663 1121 1758 “at”?
1160 1671 1281 1758 ξεῖνε
1313 1650 1697 1758 regulares}?-
1796 1650 3331 1758 “’2‘::‘3:::..“2';:;.;;';.'7.3..5;5::2;2::.;;..;.:.;;;:.‘;2;;.:;raia:

159 1712 455 1736 ι-ν--ν---π-
502 1712 674 1718 -------
1079 1712 1117 1715 η
1194 1712 1205 1714 ν
1371 1712 1398 1724 υ

159 1757 304 1824 ginta
334 1770 451 1819 sex,
480 1754 727 1807 subtrahe
756 1763 965 1818 epactas
998 1750 1119 1803 anni
1160 1750 1316 1810 illius,
1344 1744 1485 1799 verbi
1513 1741 1697 1811 gratia,
1866 1712 2053 1824 273,2:

158 1845 394 1898 secundo
438 1844 557 1894 anni
580 1842 760 1895 circuli
789 1839 1236 1893 decemnovcnalis
1258 1836 1528 1889 undecimo
1574 1834 1703 1881 liunt
1734 1899 1771 1911 “
1875 1849 2036 1901 Unius
2070 1857 2276 1911 semper
2310 1842 2450 1894 “om
2480 1838 2733 1893 dodrante
2764 1849 2813 1891 ει
2853 1835 3119 1891 semuncia
3163 1850 3336 1890 nam,

163 1949 265 1985 xxv
312 1933 397 1986 die
441 1930 636 1984 mensis
683 1929 939 1996 ejusdem,
988 1944 1075 1981 xiv
1121 1930 1238 1979 luna
1282 1926 1468 1987 aderit,
1508 1922 1557 1973 id
1597 1929 1688 1981 est,

1806 1936 1985 1997 missa,
2020 1934 2069 1985 id
2112 1942 2213 1995 est,
2262 1931 2431 1983 diviso
2482 1931 2633 1981 unius
2684 1927 2825 1978 hora:
2853 1926 3045 1992 spati»,
3076 1926 3125 1977 in
3161 1926 3357 1991 viginti,

163 2031 354 2072 octavo
374 2017 720 2072 Kalendarum
746 2015 1019 2083 Aprilium.
1045 2014 1099 2068 Si
1122 2028 1245 2068 vero
1268 2013 1447 2066 feriam
1468 2009 1688 2078 ejusdem

1803 2035 2023 2089 quatuor
2047 2021 2363 2080 semuncias,
2392 2020 2511 2084 quia
2541 2028 2617 2069 tot
2646 2024 2769 2069 sunt
2814 2016 3091 2075 semuncia:
3120 2014 3171 2065 in
3213 2015 3341 2065 libra

165 2106 271 2160 diei
305 2107 557 2173 requiras,
587 2105 719 2157 adde
750 2118 964 2157 numero
984 2102 1299 2170 Epra-scripto
1335 2110 1688 2154 concurrente:

1811 2115 1982 2180 plena,
2016 2112 2308 2175 iterumque
2336 2107 2509 2160 divide
2549 2104 2728 2172 viginti
2758 2113 2979 2170 quatuor
3007 2106 3057 2156 in
3097 2112 3342 2171 quatuor,

167 2195 294 2247 anni
318 2195 457 2246 illius
482 2204 535 2246 et
563 2194 829 2260 regulares
854 2203 1073 2258 quatuor
1099 2192 1150 2245 in
1182 2191 1380 2244 Martio.
1414 2188 1479 2240 lis
1506 2202 1688 2254 quoqut

1812 2203 1909 2254 huc
1939 2210 2020 2254 est
2047 2207 2229 2265 quater
2257 2210 2370 2257 sex,
2399 2205 2451 2248 et
2498 2204 2576 2246 ter
2604 2207 2652 2244 v1
2681 2194 2909 2266 dodrans
2933 2191 3145 2256 dicitur,
3188 2194 3349 2245 semel

171 2283 224 2334 in
279 2297 436 2341 unum
479 2282 710 2333 collectis
762 2282 1052 2347 partitoque
1102 2296 1193 2346 per
1235 2278 1614 2344 septenarium,
1661 2289 1688 2325 e

1815 2305 1939 2344 vero
1966 2290 2249 2356 quadrans,
2283 2295 2333 2339 et
2364 2286 2460 2337 hoc
2504 2292 2587 2336 est
2630 2296 2744 2349 quae
2785 2281 2857 2333 ait
2895 2281 3048 2332 unius
3079 2279 3223 2331 hora:
3253 2279 3351 2331 do-

171 2369 315 2435 quod
359 2370 665 2420 remanserit
706 2369 815 2429 ipse
852 2375 935 2419 est
962 2367 1073 2419 dies
1102 2367 1234 2418 luna:
1263 2366 1463 2417 decima
1506 2372 1685 2429 quarta

1813 2380 2017 2437 drante,
2052 2376 2102 2427 id
2132 2383 2230 2437 est,
2268 2374 2436 2429 tribus
2466 2372 2697 2437 partibus
2748 2386 2776 2421 x
2809 2380 2861 2421 et
2887 2378 3007 2421 octo
3048 2367 3349 2422 semuncris.

173 2458 219 2509 si
265 2457 393 2508 nihil
431 2456 758 2519 remanserit,
788 2471 854 2509 vn
884 2457 1009 2509 l‘eria
1052 2467 1149 2511 est.
1195 2455 1351 2523 Igitur
1388 2455 1431 2506 si
1473 2452 1686 2505 detracti

1814 2466 1961 2531 Quod
2001 2478 2124 2516 vero
2158 2471 2210 2514 et
2254 2460 2539 2513 seniiuucia
2584 2473 2675 2510 sex
2707 2459 3015 2524 reliquarum
3047 2455 3356 2510 sentiuncia-

176 2548 377 2613 epactis
408 2547 636 2611 triginta,
672 2556 945 2599 remanent
973 2556 1141 2598 tamen
1165 2546 1511 2611 quodcunque
1538 2555 1688 2609 super

1817 2568 1953 2615 rum,
1984 2554 2047 2603 ad
2078 2549 2415 2617 quadrantem
2448 2548 2841 2613 pertinentium,
2887 2561 3040 2597 unam
3083 2546 3242 2597 volvit
3269 2545 3358 2593 ad-

180 2644 286 2696 est,
319 2636 430 2699 ipse
456 2642 535 2685 est
560 2634 670 2686 dies
700 2634 913 2695 mensis,
936 2634 985 2685 in
1005 2648 1105 2700 quo
1134 2648 1243 2697 xtv,
1270 2622 1440 2684 lunam
1470 2632 1688 2698 reperies

1816 2640 1962 2707 jungi
1988 2638 2254 2696 dodranti,
2284 2645 2338 2686 ut
2367 2644 2543 2687 essent
2577 2632 2692 2685 XIX
2720 2632 3039 2695 Settiiunrice,
3072 2647 3175 2699 quo
3204 2645 3360 2683 a'stus

184 2730 236 2769 ut
265 2733 332 2771 eo
357 2733 493 2770 anno
521 2733 625 2785 quo
659 2729 880 2785 quatuor
915 2732 1112 2783 epactte
1154 2720 1302 2781 llunt,
1341 2720 1553 2771 absume
1581 2732 1628 2767 tv
1658 2716 1687 2768 d

1823 2729 2013 2781 Uceani
2059 2726 2289 2794 quotidie
2337 2725 2531 2777 tardius
2584 2724 2805 2785 veniret,
2864 2724 3163 2789 tardiusque
3218 2736 3361 2774 rt-ce-

187 2823 329 2859 xxxv
358 2818 409 2859 et
451 2819 721 2864 remanent
764 2808 970 2875 triginta
1015 2824 1192 2861 unum.
1239 2807 1386 2859 Tolle
1424 2822 1523 2859 xxx
1552 2814 1603 2857 ct
1633 2820 1726 2857 re-
1825 2818 1993 2871 duret,

190 2907 408 2949 manent
447 2913 481 2947 1.
517 2899 688 2949 l‘rima
729 2899 813 2951 die
856 2899 1051 2951 mensis
1097 2913 1179 2951 xtv
1225 2897 1346 2949 luna
1392 2897 1634 2959 occurrit,
1677 2894 1723 2947 id
2170 2956 2171 2959 η
2565 2933 2635 2943 .__.

187 2998 295 3090 Ῠ³¹⁹
329 2986 583 3038 Kalend”
602 2988 831 3090 .Apnlpf'
880 2990 936 3039 δι
974 2988 1210 3090 ᾳῳυξυξ
1600 2994 1728 3090 Et
1843 3029 1915 3081 De
1944 3029 2253 3082 ordinatione
2284 3025 2548 3078 Perierunt
2582 3023 2895 3075 Pascltalittm
2925 3038 3010 3088 per
3037 3021 3369 3090 TlteOpln'Innt

191 3083 307 3128 tum
348 3083 616 3165 remanent
648 3089 729 3126 xlv
757 3075 840 3127 die
870 3076 1062 3127 mensis
1104 3075 1222 3141 luna
1253 3089 1337 3127 xlv
1362 3074 1552 3136 evenit,
1591 3069 1730 3137 quod
3029 3069 3371 3158 ιζῂέλέὸρῶὼή

192 3163 360 3216 semel
404 3163 535 3215 intra
584 3178 670 3215 xix
717 3163 904 3215 accidit
948 3176 1131 3226 annos,
1179 3163 1385 3229 quando
1433 3176 1485 3213 vr
1536 3168 1731 3227 epacta:
1764 3220 1803 3233 _
1900 3163 2168 3233 synodum.

195 3255 548 3319 ascribuntnr,
594 3264 649 3307 et
688 3269 741 3306 ιιι
784 3254 1128 3307 Kalendarum
1183 3254 1434 3319 Aprilium
1480 3267 1564 3303 xiv
1615 3252 1731 3304 luna
1760 3220 1806 3279 ο
1910 3256 2036 3309 Post
2062 3263 2497 3308 resurrectionem
2531 3252 2612 3304 vel
2639 3251 2997 3303 ascensionem
3032 3248 3232 3301 Domini
3257 3248 3385 3319 Sal:

198 3342 463 3408 provenit.
498 3341 569 3394 Ut
615 3352 665 3394 te
704 3341 958 3407 exemplis
987 3342 1049 3392 ad
1083 3340 1446 3392 inveniendam
1487 3338 1736 3391 instruam
1840 3346 2055 3407 vatoris,
2097 3343 2331 3411 Apostoli
2375 3340 2635 3409 quomodo
2665 3338 2856 3405 pascha
2906 3339 3156 3391 deberent
3197 3338 3377 3389 obser.

201 3429 413 3492 feriam,
445 3444 542 3495 qua
572 3443 658 3480 xlv
684 3438 923 3481 occurrat
950 3428 1091 3491 luna,
1125 3436 1304 3495 utputa
1339 3441 1477 3479 anno
1501 3440 1688 3492 prmser

1843 3450 1983 3499 vare,
2016 3432 2145 3485 nihil
2187 3430 2433 3483 ordinare
2475 3438 2773 3498 potuerunt,
2819 3429 2939 3495 quia
2967 3428 3188 3493 dispersi
3232 3437 3381 3480 erant

203 3514 492 3571 Dominica:
521 3516 890 3568 incarnationis
913 3530 1182 3589 occcxxvt,
1217 3530 1364 3567 sume
1403 3525 1613 3581 epactas
1644 3516 1688 3564 In

1845 3536 1934 3587 per
1961 3519 2260 3571 universum
2294 3517 2564 3580 mundum,
2595 3516 2659 3569 ad
2690 3514 3077 3583 prredicandum
3118 3514 3382 3580 occupati.

200 3605 292 3671 ius
317 3603 437 3656 anni
459 3618 599 3666 “VI,
630 3603 979 3670 detractisque
1001 3604 1230 3670 eiUSdem
1260 3618 1394 3655 XXXV
1424 3602 1745 3669 regularibus
1846 3607 1948 3662 Sed
1975 3612 2284 3674 quacunque
2310 3605 2394 3657 die
2420 3604 2619 3657 decima
2644 3614 2825 3671 quarta
2852 3602 2969 3655 luna
3000 3614 3178 3654 mense
3200 3598 3383 3651 Martio

207 3705 261 3745 et
289 3702 559 3746 remanent
592 3708 644 3744 lx
677 3702 729 3744 et
759 3707 881 3746 ecce
914 3708 961 3745 Ix
998 3693 1083 3745 die
1121 3694 1313 3746 mensis
1343 3707 1426 3745 ιιν
1468 3694 1586 3745 luna
1622 3692 1743 3752 erit,
1847 3696 2054 3761 fuisset,
2085 3694 2277 3763 pascha
2306 3692 2658 3747 celebrabant,
2704 3692 2829 3746 Post
2870 3690 3145 3743 transitum
3171 3701 3294 3755 ergo
3323 3690 3387 3741 dc

210 3783 265 3832 id
295 3789 395 3842 est,
422 3794 453 3831 v
483 3780 601 3831 ldus
630 3780 795 3848 April.
835 3778 1002 3848 Jungc
1029 3781 1189 3832 etiam
1218 3789 1587 3833 concurrentes
1625 3794 1688 3829 an

1851 3784 1950 3838 hoc
1982 3784 2177 3837 mundo
2207 3782 2438 3834 omnium
2468 3782 2847 3847 apostolorum,
2877 3793 2971 3844 per
3005 3779 3235 3845 singulas
3264 3792 3389 3845 pro-

212 3866 508 3933 prasentis,
536 3866 585 3917 id
613 3878 712 3930 est,
747 3881 761 3917 ι
792 3866 856 3918 ad
884 3882 931 3918 ιχ
959 3876 1008 3918 ει
1031 3866 1159 3918 Iiunt
1186 3882 1236 3930 x,
1268 3876 1319 3918 et
1342 3866 1423 3918 his
1448 3866 1580 3917 adde
1604 3879 1670 3916 vn

1852 3876 2049 3927 vincias
2079 3874 2285 3926 diversa
2325 3872 2570 3933 tenebant
2593 3870 2811 3938 jt-junia.
2851 3869 2979 3923 Nam
3000 3868 3131 3922 Galli
3163 3882 3392 3936 quacun-

214 3954 350 4005 liunt
390 3967 513 4029 xrn,
546 3952 640 4005 hos
667 3953 860 4019 partire
902 3968 990 4020 per
1021 3968 1092 4004 vlt
1122 3955 1199 4006 bis
1228 3970 1319 4016 vn,
1366 3969 1451 4005 xiv
1489 3962 1543 4007 et
1584 3968 1750 4006 rema-
1853 3976 1954 4028 que
1982 3961 2066 4014 die
2092 3969 2278 4014 octavo
2305 3950 2655 4011 Kalendarum
2676 3956 2928 4025 Aprilium
2951 3958 3155 4019 luisset,
3184 3957 3394 4024 uuuuuu

214 4053 343 4096 nent
389 4056 463 4107 nt,
507 4040 657 4095 tertia
695 4042 820 4095 feria
867 4044 966 4093 erit
1012 4043 1127 4093 luna
1164 4057 1269 4109 xtv,
1312 4058 1358 4093 tv
1384 4058 1468 4104 xv,
1511 4058 1540 4093 v
1571 4057 1674 4108 ενι,

1858 4051 2051 4105 Christi
2100 4052 2418 4107 resurrectio
2444 4050 2767 4112 tradebatur,
2800 4063 3009 4115 semper
3037 4048 3224 4114 pascha
3252 4048 3392 4099 cele-

219 4146 351 4193 xvn,
394 4143 464 4182 vn
513 4145 656 4193 ιιι-ιιι,
704 4145 717 4180 ι
756 4145 863 4192 xix,
899 4130 984 4197 qui
1025 4139 1107 4182 est
1151 4131 1264 4183 dies
1311 4130 1536 4197 paschm,
1578 4145 1607 4181 v
1640 4130 1688 4182 Id

1861 4141 2098 4202 hrabant,
2131 4140 2182 4191 in
2229 4138 2372 4191 Italia
2422 4152 2546 4190 vero
2575 4136 2661 4188 alii
2692 4151 2756 4187 xx
2800 4133 3265 4200 diesjejunabant,
3310 4133 3396 4183 alii

221 4222 392 4289 April.
420 4236 501 4273 xtv
532 4222 671 4287 luna,
702 4236 749 4271 tv
781 4221 897 4272 ldus
927 4237 1010 4284 xv,
1040 4234 1095 4271 ιιι
1134 4219 1252 4273 Idus
1281 4236 1387 4285 xu,
1414 4236 1449 4273 ιι
1484 4222 1600 4273 ldus
1628 4236 1688 4272 xv

1861 4238 2083 4294 septem.
2116 4226 2411 4278 Orientales
2440 4239 2584 4289 vero,
2613 4224 2746 4277 sicut
2768 4223 3030 4289 apostolos
3060 4222 3319 4279 viderunt,
3344 4230 3400 4271 ut

224 4311 345 4363 ldus
372 4326 434 4362 ιν
462 4325 512 4362 ιν
542 4325 686 4374 ινιυι
712 4310 967 4363 Kalendas
996 4311 1156 4363 M3395
1195 4326 1299 4362 ΧΙΧ-
1333 4310 1571 4364 Secundo
1600 4324 1757 4371 anno.
1862 4317 2217 4386 supradictum
2247 4324 2347 4379 est,
2390 4314 2590 4367 decima
2621 4324 2801 4380 quarta
2848 4315 2988 4374 luna,
3017 4324 3196 4364 mense
3227 4310 3401 4361 Martis

225 4410 346 4467 Ρθδι
376 4400 509 4453 hunc
551 4414 644 4462 νη,
692 4400 809 4465 (illi-1
860 4400 974 4465 Plus
1016 4415 1047 4450 V
1090 4410 1230 4460 ευηι.
1262 4407 1317 4451 ει
1363 4398 1533 4451 minus
1575 4414 1659 4465 ιν,
1695 4398 1760 4451 ad
1864 4407 2055 4472 pascha
2088 4405 2359 4457 tenebant.
2392 4402 2519 4454 Cum
2567 4414 2689 4466 ergo
2739 4400 2819 4451 ha:
2851 4397 2979 4451 tales
3006 4397 3401 4451 observationes

225 4490 468 4544 Martium
493 4489 712 4554 pertinet
734 4504 815 4540 xiv
848 4490 988 4551 luna,
1017 4502 1168 4555 quam
1202 4486 1276 4541 sic
1313 4493 1565 4555 requires.
1605 4490 1688 4542 Su:

1796 4524 1846 4583 Β
1872 4511 1962 4562 per
1986 4495 2215 4563 singulas
2246 4493 2538 4560 provincias
2566 4498 2887 4555 tenerentur,
2916 4490 3052 4543 unde
3078 4504 3271 4542 mmror
3293 4500 3405 4540 erat

228 4579 498 4647 regulares
530 4578 703 4630 Martis
727 4577 918 4629 mensis
949 4590 1126 4640 xxxvi,
1157 4575 1374 4628 detrahe
1406 4577 1470 4628 ab
1496 4578 1571 4628 eis
1595 4590 1684 4638 vn,
1715 4587 1767 4628 et
1797 4575 1836 4583 "
1868 4585 2247 4645 sacerdotibus,
2280 4597 2343 4635 θο
2368 4582 2501 4648 quod
2528 4594 2555 4631 θ
2579 4581 2765 4648 quibus
2796 4595 2896 4632 uua
2929 4580 3055 4631 ques
3085 4588 3226 4630 recte
3256 4587 3404 4629 ιεηρ-

230 4677 506 4721 remanent
548 4683 671 4720 xxrx
700 4667 948 4718 vicesimo
978 4680 1119 4719 nono
1144 4666 1320 4718 Martis
1350 4667 1561 4729 mensis,
1593 4666 1642 4717 id
1668 4682 1688 4717 ε

1868 4676 2039 4737 batur,
2064 4689 2243 4727 eorum
2275 4673 2614 4726 dissentirent
2633 4672 2846 4739 jejunia.
2875 4669 3019 4721 Tunc
3046 4682 3175 4735 papa
3208 4667 3403 4726 Victor,

233 4771 288 4809 Iv
334 4755 680 4809 Kalendarum
728 4756 889 4820 April.
932 4756 1133 4807 decima
1183 4766 1363 4823 quarta
1412 4756 1502 4807 tibi
1533 4757 1649 4808 luna
1678 4771 1769 4808 oc-
1873 4762 2226 4829 Romanatque
2252 4762 2396 4814 urbis
2422 4764 2699 4827 episcopus
2724 4758 2916 4825 direxit
2944 4758 3312 4809 auctoritorem
3342 4757 3405 4806 ad

234 4848 417 4900 currit.
461 4846 537 4898 Ad
576 4846 939 4897 inveniendam
971 4847 1174 4909 teriam,
1206 4861 1353 4899 sume
1396 4848 1605 4900 easdem
1651 4864 1771 4901 xxix
1871 4851 2215 4919 TheOphilum
2245 4850 2583 4913 Catsariensis
2614 4846 2991 4911 l’alestinazque
3020 4844 3326 4905 antistitem,
3354 4854 3410 4893 ut

236 4942 293 4985 et
321 4932 453 4985 adde
479 4932 553 4984 eis
582 4942 950 4984 concurrentes
976 4933 1101 4984 anni
1142 4931 1297 4994 illius,
1330 4932 1379 4984 id
1420 4942 1519 4995 est,
1550 4948 1606 4995 ιι,
1650 4935 1777 4985 ﬁunt
1812 4992 1814 4995 τ
1875 4940 2134 5006 quomodo
2167 4940 2356 5006 pascha
2388 4947 2531 4989 recto
2554 4935 2672 5002 jure
2719 4949 2746 4987 a
2777 4936 2982 4987 cunctis
3022 4932 3292 4985 catholicis
3320 4945 3412 4985 ce-

241 5034 393 5071 κυι-
429 5019 482 5071 Ιη
510 5020 589 5071 his
612 5034 817 5086 quoque
847 5020 1016 5086 adjice
1047 5022 1311 5088 regulares
1339 5031 1576 5088 quatuor,
1603 5032 1657 5075 et
1680 5023 1779 5074 erit
1879 5030 2167 5079 lehraretur
2189 5022 2448 5088 ecclesiis,
2475 5024 2600 5076 inibi
2633 5024 2778 5076 ﬁeret
2809 5020 3092 5083 ordinatio,
3123 5020 3210 5072 ubi
3241 5020 3412 5073 Domi-

240 5107 415 5158 omnis
444 5119 645 5157 summa
676 5122 831 5169 xxxv,
861 5109 1051 5173 partire
1082 5123 1173 5175 per
1199 5124 1287 5160 vn.
1330 5110 1612 5175 Quinquies
1640 5124 1688 5160 ει

1880 5128 1976 5164 ιιιιε
2022 5120 2074 5163 ει
2118 5106 2350 5162 salvator
2398 5112 2575 5163 mundi
2625 5111 2792 5162 fuerat
2841 5108 2890 5159 in
2944 5123 3101 5163 carne
3152 5120 3411 5161 versatus.

244 5207 313 5244 vn
346 5190 475 5243 ﬁunt
515 5208 651 5243 xxxv
686 5205 733 5245 et
785 5194 910 5246 nihil
954 5206 1208 5260 remanet,
1251 5198 1369 5262 quia
1406 5197 1627 5261 septima
1656 5196 1778 5247 feria
1883 5199 2131 5264 Percepta
2185 5199 2355 5265 itaque
2408 5197 2751 5259 auctoritate,
2805 5190 3082 5261 praedictus
3140 5200 3414 5263 episcopus

244 5285 349 5335 erit
378 5284 495 5334 luna
539 5282 740 5335 decima
787 5295 968 5348 quarta
1014 5299 1196 5352 quarto
1244 5287 1461 5341 Kalend.
1508 5289 1694 5353 April,
1733 5300 1784 5341 et
1884 5306 1985 5343 non
2015 5290 2185 5342 solum
2222 5290 2287 5342 de
2325 5304 2415 5341 sua
2450 5288 2736 5354 provincia,
2781 5286 2873 5339 sed
2914 5288 3069 5339 etiam
3099 5287 3162 5337 de
3197 5285 3416 5336 diversis

251 5386 322 5422 xv
352 5377 502 5424 tertio
526 5370 743 5425 Kalend.
769 5374 931 5439 April.
977 5374 1088 5437 Ipse
1115 5387 1192 5427 est
1228 5378 1339 5429 dies
1368 5378 1657 5431 dominicus
1687 5380 1784 5432 Pa-
1886 5380 2187 5447 regionibus
2236 5392 2419 5430 omnes
2449 5377 2725 5444 episcopos
2755 5378 3009 5428 evocavit.
3044 5373 3138 5428 Uni
3168 5388 3284 5424 cum
3331 5372 3417 5425 illa

250 5461 415 5520 Sellae,
447 5460 602 5512 etiam
635 5460 985 5528 per-singulos
1008 5464 1182 5516 circuli
1209 5465 1672 5520 decemnovenales
1698 5483 1788 5519 an-
1889 5468 2165 5521 multitudo
2217 5465 2552 5519 sacerdotum
2599 5467 2875 5530 convenit,
2932 5472 3055 5515 tunc
3101 5462 3419 5527 Theophilus

253 5562 371 5600 nos.
394 5547 608 5613 Semper
626 5552 707 5601 his
730 5552 1046 5617 regularibus
1065 5566 1110 5604 et
1134 5554 1226 5607 hac
1243 5554 1444 5607 ratione
1462 5559 1643 5610 annuis
1664 5572 1789 5625 epa-
1890 5559 2161 5623 cpiscopus
2194 5556 2402 5622 protulit
2426 5556 2790 5608 auctoritatem
2819 5552 2881 5604 ad
2916 5568 2969 5609 se
2998 5553 3208 5603 missam
3242 5551 3418 5602 Victu-

255 5644 456 5689 ctarunt
511 5636 755 5689 detractis
802 5640 1024 5704 diebus,
1085 5643 1338 5696 decimam
1393 5656 1625 5711 quartam
1680 5647 1793 5700 sine
1893 5642 1967 5695 r’s
2014 5656 2190 5707 paptn,
2256 5651 2309 5694 et
2350 5642 2483 5707 quid
2538 5642 2632 5693 sibi
2680 5640 2853 5706 operis
2903 5638 3085 5691 fuisset
3138 5638 3419 5704 injunctnm

258 5741 440 5780 εττοτθ
482 5727 707 5793 reperies
741 5728 935 5792 ιυηευηο
964 5740 1015 5781 ει
1055 5733 1153 5785 illis
1199 5734 1524 5803 regularibus
1574 5752 1790 5791 concur-
1895 5735 2137 5791 ostendit.
2189 5735 2334 5788 Tunc
2384 5734 2573 5801 pariter
2632 5748 2811 5805 omnes
2862 5732 3109 5787 dixerunt
3154 5728 3418 5797 episeopi:

576 5837 839 5894 ΡΑτιιοι..
890 5835 1090 5899 XCIV.

2813 5846 2885 5902 2').

2521 1306 2587 1314 .—

2002 1530 2245 1569 APPENMK
2277 1528 2341 1566 AD
2381 1524 2664 1563 EPISTOLAI
2708 1522 2818 1560 PRE
2841 1522 3115 1559 .EIIENTEM.
