3862 6322
530 417 630 472 62ὲῦ

1193 415 1386 472 ricini;
1434 414 1870 472 \‘ENEllAIllLlS
1907 416 2053 501 orn.

2169 417 2270 469 illS
2309 415 2390 467 ιιι.
2436 444 2498 453 -ο
2539 414 3006 469 ΡΛΙιΈΧίἱΙΊιΣΛ.
3609 421 3698 476 881.

535 531 638 582 Nisi
666 545 804 596 prius
835 529 1092 594 (pronuntio
1126 527 1348 579 mundus
1380 528 1535 580 fuerit
1577 543 1602 578 a
1643 526 1893 594 principio
1922 528 2062 579 iuve-
2094 533 2136 588 Α
2165 527 2406 592 pepulum
2433 543 2442 575 2
2473 525 2548 578 Si!
2593 527 2724 577 vobis
2754 527 3037 578 obssrvatus
3072 529 3173 579 difS
3199 529 3400 596 primus
3424 539 3467 581 ct
3511 535 3700 584 norim-

535 623 776 688 stigatus,
807 617 931 669 nihil
965 625 1133 683 potest
1158 615 1223 668 de
1249 617 1579 670 observantia
1611 616 1814 682 past-ha:
1838 616 2063 668 salubri-

535 720 613 762 ter
641 708 889 760 ordinari.
940 706 1189 759 Dixerunt
1221 721 1345 773 ergo
1387 707 1616 772 episcopi
1644 725 1652 754 :
1682 705 1844 771 Quem
1890 707 2063 760 credi-

535 809 648 847 mus
685 793 873 846 factum
900 793 1056 847 fuisse
1088 795 1136 846 iu
1187 793 1381 847 mundo
1413 795 1652 862 primum,
1705 794 1803 846 nisi
1832 793 2062 846 Domini-

535 892 651 936 cum
700 883 879 936 diem?
933 882 1256 949 TheOphilus
1307 883 1584 950 episcOpus
1636 882 1765 935 dixit
1799 900 1810 933 :
1843 883 2066 936 Probate

535 974 670 1042 quod
723 973 914 1026 dicitis.
984 973 1381 1039 llcSponderuut
1431 977 1656 1041 cpiscoiii
1713 991 1723 1023 :
1767 972 2064 1028 Secundum

535 1061 814 1127 Scriptura:
848 1060 1227 1121 auctoritatem,
1263 1062 1449 1114 factum
1482 1074 1558 1116 est
1592 1077 1806 1131 vespere
1834 1071 1886 1116 et
1916 1077 2068 1116 mane

535 1149 644 1202 dies
669 1150 868 1216 primus

573 1283 579 1285 .
606 1238 802 1291 Deinde
822 1239 1099 1302 secundus,
1127 1241 1328 1296 tertius.
1352 1250 1586 1305 quartus,
1614 1243 1844 1308 quintus,
1865 1252 2063 1301 sextus,

537 1328 804 1394 septimus.
837 1327 890 1379 In
919 1342 1018 1392 quo
1045 1329 1268 1393 septimo
1301 1333 1551 1392 requievit
1579 1329 1714 1381 Deus
1741 1331 1805 1380 ab
1827 1329 2068 1380 omnibus

537 1417 778 1483 operibus
804 1415 931 1480 suis,
958 1431 1111 1481 quem
1141 1415 1274 1466 diem
1306 1414 1586 1466 Sabbattun
1609 1415 1905 1482 appellavit.
1934 1413 2070 1480 Ergo

535 1519 650 1556 cum
679 1501 1023 1556 novissimum
1057 1503 1192 1554 diem
1224 1502 1392 1568 signet
1426 1503 1728 1565 Sabbatum,
1761 1503 1875 1571 quis
1899 1512 2066 1570 potest

535 1610 648 1647 esse
681 1595 897 1662 primus,
947 1594 1044 1646 nisi
1091 1594 1386 1646 Dominicus
1423 1595 1574 1647 dies?
1602 1595 1922 1663 Theophilus
1961 1597 2053 1663 cpi-

538 1698 725 1751 scopus
753 1684 884 1735 dixit
912 1700 920 1732 ε
951 1683 1078 1735 Ecce
1103 1683 1167 1736 de
1197 1685 1279 1736 die
1310 1683 1599 1748 Dominico,
1633 1685 1747 1751 quia
1778 1686 1974 1750 primus
2004 1685 2070 1736 sit

540 1775 825 1840 probastis,
868 1773 934 1826 de
979 1782 1212 1840 tempore
1255 1775 1393 1827 enim
1443 1774 1565 1840 quid
1601 1774 1815 1826 dicitis?
1841 1778 2070 1839 Quatuor

2169 633 2300 668 mus.
2337 615 2525 679 Quinta
2569 615 2653 675 illa
2686 615 2977 669 benedictio
3021 625 3118 680 est,
3170 626 3227 670 ut
3257 618 3308 671 in
3342 633 3483 670 cxvn
3518 625 3700 685 melino

2167 701 2793 760 dicit:Cirmmdederunt
2835 719 2912 756 me
2955 699 3079 755 sicut
3137 721 3282 773 apes,
3330 719 3377 756 et
3424 723 3701 763 exarserunt

2165 793 2288 843 sicut
2335 792 2465 858 ignis
2512 792 2562 842 in
2591 791 2768 857 spinis.
2803 791 2873 843 De
2903 795 3257 846 resurrectione
3298 804 3467 845 autem
3518 797 3704 850 Domini

2166 881 2326 932 dicit:
2363 880 2486 933 Ila'c
2523 891 2593 930 cst
2634 882 2738 930 dies
2761 896 2904 947 quam
2950 885 3063 948 [erit
3110 883 3379 949 Dominus,
3419 888 3704 943 exsultans

2167 981 2210 1024 ct
2241 974 2465 1024 (mtermrr
2514 972 2563 1022 in
2600 987 2677 1037 ea,
2710 988 2863 1040 usque
2892 975 2957 1024 ad
2995 989 3150 1025 cornu
3193 976 3398 1027 altaris.
3445 976 3598 1031 Sexta
3639 982 3702 1032 illi

2173 1061 2464 1114 benedictio
2486 1071 2584 1126 est,
2617 1063 2753 1128 quod
2787 1063 2836 1116 in
2861 1065 2968 1131 ipsa
2992 1065 3244 1120 Dominus
3283 1071 3595 1122 resurrexit.
3625 1071 3702 1122 Vi-

2169 1148 2260 1201 des
2291 1163 2416 1216 ergo
2440 1150 2558 1217 quia
2591 1151 2702 1203 dies
2729 1153 3125 1206 resurrectionis
3157 1154 3460 1209 Dnmiuicus
3487 1159 3701 1226 singula-

2170 1237 2296 1290 riter
2325 1238 2373 1289 in
2423 1237 2619 1290 Pascha
2658 1233 2820 1292 teneri
2863 1241 3044 1306 possit.
3086 1243 3416 1311 Theophilus
3454 1247 3612 1299 dicit:
3639 1249 3704 1302 De

2172 1332 2407 1391 tempore
2455 1336 2627 1378 autem
2667 1327 2731 1379 ad
2781 1328 2989 1396 Moysen
3022 1330 3320 1384 mandatum
3365 1344 3448 1386 est
3489 1351 3518 1388 a
3565 1337 3698 1391 Deo:

2170 1411 2262 1464 llie
2291 1415 2482 1468 mensis
2515 1416 2616 1468 erit
2652 1416 2802 1469 vobis
2841 1418 3044 1473 initium
3089 1424 3371 1489 mensium,
3409 1425 3602 1479 Pascha
3631 1429 3699 1479 ra-

2167 1503 2271 1554 cite
2303 1504 2353 1556 in
2385 1519 2469 1558 eo.
2491 1505 2692 1560 .Omnes
2713 1522 2838 1576 ergo
2879 1511 3086 1578 triginta
3114 1513 3226 1566 dics
3255 1530 3286 1566 a
3329 1515 3550 1570 Domino
3575 1533 3698 1574 con-

2170 1597 2356 1647 secrati
2379 1607 2517 1649 sunt.
2553 1599 2797 1666 Episcopi
2832 1601 3080 1656 dixerunt
3107 1624 3117 1655 :
3141 1605 3254 1659 Jam
3283 1611 3529 1674 superius
3553 1613 3697 1666 dedi-

2171 1697 2286 1735 mus
2308 1699 2638 1750 responsum,
2663 1689 2971 1754 principium
2995 1694 3174 1745 mundi
3201 1710 3318 1749 esse
3341 1700 3694 1766 aequinoctium

2171 1780 2357 1824 octavo
2387 1773 2738 1830 Kalendarum
2762 1779 3036 1844 Aprilium.
3063 1781 3124 1834 Et
3150 1783 3217 1836 ab
3238 1797 3422 1840 octavo
3450 1789 3694 1847 Kalenda-

536 1865 672 1916 enim
713 1863 889 1915 mundi
933 1874 1163 1930 tempera
1206 1863 1528 1930 accipiuntur
1555 1882 1566 1914 :
1598 1863 1736 1929 Ver,
1762 1867 1934 1926 mstas,
1983 1880 2072 1916 au-
2108 1857 2147 1913 Β
2175 1878 2288 1915 rum
2315 1863 2567 1930 Aprilium
2602 1881 2763 1936 usque
2794 1869 3104 1924 iunctarum
3134 1873 3392 1928 Kalendas
3425 1879 3602 1946 Maias,
3631 1884 3696 1937 le-

539 1963 771 2013 tumnus,
804 1952 992 2003 hiems.
1027 1951 1173 2016 Quod
1205 1967 1330 2019 ergo
1379 1962 1583 2020 tempus
1612 1954 1837 2020 primunt
1878 1954 2067 2008 factum

538 2039 587 2090 in
621 2039 859 2112 ιιιιιιιύοεῖ
891 2039 1132 2107 Episcopi
1165 2041 1544 2108 t'csttondcrunt
1577 2061 1587 2093 :
1617 2042 1866 2098 Veruum.
1897 2043 2071 2097 Theo-
2107 2041 2124 2051 ”

539 2128 711 2193 philus
738 2130 1012 2196 episc0pus
1038 2130 1166 2182 dixit
1195 2147 1207 2181 :
1235 2131 1459 2183 Probate
1500 2131 1636 2198 quod
1676 2132 1869 2185 dicitis.
1906 2134 1966 2183 Et
1997 2133 2070 2185 illi

541 2216 914 2282 responderunt
942 2257 955 2280 ,
1015 2219 1275 2283 Scriptum
1322 2229 1404 2270 est
1441 2237 1452 2269 ι
1483 2219 1751 2272 (lerminet
1799 2231 1935 2274 terra
1972 2221 2070 2274 [ειιί

541 2305 752 2356 herbam
793 2307 1075 2358 secundum
1109 2322 1274 2375 genus
1315 2323 1467 2360 suunt
1515 2319 1569 2362 et
1617 2309 1811 2375 lignum
1843 2310 2074 2366 fructife-

541 2407 676 2455 rum,
723 2393 893 2445 terens
936 2391 1157 2446 fructum
1189 2410 1359 2448 suum.
1396 2396 1513 2449 llaec
1540 2409 1712 2450 autem
1755 2401 2074 2466 temporibus

542 2482 680 2532 veris
712 2480 988 2548 accipitur.
1023 2482 1343 2551 Theophilus
1383 2485 1659 2552 episcopus
1694 2487 1862 2539 dixit:
1893 2489 1945 2541 In
1971 2504 2072 2556 quo

542 2571 656 2623 loco
684 2578 842 2636 caput
872 2571 1050 2622 mundi
1075 2585 1192 2623 esse
1221 2572 1472 2626 creditis?
1505 2573 1556 2625 lu
1592 2575 1844 2642 principio
1871 2586 2071 2644 tempo-

542 2661 634 2724 ris,
668 2675 732 2712 an
765 2661 813 2711 in
845 2660 1015 2713 medio
1045 2671 1297 2728 tempore,
1341 2673 1428 2715 aut
1458 2664 1506 2715 in
1548 2663 1685 2742 line?
1717 2665 1954 2734 Episcopi
1998 2683 2072 2721 rc-

539 2748 859 2815 spouderunt
883 2766 895 2800 :
917 2750 969 2802 In
994 2737 1310 2816 acquinoctio
1338 2761 1522 2804 Ot'laVO
1553 2737 1902 2808 Kalendarum
1931 2755 2073 2824 Apri-

541 2837 690 2889 lium.
739 2836 1058 2904 Theophilus
1103 2837 1379 2905 episcopus
1431 2841 1559 2892 dixit
1602 2859 1612 2891 :
1657 2843 1878 2896 l'robate
1932 2847 2068 2911 quod

477 2949 480 2951 λ
537 2925 730 2978 dicitis.
767 2925 832 2978 Et
862 2925 934 2979 illi
959 2928 1385 2993 responderunt:
1417 2928 1675 2996 Scriptum
1701 2942 1780 2984 est
1807 2932 1926 3000 quia
1954 2933 2072 2987 fecit

541 3013 678 3065 Deus
719 3013 886 3066 lucem
933 3024 986 3067 et
1029 3017 1233 3068 vocarit
1264 3016 1399 3069 Deus
1449 3019 1612 3072 lucem
1658 3019 1816 3087 diem,
1858 3031 1911 3076 et
1949 3023 2067 3075 fecit

537 3100 670 3154 Deus
700 3105 963 3166 tenebras,
986 3113 1035 3156 et
1067 3105 1271 3156 vocavit
1294 3107 1533 3159 tenebras
1565 3121 1792 3173 noetem,
1819 3121 1870 3163 ct
1895 3110 2069 3164 divisit

2170 1950 2335 2018 giinus
2376 1966 2494 2006 esse
2526 1967 2881 2010 consecratos.
2911 1959 3234 2026 Theophilus
3263 1964 3395 2018 dixit
3423 1984 3436 2018 :
3463 1969 3594 2023 Ecce
3615 1971 3695 2025 im-

2171 2041 2310 2106 pium
2361 2057 2466 2094 non
2515 2052 2594 2095 est
2639 2053 2692 2096 ut
2725 2048 2898 2111 passio
2945 2047 3237 2116 Dominica,
3293 2060 3490 2107 tantmn
3532 2072 3694 2112 sacra-

2170 2121 2328 2181 menti
2359 2129 2688 2197 mysterium,
2717 2145 2863 2186 extra
2897 2137 3115 2191 limitem
3149 2143 3491 2196 excludatur?
3517 2146 3694 2202 Passus

2173 2235 2396 2287 namque
2414 2221 2661 2276 Dominus
2676 2225 2742 2277 ab
2764 2227 3038 2281 undecimo
3063 2230 3407 2288 Kalendarum
3430 2237 3691 2303 Aprilium,

2171 2323 2268 2374 qua
2301 2319 2452 2364 nocte
2479 2326 2506 2363 a
2535 2312 2725 2366 Juda'is
2756 2317 2972 2386 traditus
2998 2328 3099 2381 est,
3124 2332 3178 2373 et
3205 2336 3233 2372 ει
3275 2325 3496 2390 septimo
3519 2328 3692 2382 Kalen-

2171 2395 2351 2449 darum
2403 2402 2708 2464 resurrexit,
2755 2406 3014 2470 quomodo
3067 2422 3194 2476 ergo
3247 2420 3351 2463 tres
3394 2413 3506 2466 dies
3554 2429 3690 2469 extra

2173 2484 2451 2537 torminum
2496 2489 2880 2543 excluduntur?
2917 2495 3109 2548 Omnes
3155 2499 3386 2567 episcopi
3421 2501 3688 2559 dixerunt:

2171 2571 2319 2623 Nulla
2363 2575 2561 2629 ratione
2608 2577 2714 2631 ﬁeri
2750 2580 2927 2642 debet,
2971 2593 3024 2634 ut
3072 2596 3271 2638 tantum
3322 2603 3688 2646 sacramentum

2171 2666 2315 2711 extra
2348 2660 2563 2715 limitem
2597 2665 2927 2732 excludatur,
2963 2671 3055 2723 sed
3089 2673 3141 2724 hi
3168 2684 3272 2727 tres
3299 2675 3410 2730 dies
3438 2679 3564 2732 itttra
3594 2693 3688 2735 ter-

2173 2750 2370 2804 minum
2403 2754 2733 2821 inducantur,
2765 2769 2818 2813 et
2854 2761 2919 2814 de
2946 2763 3128 2816 subter
3156 2767 3424 2819 retrahere
3456 2775 3689 2826 constitit.

2171 2851 2276 2894 tum
2305 2851 2404 2896 est.
2434 2843 2570 2912 Ergo
2611 2847 2660 2900 in
2693 2848 2778 2902 illa
2825 2853 3022 2918 synodo
3051 2854 3115 2906 ab
3147 2856 3429 2910 undecimo
3457 2858 3688 2916 Kalenda-

2168 2943 2283 2981 rum
2317 2931 2570 2996 Aprilium
2599 2949 2761 3001 usque
2792 2940 2842 2992 in
2868 2942 3143 2995 undecimo
3168 2943 3514 3001 Kalendarum
3540 2952 3687 3003 Maia-

2169 3035 2306 3083 rum,
2338 3021 2536 3074 Pascha
2568 3022 2761 3075 debent
2793 3039 3022 3086 servare,
3055 3038 3106 3080 ct
3132 3045 3228 3084 nec
3257 3045 3378 3086 ante
3411 3051 3504 3088 nec
3526 3050 3686 3104 postea

2167 3109 2461 3177 cuicunque
2517 3111 2857 3164 c0n5titutum
2907 3113 3126 3167 limitem
3184 3124 3478 3188 transgredi
3530 3125 3684 3180 liccat.

1781 3167 1790 3173 1
2374 3167 2390 3177 _
3190 3167 3195 3168 ,
3235 3167 3478 3188 ηψπ--.
3530 3167 3684 3180 ..η-η

451 3212 462 3227 ι
536 3192 668 3244 inter
699 3192 867 3258 lucem
909 3202 961 3245 et
1003 3194 1244 3246 tenebras
1293 3209 1469 3261 mquas
1512 3205 1706 3262 partes.
1743 3197 2067 3266 Theophilus
2094 3167 2138 3226 Ο
2169 3199 2422 3253 Similiter
2461 3202 2606 3254 etde
2647 3202 2766 3254 luna
2809 3215 3120 3272 praeceptum
3167 3208 3403 3262 divinum
3451 3223 3684 3268 teneatur.

536 3280 667 3333 dixit
698 3297 708 3331 :
737 3281 870 3334 Ecce
909 3282 972 3334 de
1016 3281 1101 3334 die
1136 3284 1215 3336 vel
1259 3293 1490 3352 tempore
1521 3286 1798 3354 probastis,
1845 3289 1909 3342 de
1951 3291 2068 3343 luna

535 3371 655 3437 quid
686 3371 832 3424 vobis
861 3372 1104 3424 videtur?
1150 3371 1335 3427 .Utrum
1376 3386 1699 3430 crescentem
1745 3393 1806 3432 ac
1829 3378 1936 3447 jam
1961 3381 2068 3448 ple—

536 3475 689 3526 nam,
742 3475 808 3514 an
865 3462 1187 3515 imminutam
1241 3480 1270 3517 a
1323 3465 1428 3519 Deo
1478 3465 1635 3520 fuisse
1685 3480 2063 3524 consecratam.

535 3546 779 3614 Episc0pi
839 3551 1222 3617 responderunt
1258 3570 1269 3604 :
1307 3553 1538 3605 Plenam.
1586 3555 1652 3609 Et
1699 3557 2070 3612 illezProbate

535 3637 669 3703 quod
703 3635 895 3688 dicitis.
943 3637 1380 3702 lleSpouderunt:
1410 3639 1471 3691 Et
1502 3640 1622 3693 fecit
1652 3641 1754 3694 duo
1797 3644 2068 3699 luminaria

536 3739 742 3792 magna,
771 3734 824 3778 et
856 3726 1026 3793 posuit
1056 3741 1117 3779 ea
1167 3727 1215 3779 in
1259 3729 1584 3784 ﬁrmamento
1611 3733 1728 3786 coeli
1764 3742 1819 3786 ut
1866 3735 2071 3788 luceant

537 3828 693 3881 super
754 3824 964 3867 terram.
1023 3813 1300 3870 Luminarc
1354 3819 1521 3885 majus
1583 3820 1633 3873 in
1688 3821 2068 3877 inchoationem

538 3902 659 3964 dici,
700 3900 954 3952 luminare
1007 3901 1174 3954 minus
1216 3903 1266 3954 in
1316 3904 1697 3960 inchoationem
1736 3908 1921 3974 noctis,
1968 3927 2069 3966 non

542 3999 745 4056 poterat
776 3976 927 4042 aliter
957 3989 1056 4042 nisi
1083 4002 1219 4043 esset
1252 3993 1424 4059 plena.
1445 3994 1600 4072 .Nunc
1630 4011 1752 4064 ergo
1795 3999 2070 4066 investiga-

541 4079 707 4131 vitnus
749 4079 1010 4146 quomodo
1041 4080 1089 4131 in
1123 4082 1375 4150 principio
1415 4083 1582 4138 lactus
1625 4086 1778 4139 fuerit
1822 4089 2066 4153 mundus,

541 4168 591 4218 id
621 4177 720 4230 cst,
741 4168 826 4220 die
857 4169 1146 4222 Dominico.
1181 4171 1353 4225 Vcrno
1378 4182 1607 4240 tempore
1641 4177 1690 4228 iu
1731 4177 2066 4246 acquinoctio,

541 4254 679 4322 quod
722 4267 800 4308 est
842 4265 1023 4308 octavo
1054 4256 1400 4310 Kalendarum
1450 4263 1724 4329 Aprilium,
1760 4266 1878 4318 luna
1921 4267 2069 4334 plena

541 4357 631 4409 per
660 4343 826 4408 ipsum
859 4342 1214 4416 tantummodo
1263 4357 1463 4414 tempus
1509 4361 1558 4403 et
1601 4353 1859 4407 elementa
1899 4370 2070 4407 resur-

541 4442 684 4498 gunt.
716 4430 1034 4498 Theophilus
1065 4434 1193 4486 dixit
1219 4452 1230 4486 :
1254 4435 1399 4489 Nunc
1440 4438 1591 4505 igitur
1614 4443 1870 4507 agendum
1898 4455 1977 4496 est
2006 4445 2068 4496 de

540 4521 899 4586 ordinatione,
961 4523 1223 4586 quomodo
1272 4525 1554 4581 debeamus
1620 4531 1810 4596 pascha
1867 4542 2064 4587 tenere.

543 4609 780 4675 Episcopi
817 4609 1099 4662 dixerunt:
1126 4609 1364 4675 Nunquid
1411 4622 1580 4678 potest
1626 4617 1736 4670 dies
1770 4618 2068 4672 Dominicus

541 4698 814 4761 prmteriri,
862 4708 915 4751 ut
955 4700 1003 4750 in
1035 4715 1096 4752 eo
1127 4699 1322 4752 Pascha
1373 4703 1584 4756 minime
1622 4707 1940 4771 celebretur,
1981 4710 2066 4776 qui

547 4794 622 4837 tot
689 4794 741 4838 ct
794 4786 979 4838 talibus
1053 4787 1499 4841 benedictionibus
1552 4793 2068 4867 sanctilicatuseSt?

545 4875 858 4942 Theophilus
885 4875 1015 4927 dixit
1040 4892 1052 4926 ε
1080 4876 1241 4928 Dicite
1269 4891 1392 4944 ergo
1421 4877 1611 4945 quibus
1632 4888 1684 4933 et
1713 4883 1952 4948 qualibus
1982 4883 2068 4936 bc-

546 4963 925 5017 ncdictionibus
968 4980 1086 5016 eum
1132 4979 1250 5017 esse
1285 4967 1664 5022 sanctiﬁcatum
1713 4971 1970 5034 asseritis,
2019 4981 2071 5023 ut

545 5053 773 5106 scribere
819 5055 1094 5120 possimus.
1150 5055 1388 5120 Episcopi
1440 5057 1725 5111 dixerunt;
1771 5059 1944 5113 Prima
1996 5061 2068 5112 illi

546 5143 840 5196 benediitio
885 5152 983 5205 est,
1013 5144 1131 5210 quia
1166 5145 1215 5194 in
1261 5145 1372 5210 ipso
1402 5146 1630 5197 tenebra:
1677 5157 1801 5201 sunt
1837 5156 2067 5205 remota'.

543 5244 594 5284 et
633 5234 712 5285 lux
745 5233 1004 5297 apparuit.
1030 5233 1265 5283 Secunda
1299 5244 1379 5286 est
1399 5233 1470 5286 illi
1501 5234 1818 5298 benedictio,
1845 5237 1979 5304 quod
2005 5237 2070 5289 de

544 5335 678 5376 terra
711 5321 919 5389 Aigypti
947 5320 1082 5373 velut
1106 5321 1170 5372 de
1200 5325 1426 5376 tenebris
1452 5333 1783 5391 peccatorum
1810 5329 1954 5394 quasi
1978 5343 2069 5395 per

546 5411 734 5464 [ornem
769 5412 1002 5478 baptismi
1051 5425 1140 5476 per
1185 5423 1326 5464 mare
1367 5412 1596 5468 Rubrum
1640 5417 1860 5482 populus
1890 5417 2069 5472 fuisset

545 5502 808 5553 liberatus.
839 5501 1014 5552 Tertia
1057 5501 1128 5552 illi
1173 5500 1468 5552 benedictio
1499 5511 1598 5567 est,
1642 5505 1763 5570 quia
1797 5507 1845 5558 in
1884 5506 2066 5559 eodem

543 5591 625 5640 die
687 5589 910 5640 cwlestis
974 5589 1123 5642 cibus
1176 5606 1364 5644 manna
1421 5593 1716 5646 horninibus
1765 5599 1913 5650 datus
1967 5607 2062 5648 est.

543 5683 729 5740 Quarta
777 5676 859 5726 illa
906 5676 1194 5732 benedictio
1225 5690 1322 5742 εει,
1367 5696 1468 5746 qua
1520 5681 1723 5750 Moyses
1760 5687 1968 5740 mandat
1999 5687 2061 5738 ad

2169 3282 2460 3341 Mandatum
2499 3300 2578 3343 est
2610 3306 2698 3356 per
2725 3291 2938 3359 Moysen
2968 3309 2978 3343 :
3010 3279 3088 3346 Sit
3117 3295 3266 3348 vobis
3316 3300 3685 3356 observatum:

2167 3376 2367 3429 decima
2389 3388 2569 3444 quarta
2603 3380 2719 3430 luna
2769 3396 2929 3446 usque
2958 3395 3065 3436 xxi.
3107 3383 3209 3436 Has
3238 3401 3365 3452 ergo
3394 3402 3589 3457 septem
3618 3395 3685 3446 lu-

2169 3482 2263 3520 nas
2291 3465 2529 3522 similiter
2559 3471 2608 3520 in
2643 3469 2836 3522 Pascha
2867 3472 3094 3526 tenendo
3137 3486 3343 3527 constat
3369 3477 3547 3541 fuisse,
3578 3495 3686 3532 con-

2167 3566 2366 3608 secrata
2392 3566 2532 3610 sunt.
2566 3559 2783 3623 Quando
2812 3574 2936 3628 ergo
2968 3561 3024 3613 lit
3058 3561 3192 3615 intra
3219 3580 3370 3617 suum
3398 3569 3610 3621 limitem
3633 3573 3686 3621 ab

2169 3644 2443 3694 undecimo
2495 3644 2838 3697 Kalendarum
2895 3648 3136 3714 apriliqu
3210 3666 3374 3718 usque
3440 3657 3490 3708 iu
3545 3661 3686 3710 unde-

2168 3731 2302 3784 cimo
2358 3731 2705 3786 Kalendarqu
2759 3734 3034 3801 Maiarum,
3100 3737 3212 3791 dies
3272 3740 3591 3807 dominicus,
3642 3757 3684 3799 ct

2170 3819 2286 3871 luna
2315 3835 2376 3872 ex
2411 3820 2508 3873 illis
2535 3833 2714 3874 octava
2745 3824 3085 3887 sanctiﬁcata,
3118 3825 3311 3879 Pascha
3358 3832 3509 3883 nobis
3535 3837 3683 3886 visum

2169 3922 2248 3964 est
2301 3914 2588 3967 celebrare.
2641 3900 2822 3967 Omnis
2882 3917 3137 3980 paschalis
3183 3917 3302 3970 luna
3357 3923 3686 3992 cujuscunque

2170 4002 2338 4052 aetatis
2368 4011 2466 4061 est,
2513 4003 2556 4053 si
2587 4002 2817 4056 detrahis
2865 4004 2928 4055 ab
2982 4020 3038 4056 ca
3067 4014 3288 4072 septem,
3339 4011 3425 4060 lict
3457 4011 3542 4062 tibi
3575 4026 3686 4065 ass

2176 4088 2332 4150 Iunce,
2362 4103 2479 4155 qua:
2505 4092 2561 4141 lit
2591 4091 2641 4142 in
2673 4090 2817 4143 initio
2848 4091 3277 4159 quadragesintze.
3315 4095 3466 4149 Verbi
3495 4100 3646 4165 gratia
3673 4116 3683 4149 :

2171 4177 2226 4228 Si
2249 4175 2446 4230 decima
2475 4176 2650 4243 quinta
2680 4179 2797 4230 luna
2826 4189 2906 4231 est
2938 4181 3214 4244 paSt-halis,
3246 4184 3370 4235 tolle
3397 4186 3460 4237 de
3487 4187 3684 4252 quinde-

2171 4265 2270 4315 cim
2321 4264 2615 4328 duodecim,
2669 4274 2720 4316 et
2772 4275 3041 4319 remanent
3089 4278 3294 4322 ecntum
3339 4281 3392 4323 ct
3445 4275 3683 4326 undecim.

2174 4348 2348 4402 Tertia
2377 4361 2455 4403 est
2481 4351 2600 4403 luna
2629 4352 2677 4404 in
2708 4353 2853 4406 initio
2882 4356 3311 4423 quadragesima',
3341 4374 3404 4411 eo
3438 4374 3568 4415 anno
3594 4378 3686 4430 quo

2173 4439 2372 4491 decima
2397 4441 2574 4505 quinta
2606 4441 2722 4492 luna
2752 4451 2831 4493 cst
2859 4443 2941 4494 die
2971 4443 3238 4496 Dotninico
3268 4448 3498 4509 l'asclm,
3529 4460 3575 4502 ct
3595 4466 3685 4502 ατο

2171 4543 2280 4584 tera
2333 4533 2589 4584 similiter;
2624 4533 2879 4586 Mcmcuto
2926 4537 3080 4611 quod
3109 4554 3246 4591 anno
3292 4544 3536 4597 biSscxtili
3562 4546 3684 4597 luna

2151 4598 2439 4674 Februarii
2472 4623 2663 4674 mensis
2686 4624 2889 4690 triginta
2918 4625 3048 4689 dies,
3076 4637 3127 4680 ct
3163 4640 3334 4684 tamen
3382 4633 3494 4685 luna
3528 4634 3682 4687 Martii

2170 4711 2364 4760 mensis
2397 4710 2602 4776 trig'nta
2633 4709 2742 4764 dics
2782 4713 2985 4774 habeat,
3015 4718 3150 4767 sicut
3188 4731 3395 4784 semper
3425 4719 3592 4794 habet,
3624 4735 3683 4774 ue

2171 4799 2421 4865 paschalis
2459 4803 2592 4854 luna:
2622 4804 2751 4855 ratio
2782 4805 3002 4857 vacillet.

2737 4894 3054 4947 EPISTULA
3090 4896 3147 4958 Υ,

2775 5001 2836 5036 Al)
2864 5000 3029 5038 ACCAM
3039 5025 3050 5038 .

2637 5071 2706 5122 De
2733 5074 2974 5140 primipio
3001 5073 3227 5137 Ernest}.

2240 5159 2583 5212 Dilectissimo
2625 5175 2684 5214 ac
2713 5161 3166 5217 llevereudissimo
3197 5167 3368 5222 abbati
3392 5172 3552 5230 Acca.
3582 5171 3667 5222 hl-

2170 5247 2408 5299 millimus
2437 5248 2742 5300 famulorum
2768 5249 2957 5302 Christi
2989 5252 3146 5315 Beda,
3173 5256 3394 5309 salutem
3421 5261 3434 5309 !

2239 5336 2308 5387 De
2332 5336 2581 5402 principio
2610 5337 2722 5388 libri
2746 5338 2960 5391 Genesis
2988 5356 3037 5392 m
3059 5356 3162 5407 quo
3184 5344 3359 5394 mundi
3387 5343 3532 5411 hujus
3551 5359 3680 5398 crea-

2171 5424 2239 5476 tio
2267 5423 2524 5490 descripta
2555 5434 2650 5490 est,
2684 5427 2829 5478 multi
2861 5429 3019 5480 multa
3051 5428 3252 5494 dixere,
3287 5432 3446 5484 multa
3477 5433 3673 5500 poszeris

2169 5513 2358 5580 ingenii
2409 5516 2488 5566 sui
2553 5509 2870 5568 monimenta
2933 5517 3219 5584 reliquere,
3273 5522 3365 5574 scd
3417 5522 3670 5590 pra'cipue,

2169 5611 2410 5663 quantum
2441 5615 2612 5656 nostra
2664 5605 2916 5670 pusillitas
2944 5605 3177 5660 ediscere
3228 5616 3425 5675 potuit.
3479 5611 3670 5665 Basilus

2169 5689 2518 5755 Cmsaricusis,
2574 5710 2722 5760 quem
2772 5697 3068 5751 Eustathius
3115 5701 3372 5767 interpres
3409 5704 3470 5755 ιιιε
3511 5704 3667 5755 (ἶνα-ω

3539 6163 3546 6170 η

3353 6203 3388 6230 ο,
3467 6221 3470 6224 ,

3299 6261 3322 6270 ο.
