3862 6394
165 625 270 682 685

1346 632 1531 687 SECT.
1576 629 1655 681 IV.
1700 652 1765 665 —
1806 619 2167 677 Εριδτοιπις.

3232 616 3331 667 ttat;

169 737 292 792 fecit
323 755 443 794 esse
481 741 736 803 l.atinum,
783 742 1085 798 Ambrosius
1134 744 1553 808 Mediolanensis,
1606 742 1706 794 Au-
1741 742 1781 794 A
1814 736 1996 796 missa,
2044 736 2191 801 quasi
2238 736 2427 801 ajustn
2452 738 2646 804 judice,
2690 750 2738 791 et
2790 742 2876 807 pio
2923 750 3065 807 patre
3116 742 3342 808 irrogata

165 832 408 896 gustinus
439 832 784 899 llippnnensis
808 838 1105 899 cp?scopus,
1151 850 1366 901 quorum
1415 836 1607 901 primus
1640 834 1711 884 li-

168 918 277 971 bris
309 933 519 980 novem,
554 902 837 984 secundus,
888 920 1100 989 vestigia
1133 921 1247 988 ejus
1289 936 1530 987 sequens,
1564 919 1710 973 libris

165 1021 282 1074 sex,
332 1009 515 1061 tertius
546 1009 691 1062 libris
721 1024 789 1061 xu
814 1019 864 1061 et
894 1024 1099 1063 rursum
1140 1012 1256 1063 aliis
1283 1010 1483 1062 duobus
1513 1010 1711 1074 specia-

167 1098 287 1149 liter
314 1097 591 1151 adversum
634 1098 950 1152 Manichzeos
977 1099 1277 1168 descriptis,
1308 1099 1506 1166 prolixa
1539 1100 1712 1166 legen-

166 1182 305 1235 tibus
336 1184 591 1237 doctrinas
617 1186 858 1238 salutaris
886 1185 1076 1239 fluenta
1111 1196 1406 1248 manarunt,
1448 1187 1711 1252 completo

166 1272 215 1323 in
240 1271 322 1324 eis
348 1273 607 1339 promisso
620 1272 865 1327 Veritatis
884 1289 986 1341 quo
1012 1275 1233 1328 dicebat:
1253 1275 1350 1340 Qui
1371 1276 1525 1328 credit
1541 1276 1591 1325 in
1613 1289 1707 1335 me,

162 1360 290 1412 sicut
315 1362 387 1413 ait
416 1362 699 1429 Scriptura,
731 1364 941 1429 ﬂumina
967 1364 1029 1417 de
1054 1374 1217 1417 ventre
1256 1368 1364 1435 ejus
1392 1368 1545 1433 ﬂuent
1572 1379 1711 1431 aqua:

162 1451 305 1502 ciete.
347 1451 387 1503 E
413 1453 601 1519 quibus
629 1454 949 1521 Augustinus
975 1456 1132 1508 etiam
1165 1456 1216 1508 in
1250 1456 1393 1510 libris
1419 1456 1708 1509 Canl‘essio-

162 1555 289 1591 num
316 1554 551 1608 suarum,
597 1542 647 1595 in
688 1543 834 1596 libris
872 1558 1078 1611 quoque
1105 1560 1240 1610 quos
1264 1555 1443 1597 contra
1469 1545 1711 1596 adversa-

161 1630 299 1682 rium
334 1630 461 1697 legis
492 1640 543 1684 et
588 1633 955 1699 prophetarum
984 1636 1173 1687 eximie
1195 1634 1510 1700 composuit,
1540 1632 1630 1685 sed
1658 1641 1713 1685 et

162 1719 213 1771 in
241 1720 366 1771 aliis
413 1722 631 1786 sparsim
664 1721 929 1787 opusculis
965 1723 1076 1775 suis
1124 1720 1425 1773 nonnullam
1471 1720 1708 1787 ejusdem

163 1806 517 1875 primordialis
548 1818 800 1860 creatura:
849 1810 1152 1861 memoriam
1172 1847 1188 1871 ,
1239 1823 1357 1862 cum
1388 1808 1713 1873 expositione

160 1910 396 1964 congrua
444 1896 585 1955 fecit.
639 1896 827 1949 Verum
856 1899 977 1965 quia
1033 1898 1142 1951 haec
1173 1906 1277 1949 tam
1324 1898 1557 1964 c0piosa,
1608 1904 1710 1948 tam

160 1996 284 2038 sunt
311 1986 419 2038 alta
449 1994 503 2038 ut
532 1987 636 2047 vix,
668 1986 766 2039 nisi
796 2002 822 2037 a
856 1985 1306 2053 locupletioribus,
1339 1994 1415 2038 tot
1447 1984 1709 2038 volumina

1812 824 2012 892 flagella
2045 824 2343 885 toleremus,
2392 826 2499 878 sive
2527 828 2588 877 ad
2634 828 2877 879 virtutum
2924 829 3165 893 gloriam,
3214 844 3341 896 aug-

1812 921 2146 978 mentumque
2178 911 2479 965 meritorum
2499 955 2512 975 ,
2556 914 2597 965 si
2635 915 2757 979 justi
2789 926 2842 968 et
2874 917 3183 970 innocentes
3214 917 3341 970 feri-

1811 1013 1948 1063 mur,
1977 1011 2069 1052 seu
2098 1000 2161 1051 ad
2189 1003 2566 1055 correctionem
2602 1016 2819 1067 momm,
2860 1008 2901 1057 si
2936 1006 3074 1057 vitiis
3102 1008 3339 1074 implica-

1812 1103 1945 1143 mur.
1993 1088 2414 1142 Consolationem
2448 1104 2569 1144 vero
2614 1092 3021 1159 Scripturarum,
3071 1106 3126 1146 ut
3157 1097 3340 1150 haram

1809 1179 1990 1231 crebra
2023 1180 2363 1233 meditatione
2390 1182 2451 1233 ad
2483 1184 2788 1235 memoriam
2820 1198 3143 1257 revocemqs,
3179 1201 3344 1253 quan-

1810 1275 1917 1318 tum
1948 1266 2017 1319 illi
2050 1268 2239 1320 sumini
2282 1267 2484 1333 Patres,
2516 1279 2567 1322 et
2595 1271 2841 1337 princlara
2874 1271 3117 1327 Ecclesia:
3149 1275 3344 1328 lumina

1811 1356 2101 1414 tenebrosae
2127 1362 2428 1416 alﬂictionis
2454 1376 2593 1431 sirpe
2634 1364 2684 1415 in
2714 1364 2814 1417 vita
2848 1367 3088 1432 prmsenti
3121 1368 3347 1432 pertule-

1810 1450 1934 1513 rint,
1965 1459 2216 1516 quantum
2249 1451 2297 1503 in
2330 1449 2500 1504 futura
2535 1450 2641 1505 vita
2672 1453 2848 1520 gloriae
2882 1468 2999 1506 cum
3028 1454 3203 1507 divino
3230 1469 3345 1508 me-

1810 1540 1908 1592 rito
1937 1538 2145 1607 pictatis
2173 1549 2226 1593 et
2258 1542 2520 1608 patientia
2542 1544 2887 1609 perceperint,
2919 1554 3163 1611 quantum
3190 1546 3345 1598 etiam

1808 1627 1859 1679 in
1888 1627 1984 1681 hac
2014 1628 2119 1680 vita
2146 1627 2285 1693 apud
2317 1628 2494 1683 fideles
2523 1645 2704 1683 omnes
2730 1631 3057 1684 indefectiva:
3082 1633 3248 1687 laudis
3292 1643 3349 1702 et.

1809 1718 2063 1772 claritatis
2108 1720 2432 1787 reliquerint,
2480 1719 2687 1773 dicente
2737 1723 3044 1787 Scriptura:
3100 1722 3349 1777 Memoria

1802 1808 1929 1873 justi
1973 1822 2085 1858 cum
2133 1790 2362 1865 laudibus
2409 1806 2585 1874 (Prov.
2626 1810 2699 1876 ι).
2742 1808 2806 1861 Et
2848 1811 3035 1863 iterum
3061 1810 3347 1879 :.Corpora

1808 1908 2093 1950 sanctarum
2136 1900 2185 1950 in
2210 1914 2333 1965 pace
2359 1898 2713 1965 sepultasunt,
2755 1910 2799 1952 et
2829 1902 3031 1953 nomine
3075 1917 3243 1954 eorum
3271 1906 3345 1955 ri-

1809 1998 1919 2040 vent
1943 1988 1995 2041 in
2031 1989 2367 2057 generationes
2394 1999 2437 2041 et
2467 1995 2804 2059 generationes
2837 1990 3020 2059 (Ereti.
3067 1999 3225 2060 κων).
3283 1995 3347 2047 Et

161 2074 390 2140 acquiri,
437 2070 518 2126 vix
552 2084 654 2126 tam
697 2074 949 2141 profunda
972 2074 1071 2127 nisi
1100 2074 1164 2127 ab
1205 2072 1573 2127 eruditioribus
1616 2087 1705 2125 vae
1744 2055 1787 2112 Β
1812 2055 2076 2144 apostolus
2097 2077 2321 2132 Iacobus
2348 2096 2361 2131 :
2390 2055 2518 2131 Ecce
2547 2055 2902 2146 beatiﬁcamus,
2948 2081 3131 2149 inquit,
3156 2055 3238 2136 eas
3261 2086 3347 2151 qui

162 2164 301 2215 Ieant
335 2164 672 2229 perscrutari,
725 2162 915 2230 placuit
949 2174 1139 2217 vestra:
1159 2163 1419 2216 sanctitati
1477 2162 1525 2215 id
1564 2162 1711 2214 nobis

161 2252 321 2305 officii
350 2252 643 2321 injungere,
694 2263 748 2305 ut
774 2253 841 2307 de
868 2254 1109 2307 omnibus
1153 2254 1232 2305 his
1260 2254 1399 2306 velut
1446 2253 1514 2307 de
1544 2266 1709 2306 amre-

161 2342 397 2395 nissitnis
425 2343 528 2396 late
555 2342 790 2395 florentis
820 2342 1050 2409 paradisi
1078 2343 1296 2409 campis,
1329 2356 1446 2410 qua:
1474 2341 1709 2395 inﬁrmo-

162 2448 274 2484 rum
309 2431 610 2485 viderentur
641 2433 945 2485 necessitati
995 2432 1239 2486 sufﬁcere
1286 2434 1705 2498 decerperemus.

163 2518 266 2571 Nec
296 2519 511 2588 segnior
541 2520 591 2572 in
614 2520 981 2586 exsequendo,
1025 2534 1138 2586 quae
1165 2520 1349 2587 jubere
1390 2535 1446 2573 es
1471 2521 1711 2588 dignatus

162 2608 361 2670 exstiti,
415 2608 538 2676 quin
566 2608 738 2675 potius
766 2610 940 2661 statim
992 2610 1273 2677 perspectis
1323 2609 1533 2678 Patrum
1564 2610 1711 2662 volu-

162 2696 413 2758 minibus,
460 2698 641 2764 collegi
692 2713 753 2751 ex
787 2700 885 2759 his,
930 2712 991 2751 ac
1027 2699 1230 2751 duobus
1270 2700 1319 2751 in
1369 2700 1556 2752 libellis
1601 2699 1708 2750 dis-

163 2787 321 2849 tinxi,
356 2800 471 2853 quae
498 2784 678 2837 rudetn
700 2786 873 2859 adhuc
902 2796 1115 2850 possent
1144 2785 1401 2838 instruere
1432 2786 1705 2850 lectorem,

163 2876 349 2942 quibus
399 2875 632 2930 eruditus
677 2876 739 2928 ad
787 2876 1026 2930 altiorem
1064 2877 1292 2930 disceret
1339 2877 1708 2945 fortioremque

164 2971 424 3038 majorum
452 2969 737 3023 ascendere
764 2969 1062 3023 lectionem.
1097 2970 1149 3021 In
1176 2984 1279 3037 quo
1308 2984 1466 3037 apere
1495 2954 1706 3023 sensum

163 3077 257 3130 per
285 3064 461 3116 omnia
490 3071 916 3135 memoratorum,
952 3062 1279 3129 aliorumque
1309 3076 1453 3128 arque
1482 3060 1707 3114 catholi-

165 3167 347 3206 eorum
380 3152 616 3214 Patrum,
669 3166 804 3205 nunc
832 3153 956 3219 ipsis
985 3161 1191 3217 eorum,
1248 3166 1404 3213 nunc,
1439 3151 1706 3225 breviandi

165 3262 343 3311 causa,
378 3245 505 3299 meis
528 3244 882 3307 sermonibus,
913 3257 1050 3297 nunc
1076 3243 1246 3296 tacitis
1274 3256 1457 3295 eorum
1489 3241 1704 3295 vocabu-

165 3337 247 3399 lis,
284 3349 424 3389 nunc
453 3334 878 3388 commemoratis
907 3343 1059 3399 prout
1082 3333 1441 3399 opportunitas
1468 3330 1701 3385 locorum

166 3426 417 3491 dictabat,
452 3426 647 3493 ponere
676 3424 971 3477 studebam.
1025 3423 1357 3490 Produxique
1387 3438 1517 3486 opus
1543 3437 1707 3489 usque

165 3518 285 3569 dum
315 3517 513 3584 ejectns
543 3515 708 3568 Adam
736 3514 801 3566 de
834 3511 1076 3580 paradiso
1103 3512 1411 3577 voluptatis,
1464 3512 1704 3564 exsilium

167 3608 283 3661 vitae
314 3605 620 3673 temporalis
664 3604 873 3657 intravit
898 3621 909 3654 :
955 3603 1132 3668 aliqua
1160 3601 1317 3654 etiam
1346 3600 1411 3652 de
1440 3604 1705 3665 sequenti-

168 3699 262 3749 bus
290 3708 455 3749 sacrae
488 3693 738 3757 historiae,
766 3692 809 3745 si
840 3692 974 3746 Deus
1006 3692 1249 3757 voluerit,
1293 3690 1489 3742 auxilio
1519 3698 1705 3742 vestra:

168 3786 560 3840 intercessionis
606 3782 891 3838 comitante
935 3782 1247 3849 scripturus,
1298 3780 1420 3833 dum
1451 3780 1615 3847 primo
1642 3778 1705 3831 li-

169 3878 314 3929 hrum
360 3875 527 3929 sancti
559 3875 751 3930 Esdra
785 3874 1053 3942 prophetat
1083 3888 1144 3926 ac
1176 3873 1484 3936 sacerdotis,
1530 3872 1579 3925 in
1608 3883 1709 3937 quo

170 3964 357 4019 Christi
402 3974 456 4019 et
500 3964 749 4019 Ecclesiae
795 3974 1119 4017 sacramenta
1168 3965 1264 4015 sub
1313 3964 1475 4030 figura
1527 3962 1710 4013 solutae

172 4058 336 4124 longze
386 4053 739 4121 captivitatis,
796 4055 1072 4106 restaurati
1124 4052 1333 4118 templi,
1385 4048 1710 4104 reatdiﬁcata:

172 4156 362 4200 sancta:
390 4143 635 4207 civitatis,
686 4144 1019 4197 reducturum
1060 4144 1111 4196 in
1157 4141 1534 4209 Jerosolymam
1563 4153 1711 4193 vaso-

172 4251 282 4288 rum
312 4249 429 4304 qua:
458 4233 706 4293 abducta,
758 4235 1027 4299 rescripta:
1058 4232 1186 4301 legis
1231 4232 1319 4284 Dei
1349 4244 1467 4298 qua:
1501 4231 1709 4283 incensa

174 4325 358 4386 fuerat,
404 4322 641 4390 castigati
674 4320 739 4373 ab
789 4322 1040 4373 uxoribus
1068 4322 1251 4373 alienis
1302 4320 1478 4388 populi
1513 4328 1563 4371 et
1609 4330 1712 4369 uno

176 4414 328 4469 corde
357 4422 513 4481 atque
536 4413 705 4467 anima
738 4413 787 4464 in
808 4412 894 4464 Dei
921 4411 1193 4465 servitium
1220 4412 1566 4475 conversi,’ut
1591 4424 1710 4476 pro-

176 4506 325 4571 pheta
353 4504 507 4557 simul
536 4511 590 4557 et
618 4502 896 4555 historicus
925 4500 1260 4565 conscripsit,
1290 4514 1568 4566 parumper
1597 4514 1725 4565 per-

177 4606 435 4653 scrutatus
460 4597 626 4659 fuero,
674 4603 725 4648 et
752 4594 917 4661 aliqua
952 4606 1013 4645 es
1055 4590 1133 4642 his
1158 4605 1273 4658 qua:
1305 4590 1705 4643 commemoravi

1810 2163 2171 2216 sustinuerunt.
2207 2163 2561 2230 Sit/ferentium
2593 2165 2690 2217 Job
2714 2167 2813 2218 aud
2838 2170 2947 2233 stis,
2989 2177 3037 2220 et
3059 2170 3207 2235 linem
3239 2170 3347 2223 Ba-

1811 2253 1932 2304 mini
1960 2252 2152 2305 vidistis
2186 2252 2320 2315 (Jac.
2351 2253 2425 2321 v).
2457 2253 2567 2305 Non
2600 2263 2768 2307 autem
2809 2255 2999 2309 frustra
3026 2272 3346 2313 commemo-

1814 2339 1942 2392 ratis
1980 2340 2241 2406 justorum
2292 2344 2551 2408 pressaris
2580 2343 2817 2396 addidit:
2870 2344 2934 2396 Et
2975 2346 3123 2413 ﬁnem
3150 2347 3348 2404 Domini

1810 2432 2019 2493 vidistis,
2054 2432 2171 2498 quia
2204 2447 2369 2500 neque
2398 2432 2485 2486 ille
2526 2433 2645 2486 hinc
2689 2434 2803 2487 sine
2833 2434 3034 2503 ﬂagello
3059 2438 3205 2504 exiit,
3256 2439 3365 2507 qui

1812 2521 1894 2573 hic
1920 2522 2034 2573 sine
2061 2522 2188 2574 vitio
2219 2520 2380 2585 vixit;
2430 2524 2622 2588 quique
2666 2522 2730 2575 ad
2776 2524 3037 2576 sanandos
3084 2525 3343 2589 infirmos,

1813 2620 2148 2673 mortuusque
2172 2611 2502 2663 suscitandas
2528 2612 2768 2678 apparuit
2791 2613 2841 2664 in
2869 2618 3081 2676 mundo,
3115 2615 3249 2681 ipse,
3280 2618 3344 2667 ad

1811 2699 2316 2762 przemonstrandum
2371 2698 2518 2751 nobis
2562 2699 2862 2765 exetnplum
2910 2702 3203 2767 patientins,
3254 2719 3347 2771 rer

1810 2787 2162 2840 inﬁrmitatem
2214 2790 2399 2839 mort's
2431 2772 2593 2839 voluit
2636 2788 2808 2841 redire
2835 2788 2902 2841 de
2932 2790 3147 2843 mundo.
3199 2791 3347 2847 Unde

1810 2874 2081 2927 Psalutista
2111 2889 2228 2926 cum
2258 2874 2511 2927 dixisset:
2555 2873 2690 2927 Deus
2721 2884 2886 2929 noster
2916 2875 3047 2930 Deus
3082 2880 3243 2931 salvos
3270 2885 3347 2947 [α-

1808 2963 1969 3014 ciendi
2010 2960 2177 3030 (Psal.
2210 2962 2393 3030 vau),
2439 2976 2558 3014 mox
2586 2962 2897 3016 admirando
2939 2965 3018 3018 vel
3052 2966 3225 3032 potius
3254 2967 3348 3017 οι»-

1807 3048 2151 3117 stapescendo
2163 3049 2455 3118 subjunxit:
2477 3049 2537 3101 Et
2560 3048 2758 3103 Domini
2767 3050 2960 3103 Domini
2978 3053 3137 3105 exitus
3151 3055 3343 3107 mortis.

1810 3140 1983 3207 Itaque
2033 3154 2124 3205 per
2155 3140 2454 3205 patientiam
2505 3147 2556 3191 et
2589 3140 3003 3193 consolationem
3050 3142 3346 3207 Scriptura-

1808 3242 1921 3281 rum
1951 3242 2095 3294 spem
2127 3228 2398 3292 habemus,
2449 3229 2606 3279 etiam
2656 3243 2752 3282 nus
2778 3230 3081 3283 conwlandi
3109 3239 3225 3297 post
3255 3246 3347 3285 no-

1808 3326 2033 3371 strarum
2062 3316 2368 3370 afﬂictiones
2398 3330 2781 3385 pressurarum,
2829 3332 2944 3370 cum
2970 3326 3024 3370 et
3055 3318 3147 3384 ipsi
3180 3318 3229 3370 iu
3254 3319 3348 3370 tri-

1812 3408 2075 3461 bulatione
2101 3404 2358 3475 patientes
2387 3407 2769 3473 exsuterimus,
2804 3416 2858 3461 et
2898 3422 3081 3460 eorum
3108 3417 3253 3460 actus
3282 3408 3347 3461 ad

1810 3506 2032 3552 mentem
2081 3496 2482 3561 reduxerimus,
2532 3500 2619 3566 qui
2680 3512 2776 3551 nos
2818 3506 2872 3550 et
2907 3500 3093 3553 merito
3134 3498 3348 3566 justitize

1809 3586 1961 3655 longe
1991 3597 2387 3653 prmeesserunt,
2439 3596 2497 3653 et
2523 3588 2673 3655 longe
2702 3587 2897 3653 majora
2931 3588 3079 3642 nobis
3108 3588 3343 3643 adversi.

1811 3686 1970 3731 tntum
2036 3679 2323 3732 certamina
2376 3680 2681 3731 tolerarunt.
2758 3679 2834 3731 Illi
2885 3682 3077 3733 etenim
3120 3692 3341 3748 prepter

1804 3766 2057 3833 justitiam
2088 3780 2186 3834 qua
2229 3766 2549 3819 excellenter
2579 3767 2900 3831 eminebant,
2952 3771 3345 3834 persecutiones

1808 3872 1949 3927 saepe
1995 3858 2327 3925 patiebantur
2372 3857 2706 3925 injustnrum,
2758 3867 3014 3925 quatenus
3062 3874 3181 3914 cum
3211 3876 3347 3928 0pc-

1812 3949 2007 4000 ratione
2032 3943 2245 4014 justitize
2272 3958 2520 3999 coronam
2551 3946 2924 4014 insuperabilis
2942 3951 3205 4015 patientiae
3230 3967 3347 4018 per-

1810 4039 2064 4105 ciperent,
2093 4046 2147 4089 et
2176 4037 2387 4104 insuper
2416 4038 2617 4091 cunctis
2646 4052 2704 4091 se
2734 4042 3092 4109 sequentibus,
3122 4044 3345 4111 gloriosa

1812 4126 2195 4191 perseverantia
2225 4140 2316 4178 sua
2348 4127 2558 4193 vestigia
2593 4128 2802 4195 praeﬁxa
2832 4129 3205 4197 relinquerent.
3242 4134 3345 4185 an

1811 4227 1983 4269 autem
2015 4219 2207 4283 saepius
2246 4216 2596 4270 misericordia
2645 4225 2698 4269 et
2726 4217 3021 4284 provisione
3046 4220 3347 4274 Cotiditnris

1813 4308 1975 4359 nostri
2013 4321 2105 4372 pro
2157 4308 2350 4357 nostris
2397 4307 2707 4371 casdgamur
2734 4309 3015 4372 erratibus,
3067 4318 3121 4362 ut
3148 4311 3343 4364 salubri

1810 4394 2210 4461 compunctione
2253 4393 2316 4446 ad
2347 4395 2721 4446 conscientiam
2773 4404 3006 4448 nostram
3040 4398 3343 4463 redeuntes,

1812 4486 2085 4555 puuiamus
2113 4485 2338 4538 sollicite
2368 4486 2610 4554 lacrymis
2638 4485 2959 4541 diluentibus
3006 4490 3139 4556 quod
3171 4490 3341 4545 illece-

1810 4576 1917 4628 bris
1949 4574 2244 4627 fallentibus
2273 4590 2334 4629 ac
2385 4575 2716 4643 negligentiis
2762 4576 3096 4641 admisimus;
3144 4580 3343 4647 sicque,

177 4684 513 4739 sacramentis
541 4682 802 4750 apertiora
846 4682 1095 4734 studiosis
1149 4679 1254 4732 Deo
1296 4678 1499 4731 favente
1527 4677 1702 4732 reddi-

1811 4665 2020 4731 juvante
2054 4664 2291 4729 Domino,
2325 4668 2546 4719 correcti
2578 4667 2640 4718 ad
2671 4681 2817 4733 spem
2861 4650 2996 4728 vitm,
3043 4669 3105 4720 ad
3138 4670 3342 4722 illorum

178 4774 321 4829 dero.
367 4774 505 4827 Bene
530 4773 643 4829 vale
669 4814 682 4836 ,
714 4786 920 4838 semper
959 4769 1317 4823 amantissime
1344 4772 1582 4832 antistes,
1616 4784 1706 4822 no-

178 4865 266 4917 stri
296 4878 496 4917 memor
525 4864 575 4917 in
604 4862 818 4916 Domino
846 4876 857 4913 ;

728 4950 1048 5004 EPISTULA
1076 4950 1159 5017 vt

685 5059 749 5096 AD
778 5058 987 5096 EUIDEI
1020 5056 1183 5094 ACCAM

637 5131 707 5186 De
735 5143 831 5184 tem
837 5133 919 5195 pla
950 5130 1250 5185 Salomonis.

252 5226 496 5279 llortatur
525 5236 621 5276 nos
650 5220 754 5275 Vas
782 5221 1076 5282 electionis,
1104 5228 1157 5272 et
1184 5219 1424 5286 Magister
1453 5215 1707 5286 gentium,

184 5319 244 5370 ad
273 5315 547 5370 lectionem
593 5313 889 5365 divinorum
931 5310 1276 5376 eloquiorum,
1328 5308 1553 5362 veridica
1585 5321 1713 5360 voce

185 5416 496 5472 contestans,
523 5405 640 5472 quia
668 5416 972 5471 quacunque
996 5403 1179 5471 scripta
1222 5410 1357 5462 sunt,
1395 5400 1461 5452 ad
1490 5408 1711 5451 nostram

185 5500 458 5550 doctrinam
481 5497 669 5561 scripta
709 5502 845 5555 sunt,
891 5501 944 5543 ut
983 5507 1068 5558 per
1098 5491 1385 5557 patientiam
1410 5499 1455 5541 et
1481 5490 1710 5541 consula-

188 5590 364 5641 lionem
391 5588 782 5655 Ssriptnrarum,
815 5599 951 5650 spem
986 5582 1272 5635 habeamus.
1308 5581 1400 5633 [Ινὶ
1431 5581 1623 5644 optime
1650 5579 1712 5629 ad

188 5676 515 5730 obtinendam
545 5691 690 5743 spem
720 5664 1020 5728 caelestium
1063 5672 1352 5733 bonorum,
1407 5668 1712 5733 patientiam

192 5765 335 5818 nobis
382 5765 711 5827 habendam,
762 5773 816 5817 et
860 5762 1276 5815 consolationem
1326 5760 1714 5824 Scripturarttm

194 5853 561 5924 inspiciendam
608 5868 726 5907 esse
780 5852 1027 5907 declarat.
1088 5848 1398 5903 Patientiam
1451 5846 1714 5907 videlicet,

195 5954 320 5999 utea
344 5960 457 6012 quae
487 5960 563 5998 ορ(
582 5944 805 5997 urrerinl
831 5943 1071 6005 adversa,
1103 5947 1276 5995 mente
1298 5936 1477 5991 humili
1506 5950 1567 5989 ac
1594 5935 1715 5988 sub-

1811 4756 1895 4822 qui
1926 4755 2230 4807 innocentes
2258 4753 2433 4808 afflicti
2463 4767 2582 4808 sunt
2610 4761 3195 4832 mereamurpertinere
3219 4776 3342 4814 con-

1811 4844 2048 4897 sortium.
2096 4844 2221 4898 Nam
2253 4856 2307 4898 et
2350 4845 2435 4897 hic
2476 4846 2525 4898 in
2571 4848 2924 4899 consolatiOne
2955 4850 3340 4918 Scripturarnm

1816 4934 2131 4998 invenimus,
2177 4935 2297 5001 quia
2341 4934 2608 4988 benedixit
2651 4935 2903 4987 Dominus
2931 4954 3115 4992 omnes
3152 4942 3343 4994 timen-

1815 5037 1891 5081 tes
1920 5041 1999 5091 se,
2032 5027 2244 5093 pusillos
2273 5041 2395 5092 cum.
2419 5026 2725 5092 majoribus,
2771 5027 3063 5097 multasque
3094 5026 3240 5084 nubis
3292 5032 3341 5085 in

1813 5116 1967 5169 domo
1996 5104 2163 5169 Patris
2191 5118 2269 5169 sui
2298 5115 2595 5169 mansiones
2624 5130 2741 5171 esse
2770 5118 3071 5172 declaravit.
3117 5122 3340 5186 Quarum

1815 5222 1950 5261 nunc
1996 5206 2352 5259 consolatione
2400 5215 2454 5261 et
2501 5216 2589 5274 te,
2643 5209 2979 5266 dilectissime
3026 5213 3335 5277 antistitum,

1815 5306 2094 5365 praesentes
2121 5310 2290 5348 rerum
2318 5298 2680 5365 temporalium
2713 5314 2931 5369 angores
2954 5303 3181 5367 quotidie
3208 5303 3335 5354 alle-

1815 5389 1980 5447 viare,
2012 5395 2166 5451 atque
2192 5384 2254 5436 ad
2286 5385 2505 5439 videnda
2536 5389 2666 5440 bona
2699 5387 2901 5441 Domini
2925 5390 2972 5440 in
3007 5400 3141 5441 terra
3168 5390 3339 5442 virens

1816 5476 1942 5528 tiutn
1990 5476 2281 5531 sublimiter
2304 5478 2543 5542 animari,
2576 5493 2677 5531 non
2706 5480 2929 5549 ambigo,
2977 5488 3154 5547 utpote
3178 5478 3340 5532 abun-

1814 5568 2023 5621 dantem
2069 5583 2170 5621 non
2203 5577 2400 5641 tantum
2450 5569 2742 5623 divinarum
2791 5572 2985 5639 paginis
3029 5570 3338 5635 litterarum,

1815 5660 1905 5713 sed
1934 5668 1985 5712 et
2028 5659 2124 5726 piis
2169 5674 2347 5713 earum
2400 5661 2827 5728 expositionibus,
2874 5676 3002 5714 uuas
3047 5665 3339 5715 veneranda

1818 5748 2025 5801 Patrum
2059 5750 2206 5803 nobis
2254 5751 2519 5820 Scriptura
2564 5752 2790 5818 reliquit.
2845 5750 3030 5802 Verum
3060 5752 3175 5818 quia
3209 5766 3336 5801 nova

1816 5853 2068 5907 quemque
2093 5858 2461 5910 n:u:nunquam
2492 5844 2711 5909 amplius
2734 5842 3008 5905 delectant,
3033 5858 3195 5896 vrsum
3216 5840 3337 5892 mihi

1817 5941 1894 5985 est
1924 5933 2226 5997 opusculum
2258 5935 2394 6001 quod
2440 5934 2502 5987 de
2549 5932 2742 5986 factura
2774 5934 2947 5996 templi
3002 5933 3087 5984 Dei
3118 5941 3337 5996 sequens
