3862 6326
571 465 667 521 G87

570 658 904 719 condideram
949 672 1049 717 tum
1093 666 1357 720 sanctitati
1411 667 1815 734 percurrendum
1866 667 2090 719 mittere.

572 756 729 823 Cujus
751 756 959 810 lectioni
990 757 1237 821 intentus,
1281 766 1475 824 quanto
1505 758 1649 824 plura
1695 757 1884 810 Christi
1911 767 1960 808 et
1994 754 2096 808 Ec-

573 846 748 900 clesia:
776 855 1097 899 sacramenta
1142 847 1367 914 antiquis
1396 846 1556 899 indita
1586 845 1789 914 paginis
1817 844 2099 908 inveneris,

574 944 769 1003 quanto
796 936 1047 1001 ampliora
1080 936 1148 989 ibi
1204 938 1291 990 Dei
1319 936 1477 999 dona,
1507 937 1619 990 sive
1644 938 1696 990 in
1728 936 1967 1003 praesenti
2010 949 2099 988 no-

566 1025 647 1076 bis
682 1024 821 1089 data,
862 1040 953 1077 seu
992 1025 1041 1078 in
1075 1024 1245 1076 futuro
1273 1025 1527 1092 promissa
1558 1026 1908 1092 perspexeris,
1960 1033 2101 1076 tanto

567 1114 771 1166 leviora
800 1114 979 1177 credo,
1013 1123 1063 1164 et
1091 1114 1259 1165 minus
1285 1114 1510 1167 curanda
1550 1113 1779 1165 omnium
1818 1111 2101 1165 labentium

578 1218 773 1267 rerum,
796 1213 850 1257 et
875 1203 1090 1254 adversa
1108 1202 1361 1269 iudicabis
1382 1209 1433 1255 et
1463 1216 1727 1269 prospera,
1745 1202 1893 1268 juxta
1925 1212 2103 1253 exem-

583 1292 723 1357 plum
775 1292 908 1344 beati
962 1290 1210 1353 Joannis,
1262 1292 1347 1357 qui
1402 1290 1469 1343 ab
1520 1292 1830 1357 imperatore
1885 1288 2106 1342 nefanda

582 1383 718 1433 intra
745 1380 1008 1449 angustias
1054 1382 1204 1433 unius
1251 1380 1572 1447 parvissima:
1618 1379 1873 1444 relegatus
1904 1376 2103 1439 insulzr,

581 1470 852 1523 confestim
885 1485 911 1521 a
940 1470 1025 1538 pio
1052 1470 1354 1531 Conditore,
1386 1483 1477 1535 per
1500 1468 1736 1535 spiritum
1765 1481 1865 1533 est,
1895 1468 1957 1521 ad
1986 1481 2109 1520 cono

580 1559 873 1625 templanda
901 1560 1095 1612 infinita
1125 1558 1211 1611 illa
1236 1558 1523 1612 caelestium
1548 1557 1873 1612 mansionum
1898 1573 2106 1623 arcana,

580 1646 943 1709 introductus;
990 1656 1044 1699 et
1076 1645 1158 1697 ubi
1204 1654 1411 1713 putatus
1442 1656 1522 1699 cst
1551 1660 1577 1697 a
1608 1646 1838 1712 deceptis
1880 1645 2112 1698 hostibus

580 1737 863 1788 amicorum
890 1735 1151 1787 hominum
1183 1735 1372 1788 auxilio
1416 1750 1476 1788 ac
1504 1737 1754 1789 societate
1783 1734 2011 1799 destitui,
2043 1734 2112 1787 ibi

581 1821 865 1874 amicorum
891 1822 1192 1888 angelorum
1221 1822 1411 1875 meruit
1431 1832 1641 1888 aspectu
1667 1831 1820 1889 atque
1850 1821 2111 1889 colloquio

1262 466 1458 522 BEDrE
1502 465 1939 522 VENERABILIS
1975 463 2121 520 OPP.
2156 463 2329 524 PARS
2366 469 2450 524 lll.
2493 498 2557 510 -—
2602 469 3066 525 PARA‘INETICA.
3631 469 3711 523 633

574 589 877 643 magnorum
933 574 1145 643 vestigia
1204 585 1534 630 tractatorum
1602 593 1764 647 nuper
1819 574 2093 645 allegorice
2124 576 2168 631 Α

2721 582 3038 636 EPISTOLA
3070 580 3195 645 Vlll,

2673 688 2733 724 AD
2758 687 2923 726 ICCAII
2957 684 3262 731 ενιεεοιιωι,

2307 756 2371 808 1η
2394 757 2753 822 expositionem
2780 756 3036 825 Evangelii
3067 755 3339 811 secundum
3372 751 3624 804 Marcum.

2271 844 2662 911 Espositionem
2696 845 2957 912 Evangelii
3010 843 3295 897 secundum
3326 842 3583 903 Marcum,
3630 842 3718 906 opi-

2201 933 2397 987 tulante
2434 934 2542 1001 ipsa
2570 932 2868 1001 evangelica
2895 934 3078 1000 gratia,
3108 930 3373 998 scripturi,
3429 928 3601 996 primo
3625 944 3717 993 qua

2201 1023 2353 1076 fuerit
2378 1023 2545 1077 cidem
2577 1023 2748 1076 Marco
2772 1037 2929 1076 causa
2958 1022 3221 1088 Evangelii
3248 1019 3541 1081 scribendi,
3569 1018 3719 1071 brevi-

2205 1120 2282 1165 ter
2310 1112 2671 1163 insinuandum
2701 1124 2819 1164 esse
2845 1110 3165 1164 censuimus.

2278 1199 2406 1253 Cum
2437 1199 2684 1253 Romanae
2714 1200 2829 1254 urbi
2859 1200 3054 1253 clarum
3084 1200 3195 1252 veri
3222 1198 3315 1251 Dci
3348 1198 3530 1250 lumen
3562 1198 3719 1262 praedi-

2205 1302 2356 1344 cante
2385 1292 2535 1345 beato
2580 1292 2735 1345 Petro
2777 1292 3015 1358 apostolo
3060 1291 3246 1344 fuisset
3295 1299 3563 1354 exortum,
3610 1290 3720 1341 adeo

2206 1396 2380 1434 sermo
2410 1381 2640 1434 veritatis
2666 1380 3027 1433 universorum
3062 1388 3262 1432 mentes
3289 1379 3487 1445 placito
3517 1378 3718 1428 illusm-

2208 1471 2295 1523 bat
2318 1470 2516 1533 auditu,
2562 1479 2618 1522 ut
2643 1470 2878 1535 quotidie
2924 1468 3251 1523 audientibus
3295 1482 3415 1521 eum
3466 1466 3606 1519 nulla
3648 1481 3722 1516 tm-

2207 1576 2359 1627 quam
2408 1560 2623 1614 satietas
2671 1560 2842 1613 fieret.
2888 1559 3033 1613 Unde
3072 1574 3239 1625 neque
3269 1558 3470 1610 auditio
3514 1560 3621 1610 sola
3658 1558 3721 1609 eis
3802 1558 3803 1627 ᾖ

2210 1647 2436 1712 suffecit,
2487 1649 2576 1700 sed
2603 1648 2829 1701 Marcum
2858 1648 3169 1714 discipulum
3218 1648 3331 1713 ejus
3355 1647 3600 1698 omnibus
3624 1660 3718 1711 prc-

2211 1734 2357 1791 cibus
2387 1738 2723 1791 obsecrantes
2753 1745 2925 1798 orant,
2976 1745 3115 1788 utea
3145 1749 3261 1803 qua:
3302 1735 3388 1787 ille
3418 1735 3579 1787 verbo
3604 1749 3720 1800 pra:-

2217 1824 2445 1889 dicabat,
2469 1825 2531 1878 ad
2550 1836 2847 1892 perpetuam
2867 1838 3047 1877 eorum
3076 1824 3539 1877 commonitionem
3553 1823 3719 1873 haben-

585 1908 800 1976 perfrui.
850 1910 889 1963 A
921 1886 1109 1978 quibus
1136 1910 1371 1971 edoctus,
1419 1886 1675 1978 eoﬁmagis
1705 1886 1966 1977 magisque
1995 1886 2108 1964 ille-
2139 1886 2185 1945 Β
2212 1912 2328 1964 dam
2360 1886 2917 1979 Scriptum—traderet,
2967 1927 3068 1979 quo
3113 1912 3255 1965 domi
3300 1911 3539 1978 forisque
3569 1912 3613 1962 in
3637 1910 3720 1961 ha-

580 1998 760 2051 ccbras
787 1999 961 2051 saeculi
991 2007 1045 2051 et
1086 1998 1458 2074 amaritudines
1504 1998 1683 2052 didicit
1712 2014 1829 2053 esse
1857 2014 2108 2065 spernen-

582 2088 703 2150 tlas,
746 2102 849 2155 quo
877 2087 1151 2140 sublimius
1180 2088 1263 2141 illa
1310 2088 1695 2156 speculabatur,
1741 2104 1854 2155 qua:
1885 2103 1979 2157 pro
2004 2104 2111 2142 ma-

581 2178 847 2244 gnitudine
872 2187 1027 2245 atque
1048 2177 1342 2231 mternitate
1370 2176 1447 2230 sui
1479 2180 1628 2244 longe
1651 2177 1873 2245 amplius
1899 2178 1975 2230 vel
2007 2191 2113 2229 me-

562 2266 774 2319 tuenda
802 2276 1005 2319 constat
1032 2281 1169 2329 esse,
1202 2265 1283 2318 vel
1312 2266 1551 2318 amanda.
1609 2265 1747 2318 Bene
1778 2265 1958 2319 valens
1978 2280 2114 2317 sem-

586 2354 1083 2422 per,dilectissime,
1118 2370 1211 2419 pro
1242 2354 1386 2406 nobis
1414 2353 1696 2408 intercede.

1123 2443 1443 2499 EPISTULA
1474 2444 1580 2516 vn,

942 2552 999 2588 AD
1024 2549 1339 2588 NOTIIELMUH
1366 2550 1747 2588 PRESBYTEBUH.

1039 2625 1114 2677 De
1137 2641 1235 2678 xxx
1270 2625 1653 2690 Quartioiiibns.

655 2712 1003 2767 Dilectissimo
1034 2712 1180 2765 fratri
1210 2712 1486 2764 Nothelmo
1515 2710 1673 2776 Beda,
1703 2711 1925 2767 salutem
1952 2715 1966 2765 ἰ

655 2804 779 2867 Qua:
804 2805 869 2856 de
899 2804 1029 2857 libro
1058 2804 1251 2871 Regum
1280 2803 1612 2856 dilucidanda
1643 2804 1754 2866 tibi,
1805 2806 1963 2857 frater
1992 2804 2118 2856 dile-

588 2892 836 2955 ctissime,
885 2890 1095 2956 misisti,
1137 2890 1332 2953 statim,
1381 2900 1534 2956 prout
1574 2893 1734 2959 potui,
1789 2892 2005 2943 Domino
2033 2892 2116 2959 ju-

590 2990 763 3046 vante,
798 2979 1062 3047 explicare
1089 2982 1282 3043 curavi,
1316 2996 1376 3033 ea
1398 2981 1649 3033 duntaxat
1675 2981 2032 3046 distinctione,
2066 2993 2119 3034 ut

590 3085 687 3123 xxx
713 3084 778 3122 ex
822 3068 900 3121 his
933 3068 1335 3136 propositiones,
1385 3084 1499 3136 quae
1525 3069 1786 3135 graviores
1815 3068 1947 3122 forte
1974 3070 2118 3122 vide-

588 3158 796 3221 bantur,
846 3156 1089 3211 brevibus
1130 3156 1405 3209 diStinctas
1454 3156 1727 3222 capitulis,
1776 3171 1879 3225 quo
1922 3157 2116 3210 facilius

596 3255 808 3313 possent
857 3245 1101 3307 inveniri,
1152 3244 1249 3297 hoc
1280 3244 1369 3295 tibi
1419 3244 1681 3296 volumine
1708 3246 2116 3310 comprehende-

594 3348 724 3386 rem.
758 3334 953 3393 Caetera
986 3344 1108 3383 vero
1138 3345 1251 3398 qua:
1280 3331 1593 3383 commistim
1622 3331 1879 3385 annotasti
1916 3332 2123 3385 nomina

593 3422 674 3473 vel
702 3419 879 3484 verba,
907 3434 1020 3485 quae
1046 3418 1244 3472 facilius
1288 3432 1349 3471 ac
1376 3418 1578 3473 brevius
1605 3418 1731 3471 solvi
1761 3429 2020 3486 poterant,
2073 3420 2121 3471 in

593 3508 708 3560 aliis
730 3505 991 3561 schedulis
1017 3520 1250 3559 seorsum
1279 3508 1517 3571 collecta,
1562 3508 1717 3560 simul
1748 3518 1848 3561 tua:
1877 3509 2121 3562 fraterni-

598 3594 685 3646 tati
718 3593 1145 3646 transmitterem.
1185 3593 1430 3657 Quamvis
1457 3596 1565 3659 ipse
1592 3607 1859 3659 noveram,
1908 3594 2123 3660 plurima

592 3689 647 3738 in
676 3685 857 3738 eodem
890 3684 1019 3735 libro
1048 3683 1210 3736 multo
1237 3682 1557 3749 obscuriora,
1599 3696 1750 3750 quam
1781 3698 1839 3736 ea
1868 3698 1983 3738 esse
2010 3701 2125 3751 quae

596 3788 623 3824 a
652 3786 735 3825 me
763 3769 1036 3837 qumrenda
1057 3769 1313 3837 judicasti.
1346 3769 1449 3823 Sed
1472 3778 1523 3823 et
1552 3769 1651 3823 hoc
1672 3785 1773 3822 non
1804 3770 2123 3837 ignorabam,

599 3863 787 3927 saepius
834 3860 943 3913 fieri
971 3858 1141 3912 solere
1173 3869 1226 3911 ut
1255 3858 1299 3912 is
1346 3858 1432 3926 qui
1462 3853 1759 3911 obscuriora
1817 3859 1948 3911 forte
1993 3874 2124 3912 non-

605 3952 745 4005 nulla
773 3950 876 4017 jam
922 3949 1056 4001 bene
1106 3948 1454 4013 intellexerat,
1488 3949 1574 4014 qui
1628 3947 1869 4001 videlicet
1919 3948 2029 4001 haec
2075 3949 2125 4001 in

598 4041 907 4097 tractatibus
956 4053 1258 4105 magnorum
1312 4048 1577 4091 auctorum
1607 4038 1924 4092 sufficienter
1947 4040 2130 4106 expla-

603 4138 723 4181 nata
746 4134 1032 4196 repererat,
1056 4129 1166 4195 ipse
1192 4127 1363 4181 adhuc
1383 4127 1432 4180 in
1463 4126 1778 4194 quibusdam
1811 4127 2129 4180 facilioribus

603 4231 759 4271 sensu
798 4220 1025 4270 incertus
1054 4225 1371 4283 perseveret,
1422 4230 1482 4268 ac
1509 4216 1711 4278 dubius,
1761 4231 1877 4284 qum
1906 4217 1977 4269 illi
2020 4216 2127 4270 for-

604 4318 741 4359 tasse
764 4307 847 4372 qui
878 4306 1209 4372 profundiora
1236 4306 1541 4369 tractabant,
1572 4307 1790 4374 quaesitu
1832 4308 1984 4374 digna
2028 4323 2128 4361 non

605 4396 880 4449 ducebant.
932 4398 1012 4451 Fit
1038 4401 1193 4453 etiam
1226 4410 1409 4453 utnon
1452 4400 1623 4454 omnia
1671 4416 1785 4468 quae
1827 4416 1855 4453 a
1896 4401 2130 4455 Patribus
2200 4426 2213 4439 α

2206 1996 2435 2066 jusmodi
2493 2000 2638 2052 verbi
2693 2000 3119 2053 meditationibus
3176 2010 3569 2065 permanerent.
3636 1998 3717 2051 Nec

2214 2089 2355 2155 prius
2385 2091 2450 2143 ab
2472 2089 2795 2143 obsecrando
2824 2091 3102 2156 desistunt,
3144 2105 3299 2156 quam
3333 2105 3451 2154 quae
3476 2100 3717 2141 oraverant

2214 2178 2571 2243 impetrarent.
2624 2178 2807 2231 Petrus
2834 2193 2975 2241 vero,
3010 2188 3063 2229 ut
3089 2193 3179 2244 per
3225 2178 3480 2244 Spiritum
3512 2186 3716 2229 sanctum

2214 2265 2457 2332 religioso
2484 2279 2543 2319 se
2571 2266 2848 2333 spoliatum
2869 2267 3120 2333 comperit
3142 2265 3296 2325 furto,
3328 2265 3610 2318 delectatus
3633 2274 3715 2319 e-t;
3802 2330 3803 2337 γ

2212 2362 2265 2406 et
2294 2354 2447 2410 fidem
2480 2369 2660 2408 corum
2689 2354 3124 2420 devotionemque
3151 2370 3243 2421 per
3266 2354 3373 2407 base
3387 2348 3713 2413 considerans,
3802 2352 3803 2359 ‘

2215 2441 2413 2494 factum
2437 2443 2780 2507 confirmavit,
2812 2451 2865 2496 et
2895 2444 2945 2495 in
2969 2450 3273 2511 perpetuum
3303 2442 3573 2510 legendam
3607 2440 3717 2493 Scri-

2178 2544 2183 2548 '
2216 2540 2419 2599 pturam
2444 2526 2697 2587 Ecclesiis'
2715 2533 2942 2586 tradidit.

2283 2622 2526 2675 Clemens
2548 2621 2599 2674 in
2615 2632 2785 2695 sexto
2809 2621 3213 2688 Dispositiouum
3240 2622 3372 2675 libro
3388 2622 3503 2675 haec
3518 2622 3582 2674 ita
3601 2630 3713 2687 gesta

2215 2723 2331 2764 esse
2359 2710 2622 2764 describit.
2654 2711 2746 2765 Cui
2774 2711 2942 2765 simile
2962 2712 3051 2764 dat
3079 2712 3427 2765 testimonium
3455 2714 3606 2765 etiam
3627 2712 3715 2762 llic-

2217 2798 2466 2865 rapolites
2490 2799 2786 2866 episcopus,
2819 2801 3030 2852 nomine
3057 2800 3261 2866 Papias,
3285 2802 3372 2868 qui
3395 2808 3448 2853 et
3481 2800 3575 2852 hoc
3599 2798 3714 2857 dicit,

2218 2868 2354 2953 quod
2386 2886 2568 2941 Petrus
2598 2887 2649 2939 in
2680 2888 2843 2955 prima
2890 2888 3118 2955 Epistula
3156 2903 3271 2953 sua,
3316 2904 3473 2955 quam
3519 2889 3581 2940 de
3617 2890 3715 2939 urbe

2220 2975 2380 3028 Roma
2410 2976 2643 3043 scripsit,
2670 2976 2964 3030 meminerit
2988 2978 3169 3040 Marci,
3215 2979 3268 3031 in
3296 2993 3393 3044 qua
3428 2978 3615 3045 tropice
3638 2976 3716 3027 Ro-

2220 3080 2356 3118 mam
2399 3065 2731 3134 Babyloniam
2762 3065 3062 3129 nominarit,
3092 3080 3211 3118 cum
3238 3066 3364 3118 dicit
3389 3084 3400 3116 :
3432 3065 3625 3118 Salutat
3647 3079 3716 3115 vos

2220 3170 2278 3207 ea
2304 3154 2549 3221 Ecclesia,
2591 3168 2704 3222 qua:
2740 3155 2792 3207 in
2819 3154 3081 3222 Babylone
3119 3153 3283 3208 electa
3325 3162 3424 3217 est,
3468 3164 3523 3207 et
3549 3153 3715 3207 Marcus

2224 3243 2359 3295 filius
2387 3258 2556 3311 meus.

2295 3338 2576 3401 Assumpto
2623 3335 2797 3402 itaque
2825 3335 3104 3404 Evangelio
3133 3334 3279 3402 quod.
3307 3335 3416 3401 ipse
3443 3335 3713 3395 confecerat,

2223 3422 2453 3491 perrexit
2483 3424 2533 3475 in
2562 3422 2865 3492 A‘ngptum,
2890 3431 2943 3476 et
2973 3425 3193 3490 primum
3242 3423 3565 3476 Alexandriae
3601 3422 3715 3473 Chri-

2222 3519 2357 3563 stum
2379 3510 2712 3575 annuntians',
2736 3511 3005 3565 constituit
3030 3509 3317 3565 Ecclesiam
3342 3521 3479 3565 tanta
3500 3512 3715 3571 doctrina.

2223 3610 2276 3653 et
2303 3600 2421 3653 vita:
2449 3603 2793 3667 continentia,
2822 3613 2877 3657 ut
2915 3617 3098 3655 omnes
3147 3612 3437 3656 sectatores
3478 3601 3645 3655 Christi
3669 3602 3716 3651 ad

2225 3690 2517 3756 exemplum
2546 3691 2627 3743 sui
2653 3700 2883 3759 cogeret.

2297 3780 2527 3846 Denique
2571 3779 2738 3845 Philo,
2776 3778 3150 3833 disertissimus
3174 3777 3529 3850 Iudaeorum,
3573 3777 3715 3830 videns

2226 3870 2549 3924 Alexandriae
2594 3869 2812 3937 primam
2843 3867 3128 3922 Ecclesiam
3175 3867 3347 3921 adhuc
3383 3866 3714 3923 Judaizantem,

2225 3960 2371 4026 quasi
2403 3959 2452 4010 in
2481 3957 2684 4011 laudem
2707 3950 2877 4023 gentis
2898 3971 3007 4009 suae
3036 3956 3225 4008 librum
3254 3970 3412 4022 super
3435 3971 3600 4009 eorum
3623 3968 3715 4005 coa-

2228 4048 2519 4099 versatione
2545 4047 2775 4111 scripsit.
2810 4046 2870 4097 Et
2897 4043 3158 4112 quomodo
3186 4043 3356 4096 Lucas
3383 4052 3584 4096 enarrat
3605 4040 3717 4093 lere.

2227 4136 2439 4203 solyma:
2468 4136 2741 4187 credentes
2771 4134 2945 4186 omnia
2976 4132 3220 4185 habuisse
3249 4131 3539 4185 communia
3560 4171 3575 4195 ,
3597 4130 3658 4181 sic
3679 4140 3715 4180 el
3802 4142 3803 4149 η

2231 4223 2316 4277 ille
2345 4224 2479 4290 quod
2511 4221 2840 4275 Alexandriae
2863 4222 2959 4273 sub
2990 4220 3163 4273 Marco
3188 4220 3305 4272 fieri
3331 4220 3541 4273 doctore
3568 4232 3717 4272 cerne-

2228 4315 2335 4377 bat,
2367 4313 2627 4365 memeria:
2659 4310 2886 4363 tradidit.
3802 4300 3803 4317 λ

2296 4400 2531 4453 Tradunt
2552 4406 2721 4452 autem
2742 4399 2879 4452 hunc
2902 4397 3110 4451 natione
3130 4397 3431 4462 Israelitica,
3450 4408 3501 4451 et
3520 4395 3716 4450 sacerdo-

607 4484 800 4552 scripta
826 4487 1059 4549 sunt,.ab
1084 4488 1325 4540 omnibus
1350 4487 1547 4555 possint
1574 4488 1778 4551 haberi,
1809 4496 1863 4541 et
1887 4489 2130 4555 ignoren-
2157 4518 2205 4574 Ι)
2231 4489 2318 4540 tali
2350 4495 2518 4540 ortum
2562 4486 2823 4553 prosapia,
2850 4499 2911 4538 ac
2939 4494 3055 4551 post
3083 4485 3378 4551 passionem
3416 4498 3479 4537 ac
3525 4497 3715 4536 resurre-

610 4582 695 4624 tur
719 4574 1031 4640 qumstiones
1055 4574 1436 4640 Scripturarum
1461 4592 1487 4627 a
1512 4576 1799 4644 legentibus
1825 4594 1838 4639 ;
1874 4591 1973 4629 non
1991 4579 2127 4644 quod

610 4661 907 4715 doctoribus
931 4664 1176 4727 exposita:
1214 4678 1316 4715 non
1345 4663 1467 4723 sint,
1519 4663 1609 4716 sed
1638 4664 1771 4729 quod
1802 4666 1927 4731 ipsa:
1952 4679 2131 4717 earum

613 4754 925 4817 quaestiones
972 4752 1050 4805 vel
1083 4767 1183 4804 non
1232 4752 1538 4812 habeantur,
1578 4756 1654 4805 vel
1705 4753 1893 4807 habere
1924 4768 2023 4807 non
2056 4755 2133 4806 in-

616 4839 909 4905 telligantur
951 4840 1339 4907 qurererrtibus;
1388 4843 1517 4892 sicut
1556 4841 1606 4892 in
1654 4840 1890 4906 plurimis
1929 4856 2129 4908 eorum,

614 4940 829 4989 quorum
858 4940 883 4976 a
914 4940 996 4978 me
1034 4940 1279 4993 responsa
1325 4936 1374 4979 et
1421 4928 1589 4993 petisti
1620 4937 1670 4981 et
1698 4928 1963 4994 accepisti,
2011 4943 2136 4982 con-

615 5022 718 5066 stat
756 5028 872 5067 esse
899 5014 1203 5067 factitatum.
1261 5015 1315 5065 In
1341 5016 1527 5082 quibus
1575 5016 1814 5071 videlicet
1856 5020 2139 5084 responsis,

615 5104 702 5167 qui
727 5102 826 5155 tuis
853 5103 1188 5169 petitionibus
1215 5104 1431 5169 vestigia
1462 5104 1669 5158 Patrum
1700 5121 1943 5173 sequens,
1990 5108 2143 5159 salis-

618 5194 791 5247 facere
820 5194 1012 5252 studui.
1046 5210 1228 5261 precor
1256 5206 1310 5250 ut
1338 5198 1498 5250 vicem
1513 5198 1737 5250 debitam
1770 5211 1958 5255 nostrte
1986 5202 2143 5255 devo-

617 5283 744 5333 tioni
790 5283 1061 5345 reddens,
1112 5298 1205 5350 pro
1254 5286 1502 5353 sospitate
1551 5297 1725 5340 nostra
1778 5297 1831 5341 et
1882 5291 2051 5345 cordis
2094 5300 2147 5344 et

622 5372 885 5436 corporis,
932 5386 1032 5424 una
1059 5386 1177 5425 cum
1211 5372 1453 5428 fratribus
1473 5378 1557 5441 qui
1592 5378 1690 5430 illis
1734 5379 1782 5431 in
1812 5378 1939 5431 locis
1971 5382 2142 5434 vobis-

622 5469 737 5509 cum
759 5456 974 5511 Domino
994 5460 1312 5524 deserviunt,
1348 5462 1667 5517 intercedere
1689 5466 2006 5518 memineris.
2038 5468 2139 5521 Sed

622 5551 673 5594 ct
717 5544 757 5594 si
788 5547 904 5609 quid
948 5548 1013 5601 de
1063 5549 1140 5601 his
1172 5564 1286 5617 qua:
1328 5552 1507 5615 scripsi
1552 5556 1719 5620 aptius
1754 5556 1885 5609 forte
1930 5556 2138 5621 alicubi,

624 5631 757 5691 quod
778 5631 1015 5687 facillime
1034 5638 1329 5705 contingere
1349 5640 1529 5706 potuit,
1548 5644 1834 5706 expositum
1859 5645 2137 5711 inveneris,

627 5717 773 5771 nobis
821 5734 1019 5787 quoque
1066 5725 1209 5777 ocius
1239 5725 1336 5779 hoc
1380 5728 1641 5783 destinare
1690 5746 1789 5784 non
1818 5735 2063 5799 graveris.

2234 4579 2459 4630 ctionem
2492 4575 2692 4628 Domini
2719 4574 2990 4627 salvatoris
3012 4573 3078 4625 ad
3108 4572 3529 4639 prmdicationem
3555 4579 3713 4637 aposto-

2238 4668 2400 4721 lorum
2424 4665 2717 4734 evangelica
2743 4664 2843 4718 fide
2868 4679 2928 4717 ac
2953 4663 3292 4739 sacramentis
3316 4663 3585 4724 imbutum,
3602 4670 3716 4725 atque
3802 4730 3803 4735 γ

2238 4772 2301 4811 ex
2344 4770 2522 4809 eorum
2570 4752 2725 4806 fuisse
2770 4766 2986 4805 numero
3030 4751 3096 4804 de
3141 4752 3331 4817 quibus
3377 4752 3557 4804 scribit
3595 4749 3715 4835 Lecti
3802 4810 3803 4813 η

2239 4844 2353 4911 quia
2384 4843 2539 4894 multa
2567 4842 2723 4892 etiam
2756 4840 2903 4892 turba
2949 4838 3276 4891 sacerdotum
3308 4838 3582 4890 obediebat
3802 4894 3803 4915 χ

2239 4931 2581 4997 Quapropter,
2607 4936 2783 4994 utpote
2815 4925 3062 4993 legalibus
3105 4924 3372 4977 institutus
3396 4923 3595 4985 ed:ctis,
3616 4931 3714 4985 opa-
3802 4926 3803 4929 “

2240 5033 2377 5071 mum
2401 5032 2491 5085 per
2508 5016 2678 5070 omnia
2700 5016 2902 5068 vivendi
2924 5015 3157 5066 ordinem
3177 5012 3505 5080 genti,quam
3526 5013 3586 5065 ad
3603 5008 3714 5063 ﬁdem
3802 5056 3803 5085 ι

2244 5108 2461 5163 vocabat
2502 5106 2934 5174 praemonstravit.
2982 5103 3083 5156 Sed
3124 5111 3178 5153 et
3208 5104 3512 5156 canoaicam
3558 5102 3711 5155 Pascha

2243 5198 2642 5257 observantiam.
2668 5209 2786 5264 qua:
2827 5193 3082 5246 universis
3121 5192 3317 5245 Christi
3363 5190 3714 5245 Ecdesiialorrt

2246 5288 2528 5349 imitabilis,
2557 5284 2802 5337 ostendit.

2314 5377 2368 5428 In
2395 5375 2542 5438 cujus
2586 5370 2918 5439 Evangelium
2963 5379 3067 5430 tuo,
3098 5367 3438 5420 dilectissime
3480 5364 3713 5417 antistitum

2243 5469 2400 5524 Acca,
2431 5476 2627 5515 necnon
2656 5470 2709 5512 et
2734 5459 2950 5517 alienum
2981 5456 3191 5509 fratrum
3224 5456 3445 5520 plurium
3480 5465 3711 5506 cometem-

2248 5560 2328 5604 tus
2355 5553 2579 5610 hortatu,
2612 5556 2760 5614 prout
2790 5545 3036 5597 Dominus
3065 5544 3229 5602 dedit,
3254 5544 3520 5609 scripturi.
3547 5542 3713 5595 maxim:

2244 5655 2357 5707 qua:
2388 5641 2436 5691 in
2471 5639 2676 5690 Patrum
2719 5635 3091 5688 venerabilium
3134 5633 3387 5697 exemplis
3433 5632 3711 5685 inveniretis.

2246 5732 2365 5785 hinc
2386 5728 2501 5783 inde
2526 5727 2740 5782 collecta
2765 5738 2955 5791 ponere
2979 5723 3294 5778 curabimus.
3319 5722 3421 5776 Sed
3444 5732 3496 5775 et
3523 5716 3709 5775 ιιοιιιιιιιιι

3466 6118 3804 6226 cmi
