3862 6330
155 374 269 427 039

1336 378 1519 459 sect.
1565 380 1646 431 tv.
1689 410 1751 420 -
1798 379 2154 434 tartsroue.

3214 378 3319 432 690

148 486 376 553 propria
416 486 480 539 ad
512 487 843 542 imitationem
873 501 1055 541 sensus
1084 502 1282 552 eorum,
1325 489 1407 539 ubi
1436 499 1687 554 opportu-
1719 490 1764 542 A
1792 490 2031 554 Opus-cuia
2076 492 2463 557 transcriptione
2508 493 2660 559 digna
2703 493 2975 555 duxerint,
3029 500 3311 543 rneniorata

150 591 287 627 unm
322 575 611 639 videbitur,
644 580 1048 643 interponetnus.
1080 576 1448 643 Lectoremque
1476 578 1692 643 supplex

147 664 405 727 obsecro,
440 666 556 718 utsi
587 665 694 717 hate
719 677 891 717 nostra
918 665 1162 732 opuscula
1192 664 1591 728 transcriptione
1614 663 1693 715 di-

148 768 270 817 grta
306 754 552 817 duxerit,
602 754 990 807 annotationem
1037 752 1299 804 nominum
1357 765 1535 803 eorum
1580 764 1697 816 qua:

148 854 326 909 supra
371 844 421 894 in
467 845 695 910 margine
742 845 974 910 apposita
1015 852 1153 901 sttnt,
1182 840 1399 906 diligens
1444 839 1696 905 scriptura

150 941 463 992 conservet,
494 932 750 998 quomodo
802 933 850 983 in
892 929 1212 994 expositione
1251 926 1517 993 Evangelii
1564 925 1697 978 beati

152 1021 354 1085 Lucas,
385 1039 537 1092 quam
584 1032 703 1075 ante
752 1038 912 1074 annos
952 1020 1234 1087 plurimos,
1284 1018 1560 1069 auxiliante
1606 1014 1695 1067 Dei

150 1112 355 1177 gratia,
382 1111 763 1175 eoniposuimus
782 1151 795 1173 ,
830 1118 1030 1161 constat
1056 1121 1170 1160 esse
1196 1106 1498 1157 factitatum.
1531 1102 1696 1154 Oran-

158 1211 277 1252 tem
326 1215 417 1267 pro
473 1201 623 1253 nobis
668 1202 991 1252 sanctitatem
1040 1207 1177 1248 tuam
1219 1194 1447 1249 etelestis
1492 1206 1699 1258 semper

152 1290 338 1354 gratia
382 1297 630 1355 prorogat.
663 1288 761 1343 Sed
792 1299 842 1340 et
875 1288 971 1339 hoc
1000 1296 1120 1337 ante
1150 1284 1321 1337 omnia
1365 1291 1577 1334 cunctos
1608 1280 1697 1348 qui

159 1378 289 1429 [nec
334 1378 467 1429 forte
516 1377 695 1429 lecturi
735 1386 853 1428 sunt
878 1376 1131 1441 deprecor
1162 1375 1210 1424 in
1258 1371 1491 1433 Omnino,
1523 1378 1576 1420 ut
1608 1382 1699 1434 pro

158 1469 307 1520 meis
331 1477 383 1519 et
410 1468 638 1534 corporis
668 1476 718 1521 et
745 1468 902 1518 animi
952 1465 1308 1532 fragilitatibus
1335 1504 1348 1527 ,
1378 1462 1510 1529 apud
1558 1460 1695 1529 pium

154 1556 398 1621 judicent
430 1556 796 1609 intercessores
827 1554 1049 1605 existere
1072 1552 1365 1617 dignentur.

728 1642 1045 1698 EPISTOLA
1100 1640 1187 1705 IX,

792 1750 855 1786 AD
903 1748 1087 1785 ACCAI.

654 1824 725 1878 De
754 1825 1019 1892 Evangelia
1050 1822 1215 1875 Lucas.

246 1915 469 1969 Domino
519 1916 816 1969 beatissimo
862 1924 913 1967 et
966 1914 1180 1966 nimium
1225 1907 1707 1964 desiderantissimo

162 2007 330 2057 Acca:
367 2003 612 2071 episcopo
639 2002 775 2058 Beda
818 2002 1026 2055 humilis
1067 2001 1357 2070 presbyter,
1392 1999 1441 2050 in
1490 1996 1708 2049 Domino

163 2101 375 2145 aeterno
403 2094 649 2145 salutem!

249 2178 375 2231 Mira
406 2193 525 2232 vere
554 2187 651 2241 est,
682 2188 733 2231 et
760 2191 878 2230 vera
907 2179 1065 2241 mire,
1098 2178 1327 2229 doctoris
1368 2174 1557 2243 egregii
1589 2187 1705 2226 sen-

168 2264 361 2329 tentia,
389 2265 503 2332 quia
527 2266 745 2317 charitas
768 2267 930 2317 omnia
955 2266 1128 2325 credit,
1157 2264 1323 2316 omnia
1352 2274 1539 2332 sperat.
1565 2262 1707 2315 Datis

167 2368 406 2421 namque
435 2354 498 2407 ad
528 2371 609 2408 me
635 2356 871 2422 episwlis
895 2395 909 2419 ,
941 2365 995 2407 ιιι
1022 2353 1193 2421 aliqua
1239 2352 1327 2406 tibi
1368 2352 1593 2406 scribam
1623 2365 1709 2403 ro-

165 2459 302 2511 gare
342 2452 391 2496 te
437 2442 583 2507 dicis,
613 2456 663 2499 et
706 2446 838 2497 inter
885 2444 1190 2512 rogandum,
1225 2442 1549 2507 necdumque
1580 2454 1709 2492 mea:

166 2534 537 2585 consensionis
566 2542 778 2599 accepto
810 2546 1078 2600 responso,
1110 2530 1342 2597 quaesitis
1381 2529 1551 2582 adhuc
1570 2543 1706 2596 opu-

166 2623 339 2674 sculis
367 2624 511 2691 quasi
538 2624 645 2693 jam
686 2624 952 2688 acquisitis
977 2638 1035 2675 ac
1066 2623 1294 2691 perfecte
1338 2620 1710 2675 consummatis

168 2709 497 2774 praal‘ationis
522 2712 838 2778 signaculum
882 2710 1080 2764 condis.
1129 2709 1365 2763 Nondum
1414 2708 1710 2762 fundamine

164 2803 337 2872 jacto,
366 2819 465 2857 non
492 2805 646 2857 allata
669 2806 849 2858 saltem
880 2808 1114 2867 materia,
1142 2805 1251 2873 ipse
1273 2805 1417 2872 quasi
1447 2805 1710 2871 completo

166 2892 284 2959 jam
327 2894 450 2945 tanti
499 2893 687 2948 laboris
736 2894 989 2958 mditicio,
1019 2896 1198 2947 claves
1238 2894 1425 2961 quibus
1472 2894 1711 2946 introitus

170 2981 441 3033 muniatur
461 2980 659 3049 dirigis,
680 2993 732 3035 ut
755 2982 944 3050 pudeat
971 2998 1071 3035 non
1094 2984 1197 3035 cito
1220 2982 1396 3035 subire
1425 2997 1553 3048 opu~
1575 2980 1709 3049 quod

169 3070 283 3122 cito
309 3070 655 3132 subeundum,
688 3070 838 3124 citius
868 3071 1176 3137 explendum
1210 3070 1337 3124 ﬁdes
1366 3072 1531 3123 amTca
1576 3086 1707 3138 pra!-

172 3169 370 3211 sumat.
418 3157 528 3211 Non
579 3159 688 3213 bmc
734 3170 874 3212 certe
903 3161 999 3211 alia
1041 3175 1189 3227 quam
1222 3159 1507 3212 indubitata
1539 3160 1701 3211 mutui

177 3248 373 3301 tiducia
400 3248 519 3302 facit
543 3249 757 3311 amoris,
780 3264 892 3317 qua!
912 3249 976 3302 de
1004 3250 1169 3301 amico
1193 3257 1401 3314 pectore
1422 3248 1499 3314 (ut
1522 3248 1712 3300 dictum

174 3337 286 3403 est)
318 3338 487 3389 omnia
519 3339 765 3390 duntaxat
794 3352 909 3404 qua:
938 3336 1047 3389 ﬁeri
1080 3345 1296 3403 possunt
1324 3337 1514 3395 credit,
1540 3334 1711 3388 omnia

173 3439 375 3496 sperat.
410 3426 555 3481 L’nde
581 3436 633 3478 et
657 3441 753 3492 ego
779 3442 900 3479 mox
934 3427 1078 3479 lectis
1127 3436 1226 3479 tute
1251 3427 1562 3480 dulcissima:
1594 3441 1714 3479 san~

176 3520 377 3573 trtitatis
408 3517 659 3588 paginulis
684 3518 893 3585 injuncti
926 3532 1007 3570 me
1046 3518 1220 3585 Operis
1250 3518 1412 3570 labori
1441 3517 1713 3584 supposui,

178 3611 231 3660 in
258 3624 361 3675 quo
388 3612 467 3674 (ιιι
509 3612 776 3661 innumera
806 3607 1104 3659 monasticae
1130 3608 1399 3660 servitutis
1429 3607 1715 3661 retinacula

178 3700 511 3762 praeteream)
544 3699 653 3765 ipse
697 3697 821 3749 mihi
853 3697 1072 3749 dictator
1115 3695 1268 3747 simul
1312 3696 1543 3747 notarius
1574 3704 1627 3747 et
1652 3696 1714 3747 li-

180 3792 385 3843 lirarius
432 3792 726 3843 existerent.
775 3789 1179 3856 Aggregatisque
1229 3786 1349 3839 hinc
1396 3787 1514 3839 inde
1570 3786 1714 3853 quasi

180 3879 549 3945 insignissitnis
573 3894 633 3931 ac
653 3879 969 3947 dignissimis
993 3878 1117 3929 tanti
1149 3878 1380 3929 muneris
1407 3876 1711 3940 artificibus,

181 3970 453 4037 opusculis
481 3968 710 4033 Patrum,
740 3970 859 4036 quid
894 3969 1073 4021 beatus
1095 3967 1421 4031 Ambrosius,
1453 3966 1575 4033 quid
1607 3968 1713 4018 Λιι-

182 4062 456 4127 gustinus,
515 4060 635 4126 quid
689 4060 909 4127 denique
957 4059 1238 4125 Gregorius
1290 4057 1717 4127 vigilantissintus

184 4153 353 4220 (juxta
394 4167 544 4205 suttm
591 4151 1021 4219 nomen)'nostr.e
1061 4150 1232 4217 gentis
1276 4150 1564 4216 apOstolns,
1598 4151 1716 4215 quid

189 4242 533 4308 Hieronymus
580 4254 741 4293 sacra:
780 4241 1031 4306 interpres
1079 4240 1329 4304 historiae,
1373 4241 1492 4307 quid
1541 4243 1718 4295 caeteri

187 4334 369 4385 l‘atres
397 4333 445 4383 in
472 4331 605 4384 beati
633 4331 783 4383 Luca:
817 4331 986 4384 verbis
1014 4332 1291 4393 senserint,
1316 4331 1437 4398 quid
1471 4332 1715 4393 dixerint,

1794 592 1997 645 quoque
2042 580 2305 631 nominum
2351 580 2515 649 signa,
2547 594 2601 634 ut
2628 582 2680 633 in
2706 591 2881 633 nostro
2905 580 3186 646 exemplati
3228 597 3307 633 re-

1796 667 2239 733 periunt,aiilgere
2260 670 2604 721 meminerint.
2633 670 2881 721 Nonnulla
2909 671 3063 720 etiam
3090 683 3203 735 qum
3235 670 3309 735 (ut

1798 755 1967 807 verbis
2007 764 2105 815 tum
2132 758 2416 809 sanctitatis
2439 758 2638 824 loquar)
2672 758 2795 809 mihi
2824 764 3005 812 auctor
3033 758 3159 808 lucis
3189 771 3311 823 ape—

1796 848 1918 909 ruit,
1962 849 2153 915 proprii
2184 848 2387 902 sudoris
2424 849 2611 902 indicia
2634 890 2647 910 ,
2680 849 2763 900 ubi
2795 858 3012 915 opportu
3041 864 3139 900 .nm
3172 848 3313 901 vide-

1798 933 1964 995 batur,
1995 934 2229 989 annexui.
2281 938 2375 1000 Qui
2407 938 2455 988 in
2484 939 2608 1003 legis
2639 937 2825 988 divinae
2858 938 3188 988 meditatione
3214 937 3309 988 etsi

1798 1034 1897 1072 non
1913 1022 2107 1085 (utipsc
2127 1021 2401 1086 scripsisti)
2425 1022 2533 1073 dies
2552 1031 2827 1088 noctesque
2845 1021 3113 1088 pervigiles
3126 1021 3268 1073 duce:
3286 1036 3314 1073 e

1798 1108 2018 1169 sulticio,
2048 1124 2147 1159 non
2169 1122 2345 1175 parum
2370 1118 2539 1160 tamen
2558 1110 2709 1160 studii
2740 1125 2821 1161 me
2848 1110 2895 1161 in
2924 1110 3205 1175 Scriptnris
3227 1109 3316 1161 im-

1801 1199 2037 1264 pendisse
2060 1214 2159 1250 non
2176 1197 2372 1264 dubito,
2392 1207 2510 1250 etea
2532 1198 2693 1249 solum
2718 1214 2828 1264 quae
2852 1198 2975 1248 mihi
2990 1206 3168 1249 auctor
3188 1197 3316 1249 lucis

1800 1288 2000 1353 aperire
2039 1287 2272 1353 dignatus
2309 1296 2407 1352 est,
2461 1302 2560 1338 non
2603 1286 2651 1337 iu
2695 1287 2789 1339 hoc
2818 1295 3011 1338 tantum
3044 1286 3311 1351 opusculo,

1798 1377 1887 1429 sed
1918 1378 2128 1428 inomni
2162 1391 2370 1443 prorsus
2400 1376 2617 1429 lectione
2652 1377 2879 1443 potuisse
2908 1377 3096 1435 videre.
3136 1377 3182 1427 id
3215 1387 3314 1437 est,

1801 1477 1937 1518 recte
1983 1465 2252 1533 sentiendo
2280 1467 2600 1533 dignoscere.
2651 1467 2795 1533 Quod
2826 1482 2952 1520 vero
2995 1468 3070 1518 ais
3114 1482 3322 1519 movere

1800 1553 2044 1622 quosdam
2075 1568 2233 1621 quare
2265 1556 2313 1605 in
2360 1555 2696 1622 Apocalypsis
2736 1570 2864 1608 nova
2897 1555 3321 1621 intwrpretatione

1802 1644 2092 1695 Matthmutn
2122 1644 2279 1707 leoni,
2298 1643 2524 1697 Marcum
2558 1645 2751 1697 homini
2780 1645 3105 1711 assignarim,
3136 1644 3322 1696 intueri

1804 1732 2085 1784 debuerant
2112 1734 2401 1799 quicunque
2431 1733 2504 1785 illi
2534 1740 2652 1785 sunt
2687 1746 2814 1800 quos
2842 1733 3152 1809 haemovet,
3185 1731 3322 1798 quod

1732 1796 1777 1852 Β
1808 1840 1906 1875 non
1936 1824 2031 1874 hoc
2061 1837 2171 1875 mea
2195 1838 2345 1893 nova,
2370 1824 2458 1876 sed
2483 1824 2691 1892 antiqua
2723 1800 3324 1892 patrum'explanatione

1807 1913 2045 1965 traditum
2066 1914 2191 1967 dixi.
2221 1914 2395 1981 Neque
2422 1915 2558 1968 enim
2587 1915 2707 1967 mihi
2739 1930 2768 1967 a
2797 1915 2994 1981 meipso
3022 1915 3091 1965 ita
3120 1914 3282 1966 visum
3308 1930 3322 1975 ;

1804 2002 1891 2052 sed
1923 2001 1989 2053 ita
2036 2016 2064 2053 a
2093 2001 2242 2054 beato
2276 2002 2560 2067 Augustino
2604 2005 2893 2069 expositum
2943 2002 3102 2055 fuisse
3132 2016 3324 2054 metuo-

1804 2091 1933 2147 ravi.
1959 2098 2009 2142 et
2040 2091 2213 2157 paucis
2256 2092 2409 2143 etiam
2443 2092 2576 2142 unde
2623 2092 2719 2144 hoc
2759 2090 3041 2144 afﬁrmaret
3085 2090 3322 2158 adjunxi.

1803 2179 1961 2244 Cujus
2004 2194 2105 2231 non
2133 2179 2196 2231 ab
2222 2194 2276 2232 re
2302 2189 2383 2232 est
2422 2181 2465 2233 si
2504 2180 2841 2247 ipsaquoque
2870 2182 3023 2233 verba
3052 2190 3325 2248 ponentes,

1804 2267 1925 2334 quid
1947 2267 2009 2320 de
2035 2267 2363 2333 evangelistis
2394 2269 2471 2322 vel
2504 2270 2634 2337 typis
2664 2284 2840 2323 eorum
2865 2270 3169 2323 animalibus
3206 2284 3326 2322 sen-

1806 2358 1930 2408 serit
1958 2356 2308 2420 ostendamus,
2341 2358 2525 2425 quibus
2573 2368 2625 2412 et
2652 2360 2776 2411 illud
2809 2370 3044 2413 nostrum
3084 2376 3215 2429 opus
3259 2363 3325 2413 ab

1807 2446 1992 2512 injusta
2016 2446 2393 2514 vituperatione
2422 2448 2665 2514 salvetur,
2699 2458 2751 2501 et
2777 2451 2874 2503 hoc
2898 2451 3172 2517 praeposita
3202 2452 3326 2504 tanti

1806 2536 2032 2587 doctoris
2062 2535 2367 2587 auctoritate
2399 2534 2651 2588 ﬁrmetur.
2697 2534 2828 2588 Cum
2859 2553 2979 2605 ergo
3018 2541 3176 2591 multa
3222 2539 3331 2607 pul-

1807 2628 1929 2678 clire
1966 2635 2017 2677 et
2044 2625 2233 2678 eximie
2262 2626 2327 2679 de
2356 2626 2687 2693 evangelistis
2725 2628 2773 2679 in
2805 2628 2935 2680 libro
2963 2628 3027 2681 de
3055 2626 3324 2682 Consensu

1808 2729 1986 2766 eorum
2013 2715 2177 2778 primo
2200 2715 2551 2781 prasmisisset,
2574 2716 2737 2784 jungit
2756 2717 2886 2769 inter
2912 2728 3097 2770 cartera
3118 2719 3327 2771 dicens:

1812 2803 1871 2854 Et
1893 2804 2123 2868 quamvis
2145 2801 2333 2871 singuli
2362 2818 2509 2856 suum
2537 2804 2808 2871 quemdam
2831 2806 3071 2858 narrandi
3095 2805 3327 2859 ordinem

1810 2894 2035 2955 tenuisse
2064 2891 2355 2956 videantur,
2410 2902 2714 2946 nontamen
2757 2895 3106 2961 unusquisque
3151 2908 3331 2947 eorum

1810 2980 1948 3030 velut
1977 2978 2189 3031 alterius
2220 2978 2573 3045 praecedentis
2602 2980 2809 3048 ignarus
2848 2981 3070 3035 voluisse
3101 2982 3329 3036 scribere

1814 3067 2085 3134 reperitur,
2114 3068 2190 3119 vel
2222 3072 2451 3135 ignorata
2482 3070 2872 3135 prietermisisse
2910 3085 3022 3137 qua:
3061 3073 3331 3140 scripsisse

1817 3161 1945 3211 alius
1973 3159 2254 3221 invenitur,
2294 3158 2383 3212 sed
2406 3160 2539 3213 sicut
2580 3162 2857 3229 unicuique
2900 3162 3204 3229 inspiratutn
3234 3175 3335 3222 est,

1813 3262 1913 3300 non
1944 3248 2255 3313 superﬂuam
2287 3251 2714 3313 cooperationem
2745 3250 2822 3302 sui
2856 3250 3049 3303 laboris
3074 3248 3324 3315 adjunxit.

1813 3334 1937 3386 Nam
1968 3333 2236 3387 Matthmus
2271 3335 2563 3399 suscepisse
2591 3336 2895 3402 intelligitur
2928 3335 3330 3389 incarnationem

1817 3424 2017 3477 Domini
2039 3424 2321 3479 secundum
2345 3426 2556 3493 stirpem
2582 3425 2860 3492 regiam,et
2886 3425 3130 3492 pleraque
3157 3439 3347 3478 secun—

1814 3516 1934 3569 dum
1957 3516 2221 3569 hominum
2266 3524 2576 3581 praesentem
2605 3515 2761 3567 vitam
2792 3513 2922 3565 facta
2955 3522 3009 3566 et
3037 3514 3172 3565 dicta
3204 3514 3335 3578 μῖιιε.

1817 3604 2011 3657 Marcus
2034 3605 2169 3657 enim
2195 3605 2503 3657 subsecutus
2528 3615 2766 3669 tanquam
2800 3604 3139 3670 pedissequus
3162 3614 3211 3655 et
3231 3606 3338 3655 irre-

1818 3692 1979 3744 riatnr
2026 3690 2141 3759 ejus
2170 3692 2389 3743 videtur.
2423 3690 2549 3743 Cum
2591 3689 2704 3743 solo
2753 3691 2942 3757 quippe
2971 3691 3172 3744 Joanne
3211 3691 3342 3743 nihil

1816 3782 1963 3844 dixit,
1995 3782 2133 3834 Solus
2166 3780 2275 3849 ipse
2302 3795 2575 3848 perpauca,
2609 3794 2724 3832 cam
2750 3780 2864 3833 solo
2904 3780 3036 3832 Luca
3077 3780 3341 3846 pauciora,

1817 3890 1934 3926 cum
1959 3874 2195 3925 Matthzeo
2217 3886 2337 3924 vero
2358 3871 2596 3937 plurima,
2624 3879 2678 3922 et
2701 3869 2857 3921 multa
2882 3884 3011 3937 perte
3035 3868 3244 3921 totidem
3268 3880 3346 3921 at-

1819 3980 1916 4029 que
1948 3964 2055 4029 ipse
2085 3960 2254 4013 verbis
2280 3959 2389 4011 sive
2418 3972 2533 4010 cum
2558 3958 2670 4010 solo
2698 3958 2806 4009 sive
2849 3971 2966 4008 cum
2996 3955 3197 4009 cancris
3222 3970 3346 4008 con-

1819 4064 2059 4106 sonante.
2090 4051 2252 4103 Lucas
2273 4057 2443 4100 autem
2462 4046 2595 4098 circa
2617 4045 2989 4098 sacerdotalem
3014 4044 3347 4098 Doministir-

1824 4160 1933 4211 pem
1950 4152 2100 4207 atque
2117 4153 2385 4206 personam
2410 4138 2568 4201 magis
2590 4143 2869 4201 occupatus
2891 4143 3122 4200 apparet.
3148 4133 3273 4185 Nam
3296 4143 3349 4187 et

1820 4236 1881 4287 ad
1903 4236 2065 4298 ipsum
2090 4228 2251 4283 David
2272 4243 2371 4279 non
2397 4227 2593 4291 regium
2616 4235 2833 4277 stemma
2864 4234 3069 4275 secutus
3094 4224 3343 4288 ascendit,

1821 4324 1909 4375 sed
1942 4336 2031 4389 per
2059 4335 2147 4371 eos
2178 4319 2262 4384 qui
2294 4331 2439 4384 reges
2471 4332 2570 4366 non
2597 4314 2823 4375 fuerunt,
2848 4314 2950 4365 exit
2973 4313 3035 4364 ad
3059 4313 3253 4364 Nathan
3286 4312 3343 4363 ii-

185 4420 484 4483 diligentius
523 4418 777 4483 inspicere
805 4419 1004 4488 sategi;
1039 4419 1442 4487 mandatumque
1471 4420 1715 4472 continuo
1752 4442 1798 4498 Ι)
1824 4414 1945 4461 lim"
1971 4407 2255 4474 ῡανίάνιιιιί
2279 4420 2372 4457 ιιυο
2396 4407 2502 4469 il'Sc
2526 4419 2611 4454 “3‘
2637 4403 2748 4454 ίύίῑ-
2767 4401 2877 4455 Νυη
2905 4402 3035 4454 Sict“
3062 4402 3346 4461 “aluimus.

187 4506 470 4566 schedulis,
502 4512 553 4558 ut
592 4505 825 4572 jussisti,
856 4508 931 4557 vel
976 4505 1099 4574 ipsis
1147 4524 1328 4560 eorum
1374 4508 1607 4576 syllabis,
1641 4509 1717 4560 vel

188 4604 332 4649 certe
357 4596 507 4655 meis.
539 4596 801 4648 breviandi
831 4612 1007 4659 causa,
1040 4598 1394 4661 sermonibus,
1428 4609 1481 4650 ut
1511 4599 1720 4650 videba-

192 4697 291 4747 tur,
321 4685 480 4743 edidi.
512 4684 738 4749 Quorum
769 4689 885 4753 quia
914 4702 1189 4753 epernsutn
1232 4698 1345 4740 erat
1373 4689 1617 4740 vocabula
1644 4689 1719 4740 in-

194 4786 451 4828 tersercre
474 4790 563 4843 per
580 4776 1000 4845 singula,etquid
1028 4792 1053 4828 a
1078 4793 1180 4845 quo
1205 4788 1417 4832 auctore
1441 4781 1508 4831 sit
1528 4781 1720 4833 dictum

195 4868 495 4921 nominatim
538 4868 846 4930 ostendere,
895 4870 1221 4921 commodum
1271 4870 1392 4921 duxi
1444 4871 1647 4924 eminus
1693 4887 1722 4925 e

196 4959 356 5011 latere
386 4958 578 5024 primas
606 4958 869 5009 nominum
918 4958 1117 5010 litteras
1168 4957 1483 5023 imprimere,
1527 4975 1721 5027 perque

199 5051 289 5099 has
319 5047 508 5099 viritim
542 5046 625 5099 ubi
654 5047 898 5113 cujusque
932 5047 1137 5100 Patrum
1171 5049 1404 5113 incipiat,
1437 5050 1519 5102 tibi
1548 5065 1724 5103 sermo

198 5153 350 5203 quem
380 5137 614 5188 transtuli
638 5138 856 5199 desinat,
874 5137 1129 5200 intimare,
1148 5137 1399 5188 sollicitus
1424 5152 1513 5203 per
1529 5140 1721 5200 omnia,

201 5242 262 5279 ne
289 5227 538 5291 majorum
568 5224 701 5277 dicta
733 5225 911 5289 furari,
944 5234 998 5279 et
1026 5226 1133 5279 ltaac
1164 5226 1307 5293 quasi
1357 5240 1471 5277 mea
1520 5229 1726 5295 propria

201 5331 515 5382 componere
542 5316 677 5369 dicat
704 5325 749 5367 ³.

268 5408 585 5473 Multumque
614 5407 848 5469 obsecro,
882 5417 932 5459 et
964 5422 1053 5470 per
1086 5407 1353 5459 Domimnn
1385 5406 1611 5472 legentes
1635 5408 1728 5459 ob-

202 5507 381 5562 testor,
414 5506 467 5549 ut
496 5499 536 5549 si
564 5497 651 5563 qui
694 5497 826 5549 l'orte
858 5507 1032 5549 nostra
1061 5497 1171 5550 lucc
1195 5498 1572 5563 qualiacunque
1601 5505 1727 5550 sunt

1822 4504 1907 4569 qui
1938 4518 2026 4568 per
2056 4502 2382 4552 Salomonetn
2405 4509 2578 4563 regem
2606 4493 2925 4547 descendens
2948 4503 3165 4545 ceteros
3191 4493 3348 4543 etiam

1828 4606 1973 4658 reges
2018 4605 2077 4641 ex
2127 4588 2305 4640 ordine
2339 4593 2640 4651 persecutus
2670 4592 2768 4643 est,
2808 4596 3026 4634 servans
3073 4581 3123 4632 in
3152 4580 3227 4630 eis
3257 4580 3345 4647 (de

1827 4700 1927 4750 quo
1958 4689 2128 4746 postea
2159 4676 2437 4743 loquimur)
2469 4677 2737 4741 mysticum
2762 4686 3052 4725 numerum.
3099 4668 3347 4721 Dominus

1828 4774 1962 4824 enim
2000 4768 2150 4821 Jesus
2177 4766 2432 4827 Christus,
2478 4775 2606 4813 unus
2636 4776 2786 4813 verus
2818 4775 2902 4812 rex
2956 4770 3005 4811 et
3036 4772 3165 4809 unus
3196 4770 3359 4810 verus

1830 4861 2093 4919 sacerdos,
2125 4857 2245 4909 illud
2278 4855 2339 4906 ad
2373 4852 2625 4920 regendos
2669 4867 2780 4911 nos,
2826 4854 2920 4902 hoc
2950 4850 3011 4901 ad
3040 4848 3341 4914 expiandus,

1830 4955 1919 5005 has
1957 4952 2082 5002 duas
2112 4958 2354 5012 personas
2384 4942 2516 5009 apud
2546 4943 2723 4993 Patres
2753 4941 2885 5008 singi
2913 4939 3052 4989 latim
3084 4952 3347 4990 commen-

1828 5045 1972 5095 datas
1998 5054 2142 5092 suam
2175 5037 2387 5098 ligurum
2417 5035 2582 5097 egisse
2604 5032 2899 5083 declaravit.
2936 5031 2995 5080 Et
3028 5030 3171 5093 paulo
3196 5038 3307 5093 poat
3339 5048 3347 5078 :

1831 5132 2122 5188 Secundum
2152 5130 2412 5182 hominem
2442 5124 2628 5189 quippe
2672 5122 2905 5173 Christus
2938 5120 3144 5189 (inquit)
3176 5129 3227 5171 et
3258 5135 3346 5172 rex

1832 5235 1882 5276 ct
1914 5222 2153 5275 sacerdos
2178 5218 2388 5271 allectus
2418 5226 2513 5265 est.
2548 5213 2640 5264 Cui
2664 5213 2801 5263 dedit
2830 5214 2959 5264 Deus
2987 5214 3161 5263 sedem
3196 5212 3352 5262 David

1836 5312 1993 5379 putris
2024 5310 2102 5361 sui
2145 5318 2217 5369 nt,
2266 5305 2405 5371 regni
2434 5303 2543 5367 ejus
2578 5318 2678 5352 non
2710 5311 2846 5352 esset
2871 5300 3006 5361 linis,
3037 5311 3083 5352 et
3126 5307 3263 5351 esset
3290 5300 3356 5350 ad

1836 5397 2258 5465 interpellandum
2293 5409 2385 5459 pro
2411 5393 2557 5443 nobis
2590 5390 2840 5441 mediator
2871 5389 2957 5441 Dei
2999 5400 3048 5439 ct
3082 5390 3349 5439 hominum

1837 5490 1989 5540 homo
2027 5485 2260 5538 Christus
2305 5482 2473 5533 Jesus.
2524 5479 2629 5530 Non
2678 5488 2848 5529 autem
2900 5477 3069 5527 habuit
3111 5487 3354 5541 tanquam

271 5641 291 5662 ε’
324 5632 441 5685 "me
473 5630 633 5695 signa,
668 5628 908 5695 inspectis
955 5626 1129 5679 multis
1168 5625 1548 5692 exemplaribus
1592 5638 1714 5679 sane
1752 5638 1904 5691 quam
1936 5637 1977 5672 vi
2000 5622 2169 5679 iustis,
2218 5620 2265 5669 in
2297 5617 2431 5669 nullo
2494 5615 2651 5681 (unde
2680 5611 2933 5674 ridearis)
3010 5611 3231 5679 reperire
3264 5622 3323 5673 tm

208 5704 408 5757 luimus.
444 5701 616 5753 GILES.
