3862 6360
513 305 604 355 (illi

1176 308 1375 363 uenas
1419 309 1862 363 vexenamms
1907 308 2055 362 Ol'l’.
2098 309 2268 364 rans
2307 314 2386 366 ιιι.
2430 345 2497 354 -
2538 316 2996 377 ινΑιιιΕΝειιιςιι.
3601 329 3673 380 ωε

486 415 857 470 νΙιιουνὶςὶιιιΐθιιι
901 417 1234 484 conjunctum
1267 417 1451 478 Lucas,
1483 419 1620 472 sicut
1659 420 1886 474 Marcum
1922 419 2053 472 Mat-
2081 417 2126 474 A
2155 434 2367 475 carnem
2398 428 2722 490 portanulms
2751 430 2981 484 tradidit.
3037 432 3106 485 At
3135 447 3262 487 vero
3292 432 3525 487 Joannes
3551 451 3672 504 spra

510 505 698 569 tlnnus,
722 516 774 556 et
796 505 892 557 hoc
916 504 1050 559 forte
1072 521 1173 559 non
1205 508 1316 559 sine
1342 507 1518 575 aliquo
1548 521 1900 572 sacramento,
1928 511 2049 577 quia

509 607 688 658 regum
716 603 938 646 estnon
978 607 1090 647 esse
1137 595 1252 648 sine
1280 597 1529 649 comitum
1577 597 1848 663 obsequio.
1900 597 2048 653 Unde

507 682 595 735 i!le
621 683 706 749 qui
737 682 928 751 regiam
963 699 1236 748 personam
1283 684 1474 739 Clll‘lstl
1507 688 1816 740 narrandam
1869 703 2047 741 susce-

509 781 672 835 perat,
701 773 879 828 habuit
927 775 1026 829 sibi
1077 785 1320 843 tanquam
1347 779 1588 830 comitem
1622 779 1928 846 adjunctum
1955 780 2043 847 qui

500 877 594 914 sua
618 863 828 932 vestigia
844 865 1228 932 quodammodo
1245 881 1570 936 sequeretur.
1587 870 1846 925 Sacerdos
1868 881 2042 925 autem

468 1003 476 1008 .
498 954 741 1017 quoniam
765 954 815 1006 in
837 966 1014 1010 saneta
1031 967 1331 1011 sanctorum
1345 963 1488 1013 solus
1503 961 1751 1028 intrabat,
1769 972 2042 1029 propterea

499 1042 665 1096 Lucas
705 1045 873 1112 (cujus
920 1047 1058 1100 circa
1089 1047 1437 1102 sacerdotium
1469 1051 1662 1105 Christi
1710 1062 1824 1106 erat
1871 1054 2047 1108 inten-

497 1135 587 1206 tio)
623 1153 724 1191 non
757 1140 936 1193 habuit
975 1151 1218 1207 tanquam
1252 1143 1453 1198 socium
1494 1143 2037 1213 subsequentem,qui

490 1240 637 1280 suam
656 1230 1004 1284 narratioizem
1027 1231 1704 1299 quodammodohrcviarel.
1721 1233 1848 1288 Tres
1863 1245 2034 1289 tamen

490 1319 574 1372 isti
599 1321 931 1388 evangelista:
966 1322 1016 1374 in
1057 1321 1138 1375 his
1169 1324 1321 1376 rebus
1346 1324 1569 1376 maxime
1614 1325 1857 1377 divers'ati
1888 1331 2037 1390 sunt,

488 1422 617 1476 quas
637 1408 874 1462 Christus
898 1423 988 1475 per
1011 1410 1288 1463 humanam
1312 1425 1522 1466 carnem
1548 1411 2035 1481 temporaliterges-

485 1499 570 1550 sit.
609 1499 774 1553 Porro
802 1509 975 1554 autem
1007 1500 1234 1555 Joannes
1260 1501 1427 1568 ipsam
1454 1502 1678 1571 maxime
1701 1501 2035 1557 divinitatem

484 1587 691 1640 Domini
722 1601 822 1655 qua
851 1586 988 1642 Patri
1012 1599 1088 1642 est
1115 1590 1350 1657 aequalis,
1377 1590 1618 1656 intendit,
1648 1605 1871 1657 eamque
1904 1605 2036 1656 prae-

481 1676 634 1741 cipue
659 1691 757 1730 suo
787 1677 1066 1745 Evangelio
1088 1686 1338 1744 quantum
1365 1679 1500 1732 inter
1529 1679 1763 1731 homines
1788 1679 2031 1732 sufficere

2160 511 2332 565 nubila
2351 513 2665 572 infirmitatis
2683 519 2920 574 humana:
2941 522 3084 576 velut
3100 525 3275 592 aquila
3297 526 3464 590 volat,
3482 528 3676 584 ctlncem

2157 604 2594 662 incommutabilis
2617 613 2851 666 veritatis
2875 616 3194 670 acutissimis
3211 628 3376 685 atque
3407 619 3678 676 [iratissimis

2157 696 2323 748 oculis
2345 698 2521 750 cordis
2549 700 2798 756 intuetur.
2834 702 2952 756 Ilmc
2983 705 3119 757 beati
3155 707 3439 774 Augustini
3467 713 3678 775 paueade

2155 782 2386 850 pluribus
2408 799 2650 857 excerpta
2671 792 2964 845 testimonia
2990 795 3054 845 ad
3081 797 3450 864 repellendam
3472 804 3679 866 querulo-

2152 886 2263 924 rum
2289 875 2606 929 calumniam
2633 881 2866 945 epistolte
2899 883 3226 949 praefationis
3257 887 3479 947 inserui,
3514 903 3616 956 qna:
3639 902 3682 946 et

2149 961 2320 1026 prisco
2341 973 2522 1017 oestro
2535 969 2676 1032 operi
2695 968 2774 1036 (ut
2794 971 2988 1024 dictum
3004 975 3110 1041 est)
3135 975 3356 1028 tutelam
3382 975 3678 1030 defensionis

2146 1051 2448 1118 exhibeant,
2471 1065 2524 1109 et
2553 1061 2800 1124 przesenti
2820 1062 3145 1130 signaculum
3171 1080 3276 1120 non
3310 1067 3545 1134 ignobile
3571 1082 3679 1136 pra.

2148 1140 2322 1208 ligant.
2353 1142 2601 1198 Orantem
2635 1159 2730 1216 pro
2759 1151 2907 1204 nobis
2934 1162 3171 1206 sanctam
3197 1156 3567 1220 paternitatem
3603 1171 3679 1208 ve-

2143 1241 2301 1284 stram
2334 1236 2496 1301 gratia
2536 1239 2748 1305 superni
2799 1230 3050 1308 adjutoris
3089 1258 3414 1298 conservare
3455 1253 3602 1312 atque
3624 1249 3678 1297 ait

2142 1321 2496 1379 defensionem
2546 1326 2791 1394 Ecclesia:
2820 1345 2929 1384 suae
2959 1342 3155 1387 sanct:e
3195 1348 3415 1402 semper
3448 1333 3677 1390 corrobo-

2143 1426 2256 1466 rare
2284 1412 2542 1482 dignetur.

2697 1511 3014 1566 EPISTULA
3062 1514 3100 1564 Χ
3114 1557 3127 1574 ,

2758 1615 2822 1651 Αἰ)
2860 1615 3056 1652 Ααωιι.

2581 1684 2654 1737 De
2679 1688 2987 1754 capesitione
3011 1689 3250 1743 Acutum.

478 1764 724 1832 credidit,
753 1769 1125 1822 commendare
1154 1768 1378 1821 curavit.
1415 1767 1590 1836 Itaque
1617 1768 1769 1836 longe
1797 1783 1826 1821 a
1860 1769 2023 1822 tribus
2064 1741 2108 1799 Β
2209 1768 2430 1822 Domino
2449 1771 2504 1842 in
2535 1770 2744 1825 Christo
2772 1773 3232 1831 desideratissimo
3261 1791 3314 1834 et
3343 1796 3472 1837 vere
3493 1782 3672 1838 beatis-

477 1855 590 1909 istis
614 1855 853 1921 superius
882 1856 1062 1922 fertur,
1111 1856 1178 1910 ita
1211 1865 1265 1911 ut
1304 1856 1403 1912 hos
1431 1858 1612 1912 videas
1643 1859 2031 1928 quodammodo

475 1947 530 2000 in
563 1955 698 1999 terra
726 1960 845 1999 eum
872 1946 1084 2000 Christo
1106 1945 1320 2001 homine
1341 1949 1659 2013 conversari,
1689 1949 1831 2002 illum
1854 1956 2026 2002 autem

477 2034 868 2089 transcendisse
895 2035 1143 2090 nebulam
1190 2051 1290 2105 qua
1341 2039 1530 2107 tegitur
1558 2038 1726 2091 omnis
1773 2046 1934 2102 terra,
1978 2046 2031 2090 et

474 2125 772 2190 pervenisse
791 2125 854 2178 ad
880 2125 1128 2195 liquidum
1156 2128 1369 2193 coelum,
1391 2128 1531 2182 unde
1556 2129 1667 2181 aeic
1691 2129 1881 2183 mentis
1903 2143 2023 2180 acu-

471 2215 669 2268 tissima
698 2227 853 2284 atque
881 2216 1178 2269 firmissima
1206 2217 1407 2270 videret
1435 2218 1484 2270 in
1518 2218 1773 2287 principio
1807 2217 2022 2271 verbum

471 2309 677 2362 Domini
707 2307 842 2376 apud
877 2308 1036 2360 Deum
1058 2347 1074 2370 ,
1123 2324 1213 2373 per
1240 2311 1377 2378 quod
1418 2309 1552 2363 facta
1595 2320 1715 2364 sunt
1744 2311 1944 2374 omnia,
1973 2320 2025 2365 et

470 2404 640 2467 ipsum
666 2407 969 2468 agnosceret
996 2415 1208 2454 carnem
1241 2402 1435 2456 factum
1470 2414 1525 2455 ut
1558 2402 1816 2454 habitaret
1848 2401 1898 2453 in
1931 2417 2023 2452 no—

466 2491 565 2544 bis.
601 2491 724 2545 Item
754 2501 868 2558 post
910 2491 1172 2558 aliquanta
1224 2510 1234 2543 :
1282 2491 1431 2547 Unde
1483 2492 1608 2544 mihi
1639 2475 1902 2552 videntur,
1939 2493 2018 2543 in-

465 2582 597 2646 quit,
630 2580 717 2646 qui
759 2594 821 2632 ex
857 2579 1170 2647 Apocalypsi
1215 2579 1296 2632 illa
1325 2590 1546 2646 quatuor
1574 2579 1815 2632 animalia
1845 2578 1907 2632 ad
1942 2580 2020 2632 in-

473 2670 780 2736 telligendos
825 2678 1046 2734 quatuor
1094 2668 1451 2737 evangelistas
1504 2668 1832 2735 interpretati
1870 2676 2012 2731 sunt,

465 2761 784 2824 probabilius
825 2758 1017 2827 aliquid
1072 2760 1360 2813 attendisse
1407 2760 1479 2813 illi
1547 2762 1637 2828 qui
1704 2761 1907 2812 leonem
1961 2759 2013 2812 in

461 2849 726 2912 Matthmo,
763 2849 1021 2902 hominem
1057 2850 1106 2902 in
1139 2850 1329 2912 Marco,
1360 2850 1654 2927 vitulum'in
1684 2850 2011 2918 Luca,aqni-

461 2939 563 2991 lam
611 2940 661 2991 in
706 2938 907 2992 Joanne
937 2939 1327 3004 intellexerunt,
1377 2955 1532 3008 quam
1583 2940 1654 2994 illi
1703 2943 1790 3010 qui
1838 2942 2007 2994 homio

461 3045 579 3085 nem
610 3031 872 3093 Mattha-o,
915 3029 1140 3097 aquilam
1174 3030 1369 3095 Marco,
1423 3030 1628 3082 leonem
1677 3029 1864 3083 Joanni
1915 3033 2008 3082 tri—

459 3123 704 3175 buerunt.
774 3119 849 3171 De
900 3120 1163 3186 priniipiis
1209 3122 1346 3173 enim
1412 3121 1666 3174 librorum
1723 3121 2000 3189 quamdam

459 3209 810 3277 conjecturam
833 3224 1020 3278 capere
1046 3209 1340 3272 voluerunt,
1373 3225 1471 3262 non
1496 3212 1559 3263 dc
1583 3219 1687 3263 tota
1715 3212 2007 3266 intentione

455 3295 888 3366 evangelistarum
924 3337 940 3362 ,
991 3313 1106 3366 quae
1169 3301 1330 3365 magis
1385 3299 1552 3353 fuerat
1605 3301 2000 3366 perscrutanda.

457 3387 614 3441 Multo
639 3389 776 3441 enim
805 3389 1174 3457 congruentius
1205 3389 1294 3442 ille
1322 3389 1406 3456 qui
1438 3391 1631 3455 regiam
1653 3389 1851 3441 Christi
1885 3405 2003 3457 pcr—

453 3494 634 3532 sonam
667 3479 892 3532 maxime
933 3478 1341 3543 commendavit,
1371 3493 1462 3546 per
1493 3477 1696 3532 leonem
1727 3478 1996 3547 signiﬁca-

455 3583 536 3624 tus
565 3569 836 3636 accipitur.
874 3568 1022 3622 Unde
1049 3578 1100 3621 et
1131 3569 1180 3621 in
1223 3568 1535 3637 Apocalypsi
1574 3583 1690 3621 cum
1716 3569 1828 3634 ipsa
1860 3569 1997 3623 tribu

453 3661 594 3729 regia
623 3661 704 3714 leo
733 3667 1171 3714 commen‘iomtus
1201 3669 1300 3722 est,
1351 3659 1436 3712 ubi
1467 3659 1662 3711 dictum
1695 3668 1775 3712 est
1807 3674 1820 3711 :
1859 3657 1994 3711 Vicit

448 3751 529 3803 leo
553 3751 614 3803 de
639 3750 768 3801 tribu
789 3748 1260 3802 Jnda.Secundum
1285 3749 1580 3801 Mattliaeum
1608 3748 1746 3800 enim
1775 3757 1828 3801 et
1857 3749 1993 3817 magi

453 3850 733 3894 narrantur
759 3839 966 3891 venisse
987 3839 1053 3890 ab
1084 3837 1293 3891 Oriente
1319 3836 1381 3888 ad
1415 3849 1592 3902 regem
1626 3836 1988 3902 qumrendum,

450 3940 503 3982 et
527 3927 871 3990 adorandum,
902 3927 987 3994 qui
1012 3927 1086 3980 eis
1115 3943 1203 3992 per
1232 3926 1436 3979 stellam
1469 3935 1619 3978 natus
1648 3926 1904 3992 apparuit,
1938 3936 1989 3977 et

447 4020 560 4086 ipse
603 4033 690 4071 rex
745 4017 975 4070 llerodes
1015 4032 1187 4084 regem
1233 4015 1497 4068 Christum
1546 4015 1788 4068 formidat
1825 4016 1997 4068 infan—

449 4118 575 4170 tem,
606 4117 760 4173 atque
787 4117 839 4156 ut
861 4121 978 4157 eum
1005 4104 1166 4170 possit
1193 4104 1430 4157 occidere
1454 4113 1529 4157 tot
1547 4104 1790 4168 parvulos
1813 4111 1986 4159 necat.

444 4195 592 4262 Quod
624 4206 792 4246 autem
821 4207 912 4259 per
955 4191 1170 4244 vitulum
1204 4192 1367 4245 Lucas
1395 4192 1715 4261 significatus
1755 4193 1823 4245 sit
1869 4206 1989 4259 pro—

445 4294 558 4353 pter
587 4282 863 4336 maximam
896 4281 1157 4334 victimam
1183 4281 1487 4344 sacerdotis,
1516 4283 1684 4334 neutri
1715 4282 1986 4334 dubitave-

445 4386 582 4430 runt.
621 4375 688 4428 lbi
715 4373 852 4426 enim
884 4388 914 4424 a
959 4372 1234 4424 sacerdote
1276 4371 1525 4423 Zacliaria
1575 4371 1755 4437 incipit
1806 4387 1982 4424 sermo

444 4465 723 4520 narrantis.
771 4464 841 4516 lbi
869 4462 1111 4530 cognatio
1140 4462 1313 4514 Maria:
1343 4473 1393 4515 et
1441 4462 1707 4514 Elisabeth
1751 4477 1983 4516 eorume-

442 4564 689 4611 moratur.
725 4554 794 4606 lbi
827 4560 1149 4606 sacramenta
1183 4551 1333 4619 primi
1367 4551 1642 4603 sacerdotii
1677 4553 1725 4604 in
1778 4549 1976 4605 infante

443 4649 648 4702 Christo
679 4644 887 4710 impleta
937 4649 1230 4695 narrantur.
1266 4640 1330 4692 Et
1365 4657 1686 4709 quaecunque
1717 4643 1816 4695 alia
1851 4657 1982 4710 pos-

437 4745 560 4788 sunt
587 4736 862 4801 diligenter
885 4731 1102 4791 adverti,
1122 4731 1311 4797 quibus
1338 4740 1584 4797 appareat
1612 4730 1776 4783 Lucas
1803 4731 1984 4785 inten-

440 4831 631 4879 tionem
662 4828 794 4878 circa
824 4834 1098 4890 personam
1133 4821 1422 4873 sacerdotis
1457 4820 1720 4871 habuisse.
1773 4818 1980 4875 Marcus

438 4930 562 4970 vero
586 4913 674 4983 qui
717 4928 884 4980 neque
911 4912 1125 4979 stirpem
1161 4911 1350 4977 regiam
1393 4926 1557 4977 neque
1589 4913 1972 4963 sacerdotalem

439 5008 520 5061 vel
549 5006 908 5075 cognationem
940 5005 1019 5056 vel
1051 5002 1494 5056 consecrationem
1539 5017 1752 5054 narrare
1779 5002 1972 5064 voluit,

438 5109 486 5151 et
509 5106 680 5150 tamen
703 5095 752 5147 in
778 5095 855 5147 eis
888 5105 1123 5146 versatus
1153 5090 1441 5145 ostenditur
1472 5106 1584 5155 quae
1618 5093 1774 5143 homo
1812 5091 1962 5144 Chri-

438 5197 548 5241 stus
589 5195 829 5252 operatus
875 5194 975 5245 (εει,
1024 5191 1218 5234 tantum
1267 5181 1491 5232 hominis
1524 5181 1741 5249 ﬁguram
1784 5182 1833 5233 in
1864 5181 1965 5233 illis

438 5288 659 5345 quatuor
689 5276 995 5326 animalibus
1017 5270 1337 5337 significasse
1364 5272 1584 5322 videtur.
1640 5270 1758 5322 llare
1789 5279 1963 5322 autem

439 5368 676 5422 animalia
704 5364 820 5426 tria,
849 5365 955 5415 sive
1005 5363 1105 5427 leo,
1139 5362 1247 5413 sive
1277 5362 1461 5421 homo,
1502 5362 1611 5413 sive
1657 5360 1867 5423 vitulus,
1917 5362 1965 5414 in

440 5471 573 5510 terra
621 5456 945 5522 gradiuntur.
981 5451 1127 5504 Unde
1173 5450 1253 5502 isti
1286 5458 1390 5502 tres
1418 5451 1750 5519 evangelista:
1797 5451 1846 5502 in
1888 5452 1967 5504 his

441 5547 665 5599 maxime
689 5546 924 5608 occupati
958 5553 1074 5593 sunt
1102 5557 1215 5606 qua:
1247 5542 1483 5595 Christus
1512 5543 1561 5592 in
1594 5557 1749 5594 carne
1776 5556 1962 5607 Opera—

443 5649 520 5692 tus
550 5646 653 5702 est,
689 5649 732 5684 et
768 5648 876 5700 qur
911 5641 1167 5700 piari-cpta
1225 5633 1454 5683 Ill.'l".'.lll5
1502 5632 1615 5686 vitae
1666 5633 1969 5684 exercendae

2035 3077 2081 3140 C

2133 1859 2267 1913 simo
2322 1862 2475 1914 Acca:
2523 1862 2792 1932 episcopo,
2824 1864 2988 1927 Beda,
3023 1877 3329 1934 perpetuam
3367 1871 3420 1924 in
3468 1870 3672 1927 Domino

2131 1950 2374 2004 salutem.
2419 2011 2421 2013 1

2203 2041 2392 2108 Accepi
2421 2044 2768 2096 creberrimas
2796 2045 3140 2099 beatitudinis
3174 2055 3279 2100 ture
3311 2049 3535 2113 litteras,
3569 2053 3666 2115 qui-

2131 2128 2226 2181 bus
2255 2145 2336 2182 me
2366 2145 2702 2186 cominonere
2739 2133 2981 2200 dignatus
3010 2149 3068 2187 es
3089 2175 3103 2196 ,
3145 2150 3209 2187 ne
3237 2138 3428 2190 tuentis
3459 2153 3664 2192 acumen

2130 2219 2280 2272 inerti
2310 2221 2417 2274 otio
2448 2232 2653 2289 torpere
2679 2232 2730 2275 et
2755 2223 3054 2276 obdormire
3084 2226 3405 2289 permittam,
3439 2228 3533 2280 sed
3565 2243 3660 2281 me-

2127 2307 2357 2361 ditandis
2379 2311 2781 2378 scrutaizdisque
2806 2311 3037 2380 quotidie
3059 2312 3343 2378 Scripturis
3376 2316 3500 2383 vigil
3525 2325 3663 2384 atque

2127 2399 2421 2452 indefessus
2453 2400 2711 2466 insistam,
2741 2409 2792 2454 et
2828 2411 2943 2467 post
2984 2402 3366 2468 expositionem
3387 2385 3662 2473 'Apoealy-

2129 2503 2280 2551 pseos
2307 2488 2471 2541 sancti
2500 2490 2833 2556 evangelista:
2863 2488 3098 2553 Joannis,
3129 2506 3283 2559 quam
3308 2493 3485 2546 fratris
3512 2495 3662 2547 nostri

2124 2579 2333 2632 Eusebii
2388 2591 2568 2647 rogatu
2616 2580 2783 2633 tribus
2833 2581 2977 2633 libris
3022 2583 3370 2648 complexam,
3421 2599 3542 2637 mox
3574 2585 3654 2637 tibi

2122 2670 2566 2724 transeribendam
2597 2670 2850 2722 destinavi
2879 2708 2894 2734 ,
2927 2671 3422 2738 inoexplanationem
3456 2689 3656 2741 quoque

2121 2761 2256 2813 beati
2286 2759 2622 2828 evangelista:
2646 2761 2818 2824 Lucae,
2842 2759 2988 2828 juxta
3013 2761 3224 2830 vestigia
3249 2761 3480 2824 Patrum,
3507 2779 3652 2830 quan-

2116 2858 2222 2900 tum
2242 2849 2438 2901 valeam
2456 2849 2659 2902 sudoris
2680 2850 2994 2913 impendam.
3023 2849 3171 2916 Quod
3202 2852 3318 2916 quia
3349 2852 3524 2905 facere
3547 2867 3656 2905 nec-

2114 2938 2237 2990 dum
2263 2939 2427 3004 potui,
2458 2949 2508 2991 et
2534 2939 2730 3005 operis,
2760 2939 3016 3000 videlicet,
3038 2941 3383 2994 immensitate
3415 2944 3656 3010 perterri-

2115 3039 2217 3093 tus,
2237 3039 2287 3080 et
2311 3028 2719 3094 obstrepentium
2743 3043 3018 3082 causarum
3044 3031 3197 3099 (quas
3220 3040 3272 3084 tu
3298 3032 3485 3085 melius
3503 3032 3654 3100 nosti)

2115 3117 2426 3170 necessitate
2457 3118 2790 3186 praepeditus,
2824 3134 2888 3172 ne
2936 3129 3107 3172 tamen
3143 3130 3243 3173 tua:
3291 3125 3650 3190 postulationis

2111 3215 2533 3259 contemneretur
2557 3211 2838 3261 auctoritas
2863 3249 2876 3271 ,
2921 3209 3058 3275 quod
3093 3209 3297 3263 interim
3330 3213 3502 3278 potui,
3539 3212 3648 3265 feci.

2110 3292 2226 3345 Misi
2255 3294 2392 3346 enim
2423 3297 2726 3360 opusculum
2774 3295 2824 3348 in
2873 3299 3035 3351 Actus
3077 3301 3430 3366 apostolorum
3455 3341 3472 3365 ,
3517 3305 3649 3368 quod

2108 3391 2227 3435 ante
2259 3398 2358 3436 non
2382 3385 2572 3438 multos
2595 3385 2707 3439 dies
2728 3385 2947 3450 editum,
2965 3396 3019 3440 et
3044 3388 3376 3444 velocissime
3401 3403 3644 3460 quantum

2109 3481 2311 3540 tempus
2339 3474 2597 3539 dederat,
2631 3490 2695 3528 ne
2726 3485 2809 3529 tua
2839 3491 3172 3531 sacrosancta
3213 3481 3450 3534 voluntas
3483 3484 3657 3550 impei

2085 3562 2327 3626 .diretnr,
2354 3564 2684 3617 emendatum
2709 3567 3078 3636 membranulis
3105 3568 3416 3625 indideram.
3469 3571 3565 3627 Ubi
3590 3589 3641 3627 ea

2104 3667 2220 3718 qua:
2263 3654 2344 3706 vel
2377 3654 2594 3721 mystice
2620 3665 2763 3723 gesta
2796 3656 2874 3710 vel
2915 3658 3186 3712 obscurius
3221 3660 3357 3713 dicta
3389 3662 3640 3715 videbam

2107 3750 2209 3806 tur,
2238 3753 2388 3810 prout
2418 3744 2561 3810 potui
2593 3745 2879 3801 dilucidare
2908 3748 3121 3802 tentavi.
3154 3747 3211 3802 In
3245 3765 3349 3816 quo
3379 3765 3460 3804 me
3487 3763 3639 3816 Opus-

2100 3834 2218 3886 culo
2247 3848 2363 3887 cum
2390 3835 2475 3888 alii
2503 3835 2708 3900 plurimi
2739 3836 2854 3889 fidei
2883 3837 3154 3892 catholica:
3185 3840 3493 3905 scriptores,
3529 3849 3634 3892 tum

2099 3928 2322 3978 maxime
2343 3925 2479 3993 juvit
2509 3930 2694 3979 Arator
2722 3939 2917 3981 sancta:
2950 3928 3196 3982 Romana:
3235 3929 3483 3984 Ecclesia:
3515 3931 3634 3985 sub.

2099 4015 2368 4079 diaconus,
2402 4015 2487 4082 qui
2519 4014 2686 4082 ipsum
2718 4029 2780 4068 ex
2822 4017 3002 4070 ordine
3047 4017 3234 4070 librum
3285 4017 3493 4072 heroico
3525 4035 3640 4074 car-

2095 4107 2236 4159 mine
2267 4119 2616 4172 percurieus,
2655 4106 2932 4160 nonnullos
2981 4108 3032 4158 in
3079 4107 3266 4160 eodem
3312 4116 3482 4162 metro
3508 4109 3638 4163 alle-

2093 4197 2250 4262 goria:
2282 4195 2436 4248 flores
2479 4195 2755 4249 admiscuit
2796 4213 2808 4247 :
2855 4196 3180 4250 occasionem
3211 4198 3336 4252 mihi
3379 4200 3636 4260 tribuens.

2095 4285 2174 4337 vel
2203 4285 2301 4336 alia
2331 4299 2393 4337 ex
2427 4285 2506 4336 his
2535 4284 2806 4350 colligendi
2831 4323 2847 4347 ,
2881 4286 2962 4337 vel
2989 4286 3168 4338 eadem
3218 4287 3422 4353 planius
3466 4303 3631 4355 expo-

2096 4374 2269 4427 nendi.
2301 4377 2462 4426 Actus
2491 4373 2646 4440 igitur
2672 4372 3026 4439 apostolorum
3058 4374 3133 4442 (ut
3158 4375 3341 4429 beatus
3376 4377 3634 4448 Hierony-

2092 4479 2206 4518 mus
2244 4462 2336 4531 ait)
2378 4463 2569 4516 nudam
2602 4462 2808 4528 quidem
2840 4476 3027 4517 sonare
3059 4465 3304 4518 videntur
3333 4466 3630 4532 historiam,

2085 4564 2135 4606 et
2163 4558 2423 4606 nascentis
2450 4552 2698 4604 Ecclesiae
2726 4551 2996 4604 infantiam
3029 4562 3233 4616 texere;
3263 4553 3358 4606 sed
3397 4555 3441 4607 si
3466 4570 3631 4610 nove-

2084 4645 2245 4695 riimis
2275 4657 2453 4695 eorum
2481 4629 2784 4705 scriptorem
2810 4639 3010 4695 Lucam
3029 4655 3141 4694 esse
3164 4642 3448 4706 medicum,
3480 4644 3632 4710 cujus

2085 4733 2195 4785 laus
2213 4740 2293 4784 est
2323 4731 2372 4782 in
2406 4730 2710 4798 Evangelio,
2741 4728 3205 4783 animadvertimus
3230 4730 3426 4797 pariter
3446 4731 3625 4786 omnia

2082 4824 2239 4875 verba
2294 4821 2428 4874 illius
2477 4804 2666 4872 auium
2709 4819 3000 4887 languentis
3046 4834 3158 4873 esse
3195 4821 3529 4874 medicinam.
3584 4824 3625 4877 Ε

2080 4911 2269 4979 quibus
2308 4925 2401 4962 nos
2431 4910 2598 4976 aliqua
2635 4908 2780 4975 juxta
2824 4909 3090 4962 modulum
3120 4920 3310 4962 nostrm
3342 4911 3622 4978 parvitatis

2080 4999 2386 5066 expasituri,
2404 4999 2568 5065 primo
2594 5000 2875 5051 admonere
2896 4989 3188 5052 curabimus
3207 5001 3376 5066 ipsum
3395 5016 3622 5071 evange-

2082 5091 2248 5143 listam
2283 5089 2494 5151 Lucam,
2526 5096 2582 5142 ut
2604 5089 2796 5140 dictum
2822 5095 2921 5149 est,
2941 5086 3086 5154 juxta
3116 5088 3440 5142 traditionem
3472 5099 3621 5144 vete-

2080 5194 2194 5230 rum
2229 5177 2475 5229 Ecclesia:
2507 5183 2865 5238 tractatorum,
2892 5173 3155 5226 medicina
3182 5177 3307 5228 artis
3332 5176 3492 5229 fuisse
3519 5190 3615 5243 pe-

2079 5268 2398 5329 ritissimum,
2418 5276 2469 5320 et
2491 5265 2654 5331 magis
2667 5264 2876 5316 Graecas
2893 5264 3090 5316 litteras
3109 5265 3317 5317 scivisse
3335 5277 3495 5330 quam
3514 5263 3618 5316 lle-

2080 5359 2262 5410 braaas.
2301 5355 2443 5409 Unde
2488 5369 2663 5407 sermo
2698 5354 2810 5420 ejus
2837 5363 2938 5405 tam
2983 5353 3032 5405 in
3064 5352 3341 5419 Evangelio
3371 5367 3528 5417 quam
3560 5353 3612 5405 in

2083 5450 2295 5500 Actibus
2318 5445 2690 5514 apostolorum,
2714 5445 2972 5510 Comptior
2987 5452 3086 5504 est,
3109 5451 3162 5508 et
3177 5442 3505 5520 smculariuni
3531 5459 3611 5495 re-

2079 5537 2599 5603 doleteloquentiam,
2617 5533 2884 5603 magisque
2908 5531 3206 5587 testimoniis
3222 5532 3422 5585 Grtncis
3447 5533 3610 5584 utitur

2079 5646 2227 5700 quam
2259 5628 2502 5682 Hebr-mis.
2534 5627 2602 5679 Ex
2621 5641 2723 5695 quo
2735 5625 2942 5690 accidit,
2962 5621 3092 5692 quod
3110 5623 3328 5678 maxime
3352 5623 3538 5688 miror,
3561 5631 3612 5675 ct
