3862 6382
178 403 320 459 6‘33
1403 428 1585 481 Slitl'l'.
1629 429 1708 480 IV.

1859 433 2217 494 EPISTULI'I.

174 524 457 583 prtuptcr
487 523 673 588 ingenii
719 524 1505 584 tarditatemvehementissimo
1549 543 1758 600 stupore
1789 537 2032 594 Adinem
2083 558 2305 602 vestram
2360 555 2524 607 Dmnii

174 608 511 664 perculsus
540 611 712 662 nescio
737 616 1066 678 perscrutari,
1097 633 1194 683 qua
1224 622 1419 673 ratione
1446 637 1561 674 cum
1587 624 1634 674 in
1662 623 1766 676 IIe-

175 689 414 748 bmica
444 699 661 751 veritate
703 717 731 752 a
762 702 953 757 diluvio
995 721 1154 774 usque
1201 711 1262 760 ad
1307 712 1560 764 Abraham
1589 716 1766 768 decem

172 788 600 846 generationes
631 791 975 855 inveniantur,
1005 794 1113 858 ipse
1136 799 1300 849 Lucas
1321 800 1404 864 qui
1427 800 1620 864 Spiritu
1645 818 1766 855 san-

173 879 290 922 elo
327 876 604 928 calamum
636 890 848 945 regente
879 881 1171 935 nullatenus
1202 885 1382 939 falsum
1411 889 1640 942 scribere
1670 905 1763 955 po-

180 961 344 1025 tuit,
362 963 611 1016 undecim
625 966 987 1032 generationes
1004 968 1147 1034 juxta
1163 976 1484 1041 septuaginta
1510 977 1765 1043 Interpre-

180 1056 287 1100 lcs
323 1051 546 1118 adjecto
574 1053 803 1118 Cainam,
853 1055 903 1106 in
953 1055 1228 1123 Evangelii)
1281 1075 1468 1126 ponere
1497 1065 1757 1116 maluerit.

183 1138 348 1192 Ideo
386 1154 556 1196 autem
581 1144 628 1196 in
651 1146 907 1213 Evangelii
926 1151 1174 1214 proaauuo
1193 1151 1315 1203 dicit
1339 1154 1434 1204 sibi
1457 1155 1618 1206 visum
1647 1170 1761 1208 esse

179 1243 261 1280 ex
307 1232 512 1286 Olditlc
541 1235 810 1302 diligenter
837 1239 1084 1299 εει-ἱέιηιυο,
1113 1241 1352 1307 ηιΙΟξιίθιιΙ
1377 1243 1474 1295 hoc
1506 1246 1648 1296 multi
1672 1261 1758 1297 (που

181 1320 320 1369 nati
363 1332 507 1374 sunt.
538 1324 636 1374 Sed
667 1339 756 1377 eos
791 1325 1035 1377 debemus
1059 1331 1312 1395 accipere,
1339 1346 1553 1396 quorum
1582 1334 1629 1385 iu
1656 1336 1749 1386 Ec-

178 1408 388 1460 clesia
425 1413 578 1464 multa
628 1422 801 1464 exstat
846 1418 1143 1479 auctoritas,
1195 1420 1311 1484 quia
1342 1419 1390 1471 id
1419 1422 1553 1486 quod
1584 1424 1755 1474 conati

182 1506 374 1560 sunt,
410 1499 625 1563 implere
655 1502 863 1554 minime
893 1512 1189 1566 potuerunt.
1221 1507 1321 1560 Istc
1343 1517 1515 1560 autem
1543 1526 1642 1561 non
1673 1525 1755 1563 so-

190 1586 325 1636 lum
366 1602 530 1654 usque
556 1588 616 1640 ad
647 1592 1076 1644 resurrectionem
1109 1598 1618 1664 assumptiouemque
1651 1599 1752 1651 Do-

187 1675 346 1727 mini
384 1676 625 1740 perduxit
663 1679 1010 1733 narrationem
1043 1697 1210 1748 suam,
1241 1693 1294 1735 ut
1327 1685 1374 1736 in
1417 1696 1638 1751 quatuor
1667 1703 1751 1740 au-

187 1765 459 1819 ctoribus
486 1767 792 1834 evangelicae
813 1768 1093 1835 Scriptura:
1119 1772 1324 1838 digntnn
1347 1787 1438 1827 suo
1469 1776 1640 1828 labore
1666 1775 1755 1827 ha-

189 1854 372 1907 beret
399 1855 780 1922 locum,verum
804 1859 958 1910 etiam
984 1859 1227 1927 deinceps
1243 1876 1358 1928 qua:
1380 1877 1471 1928 per
1494 1855 1750 1928 aposmlos

187 1951 366 2005 gesta
422 1953 562 2007 sunt,
592 1959 704 2011 qua!
752 1946 992 2000 sul‘ttcere
1020 1949 1241 2001 credidit
1289 1950 1351 2002 ad
1394 1951 1749 2006 a'tliticandam

190 2027 377 2081 ﬁdem
409 2032 678 2097 legentium
703 2033 780 2086 vel
807 2034 1152 2098 audientium,
1182 2038 1248 2089 ita
1279 2038 1506 2105 scripsit,
1531 2049 1587 2094 ut
1613 2043 1752 2096 solus

187 2117 328 2183 ejus
381 2119 512 2172 liber
541 2121 640 2173 ﬁde
665 2121 852 2191 dignus
883 2125 1161 2178 haberetur
1189 2128 1238 2179 in
1273 2128 1507 2180 Ecclesia
1536 2131 1599 2182 de
1627 2147 1745 2199 apo-

188 2207 494 2261 stolorum-
523 2211 739 2264 Actibus
779 2215 1058 2277 narrantis,
1091 2217 1378 2282 reprobatis
1400 2219 1636 2272 onmibus
1663 2224 1748 2289 qui

187 2310 310 2348 non
346 2312 408 2348 ea
441 2297 539 2351 ﬁde
567 2315 662 2364 qua
710 2301 938 2367 oportuit
965 2301 1098 2355 facta
1127 2303 1366 2372 dictaque
1393 2308 1745 2371 apostolorum

185 2388 447 2442 scribere
476 2391 583 2442 ausi
635 2404 775 2444 sunt.
807 2391 882 2445 Eo
915 2395 1104 2460 quippe
1144 2403 1378 2462 tempore
1417 2398 1742 2462 scripserunt

187 2475 415 2530 Marcus
442 2487 492 2530 et
515 2478 698 2546 Lucas,
730 2495 834 2548 quo
863 2497 963 2534 non
991 2484 1156 2536 solum
1185 2487 1250 2538 ab
1276 2487 1502 2539 Ecclesia
1525 2487 1742 2552 Christi,

188 2577 388 2616 verum
409 2565 559 2617 etiam
577 2567 642 2616 ab
667 2567 791 2634 ipsis
808 2569 972 2621 adhuc
1003 2571 1052 2622 in
1084 2586 1238 2622 carne
1267 2575 1596 2628 manentibus
1621 2591 1742 2642 apo-

3291 462 3386 512 θθς

2529 572 2607 608 ius
2663 559 2985 624 omnipotens
3047 563 3107 615 ad
3162 553 3386 632 ri-gimen

1870 632 2109 708 Ecclesiie
2141 650 2383 703 pcroetuo
2410 655 2678 698 conservet
2706 647 3039 701 incolumem.

2402 756 2716 810 EPISTOLA
2758 759 2847 812 XI.

2137 817 2375 885 Prtefatio
2405 825 2465 876 de
2496 825 2864 879 lietractutionc
2887 828 3118 880 Artuum.

1929 905 2130 961 Scimus
2156 911 2398 963 eximium
2427 914 2690 968 doctorem
2722 931 2781 969 ac
2810 921 3103 984 poutilicem
3139 919 3373 986 Augusti-

1863 1009 2001 1057 num,
2046 1013 2161 1048 cum
2213 999 2349 1051 essu
2391 1003 2586 1066 senior,
2639 1004 2797 1060 libros
2852 1005 3293 1060 Retractationum
3337 1009 3384 1059 in

1861 1082 2095 1144 qua‘dam
2129 1099 2216 1136 sua
2257 1089 2523 1151 opuscula,
2569 1106 2682 1158 qum
2719 1092 2922 1158 juvenis
2950 1095 3266 1158 eoadiderat,
3305 1096 3378 1147 le-

1860 1167 2009 1227 cisse,
2044 1180 2091 1219 ut
2123 1186 2234 1237 qua:
2261 1189 2322 1223 ex
2351 1183 2581 1241 tempore
2615 1178 2813 1241 melius,
2844 1186 3028 1233 crebro
3059 1197 3118 1234 ex
3145 1183 3382 1235 lectionis

1860 1273 1951 1309 usu
1977 1274 2034 1310 ac
2061 1275 2272 1314 munere
2311 1279 2544 1329 supernze
2593 1268 2841 1333 largitatis
2886 1269 3154 1333 didicerat,
3189 1287 3288 1323 non
3321 1282 3377 1324 ut

1856 1344 1921 1397 de
1947 1348 2107 1411 prisca
2138 1349 2382 1405 confusus
2434 1353 2712 1418 imperitia,
2761 1358 2849 1408 sed
2897 1368 2949 1408 iit
2977 1358 3039 1410 de
3086 1373 3180 1411 suo
3209 1361 3371 1428 magis

1858 1436 2084 1498 pr'ol'ecm
2122 1440 2326 1505 gavisus
2355 1444 2686 1498 monimentis
2733 1447 2935 1500 inderet
2974 1448 3278 1511 litterarum,
3319 1463 3379 1502 ac

1855 1525 2072 1586 poSteris
2096 1524 2308 1602 legenda
2352 1531 2687 1598 relinqueret.
2715 1533 2872 1601 Cujus
2901 1536 3200 1588 industriam
3231 1537 3378 1589 nobis
3421 1559 3426 1564 ’

1853 1623 2057 1674 quoque
2088 1626 2179 1678 pro
2212 1615 2419 1669 modulo
2451 1628 2628 1672 nostro
2669 1621 2864 1686 placuit
2907 1623 3132 1687 imitari,
3179 1633 3234 1676 ut
3265 1635 3381 1691 pest

1852 1697 2222 1760 expositionem
2254 1703 2471 1756 Actuum
2495 1710 2866 1773 apostolorum,
2891 1727 3045 1779 quam
3069 1722 3186 1766 ante
3211 1728 3374 1765 annos

1855 1782 2024 1846 plures
2055 1797 2229 1854 rogatu
2257 1794 2565 1848 venerabilis
2593 1797 2818 1864 episcopi
2853 1797 3018 1860 Acme,
3060 1809 3248 1865 quanta
3280 1816 3369 1853 va-

1853 1871 2038 1926 luimus
2081 1877 2308 1941 solertia,
2357 1883 2777 1948 conscripsimus,
2811 1902 2942 1939 nnnc
2968 1891 3021 1939 in
3055 1888 3191 1941 idem
3234 1888 3377 1942 volu-

1854 1972 1969 2011 men
2003 1960 2210 2016 brevem
2242 1969 2623 2022 retractationis
2655 1971 2884 2025 libellum
2927 1975 3231 2038 condamus,
3271 1985 3376 2027 ειυς

1851 2046 1937 2098 dio
1965 2048 2184 2102 maxime
2211 2053 2287 2104 vel
2316 2055 2538 2107 addendi
2565 2072 2678 2122 qum
2706 2061 2876 2112 minus
2898 2061 3054 2122 dicta,
3083 2062 3162 2114 vel
3195 2076 3373 2115 emen-

1850 2134 2001 2186 dandi
2029 2152 2147 2202 qum
2189 2153 2339 2193 secus
2367 2157 2518 2208 quam
2552 2145 2743 2210 placuit
2773 2147 2908 2200 dicta
2940 2150 3267 2204 videbantur.
3319 2150 3372 2202 In

1847 2235 1950 2288 quo
1971 2226 2122 2276 etiam
2147 2229 2378 2294 quaedam
2403 2247 2517 2297 qua:
2543 2234 2595 2286 iu
2619 2233 2799 2287 ϐιωοο
2821 2238 2930 2288 sive
2954 2237 3123 2295 aliter.
3147 2253 3236 2291 seu
3259 2240 3370 2306 plus

1847 2319 1936 2363 aut
1964 2314 2132 2367 minus
2160 2317 2319 2381 posita
2344 2318 2585 2387 vidimus,
2611 2321 2834 2376 breviter
2857 2337 3264 2378 commemorare
3282 2339 3373 2377 cu-

1851 2402 2098 2455 ravimus.
2129 2403 2253 2465 Qua:
2290 2414 2458 2459 utrum
2500 2409 2812 2476 negligentia
2847 2411 3145 2477 interpretis
3176 2411 3364 2465 omissa

1847 2487 1926 2538 vel
1953 2488 2100 2541 aliter
2121 2489 2274 2556 dicta,
2297 2505 2360 2543 an
2389 2493 2586 2554 incuria
2611 2495 2935 2549 librariorum
2963 2499 3067 2550 sint
3087 2498 3364 2566 depravata

1843 2574 1951 2626 sive
1982 2575 2182 2640 relicta,
2213 2578 2442 2632 nondum
2491 2583 2627 2635 scire
2657 2582 2936 2650 petuimus.
2964 2583 3196 2651 Namque
3227 2584 3367 2638 Gneo

184 2654 356 2707 stolis
387 2657 590 2723 probari
625 2665 920 2724 potuerunt.
976 2659 1100 2712 Nam
1135 2659 1338 2714 DO‘liIlli
1369 2673 1492 2714 nutu
1523 2665 1741 2731 gereba-

190 2751 286 2795 tur
316 2755 376 2796 ut
404 2761 508 2798 non
537 2747 702 2800 solum
734 2751 954 2816 apostoli
985 2750 1070 2818 qui
1103 2752 1355 2814 viderant,
1385 2753 1475 2807 sed
1503 2764 1556 2807 et
1585 2756 1740 2808 disci-

189 2835 306 2899 puli
361 2836 448 2902 qui
496 2836 675 2890 auditu
725 2839 1031 2906 didicerant,
1078 2841 1208 2894 facta
1258 2842 1451 2895 Christi
1504 2845 1740 2909 dictaque

188 2923 610 2988 conscriberent,
640 2934 892 2992 quatenus
919 2931 1252 2996 sequentibus
1280 2929 1524 2982 Ecclesiae
1546 2931 1736 2983 docto-

187 3011 350 3064 ribus
381 3025 440 3063 ea
471 3027 585 3078 qua:
617 3027 717 3066 non
764 3013 997 3067 viderant
1030 3014 1340 3082 praedicandi
1368 3016 1733 3081 scribendique

1841 2675 1956 2714 eum
1987 2667 2248 2732 exemplar
2271 2667 2427 2722 fuisse
2459 2669 2719 2737 falsatum,
2753 2673 3003 2741 suspicari
3033 2688 3134 2726 non
3163 2675 3362 2736 audeo;

1843 2752 1977 2806 unde
2006 2755 2243 2810 lectorem
2286 2759 2562 2827 admoneo,
2605 2772 2656 2814 ut
2686 2763 2797 2816 huc
2837 2764 3126 2833 ubicunque
3169 2764 3356 2818 ieceri-

1840 2856 1973 2904 mus,
2004 2845 2168 2910 gratia
2197 2847 2502 2901 eruditionis
2529 2851 2685 2917 legat,
2714 2866 2814 2903 non
2858 2853 2907 2904 in
2937 2866 3031 2905 suo
3069 2861 3238 2906 tamen
3280 2868 3365 2906 vo-

1839 2930 2033 2985 lumine
2079 2935 2218 2987 velut
2261 2939 2564 2992 emendatos
2594 2940 2894 3003 interserat,
2935 2943 3032 2994 nisi
3063 2941 3196 2996 forte
3227 2957 3285 2996 ea
3315 2944 3383 2996 iu'

1841 3018 2023 3072 Latino
2053 3022 2244 3076 Codice
2269 3039 2377 3083 suae
2402 3028 2643 3079 editionis
2683 3030 2964 3096 antiquitus
3003 3029 3077 3083 sic
3115 3021 3368 3098 interpre-

189 3101 390 3152 tiducia
422 3101 615 3167 pariter
644 3109 697 3156 et
725 3103 1008 3156 auctoritas
1038 3103 1376 3170 prarberetur.
1423 3105 1577 3159 Actus
1609 3121 1732 3159 vero
1764 3147 1808 3209 C
1841 3119 1942 3164 tata
1991 3116 2260 3180 repererit.
2316 3117 2440 3170 Nam
2469 3128 2522 3170 et
2552 3117 2894 3190 Hieronymus
2934 3123 3178 3190 pleraque
3221 3124 3364 3177 testi-

190 3189 572 3256 apostolorum,
598 3200 648 3244 et
696 3194 953 3260 pra'cipue
985 3193 1123 3247 beati
1156 3194 1318 3257 Pauli,
1360 3197 1507 3262 cujus
1535 3197 1725 3250 indivi-

189 3278 332 3328 duus
367 3275 416 3329 in
457 3280 833 3346 peregrinando
863 3295 1041 3334 comes
1085 3283 1289 3335 exstitit
1319 3284 1499 3338 beatus
1545 3285 1728 3350 Lucas,

190 3366 334 3419 sicut
382 3368 586 3420 videbat
636 3369 776 3432 ipse,
816 3371 1126 3436 composuit.
1173 3373 1400 3432 Quorum
1451 3381 1728 3426 contextus

190 3469 401 3519 omnis,
449 3465 696 3522 quantum
736 3470 797 3509 ex
852 3457 1068 3509 aliorum
1127 3457 1354 3511 historiis
1403 3461 1728 3515 animadver-

191 3552 307 3595 tere
344 3544 621 3608 potuimus,
670 3546 897 3599 continet
944 3561 1106 3598 annos
1141 3548 1316 3615 viginti
1356 3557 1494 3613 octo,
1538 3551 1585 3602 id
1628 3562 1726 3618 ρει,

189 3629 392 3683 Tiberii
459 3630 677 3684 Caesaris
729 3648 896 3685 annos
941 3648 1072 3699 sex,
1120 3634 1227 3688 Citii
1276 3652 1440 3689 annos
1485 3649 1726 3706 quatuor,

193 3719 398 3772 Claudii
438 3735 602 3774 annos
629 3723 1044 3788 quatuorderim.
1083 3723 1242 3790 Cujus
1271 3726 1516 3792 principis
1549 3728 1729 3780 I‘etrus

194 3810 461 3876 apostolus
476 3809 690 3861 Romam
712 3810 872 3871 venit,
897 3821 948 3863 et
971 3813 1021 3863 itt
1044 3820 1225 3878 qttarto
1249 3827 1386 3864 anno
1410 3815 1542 3866 fame
1574 3811 1725 3878 facta,

194 3906 380 3951 octavo
405 3912 538 3952 anno
565 3905 687 3952 sunt
713 3899 874 3950 δυαδςί
900 3898 1061 3951 Roma
1091 3902 1316 3968 expulsi.
1350 3901 1474 3954 Item
1508 3902 1728 3956 Neronis

196 4000 418 4056 quatuor
444 4003 635 4051 annos.
665 4003 882 4058 quorum
914 3989 1042 4041 duos
1079 4000 1342 4044 extremos
1382 3992 1560 4044 beatus
1600 3990 1728 4043 Pau-

197 4079 276 4130 lus
327 4079 503 4132 Roma:
556 4079 607 4131 in
658 4078 817 4131 libera
852 4078 1037 4130 mansit
1084 4079 1336 4132 custodia.
1381 4079 1452 4132 Ex
1499 4095 1600 4148 quo
1645 4080 1727 4133 itt-

198 4169 476 4235 telliginius
505 4167 556 4220 in
594 4167 776 4220 eadem
806 4169 932 4221 urbe
976 4167 1161 4220 librum
1204 4183 1322 4222 esse
1360 4172 1723 4236 compositum.

199 4255 450 4321 Itemque,
475 4264 525 4306 ut
552 4268 642 4321 per
671 4253 968 4307 Judazorum
991 4271 1194 4323 quoque
1221 4271 1367 4324 reges
1392 4258 1572 4310 eadem
1599 4268 1728 4311 tem-

150 4331 156 4336 ’
198 4358 316 4407 pora
347 4342 672 4408 discernam,
715 4343 941 4396 Ilerodes
967 4383 980 4407 ,
1032 4344 1329 4411 Philippus,
1382 4354 1432 4396 et
1479 4345 1726 4413 Lysanias

201 4432 492 4485 Tetrarctue
522 4434 835 4498 praefuerunt
856 4432 1003 4484 annis
1032 4446 1154 4495 sex;
1188 4432 1416 4485 llerodes
1447 4447 1536 4486 rex
1567 4435 1726 4499 quiet
1755 4466 1804 4522 D

204 4521 417 4587 Agrippa
443 4520 528 4587 qui
549 4518 814 4572 Czesarteze
844 4519 1014 4586 periit,
1041 4533 1205 4573 annos
1236 4530 1470 4586 septem;
1504 4522 1726 4589 Agrippa

205 4608 334 4661 tilius
363 4608 494 4676 ejus,
515 4609 610 4662 sub
630 4622 733 4675 quo
764 4609 949 4661 I‘aulus
981 4609 1197 4662 Romam
1222 4611 1410 4663 missus
1435 4621 1536 4676 est,
1565 4626 1729 4665 annos

205 4696 508 4763 quindecim.
537 4695 697 4763 Cujus
727 4705 922 4748 restant
948 4710 1105 4762 usque
1128 4696 1190 4746 ad
1221 4697 1616 4750 subversionem
1644 4698 1726 4750 Je-

207 4787 576 4854 rosolymorum
607 4785 727 4837 anni
766 4784 1058 4837 duodecim.
1109 4784 1229 4836 Ilzec
1256 4783 1548 4837 distinctius
1577 4800 1726 4839 exse-

203 4889 343 4932 ctitus
373 4892 509 4941 sum,
564 4886 616 4928 ut
655 4892 771 4928 cum
812 4876 1048 4942 ejusdem
1098 4876 1253 4927 libelli
1288 4876 1524 4929 revolvas
1567 4879 1725 4932 histo-

206 4967 343 5030 riam,
384 4965 507 5033 quid
551 4965 646 5018 sub
683 4978 785 5031 quo
830 4975 1060 5031 tempore
1098 4973 1296 5032 gestum
1343 4967 1408 5017 sit
1459 4967 1724 5022 evidenter

205 5068 478 5123 agnoscere
507 5054 690 5121 possis.
749 5054 856 5106 Misi
902 5063 1072 5107 autem
1121 5063 1173 5106 et
1214 5057 1720 5120 explanatiuncnlam

1841 3203 2008 3255 monia
2063 3202 2256 3259 Veteris
2314 3204 2647 3262 Iustrumeuti
2679 3250 2694 3272 ,
2753 3219 2809 3263 ut
2863 3209 3113 3263 llebraica
3171 3211 3364 3264 veritas

1834 3289 2008 3352 liabet,
2029 3291 2244 3354 edocet;
2277 3309 2370 3348 nec
2399 3305 2571 3349 tamen
2605 3298 2714 3350 haec
2741 3297 2808 3351 ita
2839 3299 2887 3351 in
2919 3299 3112 3352 nostris
3156 3298 3360 3353 Codici-

1832 3381 1926 3433 bus
1956 3390 2046 3434 aut
2073 3382 2182 3450 ipse
2213 3383 2557 3451 interpretari,
2605 3398 2694 3441 aut
2723 3403 2818 3441 nos
2866 3391 3146 3445 emendare
3172 3391 3352 3444 voluit.

1832 3469 1986 3522 Verbi
2003 3471 2160 3538 gratia
2190 3490 2200 3523 :
2231 3472 2344 3524 Non
2371 3475 2605 3540 aspiciant
2628 3474 2877 3527 hominem
2904 3478 3056 3542 ultra,
3085 3489 3132 3530 et
3157 3478 3356 3530 habita.

1831 3570 1998 3624 torem,
2025 3563 2202 3627 quit-vit
2222 3565 2470 3630 generatio
2499 3580 2644 3628 nica;
2683 3574 2736 3619 et
2764 3581 2776 3616 :
2812 3565 2921 3618 Erit
2941 3567 3222 3632 sepulcrum
3249 3570 3356 3636 ejus

1829 3649 2123 3717 gloriosum;
2157 3661 2206 3701 et
2239 3669 2248 3700 :
2284 3653 2320 3702 Α
2352 3653 2534 3719 ﬁnibus
2556 3662 2699 3706 teme
2719 3655 2892 3705 laudes
2917 3655 3224 3718 audivimus;
3252 3664 3305 3708 et
3342 3673 3352 3704 :

1835 3739 2003 3790 Omnis
2028 3740 2112 3804 qui
2140 3740 2369 3790 ocriderit
2397 3738 2520 3792 Cain
2542 3781 2555 3805 ,
2586 3742 2865 3809 septuplum
2911 3743 3143 3810 punietur
3173 3760 3190 3796 :
3229 3745 3355 3797 dicit

1832 3829 1880 3880 in
1912 3827 2125 3881 llebrzeo
2155 3827 2328 3880 haberi
2355 3845 2366 3879 :
2391 3828 2586 3896 Septem
2615 3832 2851 3884 vindictas
2879 3832 3120 3890 absolvet;
3151 3841 3203 3886 et
3237 3853 3246 3883 :
3278 3834 3350 3885 Ab

1829 3917 1921 3968 olis
1949 3927 2088 3969 terra:
2105 3933 2126 3978 ,’
2149 3925 2201 3970 et
2223 3935 2234 3968 :
2263 3917 2469 3983 Requies
2496 3925 2606 3987 ejus
2627 3922 2870 3988 gloriosa;
2900 3930 2951 3974 et
2973 3939 2985 3973 :
3012 3920 3354 3975 llabitatorem

1828 4007 2017 4072 quietis,
2041 4007 2290 4073 generatio
2316 4024 2420 4058 mea
2447 4009 2610 4060 ablata
2631 4018 2723 4074 est,
2739 4025 2851 4078 qua:
2873 4011 2946 4064 sic
2959 4011 3089 4077 apud
3109 4011 3352 4064 llebrzeos

1831 4092 2005 4144 haberi
2037 4093 2279 4145 lectorem
2310 4093 2487 4158 voluit,
2517 4095 2821 4151 eruditioais
2858 4097 3214 4164 solummodo,
3246 4111 3348 4152 non

1830 4189 1999 4234 autem
2025 4180 2331 4235 emendandi
2356 4183 2542 4249 gratia,
2572 4199 2749 4238 nosse.

2343 4311 2660 4367 EPISTOLA
2717 4311 2834 4374 XII,

2409 4437 2473 4474 AD
2503 4434 2773 4474 ευεειιιωι.

1907 4528 2261 4584 Dilectissimo
2291 4528 2431 4581 fratri
2465 4527 2689 4580 Eusebio
2720 4528 2854 4580 Beda
2883 4529 3120 4580 salutem.

1901 4619 2240 4687 Apocalypsis
2269 4617 2433 4669 sancti
2462 4615 2694 4676 Joannis,
2730 4617 2780 4668 in
2807 4631 2903 4682 qua
2933 4615 3064 4668 bella
3096 4627 3146 4668 et
3177 4619 3349 4669 inccn-

1828 4703 1912 4759 tlia
1957 4706 2200 4758 intestina
2246 4705 2489 4757 Ecclesia:
2531 4719 2635 4756 sua;
2681 4705 2814 4755 Deus
2859 4704 3027 4756 verbis
3070 4703 3347 4770 ﬁgurisqtte

1830 4792 2060 4846 revelare
2091 4792 2328 4860 dignatus
2371 4801 2490 4854 est,
2540 4799 2738 4856 septeni
2770 4789 3104 4847 niihitt‘ratcr
3135 4790 3347 4853 Eusebi)

1829 4885 2031 4936 videtur
2058 4897 2175 4936 esse
2201 4882 2363 4934 divisa
2395 4880 2670 4948 periochis.

1895 4972 1945 5023 In
1976 4983 2192 5037 quarum
2224 4970 2406 5036 prima,
2443 4977 2557 5034 post
2584 4966 2940 5036 praelationem
2969 4966 3256 5034 copiosam,
3285 4968 3346 5018 ad

1826 5060 2168 5113 roborandam
2203 5059 2357 5111 tidem
2395 5058 2675 5126 fragilium,
2717 5071 2779 5109 ac
2823 5055 3024 5108 Domini
3056 5055 3345 5123 passiones,

205 5146 426 5212 epistola:
453 5144 732 5198 beatissimi
762 5143 1092 5211 evangelista:
1121 5144 1519 5211 Joannis,cujus
1550 5150 1719 5201 mavi-

208 5252 328 5289 utatn
371 5243 565 5302 partem
597 5249 658 5286 ex
707 5233 932 5286 liomiliis
962 5234 1124 5286 sancti
1157 5235 1428 5301 Augustini
1471 5237 1717 5290 latissima

207 5328 448 5381 suavitate
494 5309 693 5381 didusis
734 5325 1134 5390 compendiosns
1172 5324 1432 5377 breviatur
1460 5330 1717 5394 excerpsi.

208 5417 446 5469 Nonnulla
491 5429 615 5468 vero
668 5414 718 5466 in
753 5413 895 5465 calce
927 5414 1082 5466 etiam
1130 5412 1337 5478 proprio
1367 5413 1556 5466 sudore
1591 5416 1716 5467 sub-

209 5508 347 5562 texui.
387 5507 438 5557 In
471 5520 572 5572 quo
603 5513 818 5570 utroque
857 5517 1018 5570 opere
1048 5503 1089 5555 si
1130 5501 1252 5570 quid
1286 5503 1524 5556 utilitatis
1570 5506 1713 5558 inve-

208 5599 347 5660 neris,
383 5596 469 5648 Dei
495 5596 640 5646 donis
666 5593 885 5646 ascribe.
913 5593 966 5644 Si
996 5593 1113 5657 quid
1146 5593 1412 5658 supcrllui,
1446 5609 1573 5644 tuom
1607 5594 1709 5646 fra-

207 5688 378 5743 gilitati
400 5694 710 5750 compalerc.
746 5684 1148 5737 lutcrccdeutcm
1183 5699 1272 5749 pro
1317 5685 1462 5738 nobis
1496 5686 1708 5740 beatitu-

1821 5161 1872 5203 et
1903 5148 2214 5217 posteriores
2245 5149 2441 5216 glorias
2468 5156 2820 5213 cntum-ratas,
2845 5147 3068 5199 similem
3100 5144 3231 5198 Filio
3257 5146 3347 5196 ho-

1824 5239 1977 5291 minis
2009 5239 2241 5292 Ecclesia
2289 5239 2455 5291 cernit
2499 5238 2731 5290 indutum
2761 5254 2772 5288 :
2815 5237 2900 5306 qui
2929 5236 3343 5290 commemoratis

1822 5331 1902 5380 liis
1926 5343 2040 5395 qua:
2068 5328 2361 5394 specialiter
2385 5328 2434 5379 in
2457 5335 2656 5394 septem
2680 5328 2816 5380 Asia:
2843 5336 2985 5393 gesta
3008 5325 3087 5378 vel
3118 5324 3344 5392 gerenda

1817 5418 1922 5468 sint
1952 5415 2196 5469 Eeclesiis
2240 5417 2404 5468 luctas
2436 5417 2682 5470 describit
2711 5427 2763 5469 et
2792 5417 3007 5482 palmas.
3060 5416 3154 5469 Ubi
3184 5423 3337 5467 sexto

1817 5508 1932 5560 loco
1983 5507 2227 5560 consulto
2277 5505 2631 5573 subjicieudos
2684 5506 2929 5559 Ecclesia:
2979 5504 3231 5569 Jud:eos.,
3291 5517 3342 5558 et

1819 5595 2153 5648 tentationcm
2185 5593 2324 5647 orbis
2355 5595 2581 5646 universi
2616 5594 2875 5658 futuram,
2908 5607 3068 5660 seque
3102 5593 3341 5660 promisit

1817 5684 1918 5735 ritu
1949 5697 2062 5737 esse
2094 5693 2365 5737 venturum
2395 5698 2407 5736 ι
2460 5682 2680 5749 septimo
2715 5694 2883 5737 autem
2938 5681 3165 5751 tepidam
3198 5681 3338 5748 poni!
