3862 6350
553 331 653 384 605

1207 337 1398 389 ΒΕΟίΕ
1442 331 1883 387 VENERABILIS
1922 327 2068 383 OPP.
2110 327 2279 380 PARS
2320 326 2403 379 lli.
2429 343 2509 366 '——
2551 324 3019 381 l'AliALNETlCA.
3638 320 3720 377 69$

554 449 857 513 Laodiceam
885 465 896 498 :
932 445 1094 500 Filius
1124 448 1251 500 enim
1282 449 1495 501 hominis
1523 448 1740 511 veniens,
1772 452 1916 514 putas
1942 442 2061 493 inve-

2188 437 2406 504 ligentes
2435 437 2726 507 Pelagiani,
2758 438 2838 492 vel
2867 435 3213 491 condiderunt
3260 447 3410 487 suam
3465 432 3715 497 haeresim.

550 538 647 587 uir!
673 536 819 601 ﬁdem
845 538 894 589 in
924 545 1055 589 terra
1078 539 1101 589 ?

620 626 673 676 lu
710 627 934 679 secunda
974 636 1146 680 autem
1190 628 1433 694 periocha
1463 668 1478 691 ,
1526 628 1808 693 descriptis
1857 627 1933 679 in°
1955 627 2081 679 sede

553 713 639 765 Dei
663 721 883 780 quatuor
901 714 1232 780 animalibus,
1250 725 1302 768 et
1317 714 1494 784 viginti
1517 724 1742 783 quatuor
1761 714 2076 779 senioribus,

546 814 733 867 agnum
763 801 941 867 videt,
992 806 1188 869 apertis
1229 814 1431 871 septem
1482 805 1599 857 libri
1647 805 1837 873 signati
1868 803 2074 872 sigillis,

552 903 590 934 cn
617 890 819 942 nllictus
864 900 914 943 et
965 892 1255 956 triumphos
1286 891 1537 946 Ecclesia:
1582 906 1818 945 reserare
1850 891 2072 944 futuros.

551 973 643 1028 Ubi
670 976 817 1044 juxta
849 980 1283 1033 consuetudinem
1316 981 1429 1035 libri
1463 982 1633 1045 istius,
1667 996 1831 1047 usque
1860 981 1923 1034 ad
1957 995 2074 1034 sex-

544 1079 648 1121 tum
698 1084 971 1123 numerum
1020 1072 1259 1125 ordinem
1304 1075 1564 1135 custodit;
1618 1082 1673 1125 et
1721 1072 2074 1138 prmtermisso

541 1159 765 1220 septimo
793 1159 1107 1228 recapitulat
1126 1201 1140 1221 ,
1186 1174 1247 1213 ac
1272 1161 1402 1214 duas
1434 1162 1780 1221 narratioiies,
1814 1161 1958 1228 quasi
1986 1174 2071 1212 or-

541 1247 712 1301 dinem
740 1258 970 1312 secntus,
1003 1250 1229 1315 septimo
1257 1250 1540 1303 concludit.
1573 1248 1677 1303 Sed
1705 1261 1767 1302 et
1786 1251 1893 1314 ipsa
1926 1264 2070 1301 reca-

537 1336 775 1403 pitulatio
808 1353 900 1405 pro
931 1339 1062 1391 locis
1093 1339 1425 1405 intelligenda
1454 1349 1552 1392 est.
1602 1338 1898 1403 Aliquando
1927 1338 2067 1392 enim

540 1425 604 1477 ab
630 1427 833 1494 origine
863 1426 1141 1493 passionis,
1184 1427 1460 1495 aliquando
1508 1442 1535 1479 a
1585 1426 1759 1480 medio
1807 1436 2063 1494 tempore,

539 1516 817 1583 aliquando
847 1517 913 1570 de
941 1518 1051 1569 sola
1081 1517 1188 1585 ipsa
1218 1519 1499 1571 novissima
1532 1531 1803 1582 pressura,
1845 1527 1934 1570 aut
1961 1532 2062 1570 non

538 1604 699 1656 multo
729 1616 847 1659 ante
876 1605 1111 1659 dicturus
1140 1606 1464 1673 recapitulat.
1516 1605 1643 1659 Illud
1690 1614 1861 1660 tamen
1904 1605 2062 1659 ﬁxum

536 1702 730 1755 servat,
761 1702 814 1745 ut
840 1710 865 1745 a
893 1704 1041 1747 sexto
1071 1696 1396 1761 recapitulet.

2180 528 2261 579 vel
2290 535 2570 591 auxerunt.

2248 614 2439 680 Quarta
2465 625 2546 669 est
2570 615 2834 689 despecie
2862 624 2915 668 et
2941 629 3151 683 genere.
3183 613 3406 681 Species
3437 612 3587 665 enim
3616 628 3717 677 pars

2178 710 2289 768 est;
2337 718 2503 771 genus
2541 713 2713 757 autem
2748 714 2911 757 totum
2940 744 2953 767 ,
3001 703 3148 771 cujus
3175 718 3237 758 ea
3269 717 3392 771 pars
3425 711 3536 757 eet.
3588 701 3715 756 Sicut

2178 807 2500 861 unaquaeque
2537 793 2760 855 civitas,
2808 808 2931 861 pars
2968 804 3047 848 est
3088 793 3247 846 totius
3288 791 3628 860 provincia,
3672 804 3717 843 et

2175 894 2501 948 unaqtueque
2528 880 2819 944 provincia,
2848 894 2965 946 pars
2993 890 3072 933 est
3103 881 3263 932 totius
3292 881 3470 932 orbis.
3509 878 3716 931 Undeet

2175 971 2224 1020 iu
2254 972 2486 1022 notitiam
2507 970 2641 1035 vulgi
2666 970 2831 1022 verba
2849 969 2944 1022 ista
2966 980 3239 1030 venerunt.
3270 982 3325 1023 ut
3354 970 3524 1037 etiam
3556 970 3713 1022 idiota

2173 1055 2471 1123 intelligant
2497 1057 2619 1126 quid
2653 1058 2966 1124 specialiter,
2994 1057 3116 1124 quid
3149 1058 3480 1125 generaliter
3508 1061 3560 1107 in
3594 1071 3703 1122 quo-

2172 1159 2377 1210 cunque
2408 1155 2667 1211 praecepto
2696 1146 2952 1213 imperiali
2983 1147 3049 1197 sit
3076 1146 3450 1199 constitutum.
3510 1142 3595 1196 Fit
3625 1147 3710 1197 hoc

2171 1232 2327 1285 etiam
2359 1232 2423 1285 de
2453 1232 2751 1285 hominibus
2772 1273 2787 1295 ,
2828 1235 2963 1286 sicut
2991 1248 3050 1286 ea
3080 1249 3196 1301 quae
3224 1235 3291 1287 de
3322 1234 3618 1287 Salomone
3642 1234 3709 1285 di.

2169 1335 2376 1388 cuntur,
2397 1325 2654 1379 excedunt
2680 1326 2793 1393 ejus
2816 1326 3050 1390 modum,
3072 1336 3122 1380 et
3152 1328 3327 1395 potius
3353 1328 3419 1380 ad
3448 1324 3706 1379 Christum

2169 1422 2221 1465 et
2250 1412 2563 1480 Ecclesiam,
2594 1414 2745 1481 cujus
2775 1415 2863 1469 ille
2897 1430 3015 1481 pars
3042 1426 3153 1478 est,
3195 1416 3359 1469 relata
3390 1416 3703 1468 clarescunt.

2168 1502 2274 1555 Nec
2303 1504 2505 1569 species
2532 1517 2745 1570 semper
2770 1505 3068 1559 exceditnr.
3122 1506 3274 1573 Saepe
3302 1509 3449 1559 enim
3487 1505 3611 1557 talia
3637 1506 3704 1558 di-

2169 1599 2373 1653 cuntur,
2412 1606 2528 1660 quae
2559 1592 2638 1644 vel
2668 1593 2717 1645 ei
2748 1606 2952 1660 quoque
2977 1632 2991 1653 .
3035 1594 3116 1647 vel
3144 1596 3191 1646 ei
3226 1592 3457 1645 fortasse
3489 1600 3705 1644 tantum-

2167 1681 2324 1733 modo
2372 1681 2699 1747 apertissime
2748 1690 3056 1750 congruaut.
3121 1682 3226 1737 Sed
3278 1697 3401 1734 cum
3458 1695 3488 1731 a
3545 1682 3703 1748 specie

601 1780 773 1834 Tertia
809 1798 934 1837 vero
966 1782 1214 1849 periocha
1242 1824 1256 1845 ,
1305 1784 1401 1836 sub
1441 1784 1616 1850 specie
1658 1793 1856 1850 septem
1899 1797 2061 1851 ange-

2170 1768 2504 1823 transitur'ad
2535 1785 2717 1835 genus,
2760 1772 2905 1837 quasi
2938 1772 3109 1824 adhuc
3136 1772 3203 1824 de
3230 1772 3411 1838 specie
3459 1770 3699 1838 loquente

534 1874 703 1927 lorum
757 1875 876 1929 tuba
924 1876 1258 1941 canentium,
1308 1876 1479 1929 varios
1511 1876 1767 1931 Ecclesia:
1810 1875 2065 1930 describit

529 1972 765 2017 eventus.

596 2055 810 2119 Quarta,
839 2055 936 2108 sub
968 2055 1128 2123 ﬁgura
1161 2057 1395 2110 mulieris
1426 2058 1762 2123 parturientis
1783 2100 1796 2120 ,
1847 2067 1900 2112 et
1943 2058 2063 2112 dra-

525 2145 672 2197 conis
701 2159 815 2197 eam
849 2147 1244 2213 persequentis,
1293 2145 1526 2212 ejusdem
1571 2147 1817 2199 Ecclesia:
1860 2147 2064 2200 labores

525 2242 576 2284 et
608 2233 848 2285 victorias
877 2233 1080 2299 aperit,
1119 2242 1171 2285 ct
1198 2233 1404 2301 utrique
1434 2234 1636 2286 militiae
1666 2234 1878 2301 praemia
1907 2234 2063 2301 digna

526 2321 783 2387 rependit.
829 2320 923 2375 Ubi
953 2332 1157 2387 septem
1188 2336 1393 2391 quoque
1418 2324 1721 2391 angelorum
1750 2324 1886 2377 dicta
1919 2339 2063 2378 com-

528 2420 903 2476 memorantur,
933 2420 985 2464 et
1016 2410 1172 2474 facta,
1201 2422 1257 2466 et
1285 2412 1383 2478 ipsi
1414 2427 1516 2466 non
1548 2414 1762 2480 pariter,
1796 2424 1851 2466 ut
1879 2427 2059 2481 supra.

523 2496 674 2551 Hunc
702 2499 839 2552 enim
870 2502 1089 2566 mystica
1120 2500 1331 2554 solertia
1377 2516 1652 2556 numerum
1698 2518 1832 2571 pene
1870 2504 2062 2571 ubique

522 2596 725 2651 servat,
754 2602 871 2639 cum
902 2596 955 2640 et
981 2588 1142 2641 moris
1178 2591 1247 2641 sit
1274 2589 1508 2656 ejusdem
1538 2591 1778 2653 Joannis,
1811 2594 1859 2642 in
1890 2578 2061 2643 Evan-

524 2676 672 2741 geliis
700 2689 906 2743 quoque
952 2684 1006 2728 et
1055 2676 1300 2743 Epistolis
1348 2679 1476 2731 nihil
1528 2679 1698 2745 tepide
1744 2688 1797 2733 et
1832 2679 2063 2734 breviter

525 2763 717 2816 dicere.

593 2853 780 2915 Quinta
808 2862 976 2906 autem
1007 2854 1249 2920 periocha
1281 2869 1371 2921 per
1394 2866 1593 2923 septem
1621 2859 1834 2928 angelos
1858 2870 2057 2927 septem

525 2943 685 3007 plagis
713 2943 1011 2995 novissimis
1043 2955 1233 2996 terram
1268 2944 1514 3011 perfudit.

589 3030 744 3084 Sexta
773 3030 1161 3086 damnationem
1190 3034 1480 3087 meretricis
1508 3049 1735 3103 magnae,
1764 3036 1814 3088 id
1843 3045 1943 3104 est,
1968 3037 2057 3091 im-
2085 3069 2128 3127 ρ

518 3119 617 3184 pia:
646 3118 888 3172 civitatis.

588 3228 841 3296 Septima,
864 3239 1102 3284 ornatum
1134 3232 1308 3287 uxoris
1334 3235 1471 3303 agni,
1497 3244 1755 3297 sanctam,
1785 3235 2053 3303 videlicet,

526 3318 811 3373 Jerusalem
839 3321 905 3375 de
930 3321 1066 3375 caelo
1095 3337 1122 3374 a
1154 3323 1260 3377 Deo
1289 3324 1693 3379 descendentem
1725 3326 1973 3379 ostendit.

590 3431 802 3496 Septem
832 3446 1037 3500 quoque
1065 3434 1273 3500 regulas
1302 3433 1553 3500 Tychonii
1573 3475 1588 3499 ,
1628 3436 1721 3489 viri
1770 3436 1905 3490 inter
1934 3451 2057 3491 suos

521 3520 885 3582 eruditissimi,
921 3520 1111 3583 quibus
1138 3522 1201 3575 ad
1231 3522 1597 3591 intelligendas
1622 3525 1919 3593 Scripturas
1947 3536 2057 3581 stu-

518 3610 652 3663 diosi
686 3609 965 3676 plurimum
997 3610 1332 3677 adjuvantur,
1383 3613 1611 3667 breviter
1638 3629 2056 3671 commemoran-

518 3704 609 3754 das
640 3703 835 3767 putavi.
868 3702 1058 3754 Harum
1090 3704 1253 3769 prima
1280 3704 1343 3758 de
1370 3705 1591 3757 Domino
1619 3716 1672 3759 et
1696 3708 1810 3773 ejus
1835 3722 2057 3774 corpore

516 3802 617 3854 est,
658 3795 866 3859 quando
895 3809 922 3846 a
955 3798 1127 3861 capite
1156 3796 1220 3847 ad
1251 3810 1440 3864 corpus
1470 3799 1548 3850 vel
1579 3812 1604 3848 a
1633 3812 1853 3865 corpore
1886 3809 2054 3853 trans-

517 3882 620 3934 itur
649 3884 713 3934 ad
752 3894 907 3951 caput
929 3924 944 3949 ,
984 3894 1035 3937 et
1066 3894 1238 3938 tamen
1268 3885 1334 3939 ab
1366 3901 1464 3937 una
1521 3886 1806 3953 eademque
1837 3902 2053 3952 persOna

516 3987 620 4033 non
652 3974 935 4027 receditur.
991 3975 1099 4030 Una
1130 3976 1269 4029 enim
1316 3989 1534 4042 persona
1580 3977 1807 4044 loquitur
1834 3977 2050 4031 dicens:

516 4060 657 4113 Sicut
684 4077 876 4128 sponso
901 4064 1147 4131 imposuit
1174 4063 1301 4115 mihi
1328 4065 1556 4129 mitram,
1579 4072 1633 4117 et
1656 4066 1788 4118 sicut
1809 4080 2054 4131 sponsam

517 4153 725 4205 ornavit
753 4169 835 4205 me
860 4164 1203 4217 ornamento;
1235 4165 1287 4208 et
1314 4164 1487 4209 tamen
1513 4156 1633 4223 quid
1662 4157 1847 4209 horum
1873 4158 2052 4224 capiti,

515 4242 635 4307 quid
668 4244 894 4310 corpori,
942 4245 988 4295 id
1019 4252 1134 4308 est,
1187 4246 1309 4311 qttid
1348 4246 1588 4309 Christo,
1634 4246 1755 4313 quid
1806 4247 2053 4300 Ecclesia:

514 4331 810 4395 conveniat,
846 4332 1021 4397 utique
1052 4333 1443 4401 intelligendum
1477 4345 1573 4388 est.

584 4442 824 4494 Secunda
874 4452 954 4495 est
999 4443 1063 4495 de
1112 4456 1331 4510 corpore
1380 4444 1585 4497 Domini
1639 4444 1916 4509 bipertito,
1967 4450 2049 4503 vel

517 4534 687 4600 potius
731 4531 797 4585 de
840 4532 1046 4585 Domini
1079 4547 1298 4599 corpore
1329 4548 1451 4585 vero
1481 4545 1636 4601 atque
1674 4536 1951 4599 simulato,
2001 4548 2055 4591 ut

513 4631 698 4673 sancto
723 4621 1012 4687 Augustino
1042 4622 1204 4689 magis
1229 4623 1478 4688 appellari
1508 4625 1714 4689 placuit.
1752 4625 1885 4677 Dicit
1913 4628 2054 4680 enim

515 4710 745 4761 Ecclesia
774 4727 786 4759 :
821 4706 993 4761 Fusco
1022 4725 1131 4761 sum
1159 4719 1205 4761 et
1233 4711 1459 4777 speciosa
1485 4727 1591 4762 sum
1607 4728 1625 4774 ;
1657 4715 1749 4765 sed
1777 4722 2056 4783 utrumque

515 4816 571 4853 se
592 4816 706 4852 csse
730 4800 879 4865 dixit,
906 4808 1119 4867 propter
1142 4800 1559 4853 communionem
1582 4812 2052 4867 sacramentorum,

516 4900 567 4942 et
612 4900 824 4956 propter
866 4898 1258 4957 temporaneam
1306 4890 1724 4944 commistionem
1774 4890 1905 4943 intra
1954 4907 2054 4945 una

514 4984 640 5033 retia
692 4979 910 5046 piscium
964 4982 1221 5035 bonorum
1271 4987 1323 5032 et
1370 4982 1645 5033 malorum.
1696 4982 2054 5035 Tabernacula

513 5072 704 5138 quippe
732 5070 900 5123 Cedar
928 5069 992 5121 ad
1028 5070 1299 5123 lsmaelem
1334 5071 1631 5138 pertinent,
1672 5072 1789 5138 quia
1823 5088 1923 5125 non
1955 5074 2055 5125 erit

518 5162 684 5215 haeres
711 5177 827 5214 cum
858 5161 963 5212 lilio
992 5160 1188 5212 liberae.

585 5275 758 5326 Tertia
790 5282 867 5324 est
897 5273 961 5326 de
995 5272 1263 5339 promissis
1310 5281 1362 5325 et
1410 5272 1555 5339 lege,
1601 5286 1716 5337 qua:
1747 5272 1848 5324 alio
1878 5272 2052 5337 modo,

518 5367 581 5418 de
612 5368 794 5431 Spiritu
825 5375 878 5418 et
905 5365 1095 5428 littera,
1131 5364 1208 5416 vel
1238 5364 1305 5417 de
1332 5367 1499 5432 gratia
1530 5374 1583 5419 et
1610 5363 1853 5417 mandato
1886 5374 2056 5431 potest

518 5455 790 5521 appellari.
849 5454 971 5507 Haec
1021 5466 1203 5507 sancto
1256 5452 1544 5523 Augustino
1601 5468 1782 5522 magna
1835 5453 2054 5519 quaestio

520 5548 685 5613 inagis
718 5562 873 5611 quam
907 5546 1082 5613 regula
1116 5561 1230 5612 qua:
1274 5546 1541 5599 solvendis
1570 5556 1650 5599 est
1677 5547 2052 5614 quaestionibus

518 5634 804 5689 adhibenda
828 5677 841 5694 ,
875 5635 1097 5688 videtur.
1152 5634 1265 5699 Ipsa
1292 5644 1372 5689 est
1401 5636 1541 5690 enim
1572 5650 1723 5701 quam
1759 5650 1861 5689 non
1896 5636 2049 5689 intel-

2163 1860 2453 1925 Scriptura,
2484 1860 2553 1913 ibi
2582 1860 2793 1928 vigilare
2817 1861 2974 1913 debet
3004 1861 3215 1916 lectoris
3241 1862 3490 1915 intentio.

2231 1949 2473 2013 Quintam
2501 1949 2919 2018 ponitregulam,
2942 1964 3098 2017 quam
3125 1952 3191 2003 de
3218 1952 3553 2016 temporibus
3582 1967 3699 2002 nuu-

2160 2047 2333 2106 cupat.
2378 2039 2556 2092 Potest
2585 2030 2758 2091 alitem
2791 2038 2870 2109 (ut
2901 2038 3029 2092 mihi
3063 2040 3287 2107 videtur)
3323 2040 3489 2093 etiam
3520 2042 3587 2093 de
3616 2058 3699 2093 uu-

2162 2128 2319 2180 meris
2347 2126 2618 2194 appellari.
2654 2126 2795 2180 llanc
2821 2136 2971 2193 tropo
2995 2127 3324 2196 synecdoche
3345 2135 3433 2179 vel
3464 2128 3696 2193 legitimis

2163 2220 2395 2269 uunteris
2422 2218 2598 2284 vigere
2623 2217 2770 2272 dicit.
2822 2218 3027 2285 Tropns
3052 2218 3384 2287 synecdoche
3427 2230 3513 2270 est
3554 2228 3639 2269 aut
3673 2235 3694 2270 α

2163 2312 2309 2372 parte
2333 2313 2517 2367 totum,
2548 2314 2637 2357 aut
2663 2319 2690 2356 a
2723 2313 2832 2357 toto
2851 2315 3075 2372 partem.
3096 2307 3214 2369 Quo
3242 2306 3532 2359 locutionis
3555 2306 3694 2358 modo

2158 2394 2317 2446 etiam
2347 2394 2433 2447 illa
2466 2393 2530 2447 de
2560 2396 2953 2448 resurrectione
2979 2395 3169 2448 Christi
3199 2394 3419 2448 solvitur
3450 2396 3692 2461 quaestio,

2163 2496 2280 2548 pars
2309 2483 2446 2534 enim
2477 2482 2760 2536 novissima
2791 2483 2893 2536 diei
2922 2497 3026 2548 quo
3068 2498 3253 2551 passus
3292 2493 3371 2537 est
3394 2523 3410 2548 ,
3468 2485 3568 2535 nisi
3614 2498 3692 2550 pro

2163 2580 2265 2621 tota
2296 2570 2377 2623 die
2405 2572 2709 2637 accipiatur,
2734 2571 2782 2624 id
2805 2580 2905 2637 est,
2932 2572 3171 2638 adjuncta
3200 2571 3356 2624 etiam
3388 2580 3550 2623 nocte
3575 2587 3685 2638 pra!-

2163 2658 2344 2721 terita;
2374 2668 2426 2710 et
2476 2674 2575 2711 nox
2606 2660 2656 2710 iu
2687 2660 2836 2724 cujus
2869 2669 3014 2725 parte
3044 2659 3223 2710 ultima
3254 2660 3574 2719 resurrexit,
3606 2657 3688 2709 nisi

2160 2756 2300 2799 totus
2329 2747 2439 2801 dies
2469 2750 2771 2816 accipiatur,
2801 2751 3066 2818 adjuncto.
3101 2751 3326 2812 scilicet,
3360 2751 3687 2805 illucescente

2158 2837 2242 2891 die
2290 2838 2595 2903 Dominico,
2649 2856 2751 2894 non
2800 2850 3018 2908 possunt
3047 2856 3164 2895 esse
3216 2851 3320 2895 tres
3363 2844 3481 2895 dies
3513 2852 3565 2895 et
3594 2852 3687 2895 tres

2160 2938 2361 2989 noctes,
2394 2928 2581 2993 quibus
2612 2945 2670 2982 se
2700 2930 2748 2983 in
2780 2930 2939 2987 corde
2975 2940 3127 2985 terra:
3173 2932 3411 2998 pradixit
3444 2932 3686 2984 futurum.

2156 3016 2444 3082 Legitimos
2490 3025 2663 3070 autem
2715 3034 2963 3074 numeros
3008 3020 3173 3073 dicit:
3221 3036 3354 3089 quos
3381 3020 3686 3074 eminentius

2162 3104 2337 3156 divina
2368 3105 2636 3173 Scriptura
2669 3109 3027 3175 commendat,
3060 3110 3194 3163 sicut
3221 3110 3594 3177 septenarium,
3616 3112 3685 3163 vel

2156 3195 2425 3250 denarium
2450 3240 2463 3263 ,
2498 3198 2577 3251 vel
2604 3199 2981 3252 duodenarium
3004 3239 3018 3261 ,
3059 3200 3250 3268 quibus
3279 3202 3589 3268 plerumque
3615 3202 3684 3253 vel

2158 3287 2465 3341 universitas
2497 3289 2776 3355 temporis,
2812 3290 2888 3341 vel
2922 3289 2997 3342 rei
3028 3290 3248 3357 alicujus
3280 3289 3535 3357 perfectio
3561 3289 3683 3342 desi-

2156 3388 2359 3442 gnatur.
2412 3376 2595 3429 Sicut:
2630 3376 2826 3443 Septies
2854 3378 2906 3429 in
2933 3378 3015 3431 die
3041 3379 3241 3430 laudem
3271 3380 3379 3429 dixi
3406 3377 3527 3440 tibi,
3569 3376 3682 3434 nihil

2157 3465 2421 3528 estaliud,
2454 3480 2628 3532 quam,
2660 3464 2869 3532 Semper
2898 3466 3010 3518 laus
3039 3469 3150 3535 ejus
3181 3468 3232 3517 in
3278 3482 3361 3518 ore
3389 3482 3518 3518 mea.
3556 3466 3681 3518 Tan-

2160 3553 2387 3607 tumdem
2428 3563 2601 3607 autem
2644 3554 2858 3619 valent,
2904 3564 2956 3607 et
2994 3569 3113 3608 cum
3143 3554 3560 3621 multiplicantur
3584 3556 3681 3607 sive

2156 3657 2251 3711 pert
2273 3643 2568 3709 denarium,
2593 3644 2728 3697 sicut
2754 3645 3077 3712 septuaginta
3103 3655 3153 3698 et
3176 3646 3531 3713 septingenti;
3559 3646 3681 3699 unde

2156 3734 2374 3800 posmt
2416 3741 2467 3786 et
2507 3733 2831 3801 septuaginta
2874 3735 2994 3787 anni
3037 3734 3282 3788 Jeremiae
3329 3750 3423 3802 pro
3453 3736 3680 3788 universo

2157 3821 2773 3889 tempiisevspiritualiter
2803 3824 2999 3890 accipi,
3046 3839 3149 3891 quo
3192 3833 3274 3877 est
3318 3826 3454 3890 apud
3498 3826 3680 3879 alienos

2156 3909 2409 3974 Ecclesia,
2433 3904 2553 3962 Sive
2583 3925 2673 3977 per
2700 3911 2925 3977 scipsos,
2958 3913 3095 3965 sicut
3136 3912 3321 3966 decem
3367 3929 3462 3981 per
3492 3917 3676 3977 decem.

2153 4006 2386 4061 centum,
2419 3999 2556 4053 sicut
2583 4000 2857 4055 duodecim
2892 4017 2980 4069 per
3007 4002 3308 4067 duodecim,
3331 4015 3543 4057 centum
3568 4020 3681 4069 qua-

2153 4089 2389 4151 draginta
2410 4101 2653 4156 quatuor,
2671 4106 2773 4158 quo
2796 4107 3015 4146 numero
3035 4093 3362 4162 significatur
3382 4096 3678 4151 universitas

2155 4187 2454 4230 sanctorum
2482 4177 2535 4230 in
2562 4178 2895 4246 Apocalypsi.

2222 4270 2433 4323 Sextam
2468 4269 2696 4336 regulam
2723 4270 3024 4338 Tychonius
3066 4272 3559 4337 recapitulationem
3596 4288 3675 4326 vo-

2085 4388 2134 4445 υ
2158 4368 2259 4411 cat.
2296 4358 2381 4412 Sic
2406 4360 2542 4441 enim
2568 4360 2811 4413 dicuntur
2839 4358 2887 4412 in
2918 4360 3202 4427 Seripturis
3231 4364 3497 4430 quaedam,
3538 4367 3674 4431 quasi

2156 4447 2523 4513 sequanturﬁn
2556 4448 2738 4502 ordine
2770 4450 3020 4516 temporis
3041 4489 3056 4513 ,
3088 4451 3178 4518 vel
3214 4468 3389 4505 rerum
3419 4455 3674 4507 continua-

2155 4538 2295 4589 tione
2336 4526 2633 4601 natﬁntur,
2682 4552 2799 4590 cum
2846 4538 2910 4590 ad
2956 4538 3128 4606 pri’ora
3176 4554 3293 4605 qua!
3342 4546 3675 4608 praetermissa

2152 4639 2271 4681 sunt
2321 4629 2549 4697 latenter
2578 4628 2816 4687 narratio
2864 4638 3160 4683 revocetur.
3209 4630 3357 4685 Sicut
3405 4634 3455 4685 in
3504 4633 3674 4687 Genesi

2152 4720 2287 4787 quod
2318 4720 2506 4773 dicitur
2532 4738 2543 4769 :
2576 4718 2671 4771 'lsti
2702 4719 2794 4784 lilii
2826 4717 2938 4771 Noe
2964 4721 3014 4771 in
3042 4720 3264 4772 tribubus
3289 4731 3338 4772 et
3364 4722 3549 4792 linguis
3565 4726 3671 4776 suis.

2154 4810 2226 4860 Ab
2265 4809 2341 4861 liis
2378 4808 2546 4860 divisae
2584 4815 2699 4860 sunt
2737 4808 2916 4860 insula:
2953 4809 3170 4873 gentium
3198 4825 3351 4874 super
3377 4823 3577 4866 terram.
3618 4810 3674 4864 Et

2154 4902 2325 4951 statim
2353 4917 2363 4950 :
2398 4897 2523 4949 Erat
2551 4907 2713 4949 autem
2744 4899 2903 4949 auritis
2934 4899 3216 4951 ια’ναίαὸἱί
3247 4902 3400 4952 unius
3428 4911 3477 4953 et
3504 4917 3671 4954 scruto-

2155 5006 2267 5040 num
2299 4988 2597 5041 earumdem.
2640 4988 2709 5039 Ita
2741 4985 2935 5039 dictum
2963 4987 3186 5051 videtur,
3221 4996 3465 5057 tauquam
3496 5007 3560 5045 eo
3580 4993 3672 5059 jam

2155 5090 2387 5146 tempore
2429 5094 2531 5147 quo
2572 5078 2792 5144 dispersi
2837 5078 3047 5131 fuerunt
3092 5093 3191 5131 una
3244 5080 3401 5135 luerit
3445 5083 3669 5138 omnibus

2155 5172 2345 5238 lingua,
2368 5184 2482 5221 eum
2507 5168 2677 5235 potius
2692 5167 3079 5233 recapitulando
3101 5168 3326 5225 latenter
3346 5172 3669 5243 adiungeret:

2154 5262 2385 5327 Qualiter
2411 5260 2512 5311 sint
2538 5259 2729 5327 lingua:
2758 5258 2957 5311 divisae.

2224 5349 2452 5415 Septima
2484 5348 2713 5414 ejusdem
2748 5346 2920 5412 regula
2955 5354 3073 5410 est,
3118 5348 3186 5400 de
3225 5348 3438 5404 diabolo
3481 5363 3537 5406 et
3574 5352 3670 5422 ejus

2153 5455 2391 5506 corpore.
2436 5438 2727 5503 Aliquando
2750 5438 2887 5488 enim
2920 5439 2969 5489 in
3002 5437 3267 5491 diabolum
3299 5441 3517 5505 dicitur,
3550 5446 3668 5513 quod

2157 5546 2257 5583 non
2290 5531 2336 5580 in
2370 5529 2502 5594 ipso,
2534 5527 2624 5579 sed
2657 5527 2707 5579 in
2736 5525 2849 5594 ejus
2879 5540 3097 5595 corpore
3126 5529 3297 5593 poscit
3323 5534 3560 5598 agnosci,
3587 5532 3665 5586 sle-

2157 5634 2209 5675 ut
2256 5621 2502 5675 Dominus
2538 5619 2687 5673 bcuto
2728 5617 2858 5684 Job,
2907 5618 3138 5687 ejusdem
3186 5618 3355 5677 hostis
3386 5621 3592 5680 fraudes
3628 5628 3667 5676 et
