3862 6350
86 367 212 426 637
1283 387 1465 441 sncr.
1507 388 1589 453 tv.
1635 415 1696 427 —
1736 386 2098 445 censione.
3208 406 3305 463 oss

97 487 277 542 vires
318 508 606 559 exponens,
639 492 770 547 inter
800 496 894 548 alia
927 498 1087 551 dicit:
1118 499 1373 567 Numquid
1399 502 1461 555 ad
1488 512 1535 555 te
1559 518 1672 569 pre-
1703 502 1749 557 Λ
1777 506 2059 561 doctrinam
2108 511 2187 565 vel
2230 517 2653 580 consiilationem,
2699 519 2869 571 omnia
2915 520 3106 585 scripta
3152 532 3299 584 sunt,

94 592 202 629 ces
242 583 646 650 multiplicabit.
674 596 759 637 aut
784 588 1023 651 loquetur
1050 589 1138 641 tibi
1167 591 1376 642 mollia?
1405 590 1515 643 Non
1544 594 1679 645 enim
1782 608 1876 665 nec
1896 596 1993 646 soli
2020 597 2268 651 Jeremias
2294 613 2342 654 et
2371 602 2524 656 lsaias
2545 607 2819 673 ceterique
2842 609 2993 671 tales,
3021 583 3109 676 qui
3135 583 3306 661 verbis

96 666 239 731 ipse
278 671 532 724 diabolus
576 675 763 739 legitur
806 677 1005 742 uspiam
1050 679 1405 742 pmnitentiam
1450 690 1681 743 acturus,
1781 683 1947 735 futura
1985 686 2333 751 signaverunt.
2370 692 2459 744 sed
2499 702 2551 745 et
2586 666 2816 755 Samuel,
2848 666 3004 749 Jonas
3034 666 3086 748 et
3118 698 3301 754 Estlrn,

94 756 211 807 sed
254 772 464 825 corpus
496 761 655 827 ipsius
686 763 823 827 quod
868 763 1164 817 damnatum
1211 765 1259 816 in
1292 766 1393 819 ﬁne
1422 767 1679 820 dicturum
1781 786 2064 839 eorumque
2109 780 2439 843 consimiles,
2492 783 2575 847 qui
2628 786 2904 849 prmterita,
2957 787 3034 837 vel
3080 800 3170 837 sua
3223 788 3303 840 vel

93 844 178 894 sit
210 862 226 893 :
276 844 521 909 Domine,
557 848 781 910 Domine,
811 852 949 916 aperi
976 854 1131 903 nobis.
1194 851 1295 905 llas
1326 870 1450 921 ergo
1478 857 1684 921 regulas
1785 861 2025 923 aliorum;
2078 874 2219 931 gesta
2271 868 2379 919 sive
2426 869 2562 923 dicta
2607 873 2984 938 Conscripsere,
3016 874 3124 926 dies
3161 877 3311 931 istos.

98 948 229 986 "0"
272 935 337 987 ίη
367 938 674 1005 Αροεειγρςί
710 948 906 990 ῑθηιυηι
933 979 947 1002 ν
1001 940 1051 991 id
1099 950 1179 993 εει
1204 982 1219 1005 .
1271 942 1319 993 iu
1369 944 1685 996 revelatione
1783 945 1879 998 hoc
1908 960 1985 1001 est
2028 966 2174 1005 nova:
2210 956 2409 1019 gratim,
2445 958 2556 1011 luce
2582 935 2843 1010 radiantes
2876 960 3152 1024 insinuant,
3178 962 3304 1013 insi-

97 1025 311 1077 Sancti
355 1027 568 1081 Joannis
610 1030 827 1094 apostoli
855 1068 870 1091 ,
918 1043 1071 1091 quam
1122 1030 1256 1083 idem
1297 1031 1593 1098 Tycbouius
1634 1041 1687 1084 et
1782 1036 2017 1088 steudum
2051 1040 2199 1093 nobis
2230 1056 2558 1110 summopere
2602 1056 2700 1111 est,
2747 1058 2797 1098 et
2848 1062 2938 1110 pro
2984 1061 3077 1098 suo
3126 1048 3312 1111 cuique

100 1114 400 1170 vivaciter
438 1119 730 1183 intellexit,
779 1129 831 1171 et
878 1118 1105 1172 veridice
1150 1121 1380 1187 satisque
1427 1122 1684 1175 catholice
1782 1126 1990 1178 modulo
2015 1128 2205 1183 Christi
2233 1134 2443 1197 juvante
2483 1136 2647 1199 gratia
2688 1136 2977 1198 nitendum,
3010 1151 3073 1187 ne
3100 1151 3157 1189 ea
3191 1151 3309 1202 qua:

100 1202 423 1269 disseruit,
469 1216 717 1273 prmterea
762 1210 1010 1262 duntaxat
1058 1210 1191 1273 loca,
1246 1212 1294 1262 in
1341 1214 1526 1276 quibus
1574 1228 1682 1265 sua:
1785 1226 1995 1283 propter
2035 1234 2130 1272 nos
2168 1225 2360 1289 scripta
2394 1233 2515 1276 sunt
2556 1234 2735 1278 nostro
2765 1241 2859 1277 nos
2889 1235 3096 1292 torpore
3122 1228 3198 1278 vel
3229 1228 3309 1278 in-

102 1295 330 1359 partis,
358 1297 406 1348 id
432 1306 530 1361 est,
555 1297 938 1352 Donatistarum
964 1302 1190 1354 schisma
1214 1301 1493 1355 defendere
1519 1304 1680 1366 uisus,
1784 1298 1923 1357 curia
1971 1309 2116 1373 quasi
2147 1308 2312 1363 aliena
2342 1324 2671 1377 prattereant.
2704 1313 2806 1367 Sed
2838 1328 2938 1381 quo
2967 1330 3120 1367 sensu
3153 1315 3200 1365 iu
3235 1315 3313 1367 his

103 1392 573 1453 persecutiones,
624 1407 754 1459 quas
800 1392 905 1460 ipsi
951 1409 979 1445 a
1031 1396 1275 1461 religioso
1322 1397 1683 1451 Valentiniano
1784 1398 2190 1461 correptiouem,
2224 1414 2323 1465 qua
2353 1402 2548 1453 ratione
2574 1402 2887 1464 doctrinam,
2920 1419 3020 1469 quo
3050 1404 3313 1455 intellectu

103 1478 407 1547 principe,
440 1482 701 1545 videlicet,
736 1493 790 1535 ut
818 1484 1077 1549 bzeretici,
1111 1487 1467 1551 pertulerunt,
1505 1489 1684 1540 liccle-
1784 1482 2190 1537 consolationem
2234 1488 2610 1541 .nauciscamur
2633 1529 2648 1553 ,
2698 1492 2922 1557 qualiter
2978 1492 3150 1543 omnia
3205 1492 3316 1543 dies

105 1570 216 1623 siis
242 1587 439 1625 eorum
465 1582 515 1627 et
542 1574 798 1642 plebibus,
822 1576 1169 1645 domibusque
1194 1586 1245 1630 et
1269 1578 1685 1645 possessionibus
1785 1571 1912 1621 istos
1960 1572 2234 1637 loquantur
2263 1583 2316 1625 et
2342 1577 2669 1637 annuntieut,
2710 1578 2930 1630 sollicite
2957 1592 3017 1629 ac
3048 1579 3319 1644 vigilanter

106 1659 229 1711 sub
262 1661 663 1715 Catholicorum
708 1678 917 1717 manum
955 1666 1282 1729 contraditis,
1326 1665 1684 1719 sacerdotibus

1786 1658 2152 1723 intendamus,
2202 1662 2461 1715 imitantes
2510 1678 2601 1730 pro
2648 1676 2801 1730 captu
2852 1666 3017 1718 nostri
3064 1667 3311 1732 ingenioli

108 1747 333 1801 exsilio
369 1752 609 1814 retrusis,
642 1752 832 1816 deﬂet,
864 1763 919 1806 et
950 1756 1199 1822 martyria
1228 1770 1419 1808 vocans
1440 1798 1452 1817 ,
1501 1757 1592 1808 has
1633 1758 1681 1808 in
1718 1813 1753 1822 _
1786 1748 2009 1801 scribam
2055 1749 2195 1803 illum
2244 1752 2452 1804 ductum
2486 1754 2534 1806 in
2563 1769 2723 1821 regno
2751 1755 3030 1817 caelorum,
3078 1751 3169 1820 qui
3198 1770 3320 1821 pro-

107 1836 332 1889 eadcnt
364 1840 617 1905 gloriatur
642 1841 953 1909 Apocalypsi
985 1843 1145 1896 fuisse
1176 1843 1470 1911 praedii-tas,
1506 1860 1680 1897 verum
1718 1813 1756 1870 Β
1788 1836 1886 1886 fert
1916 1836 1980 1890 de
2012 1838 2255 1891 thesauro
2302 1855 2399 1893 suo
2430 1856 2559 1895 nova
2590 1852 2643 1895 et
2672 1854 2865 1896 vetera.
2914 1844 3040 1897 Nam
3071 1844 3113 1897 si
3142 1855 3316 1897 vetera

108 1922 172 1973 in
222 1926 385 1978 omni
425 1941 629 1995 quoque
676 1928 942 1995 Scriptura
990 1932 1277 1995 canonica,
1329 1941 1382 1984 et
1427 1932 1686 1999 praecipue
1786 1928 2145 1980 tantummodo
2165 1928 2231 1981 de
2261 1929 2508 1984 thesauro
2529 1934 2907 1997 Scripturarum
2940 1935 3189 2002 proferre,
3219 1938 3316 1989 hoc

120 2016 494 2080 prophetica,
539 2017 748 2071 easdem
794 2020 969 2086 vigere
1010 2020 1250 2087 regulas,
1294 2021 1528 2089 qui~quis
1559 2021 1686 2089 vigi-

119 2105 665 2170 lauter'iutenderit,
714 2107 963 2161 inveniet.
1011 2105 1171 2175 Cujus
1204 2109 1415 2177 quidem
1462 2110 1687 2162 auctoris

116 2201 183 2244 et
229 2208 338 2247 nos
383 2196 434 2248 in
476 2197 574 2249 hoc
601 2210 762 2261 opere
789 2210 1000 2249 sensum
1032 2198 1232 2261 secuti,
1282 2198 1525 2251 nonnulla
1571 2214 1687 2265 quae

116 2283 478 2336 extrinsecus
529 2284 743 2351 posuit,
797 2284 1065 2339 breviandi
1119 2300 1272 2339 causa
1302 2327 1318 2349 ,
1371 2288 1686 2351 omisimus,

121 2370 296 2435 plura
327 2385 453 2423 vero
480 2386 599 2438 qua:
626 2370 724 2436 illi,
768 2382 949 2439 utpote
976 2373 1091 2425 viro
1122 2374 1415 2442 ingenioso,
1466 2384 1515 2427 et
1560 2375 1644 2441 qui
1674 2414 1688 2436 ,

120 2458 281 2511 sicut
309 2460 377 2513 de
401 2474 466 2514 eo
494 2460 689 2514 dictum
718 2472 821 2525 est,
851 2463 1007 2516 veluti
1034 2478 1152 2516 rosa
1183 2464 1233 2517 in
1262 2465 1425 2531 spinis
1457 2464 1689 2518 emeruit

123 2561 326 2616 aperta
355 2593 369 2615 ,
420 2566 517 2605 nec
559 2553 779 2620 quaesitu
820 2554 970 2622 digna
1004 2554 1293 2620 videbatur,
1326 2566 1575 2623 quantum
1608 2558 1686 2611 vel

124 2641 516 2707 magistrorum
546 2640 861 2705 traditione,
890 2644 968 2697 vel
1000 2645 1249 2697 memoria
1281 2645 1522 2698 lectionis
1543 2687 1558 2709 ,
1604 2649 1685 2701 vel

127 2730 305 2783 etiam
337 2740 495 2795 captu
538 2730 700 2784 nostri
744 2746 933 2785 sensus
971 2735 1228 2803 attingere
1268 2736 1557 2801 potuimus,
1602 2751 1691 2788 su-

129 2818 476 2885 peradjicere
525 2821 841 2874 curavimus.
897 2820 1028 2875 Nam
1071 2832 1125 2876 et
1170 2823 1271 2876 hoc
1314 2824 1365 2875 in
1414 2825 1688 2891 praeceptis

130 2906 425 2968 habemus,
457 2914 513 2958 ut
544 2918 788 2975 percepta
825 2912 1017 2962 talenta
1048 2924 1166 2962 cum
1193 2911 1367 2964 usuris
1399 2912 1688 2966 referamus

129 2996 200 3047 ad
262 2995 563 3049 Dominum.
617 2997 854 3065 Cumque
902 3013 1033 3068 opus
1079 3010 1421 3055 memoratum
1473 3002 1522 3054 iu
1576 3013 1686 3057 tres

129 3088 354 3142 libellos
395 3088 690 3142 revelandie
738 3091 926 3143 mentis
977 3092 1136 3157 gratia
1188 3092 1311 3145 lindi
1366 3092 1680 3159 placuisset,

132 3179 323 3230 nescio
354 3193 458 3245 quo
490 3180 631 3232 enim
673 3179 851 3244 modo,
895 3189 951 3232 ut
991 3181 1174 3233 beatus
1206 3182 1522 3247 Augustinus
1571 3186 1681 3249 ait,

133 3266 205 3317 ita
233 3266 355 3318 libri
380 3268 606 3320 termino
629 3266 860 3321 reﬁcitur
882 3268 1090 3324 lectoris
1114 3270 1355 3335 intentio,
1378 3272 1509 3324 sicut
1538 3273 1686 3326 labor

134 3354 363 3409 viatoris
390 3356 641 3424 hospitio.
676 3358 1019 3412 Nihilominus
1049 3369 1219 3413 tamen
1246 3370 1299 3412 ut
1327 3361 1523 3414 facilior
1548 3378 1685 3428 quae-

142 3443 391 3497 rentibus
440 3438 673 3499 inventio
724 3446 1056 3513 redderetur,
1107 3449 1286 3502 eadem
1340 3452 1682 3517 capitulorum

139 3535 458 3591 intemerata
490 3539 676 3601 series,
705 3539 851 3606 juxta
882 3539 1018 3608 quod
1053 3540 1102 3591 in
1150 3540 1265 3605 ipso
1296 3540 1468 3594 libello
1498 3557 1676 3609 quon-

138 3626 264 3678 dam
315 3628 610 3693 prrepositis
657 3628 901 3683 brevibus
942 3630 1283 3684 distinxeram
1312 3671 1328 3695 ,
1376 3646 1466 3698 per
1509 3635 1686 3688 omnia

141 3716 419 3769 videbatur
447 3732 565 3770 esse
595 3719 872 3771 servanda.
925 3719 1125 3772 Nostra:
1164 3721 1441 3787 siquidem,
1488 3722 1536 3775 id
1580 3734 1682 3788 est,

141 3805 434 3873 Anglorum
466 3808 655 3874 gentis,
692 3808 894 3861 inertiae
931 3809 1307 3862 consulendum
1342 3819 1482 3861 ratus
1505 3854 1518 3872 ,
1566 3827 1684 3878 qua:

139 3902 193 3945 et
244 3908 349 3947 non
398 3895 633 3961 dudum,
684 3897 733 3949 id
786 3906 866 3949 est
916 3899 1237 3964 temporibus
1280 3898 1413 3952 beati
1446 3900 1685 3968 Gregorii

140 4004 322 4052 papae,
354 4003 535 4043 semen
565 3991 763 4056 accepit
798 3990 948 4052 ﬁdei,
976 4000 1030 4044 et
1060 3991 1195 4044 idem
1227 4002 1475 4060 quantum
1512 3993 1575 4045 ad
1607 3992 1684 4047 le-

140 4078 370 4130 ctionem
403 4078 578 4144 tepide
604 4079 733 4131 satis
762 4081 1021 4143 excoluit,
1054 4097 1157 4134 non
1201 4084 1367 4135 solum
1400 4083 1687 4137 dilucidare

142 4183 354 4234 sensus,
381 4186 558 4223 verum
582 4171 866 4226 sententias
897 4188 1107 4242 quoque
1144 4175 1401 4241 stringere
1428 4176 1707 4241 disposui.’

143 4258 274 4311 Nam
305 4267 359 4313 et
384 4268 562 4328 aperta
607 4262 769 4329 magis
800 4262 1029 4315 brevitas
1059 4278 1213 4329 quam
1244 4264 1525 4329 disputatio
1558 4279 1687 4330 pro-

146 4347 246 4399 lixa
281 4347 549 4401 memoriae
589 4348 723 4401 solet
769 4348 931 4415 inﬁgi.
984 4351 1117 4417 ()pto
1159 4351 1209 4403 in
1239 4348 1449 4405 Christo
1483 4354 1679 4415 valeas,

144 4439 489 4505 dilectissime
512 4440 691 4506 frater,
718 4440 975 4509 Bedieque
1005 4441 1077 4493 tui
1107 4455 1315 4510 semper
1342 4457 1539 4496 memor
1565 4458 1681 4499 esse
1708 4466 1760 4526 υ

144 4530 397 4598 digneris.
606 4578 612 4583 .

655 4622 978 4677 EPISTULA
1037 4624 1168 4676 Αιιι.

758 4731 823 4767 ΑΙ)
872 4731 1060 4769 ACCAN.

210 4802 288 4857 De
310 4804 557 4859 Samuelis
582 4804 694 4857 libri
720 4806 868 4870 primi
889 4806 1156 4875 allegorica
1180 4806 1607 4872 interpretatione.

209 4894 530 4962 Quacunque
561 4894 696 4949 enim
725 4898 909 4963 scripta
951 4905 1083 4959 sunt,
1130 4898 1195 4948 ad
1238 4907 1457 4948 nostrain
1492 4898 1681 4948 clo-tri-

143 5002 254 5037 nam
284 4989 470 5049 scripta
499 4995 639 5048 sunt,
686 4995 740 5037 ut
786 5002 873 5053 per
906 4986 1194 5054 patientiam
1224 4996 1270 5038 et
1297 4988 1681 5037 consolationem

145 5074 518 5142 Scripturarum
566 5092 703 5142 spent
757 5076 1047 5129 habeamus.
1102 5077 1163 5129 Et
1207 5076 1326 5128 alibi
1356 5092 1367 5127 :
1395 5075 1580 5127 Omnia
1630 5077 1681 5127 in

145 5165 302 5233 ﬁgura
330 5164 672 5231 contingebant
695 5166 815 5218 illis.
841 5166 1041 5232 Scripta
1068 5174 1188 5219 sunt
1214 5167 1275 5218 ad
1299 5167 1679 5233 correptionetn

146 5262 391 5315 nostrain,
420 5254 472 5303 in
500 5268 623 5315 quos
651 5252 775 5319 lines
800 5252 1098 5306 saeculorum
1139 5255 1456 5307 devenerunt.
1505 5252 1606 5307 Sed
1631 5263 1683 5308 et

148 5348 322 5399 beatus
372 5348 637 5412 apostolus
693 5347 876 5400 Petrus
936 5348 1214 5401 dominicm
1269 5350 1677 5410 incarnationis,

151 5436 398 5499 passionis
425 5445 476 5489 et
508 5438 817 5502 posterioris
863 5438 1044 5506 glorias
1086 5448 1315 5505 tempora
1364 5453 1680 5490 commemo-

152 5542 282 5595 rans,
313 5530 438 5580 dicit
486 5530 619 5581 inter
657 5539 844 5583 caetera
874 5546 885 5581 :
917 5530 981 5582 Et
1032 5546 1198 5582 omnes
1244 5529 1497 5596 propheta:
1523 5544 1553 5579 α
1583 5527 1681 5581 Sa-

152 5622 291 5682 muel,
322 5629 368 5670 et
416 5620 648 5685 deinceps
687 5621 771 5685 qui
819 5622 972 5673 locuti
1004 5630 1139 5685 sunt,
1175 5622 1322 5673 etiant
1358 5621 1679 5672 annuntiat'e-

157 5720 257 5762 runt
297 5713 415 5766 iam
462 5712 585 5767 dies.
633 5714 687 5768 Si
728 5713 865 5770 enim
907 5712 971 5766 ad
1019 5726 1248 5769 vestram
1274 5714 1677 5780 corrcptiunem,

1786 2027 1887 2081 est,
1910 2020 2048 2071 solas
2070 2021 2255 2073 littera:
2277 2020 2467 2087 ﬁguras
2482 2024 2626 2088 sequi
2647 2022 2859 2077 Judaico
2882 2040 3025 2078 more
3046 2041 3313 2089 curamus,

1785 2105 1906 2171 quid
1960 2108 2096 2159 inter
2145 2109 2441 2174 quotidiana
2492 2118 2698 2176 peccata
2748 2112 3134 2178 correptionis,
3186 2114 3321 2165 inter

1792 2198 2184 2251 crebrescentes
2221 2214 2479 2252 :erumnas
2526 2201 2700 2253 szeculi
2744 2202 3137 2265 consolationis,
3185 2203 3319 2254 inter

1786 2288 2088 2341 innumeros
2125 2288 2243 2341 vita:
2282 2290 2435 2356 hujus
2478 2306 2684 2345 errores
2738 2293 3018 2357 spiritualis
3065 2292 3318 2347 doctrinae

1786 2376 2018 2443 legentes
2048 2378 2127 2429 vel
2156 2378 2426 2431 audientes
2448 2381 2781 2445 acquirimus,
2812 2380 2933 2433 dum
2956 2390 3134 2448 aperto
3164 2382 3318 2447 libro,

1786 2468 1927 2520 verbi
1955 2470 2142 2533 gratia,
2176 2467 2310 2521 beati
2338 2468 2599 2522 Samuelis
2623 2510 2640 2534 ,
2685 2471 2931 2523 Elcanam
2962 2473 3127 2523 virum
3159 2486 3318 2524 unum

1787 2554 1916 2607 duas
1947 2570 2140 2608 uxores
2173 2555 2417 2609 habuisse
2453 2558 2763 2624 reperimus,
2807 2573 2899 2611 nos
2927 2559 3175 2623 maxime,
3200 2560 3321 2624 qui-

1789 2646 1886 2698 bus
1931 2645 2303 2699 ecclesiasticre
2352 2647 2473 2701 vita:
2520 2648 2895 2702 consuetudine
2944 2650 3095 2716 longe
3123 2649 3230 2700 ﬁeri
3256 2649 3322 2700 ab

1791 2738 1974 2789 uxoris
1996 2738 2271 2808 complexu
2302 2747 2354 2790 et
2379 2738 2594 2792 cmiibes
2626 2755 2837 2793 manere
2870 2741 3190 2807 propositum
3221 2749 3322 2800 est,

1788 2821 1832 2876 si
1865 2840 1965 2877 non
2009 2825 2162 2878 etiam
2193 2828 2257 2879 de
2286 2827 2365 2879 bis
2391 2839 2443 2880 et
2474 2828 2765 2894 huiusmodi
2798 2829 2948 2880 dictis
2980 2828 3313 2896 allegoricum

1790 2912 2086 2967 noverimus
2132 2915 2409 2981 exculpere
2448 2930 2681 2978 sensum,
2713 2919 2799 2983 qui
2828 2918 3076 2971 vivaciter
3101 2918 3321 2971 interius

1791 3000 2109 3067 castigando,
2143 3001 2447 3065 erudiendo,
2476 3005 2791 3056 consolando
2822 3004 3019 3057 reﬁcit?

1858 3089 2006 3144 Unde
2038 3099 2125 3143 tuo
2151 3090 2356 3157 crebro,
2387 3091 2725 3146 dilectissime
2753 3108 2813 3146 ac
2842 3095 3320 3150 desiderantissime

1788 3180 2021 3233 omnium
2068 3181 2150 3248 qui
2194 3181 2246 3233 in
2296 3181 2448 3235 terris
2487 3191 2766 3255 morantur
2809 3184 3117 3247 antistitum,
3162 3187 3319 3249 Acca,

1791 3278 2101 3337 provocatus
2144 3268 2371 3330 hortatu,
2419 3272 2519 3323 tuis
2561 3272 3095 3337 iretus’orationibus,
3128 3288 3321 3327 memo-

1788 3360 1883 3411 rati
1931 3359 2222 3425 prophetaz,
2268 3361 2353 3425 qui
2407 3367 2526 3413 tunc
2574 3362 2858 3415 vocabatur
2890 3363 3100 3423 Videns,
3131 3366 3321 3431 scripta

1792 3450 2133 3515 perlustrans,
2166 3450 2209 3503 si
2240 3449 2383 3518 quid,
2414 3448 2643 3504 donante
2672 3451 2761 3503 illo
2790 3453 2873 3518 qui
2907 3453 2953 3504 ei
2985 3454 3139 3503 multa
3169 3454 3321 3518 spiri-

1793 3538 1946 3591 t-ualia
1992 3537 2135 3591 dedit
2184 3538 2378 3601 videre,
2409 3537 2673 3604 Spirituale
2699 3553 2758 3590 ac
2788 3541 3060 3609 mysticqu
3091 3532 3318 3605 poteram

1787 3626 2053 3688 contueri,
2100 3625 2285 3678 litteris
2325 3628 2572 3680 mandare
2600 3630 2811 3681 curabo.
2855 3628 2911 3681 Et
2946 3638 3060 3696 post
3088 3630 3317 3696 qualem-

1787 3731 1988 3782 cunque
2034 3716 2411 3783 expositionem
2443 3717 2578 3769 beati
2612 3718 2761 3771 Lucae
2800 3720 3078 3783 dictorum,
3132 3720 3317 3787 quibus

1785 3807 2145 3874 evangelicos,
2203 3808 2280 3860 vel
2343 3809 2502 3875 ipsius
2551 3809 2789 3873 Domini,
2841 3810 2918 3862 vel
2970 3811 3319 3876 apostolorum

1786 3894 1899 3960 ejus
1926 3908 2073 3947 aetus
2098 3896 2364 3961 describit,
2414 3898 2567 3950 etiam
2616 3898 2751 3950 hunc
2791 3899 3172 3951 sanctissimum
3217 3899 3320 3952 Do-

1788 3986 1928 4037 mino
1955 3999 2017 4038 ex
2047 3986 2228 4039 matris
2259 3996 2406 4039 utero
2434 3986 2754 4051 Nazaraaum,
2793 4002 2892 4039 non
2925 3988 3094 4040 minus
3125 3989 3232 4039 suis
3261 3989 3313 4041 in

1740 4062 1745 4068 ’
1786 4075 1991 4140 scriptis
2032 4077 2409 4154 evangelistam.
2440 4090 2590 4143 quam
2623 4076 2852 4129 historici
2879 4078 3111 4128 functum
3140 4077 3317 4129 ofﬁcio

1788 4163 2009 4229 probare
2036 4173 2285 4231 satagam,
2318 4165 2507 4231 quippe
2533 4164 2618 4230 qui
2648 4174 2697 4215 et
2725 4163 2836 4229 ipse
2864 4164 3035 4215 omnia
3068 4165 3316 4216 .‘llediato-

1787 4254 1857 4306 ris
1902 4253 1988 4307 Dei
2037 4262 2088 4306 et
2134 4253 2423 4316 hominum,
2467 4254 2694 4305 hctninis
2737 4252 2858 4305 Jesu
2906 4252 3096 4305 Christi
3144 4268 3317 4307 sacra-

1788 4355 1960 4397 menta
2014 4344 2234 4411 ﬁgurato
2283 4345 2449 4398 ﬁdelis
2478 4344 2729 4407 historias,
2773 4344 2861 4398 sed
2894 4345 3197 4411 plenissimo
3226 4345 3317 4400 de-

1786 4435 2007 4501 signavit
2054 4434 2284 4502 eloquio.
2335 4434 2585 4502 Denique,
2640 4444 2694 4487 tit
2737 4437 2801 4487 de
2847 4436 3054 4488 cmteris
3098 4445 3315 4501 taceam,

1784 4523 1925 4576 sinus
1970 4522 2149 4587 David,
2206 4524 2372 4578 locum
2423 4524 2739 4591 nativitatis,
2795 4512 3019 4577 ofﬁciunt
3071 4526 3315 4591 pastoris,

1781 4617 2022 4669 ruborem
2048 4631 2108 4668 ac
2137 4615 2569 4682 pulchritudinem
2596 4626 2853 4681 aspectus,
2880 4614 3086 4667 modum
3114 4617 3314 4668 unctio.

1780 4704 1883 4766 nis,
1913 4704 2117 4769 insigne
2147 4703 2415 4767 virtutum,
2451 4703 2648 4767 pondus
2680 4700 3091 4764 tribulationum,
3126 4711 3175 4755 et
3204 4716 3310 4769 pro-

1782 4794 1922 4848 missi
1952 4794 2074 4847 olim
2100 4793 2240 4860 regni
2269 4792 2509 4861 gloriam,
2541 4801 2678 4844 arcta
2705 4793 3026 4856 consideres,
3062 4795 3101 4844 si
3124 4803 3311 4859 quanta

1783 4889 1832 4939 in
1858 4887 1934 4939 liis
1954 4885 2171 4952 singulis
2201 4885 2317 4939 tidei
2362 4893 2417 4938 et
2453 4882 2687 4937 veritatis
2722 4883 3045 4950 Evangelica:
3070 4892 3312 4949 congesta

1783 4974 2029 5043 mysteria
2056 4975 2160 5028 sint
2189 4986 2393 5027 cernas.
2442 4972 2633 5025 Verum
2677 4972 2788 5025 Inec
2814 4988 2908 5025 suo
2940 4972 3054 5023 loco
3085 4972 3310 5039 planius,

1783 5080 1919 5119 nunc
1967 5080 2028 5118 ex
2081 5063 2263 5116 ordine
2314 5062 2602 5130 injunctum
2652 5064 2817 5128 opus‘,
2872 5074 3099 5127 superno
3148 5062 3309 5114 solum

1783 5158 1945 5211 ﬁdens
1994 5154 2207 5217 auxilio,
2254 5162 2309 5207 et
2355 5162 2555 5219 patrum
2607 5150 2823 5218 vestigia
2855 5164 3096 5218 sequens,
3131 5137 3310 5217 aggrcl

1780 5250 1913 5303 diar.
1944 5249 2005 5301 Et
2032 5248 2074 5304 si
2104 5245 2311 5315 quidem
2344 5245 2648 5305 multorum,
2680 5252 2733 5294 ut
2758 5243 3021 5303 desidero,
3054 5256 3199 5294 meus
3223 5256 3306 5294 su-

1780 5341 1875 5393 dor
1906 5338 2112 5391 utilitati
2144 5348 2191 5391 et
2222 5334 2497 5390 commodo
2552 5334 2823 5399 profuerit,
2878 5333 3038 5384 multa
3086 5345 3167 5385 me
3213 5332 3309 5383 do-

1783 5431 2011 5484 nandum
2060 5430 2299 5485 mercede
2345 5442 2462 5479 cum
2506 5426 2606 5479 illis
2652 5441 2678 5477 a
2730 5425 2948 5477 Domino
2998 5437 3179 5491 spero;
3228 5424 3306 5474 sin

1781 5532 1976 5586 autem,
2010 5536 2104 5573 nec
2136 5519 2257 5571 mihi
2291 5527 2463 5570 tamen
2496 5531 2606 5570 mea
2652 5514 2882 5579 solertia,
2917 5529 3029 5579 qua:
3059 5526 3141 5563 mc
3170 5519 3308 5561 latttu

1784 5627 2013 5683 tempore
2038 5597 2228 5665 l5boris
2252 5610 2467 5675 hujusce
2492 5608 2714 5660 otiosum
2742 5620 2879 5663 esse,
2905 5604 3303 5668 supervacuisve

1782 5709 1931 5765 rebus
1980 5706 2207 5760 animum
2250 5700 2513 5768 indulgere
2547 5714 2649 5753 nou
2682 5696 2822 5761 sinit,
2857 5693 3167 5748 infructuosa
3200 5704 3299 5743 c.\‘t~
