3862 6326
593 352 689 404 699

1246 355 1439 409 ίὶΕΙὶΑΞ
1485 357 1517 407 ν
1531 355 1701 407 ΕΝΕΙὶ
1714 358 1745 405 .\
1760 351 1924 404 BILIS
1961 349 2098 403 Ul‘P.

2197 348 2321 403 sus
2361 349 2444 401 Ill.
2489 378 2555 389 -
2596 349 3059 405 I‘AILENETICA.

3436 0 3818 330 ’Ἴ

3662 352 3743 404 7(‘0

593 478 731 515 sterc
765 466 969 529 poterit.
1018 466 1169 531 Ergo,
1218 482 1334 531 age,
1385 468 1670 541 videmnus,
1725 467 1974 532 propheta
2022 466 2098 517 Sa

2220 460 2270 508 in
2322 460 2602 514 solitudine
2653 463 2879 525 Pharon,
2937 461 3259 530 profectique
3308 462 3542 516 sutit’de
3589 476 3745 516 meat:

596 554 751 618 muel,
782 554 868 621 qui
901 554 1099 606 locutus
1126 566 1202 607 est
1230 568 1276 607 et
1312 557 1637 608 annuntiavit
1666 557 1776 609 dies
1804 558 1951 613 istOs,
1978 558 2111 622 quod

591 643 822 708 ejusdem
853 645 1127 697 locutionis
1155 657 1207 698 et
1236 648 1643 698 annuntiationis
1673 660 1780 697 sua:
1813 646 1992 698 fecerit
2020 646 2115 697 ini—

597 736 717 783 lium
747 751 758 795 ;
810 743 861 785 et
894 748 953 785 ex
984 734 1168 787 ordine
1194 737 1535 796 disserentes,
1568 736 1701 787 beati
1738 735 1872 787 Petri
1900 744 2114 799 aposto-

592 820 757 871 lorum
790 822 1037 888 principis
1066 823 1349 888 adiutorio,
1374 826 1459 887 qui
1488 833 1687 881 cuncta.
1722 823 1907 890 quLbus
1934 823 2114 875 diebus

588 908 691 959 sint
720 910 965 973 aptanda,
993 911 1280 975 perdocuit,
1304 912 1526 978 qualiter
1553 912 1753 978 singula
1784 912 1885 962 sint
1916 912 2110 963 eisdem

586 993 769 1045 diebus
799 996 1043 1061 aptanda,
1075 1013 1384 1061 ιιιιιΡΓηιηυς.

1094 1082 1410 1135 EPISTOLA
1469 1083 1601 1135 XIV.

895 1168 967 1221 De
1004 1172 1337 1222 mansionibus
1366 1173 1584 1233 ﬁliorum
1619 1170 1798 1224 Israel.

657 1257 874 1308 Domino
904 1258 951 1309 in
983 1259 1188 1311 Christo
1214 1260 1552 1311 dilectissimo
1583 1270 1633 1311 et
1658 1276 1772 1313 cum
1806 1262 1946 1312 omn'
1976 1276 2109 1313 sem-

590 1360 679 1409 per
720 1347 1112 1398 honorificentia
1163 1346 1477 1400 nominando
1518 1350 1731 1399 antistiti
1766 1349 1934 1411 Acer,
1970 1350 2104 1402 Beda

583 1435 743 1485 fidelis
771 1444 888 1485 tuus
912 1434 1151 1486 famulus.

649 1521 904 1584 Quasdam
931 1523 1053 1574 mihi
1078 1524 1289 1589 pariter,
1318 1522 1650 1575 dilectissime
1674 1524 1978 1586 antistitum,
2004 1542 2102 1577 non

582 1618 751 1660 tamen
783 1611 933 1662 unius
960 1612 1295 1679 ejusdemque
1316 1612 1633 1664 difﬁcultatis
1662 1614 1939 1666 solvendas
1964 1630 2106 1682 qua:-

584 1698 777 1748 stiones
816 1696 1149 1759 destinando,
1186 1713 1463 1765 parumper
1494 1714 1575 1751 me
1606 1701 1667 1749 ab
1698 1701 1935 1752 inchoata
1968 1702 2100 1754 beati

583 1787 845 1851 propheta:
874 1787 1130 1839 Samuelis
1156 1789 1479 1851 expositione
1511 1788 1573 1839 ad
1607 1788 1779 1839 Mosen
1814 1788 2102 1857 lsaiamque
2142 1773 2178 1826 Β

578 1874 887 1926 scrutandos
912 1874 1182 1926 articulum
1206 1874 1483 1928 deflectere
1504 1876 1665 1941 cogis.
1691 1876 1915 1938 Quarum
1940 1880 2102 1943 prima

581 1976 695 2023 qua:
732 1961 795 2012 ad
840 1962 1101 2015 historiam
1153 1964 1396 2028 pra'tcriti
1444 1966 1693 2030 temporis
1732 1965 1972 2030 respicit,
2018 1976 2105 2018 aut

581 2047 729 2099 facile
776 2047 994 2102 fortasse
1043 2050 1310 2113 clarescet,
1359 2062 1443 2103 aut
1499 2065 1597 2103 ηοω
1644 2066 1829 2118 magno
1876 2054 2104 2118 periculo

576 2138 863 2191 remanebit
903 2140 1121 2191 occulta.
1170 2139 1404 2192 Secunda
1455 2155 1597 2205 vero,
1653 2142 1788 2207 quod
1836 2142 1899 2193 ad
1949 2142 2103 2195 [idem

577 2226 798 2287 pertinet
836 2225 1146 2287 futurorum,
1189 2227 1404 2279 sialiter
1448 2242 1601 2294 quam
1651 2227 1801 2281 decet
1826 2230 2099 2291 sentiatur,

570 2316 860 2367 cavendum
887 2325 1061 2369 estne
1093 2317 1239 2370 fovea
1292 2318 1675 2371 nefandissimaa
1722 2320 1980 2373 ltmreseos
2026 2320 2103 2371 in-

570 2413 823 2457 curratur.
875 2406 1073 2471 Qumris
1118 2422 1242 2473 ergo
1286 2410 1581 2463 mansiones
1636 2410 1859 2464 filiorum
1919 2411 2097 2477 lsrael,

574 2508 688 2561 quae
732 2495 1070 2564 quadraginta
1105 2507 1155 2549 et
1183 2496 1299 2550 dna:
1332 2500 1523 2565 pariter
1553 2499 1602 2550 in
1636 2500 1813 2552 ultima
1848 2499 1964 2552 libri
1997 2499 2101 2551 Nu-

573 2598 831 2635 merorum
877 2596 1022 2651 parte
1064 2597 1447 2652 computantur,
1503 2598 1628 2653 quot
1670 2589 1750 2642 vel
1782 2589 1967 2654 quibus
1997 2591 2100 2642 sint

572 2673 717 2724 annis
762 2674 995 2739 aptanda:
1043 2676 1327 2742 longissimi
1378 2677 1512 2729 illius
1570 2677 1797 2740 itineris,
1849 2678 1984 2743 quod
2034 2678 2098 2729 ab

569 2760 797 2829 Egypto
824 2763 887 2813 ad
919 2774 1105 2815 terram
1138 2766 1559 2828 repromissionis
1587 2764 1855 2831 agebatur.
1884 2766 2097 2818 Cunctis

570 2852 709 2901 en?m
758 2852 1045 2917 legentibus
1091 2853 1268 2918 liquet,
1299 2855 1533 2917 quamvis
1556 2868 1721 2905 annos
1752 2852 1983 2918 ejusdem
2016 2854 2098 2905 iti-

572 2941 712 2992 neris
750 2941 931 2992 eodem
962 2956 1122 3009 ριορθ
1152 2957 1255 3009 quo
1283 2952 1335 2995 et
1374 2944 1672 2996 mansiones
1715 2956 1931 2996 numero
1969 2957 2095 2996 con-

565 3033 722 3094 cludi,
767 3050 1089 3102 nequaquam
1137 3046 1306 3089 tamen
1347 3037 1577 3103 singulos
1607 3050 1772 3087 annos
1801 3035 1851 3086 in
1880 3035 2097 3102 singulis

567 3122 749 3174 castris
785 3137 875 3175 eos
907 3123 1065 3175 fuisse
1092 3131 1551 3177 commemoratos.
1585 3124 1702 3185 Ubi,
1732 3124 1867 3175 sicut
1897 3124 1947 3176 in
1977 3138 2091 3175 om-
2119 3102 2163 3161 ε

564 3208 718 3260 n‘bus
763 3209 927 3273 soleo,
975 3220 1072 3262 tuae
1120 3210 1419 3263 beatitudini
1471 3219 1741 3276 promptus
1790 3210 1907 3263 dico
1955 3209 2090 3277 quod

562 3296 751 3358 sentio,
806 3307 1005 3360 castra,
1059 3286 1340 3360 videlicet,
1398 3299 1476 3352 vel
1530 3302 1826 3354 mansiones
1880 3300 2090 3353 easdem

563 3386 718 3436 trium
771 3388 1127 3439 tantunuuodo
1170 3402 1455 3456 congruere
1496 3390 1769 3443 curriculis
1808 3404 2087 3453 annorum,

560 3474 729 3539 primi,
773 3476 1032 3542 videlicet,
1075 3478 1288 3531 secundi
1314 3487 1367 3531 et
1396 3478 1801 3547 quadragesimi,
1833 3481 2092 3547 egressio-

555 3560 632 3612 nis
659 3576 719 3613 ex
746 3560 989 3631 Egypto.

629 3650 859 3715 Quorum
912 3654 1106 3718 primus
1151 3654 1383 3707 continet
1408 3669 1573 3708 annus
1613 3655 1909 3709 mansiones
1948 3665 2089 3708 certa

559 3740 891 3795 distinctione
932 3744 1221 3798 duodecim.
1258 3746 1481 3799 Primam
1516 3762 1633 3801 esse
1663 3749 1969 3801 duodecima
2008 3748 2092 3801 die

560 3830 711 3897 primi
735 3833 929 3885 mensis
954 3834 1273 3901 ingressum;
1310 3839 1539 3887 ultimam
1570 3838 1902 3901 solitudinem
1927 3838 2088 3900 Sinai,

560 3922 723 3987 prima
748 3921 831 3973 die
856 3923 991 3974 tertii
1020 3924 1213 3975 mensis
1240 3926 1451 3987 aditam,
1495 3936 1546 3978 et
1570 3941 1659 3992 per
1686 3926 1922 3979 undecim
1953 3942 2092 3980 men-

557 4020 643 4060 ses
690 4010 1002 4074 continuos,
1051 4013 1384 4066 construendi
1437 4015 1786 4079 tabernaculi,
1838 4015 2091 4069 docenda:

561 4095 687 4162 legis
735 4098 925 4163 gratia,
978 4100 1190 4154 minime
1239 4102 1492 4154 relictam.
1545 4102 1793 4168 Quarum,
1826 4104 2087 4169 videlicet,

558 4186 825 4238 duodecim
854 4188 1179 4239 mansionum
1210 4204 1394 4242 novem
1426 4191 1753 4243 solummodo
1777 4192 1905 4243 liber
1929 4192 2088 4243 Exodi

559 4276 863 4327 nominatim
898 4276 1219 4343 exprimens,
1248 4288 1466 4330 ca'teras
1496 4286 1598 4329 tres
1627 4280 1722 4329 sub
1750 4279 1943 4332 deserti
1974 4280 2087 4344 Sin,

552 4363 689 4427 quod
722 4367 837 4416 esse
864 4364 1055 4416 dicitur
1097 4366 1231 4417 inter
1280 4366 1407 4417 Elim
1435 4377 1483 4419 et
1513 4367 1675 4428 Sinai,
1718 4368 1967 4419 vocabulo
2013 4368 2086 4419 in-

552 4452 770 4504 discrete
816 4454 1081 4519 praeteriit.

621 4542 889 4594 Secmtdth
920 4555 1090 4593 annus
1118 4544 1482 4610 complectitur
1514 4546 1811 4598 mansiones
1840 4546 2014 4611 viginti
2039 4554 2092 4599 et

555 4644 729 4691 unam,
782 4630 971 4696 quibus
1004 4632 1051 4683 in
1084 4629 1266 4684 ordine
1298 4631 1527 4684 historia:
1559 4636 1756 4685 cunctis
1788 4634 2089 4687 indill'ereu-

552 4730 632 4771 ter
679 4718 774 4771 sub
817 4721 1113 4774 solitudinis
1160 4704 1378 4773 l'haram
1419 4722 1627 4775 nomine
1676 4724 2087 4789 comprehensis,

554 4809 713 4873 prima
766 4808 952 4870 solum,
1012 4810 1235 4861 secunda
1278 4818 1329 4861 et
1368 4810 1545 4861 ultima
1592 4811 1687 4863 hoc
1728 4821 1806 4863 est
1849 4812 2086 4878 sepulcra

551 4897 991 4963 Concupisrentia:
1037 4898 1259 4948 Ascrotlt
1290 4906 1341 4949 et
1369 4898 1538 4950 Cades
1578 4913 1673 4950 suo
1704 4900 2089 4965 distinguuntur

548 5002 608 5037 ex
642 4987 885 5049 nomine;
921 4986 1011 5039 sed
1046 4987 1093 5037 in
1126 4988 1364 5052 catalogo
1394 4990 1723 5041 mansionum
1758 4988 1947 5053 pariter
1976 5005 2089 5043 ont-

554 5089 644 5127 nes
694 5085 818 5141 quot
868 5090 1087 5127 numero
1140 5073 1349 5138 fuerint,
1400 5079 1479 5128 vel
1531 5093 1633 5144 quo
1678 5080 1885 5131 nomine
1911 5079 2084 5144 dictar,

548 5164 823 5233 diligenter
861 5166 1175 5219 osaenditur.
1226 5166 1455 5231 Quarum
1489 5156 1673 5233 ‘prinia
1719 5170 1941 5231 mansio,
1990 5170 2087 5224 hoc

549 5266 648 5318 est,
694 5254 931 5321 sepulcra
975 5255 1438 5322 οοιιςυρὶδευιιιίευ,
1480 5270 1637 5309 Sccun
1664 5258 1710 5308 ὀ
1742 5273 1918 5310 mense
1946 5258 2088 5326 ejus-

549 5346 668 5397 dem
715 5346 925 5398 secundi
970 5347 1087 5398 anni
1142 5348 1389 5399 vicesimo
1416 5348 1643 5401 secundo
1673 5348 1756 5401 die
1788 5350 1981 5402 mensis
2008 5360 2087 5403 est

552 5435 779 5487 introitu.
829 5438 975 5489 Anno
1024 5438 1161 5490 enim
1212 5441 1477 5504 secundo,
1531 5450 1585 5491 ut
1632 5441 1892 5507 Scriptura
1938 5442 2083 5509 dicit,

2120 4423 2170 4481 D

554 5546 732 5584 mense
786 5534 1049 5597 secundo,
1109 5534 1357 5586 vicesimo
1410 5538 1489 5589 die
1539 5538 1751 5599 mensis,
1814 5550 2085 5593 moverunt

548 5631 713 5671 rastra
756 5620 820 5675 dc
864 5622 1074 5675 tiCSCl’ltt
1118 5624 1280 5688 Sinni,
1332 5636 1377 5678 ct
1421 5627 1673 5689 t'ctulutil,
1709 5628 1887 5697 inquit,
1924 5633 2084 5685 nusz

2222 547 2418 599 Ilomini
2453 551 2531 600 via
2567 552 2717 602 trium
2747 552 2971 614 dierum,
2996 540 3161 603 donec
3202 552 3444 605 venirent
3479 553 3549 605 ad
3592 553 3741 607 locum

2219 638 2523 703 mansionis,
2571 655 2686 704 qua:
2733 642 2916 692 merito
2946 642 3118 707 populi
3143 655 3333 695 carnes
3363 641 3641 709 (Egyptias
3664 644 3743 695 de-

2216 727 2511 789 sideraatis,
2541 728 2898 794 sepulcrorum
2930 731 3369 796 concupiscentia:
3392 745 3591 782 nomen
3616 746 3744 784 sese.

2220 814 2308 878 pit.
2343 813 2528 866 Ultima
2559 825 2732 869 autem
2761 817 2943 869 harum
2979 820 3328 881 mansionum,
3358 818 3408 870 id
3438 828 3543 878 est,
3569 818 3743 877 Csdes,
3818 813 3819 883 ἦ

2215 915 2317 966 quo
2348 901 2432 954 die
2462 902 2542 953 vel
2574 916 2755 955 mense
2781 904 3011 970 ejusdem
3058 907 3179 957 anni
3226 906 3294 957 sit
3344 906 3608 973 ingressa.
3655 920 3741 957 non
3818 908 3819 977 ξ

2215 987 2429 1051 dicitur;
2462 990 2553 1043 sed
2586 1001 2753 1043 tamen
2781 992 2896 1057 quia
2927 1004 2979 1045 et
3007 992 3113 1059 ipsa
3146 995 3195 1045 in
3228 993 3516 1046 solitudine
3552 992 3742 1045 Pharas

2212 1076 2309 1128 sita
2338 1081 2453 1144 quia
2483 1080 2666 1133 eodem
2691 1094 2827 1132 anno
2852 1081 3007 1135 fuerit
3036 1082 3195 1147 adita,
3224 1099 3327 1133 non
3358 1092 3587 1135 tacetur.
3614 1083 3739 1137 Sed.

2213 1173 2352 1229 ptum
2384 1175 2463 1217 est
2493 1167 2628 1219 enim
2663 1186 2673 1219 :
2708 1169 2770 1219 Et
2811 1171 3023 1237 papulas
3064 1187 3161 1222 non
3203 1182 3273 1223 est
3321 1183 3485 1223 motus
3532 1175 3599 1222 de
3646 1175 3739 1224 iace

2211 1255 2316 1317 illo,
2348 1256 2523 1319 donec,
2566 1268 2793 1309 revocata
2826 1257 3011 1323 Maria,
3044 1261 3293 1327 profectus
3313 1272 3387 1312 est
3414 1264 3476 1312 de
3505 1261 3739 1313 flamth

2209 1342 2324 1407 ﬁxis
2353 1346 2572 1397 tentoriis
2598 1348 2646 1397 in
2677 1347 2867 1398 deserto
2915 1346 3156 1409 Pharon;
3183 1350 3249 1400 ibi
3276 1352 3476 1401 (orntus
3517 1362 3593 1401 est
3644 1350 3730 1403 υοσ
3820 1330 3821 1423 i

2209 1432 2371 1481 minus
2398 1434 2464 1482 ad
2493 1432 2697 1500 Moysen
2724 1435 2889 1487 dicens
2910 1448 2929 1487 :
2959 1434 3098 1488 Mitte
3145 1438 3274 1489 viros
3311 1439 3398 1505 qui
3435 1441 3735 1491 considerent
3820 1426 3821 1443 ‘

2206 1525 2387 1569 terram
2418 1518 2695 1581 Chanaan;
2733 1522 2872 1589 quod
2915 1538 2982 1576 ne
3027 1524 3259 1589 proxima
3310 1537 3431 1589 post
3482 1529 3730 1580 llsscroth

2208 1608 2475 1661 mansione
2519 1611 2717 1675 jussum
2765 1612 3055 1680 factumque
3087 1623 3315 1679 putetur,
3345 1616 3436 1690 sed
3470 1619 3641 1682 potius
3670 1619 3735 1667 iu-

2211 1696 2470 1761 telligatur
2496 1696 2545 1748 in
2580 1698 2759 1751 ultima
2791 1714 2966 1754 earum
2992 1717 3108 1768 quae
3137 1703 3233 1755 sub
3268 1702 3471 1755 Pharao
3504 1705 3731 1756 solitudi-

2211 1783 2290 1831 nis
2320 1784 2529 1836 nomine
2576 1787 2907 1839 continentur
2955 1790 3246 1854 impletum,
3295 1792 3565 1845 videamus
3608 1796 3729 1860 quod

2213 1868 2342 1921 infra
2391 1872 2639 1937 scriptum
2691 1884 2771 1927 est
2808 1891 2823 1928 :
2868 1875 3162 1946 Reversique
3204 1879 3549 1944 exploratores
3604 1890 3732 1933 terre

2209 1972 2316 2023 post
2341 1964 2676 2030 quadraginta
2703 1966 2828 2027 dies,
2859 1968 2991 2017 omni
3016 1970 3217 2037 regione
3251 1970 3480 2030 circuito,
3512 1984 3729 2023 mmet

2205 2049 2271 2098 ad
2302 2048 2507 2117 Moysen
2546 2060 2591 2101 et
2617 2051 2787 2103 Aaron
2826 2063 2871 2105 ct
2899 2055 2964 2105 ad
2989 2071 3183 2107 omnem
3212 2040 3389 2110 fictum
3417 2059 3638 2124 ﬁliorum
3666 2058 3729 2111 fs-

2160 2128 2163 2131 λ
2204 2138 2309 2188 rael
2332 2139 2381 2189 in
2410 2139 2653 2191 desertum
2697 2140 2922 2206 Pharon,
2976 2145 3109 2211 quod
3148 2155 3218 2196 est
3246 2148 3295 2197 in
3324 2145 3505 2199 Codex.
3551 2146 3650 2199 Sed
3686 2159 3727 2199 ct

2204 2226 2252 2277 iu
2275 2225 2673 2282 DeuteronOmio
2686 2229 2887 2299 Moyses
2908 2233 3018 2298 ipse
3040 2233 3264 2300 loquitur
3287 2237 3507 2301 populo:
3526 2236 3726 2303 Cumque

2202 2315 2455 2368 renisseris
2492 2316 2544 2368 in
2585 2318 2911 2383 Cadesbarne,
2938 2322 3040 2373 dixi
3060 2324 3195 2375 vobis
3224 2337 3242 2375 :
3275 2323 3489 2375 Venistis
3512 2326 3579 2376 ad
3606 2342 3722 2377 m-

2202 2413 2295 2453 tem
2339 2404 2615 2457 Amori-luci
2638 2423 2781 2472 quem
2806 2406 3051 2461 Dominus
3084 2409 3219 2462 Deus
3250 2422 3418 2464 noster
3444 2415 3648 2466 daturus
3666 2427 3723 2466 est

2200 2492 2355 2555 nobis,
2387 2488 2496 2546 vide
2518 2503 2720 2561 terram,
2759 2512 2911 2565 quam
2954 2498 3196 2551 Dominus
3228 2499 3361 2553 Deus
3385 2512 3503 2554 tuus
3524 2506 3607 2554 dat
3631 2504 3720 2563 tibi,

2196 2583 2403 2635 ascende
2446 2598 2595 2646 eam;
2640 2593 2686 2635 et
2730 2586 3003 2639 accessistis
3031 2587 3097 2639 ad
3119 2604 3196 2639 me
3223 2604 3387 2640 omnes
3433 2600 3581 2652 atque
3608 2590 3721 2639 disi-

2198 2672 2322 2721 stis:
2352 2670 2497 2723 Mitte
2540 2674 2671 2724 viros
2721 2676 2804 2740 qui
2845 2676 3156 2727 considerent
3206 2687 3410 2739 terram,
3460 2688 3561 2732 etc.
3593 2678 3721 2744 Quod

2199 2768 2369 2812 autem
2410 2762 2652 2819 eamdem
2696 2763 3022 2817 mansionem
3052 2767 3283 2817 secundo
3313 2782 3450 2817 anno
3478 2769 3644 2820 exitus
3669 2768 3722 2819 de

2199 2845 2424 2915 (Egypto
2465 2850 2726 2913 adierunt,
2760 2866 2787 2903 a
2815 2868 2913 2919 qua
2963 2861 3134 2907 tamen
3185 2867 3400 2922 peccato
3447 2872 3720 2910 murmura-

2198 2938 2351 2991 tionis
2378 2948 2517 2993 retro
2547 2944 2737 2996 reverti
2781 2958 2842 2995 ac
2886 2946 3046 2997 multo
3076 2955 3313 3012 tempore
3355 2962 3448 3013 per
3474 2949 3717 3001 desertum

2198 3028 2311 3095 vagi
2352 3044 2533 3083 errare
2572 3033 2851 3098 etpassim
2904 3034 3092 3086 cadere
3145 3044 3475 3097 meruerunt,
3524 3044 3719 3087 testatur

2197 3115 2399 3185 Moyses
2428 3119 2478 3170 in
2510 3121 2871 3189 sequentibus,
2915 3122 3096 3175 dicens
3125 3140 3138 3175 :
3172 3124 3385 3177 Sedisn's
3424 3140 3542 3192 ergo
3566 3126 3615 3176 in
3636 3122 3718 3177 Cs-

2194 3208 2433 3261 desbarne
2474 3212 2630 3262 multo
2670 3220 2922 3279 tempore;
2953 3213 3257 3281 profectique
3288 3214 3401 3264 inde
3429 3216 3644 3265 venimus
3672 3213 3715 3263 is

2192 3297 2511 3350 solitudinem
2558 3314 2668 3365 quae
2710 3298 2843 3351 ducit
2875 3302 2939 3350 ad
2972 3316 3105 3352 mare
3148 3302 3395 3361 Rubrum,
3443 3302 3571 3352 sicut
3612 3301 3715 3351 nisi

2192 3387 2383 3437 dixerat
2424 3386 2685 3453 Dominus,
2735 3402 2780 3441 et
2825 3390 3141 3441 cirruivimus
3181 3400 3397 3442 montem
3439 3389 3553 3441 Seir
3586 3390 3715 3455 longe

2192 3488 2427 3545 tempore.
2463 3480 2525 3530 Et
2567 3479 2738 3533 infra:
2771 3479 2984 3546 Tempus
3006 3492 3172 3531 autem
3220 3496 3318 3544 quo
3366 3479 3709 3531 ambulat-inm

2192 3573 2252 3623 de
2271 3573 2580 3625 Cadesbarne
2615 3589 2763 3636 usque
2791 3575 2857 3624 ad
2888 3573 3146 3625 transitum
3173 3573 3403 3623 torrentis
3434 3570 3611 3631 Zared,
3636 3574 3705 3621 tri-

2192 3662 2327 3727 ginta
2369 3670 2478 3712 octo
2521 3677 2768 3712 annorum
2813 3662 2925 3727 fuit,
2975 3661 3129 3712 donec
3167 3669 3540 3711 consumeretur
3571 3658 3712 3710 anuis

2193 3748 2438 3813 generatio
2466 3748 2722 3799 hominum
2748 3743 3039 3799 bellatorum
3069 3750 3130 3799 de
3154 3750 3353 3809 castris,
3378 3749 3506 3797 sicut
3528 3748 3706 3814 iurau-

2191 3846 2264 3886 rat
2288 3834 2551 3888 Dominus.
2580 3836 2743 3888 Z'tred
2776 3848 2947 3889 autem
2999 3852 3101 3890 non
3146 3851 3339 3891 nomen
3384 3848 3467 3889 est
3503 3839 3709 3890 mansio-

2194 3923 2293 3987 nis,
2338 3924 2402 3977 de
2444 3924 2547 3978 illis
2590 3925 2709 3976 dico
2752 3925 3087 3993 quadraginta
3134 3926 3362 3989 duabus,
3414 3926 3504 3980 sed
3540 3940 3705 3979 nomen

2193 4013 2458 4075 torrentis,
2503 4013 2567 4064 ad
2609 4028 2781 4080 quem,
2835 4015 2969 4067 sicut
3005 4014 3055 4066 in
3086 4013 3440 4068 Numerorum
3471 4015 3709 4068 volumine

2193 4104 2395 4170 legitur,
2450 4111 2771 4173 transgressa
2818 4098 3073 4160 tricesima
3106 4118 3294 4161 octava
3338 4111 3609 4163 mansione
3632 4123 3708 4163 no-

2192 4193 2329 4246 tniue
2360 4193 2451 4246 llie
2483 4195 2547 4246 ab
2574 4194 2728 4246 Aram
2759 4202 3029 4249 venerunt.
3061 4196 3218 4259 Quem
3252 4200 3606 4265 relinquentes,
3646 4200 3709 4252 il~

2192 4282 2321 4348 quit,
2354 4291 2515 4335 castra
2545 4287 2713 4335 metati
2748 4295 2861 4337 sunt
2888 4297 3058 4338 contra
3087 4288 3281 4349 Arnon,
3324 4303 3439 4354 qua
3477 4298 3546 4340 est
3570 4290 3618 4340 in
3636 4290 3709 4339 de-

2193 4380 2322 4421 serto
2351 4379 2395 4423 et
2426 4374 2669 4439 prominet
2698 4373 2747 4424 in
2776 4374 2958 4441 ﬁnibus
2992 4376 3271 4426 Antorrluei
3294 4393 3312 4439 ;
3343 4378 3481 4442 quod
3510 4376 3709 4444 quodn-

2193 4459 2390 4525 gcsimo
2417 4476 2553 4513 anno
2600 4474 2799 4528 gestum
2847 4464 3005 4517 luisse
3046 4480 3140 4517 nos
3181 4467 3326 4519 latet.
3362 4469 3459 4533 Qui
3491 4469 3709 4522 videlicet

2188 4564 2377 4614 annus,
2422 4552 2850 4620 quadragesimus
2880 4554 3015 4608 idem
3046 4565 3097 4608 et
3128 4557 3374 4622 ultimus,
3413 4560 3706 4627 longissime

2190 4655 2284 4705 per
2304 4639 2568 4692 desertum
2593 4642 2689 4692 via:
2714 4645 3009 4697 mansiones
3029 4648 3262 4699 continet
3284 4662 3501 4700 numero
3522 4648 3701 4707 decen.

2188 4745 2401 4797 quarum
2436 4734 2596 4797 prima
2619 4740 2699 4785 est
2723 4749 2909 4800 magno
2933 4736 3109 4788 labore
3135 4749 3341 4798 reperta
3367 4756 3379 4789 :
3403 4740 3586 4793 eadem
3608 4743 3702 4806 ipsa

2187 4821 2352 4873 (ludes
2380 4822 2570 4874 deserti
2595 4824 2703 4889 Sin,
2739 4840 2891 4891 quam
2924 4836 3043 4879 ante
3073 4827 3278 4895 triginta
3307 4839 3427 4882 octo
3454 4844 3639 4893 annos,
3660 4836 3705 4881 ut

2193 4910 2382 4961 dictum
2412 4920 2513 4972 est,
2546 4911 2694 4977 culpa
2735 4913 3178 4979 praevaricationis
3219 4914 3481 4983 exigente,
3523 4927 3703 4984 postse

2188 5003 2379 5053 reversi
2422 5001 2756 5068 reliquerant.
2805 5004 2875 5056 De
2902 5018 2998 5069 qua
3031 4998 3096 5056 ita
3124 5008 3377 5071 scriptum
3410 5017 3487 5060 est
3518 5024 3531 5060 :
3560 5005 3702 5061 Vas-

2186 5101 2395 5157 runtque
2434 5091 2528 5158 ﬁlii
2571 5090 2730 5145 Israel
2777 5101 2823 5144 et
2866 5096 3021 5146 omnis
3067 5096 3338 5149 multitudo
3379 5099 3434 5150 in
3473 5098 3698 5151 deserta

2188 5180 2298 5243 Sin,
2318 5196 2480 5232 mense
2500 5182 2680 5248 primo,
2704 5190 2749 5233 et
2773 5184 2950 5234 mansit
2972 5185 3189 5250 papulas
3213 5186 3265 5236 in
3288 5182 3473 5248 Gades,
3500 5185 3701 5240 Hortu-

2184 5291 2277 5341 que
2311 5284 2378 5325 est
2407 5274 2472 5326 ibi
2505 5274 2668 5325 Maria
2694 5282 2737 5326 et
2765 5276 2959 5342 septdta
2997 5286 3067 5327 est
3110 5277 3161 5328 in
3199 5277 3375 5329 eodem
3415 5280 3547 5334 loco.
3576 5280 3699 5333 (ἓιιο

2185 5379 2279 5429 que
2326 5365 2562 5430 indigeret
2611 5380 2794 5432 aquam
2846 5366 3095 5433 papulas,
3145 5352 3414 5434 cat-genui!
3464 5370 3699 5423 edocui

2190 5450 2394 5517 Moysen
2420 5462 2461 5501 cl
2488 5454 2671 5515 Aaron,
2702 5462 2826 5511 cte.,
2850 5455 2912 5504 ad
2938 5454 2985 5505 id
3014 5456 3149 5518 quod
3179 5457 3438 5523 scriptum
3458 5468 3571 5511 est:
3601 5456 3701 5511 ιια

2186 5551 2253 5591 cst
2287 5558 2413 5607 aqua
2455 5540 2880 5605 contradictionis,
2924 5544 3004 5594 ubi
3023 5546 3224 5612 jnrgati
3264 5555 3380 5595 sunt
3425 5545 3521 5610 ﬁlii
3564 5544 3699 5601 fonti

2188 5643 2351 5681 rontra
2380 5630 2640 5683 Dominum
2669 5639 2711 5683 ct
2746 5631 3076 5695 senui/ianus
3096 5643 3162 5684 ιἐι
3190 5631 3239 5683 in
3266 5633 3361 5687 eis.
3401 5630 3696 5688 Notandu-

3262 6204 3383 6223 ιδ..-

3004 6314 3172 6326 ινἫ
3234 6314 3392 6324 ἡ
3423 6314 3558 6324 ἡ
3588 6313 3685 6322 ἠ-
