  <div class='ocr_page' id='page_1' title='image "/cluster/home/n/w/nwhite01/storage/ocr_20150623/94/uva.x000827077/358.png"; bbox 0 0 3862 6368; ppageno 0'>
   <div class='ocr_carea' id='block_1_1' title="bbox 86 351 3314 423">
    <p class='ocr_par' dir='ltr' id='par_1_1' title="bbox 86 351 3314 423">
     <span class='ocr_line' id='line_1_1' title="bbox 86 351 3314 423; baseline -0 -14"><span class='ocrx_word' id='word_1_1' title='bbox 86 359 229 412; x_wconf 74' lang='grc' dir='ltr'>τυι</span> <span class='ocrx_word' id='word_1_2' title='bbox 1322 354 1505 406; x_wconf 73' lang='lat' dir='ltr'>SLCT.</span> <span class='ocrx_word' id='word_1_3' title='bbox 1550 352 1628 403; x_wconf 74' lang='lat' dir='ltr'>IV.</span> <span class='ocrx_word' id='word_1_4' title='bbox 1676 379 1740 388; x_wconf 87' lang='lat'>—-</span> <span class='ocrx_word' id='word_1_5' title='bbox 1782 351 2146 413; x_wconf 64' lang='lat' dir='ltr'>EPISTULJS.</span> <span class='ocrx_word' id='word_1_6' title='bbox 3216 370 3314 423; x_wconf 68' lang='lat'>702</span> 
     </span>
    </p>
   </div>
   <div class='ocr_carea' id='block_1_2' title="bbox 73 460 3316 544">
    <p class='ocr_par' dir='ltr' id='par_1_2' title="bbox 73 460 3316 544">
     <span class='ocr_line' id='line_1_2' title="bbox 73 460 3316 544; baseline 0.006 -33"><span class='ocrx_word' id='word_1_7' title='bbox 73 481 231 529; x_wconf 70' lang='lat' dir='ltr'>quc</span> <span class='ocrx_word' id='word_1_8' title='bbox 273 468 418 532; x_wconf 78' lang='lat' dir='ltr'>quod</span> <span class='ocrx_word' id='word_1_9' title='bbox 441 466 676 521; x_wconf 81' lang='lat' dir='ltr'>eamdem</span> <span class='ocrx_word' id='word_1_10' title='bbox 710 466 872 519; x_wconf 86' lang='lat' dir='ltr'>Cades</span> <span class='ocrx_word' id='word_1_11' title='bbox 902 466 953 517; x_wconf 91' lang='lat' dir='ltr'>in</span> <span class='ocrx_word' id='word_1_12' title='bbox 975 466 1178 518; x_wconf 85' lang='lat' dir='ltr'>deserto</span> <span class='ocrx_word' id='word_1_13' title='bbox 1204 465 1404 517; x_wconf 83' lang='lat' dir='ltr'>Pharau</span> <span class='ocrx_word' id='word_1_14' title='bbox 1435 464 1555 515; x_wconf 91' lang='lat' dir='ltr'>etin</span> <span class='ocrx_word' id='word_1_15' title='bbox 1587 464 1681 513; x_wconf 69' lang='grc' dir='ltr'>ἀς-</span> <span class='ocrx_word' id='word_1_16' title='bbox 1712 460 1757 515; x_wconf 84' lang='grc' dir='ltr'><strong>Α</strong></span> <span class='ocrx_word' id='word_1_17' title='bbox 1786 462 1911 513; x_wconf 87' lang='lat' dir='ltr'>sicut</span> <span class='ocrx_word' id='word_1_18' title='bbox 1950 467 2166 533; x_wconf 64' lang='lat' dir='ltr'>Aquilae,</span> <span class='ocrx_word' id='word_1_19' title='bbox 2212 477 2347 521; x_wconf 88' lang='lat' dir='ltr'>tanta</span> <span class='ocrx_word' id='word_1_20' title='bbox 2372 470 2478 538; x_wconf 86' lang='lat' dir='ltr'>jam</span> <span class='ocrx_word' id='word_1_21' title='bbox 2510 486 2570 525; x_wconf 88' lang='lat' dir='ltr'>ac</span> <span class='ocrx_word' id='word_1_22' title='bbox 2600 475 2716 525; x_wconf 72' lang='lat' dir='ltr'>talia</span> <span class='ocrx_word' id='word_1_23' title='bbox 2768 476 3006 544; x_wconf 73' lang='lat' dir='ltr'>malignis</span> <span class='ocrx_word' id='word_1_24' title='bbox 3051 478 3316 544; x_wconf 79' lang='lat' dir='ltr'>Spiritibus</span> 
     </span>
    </p>
   </div>
   <div class='ocr_carea' id='block_1_3' title="bbox 66 554 3315 622">
    <p class='ocr_par' dir='ltr' id='par_1_3' title="bbox 66 554 3315 622">
     <span class='ocr_line' id='line_1_3' title="bbox 66 554 3315 622; baseline 0.005 -18"><span class='ocrx_word' id='word_1_25' title='bbox 66 565 285 604; x_wconf 76' lang='lat' dir='ltr'>serto</span> <span class='ocrx_word' id='word_1_26' title='bbox 314 556 407 610; x_wconf 79' lang='lat' dir='ltr'>Sin</span> <span class='ocrx_word' id='word_1_27' title='bbox 436 557 702 622; x_wconf 73' lang='lat' dir='ltr'>Scriptura</span> <span class='ocrx_word' id='word_1_28' title='bbox 732 558 881 609; x_wconf 91' lang='lat' dir='ltr'>sitatu</span> <span class='ocrx_word' id='word_1_29' title='bbox 908 556 1117 609; x_wconf 88' lang='lat' dir='ltr'>referat.</span> <span class='ocrx_word' id='word_1_30' title='bbox 1154 554 1302 607; x_wconf 83' lang='lat' dir='ltr'>Unde</span> <span class='ocrx_word' id='word_1_31' title='bbox 1326 554 1506 621; x_wconf 73' lang='lat' dir='ltr'>conjici</span> <span class='ocrx_word' id='word_1_32' title='bbox 1537 554 1687 603; x_wconf 73' lang='lat' dir='ltr'>da‘ur</span> <span class='ocrx_word' id='word_1_33' title='bbox 1786 554 1963 617; x_wconf 74' lang='lat' dir='ltr'>gratim</span> <span class='ocrx_word' id='word_1_34' title='bbox 1988 554 2265 618; x_wconf 88' lang='lat' dir='ltr'>spiritualis</span> <span class='ocrx_word' id='word_1_35' title='bbox 2294 571 2353 609; x_wconf 89' lang='lat' dir='ltr'>ac</span> <span class='ocrx_word' id='word_1_36' title='bbox 2381 558 2456 610; x_wconf 90' lang='lat' dir='ltr'>sic</span> <span class='ocrx_word' id='word_1_37' title='bbox 2480 560 2828 614; x_wconf 85' lang='lat' dir='ltr'>intermissum</span> <span class='ocrx_word' id='word_1_38' title='bbox 2857 575 3187 620; x_wconf 77' lang='lat' dir='ltr'>occurrentes</span> <span class='ocrx_word' id='word_1_39' title='bbox 3228 583 3315 617; x_wconf 84' lang='lat' dir='ltr'>va-</span> 
     </span>
    </p>
   </div>
   <div class='ocr_carea' id='block_1_4' title="bbox 80 641 3318 721">
    <p class='ocr_par' dir='ltr' id='par_1_4' title="bbox 80 641 3318 721">
     <span class='ocr_line' id='line_1_4' title="bbox 80 641 3318 721; baseline 0.006 -30"><span class='ocrx_word' id='word_1_40' title='bbox 80 657 403 701; x_wconf 70' lang='lat' dir='ltr'>rnnsueto</span> <span class='ocrx_word' id='word_1_41' title='bbox 434 661 579 700; x_wconf 87' lang='lat' dir='ltr'>more</span> <span class='ocrx_word' id='word_1_42' title='bbox 608 648 838 698; x_wconf 79' lang='lat' dir='ltr'>locutum</span> <span class='ocrx_word' id='word_1_43' title='bbox 871 653 1065 711; x_wconf 88' lang='lat' dir='ltr'>partem</span> <span class='ocrx_word' id='word_1_44' title='bbox 1097 644 1288 695; x_wconf 84' lang='lat' dir='ltr'>deserti</span> <span class='ocrx_word' id='word_1_45' title='bbox 1338 643 1557 706; x_wconf 83' lang='lat' dir='ltr'>l&#39;haran,</span> <span class='ocrx_word' id='word_1_46' title='bbox 1599 641 1684 693; x_wconf 91' lang='lat' dir='ltr'>ubi</span> <span class='ocrx_word' id='word_1_47' title='bbox 1786 641 1984 694; x_wconf 84' lang='lat' dir='ltr'>leamus</span> <span class='ocrx_word' id='word_1_48' title='bbox 2013 646 2221 698; x_wconf 89' lang='lat' dir='ltr'>tirtuare</span> <span class='ocrx_word' id='word_1_49' title='bbox 2266 657 2433 700; x_wconf 87' lang='lat' dir='ltr'>castra</span> <span class='ocrx_word' id='word_1_50' title='bbox 2464 664 2802 715; x_wconf 84' lang='lat' dir='ltr'>supernorum</span> <span class='ocrx_word' id='word_1_51' title='bbox 2836 655 3174 719; x_wconf 87' lang='lat' dir='ltr'>profectuum,</span> <span class='ocrx_word' id='word_1_52' title='bbox 3206 673 3318 721; x_wconf 72' lang='lat' dir='ltr'>qua:</span> 
     </span>
    </p>
   </div>
   <div class='ocr_carea' id='block_1_5' title="bbox 78 731 3316 808">
    <p class='ocr_par' dir='ltr' id='par_1_5' title="bbox 78 731 3316 808">
     <span class='ocr_line' id='line_1_5' title="bbox 78 731 3316 808; baseline 0.003 -21"><span class='ocrx_word' id='word_1_53' title='bbox 78 733 311 808; x_wconf 62' lang='lat' dir='ltr'>ilades</span> <span class='ocrx_word' id='word_1_54' title='bbox 361 749 461 803; x_wconf 87' lang='lat' dir='ltr'>cst,</span> <span class='ocrx_word' id='word_1_55' title='bbox 490 738 785 806; x_wconf 72' lang='lat' dir='ltr'>specialiter</span> <span class='ocrx_word' id='word_1_56' title='bbox 830 738 917 789; x_wconf 84' lang='lat' dir='ltr'>Sin</span> <span class='ocrx_word' id='word_1_57' title='bbox 949 734 1217 803; x_wconf 83' lang='lat' dir='ltr'>appellari.</span> <span class='ocrx_word' id='word_1_58' title='bbox 1267 733 1357 786; x_wconf 87' lang='lat' dir='ltr'>Sin</span> <span class='ocrx_word' id='word_1_59' title='bbox 1385 740 1554 784; x_wconf 89' lang='lat' dir='ltr'>autem</span> <span class='ocrx_word' id='word_1_60' title='bbox 1585 746 1684 782; x_wconf 87' lang='lat' dir='ltr'>non</span> <span class='ocrx_word' id='word_1_61' title='bbox 1786 744 1884 779; x_wconf 87' lang='lat' dir='ltr'>non</span> <span class='ocrx_word' id='word_1_62' title='bbox 1913 731 2079 782; x_wconf 73' lang='lat' dir='ltr'>solun)</span> <span class='ocrx_word' id='word_1_63' title='bbox 2110 732 2288 786; x_wconf 88' lang='lat' dir='ltr'>divino</span> <span class='ocrx_word' id='word_1_64' title='bbox 2323 737 2577 801; x_wconf 86' lang='lat' dir='ltr'>respectui</span> <span class='ocrx_word' id='word_1_65' title='bbox 2604 742 2869 804; x_wconf 82' lang='lat' dir='ltr'>grata,scd</span> <span class='ocrx_word' id='word_1_66' title='bbox 2901 752 2950 792; x_wconf 86' lang='lat' dir='ltr'>et</span> <span class='ocrx_word' id='word_1_67' title='bbox 2977 744 3316 805; x_wconf 79' lang='lat' dir='ltr'>Spiritualiutu</span> 
     </span>
    </p>
   </div>
   <div class='ocr_carea' id='block_1_6' title="bbox 80 821 3316 898">
    <p class='ocr_par' dir='ltr' id='par_1_6' title="bbox 80 821 3316 898">
     <span class='ocr_line' id='line_1_6' title="bbox 80 821 3316 898; baseline 0.004 -25"><span class='ocrx_word' id='word_1_68' title='bbox 80 825 239 888; x_wconf 80' lang='lat' dir='ltr'>ipsa</span> <span class='ocrx_word' id='word_1_69' title='bbox 302 836 405 891; x_wconf 89' lang='lat' dir='ltr'>est,</span> <span class='ocrx_word' id='word_1_70' title='bbox 452 843 605 896; x_wconf 90' lang='lat' dir='ltr'>quam</span> <span class='ocrx_word' id='word_1_71' title='bbox 662 840 778 879; x_wconf 83' lang='lat' dir='ltr'>mox</span> <span class='ocrx_word' id='word_1_72' title='bbox 813 834 1132 891; x_wconf 84' lang='lat' dir='ltr'>transgresso</span> <span class='ocrx_word' id='word_1_73' title='bbox 1163 823 1288 874; x_wconf 89' lang='lat' dir='ltr'>mari</span> <span class='ocrx_word' id='word_1_74' title='bbox 1330 821 1505 874; x_wconf 78' lang='lat' dir='ltr'>Rubro</span> <span class='ocrx_word' id='word_1_75' title='bbox 1552 821 1686 873; x_wconf 90' lang='lat' dir='ltr'>inter</span> <span class='ocrx_word' id='word_1_76' title='bbox 1785 828 1986 884; x_wconf 80' lang='lat' dir='ltr'>patrum</span> <span class='ocrx_word' id='word_1_77' title='bbox 2005 823 2405 891; x_wconf 80' lang='lat' dir='ltr'>sintscriptisac</span> <span class='ocrx_word' id='word_1_78' title='bbox 2432 827 2582 881; x_wconf 88' lang='lat' dir='ltr'>laude</span> <span class='ocrx_word' id='word_1_79' title='bbox 2600 829 3051 894; x_wconf 73' lang='lat' dir='ltr'>dignissimaJlt-c</span> <span class='ocrx_word' id='word_1_80' title='bbox 3072 834 3135 885; x_wconf 88' lang='lat' dir='ltr'>de</span> <span class='ocrx_word' id='word_1_81' title='bbox 3154 835 3316 898; x_wconf 84' lang='lat' dir='ltr'>prima</span> 
     </span>
    </p>
   </div>
   <div class='ocr_carea' id='block_1_7' title="bbox 85 911 3318 984">
    <p class='ocr_par' dir='ltr' id='par_1_7' title="bbox 85 911 3318 984">
     <span class='ocr_line' id='line_1_7' title="bbox 85 911 3318 984; baseline 0.001 -17"><span class='ocrx_word' id='word_1_82' title='bbox 85 913 280 968; x_wconf 83' lang='lat' dir='ltr'>Elim</span> <span class='ocrx_word' id='word_1_83' title='bbox 312 928 364 970; x_wconf 89' lang='lat' dir='ltr'>et</span> <span class='ocrx_word' id='word_1_84' title='bbox 386 919 525 969; x_wconf 83' lang='lat' dir='ltr'>Siuai</span> <span class='ocrx_word' id='word_1_85' title='bbox 558 916 929 984; x_wconf 87' lang='lat' dir='ltr'>pertransierc,</span> <span class='ocrx_word' id='word_1_86' title='bbox 958 916 1046 967; x_wconf 89' lang='lat' dir='ltr'>sed</span> <span class='ocrx_word' id='word_1_87' title='bbox 1076 912 1173 966; x_wconf 86' lang='lat' dir='ltr'>alia</span> <span class='ocrx_word' id='word_1_88' title='bbox 1205 926 1440 981; x_wconf 86' lang='lat' dir='ltr'>prorsus,</span> <span class='ocrx_word' id='word_1_89' title='bbox 1470 911 1686 979; x_wconf 84' lang='lat' dir='ltr'>aliisque</span> <span class='ocrx_word' id='word_1_90' title='bbox 1786 915 1870 957; x_wconf 81' lang='lat' dir='ltr'>tua</span> <span class='ocrx_word' id='word_1_91' title='bbox 1900 911 2208 974; x_wconf 74' lang='lat' dir='ltr'>attmstione,</span> <span class='ocrx_word' id='word_1_92' title='bbox 2230 911 2565 977; x_wconf 78' lang='lat' dir='ltr'>‘charissitne,</span> <span class='ocrx_word' id='word_1_93' title='bbox 2598 916 2715 981; x_wconf 85' lang='lat' dir='ltr'>quia</span> <span class='ocrx_word' id='word_1_94' title='bbox 2765 916 2912 981; x_wconf 86' lang='lat' dir='ltr'>plana</span> <span class='ocrx_word' id='word_1_95' title='bbox 2946 920 3237 975; x_wconf 79' lang='lat' dir='ltr'>videntibus</span> <span class='ocrx_word' id='word_1_96' title='bbox 3266 930 3318 973; x_wconf 90' lang='lat' dir='ltr'>et</span> 
     </span>
    </p>
   </div>
   <div class='ocr_carea' id='block_1_8' title="bbox 78 993 3315 1074">
    <p class='ocr_par' dir='ltr' id='par_1_8' title="bbox 78 993 3315 1074">
     <span class='ocr_line' id='line_1_8' title="bbox 78 993 3315 1074; baseline 0.001 -19"><span class='ocrx_word' id='word_1_97' title='bbox 78 1010 271 1071; x_wconf 78' lang='lat' dir='ltr'>apud</span> <span class='ocrx_word' id='word_1_98' title='bbox 338 1009 583 1062; x_wconf 60' lang='lat' dir='ltr'>Hebraeos</span> <span class='ocrx_word' id='word_1_99' title='bbox 635 1007 830 1074; x_wconf 87' lang='lat' dir='ltr'>scripta</span> <span class='ocrx_word' id='word_1_100' title='bbox 884 1005 1175 1060; x_wconf 85' lang='lat' dir='ltr'>elementis.</span> <span class='ocrx_word' id='word_1_101' title='bbox 1239 1003 1476 1058; x_wconf 83' lang='lat' dir='ltr'>Secunda</span> <span class='ocrx_word' id='word_1_102' title='bbox 1560 1018 1682 1056; x_wconf 75' lang='lat' dir='ltr'>vero</span> <span class='ocrx_word' id='word_1_103' title='bbox 1784 993 2031 1049; x_wconf 88' lang='lat' dir='ltr'>historico</span> <span class='ocrx_word' id='word_1_104' title='bbox 2058 1008 2181 1050; x_wconf 91' lang='lat' dir='ltr'>sunt</span> <span class='ocrx_word' id='word_1_105' title='bbox 2210 1008 2467 1054; x_wconf 88' lang='lat' dir='ltr'>transacta</span> <span class='ocrx_word' id='word_1_106' title='bbox 2496 1017 2672 1064; x_wconf 86' lang='lat' dir='ltr'>cursu,</span> <span class='ocrx_word' id='word_1_107' title='bbox 2714 1018 2828 1057; x_wconf 78' lang='lat' dir='ltr'>mox</span> <span class='ocrx_word' id='word_1_108' title='bbox 2862 1006 3008 1057; x_wconf 85' lang='lat' dir='ltr'>lectis</span> <span class='ocrx_word' id='word_1_109' title='bbox 3036 1018 3135 1059; x_wconf 67' lang='lat' dir='ltr'>tua:</span> <span class='ocrx_word' id='word_1_110' title='bbox 3159 1009 3315 1060; x_wconf 83' lang='lat' dir='ltr'>beati-</span> 
     </span>
    </p>
   </div>
   <div class='ocr_carea' id='block_1_9' title="bbox 76 1086 3316 1166">
    <p class='ocr_par' dir='ltr' id='par_1_9' title="bbox 76 1086 3316 1166">
     <span class='ocr_line' id='line_1_9' title="bbox 76 1086 3316 1166; baseline 0.001 -18"><span class='ocrx_word' id='word_1_111' title='bbox 76 1095 329 1150; x_wconf 75' lang='lat' dir='ltr'>eadem</span> <span class='ocrx_word' id='word_1_112' title='bbox 375 1098 757 1166; x_wconf 78' lang='lat' dir='ltr'>quadragesimi</span> <span class='ocrx_word' id='word_1_113' title='bbox 797 1096 916 1149; x_wconf 91' lang='lat' dir='ltr'>anni</span> <span class='ocrx_word' id='word_1_114' title='bbox 958 1094 1157 1149; x_wconf 87' lang='lat' dir='ltr'>mansio</span> <span class='ocrx_word' id='word_1_115' title='bbox 1185 1104 1265 1147; x_wconf 91' lang='lat' dir='ltr'>est</span> <span class='ocrx_word' id='word_1_116' title='bbox 1292 1108 1442 1147; x_wconf 89' lang='lat' dir='ltr'>mons</span> <span class='ocrx_word' id='word_1_117' title='bbox 1474 1092 1600 1157; x_wconf 86' lang='lat' dir='ltr'>llor,</span> <span class='ocrx_word' id='word_1_118' title='bbox 1630 1092 1680 1144; x_wconf 91' lang='lat' dir='ltr'>in</span> <span class='ocrx_word' id='word_1_119' title='bbox 1784 1086 1974 1140; x_wconf 87' lang='lat' dir='ltr'>tudinis</span> <span class='ocrx_word' id='word_1_120' title='bbox 2028 1090 2263 1152; x_wconf 79' lang='lat' dir='ltr'>epistolis</span> <span class='ocrx_word' id='word_1_121' title='bbox 2291 1093 2580 1145; x_wconf 87' lang='lat' dir='ltr'>rescribere</span> <span class='ocrx_word' id='word_1_122' title='bbox 2612 1095 2910 1160; x_wconf 81' lang='lat' dir='ltr'>sategimus.</span> <span class='ocrx_word' id='word_1_123' title='bbox 2946 1097 3015 1148; x_wconf 88' lang='lat' dir='ltr'>De</span> <span class='ocrx_word' id='word_1_124' title='bbox 3047 1097 3316 1164; x_wconf 72' lang='lat' dir='ltr'>Propheta:</span> 
     </span>
    </p>
   </div>
   <div class='ocr_carea' id='block_1_10' title="bbox 79 1180 3313 1253">
    <p class='ocr_par' dir='ltr' id='par_1_10' title="bbox 79 1180 3313 1253">
     <span class='ocr_line' id='line_1_10' title="bbox 79 1180 3313 1253; baseline 0.001 -18"><span class='ocrx_word' id='word_1_125' title='bbox 79 1198 221 1243; x_wconf 81' lang='lat' dir='ltr'>quo</span> <span class='ocrx_word' id='word_1_126' title='bbox 256 1188 508 1240; x_wconf 89' lang='lat' dir='ltr'>occubuit</span> <span class='ocrx_word' id='word_1_127' title='bbox 530 1192 698 1240; x_wconf 78' lang='lat' dir='ltr'>Aaron</span> <span class='ocrx_word' id='word_1_128' title='bbox 728 1188 891 1253; x_wconf 89' lang='lat' dir='ltr'>prima</span> <span class='ocrx_word' id='word_1_129' title='bbox 921 1184 1005 1237; x_wconf 90' lang='lat' dir='ltr'>die</span> <span class='ocrx_word' id='word_1_130' title='bbox 1033 1185 1198 1250; x_wconf 86' lang='lat' dir='ltr'>quinti</span> <span class='ocrx_word' id='word_1_131' title='bbox 1228 1183 1452 1246; x_wconf 85' lang='lat' dir='ltr'>mensis;</span> <span class='ocrx_word' id='word_1_132' title='bbox 1480 1182 1681 1245; x_wconf 87' lang='lat' dir='ltr'>ultima,</span> <span class='ocrx_word' id='word_1_133' title='bbox 1774 1188 1950 1229; x_wconf 83' lang='lat' dir='ltr'>autem</span> <span class='ocrx_word' id='word_1_134' title='bbox 1978 1180 2273 1232; x_wconf 89' lang='lat' dir='ltr'>testimonio</span> <span class='ocrx_word' id='word_1_135' title='bbox 2297 1182 2433 1249; x_wconf 87' lang='lat' dir='ltr'>quod</span> <span class='ocrx_word' id='word_1_136' title='bbox 2455 1184 2643 1249; x_wconf 87' lang='lat' dir='ltr'>pariter</span> <span class='ocrx_word' id='word_1_137' title='bbox 2663 1187 3024 1251; x_wconf 79' lang='lat' dir='ltr'>exponendum</span> <span class='ocrx_word' id='word_1_138' title='bbox 3045 1187 3249 1249; x_wconf 87' lang='lat' dir='ltr'>misisti,</span> <span class='ocrx_word' id='word_1_139' title='bbox 3271 1190 3313 1241; x_wconf 91' lang='lat' dir='ltr'>si</span> 
     </span>
    </p>
   </div>
   <div class='ocr_carea' id='block_1_11' title="bbox 80 1268 3313 1343">
    <p class='ocr_par' dir='ltr' id='par_1_11' title="bbox 80 1268 3313 1343">
     <span class='ocr_line' id='line_1_11' title="bbox 80 1268 3313 1343; baseline 0.002 -22"><span class='ocrx_word' id='word_1_140' title='bbox 80 1277 455 1341; x_wconf 70' lang='lat' dir='ltr'>campestria</span> <span class='ocrx_word' id='word_1_141' title='bbox 484 1275 631 1329; x_wconf 81' lang='lat' dir='ltr'>Moab</span> <span class='ocrx_word' id='word_1_142' title='bbox 655 1289 813 1341; x_wconf 90' lang='lat' dir='ltr'>super</span> <span class='ocrx_word' id='word_1_143' title='bbox 840 1271 1119 1327; x_wconf 82' lang='lat' dir='ltr'>.lordanem</span> <span class='ocrx_word' id='word_1_144' title='bbox 1142 1279 1323 1324; x_wconf 89' lang='lat' dir='ltr'>contra</span> <span class='ocrx_word' id='word_1_145' title='bbox 1344 1268 1574 1333; x_wconf 87' lang='lat' dir='ltr'>Jericho,</span> <span class='ocrx_word' id='word_1_146' title='bbox 1595 1269 1681 1321; x_wconf 88' lang='lat' dir='ltr'>ubi</span> <span class='ocrx_word' id='word_1_147' title='bbox 1783 1268 1903 1334; x_wconf 84' lang='lat' dir='ltr'>quid</span> <span class='ocrx_word' id='word_1_148' title='bbox 1936 1269 2042 1322; x_wconf 90' lang='lat' dir='ltr'>Deo</span> <span class='ocrx_word' id='word_1_149' title='bbox 2069 1272 2382 1324; x_wconf 80' lang='lat' dir='ltr'>concedente</span> <span class='ocrx_word' id='word_1_150' title='bbox 2405 1275 2649 1325; x_wconf 87' lang='lat' dir='ltr'>memoria</span> <span class='ocrx_word' id='word_1_151' title='bbox 2671 1274 2880 1341; x_wconf 84' lang='lat' dir='ltr'>dignum</span> <span class='ocrx_word' id='word_1_152' title='bbox 2902 1276 3094 1329; x_wconf 88' lang='lat' dir='ltr'>sentire</span> <span class='ocrx_word' id='word_1_153' title='bbox 3120 1278 3313 1343; x_wconf 85' lang='lat' dir='ltr'>poteri—</span> 
     </span>
    </p>
   </div>
   <div class='ocr_carea' id='block_1_12' title="bbox 84 1359 3311 1426">
    <p class='ocr_par' dir='ltr' id='par_1_12' title="bbox 84 1359 3311 1426">
     <span class='ocr_line' id='line_1_12' title="bbox 84 1359 3311 1426; baseline 0.002 -15"><span class='ocrx_word' id='word_1_154' title='bbox 84 1359 601 1416; x_wconf 81' lang='lat' dir='ltr'>Dcuterouomium</span> <span class='ocrx_word' id='word_1_155' title='bbox 653 1364 963 1417; x_wconf 87' lang='lat' dir='ltr'>meditantes</span> <span class='ocrx_word' id='word_1_156' title='bbox 1019 1368 1320 1414; x_wconf 87' lang='lat' dir='ltr'>manserunt</span> <span class='ocrx_word' id='word_1_157' title='bbox 1367 1373 1529 1426; x_wconf 92' lang='lat' dir='ltr'>usque</span> <span class='ocrx_word' id='word_1_158' title='bbox 1560 1360 1681 1410; x_wconf 91' lang='lat' dir='ltr'>dum</span> <span class='ocrx_word' id='word_1_159' title='bbox 1783 1373 1919 1423; x_wconf 84' lang='lat' dir='ltr'>ntus,</span> <span class='ocrx_word' id='word_1_160' title='bbox 1952 1368 2004 1411; x_wconf 90' lang='lat' dir='ltr'>et</span> <span class='ocrx_word' id='word_1_161' title='bbox 2027 1360 2190 1426; x_wconf 84' lang='lat' dir='ltr'>ipsum</span> <span class='ocrx_word' id='word_1_162' title='bbox 2222 1361 2310 1413; x_wconf 87' lang='lat' dir='ltr'>tibi</span> <span class='ocrx_word' id='word_1_163' title='bbox 2339 1364 2642 1426; x_wconf 87' lang='lat' dir='ltr'>quantocius</span> <span class='ocrx_word' id='word_1_164' title='bbox 2672 1380 2771 1414; x_wconf 88' lang='lat' dir='ltr'>ttun</span> <span class='ocrx_word' id='word_1_165' title='bbox 2803 1364 2970 1417; x_wconf 90' lang='lat' dir='ltr'>celare</span> <span class='ocrx_word' id='word_1_166' title='bbox 3000 1367 3311 1417; x_wconf 87' lang='lat' dir='ltr'>curabimus.</span> 
     </span>
    </p>
   </div>
   <div class='ocr_carea' id='block_1_13' title="bbox 84 1448 3315 1525">
    <p class='ocr_par' dir='ltr' id='par_1_13' title="bbox 84 1448 3315 1525">
     <span class='ocr_line' id='line_1_13' title="bbox 84 1448 3315 1525; baseline 0.002 -25"><span class='ocrx_word' id='word_1_167' title='bbox 84 1462 237 1515; x_wconf 80' lang='lat' dir='ltr'>post</span> <span class='ocrx_word' id='word_1_168' title='bbox 288 1462 508 1505; x_wconf 83' lang='lat' dir='ltr'>mortem</span> <span class='ocrx_word' id='word_1_169' title='bbox 558 1451 742 1520; x_wconf 79' lang='lat' dir='ltr'>Moysi,</span> <span class='ocrx_word' id='word_1_170' title='bbox 790 1451 947 1505; x_wconf 82' lang='lat' dir='ltr'>Josue</span> <span class='ocrx_word' id='word_1_171' title='bbox 976 1451 1125 1505; x_wconf 89' lang='lat' dir='ltr'>duce.</span> <span class='ocrx_word' id='word_1_172' title='bbox 1158 1452 1322 1518; x_wconf 87' lang='lat' dir='ltr'>prima</span> <span class='ocrx_word' id='word_1_173' title='bbox 1365 1448 1450 1502; x_wconf 91' lang='lat' dir='ltr'>die</span> <span class='ocrx_word' id='word_1_174' title='bbox 1494 1448 1681 1501; x_wconf 78' lang='lat' dir='ltr'>decimi</span> <span class='ocrx_word' id='word_1_175' title='bbox 1782 1448 2026 1501; x_wconf 85' lang='lat' dir='ltr'>Orantem</span> <span class='ocrx_word' id='word_1_176' title='bbox 2080 1464 2172 1514; x_wconf 91' lang='lat' dir='ltr'>pro</span> <span class='ocrx_word' id='word_1_177' title='bbox 2228 1450 2455 1525; x_wconf 83' lang='lat' dir='ltr'>Ecclesia</span> <span class='ocrx_word' id='word_1_178' title='bbox 2509 1466 2598 1503; x_wconf 87' lang='lat' dir='ltr'>sua</span> <span class='ocrx_word' id='word_1_179' title='bbox 2665 1466 2893 1506; x_wconf 82' lang='lat' dir='ltr'>sanctam</span> <span class='ocrx_word' id='word_1_180' title='bbox 2951 1455 3315 1507; x_wconf 84' lang='lat' dir='ltr'>beatitudinem</span> 
     </span>
    </p>
   </div>
   <div class='ocr_carea' id='block_1_14' title="bbox 86 1537 3314 1607">
    <p class='ocr_par' dir='ltr' id='par_1_14' title="bbox 86 1537 3314 1607">
     <span class='ocr_line' id='line_1_14' title="bbox 86 1537 3314 1607; baseline 0.002 -18"><span class='ocrx_word' id='word_1_181' title='bbox 86 1542 337 1594; x_wconf 83' lang='lat' dir='ltr'>mensis</span> <span class='ocrx_word' id='word_1_182' title='bbox 384 1540 518 1594; x_wconf 83' lang='lat' dir='ltr'>sicca</span> <span class='ocrx_word' id='word_1_183' title='bbox 589 1542 729 1595; x_wconf 83' lang='lat' dir='ltr'>ﬂuvii</span> <span class='ocrx_word' id='word_1_184' title='bbox 780 1539 1023 1595; x_wconf 85' lang='lat' dir='ltr'>Jordanis</span> <span class='ocrx_word' id='word_1_185' title='bbox 1078 1537 1329 1607; x_wconf 87' lang='lat' dir='ltr'>profunda</span> <span class='ocrx_word' id='word_1_186' title='bbox 1379 1537 1679 1590; x_wconf 89' lang='lat' dir='ltr'>transirent.</span> <span class='ocrx_word' id='word_1_187' title='bbox 1788 1543 2010 1589; x_wconf 91' lang='lat' dir='ltr'>vestram</span> <span class='ocrx_word' id='word_1_188' title='bbox 2069 1548 2245 1590; x_wconf 75' lang='lat' dir='ltr'>sancta</span> <span class='ocrx_word' id='word_1_189' title='bbox 2303 1548 2353 1592; x_wconf 92' lang='lat' dir='ltr'>et</span> <span class='ocrx_word' id='word_1_190' title='bbox 2405 1539 2661 1592; x_wconf 82' lang='lat' dir='ltr'>individua</span> <span class='ocrx_word' id='word_1_191' title='bbox 2723 1541 2949 1594; x_wconf 87' lang='lat' dir='ltr'>&#39;l‘rinitas</span> <span class='ocrx_word' id='word_1_192' title='bbox 3005 1543 3314 1596; x_wconf 89' lang='lat' dir='ltr'>incolumem</span> 
     </span>
    </p>
   </div>
   <div class='ocr_carea' id='block_1_15' title="bbox 89 1626 2057 1697">
    <p class='ocr_par' dir='ltr' id='par_1_15' title="bbox 89 1626 2057 1697">
     <span class='ocr_line' id='line_1_15' title="bbox 89 1626 2057 1697; baseline -0.001 -18"><span class='ocrx_word' id='word_1_193' title='bbox 89 1626 295 1681; x_wconf 82' lang='lat' dir='ltr'>Fiunt</span> <span class='ocrx_word' id='word_1_194' title='bbox 328 1642 451 1697; x_wconf 85' lang='lat' dir='ltr'>ergo</span> <span class='ocrx_word' id='word_1_195' title='bbox 493 1644 675 1684; x_wconf 89' lang='lat' dir='ltr'>omnes</span> <span class='ocrx_word' id='word_1_196' title='bbox 705 1629 1001 1684; x_wconf 83' lang='lat' dir='ltr'>mansiones</span> <span class='ocrx_word' id='word_1_197' title='bbox 1048 1628 1199 1696; x_wconf 89' lang='lat' dir='ltr'>primi</span> <span class='ocrx_word' id='word_1_198' title='bbox 1222 1627 1340 1683; x_wconf 86' lang='lat' dir='ltr'>anni</span> <span class='ocrx_word' id='word_1_199' title='bbox 1385 1626 1680 1691; x_wconf 89' lang='lat' dir='ltr'>duodecim,</span> <span class='ocrx_word' id='word_1_200' title='bbox 1781 1626 2057 1679; x_wconf 77' lang='lat' dir='ltr'>custodiat.</span> 
     </span>
    </p>
   </div>
   <div class='ocr_carea' id='block_1_16' title="bbox 87 1716 2772 1829">
    <p class='ocr_par' dir='ltr' id='par_1_16' title="bbox 87 1716 2772 1829">
     <span class='ocr_line' id='line_1_16' title="bbox 87 1716 2772 1829; baseline 0 -60"><span class='ocrx_word' id='word_1_201' title='bbox 87 1720 355 1771; x_wconf 83' lang='lat' dir='ltr'>secundi</span> <span class='ocrx_word' id='word_1_202' title='bbox 390 1719 564 1786; x_wconf 81' lang='lat' dir='ltr'>viginti</span> <span class='ocrx_word' id='word_1_203' title='bbox 597 1728 651 1772; x_wconf 90' lang='lat' dir='ltr'>et</span> <span class='ocrx_word' id='word_1_204' title='bbox 675 1734 794 1781; x_wconf 90' lang='lat' dir='ltr'>una,</span> <span class='ocrx_word' id='word_1_205' title='bbox 828 1720 991 1772; x_wconf 90' lang='lat' dir='ltr'>ultimi</span> <span class='ocrx_word' id='word_1_206' title='bbox 1022 1729 1073 1773; x_wconf 88' lang='lat' dir='ltr'>et</span> <span class='ocrx_word' id='word_1_207' title='bbox 1103 1720 1211 1787; x_wconf 90' lang='lat' dir='ltr'>ipsa</span> <span class='ocrx_word' id='word_1_208' title='bbox 1238 1718 1481 1772; x_wconf 87' lang='lat' dir='ltr'>vicesima</span> <span class='ocrx_word' id='word_1_209' title='bbox 1516 1718 1677 1784; x_wconf 88' lang='lat' dir='ltr'>prima</span> <span class='ocrx_word' id='word_1_210' title='bbox 1715 1772 1753 1829; x_wconf 76' lang='grc' dir='ltr'><strong>Β</strong></span> <span class='ocrx_word' id='word_1_211' title='bbox 2318 1716 2636 1770; x_wconf 71' lang='grc' dir='ltr'>ΕΡιδΤοω</span> <span class='ocrx_word' id='word_1_212' title='bbox 2666 1718 2772 1769; x_wconf 77' lang='lat' dir='ltr'>XV.</span> 
     </span>
     <span class='ocr_line' id='line_1_17' title="bbox 93 1806 2521 1829; baseline 0 0"><span class='ocrx_word' id='word_1_213' title='bbox 93 1820 239 1829; x_wconf 61' lang='lat' dir='ltr'>n-.M</span> <span class='ocrx_word' id='word_1_214' title='bbox 294 1816 367 1829; x_wconf 64' lang='grc' dir='ltr'>--ι</span> <span class='ocrx_word' id='word_1_215' title='bbox 401 1807 563 1829; x_wconf 58' lang='grc' dir='ltr'>ΓΑΔ..-</span> <span class='ocrx_word' id='word_1_216' title='bbox 596 1816 638 1829; x_wconf 69' lang='grc' dir='ltr'>,ι</span> <span class='ocrx_word' id='word_1_217' title='bbox 690 1808 799 1829; x_wconf 67' lang='lat'>-12...</span> <span class='ocrx_word' id='word_1_218' title='bbox 844 1822 1031 1829; x_wconf 67' lang='lat'>_--.-..-</span> <span class='ocrx_word' id='word_1_219' title='bbox 1111 1808 1159 1829; x_wconf 61' lang='grc' dir='ltr'><strong>ζ]</strong></span> <span class='ocrx_word' id='word_1_220' title='bbox 1212 1816 1282 1829; x_wconf 68' lang='grc' dir='ltr'>-..Α</span> <span class='ocrx_word' id='word_1_221' title='bbox 1316 1806 1463 1829; x_wconf 63' lang='grc'>,2....1</span> <span class='ocrx_word' id='word_1_222' title='bbox 1499 1821 1674 1829; x_wconf 46' lang='lat' dir='ltr'>Amm..-</span> <span class='ocrx_word' id='word_1_223' title='bbox 1796 1827 1809 1829; x_wconf 40' lang='grc' dir='ltr'><strong>Α</strong></span> <span class='ocrx_word' id='word_1_224' title='bbox 2204 1826 2219 1829; x_wconf 85' lang='lat'><em>_</em></span> <span class='ocrx_word' id='word_1_225' title='bbox 2483 1826 2521 1829; x_wconf 85' lang='lat'><em>_</em></span> 
     </span>
    </p>
   </div>
   <div class='ocr_carea' id='block_1_17' title="bbox 89 1806 3311 1896">
    <p class='ocr_par' dir='ltr' id='par_1_17' title="bbox 89 1806 3311 1896">
     <span class='ocr_line' id='line_1_18' title="bbox 89 1806 3311 1896; baseline 0.003 -25"><span class='ocrx_word' id='word_1_226' title='bbox 89 1820 243 1871; x_wconf 64' lang='grc' dir='ltr'>(1⁸³³Ιῖ</span> <span class='ocrx_word' id='word_1_227' title='bbox 287 1816 373 1859; x_wconf 70' lang='grc' dir='ltr'>εει</span> <span class='ocrx_word' id='word_1_228' title='bbox 401 1807 566 1860; x_wconf 69' lang='lat' dir='ltr'>cades</span> <span class='ocrx_word' id='word_1_229' title='bbox 592 1816 643 1860; x_wconf 74' lang='grc' dir='ltr'>ει</span> <span class='ocrx_word' id='word_1_230' title='bbox 686 1808 803 1860; x_wconf 52' lang='lat' dir='ltr'>alia?</span> <span class='ocrx_word' id='word_1_231' title='bbox 844 1822 1054 1869; x_wconf 68' lang='grc' dir='ltr'>ηονθηιι</span> <span class='ocrx_word' id='word_1_232' title='bbox 1111 1808 1161 1859; x_wconf 70' lang='lat' dir='ltr'>id</span> <span class='ocrx_word' id='word_1_233' title='bbox 1208 1816 1287 1859; x_wconf 71' lang='grc' dir='ltr'>θδί</span> <span class='ocrx_word' id='word_1_234' title='bbox 1314 1806 1465 1859; x_wconf 52' lang='lat' dir='ltr'>sum&quot;</span> <span class='ocrx_word' id='word_1_235' title='bbox 1496 1821 1676 1859; x_wconf 63' lang='lat' dir='ltr'>“mnes</span> <span class='ocrx_word' id='word_1_236' title='bbox 1715 1806 1753 1829; x_wconf 71' lang='grc' dir='ltr'><em>υ</em></span> <span class='ocrx_word' id='word_1_237' title='bbox 1780 1827 1855 1881; x_wconf 86' lang='lat' dir='ltr'>De</span> <span class='ocrx_word' id='word_1_238' title='bbox 1879 1844 1934 1880; x_wconf 91' lang='lat' dir='ltr'>eo</span> <span class='ocrx_word' id='word_1_239' title='bbox 1954 1829 2086 1896; x_wconf 86' lang='lat' dir='ltr'>quod</span> <span class='ocrx_word' id='word_1_240' title='bbox 2103 1829 2173 1879; x_wconf 86' lang='lat' dir='ltr'>ait</span> <span class='ocrx_word' id='word_1_241' title='bbox 2194 1826 2357 1880; x_wconf 82' lang='lat' dir='ltr'>Isaias</span> <span class='ocrx_word' id='word_1_242' title='bbox 2380 1845 2396 1880; x_wconf 90' lang='lat'><em>:</em></span> <span class='ocrx_word' id='word_1_243' title='bbox 2423 1845 2442 1878; x_wconf 73' lang='grc' dir='ltr'><strong>ε</strong></span> <span class='ocrx_word' id='word_1_244' title='bbox 2478 1826 2541 1879; x_wconf 83' lang='grc' dir='ltr'><strong><em>Ει</em></strong></span> <span class='ocrx_word' id='word_1_245' title='bbox 2570 1830 2868 1881; x_wconf 85' lang='lat' dir='ltr'>claudentur</span> <span class='ocrx_word' id='word_1_246' title='bbox 2897 1830 2961 1881; x_wconf 88' lang='lat' dir='ltr'>ibi</span> <span class='ocrx_word' id='word_1_247' title='bbox 2984 1831 3034 1882; x_wconf 87' lang='lat' dir='ltr'>in</span> <span class='ocrx_word' id='word_1_248' title='bbox 3054 1845 3249 1883; x_wconf 83' lang='lat' dir='ltr'>carcere</span> <span class='ocrx_word' id='word_1_249' title='bbox 3270 1842 3311 1883; x_wconf 86' lang='lat' dir='ltr'>et</span> 
     </span>
    </p>
   </div>
   <div class='ocr_carea' id='block_1_18' title="bbox 89 1896 2973 1963">
    <p class='ocr_par' dir='ltr' id='par_1_18' title="bbox 89 1896 2973 1963">
     <span class='ocr_line' id='line_1_19' title="bbox 89 1896 2973 1963; baseline 0.001 -18"><span class='ocrx_word' id='word_1_250' title='bbox 89 1897 480 1963; x_wconf 76' lang='lat' dir='ltr'>quadraginta</span> <span class='ocrx_word' id='word_1_251' title='bbox 512 1907 563 1950; x_wconf 91' lang='lat' dir='ltr'>et</span> <span class='ocrx_word' id='word_1_252' title='bbox 584 1898 732 1949; x_wconf 74' lang='lat' dir='ltr'>dum:</span> <span class='ocrx_word' id='word_1_253' title='bbox 759 1897 839 1949; x_wconf 87' lang='lat' dir='ltr'>ubi</span> <span class='ocrx_word' id='word_1_254' title='bbox 872 1897 1169 1963; x_wconf 84' lang='lat' dir='ltr'>diligentius</span> <span class='ocrx_word' id='word_1_255' title='bbox 1196 1896 1494 1949; x_wconf 89' lang='lat' dir='ltr'>intuendum</span> <span class='ocrx_word' id='word_1_256' title='bbox 1518 1910 1677 1963; x_wconf 87' lang='lat' dir='ltr'>quare</span> <span class='ocrx_word' id='word_1_257' title='bbox 2115 1908 2222 1962; x_wconf 87' lang='lat' dir='ltr'>post</span> <span class='ocrx_word' id='word_1_258' title='bbox 2242 1898 2346 1948; x_wconf 82' lang='lat' dir='ltr'>dies</span> <span class='ocrx_word' id='word_1_259' title='bbox 2374 1899 2555 1948; x_wconf 82' lang='lat' dir='ltr'>multos</span> <span class='ocrx_word' id='word_1_260' title='bbox 2572 1899 2917 1950; x_wconf 76' lang='lat' dir='ltr'>uisitabantur.</span> <span class='ocrx_word' id='word_1_261' title='bbox 2956 1918 2973 1948; x_wconf 77' lang='grc' dir='ltr'><strong>ι</strong></span> 
     </span>
    </p>
   </div>
   <div class='ocr_carea' id='block_1_19' title="bbox 97 1985 3313 2054">
    <p class='ocr_par' dir='ltr' id='par_1_19' title="bbox 97 1985 3313 2054">
     <span class='ocr_line' id='line_1_20' title="bbox 97 1985 3313 2054; baseline 0.002 -18"><span class='ocrx_word' id='word_1_262' title='bbox 97 1985 408 2053; x_wconf 81' lang='lat' dir='ltr'>legislator</span> <span class='ocrx_word' id='word_1_263' title='bbox 439 1997 579 2039; x_wconf 90' lang='lat' dir='ltr'>tanta</span> <span class='ocrx_word' id='word_1_264' title='bbox 636 1989 849 2040; x_wconf 82' lang='lat' dir='ltr'>solertia</span> <span class='ocrx_word' id='word_1_265' title='bbox 898 1989 1050 2039; x_wconf 89' lang='lat' dir='ltr'>trium</span> <span class='ocrx_word' id='word_1_266' title='bbox 1078 2002 1339 2040; x_wconf 86' lang='lat' dir='ltr'>annorum</span> <span class='ocrx_word' id='word_1_267' title='bbox 1380 1986 1677 2052; x_wconf 79' lang='lat' dir='ltr'>conscripto</span> <span class='ocrx_word' id='word_1_268' title='bbox 1848 1985 2063 2037; x_wconf 84' lang='lat' dir='ltr'>Domino</span> <span class='ocrx_word' id='word_1_269' title='bbox 2105 1985 2404 2038; x_wconf 88' lang='lat' dir='ltr'>beatissimo</span> <span class='ocrx_word' id='word_1_270' title='bbox 2440 1996 2492 2039; x_wconf 89' lang='lat' dir='ltr'>et</span> <span class='ocrx_word' id='word_1_271' title='bbox 2523 1987 2702 2040; x_wconf 89' lang='lat' dir='ltr'>intima</span> <span class='ocrx_word' id='word_1_272' title='bbox 2727 2003 2930 2054; x_wconf 86' lang='lat' dir='ltr'>semper</span> <span class='ocrx_word' id='word_1_273' title='bbox 2953 1990 3203 2042; x_wconf 87' lang='lat' dir='ltr'>charitate</span> <span class='ocrx_word' id='word_1_274' title='bbox 3232 2004 3313 2042; x_wconf 87' lang='lat' dir='ltr'>vc-</span> 
     </span>
    </p>
   </div>
   <div class='ocr_carea' id='block_1_20' title="bbox 93 2072 3313 2144">
    <p class='ocr_par' dir='ltr' id='par_1_20' title="bbox 93 2072 3313 2144">
     <span class='ocr_line' id='line_1_21' title="bbox 93 2072 3313 2144; baseline 0.001 -18"><span class='ocrx_word' id='word_1_275' title='bbox 93 2077 380 2142; x_wconf 79' lang='lat' dir='ltr'>eatalogo</span> <span class='ocrx_word' id='word_1_276' title='bbox 412 2078 641 2144; x_wconf 89' lang='lat' dir='ltr'>reliquas</span> <span class='ocrx_word' id='word_1_277' title='bbox 670 2078 911 2131; x_wconf 87' lang='lat' dir='ltr'>maluerit</span> <span class='ocrx_word' id='word_1_278' title='bbox 944 2082 1216 2143; x_wconf 62' lang='lat' dir='ltr'>praeterire</span> <span class='ocrx_word' id='word_1_279' title='bbox 1246 2076 1475 2139; x_wconf 89' lang='lat' dir='ltr'>silentio,</span> <span class='ocrx_word' id='word_1_280' title='bbox 1522 2076 1590 2129; x_wconf 90' lang='lat' dir='ltr'>ita</span> <span class='ocrx_word' id='word_1_281' title='bbox 1622 2086 1679 2129; x_wconf 92' lang='lat' dir='ltr'>ut</span> <span class='ocrx_word' id='word_1_282' title='bbox 1778 2072 2224 2136; x_wconf 86' lang='lat' dir='ltr'>neraudo,sancto</span> <span class='ocrx_word' id='word_1_283' title='bbox 2251 2074 2463 2127; x_wconf 83' lang='lat' dir='ltr'>antistiti</span> <span class='ocrx_word' id='word_1_284' title='bbox 2490 2075 2661 2137; x_wconf 66' lang='lat' dir='ltr'>Acer,</span> <span class='ocrx_word' id='word_1_285' title='bbox 2686 2075 2842 2141; x_wconf 84' lang='lat' dir='ltr'>Beda,</span> <span class='ocrx_word' id='word_1_286' title='bbox 2864 2076 3179 2130; x_wconf 90' lang='lat' dir='ltr'>humillimus</span> <span class='ocrx_word' id='word_1_287' title='bbox 3200 2092 3313 2130; x_wconf 87' lang='lat' dir='ltr'>ser-</span> 
     </span>
    </p>
   </div>
   <div class='ocr_carea' id='block_1_21' title="bbox 100 2160 2548 2233">
    <p class='ocr_par' dir='ltr' id='par_1_21' title="bbox 100 2160 2548 2233">
     <span class='ocr_line' id='line_1_22' title="bbox 100 2160 2548 2233; baseline 0 -18"><span class='ocrx_word' id='word_1_288' title='bbox 100 2175 283 2217; x_wconf 81' lang='lat' dir='ltr'>tanto</span> <span class='ocrx_word' id='word_1_289' title='bbox 342 2176 626 2233; x_wconf 86' lang='lat' dir='ltr'>temporum</span> <span class='ocrx_word' id='word_1_290' title='bbox 672 2167 752 2219; x_wconf 82' lang='lat' dir='ltr'>vel</span> <span class='ocrx_word' id='word_1_291' title='bbox 812 2168 980 2232; x_wconf 81' lang='lat' dir='ltr'>potius</span> <span class='ocrx_word' id='word_1_292' title='bbox 1017 2167 1332 2219; x_wconf 71' lang='lat' dir='ltr'>smculorum</span> <span class='ocrx_word' id='word_1_293' title='bbox 1377 2167 1546 2232; x_wconf 87' lang='lat' dir='ltr'>spatio</span> <span class='ocrx_word' id='word_1_294' title='bbox 1598 2165 1679 2218; x_wconf 88' lang='lat' dir='ltr'>di-</span> <span class='ocrx_word' id='word_1_295' title='bbox 1777 2178 1956 2216; x_wconf 84' lang='lat' dir='ltr'>verum</span> <span class='ocrx_word' id='word_1_296' title='bbox 1980 2162 2189 2227; x_wconf 86' lang='lat' dir='ltr'>Christi,</span> <span class='ocrx_word' id='word_1_297' title='bbox 2214 2162 2454 2215; x_wconf 88' lang='lat' dir='ltr'>salutem.</span> <span class='ocrx_word' id='word_1_298' title='bbox 2545 2160 2548 2164; x_wconf 83' lang='grc'><em>’</em></span> 
     </span>
    </p>
   </div>
   <div class='ocr_carea' id='block_1_22' title="bbox 98 2256 1674 2327">
    <p class='ocr_par' dir='ltr' id='par_1_22' title="bbox 98 2256 1674 2327">
     <span class='ocr_line' id='line_1_23' title="bbox 98 2256 1674 2327; baseline 0 -20"><span class='ocrx_word' id='word_1_299' title='bbox 98 2256 329 2309; x_wconf 86' lang='lat' dir='ltr'>stincta</span> <span class='ocrx_word' id='word_1_300' title='bbox 359 2257 687 2309; x_wconf 90' lang='lat' dir='ltr'>mansionum</span> <span class='ocrx_word' id='word_1_301' title='bbox 718 2257 829 2309; x_wconf 89' lang='lat' dir='ltr'>loca</span> <span class='ocrx_word' id='word_1_302' title='bbox 860 2256 957 2309; x_wconf 91' lang='lat' dir='ltr'>sub</span> <span class='ocrx_word' id='word_1_303' title='bbox 986 2266 1229 2327; x_wconf 76' lang='lat' dir='ltr'>contestu</span> <span class='ocrx_word' id='word_1_304' title='bbox 1261 2256 1520 2309; x_wconf 66' lang='lat' dir='ltr'>continuae</span> <span class='ocrx_word' id='word_1_305' title='bbox 1551 2268 1674 2323; x_wconf 70' lang='lat' dir='ltr'>nar-</span> 
     </span>
    </p>
   </div>
   <div class='ocr_carea' id='block_1_23' title="bbox 102 2344 1671 2411">
    <p class='ocr_par' dir='ltr' id='par_1_23' title="bbox 102 2344 1671 2411">
     <span class='ocr_line' id='line_1_24' title="bbox 102 2344 1671 2411; baseline -0.001 -16"><span class='ocrx_word' id='word_1_306' title='bbox 102 2346 361 2397; x_wconf 80' lang='lat' dir='ltr'>rationis</span> <span class='ocrx_word' id='word_1_307' title='bbox 373 2346 517 2411; x_wconf 86' lang='lat' dir='ltr'>quasi</span> <span class='ocrx_word' id='word_1_308' title='bbox 538 2360 655 2398; x_wconf 81' lang='lat' dir='ltr'>mox</span> <span class='ocrx_word' id='word_1_309' title='bbox 681 2346 997 2399; x_wconf 85' lang='lat' dir='ltr'>subinvicetn</span> <span class='ocrx_word' id='word_1_310' title='bbox 1014 2344 1347 2398; x_wconf 86' lang='lat' dir='ltr'>succedentia</span> <span class='ocrx_word' id='word_1_311' title='bbox 1366 2350 1671 2396; x_wconf 87' lang='lat' dir='ltr'>connectat:</span> 
     </span>
    </p>
   </div>
   <div class='ocr_carea' id='block_1_24' title="bbox 104 2432 1674 2502">
    <p class='ocr_par' dir='ltr' id='par_1_24' title="bbox 104 2432 1674 2502">
     <span class='ocr_line' id='line_1_25' title="bbox 104 2432 1674 2502; baseline -0.001 -19"><span class='ocrx_word' id='word_1_312' title='bbox 104 2432 435 2502; x_wconf 70' lang='lat' dir='ltr'>Egressique</span> <span class='ocrx_word' id='word_1_313' title='bbox 470 2436 529 2485; x_wconf 84' lang='lat' dir='ltr'>de</span> <span class='ocrx_word' id='word_1_314' title='bbox 562 2434 793 2489; x_wconf 83' lang='lat' dir='ltr'>Ilcbrona</span> <span class='ocrx_word' id='word_1_315' title='bbox 819 2445 983 2486; x_wconf 83' lang='lat' dir='ltr'>castra</span> <span class='ocrx_word' id='word_1_316' title='bbox 1012 2434 1178 2485; x_wconf 85' lang='lat' dir='ltr'>metati</span> <span class='ocrx_word' id='word_1_317' title='bbox 1206 2442 1317 2485; x_wconf 85' lang='lat' dir='ltr'>sunt</span> <span class='ocrx_word' id='word_1_318' title='bbox 1347 2434 1398 2483; x_wconf 85' lang='lat' dir='ltr'>in</span> <span class='ocrx_word' id='word_1_319' title='bbox 1432 2432 1674 2499; x_wconf 80' lang='lat' dir='ltr'>Asionga-</span> 
     </span>
    </p>
   </div>
   <div class='ocr_carea' id='block_1_25' title="bbox 102 2514 1673 2591">
    <p class='ocr_par' dir='ltr' id='par_1_25' title="bbox 102 2514 1673 2591">
     <span class='ocr_line' id='line_1_26' title="bbox 102 2514 1673 2591; baseline 0 -18"><span class='ocrx_word' id='word_1_320' title='bbox 102 2521 228 2573; x_wconf 84' lang='lat' dir='ltr'>ber.</span> <span class='ocrx_word' id='word_1_321' title='bbox 271 2520 400 2574; x_wconf 86' lang='lat' dir='ltr'>Inde</span> <span class='ocrx_word' id='word_1_322' title='bbox 445 2523 653 2591; x_wconf 77' lang='lat' dir='ltr'>profecti</span> <span class='ocrx_word' id='word_1_323' title='bbox 694 2532 935 2575; x_wconf 81' lang='lat' dir='ltr'>venerunt</span> <span class='ocrx_word' id='word_1_324' title='bbox 978 2522 1029 2573; x_wconf 86' lang='lat' dir='ltr'>in</span> <span class='ocrx_word' id='word_1_325' title='bbox 1058 2528 1302 2573; x_wconf 86' lang='lat' dir='ltr'>desertum</span> <span class='ocrx_word' id='word_1_326' title='bbox 1336 2514 1449 2581; x_wconf 87' lang='lat' dir='ltr'>Sin,</span> <span class='ocrx_word' id='word_1_327' title='bbox 1472 2521 1577 2572; x_wconf 79' lang='lat' dir='ltr'>lucc</span> <span class='ocrx_word' id='word_1_328' title='bbox 1603 2530 1673 2573; x_wconf 83' lang='lat' dir='ltr'>est</span> 
     </span>
    </p>
   </div>
   <div class='ocr_carea' id='block_1_26' title="bbox 100 2610 1673 2681">
    <p class='ocr_par' dir='ltr' id='par_1_26' title="bbox 100 2610 1673 2681">
     <span class='ocr_line' id='line_1_27' title="bbox 100 2610 1673 2681; baseline -0.003 -18"><span class='ocrx_word' id='word_1_329' title='bbox 100 2611 310 2665; x_wconf 65' lang='lat' dir='ltr'>(ludes.</span> <span class='ocrx_word' id='word_1_330' title='bbox 370 2611 565 2681; x_wconf 63' lang='lat' dir='ltr'>Egressi</span> <span class='ocrx_word' id='word_1_331' title='bbox 628 2611 688 2663; x_wconf 84' lang='lat' dir='ltr'>de</span> <span class='ocrx_word' id='word_1_332' title='bbox 747 2611 942 2675; x_wconf 83' lang='lat' dir='ltr'>Cades,</span> <span class='ocrx_word' id='word_1_333' title='bbox 998 2619 1160 2663; x_wconf 85' lang='lat' dir='ltr'>castra</span> <span class='ocrx_word' id='word_1_334' title='bbox 1217 2610 1386 2660; x_wconf 86' lang='lat' dir='ltr'>metati</span> <span class='ocrx_word' id='word_1_335' title='bbox 1437 2617 1551 2659; x_wconf 85' lang='lat' dir='ltr'>sunt</span> <span class='ocrx_word' id='word_1_336' title='bbox 1619 2610 1673 2659; x_wconf 82' lang='lat' dir='ltr'>in</span> 
     </span>
    </p>
   </div>
   <div class='ocr_carea' id='block_1_27' title="bbox 98 2699 1674 2771">
    <p class='ocr_par' dir='ltr' id='par_1_27' title="bbox 98 2699 1674 2771">
     <span class='ocr_line' id='line_1_28' title="bbox 98 2699 1674 2771; baseline -0.001 -18"><span class='ocrx_word' id='word_1_337' title='bbox 98 2712 297 2754; x_wconf 82' lang='lat' dir='ltr'>monte</span> <span class='ocrx_word' id='word_1_338' title='bbox 326 2701 467 2766; x_wconf 84' lang='lat' dir='ltr'>llor;</span> <span class='ocrx_word' id='word_1_339' title='bbox 504 2718 620 2755; x_wconf 91' lang='lat' dir='ltr'>cum</span> <span class='ocrx_word' id='word_1_340' title='bbox 666 2701 1239 2771; x_wconf 84' lang='lat' dir='ltr'>superiorasollicitius</span> <span class='ocrx_word' id='word_1_341' title='bbox 1276 2700 1517 2767; x_wconf 71' lang='lat' dir='ltr'>inquisita</span> <span class='ocrx_word' id='word_1_342' title='bbox 1569 2699 1674 2752; x_wconf 88' lang='lat' dir='ltr'>do-</span> 
     </span>
    </p>
   </div>
   <div class='ocr_carea' id='block_1_28' title="bbox 101 2786 1674 2857">
    <p class='ocr_par' dir='ltr' id='par_1_28' title="bbox 101 2786 1674 2857">
     <span class='ocr_line' id='line_1_29' title="bbox 101 2786 1674 2857; baseline -0.001 -16"><span class='ocrx_word' id='word_1_343' title='bbox 101 2802 281 2842; x_wconf 82' lang='lat' dir='ltr'>ceant</span> <span class='ocrx_word' id='word_1_344' title='bbox 324 2804 417 2843; x_wconf 87' lang='lat' dir='ltr'>eos</span> <span class='ocrx_word' id='word_1_345' title='bbox 444 2790 673 2843; x_wconf 83' lang='lat' dir='ltr'>secundo</span> <span class='ocrx_word' id='word_1_346' title='bbox 702 2804 797 2842; x_wconf 90' lang='lat' dir='ltr'>suo</span> <span class='ocrx_word' id='word_1_347' title='bbox 839 2788 1175 2857; x_wconf 80' lang='lat' dir='ltr'>profectionis</span> <span class='ocrx_word' id='word_1_348' title='bbox 1206 2802 1342 2841; x_wconf 93' lang='lat' dir='ltr'>anno</span> <span class='ocrx_word' id='word_1_349' title='bbox 1390 2788 1455 2840; x_wconf 91' lang='lat' dir='ltr'>de</span> <span class='ocrx_word' id='word_1_350' title='bbox 1489 2786 1674 2839; x_wconf 83' lang='lat' dir='ltr'>Asian-</span> 
     </span>
    </p>
   </div>
   <div class='ocr_carea' id='block_1_29' title="bbox 100 2879 1671 2948">
    <p class='ocr_par' dir='ltr' id='par_1_29' title="bbox 100 2879 1671 2948">
     <span class='ocr_line' id='line_1_30' title="bbox 100 2879 1671 2948; baseline -0.001 -19"><span class='ocrx_word' id='word_1_351' title='bbox 100 2882 286 2947; x_wconf 82' lang='lat' dir='ltr'>gaber</span> <span class='ocrx_word' id='word_1_352' title='bbox 316 2882 520 2935; x_wconf 85' lang='lat' dir='ltr'>venisse</span> <span class='ocrx_word' id='word_1_353' title='bbox 541 2890 590 2934; x_wconf 92' lang='lat' dir='ltr'>et</span> <span class='ocrx_word' id='word_1_354' title='bbox 620 2891 734 2947; x_wconf 92' lang='lat' dir='ltr'>post</span> <span class='ocrx_word' id='word_1_355' title='bbox 760 2882 940 2948; x_wconf 83' lang='lat' dir='ltr'>longos</span> <span class='ocrx_word' id='word_1_356' title='bbox 966 2879 1175 2946; x_wconf 81' lang='lat' dir='ltr'>triginta</span> <span class='ocrx_word' id='word_1_357' title='bbox 1202 2889 1253 2931; x_wconf 89' lang='lat' dir='ltr'>et</span> <span class='ocrx_word' id='word_1_358' title='bbox 1275 2888 1395 2931; x_wconf 87' lang='lat' dir='ltr'>octo</span> <span class='ocrx_word' id='word_1_359' title='bbox 1412 2890 1671 2928; x_wconf 82' lang='lat' dir='ltr'>annorum</span> 
     </span>
    </p>
   </div>
   <div class='ocr_carea' id='block_1_30' title="bbox 106 2968 1671 3032">
    <p class='ocr_par' dir='ltr' id='par_1_30' title="bbox 106 2968 1671 3032">
     <span class='ocr_line' id='line_1_31' title="bbox 106 2968 1671 3032; baseline -0.003 -10"><span class='ocrx_word' id='word_1_360' title='bbox 106 2972 421 3032; x_wconf 83' lang='lat' dir='ltr'>anfractus,</span> <span class='ocrx_word' id='word_1_361' title='bbox 455 2970 703 3025; x_wconf 86' lang='lat' dir='ltr'>derelicta</span> <span class='ocrx_word' id='word_1_362' title='bbox 738 2970 945 3024; x_wconf 88' lang='lat' dir='ltr'>tandem</span> <span class='ocrx_word' id='word_1_363' title='bbox 977 2971 1159 3023; x_wconf 90' lang='lat' dir='ltr'>eadem</span> <span class='ocrx_word' id='word_1_364' title='bbox 1188 2968 1357 3021; x_wconf 87' lang='lat' dir='ltr'>Cades</span> <span class='ocrx_word' id='word_1_365' title='bbox 1384 2969 1591 3020; x_wconf 83' lang='lat' dir='ltr'>venisse</span> <span class='ocrx_word' id='word_1_366' title='bbox 1621 2968 1671 3019; x_wconf 88' lang='lat' dir='ltr'>in</span> 
     </span>
    </p>
   </div>
   <div class='ocr_carea' id='block_1_31' title="bbox 1846 2254 3305 2322">
    <p class='ocr_par' dir='ltr' id='par_1_31' title="bbox 1846 2254 3305 2322">
     <span class='ocr_line' id='line_1_32' title="bbox 1846 2254 3305 2322; baseline 0.001 -17"><span class='ocrx_word' id='word_1_367' title='bbox 1846 2254 2096 2319; x_wconf 86' lang='lat' dir='ltr'>Quoniam</span> <span class='ocrx_word' id='word_1_368' title='bbox 2121 2254 2352 2321; x_wconf 83' lang='lat' dir='ltr'>quidem,</span> <span class='ocrx_word' id='word_1_369' title='bbox 2371 2256 2549 2320; x_wconf 72' lang='lat' dir='ltr'>prima:</span> <span class='ocrx_word' id='word_1_370' title='bbox 2572 2263 2673 2307; x_wconf 65' lang='lat' dir='ltr'>tum</span> <span class='ocrx_word' id='word_1_371' title='bbox 2701 2256 3032 2322; x_wconf 31' lang='lat' dir='ltr'>prot‘ositioui</span> <span class='ocrx_word' id='word_1_372' title='bbox 3065 2255 3305 2308; x_wconf 88' lang='lat' dir='ltr'>festinato</span> 
     </span>
    </p>
   </div>
   <div class='ocr_carea' id='block_1_32' title="bbox 1774 2342 3309 2410">
    <p class='ocr_par' dir='ltr' id='par_1_32' title="bbox 1774 2342 3309 2410">
     <span class='ocr_line' id='line_1_33' title="bbox 1774 2342 3309 2410; baseline -0.001 -14"><span class='ocrx_word' id='word_1_373' title='bbox 1774 2342 2114 2410; x_wconf 85' lang='lat' dir='ltr'>respondens,</span> <span class='ocrx_word' id='word_1_374' title='bbox 2160 2343 2467 2408; x_wconf 88' lang='lat' dir='ltr'>secundam,</span> <span class='ocrx_word' id='word_1_375' title='bbox 2516 2360 2629 2409; x_wconf 86' lang='lat' dir='ltr'>quae</span> <span class='ocrx_word' id='word_1_376' title='bbox 2671 2344 2795 2396; x_wconf 90' lang='lat' dir='ltr'>mihi</span> <span class='ocrx_word' id='word_1_377' title='bbox 2830 2344 3097 2397; x_wconf 86' lang='lat' dir='ltr'>videbatur</span> <span class='ocrx_word' id='word_1_378' title='bbox 3124 2344 3309 2397; x_wconf 88' lang='lat' dir='ltr'>obscu-</span> 
     </span>
    </p>
   </div>
   <div class='ocr_carea' id='block_1_33' title="bbox 1774 2432 3307 2500">
    <p class='ocr_par' dir='ltr' id='par_1_33' title="bbox 1774 2432 3307 2500">
     <span class='ocr_line' id='line_1_34' title="bbox 1774 2432 3307 2500; baseline 0.001 -14"><span class='ocrx_word' id='word_1_379' title='bbox 1774 2432 1900 2496; x_wconf 91' lang='lat' dir='ltr'>rior,</span> <span class='ocrx_word' id='word_1_380' title='bbox 1931 2434 2271 2499; x_wconf 87' lang='lat' dir='ltr'>opportunius</span> <span class='ocrx_word' id='word_1_381' title='bbox 2300 2434 2452 2487; x_wconf 89' lang='lat' dir='ltr'>rebar</span> <span class='ocrx_word' id='word_1_382' title='bbox 2481 2448 2542 2488; x_wconf 82' lang='lat' dir='ltr'>ex</span> <span class='ocrx_word' id='word_1_383' title='bbox 2575 2443 2809 2500; x_wconf 87' lang='lat' dir='ltr'>tempore</span> <span class='ocrx_word' id='word_1_384' title='bbox 2844 2435 3307 2497; x_wconf 86' lang='lat' dir='ltr'>considerandam;</span> 
     </span>
    </p>
   </div>
   <div class='ocr_carea' id='block_1_34' title="bbox 1772 2521 3308 2591">
    <p class='ocr_par' dir='ltr' id='par_1_34' title="bbox 1772 2521 3308 2591">
     <span class='ocr_line' id='line_1_35' title="bbox 1772 2521 3308 2591; baseline 0.003 -19"><span class='ocrx_word' id='word_1_385' title='bbox 1772 2536 1910 2573; x_wconf 91' lang='lat' dir='ltr'>nunc</span> <span class='ocrx_word' id='word_1_386' title='bbox 1939 2536 2060 2589; x_wconf 85' lang='lat' dir='ltr'>ergo</span> <span class='ocrx_word' id='word_1_387' title='bbox 2086 2521 2149 2574; x_wconf 90' lang='lat' dir='ltr'>de</span> <span class='ocrx_word' id='word_1_388' title='bbox 2176 2523 2258 2574; x_wconf 89' lang='lat' dir='ltr'>illa</span> <span class='ocrx_word' id='word_1_389' title='bbox 2282 2522 2425 2589; x_wconf 81' lang='lat' dir='ltr'>juxta</span> <span class='ocrx_word' id='word_1_390' title='bbox 2470 2524 2569 2575; x_wconf 90' lang='lat' dir='ltr'>mei</span> <span class='ocrx_word' id='word_1_391' title='bbox 2623 2522 2864 2589; x_wconf 88' lang='lat' dir='ltr'>ingenioli</span> <span class='ocrx_word' id='word_1_392' title='bbox 2910 2538 3143 2587; x_wconf 83' lang='lat' dir='ltr'>sensum,</span> <span class='ocrx_word' id='word_1_393' title='bbox 3172 2525 3308 2591; x_wconf 86' lang='lat' dir='ltr'>quod</span> 
     </span>
    </p>
   </div>
   <div class='ocr_carea' id='block_1_35' title="bbox 1772 2607 3330 2680">
    <p class='ocr_par' dir='ltr' id='par_1_35' title="bbox 1772 2607 3330 2680">
     <span class='ocr_line' id='line_1_36' title="bbox 1772 2607 3330 2680; baseline 0.001 -17"><span class='ocrx_word' id='word_1_394' title='bbox 1772 2607 2044 2663; x_wconf 79' lang='lat' dir='ltr'>Catholicae</span> <span class='ocrx_word' id='word_1_395' title='bbox 2092 2618 2145 2662; x_wconf 89' lang='lat' dir='ltr'>et</span> <span class='ocrx_word' id='word_1_396' title='bbox 2174 2611 2371 2675; x_wconf 85' lang='lat' dir='ltr'>absque</span> <span class='ocrx_word' id='word_1_397' title='bbox 2400 2612 2646 2678; x_wconf 86' lang='lat' dir='ltr'>scrupulo</span> <span class='ocrx_word' id='word_1_398' title='bbox 2689 2612 2805 2665; x_wconf 84' lang='lat' dir='ltr'>fidei</span> <span class='ocrx_word' id='word_1_399' title='bbox 2851 2611 2950 2665; x_wconf 87' lang='lat' dir='ltr'>dici</span> <span class='ocrx_word' id='word_1_400' title='bbox 3001 2622 3051 2665; x_wconf 86' lang='lat' dir='ltr'>ct</span> <span class='ocrx_word' id='word_1_401' title='bbox 3096 2614 3330 2680; x_wconf 79' lang='lat' dir='ltr'>intelligi</span> 
     </span>
    </p>
   </div>
   <div class='ocr_carea' id='block_1_36' title="bbox 1776 2701 3305 2773">
    <p class='ocr_par' dir='ltr' id='par_1_36' title="bbox 1776 2701 3305 2773">
     <span class='ocr_line' id='line_1_37' title="bbox 1776 2701 3305 2773; baseline 0.005 -22"><span class='ocrx_word' id='word_1_402' title='bbox 1776 2701 1941 2767; x_wconf 89' lang='lat' dir='ltr'>possit</span> <span class='ocrx_word' id='word_1_403' title='bbox 1961 2715 2242 2766; x_wconf 80' lang='lat' dir='ltr'>exponam.</span> <span class='ocrx_word' id='word_1_404' title='bbox 2276 2704 2477 2767; x_wconf 68' lang='lat' dir='ltr'>Qumris</span> <span class='ocrx_word' id='word_1_405' title='bbox 2500 2705 2636 2756; x_wconf 89' lang='lat' dir='ltr'>enim</span> <span class='ocrx_word' id='word_1_406' title='bbox 2663 2704 2819 2771; x_wconf 84' lang='lat' dir='ltr'>(quod</span> <span class='ocrx_word' id='word_1_407' title='bbox 2854 2720 3062 2768; x_wconf 82' lang='lat' dir='ltr'>prorsus</span> <span class='ocrx_word' id='word_1_408' title='bbox 3090 2706 3305 2773; x_wconf 49' lang='lat' dir='ltr'>quaisitu</span> 
     </span>
    </p>
   </div>
   <div class='ocr_carea' id='block_1_37' title="bbox 1773 2791 3308 2861">
    <p class='ocr_par' dir='ltr' id='par_1_37' title="bbox 1773 2791 3308 2861">
     <span class='ocr_line' id='line_1_38' title="bbox 1773 2791 3308 2861; baseline 0.002 -18"><span class='ocrx_word' id='word_1_409' title='bbox 1773 2791 2006 2857; x_wconf 87' lang='lat' dir='ltr'>dignum,</span> <span class='ocrx_word' id='word_1_410' title='bbox 2049 2791 2225 2844; x_wconf 89' lang='lat' dir='ltr'>nescio</span> <span class='ocrx_word' id='word_1_411' title='bbox 2271 2802 2442 2843; x_wconf 83' lang='lat' dir='ltr'>autem</span> <span class='ocrx_word' id='word_1_412' title='bbox 2474 2808 2537 2844; x_wconf 91' lang='lat' dir='ltr'>an</span> <span class='ocrx_word' id='word_1_413' title='bbox 2567 2807 2593 2844; x_wconf 89' lang='lat' dir='ltr'>a</span> <span class='ocrx_word' id='word_1_414' title='bbox 2623 2795 2753 2846; x_wconf 91' lang='lat' dir='ltr'>meis</span> <span class='ocrx_word' id='word_1_415' title='bbox 2779 2794 3032 2848; x_wconf 82' lang='lat' dir='ltr'>similibus</span> <span class='ocrx_word' id='word_1_416' title='bbox 3062 2805 3139 2848; x_wconf 86' lang='lat' dir='ltr'>est</span> <span class='ocrx_word' id='word_1_417' title='bbox 3169 2810 3308 2861; x_wconf 77' lang='lat' dir='ltr'>qua:-</span> 
     </span>
    </p>
   </div>
   <div class='ocr_carea' id='block_1_38' title="bbox 1773 2879 3303 2950">
    <p class='ocr_par' dir='ltr' id='par_1_38' title="bbox 1773 2879 3303 2950">
     <span class='ocr_line' id='line_1_39' title="bbox 1773 2879 3303 2950; baseline 0.003 -19"><span class='ocrx_word' id='word_1_418' title='bbox 1773 2879 2009 2947; x_wconf 85' lang='lat' dir='ltr'>reudum)</span> <span class='ocrx_word' id='word_1_419' title='bbox 2037 2881 2295 2946; x_wconf 87' lang='lat' dir='ltr'>quomodo</span> <span class='ocrx_word' id='word_1_420' title='bbox 2324 2881 2708 2949; x_wconf 85' lang='lat' dir='ltr'>intelligendum</span> <span class='ocrx_word' id='word_1_421' title='bbox 2756 2883 2824 2935; x_wconf 92' lang='lat' dir='ltr'>sit</span> <span class='ocrx_word' id='word_1_422' title='bbox 2851 2883 2986 2950; x_wconf 87' lang='lat' dir='ltr'>quod</span> <span class='ocrx_word' id='word_1_423' title='bbox 3017 2884 3081 2936; x_wconf 90' lang='lat' dir='ltr'>de</span> <span class='ocrx_word' id='word_1_424' title='bbox 3110 2882 3195 2935; x_wconf 90' lang='lat' dir='ltr'>die</span> <span class='ocrx_word' id='word_1_425' title='bbox 3215 2883 3303 2949; x_wconf 85' lang='lat' dir='ltr'>ju-</span> 
     </span>
    </p>
   </div>
   <div class='ocr_carea' id='block_1_39' title="bbox 1772 2968 3308 3023">
    <p class='ocr_par' dir='ltr' id='par_1_39' title="bbox 1772 2968 3308 3023">
     <span class='ocr_line' id='line_1_40' title="bbox 1772 2968 3308 3023; baseline 0.001 -2"><span class='ocrx_word' id='word_1_426' title='bbox 1772 2968 1891 3021; x_wconf 91' lang='lat' dir='ltr'>dicii</span> <span class='ocrx_word' id='word_1_427' title='bbox 1918 2968 2153 3021; x_wconf 88' lang='lat' dir='ltr'>scribens</span> <span class='ocrx_word' id='word_1_428' title='bbox 2187 2968 2344 3021; x_wconf 84' lang='lat' dir='ltr'>Isaias</span> <span class='ocrx_word' id='word_1_429' title='bbox 2370 2968 2496 3022; x_wconf 91' lang='lat' dir='ltr'>dicit</span> <span class='ocrx_word' id='word_1_430' title='bbox 2526 2971 2663 3023; x_wconf 86' lang='lat' dir='ltr'>inter</span> <span class='ocrx_word' id='word_1_431' title='bbox 2682 2980 2894 3022; x_wconf 74' lang='lat' dir='ltr'>caetera:</span> <span class='ocrx_word' id='word_1_432' title='bbox 2941 2968 3002 3020; x_wconf 85' lang='lat' dir='ltr'>Et</span> <span class='ocrx_word' id='word_1_433' title='bbox 3031 2971 3121 3023; x_wconf 86' lang='lat' dir='ltr'>erit</span> <span class='ocrx_word' id='word_1_434' title='bbox 3150 2970 3202 3021; x_wconf 87' lang='lat' dir='ltr'>in</span> <span class='ocrx_word' id='word_1_435' title='bbox 3228 2972 3308 3023; x_wconf 88' lang='lat' dir='ltr'>die</span> 
     </span>
    </p>
   </div>
   <div class='ocr_carea' id='block_1_40' title="bbox 104 3054 3307 3147">
    <p class='ocr_par' dir='ltr' id='par_1_40' title="bbox 104 3054 3307 3147">
     <span class='ocr_line' id='line_1_41' title="bbox 104 3054 3307 3147; baseline 0 -36"><span class='ocrx_word' id='word_1_436' title='bbox 104 3070 361 3112; x_wconf 85' lang='lat' dir='ltr'>montem</span> <span class='ocrx_word' id='word_1_437' title='bbox 412 3059 549 3120; x_wconf 91' lang='lat' dir='ltr'>Ilor,</span> <span class='ocrx_word' id='word_1_438' title='bbox 600 3072 924 3125; x_wconf 79' lang='lat' dir='ltr'>nequaquam</span> <span class='ocrx_word' id='word_1_439' title='bbox 975 3058 1073 3111; x_wconf 90' lang='lat' dir='ltr'>hoc</span> <span class='ocrx_word' id='word_1_440' title='bbox 1103 3055 1318 3120; x_wconf 81' lang='lat' dir='ltr'>frustra,</span> <span class='ocrx_word' id='word_1_441' title='bbox 1360 3055 1451 3108; x_wconf 86' lang='lat' dir='ltr'>sed</span> <span class='ocrx_word' id='word_1_442' title='bbox 1500 3054 1668 3122; x_wconf 88' lang='lat' dir='ltr'>magni</span> <span class='ocrx_word' id='word_1_443' title='bbox 1692 3085 1741 3147; x_wconf 66' lang='grc' dir='ltr'>α</span> <span class='ocrx_word' id='word_1_444' title='bbox 1777 3058 1885 3120; x_wconf 88' lang='lat' dir='ltr'>illa,</span> <span class='ocrx_word' id='word_1_445' title='bbox 1913 3058 2128 3110; x_wconf 75' lang='lat' dir='ltr'>risitabit</span> <span class='ocrx_word' id='word_1_446' title='bbox 2162 3056 2407 3110; x_wconf 79' lang='lat' dir='ltr'>Dominus</span> <span class='ocrx_word' id='word_1_447' title='bbox 2452 3073 2600 3126; x_wconf 79' lang='lat' dir='ltr'>super</span> <span class='ocrx_word' id='word_1_448' title='bbox 2642 3058 2869 3110; x_wconf 81' lang='lat' dir='ltr'>militiam</span> <span class='ocrx_word' id='word_1_449' title='bbox 2900 3060 3009 3110; x_wconf 65' lang='grc' dir='ltr'>ειειὶ</span> <span class='ocrx_word' id='word_1_450' title='bbox 3036 3059 3088 3111; x_wconf 85' lang='lat' dir='ltr'>iu</span> <span class='ocrx_word' id='word_1_451' title='bbox 3112 3058 3307 3112; x_wconf 74' lang='lat' dir='ltr'>excelso</span> 
     </span>
    </p>
   </div>
   <div class='ocr_carea' id='block_1_41' title="bbox 105 3144 1671 3219">
    <p class='ocr_par' dir='ltr' id='par_1_41' title="bbox 105 3144 1671 3219">
     <span class='ocr_line' id='line_1_42' title="bbox 105 3144 1671 3219; baseline -0.003 -18"><span class='ocrx_word' id='word_1_452' title='bbox 105 3150 364 3219; x_wconf 85' lang='lat' dir='ltr'>mysterii</span> <span class='ocrx_word' id='word_1_453' title='bbox 412 3148 573 3217; x_wconf 86' lang='lat' dir='ltr'>gratia</span> <span class='ocrx_word' id='word_1_454' title='bbox 606 3150 778 3201; x_wconf 85' lang='lat' dir='ltr'>taliter</span> <span class='ocrx_word' id='word_1_455' title='bbox 821 3160 991 3200; x_wconf 83' lang='lat' dir='ltr'>actum</span> <span class='ocrx_word' id='word_1_456' title='bbox 1023 3148 1481 3212; x_wconf 89' lang='lat' dir='ltr'>conscriptumque</span> <span class='ocrx_word' id='word_1_457' title='bbox 1515 3144 1671 3197; x_wconf 81' lang='lat' dir='ltr'>debet</span> 
     </span>
    </p>
   </div>
   <div class='ocr_carea' id='block_1_42' title="bbox 105 3234 1669 3307">
    <p class='ocr_par' dir='ltr' id='par_1_42' title="bbox 105 3234 1669 3307">
     <span class='ocr_line' id='line_1_43' title="bbox 105 3234 1669 3307; baseline -0.003 -18"><span class='ocrx_word' id='word_1_458' title='bbox 105 3239 368 3307; x_wconf 80' lang='lat' dir='ltr'>intelligi,</span> <span class='ocrx_word' id='word_1_459' title='bbox 428 3238 515 3291; x_wconf 89' lang='lat' dir='ltr'>ubi</span> <span class='ocrx_word' id='word_1_460' title='bbox 568 3240 713 3291; x_wconf 85' lang='lat' dir='ltr'>salvo</span> <span class='ocrx_word' id='word_1_461' title='bbox 763 3237 1033 3290; x_wconf 90' lang='lat' dir='ltr'>subtiliore</span> <span class='ocrx_word' id='word_1_462' title='bbox 1083 3246 1352 3289; x_wconf 88' lang='lat' dir='ltr'>tractatum</span> <span class='ocrx_word' id='word_1_463' title='bbox 1404 3234 1669 3287; x_wconf 86' lang='lat' dir='ltr'>moraliter</span> 
     </span>
    </p>
   </div>
   <div class='ocr_carea' id='block_1_43' title="bbox 109 3328 1668 3397">
    <p class='ocr_par' dir='ltr' id='par_1_43' title="bbox 109 3328 1668 3397">
     <span class='ocr_line' id='line_1_44' title="bbox 109 3328 1668 3397; baseline -0.001 -18"><span class='ocrx_word' id='word_1_464' title='bbox 109 3340 252 3397; x_wconf 80' lang='lat' dir='ltr'>puto</span> <span class='ocrx_word' id='word_1_465' title='bbox 303 3328 652 3383; x_wconf 89' lang='lat' dir='ltr'>sentiendum.</span> <span class='ocrx_word' id='word_1_466' title='bbox 709 3328 958 3395; x_wconf 82' lang='lat' dir='ltr'>Quodque</span> <span class='ocrx_word' id='word_1_467' title='bbox 1010 3328 1334 3380; x_wconf 87' lang='lat' dir='ltr'>mansionum</span> <span class='ocrx_word' id='word_1_468' title='bbox 1390 3334 1668 3377; x_wconf 80' lang='lat' dir='ltr'>contextus</span> 
     </span>
    </p>
   </div>
   <div class='ocr_carea' id='block_1_44' title="bbox 104 3413 1665 3487">
    <p class='ocr_par' dir='ltr' id='par_1_44' title="bbox 104 3413 1665 3487">
     <span class='ocr_line' id='line_1_45' title="bbox 104 3413 1665 3487; baseline -0.003 -16"><span class='ocrx_word' id='word_1_469' title='bbox 104 3418 425 3471; x_wconf 87' lang='lat' dir='ltr'>earumdem</span> <span class='ocrx_word' id='word_1_470' title='bbox 473 3419 559 3487; x_wconf 92' lang='lat' dir='ltr'>qui</span> <span class='ocrx_word' id='word_1_471' title='bbox 591 3418 658 3471; x_wconf 86' lang='lat' dir='ltr'>de</span> <span class='ocrx_word' id='word_1_472' title='bbox 700 3418 951 3470; x_wconf 81' lang='lat' dir='ltr'>servitute</span> <span class='ocrx_word' id='word_1_473' title='bbox 1008 3416 1242 3483; x_wconf 64' lang='lat' dir='ltr'>tEgyptia</span> <span class='ocrx_word' id='word_1_474' title='bbox 1296 3415 1544 3468; x_wconf 90' lang='lat' dir='ltr'>liberatos</span> <span class='ocrx_word' id='word_1_475' title='bbox 1602 3413 1665 3466; x_wconf 89' lang='lat' dir='ltr'>ad</span> 
     </span>
    </p>
   </div>
   <div class='ocr_carea' id='block_1_45' title="bbox 106 3505 1664 3575">
    <p class='ocr_par' dir='ltr' id='par_1_45' title="bbox 106 3505 1664 3575">
     <span class='ocr_line' id='line_1_46' title="bbox 106 3505 1664 3575; baseline -0.002 -15"><span class='ocrx_word' id='word_1_476' title='bbox 106 3519 317 3561; x_wconf 78' lang='lat' dir='ltr'>terrain</span> <span class='ocrx_word' id='word_1_477' title='bbox 344 3508 767 3575; x_wconf 83' lang='lat' dir='ltr'>repromissionis</span> <span class='ocrx_word' id='word_1_478' title='bbox 798 3505 1061 3574; x_wconf 84' lang='lat' dir='ltr'>provehit,</span> <span class='ocrx_word' id='word_1_479' title='bbox 1091 3508 1226 3558; x_wconf 88' lang='lat' dir='ltr'>sicut</span> <span class='ocrx_word' id='word_1_480' title='bbox 1256 3505 1437 3559; x_wconf 85' lang='lat' dir='ltr'>beatus</span> <span class='ocrx_word' id='word_1_481' title='bbox 1480 3506 1664 3559; x_wconf 88' lang='lat' dir='ltr'>lliero-</span> 
     </span>
    </p>
   </div>
   <div class='ocr_carea' id='block_1_46' title="bbox 109 3592 1665 3664">
    <p class='ocr_par' dir='ltr' id='par_1_46' title="bbox 109 3592 1665 3664">
     <span class='ocr_line' id='line_1_47' title="bbox 109 3592 1665 3664; baseline -0.003 -16"><span class='ocrx_word' id='word_1_482' title='bbox 109 3611 315 3664; x_wconf 83' lang='lat' dir='ltr'>nytnus</span> <span class='ocrx_word' id='word_1_483' title='bbox 341 3598 391 3648; x_wconf 91' lang='lat' dir='ltr'>in</span> <span class='ocrx_word' id='word_1_484' title='bbox 425 3596 559 3648; x_wconf 90' lang='lat' dir='ltr'>libro</span> <span class='ocrx_word' id='word_1_485' title='bbox 585 3612 743 3662; x_wconf 87' lang='lat' dir='ltr'>super</span> <span class='ocrx_word' id='word_1_486' title='bbox 786 3596 846 3648; x_wconf 81' lang='lat' dir='ltr'>iis</span> <span class='ocrx_word' id='word_1_487' title='bbox 872 3595 1065 3649; x_wconf 80' lang='lat' dir='ltr'>dictato</span> <span class='ocrx_word' id='word_1_488' title='bbox 1086 3595 1405 3647; x_wconf 90' lang='lat' dir='ltr'>enucleatius</span> <span class='ocrx_word' id='word_1_489' title='bbox 1428 3592 1665 3661; x_wconf 77' lang='lat' dir='ltr'>exponit,</span> 
     </span>
    </p>
   </div>
   <div class='ocr_carea' id='block_1_47' title="bbox 107 3683 1667 3753">
    <p class='ocr_par' dir='ltr' id='par_1_47' title="bbox 107 3683 1667 3753">
     <span class='ocr_line' id='line_1_48' title="bbox 107 3683 1667 3753; baseline -0.001 -17"><span class='ocrx_word' id='word_1_490' title='bbox 107 3687 373 3751; x_wconf 80' lang='lat' dir='ltr'>altipetax</span> <span class='ocrx_word' id='word_1_491' title='bbox 425 3696 503 3738; x_wconf 89' lang='lat' dir='ltr'>est</span> <span class='ocrx_word' id='word_1_492' title='bbox 528 3688 873 3753; x_wconf 87' lang='lat' dir='ltr'>spiritualium</span> <span class='ocrx_word' id='word_1_493' title='bbox 905 3686 1143 3740; x_wconf 87' lang='lat' dir='ltr'>ascensio</span> <span class='ocrx_word' id='word_1_494' title='bbox 1172 3686 1441 3746; x_wconf 89' lang='lat' dir='ltr'>virtutum,</span> <span class='ocrx_word' id='word_1_495' title='bbox 1478 3683 1667 3751; x_wconf 90' lang='lat' dir='ltr'>quibus</span> 
     </span>
    </p>
   </div>
   <div class='ocr_carea' id='block_1_48' title="bbox 114 3772 1666 3841">
    <p class='ocr_par' dir='ltr' id='par_1_48' title="bbox 114 3772 1666 3841">
     <span class='ocr_line' id='line_1_49' title="bbox 114 3772 1666 3841; baseline 0 -16"><span class='ocrx_word' id='word_1_496' title='bbox 114 3774 357 3827; x_wconf 75' lang='lat' dir='ltr'>Ecclesia</span> <span class='ocrx_word' id='word_1_497' title='bbox 402 3772 618 3838; x_wconf 83' lang='lat' dir='ltr'>Christi,</span> <span class='ocrx_word' id='word_1_498' title='bbox 647 3776 832 3841; x_wconf 89' lang='lat' dir='ltr'>quibus</span> <span class='ocrx_word' id='word_1_499' title='bbox 863 3774 1269 3841; x_wconf 30' lang='lat' dir='ltr'>quaequetanima</span> <span class='ocrx_word' id='word_1_500' title='bbox 1297 3773 1463 3824; x_wconf 80' lang='lat' dir='ltr'>ﬁdelis</span> <span class='ocrx_word' id='word_1_501' title='bbox 1485 3787 1579 3839; x_wconf 89' lang='lat' dir='ltr'>spe</span> <span class='ocrx_word' id='word_1_502' title='bbox 1608 3773 1666 3825; x_wconf 79' lang='grc' dir='ltr'>Ιί-</span> 
     </span>
    </p>
   </div>
   <div class='ocr_carea' id='block_1_49' title="bbox 111 3862 1663 3931">
    <p class='ocr_par' dir='ltr' id='par_1_49' title="bbox 111 3862 1663 3931">
     <span class='ocr_line' id='line_1_50' title="bbox 111 3862 1663 3931; baseline -0.003 -14"><span class='ocrx_word' id='word_1_503' title='bbox 111 3865 340 3917; x_wconf 85' lang='lat' dir='ltr'>bertatis</span> <span class='ocrx_word' id='word_1_504' title='bbox 365 3864 428 3916; x_wconf 86' lang='lat' dir='ltr'>ad</span> <span class='ocrx_word' id='word_1_505' title='bbox 453 3879 641 3930; x_wconf 89' lang='lat' dir='ltr'>supera</span> <span class='ocrx_word' id='word_1_506' title='bbox 684 3864 749 3916; x_wconf 89' lang='lat' dir='ltr'>de</span> <span class='ocrx_word' id='word_1_507' title='bbox 790 3864 885 3916; x_wconf 88' lang='lat' dir='ltr'>hac</span> <span class='ocrx_word' id='word_1_508' title='bbox 936 3864 1170 3917; x_wconf 85' lang='lat' dir='ltr'>convalle</span> <span class='ocrx_word' id='word_1_509' title='bbox 1208 3863 1551 3931; x_wconf 84' lang='lat' dir='ltr'>lacrytnarum</span> <span class='ocrx_word' id='word_1_510' title='bbox 1600 3862 1663 3913; x_wconf 86' lang='lat' dir='ltr'>ad</span> 
     </span>
    </p>
   </div>
   <div class='ocr_carea' id='block_1_50' title="bbox 112 3953 1663 4019">
    <p class='ocr_par' dir='ltr' id='par_1_50' title="bbox 112 3953 1663 4019">
     <span class='ocr_line' id='line_1_51' title="bbox 112 3953 1663 4019; baseline 0.002 -16"><span class='ocrx_word' id='word_1_511' title='bbox 112 3953 438 4019; x_wconf 87' lang='lat' dir='ltr'>dispositum</span> <span class='ocrx_word' id='word_1_512' title='bbox 469 3954 564 4005; x_wconf 87' lang='lat' dir='ltr'>sibi</span> <span class='ocrx_word' id='word_1_513' title='bbox 595 3955 789 4015; x_wconf 88' lang='lat' dir='ltr'>locum,</span> <span class='ocrx_word' id='word_1_514' title='bbox 837 3953 935 4007; x_wconf 89' lang='lat' dir='ltr'>hoc</span> <span class='ocrx_word' id='word_1_515' title='bbox 962 3964 1062 4015; x_wconf 83' lang='lat' dir='ltr'>est,</span> <span class='ocrx_word' id='word_1_516' title='bbox 1087 3954 1150 4005; x_wconf 90' lang='lat' dir='ltr'>ad</span> <span class='ocrx_word' id='word_1_517' title='bbox 1193 3954 1467 4007; x_wconf 88' lang='lat' dir='ltr'>videndum</span> <span class='ocrx_word' id='word_1_518' title='bbox 1502 3954 1663 4007; x_wconf 86' lang='lat' dir='ltr'>Deum</span> 
     </span>
    </p>
   </div>
   <div class='ocr_carea' id='block_1_51' title="bbox 112 4042 1664 4121">
    <p class='ocr_par' dir='ltr' id='par_1_51' title="bbox 112 4042 1664 4121">
     <span class='ocr_line' id='line_1_52' title="bbox 112 4042 1664 4121; baseline 0.003 -26"><span class='ocrx_word' id='word_1_519' title='bbox 112 4042 341 4096; x_wconf 87' lang='lat' dir='ltr'>deorum</span> <span class='ocrx_word' id='word_1_520' title='bbox 388 4046 436 4097; x_wconf 92' lang='lat' dir='ltr'>in</span> <span class='ocrx_word' id='word_1_521' title='bbox 484 4043 631 4107; x_wconf 88' lang='lat' dir='ltr'>Sion,</span> <span class='ocrx_word' id='word_1_522' title='bbox 682 4044 865 4097; x_wconf 86' lang='lat' dir='ltr'>festina</span> <span class='ocrx_word' id='word_1_523' title='bbox 913 4044 1103 4111; x_wconf 83' lang='lat' dir='ltr'>satagit</span> <span class='ocrx_word' id='word_1_524' title='bbox 1148 4044 1453 4108; x_wconf 87' lang='lat' dir='ltr'>ascendere,</span> <span class='ocrx_word' id='word_1_525' title='bbox 1492 4047 1664 4121; x_wconf 83' lang='lat' dir='ltr'>donec</span> 
     </span>
    </p>
   </div>
   <div class='ocr_carea' id='block_1_52' title="bbox 114 4133 1665 4203">
    <p class='ocr_par' dir='ltr' id='par_1_52' title="bbox 114 4133 1665 4203">
     <span class='ocr_line' id='line_1_53' title="bbox 114 4133 1665 4203; baseline 0.003 -18"><span class='ocrx_word' id='word_1_526' title='bbox 114 4133 271 4187; x_wconf 84' lang='lat' dir='ltr'>salvo</span> <span class='ocrx_word' id='word_1_527' title='bbox 326 4134 489 4186; x_wconf 91' lang='lat' dir='ltr'>nostri</span> <span class='ocrx_word' id='word_1_528' title='bbox 542 4134 665 4187; x_wconf 90' lang='lat' dir='ltr'>boni</span> <span class='ocrx_word' id='word_1_529' title='bbox 713 4136 885 4203; x_wconf 85' lang='lat' dir='ltr'>operis</span> <span class='ocrx_word' id='word_1_530' title='bbox 913 4135 1115 4188; x_wconf 89' lang='lat' dir='ltr'>incessu</span> <span class='ocrx_word' id='word_1_531' title='bbox 1143 4135 1439 4201; x_wconf 85' lang='lat' dir='ltr'>proficimus</span> <span class='ocrx_word' id='word_1_532' title='bbox 1464 4137 1529 4190; x_wconf 91' lang='lat' dir='ltr'>de</span> <span class='ocrx_word' id='word_1_533' title='bbox 1560 4136 1665 4190; x_wconf 82' lang='lat' dir='ltr'>vir-</span> 
     </span>
    </p>
   </div>
   <div class='ocr_carea' id='block_1_53' title="bbox 116 4222 1659 4295">
    <p class='ocr_par' dir='ltr' id='par_1_53' title="bbox 116 4222 1659 4295">
     <span class='ocr_line' id='line_1_54' title="bbox 116 4222 1659 4295; baseline 0.004 -21"><span class='ocrx_word' id='word_1_534' title='bbox 116 4234 226 4276; x_wconf 87' lang='lat' dir='ltr'>tute</span> <span class='ocrx_word' id='word_1_535' title='bbox 254 4224 306 4276; x_wconf 91' lang='lat' dir='ltr'>in</span> <span class='ocrx_word' id='word_1_536' title='bbox 340 4222 579 4276; x_wconf 87' lang='lat' dir='ltr'>virtutem</span> <span class='ocrx_word' id='word_1_537' title='bbox 612 4226 756 4289; x_wconf 88' lang='lat' dir='ltr'>quasi</span> <span class='ocrx_word' id='word_1_538' title='bbox 780 4235 947 4277; x_wconf 85' lang='lat' dir='ltr'>castra</span> <span class='ocrx_word' id='word_1_539' title='bbox 976 4228 1213 4293; x_wconf 59' lang='lat' dir='ltr'>quaedam</span> <span class='ocrx_word' id='word_1_540' title='bbox 1241 4228 1659 4295; x_wconf 82' lang='lat' dir='ltr'>mansionesque,</span> 
     </span>
    </p>
   </div>
   <div class='ocr_carea' id='block_1_54' title="bbox 118 4314 1663 4385">
    <p class='ocr_par' dir='ltr' id='par_1_54' title="bbox 118 4314 1663 4385">
     <span class='ocr_line' id='line_1_55' title="bbox 118 4314 1663 4385; baseline 0.004 -20"><span class='ocrx_word' id='word_1_541' title='bbox 118 4314 228 4367; x_wconf 83' lang='lat' dir='ltr'>Deo</span> <span class='ocrx_word' id='word_1_542' title='bbox 252 4316 407 4378; x_wconf 88' lang='lat' dir='ltr'>duce,</span> <span class='ocrx_word' id='word_1_543' title='bbox 437 4316 753 4368; x_wconf 86' lang='lat' dir='ltr'>rectissimas</span> <span class='ocrx_word' id='word_1_544' title='bbox 784 4316 870 4377; x_wconf 87' lang='lat' dir='ltr'>Dei</span> <span class='ocrx_word' id='word_1_545' title='bbox 894 4325 1174 4382; x_wconf 86' lang='lat' dir='ltr'>conspectu</span> <span class='ocrx_word' id='word_1_546' title='bbox 1204 4316 1533 4385; x_wconf 85' lang='lat' dir='ltr'>dignissimas</span> <span class='ocrx_word' id='word_1_547' title='bbox 1571 4334 1663 4385; x_wconf 84' lang='lat' dir='ltr'>per</span> 
     </span>
    </p>
   </div>
   <div class='ocr_carea' id='block_1_55' title="bbox 1770 3147 3308 3215">
    <p class='ocr_par' dir='ltr' id='par_1_55' title="bbox 1770 3147 3308 3215">
     <span class='ocr_line' id='line_1_56' title="bbox 1770 3147 3308 3215; baseline 0.002 -18"><span class='ocrx_word' id='word_1_548' title='bbox 1770 3155 1817 3197; x_wconf 89' lang='lat' dir='ltr'>et</span> <span class='ocrx_word' id='word_1_549' title='bbox 1844 3161 1993 3209; x_wconf 79' lang='lat' dir='ltr'>super</span> <span class='ocrx_word' id='word_1_550' title='bbox 2020 3162 2160 3215; x_wconf 80' lang='lat' dir='ltr'>rcges</span> <span class='ocrx_word' id='word_1_551' title='bbox 2189 3156 2333 3199; x_wconf 72' lang='lat' dir='ltr'>terra:</span> <span class='ocrx_word' id='word_1_552' title='bbox 2377 3147 2460 3213; x_wconf 87' lang='lat' dir='ltr'>qui</span> <span class='ocrx_word' id='word_1_553' title='bbox 2484 3156 2597 3199; x_wconf 86' lang='lat' dir='ltr'>sunt</span> <span class='ocrx_word' id='word_1_554' title='bbox 2618 3162 2768 3213; x_wconf 84' lang='lat' dir='ltr'>super</span> <span class='ocrx_word' id='word_1_555' title='bbox 2798 3155 2997 3208; x_wconf 86' lang='lat' dir='ltr'>terram,</span> <span class='ocrx_word' id='word_1_556' title='bbox 3029 3157 3074 3200; x_wconf 87' lang='lat' dir='ltr'>et</span> <span class='ocrx_word' id='word_1_557' title='bbox 3103 3163 3308 3215; x_wconf 59' lang='lat' dir='ltr'>congre-</span> 
     </span>
    </p>
   </div>
   <div class='ocr_carea' id='block_1_56' title="bbox 1766 3236 3307 3303">
    <p class='ocr_par' dir='ltr' id='par_1_56' title="bbox 1766 3236 3307 3303">
     <span class='ocr_line' id='line_1_57' title="bbox 1766 3236 3307 3303; baseline 0.002 -17"><span class='ocrx_word' id='word_1_558' title='bbox 1766 3236 2019 3303; x_wconf 78' lang='lat' dir='ltr'>gabantur</span> <span class='ocrx_word' id='word_1_559' title='bbox 2063 3238 2113 3286; x_wconf 85' lang='lat' dir='ltr'>in</span> <span class='ocrx_word' id='word_1_560' title='bbox 2156 3236 2585 3303; x_wconf 80' lang='lat' dir='ltr'>congregationem</span> <span class='ocrx_word' id='word_1_561' title='bbox 2632 3240 2779 3289; x_wconf 85' lang='lat' dir='ltr'>unius</span> <span class='ocrx_word' id='word_1_562' title='bbox 2801 3238 2952 3302; x_wconf 66' lang='lat' dir='ltr'>fascis</span> <span class='ocrx_word' id='word_1_563' title='bbox 2977 3238 3029 3288; x_wconf 86' lang='lat' dir='ltr'>in</span> <span class='ocrx_word' id='word_1_564' title='bbox 3072 3238 3234 3289; x_wconf 88' lang='lat' dir='ltr'>lacum</span> <span class='ocrx_word' id='word_1_565' title='bbox 3264 3247 3307 3289; x_wconf 86' lang='lat' dir='ltr'>et</span> 
     </span>
    </p>
   </div>
   <div class='ocr_carea' id='block_1_57' title="bbox 1766 3324 3307 3398">
    <p class='ocr_par' dir='ltr' id='par_1_57' title="bbox 1766 3324 3307 3398">
     <span class='ocr_line' id='line_1_58' title="bbox 1766 3324 3307 3398; baseline 0.003 -23"><span class='ocrx_word' id='word_1_566' title='bbox 1766 3324 2060 3375; x_wconf 79' lang='lat' dir='ltr'>claudentur</span> <span class='ocrx_word' id='word_1_567' title='bbox 2080 3324 2147 3375; x_wconf 88' lang='lat' dir='ltr'>ibi</span> <span class='ocrx_word' id='word_1_568' title='bbox 2172 3325 2220 3375; x_wconf 84' lang='lat' dir='ltr'>in</span> <span class='ocrx_word' id='word_1_569' title='bbox 2251 3340 2466 3389; x_wconf 84' lang='lat' dir='ltr'>carcere,</span> <span class='ocrx_word' id='word_1_570' title='bbox 2483 3336 2543 3398; x_wconf 86' lang='lat' dir='ltr'>_et</span> <span class='ocrx_word' id='word_1_571' title='bbox 2568 3335 2676 3393; x_wconf 86' lang='lat' dir='ltr'>post</span> <span class='ocrx_word' id='word_1_572' title='bbox 2703 3327 2881 3379; x_wconf 86' lang='lat' dir='ltr'>multos</span> <span class='ocrx_word' id='word_1_573' title='bbox 2907 3328 3010 3380; x_wconf 86' lang='lat' dir='ltr'>dies</span> <span class='ocrx_word' id='word_1_574' title='bbox 3034 3327 3307 3379; x_wconf 70' lang='lat' dir='ltr'>uisitaban-</span> 
     </span>
    </p>
   </div>
   <div class='ocr_carea' id='block_1_58' title="bbox 1766 3412 3306 3484">
    <p class='ocr_par' dir='ltr' id='par_1_58' title="bbox 1766 3412 3306 3484">
     <span class='ocr_line' id='line_1_59' title="bbox 1766 3412 3306 3484; baseline 0.002 -19"><span class='ocrx_word' id='word_1_575' title='bbox 1766 3422 1867 3475; x_wconf 82' lang='lat' dir='ltr'>tur,</span> <span class='ocrx_word' id='word_1_576' title='bbox 1894 3421 1939 3464; x_wconf 80' lang='lat' dir='ltr'>et</span> <span class='ocrx_word' id='word_1_577' title='bbox 1967 3412 2211 3464; x_wconf 80' lang='lat' dir='ltr'>erubescet</span> <span class='ocrx_word' id='word_1_578' title='bbox 2249 3414 2389 3475; x_wconf 84' lang='lat' dir='ltr'>(una,</span> <span class='ocrx_word' id='word_1_579' title='bbox 2420 3423 2463 3464; x_wconf 82' lang='lat' dir='ltr'>et</span> <span class='ocrx_word' id='word_1_580' title='bbox 2504 3416 2836 3479; x_wconf 75' lang='lat' dir='ltr'>confundetur</span> <span class='ocrx_word' id='word_1_581' title='bbox 2882 3417 2957 3467; x_wconf 85' lang='lat' dir='ltr'>sol</span> <span class='ocrx_word' id='word_1_582' title='bbox 2984 3432 3098 3466; x_wconf 87' lang='lat' dir='ltr'>cum</span> <span class='ocrx_word' id='word_1_583' title='bbox 3124 3432 3306 3484; x_wconf 84' lang='lat' dir='ltr'>regna-</span> 
     </span>
    </p>
   </div>
   <div class='ocr_carea' id='block_1_59' title="bbox 1764 3501 3305 3565">
    <p class='ocr_par' dir='ltr' id='par_1_59' title="bbox 1764 3501 3305 3565">
     <span class='ocr_line' id='line_1_60' title="bbox 1764 3501 3305 3565; baseline 0.003 -12"><span class='ocrx_word' id='word_1_584' title='bbox 1764 3503 1883 3554; x_wconf 70' lang='lat' dir='ltr'>verit</span> <span class='ocrx_word' id='word_1_585' title='bbox 1908 3501 2152 3565; x_wconf 80' lang='lat' dir='ltr'>Dominus</span> <span class='ocrx_word' id='word_1_586' title='bbox 2182 3504 2484 3555; x_wconf 73' lang='lat' dir='ltr'>exercituum</span> <span class='ocrx_word' id='word_1_587' title='bbox 2515 3504 2566 3556; x_wconf 86' lang='lat' dir='ltr'>in</span> <span class='ocrx_word' id='word_1_588' title='bbox 2608 3514 2771 3557; x_wconf 84' lang='lat' dir='ltr'>monte</span> <span class='ocrx_word' id='word_1_589' title='bbox 2802 3503 2929 3558; x_wconf 85' lang='lat' dir='ltr'>Sion</span> <span class='ocrx_word' id='word_1_590' title='bbox 2955 3516 2997 3558; x_wconf 90' lang='lat' dir='ltr'>et</span> <span class='ocrx_word' id='word_1_591' title='bbox 3020 3506 3069 3557; x_wconf 86' lang='lat' dir='ltr'>in</span> <span class='ocrx_word' id='word_1_592' title='bbox 3092 3504 3305 3558; x_wconf 80' lang='lat' dir='ltr'>Jerusa-</span> 
     </span>
    </p>
   </div>
   <div class='ocr_carea' id='block_1_60' title="bbox 1766 3594 3305 3665">
    <p class='ocr_par' dir='ltr' id='par_1_60' title="bbox 1766 3594 3305 3665">
     <span class='ocr_line' id='line_1_61' title="bbox 1766 3594 3305 3665; baseline 0.004 -22"><span class='ocrx_word' id='word_1_593' title='bbox 1766 3594 1860 3644; x_wconf 85' lang='lat' dir='ltr'>lem</span> <span class='ocrx_word' id='word_1_594' title='bbox 1892 3602 1939 3643; x_wconf 84' lang='lat' dir='ltr'>et</span> <span class='ocrx_word' id='word_1_595' title='bbox 1965 3594 2015 3643; x_wconf 85' lang='lat' dir='ltr'>in</span> <span class='ocrx_word' id='word_1_596' title='bbox 2061 3600 2323 3661; x_wconf 83' lang='lat' dir='ltr'>conspectu</span> <span class='ocrx_word' id='word_1_597' title='bbox 2347 3609 2519 3644; x_wconf 89' lang='lat' dir='ltr'>senum</span> <span class='ocrx_word' id='word_1_598' title='bbox 2561 3610 2764 3647; x_wconf 83' lang='lat' dir='ltr'>suorum</span> <span class='ocrx_word' id='word_1_599' title='bbox 2794 3595 2944 3663; x_wconf 76' lang='lat' dir='ltr'>fuerit</span> <span class='ocrx_word' id='word_1_600' title='bbox 2974 3595 3305 3665; x_wconf 76' lang='lat' dir='ltr'>glori/iratus.</span> 
     </span>
    </p>
   </div>
   <div class='ocr_carea' id='block_1_61' title="bbox 1766 3679 3306 3747">
    <p class='ocr_par' dir='ltr' id='par_1_61' title="bbox 1766 3679 3306 3747">
     <span class='ocr_line' id='line_1_62' title="bbox 1766 3679 3306 3747; baseline 0.004 -15"><span class='ocrx_word' id='word_1_601' title='bbox 1766 3679 1843 3732; x_wconf 89' lang='lat' dir='ltr'>Ad</span> <span class='ocrx_word' id='word_1_602' title='bbox 1894 3682 1989 3733; x_wconf 88' lang='lat' dir='ltr'>hoc</span> <span class='ocrx_word' id='word_1_603' title='bbox 2018 3690 2191 3734; x_wconf 87' lang='lat' dir='ltr'>autem</span> <span class='ocrx_word' id='word_1_604' title='bbox 2221 3682 2554 3747; x_wconf 68' lang='lat' dir='ltr'>qurercndum</span> <span class='ocrx_word' id='word_1_605' title='bbox 2586 3683 2905 3735; x_wconf 88' lang='lat' dir='ltr'>admonitum</span> <span class='ocrx_word' id='word_1_606' title='bbox 2935 3692 2984 3736; x_wconf 91' lang='lat' dir='ltr'>te</span> <span class='ocrx_word' id='word_1_607' title='bbox 3023 3687 3214 3737; x_wconf 88' lang='lat' dir='ltr'>asseris</span> <span class='ocrx_word' id='word_1_608' title='bbox 3241 3698 3306 3739; x_wconf 83' lang='lat' dir='ltr'>ex</span> 
     </span>
    </p>
   </div>
   <div class='ocr_carea' id='block_1_62' title="bbox 1766 3771 3303 3838">
    <p class='ocr_par' dir='ltr' id='par_1_62' title="bbox 1766 3771 3303 3838">
     <span class='ocr_line' id='line_1_63' title="bbox 1766 3771 3303 3838; baseline 0.003 -15"><span class='ocrx_word' id='word_1_609' title='bbox 1766 3772 1988 3825; x_wconf 85' lang='lat' dir='ltr'>lectione</span> <span class='ocrx_word' id='word_1_610' title='bbox 2019 3771 2154 3824; x_wconf 89' lang='lat' dir='ltr'>tertii</span> <span class='ocrx_word' id='word_1_611' title='bbox 2185 3772 2346 3823; x_wconf 90' lang='lat' dir='ltr'>nostri</span> <span class='ocrx_word' id='word_1_612' title='bbox 2376 3772 2425 3824; x_wconf 91' lang='lat' dir='ltr'>in</span> <span class='ocrx_word' id='word_1_613' title='bbox 2455 3773 2748 3825; x_wconf 89' lang='lat' dir='ltr'>Samuelem</span> <span class='ocrx_word' id='word_1_614' title='bbox 2776 3772 2956 3838; x_wconf 86' lang='lat' dir='ltr'>libelli,</span> <span class='ocrx_word' id='word_1_615' title='bbox 2976 3773 3061 3827; x_wconf 89' lang='lat' dir='ltr'>ubi</span> <span class='ocrx_word' id='word_1_616' title='bbox 3089 3776 3303 3828; x_wconf 81' lang='lat' dir='ltr'>inﬁxum</span> 
     </span>
    </p>
   </div>
   <div class='ocr_carea' id='block_1_63' title="bbox 1766 3856 3302 3931">
    <p class='ocr_par' dir='ltr' id='par_1_63' title="bbox 1766 3856 3302 3931">
     <span class='ocr_line' id='line_1_64' title="bbox 1766 3856 3302 3931; baseline 0.002 -20"><span class='ocrx_word' id='word_1_617' title='bbox 1766 3859 1815 3911; x_wconf 94' lang='lat' dir='ltr'>in</span> <span class='ocrx_word' id='word_1_618' title='bbox 1846 3859 2013 3923; x_wconf 85' lang='lat' dir='ltr'>capite</span> <span class='ocrx_word' id='word_1_619' title='bbox 2038 3858 2201 3911; x_wconf 64' lang='lat' dir='ltr'>Goliae</span> <span class='ocrx_word' id='word_1_620' title='bbox 2230 3859 2449 3926; x_wconf 89' lang='lat' dir='ltr'>lapidem</span> <span class='ocrx_word' id='word_1_621' title='bbox 2480 3856 2637 3927; x_wconf 88' lang='lat' dir='ltr'>super</span> <span class='ocrx_word' id='word_1_622' title='bbox 2665 3874 2853 3915; x_wconf 51' lang='lat' dir='ltr'>aiterna</span> <span class='ocrx_word' id='word_1_623' title='bbox 2879 3877 3045 3931; x_wconf 89' lang='lat' dir='ltr'>neque</span> <span class='ocrx_word' id='word_1_624' title='bbox 3079 3877 3302 3931; x_wconf 89' lang='lat' dir='ltr'>unquam</span> 
     </span>
    </p>
   </div>
   <div class='ocr_carea' id='block_1_64' title="bbox 1767 3951 3304 4022">
    <p class='ocr_par' dir='ltr' id='par_1_64' title="bbox 1767 3951 3304 4022">
     <span class='ocr_line' id='line_1_65' title="bbox 1767 3951 3304 4022; baseline 0.005 -20"><span class='ocrx_word' id='word_1_625' title='bbox 1767 3952 1971 4014; x_wconf 88' lang='lat' dir='ltr'>penitus</span> <span class='ocrx_word' id='word_1_626' title='bbox 1994 3951 2299 4003; x_wconf 77' lang='lat' dir='ltr'>excutienda</span> <span class='ocrx_word' id='word_1_627' title='bbox 2329 3951 2521 4004; x_wconf 88' lang='lat' dir='ltr'>diaboli</span> <span class='ocrx_word' id='word_1_628' title='bbox 2545 3961 2597 4007; x_wconf 89' lang='lat' dir='ltr'>et</span> <span class='ocrx_word' id='word_1_629' title='bbox 2622 3953 2921 4020; x_wconf 80' lang='lat' dir='ltr'>angelorum</span> <span class='ocrx_word' id='word_1_630' title='bbox 2939 3955 3304 4022; x_wconf 84' lang='lat' dir='ltr'>sociorumque</span> 
     </span>
    </p>
   </div>
   <div class='ocr_carea' id='block_1_65' title="bbox 1764 4040 3303 4109">
    <p class='ocr_par' dir='ltr' id='par_1_65' title="bbox 1764 4040 3303 4109">
     <span class='ocr_line' id='line_1_66' title="bbox 1764 4040 3303 4109; baseline 0.004 -16"><span class='ocrx_word' id='word_1_631' title='bbox 1764 4040 1877 4108; x_wconf 87' lang='lat' dir='ltr'>ejus</span> <span class='ocrx_word' id='word_1_632' title='bbox 1904 4054 2054 4106; x_wconf 70' lang='lat' dir='ltr'>pmna</span> <span class='ocrx_word' id='word_1_633' title='bbox 2102 4041 2522 4107; x_wconf 88' lang='lat' dir='ltr'>interpretantes,</span> <span class='ocrx_word' id='word_1_634' title='bbox 2558 4043 2769 4109; x_wconf 83' lang='lat' dir='ltr'>hujusce</span> <span class='ocrx_word' id='word_1_635' title='bbox 2809 4046 3078 4097; x_wconf 71' lang='lat' dir='ltr'>sententia:</span> <span class='ocrx_word' id='word_1_636' title='bbox 3108 4060 3303 4099; x_wconf 78' lang='lat' dir='ltr'>memo-</span> 
     </span>
    </p>
   </div>
   <div class='ocr_carea' id='block_1_66' title="bbox 1764 4128 3303 4202">
    <p class='ocr_par' dir='ltr' id='par_1_66' title="bbox 1764 4128 3303 4202">
     <span class='ocr_line' id='line_1_67' title="bbox 1764 4128 3303 4202; baseline 0.005 -21"><span class='ocrx_word' id='word_1_637' title='bbox 1764 4130 1891 4181; x_wconf 89' lang='lat' dir='ltr'>riam</span> <span class='ocrx_word' id='word_1_638' title='bbox 1925 4128 2158 4193; x_wconf 80' lang='lat' dir='ltr'>fecimus,</span> <span class='ocrx_word' id='word_1_639' title='bbox 2188 4146 2289 4183; x_wconf 94' lang='lat' dir='ltr'>non</span> <span class='ocrx_word' id='word_1_640' title='bbox 2322 4142 2491 4185; x_wconf 89' lang='lat' dir='ltr'>tamen</span> <span class='ocrx_word' id='word_1_641' title='bbox 2526 4132 2637 4185; x_wconf 66' lang='lat' dir='ltr'>haec</span> <span class='ocrx_word' id='word_1_642' title='bbox 2662 4133 2925 4200; x_wconf 86' lang='lat' dir='ltr'>quomodo</span> <span class='ocrx_word' id='word_1_643' title='bbox 2967 4134 3303 4202; x_wconf 86' lang='lat' dir='ltr'>intelligenda</span> 
     </span>
    </p>
   </div>
   <div class='ocr_carea' id='block_1_67' title="bbox 1765 4220 3301 4290">
    <p class='ocr_par' dir='ltr' id='par_1_67' title="bbox 1765 4220 3301 4290">
     <span class='ocr_line' id='line_1_68' title="bbox 1765 4220 3301 4290; baseline 0.004 -17"><span class='ocrx_word' id='word_1_644' title='bbox 1765 4220 1851 4281; x_wconf 90' lang='lat' dir='ltr'>sit,</span> <span class='ocrx_word' id='word_1_645' title='bbox 1875 4221 1964 4274; x_wconf 91' lang='lat' dir='ltr'>sed</span> <span class='ocrx_word' id='word_1_646' title='bbox 1994 4222 2255 4290; x_wconf 88' lang='lat' dir='ltr'>quomodo</span> <span class='ocrx_word' id='word_1_647' title='bbox 2287 4224 2621 4290; x_wconf 86' lang='lat' dir='ltr'>intelligenda</span> <span class='ocrx_word' id='word_1_648' title='bbox 2642 4239 2743 4277; x_wconf 90' lang='lat' dir='ltr'>non</span> <span class='ocrx_word' id='word_1_649' title='bbox 2775 4226 2843 4277; x_wconf 88' lang='lat' dir='ltr'>sit</span> <span class='ocrx_word' id='word_1_650' title='bbox 2866 4225 3235 4290; x_wconf 87' lang='lat' dir='ltr'>edisserentes,</span> <span class='ocrx_word' id='word_1_651' title='bbox 3252 4227 3301 4279; x_wconf 88' lang='lat' dir='ltr'>id</span> 
     </span>
    </p>
   </div>
   <div class='ocr_carea' id='block_1_68' title="bbox 1765 4310 3302 4379">
    <p class='ocr_par' dir='ltr' id='par_1_68' title="bbox 1765 4310 3302 4379">
     <span class='ocr_line' id='line_1_69' title="bbox 1765 4310 3302 4379; baseline 0.004 -16"><span class='ocrx_word' id='word_1_652' title='bbox 1765 4319 1862 4373; x_wconf 88' lang='lat' dir='ltr'>est,</span> <span class='ocrx_word' id='word_1_653' title='bbox 1894 4310 2009 4378; x_wconf 87' lang='lat' dir='ltr'>quia</span> <span class='ocrx_word' id='word_1_654' title='bbox 2057 4327 2382 4379; x_wconf 89' lang='lat' dir='ltr'>nequaquam</span> <span class='ocrx_word' id='word_1_655' title='bbox 2416 4321 2530 4377; x_wconf 88' lang='lat' dir='ltr'>post</span> <span class='ocrx_word' id='word_1_656' title='bbox 2569 4314 2756 4367; x_wconf 89' lang='lat' dir='ltr'>multos</span> <span class='ocrx_word' id='word_1_657' title='bbox 2787 4314 2894 4367; x_wconf 88' lang='lat' dir='ltr'>dics</span> <span class='ocrx_word' id='word_1_658' title='bbox 2921 4314 3024 4367; x_wconf 90' lang='lat' dir='ltr'>sint</span> <span class='ocrx_word' id='word_1_659' title='bbox 3051 4314 3302 4369; x_wconf 89' lang='lat' dir='ltr'>liberandi</span> 
     </span>
    </p>
   </div>
   <div class='ocr_carea' id='block_1_69' title="bbox 117 4399 1662 4488">
    <p class='ocr_par' dir='ltr' id='par_1_69' title="bbox 117 4404 1655 4474">
     <span class='ocr_line' id='line_1_70' title="bbox 117 4404 1655 4474; baseline 0.003 -19"><span class='ocrx_word' id='word_1_660' title='bbox 117 4404 385 4456; x_wconf 84' lang='lat' dir='ltr'>desertum</span> <span class='ocrx_word' id='word_1_661' title='bbox 418 4405 593 4456; x_wconf 89' lang='lat' dir='ltr'>mundi</span> <span class='ocrx_word' id='word_1_662' title='bbox 640 4404 865 4457; x_wconf 87' lang='lat' dir='ltr'>sitientis</span> <span class='ocrx_word' id='word_1_663' title='bbox 892 4421 1124 4474; x_wconf 79' lang='lat' dir='ltr'>agamus.</span> <span class='ocrx_word' id='word_1_664' title='bbox 1180 4409 1243 4457; x_wconf 85' lang='lat' dir='ltr'>At</span> <span class='ocrx_word' id='word_1_665' title='bbox 1286 4407 1489 4473; x_wconf 86' lang='lat' dir='ltr'>quoties</span> <span class='ocrx_word' id='word_1_666' title='bbox 1521 4406 1655 4460; x_wconf 80' lang='lat' dir='ltr'>vitiis</span> 
     </span>
    </p>
   </div>
   <div class='ocr_carea' id='block_1_70' title="bbox 1766 4399 3304 4488">
    <p class='ocr_par' dir='ltr' id='par_1_70' title="bbox 1766 4399 3304 4469">
     <span class='ocr_line' id='line_1_71' title="bbox 1766 4399 3304 4469; baseline 0.004 -20"><span class='ocrx_word' id='word_1_667' title='bbox 1766 4400 1948 4466; x_wconf 85' lang='lat' dir='ltr'>quibus</span> <span class='ocrx_word' id='word_1_668' title='bbox 1988 4399 2038 4452; x_wconf 91' lang='lat' dir='ltr'>in</span> <span class='ocrx_word' id='word_1_669' title='bbox 2093 4401 2274 4452; x_wconf 90' lang='lat' dir='ltr'>ultimo</span> <span class='ocrx_word' id='word_1_670' title='bbox 2303 4402 2540 4454; x_wconf 78' lang='lat' dir='ltr'>examine</span> <span class='ocrx_word' id='word_1_671' title='bbox 2581 4402 2808 4455; x_wconf 91' lang='lat' dir='ltr'>dicatur:</span> <span class='ocrx_word' id='word_1_672' title='bbox 2856 4402 3101 4456; x_wconf 77' lang='lat' dir='ltr'>Discedite</span> <span class='ocrx_word' id='word_1_673' title='bbox 3134 4420 3165 4455; x_wconf 90' lang='lat' dir='ltr'>a</span> <span class='ocrx_word' id='word_1_674' title='bbox 3206 4421 3304 4469; x_wconf 82' lang='lat' dir='ltr'>me,</span> 
     </span>
    </p>
   </div>
   <div class='ocr_carea' id='block_1_71' title="bbox 121 4493 1659 4563">
    <p class='ocr_par' dir='ltr' id='par_1_71' title="bbox 121 4493 1659 4563">
     <span class='ocr_line' id='line_1_72' title="bbox 121 4493 1659 4563; baseline 0.005 -18"><span class='ocrx_word' id='word_1_675' title='bbox 121 4493 446 4557; x_wconf 84' lang='lat' dir='ltr'>quibuslibet</span> <span class='ocrx_word' id='word_1_676' title='bbox 474 4493 881 4560; x_wconf 88' lang='lat' dir='ltr'>subripieotibus</span> <span class='ocrx_word' id='word_1_677' title='bbox 910 4512 936 4547; x_wconf 92' lang='lat' dir='ltr'>a</span> <span class='ocrx_word' id='word_1_678' title='bbox 966 4505 1134 4563; x_wconf 67' lang='lat' dir='ltr'>empto</span> <span class='ocrx_word' id='word_1_679' title='bbox 1162 4498 1393 4550; x_wconf 84' lang='lat' dir='ltr'>veritatis</span> <span class='ocrx_word' id='word_1_680' title='bbox 1415 4498 1545 4551; x_wconf 87' lang='lat' dir='ltr'>calle</span> <span class='ocrx_word' id='word_1_681' title='bbox 1566 4501 1659 4553; x_wconf 91' lang='lat' dir='ltr'>de-</span> 
     </span>
    </p>
   </div>
   <div class='ocr_carea' id='block_1_72' title="bbox 121 4583 1658 4656">
    <p class='ocr_par' dir='ltr' id='par_1_72' title="bbox 121 4583 1658 4656">
     <span class='ocr_line' id='line_1_73' title="bbox 121 4583 1658 4656; baseline 0.007 -25"><span class='ocrx_word' id='word_1_682' title='bbox 121 4583 365 4645; x_wconf 87' lang='lat' dir='ltr'>viamus,</span> <span class='ocrx_word' id='word_1_683' title='bbox 425 4598 526 4634; x_wconf 90' lang='lat' dir='ltr'>non</span> <span class='ocrx_word' id='word_1_684' title='bbox 574 4584 745 4635; x_wconf 87' lang='lat' dir='ltr'>statim</span> <span class='ocrx_word' id='word_1_685' title='bbox 805 4585 867 4635; x_wconf 90' lang='lat' dir='ltr'>ad</span> <span class='ocrx_word' id='word_1_686' title='bbox 914 4585 1125 4638; x_wconf 76' lang='lat' dir='ltr'>allio-es</span> <span class='ocrx_word' id='word_1_687' title='bbox 1178 4588 1420 4639; x_wconf 82' lang='lat' dir='ltr'>virtutum</span> <span class='ocrx_word' id='word_1_688' title='bbox 1470 4588 1658 4656; x_wconf 87' lang='lat' dir='ltr'>gradus</span> 
     </span>
    </p>
   </div>
   <div class='ocr_carea' id='block_1_73' title="bbox 121 4672 1656 4737">
    <p class='ocr_par' dir='ltr' id='par_1_73' title="bbox 121 4672 1656 4737">
     <span class='ocr_line' id='line_1_74' title="bbox 121 4672 1656 4737; baseline 0.006 -14"><span class='ocrx_word' id='word_1_689' title='bbox 121 4672 408 4725; x_wconf 84' lang='lat' dir='ltr'>ascendere</span> <span class='ocrx_word' id='word_1_690' title='bbox 432 4686 723 4737; x_wconf 88' lang='lat' dir='ltr'>possumus,</span> <span class='ocrx_word' id='word_1_691' title='bbox 764 4674 855 4726; x_wconf 90' lang='lat' dir='ltr'>sed</span> <span class='ocrx_word' id='word_1_692' title='bbox 900 4675 1103 4727; x_wconf 89' lang='lat' dir='ltr'>interim</span> <span class='ocrx_word' id='word_1_693' title='bbox 1132 4678 1195 4726; x_wconf 84' lang='lat' dir='ltr'>ab</span> <span class='ocrx_word' id='word_1_694' title='bbox 1222 4676 1413 4729; x_wconf 83' lang='lat' dir='ltr'>infimis</span> <span class='ocrx_word' id='word_1_695' title='bbox 1452 4679 1656 4732; x_wconf 75' lang='lat' dir='ltr'>misera:</span> 
     </span>
    </p>
   </div>
   <div class='ocr_carea' id='block_1_74' title="bbox 124 4760 1655 4829">
    <p class='ocr_par' dir='ltr' id='par_1_74' title="bbox 124 4760 1655 4829">
     <span class='ocr_line' id='line_1_75' title="bbox 124 4760 1655 4829; baseline 0.007 -18"><span class='ocrx_word' id='word_1_696' title='bbox 124 4762 314 4813; x_wconf 89' lang='lat' dir='ltr'>mentis</span> <span class='ocrx_word' id='word_1_697' title='bbox 367 4760 649 4815; x_wconf 69' lang='lat' dir='ltr'>defectibus</span> <span class='ocrx_word' id='word_1_698' title='bbox 682 4802 695 4825; x_wconf 92' lang='lat'>,</span> <span class='ocrx_word' id='word_1_699' title='bbox 754 4764 997 4827; x_wconf 84' lang='lat' dir='ltr'>paulatim</span> <span class='ocrx_word' id='word_1_700' title='bbox 1044 4767 1310 4829; x_wconf 86' lang='lat' dir='ltr'>superiora</span> <span class='ocrx_word' id='word_1_701' title='bbox 1373 4766 1655 4822; x_wconf 86' lang='lat' dir='ltr'>debeamus</span> 
     </span>
    </p>
   </div>
   <div class='ocr_carea' id='block_1_75' title="bbox 126 4852 1652 4921">
    <p class='ocr_par' dir='ltr' id='par_1_75' title="bbox 126 4852 1652 4921">
     <span class='ocr_line' id='line_1_76' title="bbox 126 4852 1652 4921; baseline 0.007 -22"><span class='ocrx_word' id='word_1_702' title='bbox 126 4852 422 4916; x_wconf 67' lang='lat' dir='ltr'>paenitendo</span> <span class='ocrx_word' id='word_1_703' title='bbox 453 4862 703 4916; x_wconf 87' lang='lat' dir='ltr'>repetere,</span> <span class='ocrx_word' id='word_1_704' title='bbox 737 4854 900 4904; x_wconf 84' lang='lat' dir='ltr'>donec</span> <span class='ocrx_word' id='word_1_705' title='bbox 929 4854 1097 4921; x_wconf 84' lang='lat' dir='ltr'>dignis</span> <span class='ocrx_word' id='word_1_706' title='bbox 1125 4856 1442 4921; x_wconf 77' lang='lat' dir='ltr'>ptenitentia:</span> <span class='ocrx_word' id='word_1_707' title='bbox 1470 4859 1652 4911; x_wconf 54' lang='lat' dir='ltr'>fructi-</span> 
     </span>
    </p>
   </div>
   <div class='ocr_carea' id='block_1_76' title="bbox 124 4942 1657 5019">
    <p class='ocr_par' dir='ltr' id='par_1_76' title="bbox 124 4942 1657 5019">
     <span class='ocr_line' id='line_1_77' title="bbox 124 4942 1657 5019; baseline 0.007 -27"><span class='ocrx_word' id='word_1_708' title='bbox 124 4942 218 4994; x_wconf 88' lang='lat' dir='ltr'>bus</span> <span class='ocrx_word' id='word_1_709' title='bbox 244 4944 373 4994; x_wconf 88' lang='lat' dir='ltr'>actis</span> <span class='ocrx_word' id='word_1_710' title='bbox 402 4945 761 5008; x_wconf 71' lang='lat' dir='ltr'>perveniamus</span> <span class='ocrx_word' id='word_1_711' title='bbox 786 4946 999 4997; x_wconf 82' lang='lat' dir='ltr'>reluces</span> <span class='ocrx_word' id='word_1_712' title='bbox 1030 4948 1090 4997; x_wconf 90' lang='lat' dir='ltr'>ad</span> <span class='ocrx_word' id='word_1_713' title='bbox 1122 4946 1264 4999; x_wconf 88' lang='lat' dir='ltr'>illum</span> <span class='ocrx_word' id='word_1_714' title='bbox 1297 4950 1361 5001; x_wconf 88' lang='lat' dir='ltr'>de</span> <span class='ocrx_word' id='word_1_715' title='bbox 1408 4965 1505 5016; x_wconf 85' lang='lat' dir='ltr'>quo</span> <span class='ocrx_word' id='word_1_716' title='bbox 1530 4952 1657 5019; x_wconf 73' lang='lat' dir='ltr'>lapsi</span> 
     </span>
    </p>
   </div>
   <div class='ocr_carea' id='block_1_77' title="bbox 124 5033 1659 5106">
    <p class='ocr_par' dir='ltr' id='par_1_77' title="bbox 124 5033 1659 5106">
     <span class='ocr_line' id='line_1_78' title="bbox 124 5033 1659 5106; baseline 0.005 -21"><span class='ocrx_word' id='word_1_717' title='bbox 124 5048 301 5085; x_wconf 86' lang='lat' dir='ltr'>sumus</span> <span class='ocrx_word' id='word_1_718' title='bbox 330 5034 535 5083; x_wconf 86' lang='lat' dir='ltr'>modum</span> <span class='ocrx_word' id='word_1_719' title='bbox 554 5034 755 5085; x_wconf 84' lang='lat' dir='ltr'>culmen</span> <span class='ocrx_word' id='word_1_720' title='bbox 778 5033 910 5101; x_wconf 81' lang='lat' dir='ltr'>quod</span> <span class='ocrx_word' id='word_1_721' title='bbox 940 5034 1002 5087; x_wconf 88' lang='lat' dir='ltr'>ad</span> <span class='ocrx_word' id='word_1_722' title='bbox 1032 5044 1231 5101; x_wconf 62' lang='lat' dir='ltr'>tetnpu~~</span> <span class='ocrx_word' id='word_1_723' title='bbox 1260 5038 1353 5089; x_wconf 90' lang='lat' dir='ltr'>iter</span> <span class='ocrx_word' id='word_1_724' title='bbox 1374 5053 1526 5106; x_wconf 86' lang='lat' dir='ltr'>agere</span> <span class='ocrx_word' id='word_1_725' title='bbox 1557 5042 1659 5093; x_wconf 90' lang='lat' dir='ltr'>vir-</span> 
     </span>
    </p>
   </div>
   <div class='ocr_carea' id='block_1_78' title="bbox 128 5121 1653 5193">
    <p class='ocr_par' dir='ltr' id='par_1_78' title="bbox 128 5121 1653 5193">
     <span class='ocr_line' id='line_1_79' title="bbox 128 5121 1653 5193; baseline 0.007 -22"><span class='ocrx_word' id='word_1_726' title='bbox 128 5132 311 5180; x_wconf 85' lang='lat' dir='ltr'>tutum,</span> <span class='ocrx_word' id='word_1_727' title='bbox 339 5121 475 5173; x_wconf 77' lang='lat' dir='ltr'>exuti</span> <span class='ocrx_word' id='word_1_728' title='bbox 512 5121 672 5173; x_wconf 69' lang='lat' dir='ltr'>veteri</span> <span class='ocrx_word' id='word_1_729' title='bbox 720 5121 926 5175; x_wconf 87' lang='lat' dir='ltr'>homine</span> <span class='ocrx_word' id='word_1_730' title='bbox 963 5140 1079 5176; x_wconf 89' lang='lat' dir='ltr'>cum</span> <span class='ocrx_word' id='word_1_731' title='bbox 1107 5125 1303 5177; x_wconf 55' lang='lat' dir='ltr'>actibus</span> <span class='ocrx_word' id='word_1_732' title='bbox 1335 5126 1448 5193; x_wconf 85' lang='lat' dir='ltr'>ejus</span> <span class='ocrx_word' id='word_1_733' title='bbox 1487 5138 1533 5179; x_wconf 91' lang='lat' dir='ltr'>et</span> <span class='ocrx_word' id='word_1_734' title='bbox 1576 5128 1653 5180; x_wconf 89' lang='lat' dir='ltr'>in-</span> 
     </span>
    </p>
   </div>
   <div class='ocr_carea' id='block_1_79' title="bbox 125 5210 1652 5284">
    <p class='ocr_par' dir='ltr' id='par_1_79' title="bbox 125 5210 1652 5284">
     <span class='ocr_line' id='line_1_80' title="bbox 125 5210 1652 5284; baseline 0.008 -25"><span class='ocrx_word' id='word_1_735' title='bbox 125 5210 230 5261; x_wconf 89' lang='lat' dir='ltr'>duti</span> <span class='ocrx_word' id='word_1_736' title='bbox 278 5224 410 5261; x_wconf 84' lang='lat' dir='ltr'>novo</span> <span class='ocrx_word' id='word_1_737' title='bbox 440 5210 523 5272; x_wconf 77' lang='lat' dir='ltr'>qui</span> <span class='ocrx_word' id='word_1_738' title='bbox 554 5210 834 5261; x_wconf 71' lang='lat' dir='ltr'>stecundunt</span> <span class='ocrx_word' id='word_1_739' title='bbox 860 5212 1021 5265; x_wconf 84' lang='lat' dir='ltr'>Deum</span> <span class='ocrx_word' id='word_1_740' title='bbox 1051 5224 1255 5267; x_wconf 85' lang='lat' dir='ltr'>creatus</span> <span class='ocrx_word' id='word_1_741' title='bbox 1284 5226 1361 5269; x_wconf 85' lang='lat' dir='ltr'>est</span> <span class='ocrx_word' id='word_1_742' title='bbox 1384 5218 1431 5269; x_wconf 91' lang='lat' dir='ltr'>in</span> <span class='ocrx_word' id='word_1_743' title='bbox 1452 5219 1652 5284; x_wconf 77' lang='lat' dir='ltr'>justitia</span> 
     </span>
    </p>
   </div>
   <div class='ocr_carea' id='block_1_80' title="bbox 128 5299 1654 5372">
    <p class='ocr_par' dir='ltr' id='par_1_80' title="bbox 128 5299 1654 5372">
     <span class='ocr_line' id='line_1_81' title="bbox 128 5299 1654 5372; baseline 0.008 -23"><span class='ocrx_word' id='word_1_744' title='bbox 128 5307 174 5349; x_wconf 85' lang='lat' dir='ltr'>et</span> <span class='ocrx_word' id='word_1_745' title='bbox 202 5299 500 5352; x_wconf 82' lang='lat' dir='ltr'>sanctitate:</span> <span class='ocrx_word' id='word_1_746' title='bbox 532 5300 665 5366; x_wconf 89' lang='lat' dir='ltr'>quod</span> <span class='ocrx_word' id='word_1_747' title='bbox 700 5315 837 5352; x_wconf 77' lang='lat' dir='ltr'>mors</span> <span class='ocrx_word' id='word_1_748' title='bbox 861 5312 910 5353; x_wconf 88' lang='lat' dir='ltr'>et</span> <span class='ocrx_word' id='word_1_749' title='bbox 933 5300 1187 5357; x_wconf 87' lang='lat' dir='ltr'>funeratio</span> <span class='ocrx_word' id='word_1_750' title='bbox 1212 5316 1410 5370; x_wconf 89' lang='lat' dir='ltr'>patrum</span> <span class='ocrx_word' id='word_1_751' title='bbox 1437 5322 1654 5372; x_wconf 86' lang='lat' dir='ltr'>peccan-</span> 
     </span>
    </p>
   </div>
   <div class='ocr_carea' id='block_1_81' title="bbox 131 5386 1655 5463">
    <p class='ocr_par' dir='ltr' id='par_1_81' title="bbox 131 5386 1655 5463">
     <span class='ocr_line' id='line_1_82' title="bbox 131 5386 1655 5463; baseline 0.009 -29"><span class='ocrx_word' id='word_1_752' title='bbox 131 5390 249 5437; x_wconf 80' lang='lat' dir='ltr'>tiutn</span> <span class='ocrx_word' id='word_1_753' title='bbox 304 5389 352 5437; x_wconf 91' lang='lat' dir='ltr'>in</span> <span class='ocrx_word' id='word_1_754' title='bbox 409 5386 617 5440; x_wconf 90' lang='lat' dir='ltr'>deserto</span> <span class='ocrx_word' id='word_1_755' title='bbox 674 5388 965 5454; x_wconf 88' lang='lat' dir='ltr'>ibidemque</span> <span class='ocrx_word' id='word_1_756' title='bbox 996 5392 1185 5445; x_wconf 57' lang='lat' dir='ltr'>adultae</span> <span class='ocrx_word' id='word_1_757' title='bbox 1226 5402 1358 5445; x_wconf 71' lang='lat' dir='ltr'>nata:</span> <span class='ocrx_word' id='word_1_758' title='bbox 1401 5396 1655 5463; x_wconf 81' lang='lat' dir='ltr'>significat</span> 
     </span>
    </p>
   </div>
   <div class='ocr_carea' id='block_1_82' title="bbox 130 5476 1650 5553">
    <p class='ocr_par' dir='ltr' id='par_1_82' title="bbox 130 5476 1650 5553">
     <span class='ocr_line' id='line_1_83' title="bbox 130 5476 1650 5553; baseline 0.01 -30"><span class='ocrx_word' id='word_1_759' title='bbox 130 5476 402 5540; x_wconf 67' lang='lat' dir='ltr'>iuventutis</span> <span class='ocrx_word' id='word_1_760' title='bbox 423 5476 681 5539; x_wconf 82' lang='lat' dir='ltr'>alacritas,</span> <span class='ocrx_word' id='word_1_761' title='bbox 713 5493 847 5545; x_wconf 61' lang='lat' dir='ltr'>qucc,</span> <span class='ocrx_word' id='word_1_762' title='bbox 881 5480 1034 5533; x_wconf 76' lang='lat' dir='ltr'>fluvio</span> <span class='ocrx_word' id='word_1_763' title='bbox 1065 5484 1244 5536; x_wconf 89' lang='lat' dir='ltr'>mortis</span> <span class='ocrx_word' id='word_1_764' title='bbox 1262 5482 1650 5553; x_wconf 80' lang='lat' dir='ltr'>devicto,digna</span> 
     </span>
    </p>
   </div>
   <div class='ocr_carea' id='block_1_83' title="bbox 133 5570 1649 5635">
    <p class='ocr_par' dir='ltr' id='par_1_83' title="bbox 133 5570 1649 5635">
     <span class='ocr_line' id='line_1_84' title="bbox 133 5570 1649 5635; baseline 0.011 -20"><span class='ocrx_word' id='word_1_765' title='bbox 133 5570 193 5616; x_wconf 85' lang='lat' dir='ltr'>sit</span> <span class='ocrx_word' id='word_1_766' title='bbox 220 5583 428 5635; x_wconf 80' lang='lat' dir='ltr'>regnum</span> <span class='ocrx_word' id='word_1_767' title='bbox 462 5582 699 5635; x_wconf 78' lang='lat' dir='ltr'>superna:</span> <span class='ocrx_word' id='word_1_768' title='bbox 749 5573 1104 5635; x_wconf 87' lang='lat' dir='ltr'>promissionis</span> <span class='ocrx_word' id='word_1_769' title='bbox 1160 5578 1369 5629; x_wconf 87' lang='lat' dir='ltr'>intrare.</span> <span class='ocrx_word' id='word_1_770' title='bbox 1405 5578 1472 5629; x_wconf 91' lang='lat' dir='ltr'>lla</span> <span class='ocrx_word' id='word_1_771' title='bbox 1514 5580 1649 5632; x_wconf 85' lang='lat' dir='ltr'>enim</span> 
     </span>
    </p>
   </div>
   <div class='ocr_carea' id='block_1_84' title="bbox 134 5658 1643 5725">
    <p class='ocr_par' dir='ltr' id='par_1_84' title="bbox 134 5658 1643 5725">
     <span class='ocr_line' id='line_1_85' title="bbox 134 5658 1643 5725; baseline 0.008 -14"><span class='ocrx_word' id='word_1_772' title='bbox 134 5658 183 5711; x_wconf 75' lang='lat' dir='ltr'>fit</span> <span class='ocrx_word' id='word_1_773' title='bbox 206 5659 251 5711; x_wconf 88' lang='lat' dir='ltr'>in</span> <span class='ocrx_word' id='word_1_774' title='bbox 277 5668 515 5714; x_wconf 84' lang='lat' dir='ltr'>renovata</span> <span class='ocrx_word' id='word_1_775' title='bbox 546 5670 735 5715; x_wconf 78' lang='lat' dir='ltr'>nostra:</span> <span class='ocrx_word' id='word_1_776' title='bbox 756 5662 901 5715; x_wconf 66' lang='lat' dir='ltr'>bon-.c</span> <span class='ocrx_word' id='word_1_777' title='bbox 926 5669 1333 5722; x_wconf 82' lang='lat' dir='ltr'>conversationis</span> <span class='ocrx_word' id='word_1_778' title='bbox 1382 5681 1643 5725; x_wconf 80' lang='lat' dir='ltr'>uvcutute.</span> 
     </span>
    </p>
   </div>
   <div class='ocr_carea' id='block_1_85' title="bbox 1764 4490 3300 4558">
    <p class='ocr_par' dir='ltr' id='par_1_85' title="bbox 1764 4490 3300 4558">
     <span class='ocr_line' id='line_1_86' title="bbox 1764 4490 3300 4558; baseline 0.003 -18"><span class='ocrx_word' id='word_1_779' title='bbox 1764 4490 2033 4554; x_wconf 80' lang='lat' dir='ltr'>maledicti,</span> <span class='ocrx_word' id='word_1_780' title='bbox 2068 4490 2117 4541; x_wconf 86' lang='lat' dir='ltr'>iu</span> <span class='ocrx_word' id='word_1_781' title='bbox 2148 4492 2309 4558; x_wconf 85' lang='lat' dir='ltr'>ignem</span> <span class='ocrx_word' id='word_1_782' title='bbox 2337 4492 2785 4556; x_wconf 77' lang='lat' dir='ltr'>tetermtm.Neque</span> <span class='ocrx_word' id='word_1_783' title='bbox 2810 4494 2951 4545; x_wconf 90' lang='lat' dir='ltr'>enim</span> <span class='ocrx_word' id='word_1_784' title='bbox 2975 4494 3075 4545; x_wconf 86' lang='lat' dir='ltr'>sibi</span> <span class='ocrx_word' id='word_1_785' title='bbox 3098 4503 3300 4546; x_wconf 56' lang='lat' dir='ltr'>contra‘</span> 
     </span>
    </p>
   </div>
   <div class='ocr_carea' id='block_1_86' title="bbox 1764 4580 3297 4648">
    <p class='ocr_par' dir='ltr' id='par_1_86' title="bbox 1764 4580 3297 4648">
     <span class='ocr_line' id='line_1_87' title="bbox 1764 4580 3297 4648; baseline 0.001 -17"><span class='ocrx_word' id='word_1_786' title='bbox 1764 4580 1871 4632; x_wconf 85' lang='lat' dir='ltr'>rius</span> <span class='ocrx_word' id='word_1_787' title='bbox 1898 4594 2017 4632; x_wconf 82' lang='lat' dir='ltr'>esse</span> <span class='ocrx_word' id='word_1_788' title='bbox 2058 4590 2225 4646; x_wconf 85' lang='lat' dir='ltr'>potest</span> <span class='ocrx_word' id='word_1_789' title='bbox 2254 4580 2390 4633; x_wconf 87' lang='lat' dir='ltr'>idem</span> <span class='ocrx_word' id='word_1_790' title='bbox 2420 4580 2529 4646; x_wconf 92' lang='lat' dir='ltr'>ipse</span> <span class='ocrx_word' id='word_1_791' title='bbox 2575 4580 2842 4648; x_wconf 86' lang='lat' dir='ltr'>propheta,</span> <span class='ocrx_word' id='word_1_792' title='bbox 2875 4583 2958 4648; x_wconf 89' lang='lat' dir='ltr'>qui</span> <span class='ocrx_word' id='word_1_793' title='bbox 2989 4581 3106 4633; x_wconf 89' lang='lat' dir='ltr'>alibi</span> <span class='ocrx_word' id='word_1_794' title='bbox 3148 4582 3297 4635; x_wconf 85' lang='lat' dir='ltr'>dicit:</span> 
     </span>
    </p>
   </div>
   <div class='ocr_carea' id='block_1_87' title="bbox 1762 4667 3300 4736">
    <p class='ocr_par' dir='ltr' id='par_1_87' title="bbox 1762 4667 3300 4736">
     <span class='ocr_line' id='line_1_88' title="bbox 1762 4667 3300 4736; baseline 0.002 -17"><span class='ocrx_word' id='word_1_795' title='bbox 1762 4667 1823 4719; x_wconf 88' lang='lat' dir='ltr'>Et</span> <span class='ocrx_word' id='word_1_796' title='bbox 1853 4670 2079 4721; x_wconf 81' lang='lat' dir='ltr'>videbunt</span> <span class='ocrx_word' id='word_1_797' title='bbox 2122 4670 2364 4722; x_wconf 86' lang='lat' dir='ltr'>cadavera</span> <span class='ocrx_word' id='word_1_798' title='bbox 2390 4669 2605 4721; x_wconf 86' lang='lat' dir='ltr'>virorum</span> <span class='ocrx_word' id='word_1_799' title='bbox 2633 4671 2718 4736; x_wconf 84' lang='lat' dir='ltr'>qui</span> <span class='ocrx_word' id='word_1_800' title='bbox 2760 4671 3066 4736; x_wconf 68' lang='lat' dir='ltr'>prmearicati</span> <span class='ocrx_word' id='word_1_801' title='bbox 3109 4680 3221 4723; x_wconf 84' lang='lat' dir='ltr'>sunt</span> <span class='ocrx_word' id='word_1_802' title='bbox 3250 4672 3300 4722; x_wconf 83' lang='lat' dir='ltr'>in</span> 
     </span>
    </p>
   </div>
   <div class='ocr_carea' id='block_1_88' title="bbox 1762 4757 3299 4826">
    <p class='ocr_par' dir='ltr' id='par_1_88' title="bbox 1762 4757 3299 4826">
     <span class='ocr_line' id='line_1_89' title="bbox 1762 4757 3299 4826; baseline 0.003 -19"><span class='ocrx_word' id='word_1_803' title='bbox 1762 4773 1866 4820; x_wconf 88' lang='lat' dir='ltr'>me;</span> <span class='ocrx_word' id='word_1_804' title='bbox 1896 4760 2073 4809; x_wconf 81' lang='lat' dir='ltr'>vermis</span> <span class='ocrx_word' id='word_1_805' title='bbox 2112 4773 2283 4808; x_wconf 88' lang='lat' dir='ltr'>eorum</span> <span class='ocrx_word' id='word_1_806' title='bbox 2318 4773 2414 4808; x_wconf 83' lang='lat' dir='ltr'>non</span> <span class='ocrx_word' id='word_1_807' title='bbox 2458 4757 2713 4819; x_wconf 86' lang='lat' dir='ltr'>morietur,</span> <span class='ocrx_word' id='word_1_808' title='bbox 2745 4768 2790 4810; x_wconf 83' lang='lat' dir='ltr'>et</span> <span class='ocrx_word' id='word_1_809' title='bbox 2839 4759 2966 4826; x_wconf 85' lang='lat' dir='ltr'>ignis</span> <span class='ocrx_word' id='word_1_810' title='bbox 3003 4774 3170 4811; x_wconf 85' lang='lat' dir='ltr'>eorum</span> <span class='ocrx_word' id='word_1_811' title='bbox 3204 4774 3299 4811; x_wconf 85' lang='lat' dir='ltr'>non</span> 
     </span>
    </p>
   </div>
   <div class='ocr_carea' id='block_1_89' title="bbox 1759 4838 3298 4912">
    <p class='ocr_par' dir='ltr' id='par_1_89' title="bbox 1759 4838 3298 4912">
     <span class='ocr_line' id='line_1_90' title="bbox 1759 4838 3298 4912; baseline 0.001 -15"><span class='ocrx_word' id='word_1_812' title='bbox 1759 4847 2118 4912; x_wconf 76' lang='lat' dir='ltr'>exstinguetur.</span> <span class='ocrx_word' id='word_1_813' title='bbox 2152 4838 2258 4899; x_wconf 43' lang='lat' dir='ltr'>&#39;Sin</span> <span class='ocrx_word' id='word_1_814' title='bbox 2316 4854 2524 4909; x_wconf 86' lang='lat' dir='ltr'>autem,</span> <span class='ocrx_word' id='word_1_815' title='bbox 2577 4848 2797 4912; x_wconf 76' lang='lat' dir='ltr'>qualiter</span> <span class='ocrx_word' id='word_1_816' title='bbox 2852 4847 3188 4911; x_wconf 75' lang='lat' dir='ltr'>intelligenda</span> <span class='ocrx_word' id='word_1_817' title='bbox 3231 4847 3298 4899; x_wconf 89' lang='lat' dir='ltr'>sit</span> 
     </span>
    </p>
   </div>
   <div class='ocr_carea' id='block_1_90' title="bbox 1759 4936 3297 5004">
    <p class='ocr_par' dir='ltr' id='par_1_90' title="bbox 1759 4936 3297 5004">
     <span class='ocr_line' id='line_1_91' title="bbox 1759 4936 3297 5004; baseline 0.003 -19"><span class='ocrx_word' id='word_1_818' title='bbox 1759 4937 2029 5001; x_wconf 68' lang='lat' dir='ltr'>quaeritur,</span> <span class='ocrx_word' id='word_1_819' title='bbox 2056 4937 2221 5004; x_wconf 88' lang='lat' dir='ltr'>palam</span> <span class='ocrx_word' id='word_1_820' title='bbox 2249 4946 2346 4989; x_wconf 66' lang='lat' dir='ltr'>tuae</span> <span class='ocrx_word' id='word_1_821' title='bbox 2372 4936 2652 5000; x_wconf 87' lang='lat' dir='ltr'>sanctitati,</span> <span class='ocrx_word' id='word_1_822' title='bbox 2670 4937 2880 4991; x_wconf 90' lang='lat' dir='ltr'>domine</span> <span class='ocrx_word' id='word_1_823' title='bbox 2912 4938 2960 4989; x_wconf 93' lang='lat' dir='ltr'>in</span> <span class='ocrx_word' id='word_1_824' title='bbox 2993 4938 3199 4989; x_wconf 87' lang='lat' dir='ltr'>Christo</span> <span class='ocrx_word' id='word_1_825' title='bbox 3219 4937 3297 4990; x_wconf 85' lang='lat' dir='ltr'>di-</span> 
     </span>
    </p>
   </div>
   <div class='ocr_carea' id='block_1_91' title="bbox 1761 5023 3294 5093">
    <p class='ocr_par' dir='ltr' id='par_1_91' title="bbox 1761 5023 3294 5093">
     <span class='ocr_line' id='line_1_92' title="bbox 1761 5023 3294 5093; baseline 0.003 -18"><span class='ocrx_word' id='word_1_826' title='bbox 1761 5023 2059 5087; x_wconf 84' lang='lat' dir='ltr'>lectissime,</span> <span class='ocrx_word' id='word_1_827' title='bbox 2094 5024 2340 5091; x_wconf 86' lang='lat' dir='ltr'>protiteor</span> <span class='ocrx_word' id='word_1_828' title='bbox 2390 5039 2713 5092; x_wconf 85' lang='lat' dir='ltr'>nequaquam</span> <span class='ocrx_word' id='word_1_829' title='bbox 2744 5041 2923 5078; x_wconf 83' lang='lat' dir='ltr'>ausum</span> <span class='ocrx_word' id='word_1_830' title='bbox 2953 5025 3127 5079; x_wconf 87' lang='lat' dir='ltr'>dicere</span> <span class='ocrx_word' id='word_1_831' title='bbox 3158 5026 3294 5093; x_wconf 85' lang='lat' dir='ltr'>quod</span> 
     </span>
    </p>
   </div>
   <div class='ocr_carea' id='block_1_92' title="bbox 1758 5112 3294 5179">
    <p class='ocr_par' dir='ltr' id='par_1_92' title="bbox 1758 5112 3294 5179">
     <span class='ocr_line' id='line_1_93' title="bbox 1758 5112 3294 5179; baseline 0.005 -17"><span class='ocrx_word' id='word_1_832' title='bbox 1758 5112 2099 5165; x_wconf 83' lang='lat' dir='ltr'>intellexerim</span> <span class='ocrx_word' id='word_1_833' title='bbox 2146 5112 2265 5179; x_wconf 88' lang='lat' dir='ltr'>quid</span> <span class='ocrx_word' id='word_1_834' title='bbox 2298 5112 2345 5165; x_wconf 88' lang='lat' dir='ltr'>in</span> <span class='ocrx_word' id='word_1_835' title='bbox 2393 5112 2487 5166; x_wconf 89' lang='lat' dir='ltr'>hac</span> <span class='ocrx_word' id='word_1_836' title='bbox 2514 5116 2766 5167; x_wconf 90' lang='lat' dir='ltr'>sententia</span> <span class='ocrx_word' id='word_1_837' title='bbox 2799 5116 3089 5169; x_wconf 90' lang='lat' dir='ltr'>senseritet</span> <span class='ocrx_word' id='word_1_838' title='bbox 3117 5116 3294 5169; x_wconf 89' lang='lat' dir='ltr'>sentiri</span> 
     </span>
    </p>
   </div>
   <div class='ocr_carea' id='block_1_93' title="bbox 1761 5200 3290 5273">
    <p class='ocr_par' dir='ltr' id='par_1_93' title="bbox 1761 5200 3290 5273">
     <span class='ocr_line' id='line_1_94' title="bbox 1761 5200 3290 5273; baseline 0.007 -24"><span class='ocrx_word' id='word_1_839' title='bbox 1761 5202 1982 5253; x_wconf 89' lang='lat' dir='ltr'>voluerit</span> <span class='ocrx_word' id='word_1_840' title='bbox 2004 5201 2252 5267; x_wconf 86' lang='lat' dir='ltr'>propheta</span> <span class='ocrx_word' id='word_1_841' title='bbox 2290 5200 2466 5255; x_wconf 87' lang='lat' dir='ltr'>Isaias.</span> <span class='ocrx_word' id='word_1_842' title='bbox 2510 5202 2611 5256; x_wconf 90' lang='lat' dir='ltr'>Sed</span> <span class='ocrx_word' id='word_1_843' title='bbox 2644 5213 2831 5267; x_wconf 87' lang='lat' dir='ltr'>tamen,</span> <span class='ocrx_word' id='word_1_844' title='bbox 2858 5206 2977 5270; x_wconf 86' lang='lat' dir='ltr'>quid</span> <span class='ocrx_word' id='word_1_845' title='bbox 3005 5206 3112 5273; x_wconf 90' lang='lat' dir='ltr'>ipse</span> <span class='ocrx_word' id='word_1_846' title='bbox 3142 5219 3290 5271; x_wconf 88' lang='lat' dir='ltr'>pure,</span> 
     </span>
    </p>
   </div>
   <div class='ocr_carea' id='block_1_94' title="bbox 1757 5293 3292 5363">
    <p class='ocr_par' dir='ltr' id='par_1_94' title="bbox 1757 5293 3292 5363">
     <span class='ocr_line' id='line_1_95' title="bbox 1757 5293 3292 5363; baseline 0.005 -19"><span class='ocrx_word' id='word_1_847' title='bbox 1757 5302 1811 5344; x_wconf 91' lang='lat' dir='ltr'>ut</span> <span class='ocrx_word' id='word_1_848' title='bbox 1834 5306 1969 5353; x_wconf 90' lang='lat' dir='ltr'>reor,</span> <span class='ocrx_word' id='word_1_849' title='bbox 2000 5303 2050 5345; x_wconf 83' lang='lat' dir='ltr'>et</span> <span class='ocrx_word' id='word_1_850' title='bbox 2070 5293 2324 5347; x_wconf 89' lang='lat' dir='ltr'>catholice</span> <span class='ocrx_word' id='word_1_851' title='bbox 2354 5295 2570 5347; x_wconf 85' lang='lat' dir='ltr'>sentiam</span> <span class='ocrx_word' id='word_1_852' title='bbox 2605 5296 2692 5346; x_wconf 91' lang='lat' dir='ltr'>tibi</span> <span class='ocrx_word' id='word_1_853' title='bbox 2725 5298 3039 5363; x_wconf 61' lang='lat' dir='ltr'>praecipienti</span> <span class='ocrx_word' id='word_1_854' title='bbox 3066 5297 3292 5363; x_wconf 83' lang='lat' dir='ltr'>pandere</span> 
     </span>
    </p>
   </div>
   <div class='ocr_carea' id='block_1_95' title="bbox 1755 5381 3289 5453">
    <p class='ocr_par' dir='ltr' id='par_1_95' title="bbox 1755 5381 3289 5453">
     <span class='ocr_line' id='line_1_96' title="bbox 1755 5381 3289 5453; baseline 0.002 -20"><span class='ocrx_word' id='word_1_855' title='bbox 1755 5396 1855 5433; x_wconf 90' lang='lat' dir='ltr'>non</span> <span class='ocrx_word' id='word_1_856' title='bbox 1884 5381 2100 5448; x_wconf 82' lang='lat' dir='ltr'>abnego.</span> <span class='ocrx_word' id='word_1_857' title='bbox 2131 5384 2301 5435; x_wconf 88' lang='lat' dir='ltr'>Primo</span> <span class='ocrx_word' id='word_1_858' title='bbox 2330 5384 2627 5452; x_wconf 79' lang='lat' dir='ltr'>diligentius</span> <span class='ocrx_word' id='word_1_859' title='bbox 2658 5384 2940 5451; x_wconf 87' lang='lat' dir='ltr'>inspiciens</span> <span class='ocrx_word' id='word_1_860' title='bbox 2962 5387 3081 5453; x_wconf 89' lang='lat' dir='ltr'>quid</span> <span class='ocrx_word' id='word_1_861' title='bbox 3107 5386 3172 5440; x_wconf 91' lang='lat' dir='ltr'>de</span> <span class='ocrx_word' id='word_1_862' title='bbox 3194 5385 3289 5437; x_wconf 88' lang='lat' dir='ltr'>hac</span> 
     </span>
    </p>
   </div>
   <div class='ocr_carea' id='block_1_96' title="bbox 1755 5475 3285 5546">
    <p class='ocr_par' dir='ltr' id='par_1_96' title="bbox 1755 5475 3285 5546">
     <span class='ocr_line' id='line_1_97' title="bbox 1755 5475 3285 5546; baseline 0.003 -19"><span class='ocrx_word' id='word_1_863' title='bbox 1755 5475 1933 5527; x_wconf 89' lang='lat' dir='ltr'>beatus</span> <span class='ocrx_word' id='word_1_864' title='bbox 1977 5476 2319 5545; x_wconf 82' lang='lat' dir='ltr'>Hieronymus</span> <span class='ocrx_word' id='word_1_865' title='bbox 2349 5478 2397 5530; x_wconf 92' lang='lat' dir='ltr'>in</span> <span class='ocrx_word' id='word_1_866' title='bbox 2430 5492 2523 5530; x_wconf 92' lang='lat' dir='ltr'>suo</span> <span class='ocrx_word' id='word_1_867' title='bbox 2553 5480 2640 5532; x_wconf 92' lang='lat' dir='ltr'>illo</span> <span class='ocrx_word' id='word_1_868' title='bbox 2690 5479 3037 5546; x_wconf 64' lang='lat' dir='ltr'>pulcherrimo</span> <span class='ocrx_word' id='word_1_869' title='bbox 3068 5483 3115 5535; x_wconf 92' lang='lat' dir='ltr'>in</span> <span class='ocrx_word' id='word_1_870' title='bbox 3142 5496 3285 5534; x_wconf 92' lang='lat' dir='ltr'>eum-</span> 
     </span>
    </p>
   </div>
   <div class='ocr_carea' id='block_1_97' title="bbox 1751 5565 3286 5637">
    <p class='ocr_par' dir='ltr' id='par_1_97' title="bbox 1751 5565 3286 5637">
     <span class='ocr_line' id='line_1_98' title="bbox 1751 5565 3286 5637; baseline 0.006 -21"><span class='ocrx_word' id='word_1_871' title='bbox 1751 5565 1865 5617; x_wconf 91' lang='lat' dir='ltr'>dem</span> <span class='ocrx_word' id='word_1_872' title='bbox 1893 5567 2194 5633; x_wconf 83' lang='lat' dir='ltr'>prophetam</span> <span class='ocrx_word' id='word_1_873' title='bbox 2224 5584 2379 5635; x_wconf 88' lang='lat' dir='ltr'>operc</span> <span class='ocrx_word' id='word_1_874' title='bbox 2407 5570 2742 5636; x_wconf 85' lang='lat' dir='ltr'>loquebatur:</span> <span class='ocrx_word' id='word_1_875' title='bbox 2781 5589 2797 5619; x_wconf 73' lang='grc' dir='ltr'><strong>ε</strong></span> <span class='ocrx_word' id='word_1_876' title='bbox 2838 5573 2981 5637; x_wconf 87' lang='lat' dir='ltr'>Quod</span> <span class='ocrx_word' id='word_1_877' title='bbox 3005 5581 3173 5622; x_wconf 89' lang='lat' dir='ltr'>autem</span> <span class='ocrx_word' id='word_1_878' title='bbox 3204 5586 3286 5625; x_wconf 85' lang='lat' dir='ltr'>sc-</span> 
     </span>
    </p>
   </div>
   <div class='ocr_carea' id='block_1_98' title="bbox 1752 5656 3281 5728">
    <p class='ocr_par' dir='ltr' id='par_1_98' title="bbox 1752 5656 3281 5728">
     <span class='ocr_line' id='line_1_99' title="bbox 1752 5656 3281 5728; baseline 0.01 -27"><span class='ocrx_word' id='word_1_879' title='bbox 1752 5657 1921 5719; x_wconf 77' lang='lat' dir='ltr'>qnitut-</span> <span class='ocrx_word' id='word_1_880' title='bbox 1977 5656 2215 5725; x_wconf 82' lang='lat' dir='ltr'>(inquit):</span> <span class='ocrx_word' id='word_1_881' title='bbox 2272 5658 2329 5711; x_wconf 80' lang='lat' dir='ltr'>Et</span> <span class='ocrx_word' id='word_1_882' title='bbox 2379 5671 2493 5724; x_wconf 86' lang='lat' dir='ltr'>post</span> <span class='ocrx_word' id='word_1_883' title='bbox 2543 5660 2729 5714; x_wconf 83' lang='lat' dir='ltr'>multos</span> <span class='ocrx_word' id='word_1_884' title='bbox 2777 5662 2886 5715; x_wconf 80' lang='lat' dir='ltr'>dies</span> <span class='ocrx_word' id='word_1_885' title='bbox 2920 5662 3281 5728; x_wconf 79' lang='lat' dir='ltr'>visitabutttur,</span> 
     </span>
    </p>
   </div>
  </div>
