3862 6388
497 356 606 409 705

1186 357 1383 412 utliE
1428 353 1865 411 \‘ENERADILIS
1902 351 2049 405 OPP.
2093 352 2263 405 [‘ABS
2302 351 2384 403 Ill.
2426 380 2493 392 —-
2532 354 2997 408 PAILENLTICA.

3440 0 3707 59 blla-1"“
3748 10 3805 345 ‘q

3574 357 3677 409 7M

508 466 709 517 videtur
760 467 1073 532 applaudere
1126 469 1307 519 amicis
1352 468 1479 520 meis
1510 507 1523 531 ,
1596 466 1682 529 qui
1730 462 1937 516 diabolo
1992 470 2041 510 et
2070 462 2117 517 A
2145 460 2257 523 rite,
2292 460 2341 512 in
2367 461 2675 527 ipsojudicii
2699 472 2953 531 tempore
2978 464 3082 514 sint
3121 476 3213 529 per
3243 466 3674 519 resurrectionem

511 554 831 605 itmnionilttts
858 555 976 605 dant
1008 556 1386 621 paenitentiam,
1419 556 1555 622 quod
1586 556 1742 605 multa
1766 564 1880 619 post
1912 564 2037 604 tem-

511 656 634 703 pora
657 657 682 692 a
718 642 934 694 Domino
966 644 1267 707 visitentur;
1297 647 1386 696 sed
1420 644 1746 697 considerent
1790 644 1906 707 quia
1938 657 2039 691 nou

510 728 696 779 dixi-rit
741 740 920 795 aperte
956 730 1221 797 Scriptura
1275 730 1464 793 divina,
1512 732 1852 782 visitabuntur
1881 743 1906 777 a
1939 728 2040 778 Do—

512 819 673 877 mino,
705 819 807 881 vel,
836 820 1189 871 Visitabuntnr
1210 821 1273 870 ab
1298 820 1515 885 angelis,
1539 819 1625 871 sed
1652 816 2043 877 absolute,Visr-

515 910 777 961 labuntur.
828 909 903 961 Ex
953 925 1051 976 qua
1102 910 1432 977 ambiguitate
1484 909 1625 961 verbi
1671 917 1723 960 et
1762 906 2043 959 remedium

511 1007 682 1064 potest
737 998 956 1065 intelligi
1010 1009 1062 1051 et
1107 1001 1368 1064 correptio
1411 999 1566 1065 quod,
1623 1007 1892 1065 postquam
1918 996 2045 1062 justi

511 1084 725 1150 praemia
770 1096 1090 1151 receperunt,
1138 1087 1209 1138 illi
1244 1087 1291 1139 in
1334 1088 1498 1153 pinnis
1542 1088 1800 1151 perpetuis
1830 1086 2043 1135 visiten-

512 1183 617 1224 tur.
652 1172 714 1223 Et
744 1184 912 1225 tamen
946 1176 1212 1227 sciendum
1242 1177 1376 1242 quod
1414 1177 1660 1241 judicium
1707 1175 1794 1226 Diei
1824 1176 2042 1224 humana

514 1275 615 1311 non
640 1261 803 1327 poSsit
828 1264 964 1316 scire
999 1264 1268 1331 fragilitas,
1294 1280 1388 1316 nec
1408 1264 1471 1315 de
1499 1278 1766 1328 pinnarum
1789 1262 2044 1329 magnitu-

510 1348 634 1400 dine
674 1359 829 1413 atque
878 1366 1115 1403 mensura
1156 1350 1287 1405 ferre
1322 1353 1653 1414 sententiam,
1698 1367 1812 1417 qua!
1845 1350 2044 1402 Domini

512 1436 726 1487 arbitrio
755 1436 999 1489 derelicta
1030 1448 1124 1491 est.
1169 1460 1185 1489 ι
1218 1441 1412 1505 Quibus
1457 1441 1684 1506 proiecto
1712 1440 1881 1492 verbis
1913 1440 2048 1492 doc-

513 1524 744 1576 tissimus
789 1527 867 1578 vir
891 1536 943 1579 et
981 1542 1211 1581 errorem
1234 1530 1495 1597 redarguit
1520 1544 1697 1581 eomm
1742 1530 1827 1597 qui
1858 1528 2047 1580 diabo-

514 1610 617 1662 lum
648 1627 764 1664 cum
820 1615 1017 1681 angelis
1058 1624 1109 1669 et
1156 1616 1452 1669 hominibus
1508 1618 1741 1683 reprobis
1781 1625 2048 1668 autumant

514 1709 631 1764 post
674 1702 820 1768 longa
854 1704 975 1757 licet
1029 1714 1258 1770 tempora
1308 1706 1553 1773 completi
1602 1707 1853 1758 examinis
1881 1706 2043 1758 ultimi

512 1792 776 1858 suppliciis
798 1796 1108 1855 eruendum,
1142 1805 1194 1848 et
1223 1811 1283 1847 ex
1310 1770 1573 1862 prophetae
1593 1794 1743 1848 dietis
1773 1794 1871 1847 hoc
1892 1794 2046 1848 iutel-
2079 1770 2121 1826 Β

515 1882 599 1945 ligi
627 1896 777 1948 posse
822 1885 1160 1948 demonstrat,
1191 1886 1325 1952 quod
1358 1896 1622 1953 postquam
1649 1887 1799 1952 justis
1838 1888 1885 1937 in
1912 1885 2051 1953 judi-

514 1973 595 2022 cio
622 1973 831 2037 przemia
876 1979 1189 2041 sempiterna
1222 1979 1497 2041 donentur,
1532 1977 1761 2030 damnati
1804 1986 2049 2045 perpetua

516 2074 665 2126 pinna
699 2062 905 2127 reprobi
928 2065 1187 2131 incognito
1213 2068 1361 2119 nobis
1381 2066 1563 2120 ordine
1589 2067 1891 2129 visitentur;
1915 2066 2050 2133 (ιιιοά

516 2160 688 2201 autem
721 2152 1008 2205 remedium
1036 2154 1409 2219 aliquantulum
1442 2154 1639 2207 nacturi
1669 2163 1809 2217 sunt,
1848 2169 1947 2205 non
1973 2162 2049 2204 ta-

521 2253 638 2290 men
662 2255 689 2290 a
716 2242 986 2293 tormentis
1004 2244 1243 2294 omnibus
1265 2243 1519 2306 solvendi,
1544 2251 1631 2294 aut
1652 2224 1792 2295 certe
1816 2242 2053 2309 graviore

516 2328 684 2379 adhuc
709 2332 1036 2393 correptione
1086 2332 1360 2397 plet-tendi,
1394 2333 1528 2400 quod
1559 2344 1730 2385 tamen
1769 2334 2051 2396 qualecun-

516 2432 619 2480 que
646 2428 697 2471 et
727 2423 1230 2489 quantulumcunque
1251 2432 1303 2475 et
1324 2425 1737 2491 qttanducunque
1776 2433 2049 2475 venturum

519 2512 605 2570 sit,
629 2508 789 2561 solius
806 2523 1012 2563 aeterna:
1039 2514 1163 2577 judit
1186 2514 1226 2565 is
1256 2514 1486 2566 scientiae
1522 2514 2049 2579 p:tteal.‘Vcrttm,qui

518 2614 769 2664 nusquam
817 2604 935 2653 alibi
968 2602 1350 2669 Scripturarum
1400 2605 1617 2670 legimus
1647 2604 1833 2670 aliquid
1879 2604 2053 2670 hujus-

520 2687 658 2739 tnodi
680 2702 889 2740 sensum
930 2692 1073 2743 adest
1110 2691 1174 2744 de
1204 2693 1449 2759 augendis
1478 2694 1586 2746 sive
1615 2693 1908 2746 minuendis
1940 2703 2055 2760 post

518 2776 657 2826 diem
679 2778 855 2841 judicii
888 2781 1226 2845 reproltorum
1259 2782 1550 2835 tormentis.
1572 2782 1798 2846 Namque
1816 2782 1881 2834 de
1904 2784 2051 2833 amba

526 2864 760 2916 llabacue
805 2880 921 2917 cum
975 2868 1220 2933 tropheta
1277 2869 1506 2933 quidam,
1539 2872 1683 2936 quasi
1726 2870 1773 2921 in
1806 2870 2051 2923 auxilium

524 2954 878 3019 hujuscemodi
908 2971 1107 3018 sensus,
1141 2967 1441 3011 assumunt:
1492 2959 1553 3010 In
1593 2961 1667 3010 ira
1709 2959 2055 3010 misericordia!

524 3059 711 3095 memor
736 3046 861 3108 eris,
890 3045 986 3097 huc
1009 3046 1328 3111 ambiguum,
1361 3046 1497 3098 aliud
1529 3060 1650 3099 vero
1672 3057 1751 3099 est
1778 3049 1913 3103 clara
1941 3047 2054 3098 luce

524 3136 880 3200 perspicuum:
915 3138 1047 3201 quod
1081 3135 1318 3187 videlicet
1380 3137 1539 3187 iratus
1565 3150 1716 3187 causa
1749 3137 2051 3199 praevarica-

525 3222 678 3273 t30nis
710 3222 1004 3273 hominibus
1041 3223 1172 3273 Deus
1191 3222 1239 3274 in
1260 3224 1389 3275 hanc
1405 3224 2050 3291 convalletnlacrymamm

524 3328 612 3362 cos
639 3310 704 3363 de
736 3312 957 3376 paradisi
987 3314 1187 3378 gaudiis
1216 3313 1490 3380 expulerit,
1526 3308 1625 3367 non
1660 3324 1828 3368 tamen
1875 3315 1953 3368 his
1983 3316 2055 3368 si-

524 3412 610 3452 rut
633 3401 829 3468 angelis
850 3403 913 3456 de
938 3403 1073 3456 coelo
1098 3404 1399 3458 cadentibus
1429 3420 1572 3473 spem
1597 3407 1936 3472 resipiscendi
1965 3408 2056 3461 ab-

525 3489 744 3553 stulerit,
768 3492 856 3541 sed
899 3491 1110 3556 insuper
1132 3492 1441 3544 auditorium
1473 3493 1811 3558 frequentiam
1844 3509 2056 3561 recupe-

526 3580 699 3630 rand.e
722 3580 903 3631 salutis
934 3581 1247 3633 adhibuerit.
1274 3582 1496 3634 Memora
1512 3591 1587 3635 tus
1627 3584 1838 3650 spiritus
1866 3587 2057 3637 vadens

524 3674 576 3716 ct
606 3679 703 3715 non
729 3662 933 3717 rediens
961 3668 1095 3731 quod
1121 3669 1337 3735 s'ngulis
1359 3670 1505 3721 nobis
1531 3673 1983 3739 peccantibus,qui
2006 3672 2055 3723 in

527 3756 697 3821 seipso
736 3768 943 3823 s-mper
994 3760 1299 3825 tranquillus
1352 3769 1429 3811 est
1479 3762 1705 3813 videatur
1758 3762 1908 3813 irasci
1938 3762 2057 3815 dum

526 3848 693 3914 punit,
724 3855 948 3898 attamen
978 3846 1132 3913 digne
1156 3848 1522 3911 pmnitentibus
1553 3864 1665 3899 mox
1691 3850 1921 3902 misereri
1948 3866 2060 3903 me-

529 3937 771 3998 minerit;
818 3937 957 4002 quod
1012 3938 1237 4005 denique
1281 3940 1447 3991 eidem
1481 3941 1728 4006 propheta
1766 3941 1892 3991 dixit
1920 3942 2058 3993 enim

532 4032 627 4079 hoc
654 4028 701 4078 in
726 4031 959 4080 oratione
990 4043 1081 4095 pro
1108 4028 1463 4093 ignorantibus
1490 4030 1808 4091 ignorantem
1829 4031 2059 4095 peccanti

529 4116 591 4165 ad
617 4130 757 4166 oram
787 4117 1013 4168 irascens
1041 4118 1296 4168 statimsit
1320 4118 1562 4169 misertus
1578 4120 1762 4179 oranti,
1781 4121 1860 4170 cui
1892 4119 2060 4173 simile

532 4216 607 4257 est
624 4206 742 4256 illud
761 4206 1073 4257 Psaltnistm:
1096 4206 1337 4273 Nunquid
1351 4208 1657 4257 obliviscetur
1672 4209 1888 4257 misereri
1910 4208 2058 4271 Deus,

532 4306 615 4344 aut
643 4296 905 4345 continebit
923 4296 973 4346 in
994 4296 1066 4345 ira
1083 4311 1173 4346 sua
1190 4295 1573 4345 misericordiam
1590 4312 1728 4345 suum
1746 4298 1767 4346 ἴ)
1786 4296 1889 4348 lloc
1917 4313 2059 4348 nam-

2142 546 2203 598 ad
2233 548 2491 601 modicum
2524 550 2775 602 evocandi
2817 552 2881 603 de
2913 552 3047 613 lacu,
3089 564 3206 601 mox
3238 560 3451 615 peracto
3481 551 3676 617 judicio

2146 650 2261 688 cum
2296 648 2503 704 recepto
2527 654 2745 705 corpore
2772 640 3009 692 eumdem
3038 640 3335 693 rec-ludendi
3392 641 3439 692 in
3492 645 3675 695 lacum.

2144 724 2301 791 Cujus
2351 726 2657 779 visitationis
2710 736 2829 794 post
2868 728 3059 779 multos
3105 728 3215 781 dies
3245 727 3451 793 future,
3495 730 3539 781 id
3574 742 3675 794 est,

2144 816 2538 866 resurrecuonis
2584 825 2635 867 et
2683 816 2861 880 judicii
2900 816 3223 869 advenientis
3276 826 3533 881 tempore,
3590 832 3677 869 se-

2149 911 2366 969 quentes
2394 918 2598 970 quoque
2644 904 2883 956 versiculi
2939 906 3308 971 enmplebunt;
3347 906 3527 971 quibus
3550 907 3677 957 dici-

2146 1000 2258 1042 tur:
2290 990 2354 1041 Et
2375 990 2619 1043 erubescet
2662 992 2779 1043 luna
2819 1002 2864 1043 et
2903 994 3238 1060 confundetur
3263 993 3339 1043 sol
3362 1010 3472 1043 cum
3501 1010 3681 1060 regna-

2144 1078 2262 1129 t'erit
2310 1078 2553 1129 Dominus
2602 1082 2904 1131 exercituum
2932 1082 2981 1131 in
3033 1090 3196 1139 monte
3225 1080 3371 1140 Sion,
3414 1091 3511 1134 etc.
3560 1084 3679 1134 liae

2145 1166 2335 1219 etenim
2366 1165 2415 1217 in
2447 1166 2529 1219 die
2555 1167 2733 1232 judicii
2760 1170 2950 1229 lutura,
2982 1170 3187 1236 quando
3217 1176 3270 1221 et
3299 1170 3508 1237 gloriam
3534 1178 3675 1239 regni

2145 1254 2223 1303 sui
2282 1253 2538 1306 universis
2584 1266 2637 1308 et
2690 1255 3059 1309 beatitudinem
3097 1271 3205 1309 suae
3241 1259 3453 1310 visionis
3490 1262 3679 1311 sanctis

2147 1352 2450 1397 ostensurus
2470 1356 2547 1398 est
2588 1345 2845 1398 Christus.
2891 1345 3140 1412 Loquitur
3166 1358 3217 1398 et
3248 1347 3511 1415 prophetia
3540 1363 3678 1415 sape

2146 1443 2198 1483 et
2225 1434 2455 1500 apertius
2482 1435 2775 1502 evangeliea
2819 1437 3109 1503 Scriptura,
3165 1437 3373 1489 dicente
3430 1437 3671 1490 Domino:

2149 1523 2250 1574 Sed
2272 1524 2321 1575 in
2356 1524 2457 1576 illis
2491 1526 2679 1590 diebus,
2710 1536 2817 1593 post
2847 1528 3208 1579 tribulationem
3237 1528 3377 1579 illam
3422 1531 3494 1579 sol
3517 1541 3678 1582 conte-

2148 1611 2429 1663 nrbrabitur
2448 1624 2489 1665 et
2509 1614 2628 1664 luna
2656 1630 2753 1666 non
2783 1615 2917 1666 dabit
2942 1617 3255 1682 splendorem
3275 1628 3498 1679 suum,et
3524 1620 3678 1669 stella

2149 1698 2257 1749 (ιειὶ
2276 1709 2415 1750 erunt
2441 1700 2737 1761 decidentes,
2770 1713 2817 1753 et
2849 1704 3047 1756 virtutes
3075 1720 3186 1770 qua
3211 1717 3323 1756 sunt
3348 1707 3395 1756 in
3420 1707 3548 1757 ralis
3573 1722 3676 1758 meo

2150 1790 2403 1851 rebantur,
2429 1799 2475 1841 et
2501 1800 2616 1842 tunc
2644 1792 2871 1847 uidebunt
2898 1791 3084 1843 Filium
3118 1794 3333 1847 homins
3357 1796 3612 1848 uenientem
3630 1800 3677 1847 in

2150 1878 2357 1929 nubibus
2385 1895 2494 1929 cum
2536 1882 2713 1932 virtute
2754 1884 2909 1933 multa
2938 1892 2983 1934 et
3010 1882 3193 1946 gloria.
3224 1883 3401 1951 Neque
3426 1884 3517 1939 hoc
3544 1888 3679 1953 quod

2149 1965 2365 2018 dicitur:
2415 1966 2480 2018 Et
2521 1970 2612 2019 erit
2662 1968 2711 2019 in
2741 1970 2823 2020 die
2844 1971 2951 2033 illa,
2982 1972 3199 2022 visitubit
3243 1972 3494 2033 Dominus.
3543 1986 3679 2040 putet

2150 2068 2419 2119 quisquam
2450 2056 2567 2107 huic
2598 2058 2872 2127 assertioni
2898 2060 3236 2121 contrarium,
3272 2062 3413 2124 quasi
3446 2076 3541 2114 non
3566 2078 3679 2129 pos-

2152 2142 2223 2192 sit
2251 2142 2351 2194 diei
2382 2144 2429 2194 in
2460 2144 2541 2195 die
2569 2144 2650 2196 illa
2682 2143 2909 2196 l'utnrutn
2937 2146 3073 2212 quod
3105 2149 3283 2199 multis
3304 2149 3676 2215 antejudiciutn

2151 2230 2330 2282 diebus
2360 2240 2565 2283 constet
2589 2232 3317 2301 implendum.Soletnamque
3341 2234 3598 2301 Scriptum
3616 2236 3677 2289 de

2151 2321 2235 2372 die
2256 2320 2429 2387 judicii
2453 2322 2665 2388 loquens
2682 2338 2781 2375 non
2805 2324 2970 2375 solum
2990 2324 3125 2376 diem
3150 2326 3311 2390 illam,
3332 2326 3418 2378 sed
3437 2336 3486 2379 et
3506 2328 3676 2379 horam

2154 2411 2293 2462 illam
2353 2412 2700 2476 nuncupando
2756 2415 3125 2477 prmcnrrentia
3155 2414 3386 2477 proxime
3414 2424 3530 2467 ante
3550 2414 3679 2480 judio

2151 2503 2286 2551 cium
2312 2509 2541 2566 tempora
2565 2501 2791 2568 signare.
2823 2500 3051 2567 Denique
3072 2512 3123 2555 et
3143 2501 3367 2554 Joannes
3400 2504 3679 2566 apostolus,

2154 2598 2254 2639 tarn
2287 2590 2442 2655 longo
2472 2598 2593 2642 ante
2635 2589 2770 2641 diem
2812 2591 2991 2657 judicii
3027 2601 3261 2656 tempore
3286 2592 3537 2657 scribens,
3586 2593 3679 2645 ait:

2155 2676 2351 2735 It'itioli.
2372 2678 2639 2729 novissima
2668 2678 2789 2729 liora
2817 2691 2910 2739 est,
2944 2689 3011 2741 et,
3042 2680 3167 2729 sicut
3193 2681 3422 2743 audistis,
3452 2682 3565 2747 quia
3590 2682 3680 2731 Att-

2154 2764 2403 2816 ticltristns
2424 2766 2570 2816 venit.
2605 2763 2752 2815 Nunc
2768 2776 2930 2816 autem
2948 2766 3241 2818 Antichristi
3261 2769 3400 2819 multi
3416 2769 3678 2831 lactisuat,

2156 2855 2287 2906 unde
2313 2855 2492 2905 scinms
2515 2855 2630 2921 quia
2656 2855 2924 2906 novissima
2953 2855 3075 2905 liora
3100 2866 3191 2907 est.
3217 2856 3279 2908 Et
3310 2857 3417 2922 ipse
3440 2856 3681 2908 Dominus

2156 2944 2206 2995 in
2242 2941 2515 3010 Evangelio
2553 2958 2667 2995 cum
2706 2942 2926 2997 diceret:
2961 2945 3069 3006 Qua
3111 2947 3190 2995 die
3214 2955 3377 2995 autem
3404 2946 3520 2996 exiit
3543 2945 3681 2995 Lota

2160 3033 2391 3081 Sodomis
2418 3070 2430 3087 .
2485 3031 2608 3095 pluit
2649 3032 2809 3097 ignem
2852 3041 2898 3082 et
2937 3032 3148 3095 sulphur
3177 3034 3237 3083 de
3276 3034 3395 3083 caelo
3434 3044 3481 3085 et
3525 3047 3680 3084 omnes

2159 3120 2399 3184 perdidit,
2424 3118 2691 3169 secundum
2726 3118 2827 3169 lucc
2848 3119 2940 3170 erit
2965 3135 3061 3186 qua
3086 3120 3168 3172 die
3194 3120 3359 3172 Filius
3386 3120 3595 3172 hominis
3614 3136 3682 3169 re-

2155 3208 2418 3269 velabitur,
2450 3207 2695 3258 continuo
2717 3206 3001 3273 subjunxit,
3033 3216 3086 3260 et
3110 3208 3207 3259 ait:
3244 3207 3307 3259 In
3337 3208 3422 3259 illa
3463 3209 3582 3259 hora
3603 3212 3683 3275 qui

2155 3298 2306 3362 [ιιι-νὴ
2350 3300 2399 3348 in
2455 3308 2578 3348 tecto
2608 3307 2651 3348 et
2686 3313 2801 3347 vasa
2849 3299 2954 3365 ejus
2994 3298 3045 3348 in
3085 3297 3232 3349 domo
3265 3336 3280 3360 ,
3327 3313 3385 3349 ne
3432 3299 3683 3350 descendat

2155 3390 2326 3439 tollere
2370 3404 2444 3449 ea,
2486 3400 2528 3439 et
2574 3390 2657 3455 qui
2710 3390 2761 3439 in
2798 3404 2915 3453 agro
2944 3389 3173 3440 similiter
3200 3405 3299 3440 non
3340 3390 3503 3441 redeat
3542 3399 3682 3441 retro.

2163 3476 2444 3528 Videbatur
2473 3478 2612 3529 enim
2642 3488 2716 3538 ut,
2756 3478 2841 3529 die
2872 3478 3204 3530 revelationis
3234 3478 3518 3544 prmmissa,
3561 3493 3684 3545 pro-

2160 3566 2295 3617 tinus
2326 3566 2504 3617 horam
2547 3566 2684 3617 illam
2718 3566 3052 3633 subjungeret
3075 3607 3087 3625 ,
3141 3582 3242 3619 non
3274 3568 3426 3619 aliam
3454 3568 3685 3620 debuisse

2160 3657 2339 3708 horam
2390 3655 2605 3719 intelligi
2635 3672 2786 3725 quam
2818 3671 2930 3708 eam
2977 3672 3079 3724 qua
3118 3659 3228 3722 ipsa
3280 3660 3526 3711 revelatio
3572 3674 3685 3711 conc

2161 3748 2398 3814 tingeret.
2458 3753 2730 3810 Attamen,
2781 3749 2903 3799 liora
2964 3750 3254 3811 nominata,
3298 3749 3546 3803 Dominus
3592 3766 3684 3803 non

2160 3854 2217 3888 ea
2273 3853 2386 3901 quze
2440 3838 2488 3888 in
2540 3839 2624 3889 die
2680 3839 2891 3889 revelati
2944 3838 3125 3902 judicii
3174 3840 3341 3890 futura
3372 3880 3384 3898 ,
3442 3841 3531 3891 sed
3578 3856 3685 3906 qut

2160 3937 2278 3978 ante
2308 3926 2441 3975 diem
2476 3923 2732 3977 revelaudi
2760 3924 2940 3990 judicii
2967 3936 3139 3978 essent
3180 3926 3417 3979 iacienda
3446 3929 3679 3993 signavit.

2122 4014 2333 4079 .Ncqne
2377 4017 2512 4065 enim
2558 4014 2764 4079 pluendi
2807 4013 3027 4065 Domino
3075 4014 3244 4081 ignem
3284 4024 3337 4069 et
3383 4016 3595 4083 sulphur
3625 4020 3685 4070 de

2160 4108 2290 4159 caelo
2320 4108 2591 4174 qui~quam
2622 4112 2669 4159 in
2699 4108 2936 4160 Sodomis
2971 4110 3034 4161 ad
3062 4111 3426 4175 paenitentiam
3456 4111 3686 4163 commis-

2160 4212 2333 4249 sorum
2366 4212 2658 4265 recurrere,
2688 4200 2818 4250 sicut
2868 4214 2961 4252 nec
2986 4199 3047 4251 ad
3074 4204 3556 4267 augntentationem
3596 4217 3687 4254 en-

2160 4286 2392 4337 rumdem
2425 4300 2736 4351 procurrere
2772 4287 2993 4352 spatium
3025 4288 3275 4353 temporis
3303 4287 3503 4350 habuit,
3533 4302 3693 4355 neque

534 4400 631 4448 que
656 4393 707 4435 et
739 4383 1029 4448 hujusmodi
1058 4383 1190 4435 dicta
1216 4384 1414 4446 omnia,
1440 4386 1635 4436 sicntet
1664 4385 1814 4435 illud:
1840 4384 2057 4437 l'isitabo
2092 4410 2139 4469 ι)
2170 4377 2297 4431 Filio
2337 4381 2558 4431 immittis
2601 4383 2829 4431 revelalo
2860 4382 3045 4447 aliquis
3090 4382 3384 4433 Ιειειιίιειεηι
3429 4383 3559 4434 Sic"!
3602 4395 3686 4433 nec

530 4475 579 4527 in
604 4474 737 4542 rirga
758 4472 1034 4537 iniquitates
1046 4488 1232 4531 eorum,
1250 4481 1291 4521 cl
1308 4472 1676 4540 addamplagas
1698 4485 1878 4525 vestras
1902 4484 2063 4539 septu-

530 4564 683 4629 plum,
705 4573 755 4613 et
780 4578 838 4613 ea
860 4570 967 4613 tera
986 4561 1333 4621 talia,certum
1364 4563 1592 4628 estquod
1623 4564 1771 4627 hujus
1792 4565 1987 4627 surculi,
2015 4566 2061 4616 in

533 4648 1053 4715 quomisericordiam
1073 4658 1122 4701 et
1144 4649 1391 4715 judicintn
1412 4652 1571 4699 sancti
1599 4649 1814 4703 Domino
1834 4661 2061 4715 cantant,

541 4738 694 4789 statui
746 4740 1081 4789 conveniant.
1113 4738 1365 4789 Incertum
1409 4750 1578 4790 autem
1630 4741 1670 4789 si
1724 4748 1775 4790 et
1806 4739 1980 4801 futuri,
2017 4744 2063 4794 in

512 4840 635 4892 quo
664 4826 866 4891 titqnod
899 4826 946 4876 in
979 4827 1079 4877 alio
1096 4827 1292 4890 psalmo
1314 4826 1647 4879 Dcodicitur:
1676 4829 1869 4889 Quiatu
1894 4832 2065 4882 reddes

534 4916 743 4979 singulis
780 4916 1047 4965 secundum
1074 4931 1224 4981 opera
1254 4932 1444 4977 corum,
1472 4919 1611 4983 quia,
1648 4919 1872 4984 inquam,
1904 4918 2066 4971 mani-

538 5004 665 5055 teste
695 5006 960 5069 Seriptura
991 5005 1180 5069 aliquid
1216 5015 1326 5069 post
1358 5007 1646 5059 universale
1670 5008 1917 5072 judicium
1950 5010 2065 5061 talis

541 5093 726 5146 futura:
757 5096 1051 5147 mutationis
1077 5110 1174 5146 non
1222 5095 1373 5155 dicit,
1404 5108 1483 5147 est
1512 5096 1605 5165 lF.
1637 5098 1773 5165 sunt]
1807 5099 1890 5166 qui
1924 5100 2064 5152 illum

540 5183 804 5249 prophetm
830 5185 1159 5243 versiculum,
1178 5200 1277 5251 quo
1291 5185 1494 5236 clausos
1520 5187 1568 5237 in
1590 5202 1849 5241 carcerem
1872 5188 1966 5245 laci
1990 5204 2066 5242 re-

537 5292 625 5343 ges
657 5285 808 5327 terra:
838 5285 950 5336 [νοεῖ
985 5277 1171 5329 multos
1193 5277 1304 5329 dies
1325 5278 1621 5330 visitaturus
1642 5280 1729 5348 μ’.
1759 5282 2064 5348 visitandos]

538 5363 791 5427 perhibet,
811 5380 914 5416 non
928 5367 1255 5431 postlougnm
1272 5376 1473 5433 tempus
1485 5371 1829 5421 consummati
1845 5372 2064 5422 novissi-

540 5457 600 5506 uti
619 5456 891 5517 examinis,
910 5455 998 5506 sed
1018 5457 1066 5506 in
1083 5454 1192 5519 ipso
1215 5458 1450 5508 examine
1466 5459 2056 5525 putentadintplendntn.

542 5543 679 5601 Liuia,
718 5541 976 5603 videlicet,
1019 5541 1251 5594 homines
1281 5544 1533 5610 majorum
1567 5547 1821 5600 scelerum
1853 5552 1944 5612 rei,
1978 5567 2064 5613 per

545 5630 729 5679 multus
756 5641 874 5681 ante
898 5630 1145 5688 judicium
1173 5634 1282 5684 dies
1304 5640 1598 5699 congregati
1645 5638 1691 5690 itt
1726 5638 1887 5691 lacum
1914 5641 2063 5694 misc-

620 5738 638 5761 "
678 5736 755 5783 Lm
780 5762 828 5784 us
856 5738 1051 5786 omnino
1084 5751 1238 5796 L'i‘l‘rttj
1263 5746 1332 5786 tu:

2166 4471 2480 4521 voluntatem
2521 4468 2713 4521 habere
2752 4471 2959 4536 pulerit,
3004 4470 3083 4522 vel
3136 4470 3403 4536 repetendi
3446 4471 3685 4524 desideria

2166 4571 2279 4621 qua:
2328 4574 2443 4608 cum
2496 4558 2686 4608 mundo
2737 4562 2974 4623 superius
3021 4560 3349 4611 ascendendo
3401 4560 3684 4627 reliquerat.

2166 4647 2243 4697 vt-l
2276 4647 2593 4712 relinquendi
2628 4646 2823 4698 fruetus
2858 4648 3104 4701 virtutum
3135 4650 3485 4713 Spiritnaliutn
3512 4649 3686 4717 quibus

2164 4745 2376 4786 eatenus
2398 4733 2702 4786 exercendis
2735 4734 3063 4795 inservierat,
3103 4736 3209 4787 lloc
3234 4746 3315 4787 est
3352 4738 3491 4788 enim
3521 4736 3684 4789 relicta

2165 4825 2214 4875 in
2241 4824 2394 4876 domo
2439 4837 2555 4873 vasa
2602 4822 2969 4875 descendendo
3013 4823 3194 4877 tollere
3225 4833 3278 4876 et
3307 4834 3611 4892 operantqu
3638 4825 3683 4877 in

2165 4928 2285 4979 agro
2315 4923 2453 4965 retro
2484 4922 2851 4979 praeposterum
2890 4915 2965 4967 ire
3003 4928 3124 4967 eum
3172 4929 3355 4966 omnes
3403 4915 3685 4983 inopinatus

2160 5001 2345 5068 judicis
2399 5001 2648 5053 adventus
2696 5016 3061 5067 praeoccupans
3125 5002 3309 5055 timere
3368 5002 3685 5056 solummodo

2164 5109 2223 5144 ac
2254 5094 2315 5144 de
2341 5106 2553 5156 cperam
2595 5106 2804 5142 suorum
2850 5092 3185 5145 retributione
3213 5093 3450 5160 cogitare
3475 5106 3679 5161 compa.

2166 5189 2298 5241 lerit.
2348 5186 2433 5255 Sic
2463 5200 2586 5252 ergo
2616 5186 2896 5251 Apostolus
2941 5185 2990 5238 in
3035 5187 3159 5254 ipsis
3188 5186 3357 5239 adhuc
3401 5186 3683 5254 primordiis

2165 5278 2289 5329 Novi
2322 5276 2638 5329 Testamenti
2664 5276 2994 5328 novissimam
3027 5276 3204 5328 horam
3229 5276 3339 5345 jam
3382 5279 3682 5333 venissem.

2164 5375 2347 5417 statur.
2399 5366 2460 5416 lit
2488 5366 2530 5416 si
2567 5364 2814 5417 Dominus
2850 5366 2912 5417 de
2948 5366 3032 5418 die
3056 5365 3235 5432 judicii
3272 5382 3333 5420 ac
3376 5367 3681 5423 revelatio»

2166 5456 2411 5508 adventus
2436 5456 2512 5507 sui
2548 5454 2743 5507 iaciens
2770 5470 3063 5508 sermonem
3096 5467 3312 5523 repente
3349 5459 3542 5523 intulit,

2168 5544 2215 5594 in
2253 5545 2334 5595 illa
2367 5546 2488 5596 hora
2526 5545 2828 5606 cavendum,
2869 5544 2990 5611 quid
3028 5546 3093 5597 sit
3134 5546 3377 5600 ﬁdelibus
3417 5547 3675 5615 agendum.

2164 5654 2275 5701 qua-
2306 5648 2473 5689 tamen
2502 5635 2773 5689 adtuonitis
2802 5636 3069 5693 manifesta
3097 5639 3297 5693 ratione
3324 5640 3680 5705 probaturum
