3862 6332
158 476 269 532 705

156 588 230 642 Id
253 587 418 653 ipsum
444 577 624 647 judicii
651 570 968 629 advenientis
994 565 1271 621 articulum
1299 563 1580 630 pertinere,
1611 554 1702 609 sed
1735 556 1775 610 Α

157 646 336 741 potius
364 670 428 723 ad
450 646 614 719 vicina
650 660 965 717 imminentis
999 654 1177 723 judicii
1223 664 1474 718 tempora,
1503 648 1568 699 de
1596 646 1711 713 qni-

160 737 263 817 bus
296 759 606 828 proinissum
644 754 811 807 fuerat
842 769 854 802 :
897 748 1097 800 Venient
1139 745 1242 795 dies
1282 740 1485 806 quando
1514 737 1708 789 deside-

158 851 338 903 rabitis
368 848 531 899 videre
562 860 715 896 unum
747 842 878 893 dicm
903 837 1024 889 Filii
1047 834 1255 886 hominis
1282 841 1323 883 et
1346 847 1441 881 non
1465 829 1709 891 uidebitis,

152 947 213 989 et
229 940 391 989 dicent
412 935 545 985 vobis
567 948 585 988 :
612 932 736 982 Ecce
755 930 855 993 hic,
878 936 927 979 et
950 925 1099 993 paulo
1122 931 1264 991 post:
1294 918 1353 970 Et
1378 919 1501 970 sicut
1523 918 1711 984 factum

158 1037 235 1079 est
266 1027 319 1077 in
349 1025 516 1076 diebus
543 1021 671 1083 Noe,
702 1022 770 1070 ita
797 1019 888 1070 erit
910 1026 953 1067 et
986 1017 1035 1065 in
1059 1014 1136 1064 die
1162 1011 1286 1063 Filii
1321 1009 1563 1070 hominis;
1599 1007 1713 1058 ede-

162 1119 285 1169 bant
321 1126 364 1167 et
403 1113 646 1171 bibebant,
676 1122 853 1160 uxores
876 1104 1119 1155 ducebant
1158 1110 1202 1153 et
1232 1100 1481 1150 dabantur
1518 1096 1583 1146 ad
1618 1111 1711 1145 nu-

164 1208 334 1272 ptias;
376 1217 496 1256 ecce
525 1207 718 1267 quanto
744 1195 903 1262 magis
935 1192 1206 1259 propheta,
1237 1187 1343 1255 qui,
1386 1196 1462 1261 tot
1493 1185 1712 1238 steculo-

164 1310 286 1349 rum
334 1290 679 1346 voluminibus
749 1288 866 1337 novi
929 1280 1226 1336 testamenti
1287 1288 1519 1341 tempora
1571 1266 1713 1339 prce}-

164 1396 415 1442 eurrens,
463 1376 750 1445 prophetia:
800 1371 1007 1424 oculum
1060 1368 1211 1433 longe
1257 1362 1322 1415 ad
1372 1359 1715 1430 speculandas

166 1472 391 1528 extremi
440 1470 689 1536 temporis
728 1474 940 1518 eventus
988 1459 1239 1519 extendit,
1275 1458 1439 1522 potuit
1480 1454 1545 1505 de
1592 1464 1715 1502 cou-

166 1562 517 1616 sunnuatione
562 1556 737 1608 szeculi
782 1554 995 1619 loquens
1036 1565 1094 1603 ea
1139 1547 1333 1615 pariter
1381 1544 1713 1601 interserere,

167 1666 287 1720 quae
332 1665 433 1703 non
472 1649 579 1714 jam
611 1649 856 1708 instante,
903 1640 992 1695 sed
1041 1638 1346 1690 imminente
1394 1633 1561 1684 adhuc
1607 1631 1714 1696 ipsa

168 1719 619 1794 consummatione
661 1735 831 1787 futura
881 1729 1149 1783 cermbat.
1205 1724 1350 1777 Unde
1392 1723 1519 1774 libet
1562 1719 1717 1785 paulo

169 1832 443 1897 superiora
484 1828 583 1879 loci
615 1824 767 1891 hujus
794 1818 1104 1887 prophetici,
1130 1816 1195 1868 de
1238 1829 1340 1882 quo
1370 1810 1587 1879 quarstio
1613 1817 1710 1870 est,

170 1919 475 1988 diligentius
522 1916 799 1983 inspicere,
849 1918 902 1962 et
941 1907 1199 1975 quomodo
1240 1903 1424 1983 partim
1469 1900 1531 1951 ad
1573 1898 1707 1949 diem

168 2010 348 2077 judicii
378 2047 392 2068 ,
423 2008 609 2073 partim
652 2002 713 2053 ad
756 2000 919 2051 vicina
963 1995 1158 2061 judicio
1204 1975 1434 2057 tempora
1483 1987 1710 2055 pertine-

170 2101 328 2158 bant,
372 2094 649 2162 expiicare.
692 2087 1124 2147 l’rtzvuricantes,
1159 2081 1362 2147 inquit,
1401 2075 1716 2147 praevaricari

169 2197 289 2238 sunt
315 2195 357 2237 et
381 2181 783 2249 prrevaricatione
807 2187 1227 2243 transgressorum
1250 2167 1559 2237 prwvaricati
1580 2172 1714 2216 sunt.

175 2277 301 2327 Ilmc
337 2283 453 2323 ante
480 2271 617 2323 diem
644 2266 820 2334 judicii
853 2263 959 2316 fieri
986 2262 1102 2329 quis
1132 2273 1235 2310 non
1265 2256 1457 2315 videat,
1488 2250 1718 2320 quando,

174 2366 312 2418 sicut
349 2364 591 2413 Dominus
637 2354 911 2423 prmdixit,
962 2348 1448 2403 scandalizabunlnr
1480 2341 1621 2403 multi
1669 2346 1723 2391 et

181 2453 407 2505 invicem
440 2448 642 2504 tradent
674 2454 727 2498 et
748 2443 867 2497 odio
899 2439 1165 2493 habebunt
1206 2436 1455 2497 invict-m;
1487 2442 1539 2487 et
1568 2432 1719 2484 multi

179 2539 643 2609 pseudoprophetae
671 2542 901 2602 surgent,
939 2539 992 2584 et
1017 2528 1265 2582 seduceut
1290 2526 1500 2586 multos,
1527 2535 1578 2575 et
1604 2536 1721 2575 cum

178 2629 465 2686 abundabit
511 2625 748 2691 iniquitas
793 2620 1094 2685 refrigescet
1136 2614 1362 2667 charitas
1406 2609 1724 2662 multorum?

185 2721 383 2773 Deinde
411 2716 671 2782 Suhjungit
703 2729 716 2765 :
746 2708 984 2761 Formido
1016 2714 1058 2758 et
1092 2708 1231 2772 fovea
1259 2710 1303 2753 et
1334 2700 1539 2764 laqueus
1579 2712 1727 2765 sper

186 2822 234 2865 te
260 2811 345 2878 qui
382 2809 627 2859 habitator
660 2820 707 2856 es
743 2812 919 2864 terra;
962 2811 1006 2850 et
1048 2798 1158 2859 erit,
1199 2795 1283 2861 qui
1326 2792 1507 2860 fugerit
1546 2805 1575 2840 a
1616 2804 1728 2840 voce

189 2903 509 2973 formidinis,
563 2899 703 2950 cadet
734 2896 783 2946 in
814 2899 1045 2960 foveam,
1092 2898 1135 2941 et
1185 2886 1268 2954 qni
1314 2901 1365 2937 se
1410 2881 1727 2949 explicarerit

187 2970 251 3045 de
298 2992 437 3058 fovea
491 2987 729 3041 tenebitur
782 2984 996 3048 laqueo;
1045 2986 1097 3031 et
1137 2978 1284 3038 litec,
1343 2970 1724 3039 apprOpiantu,

191 3096 296 3134 non
329 3088 498 3132 autem
543 3076 709 3129 adhuc
746 3078 1057 3139 apparente,
1107 3066 1335 3134 judicio,
1384 3060 1727 3128 temporibus,

194 3173 452 3234 videlicet,
491 3163 815 3226 Antichristi,
844 3170 1060 3215 ventura
1098 3170 1211 3209 esse
1261 3152 1582 3220 perSpicuum
1626 3155 1724 3201 esr.
1760 3180 1804 3239 Β

196 3260 325 3324 Quis
353 3257 508 3317 enim,
539 3254 775 3306 veniente
803 3250 868 3302 de
894 3247 1040 3301 canis
1064 3244 1304 3303 Domino,
1336 3251 1388 3292 et
1414 3236 1732 3291 resuscitatis

199 3348 251 3399 in
291 3348 392 3399 ictu
420 3343 553 3395 oculi
584 3340 845 3400 omnibus,
876 3349 1091 3388 vacuum
1131 3333 1194 3384 de
1224 3332 1338 3382 loco
1362 3329 1424 3380 ad
1458 3328 1624 3380 locum
1653 3326 1730 3377 fu-

196 3450 342 3503 gere,
365 3431 443 3484 vel
471 3446 561 3497 per
590 3430 793 3482 diversa
824 3423 1075 3477 evadendi
1112 3420 1322 3474 consilia
1363 3426 1588 3469 mentem
1617 3431 1735 3468 ver-

198 3502 338 3585 sare,
377 3518 512 3586 quod
540 3516 691 3582 hujus
724 3516 843 3565 vita:
877 3510 1034 3564 statui
1074 3509 1241 3560 solum
1280 3504 1550 3571 congruit?
1585 3502 1739 3554 Tem—

200 3611 413 3680 poribus
434 3608 609 3674 igitur,
634 3614 689 3656 ut
708 3603 834 3664 dixi,
861 3598 1152 3653 novissima:
1178 3592 1549 3659 persecutionis
1570 3591 1739 3657 aptius

206 3701 319 3753 hac
346 3697 501 3751 verba
530 3696 844 3748 conveniunt
873 3708 884 3741 :
910 3686 1158 3746 formido,
1187 3694 1313 3743 etc.,
1343 3694 1587 3746 namque,
1623 3676 1741 3745 quia

208 3790 550 3843 habitatorem
598 3793 749 3837 terra
798 3774 1257 3847 praeoccupandum
1302 3769 1453 3830 dicit.
1503 3766 1614 3833 ipse
1664 3773 1744 3818 est

209 3878 360 3930 turbo
388 3872 613 3941 prazfatte
652 3866 1047 3936 persecutionis,
1092 3863 1158 3914 de
1194 3875 1292 3928 qua
1333 3857 1395 3909 ad
1418 3859 1623 3908 beatum
1648 3852 1743 3905 Job

210 3963 480 4023 Dominus,
512 3955 810 4012 Antichristi
838 3961 980 4021 gesta
1002 3949 1285 4015 explicans,
1308 3946 1380 3997 ait
1407 3959 1437 4029 :I
1453 3941 1549 3993 Per
1568 3955 1744 4008 gyrum

206 4053 435 4106 dentium
469 4052 575 4115 eius
600 4044 817 4113 formido
838 4058 856 4105 ;
878 4050 929 4093 et
954 4039 1015 4090 ad
1041 4035 1321 4102 discipulos
1362 4032 1411 4084 in
1434 4029 1743 4096 Evangelia:

210 4140 323 4193 Erit
366 4139 494 4191 enim
535 4147 648 4185 tunc
688 4128 938 4181 tribulatio
977 4140 1175 4193 magna,
1212 4121 1375 4192 qualis
1414 4134 1511 4170 non
1550 4118 1646 4185 fuit
1687 4116 1747 4166 ab

207 4230 352 4282 initio
389 4223 569 4275 mundi
598 4234 749 4287 usque
786 4217 952 4278 modo,
985 4228 1140 4280 neque
1167 4213 1269 4277 ﬁet,
1298 4210 1376 4260 vel
1404 4208 1541 4271 quali
1571 4206 1749 4258 formio

213 4316 339 4367 dine
384 4310 624 4376 cupiebat
665 4305 869 4358 liberari
898 4301 1166 4367 propheta,
1196 4296 1281 4363 qui
1311 4295 1433 4347 dicit
1459 4312 1471 4345 :
1496 4295 1536 4343 A
1578 4294 1750 4343 timore

213 4401 399 4455 inimici
442 4398 574 4462 eripe
606 4396 826 4445 animam
866 4404 1044 4441 meam.
1088 4383 1378 4437 Notandum
1428 4382 1567 4434 enim
1612 4380 1748 4446 quod

1336 452 1520 509 SECT.
1555 450 1639 503 ιγ.
1684 475 1745 486 --
1789 440 2151 497 ΕΡΙΞΤΟῙ.ιΕ.

3239 425 3338 483 706

1808 558 2081 617 negarent,
2114 550 2330 613 ideoque
2366 542 2528 609 elapsi
2559 539 2794 594 manibus
2831 546 3100 595 tortorum,
3140 549 3337 596 rursus,

1804 637 2018 705 juvante
2049 636 2272 688 fraterna
2305 630 2684 697 compassione,
2708 626 2936 680 redirent
2959 625 3021 676 ad
3050 621 3333 682 Christum,

1811 736 1862 780 et
1887 741 2036 793 quem
2065 725 2204 791 prius
2246 722 2424 775 timide
2454 723 2785 785 negaverant,
2816 715 2865 766 in
2893 715 3006 781 ejus
3027 713 3198 766 denuo
3239 710 3342 763 l'or-

1812 818 1931 871 titer
1969 814 2297 868 confessione
2340 819 2669 879 perstarent,
2716 807 3025 873 culpamque
3068 801 3341 870 apostasia:

1813 904 2219 973 perfectissime,
2266 902 2345 953 vel
2392 901 2544 965 longo
2584 895 2897 964 poenitentia:
2940 892 3342 951 medicamento,

1813 998 1891 1048 vel
1920 996 2075 1047 etiam
2117 1002 2404 1045 restaurata
2428 997 2714 1054 martyrum
2748 984 3052 1044 certamine,
3090 981 3343 1033 delerent.

1814 1087 1879 1135 At
1923 1083 2129 1148 quidem
2171 1081 2222 1133 in
2264 1077 2510 1145 martyrio
2550 1076 2716 1142 lapsi,
2779 1087 2845 1126 ne
2887 1069 3237 1138 resipiscendo
3282 1066 3345 1118 ad

1814 1173 2172 1241 paenitentiam
2197 1185 2349 1237 quam
2376 1173 2749 1236 proposuerant
2771 1166 3076 1228 veniamque
3098 1159 3345 1214 redeundi

1817 1275 2017 1329 tempus
2064 1260 2353 1321 baberent,
2411 1260 2587 1309 statim
2642 1252 3087 1307 interficiebantur
3137 1249 3348 1301 ardente

1814 1351 2110 1404 adversario
2135 1350 2333 1400 animas
2355 1347 2614 1414 jugulare,
2634 1359 2735 1395 non
2758 1354 2996 1408 corpora,
3022 1338 3209 1405 quibus
3229 1347 3349 1403 apte

1815 1440 2053 1509 congruit
2086 1440 2221 1506 quod
2266 1438 2348 1489 hic
2391 1437 2641 1503 propheta
2685 1438 3062 1497 consequenter
3090 1427 3349 1495 adjungit:

1819 1532 1881 1583 Et
1909 1533 1992 1597 qui
2026 1546 2076 1582 se
2107 1528 2397 1596 explicuerit
2431 1527 2489 1577 de
2523 1526 2687 1591 fovea,
2723 1521 2958 1574 tenebitur
2990 1520 3182 1585 laqueo.
3220 1516 3351 1568 Cum

1818 1619 1954 1671 enim
1991 1617 2285 1683 hujusmodi
2313 1614 2601 1665 animarum
2630 1624 2812 1669 necem
2841 1623 2868 1659 a
2900 1607 3083 1674 priscis
3112 1601 3353 1657 Ecclesia:

1820 1706 2257 1774 persecutoribus,
2300 1702 2545 1755 membris
2580 1699 2821 1751 videlicet
2849 1696 3060 1756 diaboli,
3104 1692 3353 1747 Christia-

1820 1797 1898 1846 nis
1940 1795 2131 1844 illatam
2174 1792 2491 1852 noverimus,
2535 1790 2648 1854 quis
2687 1788 2885 1838 dubitet
2914 1783 3151 1837 eamdem
3190 1782 3356 1833 multo

1820 1886 2038 1953 amplius
2071 1883 2412 1945 inferei.dam,
2443 1882 2527 1933 ubi
2566 1880 2676 1945 ipse
2706 1877 2957 1930 malorum
2997 1873 3227 1925 omnium
3252 1874 3356 1923 dux

1818 1986 1869 2029 et
1898 1976 2042 2041 origo
2070 1974 2287 2027 Satanas
2331 1986 2479 2023 suum
2518 1971 2585 2021 de
2626 1969 2814 2036 abysso
2854 1968 2916 2018 ad
2948 1966 3354 2033 persequendam

1819 2063 2106 2115 Eeclcsiam
2152 2069 2303 2125 caput
2352 2055 2629 2110 extulerit?
2676 2056 2765 2107 llis
2803 2065 2973 2106 autem
3018 2053 3263 2118 propheta
3292 2050 3357 2102 de

1820 2154 2057 2219 proximo
2086 2159 2209 2202 ante
2239 2149 2374 2199 diem
2403 2146 2579 2213 judicii
2612 2153 2844 2209 tempore.
2875 2143 3151 2206 praedictis,
3182 2140 3359 2209 adjicit

1820 2226 2288 2309 consequenter-ea
2317 2252 2431 2306 qua:
2456 2236 2710 2298 bifariam,
2746 2233 2797 2286 ui
2828 2230 2996 2293 fallor,
3030 2240 3248 2296 possunt
3271 2244 3360 2282 re—

1820 2332 2055 2384 ctissime
2087 2328 2327 2394 intelligi,
2358 2326 2492 2394 quod
2524 2331 2800 2377 cataracta:
2828 2322 2893 2374 de
2920 2323 3141 2375 ext‘elsts
3169 2331 3361 2388 apertrc

1823 2426 1964 2479 sunt,
1990 2428 2040 2468 et
2069 2416 2431 2467 concutientur
2455 2412 2781 2464 fundamenta
2815 2420 2985 2472 terrm,
3011 2409 3359 2461 confractioue

1828 2504 2182 2570 confringctur
2232 2512 2413 2565 terra,
2484 2498 2797 2552 contritione
2850 2503 3146 2548 conteretur
3198 2504 3363 2557 terra,

1828 2594 2181 2647 commotione
2221 2589 2629 2643 commovebitur
2674 2596 2833 2647 terra,
2882 2585 3161 2651 agitatione
3201 2584 3361 2650 agita-

1829 2682 1965 2734 bitur
1988 2692 2145 2740 terra,
2170 2678 2303 2730 sicut
2326 2676 2515 2733 ebrius.
2546 2674 2720 2727 Potest
2742 2674 2878 2726 enim
2906 2672 3041 2723 etde
3070 2671 3183 2737 ipso
3218 2679 3365 2723 terra:

1828 2770 2087 2823 elemento
2129 2766 2320 2819 dictant
2372 2763 2567 2829 accipi,
2621 2762 2757 2827 quod
2804 2767 3038 2825 tempore
3088 2761 3367 2811 novissimo

1830 2862 2034 2929 penitus
2074 2873 2101 2910 a
2136 2856 2354 2925 pristino
2382 2864 2517 2906 statu
2544 2850 2973 2906 commovendum
3006 2850 3089 2901 sit.
3145 2848 3368 2899 Possunt

1829 2952 1984 3004 etiam
2026 2958 2175 3001 terra:
2218 2946 2428 2998 nomine
2471 2942 2706 2994 homines
2751 2941 2837 3005 qui
2889 2940 2939 2992 in
2973 2949 3105 2992 terra
3138 2938 3370 2989 habitant

1830 3036 2129 3106 designari,
2178 3043 2231 3087 et
2275 3032 2506 3098 ejusdem
2553 3029 2823 3081 rationalis
2873 3037 3025 3079 terra:
3072 3026 3370 3087 concussio,

1833 3126 2141 3188 contractio,
2175 3123 2452 3185 contritio,
2483 3118 2794 3178 commotio,
2824 3118 3034 3183 agitatio
3078 3115 3211 3168 sicut
3236 3116 3370 3167 ebrii

1836 3221 1919 3271 illa
1948 3214 2184 3282 intelligi,
2217 3212 2279 3264 de
2306 3225 2406 3278 qua
2438 3207 2684 3261 Dominus
2725 3206 2773 3257 in
2810 3205 3113 3271 Evangelia,
3142 3217 3259 3255 cum
3291 3200 3369 3253 d;-

1836 3309 1994 3361 xisset
2023 3323 2033 3356 :
2061 3304 2222 3356 Erunt
2247 3304 2385 3370 signa
2412 3301 2460 3351 in
2483 3300 2584 3351 sole
2612 3306 2656 3350 et
2686 3298 2804 3348 luna
2833 3305 2877 3347 et
2906 3295 3081 3354 stellis,
3113 3292 3374 3357 subjunxit

1836 3396 2015 3449 dicens
2046 3411 2058 3445 :
2085 3392 2149 3445 Et
2187 3394 2238 3443 in
2282 3391 2425 3443 terris
2453 3404 2682 3456 pressura
2712 3386 2967 3454 gentium;
2999 3384 3080 3436 vel
3110 3392 3253 3435 certe
3291 3380 3375 3431 illa

1838 3485 1902 3537 de
1922 3498 2019 3551 qua
2045 3496 2161 3534 mox
2191 3478 2404 3539 addidit,
2437 3492 2538 3542 prta
2566 3474 2873 3542 confusione,
2902 3471 3155 3537 inquiens,
3185 3470 3372 3520 sonitus
3441 3468 3445 3473 ’

1838 3574 1990 3624 maris
2024 3580 2069 3623 et
2101 3573 2345 3637 ﬂuctuum
2384 3564 2711 3617 arescentibus
2754 3560 3031 3613 hominibus
3071 3571 3175 3623 prce
3200 3556 3377 3607 timore

1839 3670 1883 3714 et
1905 3658 2284 3727 exspectatione,
2310 3669 2419 3721 qua:
2446 3652 2792 3721 superveniunt
2818 3651 3041 3700 universo
3067 3646 3191 3697 orbi.
3231 3642 3377 3709 Quod

1842 3761 2012 3802 autem
2042 3745 2186 3798 addit
2208 3733 2458 3811 propheta
2494 3758 2505 3791 :
2534 3740 2597 3791 Et
2637 3740 2893 3807 auferetur
2921 3736 3059 3802 quasi
3089 3734 3380 3784 tabernacu-

1842 3838 1944 3887 lum
1974 3834 2115 3884 unius
2145 3832 2302 3884 noctis
2330 3839 2374 3880 et
2408 3827 2626 3895 gravabit
2655 3841 2764 3876 eam
2802 3825 3037 3890 iniquitas
3066 3837 3154 3872 sua
3193 3829 3237 3870 et
3266 3834 3379 3870 cor-

1842 3934 1950 3975 ruet
1987 3930 2033 3974 et
2069 3938 2165 3972 non
2204 3920 2406 3987 adjiciet
2446 3926 2497 3968 ut
2539 3925 2785 3984 resurgat,
2826 3914 3115 3981 specialiter
3151 3912 3217 3971 ad
3243 3910 3378 3961 diem

1839 4012 2016 4079 judicii
2041 4011 2270 4077 respicit,
2300 4008 2505 4075 quando
2532 4007 2745 4072 prwterit
2766 4005 2929 4071 ﬁgura
2955 4002 3104 4070 hujus
3126 3999 3297 4051 mundi
3326 4009 3379 4052 et

1844 4116 1904 4155 ea
1926 4116 2039 4168 qua:
2066 4114 2201 4150 nunc
2227 4100 2275 4149 in
2306 4097 2389 4148 illo
2414 4104 2493 4148 est
2521 4094 2786 4147 hominum
2815 4090 3139 4144 conversatio
3174 4088 3377 4141 transit.

1846 4192 1954 4256 Qua
1996 4194 2059 4242 de
2096 4188 2180 4240 die
2220 4186 2503 4239 novissimo
2550 4183 2834 4239 intermista
2876 4180 3162 4239 sententia,
3202 4193 3382 4229 rursus

1847 4279 1911 4331 ad
1938 4292 1997 4331 ea
2025 4291 2141 4344 quae
2167 4273 2303 4327 diem
2336 4271 2669 4324 novissimum
2703 4267 2950 4321 terribilia
2982 4266 3297 4335 prmceduut,
3333 4267 3382 4318 id

1849 4376 1947 4431 est,
1976 4365 2040 4418 ad
2074 4364 2336 4416 interitum
2380 4358 2681 4412 Antichristi
2731 4357 3138 4423 prxedicendum,
3185 4368 3383 4407 sermo-

224 4506 326 4543 nou
355 4487 427 4539 ait
455 4499 482 4535 a
504 4482 673 4551 gladio
704 4477 915 4539 inimici,
942 4475 1033 4527 sed
1063 4488 1092 4524 a
1120 4474 1311 4535 timore,
1339 4469 1536 4537 inquit,
1566 4468 1751 4518 inimici
1784 4488 1829 4544 ι)
1856 4472 1972 4509 nem
2001 4454 2276 4516 convertit,
2326 4450 2391 4503 Et
2424 4451 2533 4511 erit,
2567 4447 2821 4517 inquiens,
2858 4450 2907 4496 in
2938 4446 3018 4496 die
3044 4445 3133 4495 illa
3172 4444 3383 4495 visitabit

216 4581 353 4643 eripe
379 4576 599 4627 animam
619 4585 799 4627 meam,
822 4568 939 4633 quia
966 4578 1067 4617 non
1094 4563 1189 4615 hoc
1206 4568 1317 4613 erat
1338 4557 1430 4629 [ιε’.
1448 4554 1583 4623 orat]
1607 4556 1753 4608 tortis

220 4680 433 4738 martyr,
458 4678 629 4720 utnon
653 4676 770 4716 eum
786 4642 1118 4724 corporaliter
1143 4652 1342 4706 occidat
1372 4649 1636 4710 inimicus;
1663 4647 1753 4698 scd

222 4765 320 4815 hoc
349 4760 587 4813 nimirum
609 4794 623 4818 ,
668 4761 723 4804 ut
746 4764 847 4803 non
888 4749 1062 4798 timeat
1086 4756 1205 4796 eum
1229 4741 1313 4807 qui
1340 4738 1527 4792 occidit
1545 4751 1753 4801 corpus,

224 4851 450 4903 animam
488 4856 659 4895 autem
703 4852 803 4891 non
842 4840 1012 4902 potest
1051 4829 1309 4891 occidere,
1348 4840 1412 4877 ne
1455 4824 1581 4876 forte
1624 4824 1759 4874 hunc

230 4932 460 4988 timendo
485 4928 710 4984 offendat
734 4938 850 4978 eum
874 4920 957 4989 qui
981 4924 1151 4987 potest
1178 4924 1229 4968 et
1250 4916 1471 4965 animam
1495 4920 1546 4963 et
1572 4924 1758 4975 corpus

228 5024 446 5094 perdere
500 5022 551 5071 in
600 5016 923 5085 gehennam,
972 5007 1107 5076 quod
1157 5004 1206 5056 in
1252 5001 1533 5055 certamine
1582 4999 1761 5065 positis

228 5085 403 5168 inedia
442 5113 647 5161 constat
694 5102 947 5159 evenisse,
997 5093 1104 5161 qui,
1148 5091 1364 5144 adversa
1410 5102 1509 5140 non
1554 5085 1761 5138 ferendo

232 5214 521 5270 pennarum,
554 5196 711 5248 vitam
740 5189 993 5257 negabant
1016 5195 1285 5237 aeternam.
1316 5180 1388 5232 De
1417 5179 1653 5243 qualibus
1680 5177 1763 5227 hic

231 5262 421 5346 dicitur
449 5306 461 5339 :
495 5286 554 5338 Et
574 5284 686 5343 erit,
706 5280 790 5347 qui
814 5276 995 5344 fugerit
1031 5289 1060 5324 a
1082 5286 1196 5323 voce
1227 5266 1528 5336 formidinis,
1556 5262 1694 5315 cadet
1714 5265 1763 5312 in

235 5387 445 5450 foueam.
481 5374 703 5442 Fugicns
740 5367 933 5433 quippe
970 5377 997 5412 a
1028 5373 1154 5411 voce
1196 5354 1507 5413 forn'iidinis,
1545 5352 1681 5403 cadit
1715 5350 1763 5401 in

238 5474 473 5528 foveam,
514 5464 630 5530 qui,
677 5460 743 5511 ob
785 5457 949 5508 minas
987 5450 1063 5503 vel
1106 5453 1360 5501 tormenta
1405 5442 1763 5509 persecutoris,

242 5558 362 5610 tidei
406 5553 750 5606 constantiam
790 5546 1055 5602 deserens,
1100 5524 1362 5589 Christum
1408 5530 1622 5597 perdere
1665 5544 1763 5579 non

243 5651 407 5701 timet.
455 5640 682 5694 Fuerunt
727 5642 901 5685 autem
948 5626 1179 5681 nonnulli
1228 5626 1335 5691 qui,
1363 5620 1605 5673 violentia
1652 5628 1768 5669 tor-

243 5743 537 5791 mentorum
566 5724 751 5792 coacti,
783 5720 1044 5795 Christum
1073 5731 1198 5771 voce
1228 5714 1391 5781 magis
1420 5723 1572 5779 quam
1596 5718 1767 5761 mvute

1860 4546 2102 4599 Dominus
2134 4558 2281 4609 super
2307 4541 2535 4592 militiam
2562 4537 2670 4588 τιειὶ
2696 4538 2747 4587 in
2770 4536 2958 4586 excelso
2993 4543 3036 4585 et
3071 4549 3216 4598 super
3250 4547 3385 4599 reges

1855 4648 2000 4688 terror
2026 4634 2110 4701 qui
2137 4641 2247 4683 sunt
2288 4643 2437 4695 super
2463 4637 2661 4689 terram,
2704 4635 2747 4677 et
2771 4625 3200 4691 congregabantur
3238 4625 3384 4673 unius

1856 4728 2000 4793 fascis
2022 4726 2069 4776 in
2094 4726 2254 4775 lacum
2277 4731 2322 4772 et
2346 4720 2662 4771 includeretur
2685 4718 2749 4769 ibi
2771 4719 2821 4781 ὺῃ
2841 4690 3106 4767 carcerem.
3155 4690 3385 4765 Visitahit

1857 4814 1991 4867 Deus
2022 4823 2242 4877 namque
2284 4821 2438 4873 super
2468 4805 2701 4857 miiitiam
2743 4803 2862 4856 cmli
2908 4804 2957 4853 in
2987 4803 3211 4862 excelso,
3242 4814 3383 4864 eum,

1857 4899 2129 4954 interfecto
2158 4896 2499 4955 Antichristo,
2530 4892 2811 4959 potentiam
2856 4888 3128 4951 spirituum
3162 4889 3385 4939 immun-

1857 4991 2039 5041 dorum
2070 4998 2254 5051 magna
2298 4996 2360 5035 ex
2394 4989 2536 5046 parte
2564 4976 2889 5039 contriverit,
2918 4990 3032 5041 qua:
3063 4974 3240 5026 militia
3271 4974 3385 5025 cteli

1859 5086 1999 5130 recte
2038 5081 2270 5133 vocatur,
2317 5055 2394 5120 vel
2433 5067 2551 5133 quia
2599 5065 2665 5115 ab
2707 5064 2853 5116 initio
2882 5064 2947 5115 de
2990 5060 3286 5113 coelestibus
3322 5059 3387 5111 ad

1862 5172 1961 5221 ima
1989 5176 2256 5224 corruens,
2284 5160 2365 5211 vel
2392 5159 2510 5225 quia
2545 5163 2861 5209 commorata
2887 5153 2937 5203 in
2965 5165 3105 5214 aere,
3133 5150 3221 5215 qui
3251 5164 3389 5214 saepe

1861 5257 1910 5307 in
1937 5251 2215 5318 Scripturis
2245 5248 2433 5303 cmlum
2482 5252 2821 5307 nuncupatur,
2855 5238 3089 5305 pertinax
3138 5250 3253 5287 cum
3296 5238 3389 5285 hu-

1862 5360 2012 5398 mano
2033 5356 2222 5409 genere
2246 5336 2468 5393 bellandi
2499 5334 2721 5386 studium
2744 5328 2891 5396 gerit.
2931 5327 3075 5381 Unde
3098 5326 3221 5377 dicit
3248 5327 3387 5387 Apu-

1862 5433 2026 5485 stolus
2053 5446 2151 5482 non
2168 5442 2280 5481 esse
2305 5426 2449 5477 nobis
2478 5417 2890 5473 colluctationem
2915 5417 3145 5467 adversus
3170 5425 3385 5469 carnem,

1862 5526 1948 5576 sed
1970 5522 2204 5572 adversus
2230 5515 2534 5579 principatus
2560 5517 2605 5559 et
2628 5516 2912 5576 potestates,
2943 5504 3177 5554 adversus
3221 5501 3391 5547 mundi

1862 5623 2070 5665 rectores
2097 5605 2401 5658 tenebrarum
2427 5608 2621 5657 harum,
2650 5605 2821 5647 contra
2849 5590 3131 5659 spiritualia
3160 5586 3389 5647 ncqniiim

1866 5704 1914 5755 in
1954 5696 2243 5751 calestibus.
2293 5691 2357 5743 Et
2407 5704 2497 5756 per
2543 5684 2843 5754 prophetam
2877 5678 3123 5729 Dominus
3160 5670 3388 5720 futui-am
