3862 6390
512 515 615 573 ἴοῖ
1180 512 1371 567 BENE
1412 508 1851 566 VENERABILIS
1886 505 2031 559 Ul‘l‘.
2077 501 2245 555 PARS
2287 503 2370 556 lll.
2410 530 2479 543 --
2519 499 2985 556 I‘ARJENETICA.
3612 500 3691 555 7'33

523 645 701 684 eorum
729 628 1070 695 perditionem
1099 626 1397 679 describens
1423 643 1433 677 :
1456 625 1745 678 Inebriatus
1764 632 1852 683 est,
1877 621 2058 688 inquit,
2090 617 2134 674 A
2168 614 2505 679 Αηιὶοιιτίδῑο,
2551 614 2770 669 ministri
2800 616 3165 685 deceptionum
3195 616 3311 685 ejus
3350 618 3404 667 in
3437 629 3692 669 carcerein

516 719 569 770 in
600 718 740 779 creto,
785 716 981 785 gladius
1022 731 1176 768 meus.
1224 714 1275 765 In
1310 714 1394 767 die
1430 728 1555 780 ergo
1596 712 1681 765 illa
1705 750 1721 773 .
1766 710 1815 763 id
1854 718 1966 773 est,
1998 708 2048 762 in
2147 703 2518 772 gehennalium
2567 719 2859 772 pinnarum,
2905 716 2956 758 et
2988 715 3104 772 post
3136 706 3329 759 mullos
3360 706 3485 760 dies
3524 703 3691 756 visita-

520 816 752 872 tcmpore
788 818 888 869 quo
931 802 1153 854 farmido
1190 811 1245 855 et
1290 801 1437 854 fovea
1473 811 1525 854 et
1571 800 1784 868 laqueus
1826 798 2049 851 maxime
2152 794 2343 846 buntur
2373 810 2385 846 :
2420 804 2672 861 tempore,
2702 796 2962 858 videlicet,
2994 797 3397 850 resurrectionis
3442 798 3690 855 omnium,

517 894 652 948 illius
681 900 733 945 et
771 891 965 944 ultimas
1006 890 1357 943 tribulationis
1396 890 1730 943 habitatorem
1771 896 1921 941 terra:
1965 901 2051 940 ca-
2149 886 2355 953 quando
2381 886 2444 938 ad
2484 887 2580 939 hoc
2610 897 2811 954 tempus
2840 887 3031 939 animae
3060 900 3244 938 eorum
3278 886 3554 937 modicum
3587 899 3691 936 ero~

518 991 697 1046 ptui-us
735 988 842 1041 est,
888 975 1097 1045 quando
1138 984 1291 1043 gente
1330 987 1509 1030 contra
1548 984 1753 1046 gentem
1797 983 1850 1029 et
1890 989 2051 1041 regno
2149 979 2403 1032 eabuntur
2443 980 2509 1031 ah
2538 980 2715 1032 inieris
2746 988 2822 1041 ut,
2860 986 3071 1045 recepto
3119 990 3363 1044 corpore,
3390 977 3578 1028 statim
3608 991 3693 1030 ex.

514 1077 862 1137 consurgente
902 1068 1156 1120 adversus
1202 1082 1439 1135 regnum,
1468 1068 1830 1121 concutientur
1861 1066 2047 1118 {unda-
2151 1069 2288 1133 plezo
2322 1068 2541 1134 judicio,
2572 1083 2688 1120 cum
2727 1067 2932 1121 caeteris
2970 1066 3328 1135 peccatoribus
3358 1065 3583 1120 easdem
3621 1081 3693 1117 re-

517 1167 691 1209 menta
733 1166 903 1218 terrm,
936 1166 990 1209 et
1017 1155 1126 1223 ipsa
1159 1158 1263 1208 suis
1305 1171 1361 1210 se
1392 1157 1614 1209 invicem
1657 1156 1842 1208 incolis
1883 1156 2050 1221 impu-
2152 1155 2395 1211 labantur
2437 1157 2487 1210 in
2532 1172 2731 1225 paruas.
2774 1157 2953 1225 Neque
2998 1158 3118 1211 huic
3164 1168 3357 1210 nostra:
3396 1157 3691 1216 assertioni.

514 1247 789 1313 gnantibus
836 1244 1208 1313 confringetur,
1253 1255 1575 1310 conteretur,
1617 1244 2048 1308 commovebitur,
2149 1263 2251 1314 qua
2282 1247 2655 1301 Antichristum
2684 1256 2804 1301 ante
2832 1249 3025 1300 multos
3054 1247 3170 1301 dies
3200 1246 3537 1301 advenientis
3559 1246 3692 1312 judi-

514 1337 789 1404 agitabitur
815 1336 1637 1404 sicutebrius,appropinquante
1661 1345 1713 1389 et
1733 1336 2051 1402 jatujamque
2150 1338 2214 1390 cii
2263 1338 2575 1390 universalis
2619 1338 2840 1389 dicimus
2885 1337 3264 1400 occidendum,
3307 1344 3457 1402 putet
3512 1336 3693 1401 aliquis

514 1426 819 1479 imminente
848 1426 1111 1479 ablatione
1140 1437 1189 1478 et
1218 1426 1365 1477 ruina
1410 1425 1588 1491 ipsius,
1625 1425 1844 1478 visitavit
1876 1424 2049 1477 Domi-
2150 1425 2408 1478 obsistere
2438 1424 2577 1492 quod
2604 1424 2669 1477 de
2701 1425 2814 1490 ipso
2845 1424 3065 1491 loquens
3094 1421 3375 1489 Apostolus
3404 1422 3482 1473 ait
3509 1438 3521 1471 :
3549 1421 3692 1483 Quas

514 1529 612 1568 nus
631 1530 789 1581 super
811 1516 1041 1568 militiam
1068 1514 1187 1567 caeli
1220 1516 1269 1565 in
1298 1515 1504 1568 excelso
1531 1515 1784 1567 mittendo
1810 1514 2047 1583 angelum
2152 1512 2393 1565 Dominus
2413 1512 2559 1564 Jcsus
2581 1512 2843 1577 interﬁciet
2879 1512 3056 1577 spiritu
3078 1512 3180 1562 oris
3208 1511 3309 1576 sui,
3338 1510 3562 1561 destruet
3585 1510 3689 1560 illa.

516 1606 581 1657 de
621 1606 791 1669 cmlis,
823 1605 908 1671 qui
954 1603 1212 1657 hominem
1258 1604 1397 1667 illum
1431 1605 1644 1671 peccati,
1680 1604 1838 1657 lilium
1877 1602 2050 1670 perdi-
2149 1603 2393 1653 stratione
2418 1602 2656 1653 adventus
2678 1600 2784 1663 sui;
2813 1599 3071 1668 signiﬁcat
3098 1612 3322 1666 namque
3352 1598 3452 1649 hoc
3481 1596 3690 1648 dicendo

514 1693 688 1757 tionis,
729 1694 813 1760 qui
860 1694 1089 1746 elevatur
1130 1702 1178 1746 et
1218 1693 1481 1746 extollitur
1521 1708 1673 1760 supra
1716 1708 1872 1746 omne
1915 1693 2049 1759 quod
2152 1688 2433 1755 Apo~tolus
2460 1729 2473 1749 ,
2520 1687 2656 1756 quod
2704 1698 2842 1740 tanta
2889 1696 3098 1754 tamque
3168 1684 3389 1739 terribili
3434 1685 3587 1752 plaga
3630 1685 3687 1735 sit

514 1785 701 1838 dicitur
732 1785 864 1836 Deus
902 1792 989 1836 aut
1015 1785 1151 1852 quod
1195 1784 1410 1844 colitur,
1443 1784 1509 1835 ita
1552 1792 1608 1835 ut
1647 1786 1698 1835 in
1732 1782 1925 1848 templo
1958 1781 2048 1834 Dei
2151 1776 2473 1830 Conterentla
2522 1790 2583 1829 ac
2622 1776 2862 1847 ,linicnda
2915 1785 3145 1841 potestas
3198 1774 3338 1826 illius
3376 1774 3596 1836 diaboli,
3640 1784 3688 1824 at

515 1877 727 1937 sedeat,
756 1876 924 1928 divina
955 1876 1147 1927 virtute
1184 1875 1465 1939 perimatur
1494 1889 1505 1923 :
1537 1872 1671 1938 quod
1713 1872 1888 1925 beatus
1921 1886 2045 1936 papa
2086 1933 2123 1939 _
2153 1866 2281 1919 nulli
2328 1866 2544 1917 dubium
2576 1866 2643 1918 sit
2679 1865 2799 1932 quin
2833 1864 3080 1917 dominici
3125 1866 3379 1917 adventus
3420 1864 3686 1930 praesentis

517 1963 794 2031 Gregorius
840 1978 934 2031 per
973 1962 1273 2014 Michaelem
1320 1960 1692 2026 archangelum
1745 1960 2047 2025 patrandum
2086 1933 2127 1989 Β
2155 1956 2217 2007 ad
2250 1956 2568 2022 perdendam
2600 1954 2900 2021 superbiam
2939 1954 3183 2017 adfuerit,
3212 1954 3361 2021 juxta
3392 1953 3538 2019 quod
3568 1964 3611 2004 ei
3641 1954 3685 2003 in

524 2053 653 2116 fore,
678 2067 741 2105 ex
768 2051 1071 2119 Apocalypsi
1099 2052 1260 2102 sancti
1287 2050 1500 2103 Joannis
1530 2048 1787 2118 intelligit,
1813 2050 1895 2102 ubi
1926 2050 2052 2101 scri-
2159 2047 2386 2109 Herode,
2436 2046 2521 2114 qui
2569 2045 2818 2098 Jacobum
2870 2044 3061 2097 occidit
3106 2053 3156 2096 et
3199 2044 3404 2095 Petrum
3454 2042 3596 2093 misit
3640 2043 3684 2089 in

515 2152 657 2205 ptum
686 2150 766 2193 est
798 2159 807 2191 :
838 2140 897 2192 Et
923 2141 1111 2207 {actum
1150 2149 1219 2192 est
1251 2140 1476 2207 ps'wlium
1515 2139 1566 2190 in
1604 2139 1725 2192 caelo
1753 2138 1967 2191 Michael
2008 2148 2051 2189 et
2150 2152 2435 2198 carcerem,
2464 2137 2727 2203 Scriptura
2758 2146 2959 2202 gestum
2992 2140 3396 2194 commemorat;
3434 2140 3491 2183 et
3518 2130 3567 2181 in
3595 2144 3684 2180 CI-

514 2230 680 2294 anncli
707 2232 815 2297 ejus
848 2228 1204 2295 pra’liabantur
1241 2244 1351 2279 cum
1390 2228 1634 2288 draCone,
1678 2235 1724 2277 et
1766 2227 1917 2278 draco
1958 2243 2050 2293 pu-
2152 2230 2277 2281 teris
2299 2227 2715 2280 Christianorum
2751 2224 3175 2293 perSceutoribus
3211 2222 3585 2278 ecclesiastica:
3612 2222 3685 2274 lli-

516 2319 696 2386 gnabal
724 2327 766 2369 et
793 2318 957 2384 angeli
984 2319 1113 2385 ejus,
1147 2325 1189 2368 et
1220 2332 1315 2367 non
1341 2315 1618 2376 caluerunt,
1643 2330 1793 2379 neque
1814 2315 1949 2367 locus
1975 2314 2054 2366 in-
2151 2317 2326 2369 storias
2355 2332 2502 2384 atque
2533 2318 2718 2369 factum
2745 2315 2991 2385 produnt,
3019 2318 3094 2368 vel
3128 2325 3270 2368 certe
3302 2314 3680 2366 interfecturum

518 2417 689 2459 ventus
734 2415 805 2458 est
843 2422 1011 2459 eorum
1044 2408 1258 2473 amplius
1299 2406 1350 2458 in
1388 2406 1529 2457 cado.
1588 2404 1887 2457 Visitabitur
1929 2419 2053 2472 ergo
2151 2408 2276 2461 dicit
2306 2424 2423 2461 eum
2455 2409 2640 2475 spiritu
2668 2408 2776 2461 Oris
2806 2407 3009 2459 Domini
3049 2415 3101 2458 et
3129 2404 3479 2458 illustratione
3505 2404 3680 2455 adt-co-

518 2510 673 2561 super
716 2496 952 2547 militiam
1001 2495 1151 2559 εφη,
1199 2508 1315 2548 cum
1362 2496 1644 2570 perimetur
1680 2494 2047 2565 Antichristus,
2154 2509 2235 2554 tus
2268 2500 2382 2568 ejus
2423 2501 2845 2565 destructurum,
2892 2497 3013 2565 quia
3061 2496 3304 2548 nimirum
3351 2497 3596 2547 veniente
3628 2508 3681 2545 eo

517 2588 634 2655 quia
673 2598 725 2640 et
765 2589 851 2641 illo
892 2588 1235 2654 interempto,
1282 2587 1445 2638 virtus
1483 2585 1758 2652 spirituum
1804 2586 2052 2650 maligno-
2152 2590 2213 2640 ad
2248 2588 2814 2656 judicium‘nooissima
2862 2587 3065 2638 inimica
3109 2584 3384 2637 destruetur
3424 2599 3594 2637 mors.
3636 2592 3680 2635 et

519 2694 655 2744 rum,
686 2682 773 2743 qui
803 2693 921 2731 eum
954 2678 1002 2729 in
1034 2678 1369 2729 ostendendis
1394 2676 1557 2742 signis
1593 2675 1931 2727 mendacibus
1965 2674 2053 2740 ju-
2152 2680 2321 2730 olnnis
2348 2678 2409 2731 ad
2448 2679 2705 2746 integrum
2734 2692 2852 2730 cum
2893 2691 2957 2731 eo
2991 2677 3077 2743 qui
3106 2678 3262 2728 habet
3297 2676 3482 2727 martis
3529 2674 3679 2740 impe-

519 2774 718 2828 verant,
745 2765 1000 2817 inﬁrmata
1027 2764 1337 2827 eassabitur,
1362 2774 1411 2816 et
1442 2765 1552 2831 ipse
1581 2778 1683 2816 non
1712 2764 1828 2816 sine
1858 2764 2054 2816 ratione
2153 2770 2308 2833 rium,
2336 2769 2383 2821 id
2411 2778 2511 2831 est,
2537 2767 2732 2821 diaboli
2756 2767 3058 2827 satellitum,
3086 2767 3199 2833 ejus
3227 2766 3449 2831 potentia
3486 2766 3625 2829 perib
3644 2774 3674 2814 t.

522 2862 692 2918 potest
730 2855 861 2907 inter
900 2854 1133 2907 militiam
1173 2854 1292 2908 cteli
1330 2855 1566 2923 deputari
1607 2869 1700 2920 pro
1734 2868 1818 2919 eo,
1857 2855 1975 2927 quia
1999 2867 2055 2907 se
2152 2860 2383 2924 Namqu:
2409 2857 2545 2923 quod
2577 2871 2675 2908 non
2714 2855 2889 2907 statim
2919 2855 3179 2907 exstincto
3220 2854 3309 2906 illo
3336 2855 3549 2905 hom’ne
3578 2867 3675 2918 pec-

523 2954 626 2991 non
665 2941 829 2993 solum
860 2957 1017 3006 super
1041 2943 1253 3010 angelos
1282 2958 1482 3007 omnes,
1516 2958 1695 2996 verum
1726 2943 1879 2994 etiam
1902 2956 2057 3009 super
2154 2952 2253 3001 cati
2288 2949 2391 3000 lilio
2436 2946 2744 3014 perditionis
2784 2945 3079 2997 universale
3122 2946 3188 2995 sit
3227 2944 3572 2995 adventorum
3603 2942 3673 3006 ju-

522 3047 728 3085 omnem
751 3033 937 3086 divina:
967 3036 1255 3102 majestatis
1283 3035 1638 3088 celsitudinem
1669 3035 1894 3087 exaltare
1922 3047 2055 3099 prte-
2154 3038 2366 3098 dicium,
2396 3035 2573 3088 Danivl
2609 3034 2865 3101 Propheta
2895 3042 3132 3095 testatur,
3167 3032 3253 3101 qui
3295 3033 3343 3083 in
3376 3032 3557 3083 ultima
3583 3044 3672 3080 sua:

520 3118 699 3171 sumit.
754 3120 1054 3174 Visitabitur
1090 3130 1143 3175 et
1183 3136 1337 3186 super
1377 3136 1524 3187 reges
1566 3131 1738 3185 terrre,
1781 3122 1864 3188 qui
1913 3127 2054 3185 sunt,
2156 3128 2443 3194 ιποριιριίω
2474 3127 2675 3179 visione
2717 3125 2859 3191 regni
2905 3124 3042 3176 illius
3087 3133 3198 3175 acta
3228 3121 3533 3175 describens
3575 3134 3673 3171 cum

525 3208 807 3271 ministros,
853 3208 1122 3275 Videlicet,
1170 3210 1470 3263 Antichristi
1521 3220 1572 3263 et
1619 3209 1869 3262 factorum
1916 3208 2054 3260 lran-
2084 3245 2129 3307 C
2158 3215 2397 3267 eumdem
2452 3213 2597 3279 regni
2652 3221 2885 3277 tempora
2936 3211 3078 3263 mille
3124 3210 3363 3262 ducentis
3414 3210 3675 3275 nonaginta

523 3296 747 3362 dumque
776 3297 887 3363 ejus
918 3299 1143 3352 fautores
1172 3306 1224 3350 et
1252 3307 1637 3364 cooperatores,
1665 3300 1750 3364 qui
1781 3297 1972 3349 inlimis
1998 3312 2058 3350 ac
2089 3296 2129 3307 “
2162 3303 2365 3365 diebus,
2396 3301 2451 3357 id
2476 3311 2574 3365 est,
2606 3300 2767 3353 [ribus
2805 3301 2966 3353 semis
3008 3300 3179 3360 annis,
3213 3298 3669 3365 comprehenderit,

528 3384 751 3437 terrenis
790 3386 1048 3437 mentibus
1092 3386 1250 3453 impio
1292 3386 1624 3439 dominantur
1661 3386 1900 3451 imperio,
1934 3399 2060 3451 quos
2158 3404 2371 3461 repente
2400 3392 2604 3445 intulit:
2631 3391 2811 3443 Beatus
2852 3392 2935 3457 qui
2981 3400 3231 3459 exspectat
3281 3399 3328 3442 et
3371 3391 3584 3457 peruenit
3616 3390 3672 3438 ad

526 3471 739 3523 ὼιιιὶυιη
774 3486 876 3524 11011
900 3483 977 3523 εει
1002 3472 1225 3525 liniendo
1247 3474 1429 3526 eodem
1458 3472 1630 3526 furore
1651 3487 1755 3524 sua:
1772 3472 2059 3525 tribulatio-
2157 3481 2263 3533 dies
2294 3481 2429 3531 mille
2450 3489 2683 3531 (racemos
2707 3479 2906 3544 triginta
2928 3479 3161 3543 quinque,
3185 3480 3351 3543 Quem
3374 3478 3669 3530 versiculum

528 3560 606 3608 nis
633 3571 746 3610 esse
776 3559 1048 3625 perituros.
1078 3558 1227 3612 Juxta
1250 3548 1384 3625 quod
1414 3560 1462 3613 in
1485 3560 1747 3623 omnibus,
1770 3561 1853 3628 qui
1879 3568 2058 3612 contra
2158 3569 2341 3621 beatus
2386 3567 2658 3635 presbyter
2709 3566 3055 3634 Hieronymus
3101 3565 3180 3617 his
3227 3566 3404 3617 verbis
3444 3566 3669 3630 exponit:

528 3646 809 3699 Ecclesiam
854 3659 1176 3711 exarserunt,
1233 3650 1483 3704 bellorum
1531 3650 1827 3703 auctoribus
1869 3650 2057 3702 factum
2164 3658 2408 3718 «Beatus,
2454 3658 2641 3721 inquit,
2689 3657 2805 3722 qui,
2859 3654 3132 3725 interfecto
3183 3653 3529 3716 Antichristo,
3573 3653 3671 3704 dies

538 3736 768 3787 historia:
794 3738 1018 3792 tradunt.
1047 3739 1333 3792 Notandum
1356 3741 1492 3793 enim
1516 3741 1653 3808 quod
1679 3754 1778 3792 non
1799 3743 2057 3806 aitaperte
2158 3764 2313 3815 super
2346 3762 2617 3799 numerum
2663 3746 2955 3813 perlinitum
3000 3744 3339 3811 quadraginta
3379 3754 3432 3797 et
3468 3745 3673 3811 quinque

534 3824 703 3890 Super
740 3839 920 3877 omnes
964 3841 1110 3894 reges
1140 3838 1309 3890 terrae,
1352 3829 1487 3881 sicut
1515 3843 1609 3882 nec
1650 3829 1813 3894 Super
1854 3842 2056 3879 omnem

2157 3840 2509 3907 pt‘azstolatur,
2542 3838 2731 3904 quibus
2761 3844 2843 3888 est
2876 3834 3123 3887 Dominus
3164 3843 3322 3901 atque
3364 3835 3595 3886 Salvator
3630 3849 3670 3884 ut

534 3913 768 3965 militiam
798 3914 947 3975 cteli;
990 3918 1077 3968 sed
1122 3917 1379 3981 absolute,
1422 3918 1633 3969 visitavi!
1678 3915 1826 3976 Deus,
1874 3915 2057 3980 inquit,
2158 3943 2248 3980 sua
2305 3928 2573 3993 majemle
2618 3937 2882 3979 νεηιυτυε,
2932 3943 2951 3976 ,
3004 3925 3195 3993 Quare
3237 3933 3409 3978 autem
3458 3934 3568 3991 ροει
3610 3925 3672 3973 in-

534 4014 683 4062 "‘1’"
721 4000 949 4049 ’κηπίαή
990 4001 1099 4050 cm“
1137 4001 1187 4051 ίη
1225 4006 1437 4062 “cel-‘0’
1467 4012 1511 4053 ει
1545 4020 1690 4068 δίιμεν
1718 3998 1855 4069 τερεδ
1894 4014 2055 4068 lem".
2159 4017 2513 4069 terfectinnem
2577 4000 2878 4067 Antichristi
2944 3992 3283 4081 quadraginta
3353 4025 3406 4066 et
3468 4014 3674 4078 quinque

533 4088 619 4153 qui
647 4093 758 4138 sunt
799 4101 945 4153 super
986 4097 1203 4149 terram;
1235 4091 1369 4167 unde
1398 4090 1515 4141 licet
1543 4091 1652 4143 haec
1683 4105 1783 4141 non
1812 4092 1876 4141 de
1906 4104 2057 4155 gene-

2158 4104 2357 4159 dierutn
2390 4104 2652 4157 silentium
2681 4106 2771 4165 sit,
2806 4104 2994 4155 divinae
3035 4103 3267 4155 scientia:
3292 4112 3393 4160 est.
3432 4104 3527 4155 nisi
3564 4104 3672 4152 forte

534 4175 626 4226 rali
656 4174 903 4236 omnium,
937 4176 1026 4227 sed
1061 4176 1125 4228 de
1154 4177 1362 4243 speciali
1409 4178 1746 4242 quorumdam
1795 4177 2057 4228 hominum

2160 4195 2393 4246 dicamus
2440 4192 2624 4246 dilatio
2676 4194 2819 4259 regni
2888 4201 3185 4244 sanctorum
3236 4192 3497 4259 patientiae
3549 4209 3672 4243 com-

539 4262 943 4328 angeloruntque
990 4264 1237 4316 malorum
1302 4264 1588 4331 dejectione
1632 4264 1769 4317 dicta
1818 4265 2056 4331 intelligi;
2168 4281 2399 4346 probatio
2448 4288 2559 4339 est;
2606 4278 2695 4331 sed
2747 4287 2797 4329 ει
2853 4277 2952 4329 hoc
3006 4279 3284 4329 notandum
3342 4280 3389 4331 ίη
3443 4293 3509 4331 eo
3557 4276 3673 4346 quod

538 4360 581 4402 εί
621 4351 1049 4419 εοηθνεθίώυηίητ
1090 4353 1141 4404 in
1181 4354 1608 4421 εθηθνθθατίοηθηῖ
1653 4354 1799 4405 “nius
1837 4354 1983 4420 [αδίίε
2011 4355 2060 4404 ίη
2163 4366 2410 4431 scriptum
2440 4373 2539 4429 est,
2578 4363 2638 4414 Et
2664 4374 2769 4428 post
2806 4364 2983 4415 multos
3029 4364 3134 4414 dies
3180 4363 3547 4425 visitabuntur.
3574 4366 3674 4432 quia

540 4442 731 4503 larum,
760 4451 802 4490 et
842 4442 1155 4492 includentur
1190 4443 1257 4492 ibi
1295 4446 1343 4493 in
1384 4460 1654 4508 carcerem,
1694 4444 1758 4497 de
1794 4444 2059 4496 animabus
2163 4453 2269 4519 ipsa
2310 4453 2586 4503 multorum
2630 4452 2829 4503 dierum
2867 4450 3146 4516 appellatio
3190 4454 3559 4519 congruentius
3595 4453 3676 4504 bu-

537 4528 725 4581 dicitur
770 4543 949 4582 eorum
1004 4546 1243 4598 quorum,
1279 4531 1494 4584 Domino
1538 4534 1798 4597 visitante,
1844 4548 2057 4599 corpora
2091 4563 2137 4617 ο
2166 4543 2244 4606 ius
2286 4538 2458 4591 saeculi
2503 4538 2819 4603 temporibus
2862 4539 3175 4603 assignetur.
3200 4554 3315 4604 qua:
3346 4540 3541 4592 alterna
3580 4540 3671 4590 die-

540 4619 797 4671 dabuntur
836 4620 886 4670 in
916 4632 1157 4687 mortem,
1184 4638 1296 4687 qua:
1324 4623 1418 4675 etsi
1450 4638 1549 4675 non
1578 4623 1725 4675 simul
1756 4637 1976 4690 egressa:
2000 4624 2065 4677 de
2167 4643 2278 4681 rum
2324 4641 2384 4679 ac
2422 4627 2646 4678 noctium
2693 4625 3047 4677 vicissitudine
3080 4625 3513 4693 multiplicantur,
3544 4640 3675 4691 quam

537 4721 778 4772 corpore,
808 4716 1006 4759 cuncta
1045 4719 1212 4761 tamen
1254 4725 1348 4763 suo
1378 4725 1591 4779 quaeque
1628 4713 1676 4764 iu
1705 4712 1883 4765 ordine
1918 4728 2059 4765 eum—
2166 4718 2345 4779 futuri,
2384 4716 2467 4768 ubi
2493 4715 2817 4768 cessantibus
2848 4716 3090 4768 horarum
3117 4715 3470 4775 dismrsibus,
3501 4714 3673 4765 sanctis

542 4796 659 4847 uel“
695 4797 1145 4863 constes-ibunt!"
1185 4797 1233 4848 in
1281 4800 1494 4861 fascea),
1540 4802 1769 4867 ejusdem
1802 4816 2065 4869 poenarum
2162 4807 2259 4858 etit
2287 4804 2535 4857 Dominus
2560 4804 2608 4856 in
2641 4804 2807 4857 lucem
2837 4806 3205 4872 sempiternam
3227 4844 3240 4865 ,
3264 4810 3318 4857 et
3338 4802 3503 4869 impii,
3533 4803 3678 4872 ligatis

541 4887 843 4950 perennium
875 4886 1249 4940 coneludeutur
1283 4885 1377 4956 [in]
1411 4891 1741 4955 ergastulum.
1784 4891 1935 4944 Juxta
1963 4894 2064 4944 uti-
2164 4893 2400 4946 manibus
2421 4907 2479 4944 ac
2505 4892 2743 4959 pedibus,
2761 4894 3041 4946 exteriores
3063 4892 3335 4945 mittentur
3359 4893 3410 4944 in
3432 4861 3673 4943 tenebras.

543 4988 643 5039 que
671 4976 1060 5039 dispositionem
1085 4976 1305 5030 districti
1333 4979 1539 5045 judicis,
1568 4989 1623 5031 ut
1646 4982 1730 5046 qui
1758 4982 1867 5046 pari
1897 4992 2067 5035 mente
2166 4983 2383 5049 Ideoque
2406 4992 2549 5035 recte
2580 4982 2909 5035 sentiendum
2937 4982 3057 5048 quia
3085 4981 3169 5049 qui
3201 4995 3340 5033 nunc
3367 4980 3674 5034 infernalium

548 5061 978 5128 impugnaveruut
1010 5062 1317 5127 Et‘clesiant,
1362 5068 1554 5132 pariter
1589 5083 1693 5120 sua:
1737 5068 2067 5122 theomachim
2168 5070 2491 5121 tenebrarum
2534 5083 2745 5121 carcere
2790 5078 3051 5131 tenentur,
3082 5076 3201 5136 post
3245 5069 3437 5122 multos
3479 5072 3676 5124 labentis

548 5150 858 5216 supplicium
906 5151 1065 5202 luant.
1101 5151 1247 5216 Quod
1279 5165 1326 5206 et
1359 5156 1422 5207 de
1448 5156 1650 5207 caeteris
1697 5157 1928 5223 reprobis
1960 5157 2067 5211 ﬁeri
2173 5159 2326 5224 hujus
2373 5159 2551 5210 szeeuli
2584 5159 2697 5210 dies
2727 5156 3018 5219 tisilentnr,
3047 5158 3097 5209 in
3141 5158 3226 5210 illa
3273 5161 3449 5225 utique
3491 5159 3612 5211 hora
3636 5160 3676 5208 in

550 5236 787 5289 doctores
820 5233 1071 5291 Ecclesia:
1118 5240 1343 5303 tradunt,
1380 5256 1549 5307 pares,
1590 5243 1842 5309 videlicet,
1878 5246 1928 5298 in
1958 5249 2069 5299 cul-
2168 5264 2265 5316 qua
2297 5265 2465 5301 omnes
2495 5250 2577 5315 qui
2605 5250 2653 5299 in
2686 5250 3012 5301 monumentis
3040 5261 3151 5300 sunt
3174 5251 3373 5302 audient
3406 5265 3568 5300 vocent
3592 5247 3676 5301 Do-

550 5326 649 5388 pis,
684 5325 871 5389 pariter
888 5325 1209 5379 damnandos
1240 5326 1289 5377 in
1316 5328 1479 5391 ptnnis
1504 5336 1554 5379 et
1582 5330 1689 5382 hinc
1709 5346 1822 5387 esse
1851 5336 1984 5401 quod
2007 5335 2071 5389 de
2169 5340 2287 5390 mini
2314 5348 2357 5391 et
2387 5338 2671 5403 procedant,
2694 5339 2778 5404 qui
2801 5336 2927 5389 bona
2952 5340 3187 5404 fecerant,
3210 5338 3259 5387 in
3286 5336 3675 5389 resurrectionem

551 5410 763 5464 zizaniis
784 5412 1114 5467 aitDominus
1134 5431 1145 5465 :
1165 5416 1447 5482 Alligatcca
1462 5416 1696 5482 [ascit'ulo
1714 5421 1780 5469 ad
1793 5424 2073 5475 comburrn-
2172 5425 2301 5485 vita),
2330 5425 2414 5488 qui
2440 5439 2550 5474 vero
2580 5424 2709 5474 mala
2753 5433 2953 5491 egerunt
2994 5424 3041 5471 in
3070 5422 3468 5474 resurrectionem
3491 5423 3675 5490 jedicii,

554 5503 693 5561 dum,
718 5514 896 5553 avaros
926 5515 1041 5553 cmn
1073 5506 1271 5567 avaris,
1307 5504 1603 5557 luxuriosos
1629 5521 1743 5558 cum
1776 5508 2071 5575 luxuriosis,
2172 5512 2316 5577 cujus
2349 5511 2659 5577 visitationis
2690 5518 2923 5574 tempore
2966 5510 3052 5562 ﬁet
3078 5510 3177 5562 hoc
3208 5524 3417 5577 quoque
3451 5514 3586 5579 quod
3611 5529 3676 5567 se-

557 5590 790 5653 ρενὶυιοε
812 5606 924 5642 cui"
956 5590 1195 5656 Pei'll'ris.
1226 5602 1277 5644 et
1305 5604 1523 5646 exteros
1550 5610 1605 5662 qt
1624 5610 1752 5662 aque
1781 5605 2077 5659 peccatores
2174 5602 2343 5669 quitur
2369 5618 2379 5649 :
2406 5600 2469 5652 Et
2496 5602 2739 5653 erubescet
2765 5600 2884 5651 luna
2912 5609 2955 5649 et
2977 5601 3307 5667 confundetur
3327 5606 3423 5661 sol.
3453 5605 3501 5655 id
3529 5605 3675 5671 ipsum

559 5690 669 5727 runt
699 5679 883 5730 similis
918 5682 1080 5746 culpa:
1114 5682 1470 5745 complicibus,
1516 5685 1665 5737 simul
1706 5694 1911 5740 teternis
1948 5689 2075 5755 igni-
2178 5687 2391 5739 Domino
2423 5690 2472 5740 in
2500 5687 2777 5753 Evangelia
2804 5695 3103 5751 attestante,
3144 5690 3231 5756 qui
3255 5691 3365 5742 ait:
3394 5691 3577 5744 Statim
3604 5708 3675 5743 nt-

564 5766 649 5811 ἠτιδ
675 5780 785 5819 esse
814 5769 1135 5833 ntt‘rgcttdos.
1168 5768 1620 5837 Congtegabuutur
1649 5790 1803 5842 ergo,
1832 5791 2076 5842 pereunte
2177 5791 2265 5831 tcnt
2289 5790 2396 5840 past
2417 5780 2780 5832 tribulationem
2804 5777 2995 5830 dierum
3016 5778 3239 5848 illorum,
3262 5782 3339 5833 sol
3360 5783 3679 5835 abst-arabitur
