  <div class='ocr_page' id='page_1' title='image "/cluster/home/n/w/nwhite01/storage/ocr_20150623/94/uva.x000827077/362.png"; bbox 0 0 3862 6352; ppageno 0'>
   <div class='ocr_carea' id='block_1_1' title="bbox 142 493 240 550">
    <p class='ocr_par' dir='ltr' id='par_1_1' title="bbox 142 493 240 550">
     <span class='ocr_line' id='line_1_1' title="bbox 142 493 240 550; baseline -0.031 0"><span class='ocrx_word' id='word_1_1' title='bbox 142 493 240 550; x_wconf 78' lang='grc'><strong>709</strong></span> 
     </span>
    </p>
   </div>
   <div class='ocr_carea' id='block_1_2' title="bbox 1320 495 2154 555">
    <p class='ocr_par' dir='ltr' id='par_1_2' title="bbox 1320 495 2154 555">
     <span class='ocr_line' id='line_1_2' title="bbox 1320 495 2154 555; baseline -0.007 0"><span class='ocrx_word' id='word_1_2' title='bbox 1320 500 1508 555; x_wconf 69' lang='grc' dir='ltr'><strong>ΒΙΞΩΤ.</strong></span> <span class='ocrx_word' id='word_1_3' title='bbox 1555 500 1636 551; x_wconf 76' lang='lat' dir='ltr'><strong>IV.</strong></span> <span class='ocrx_word' id='word_1_4' title='bbox 1681 527 1746 536; x_wconf 87' lang='lat'><strong>--</strong></span> <span class='ocrx_word' id='word_1_5' title='bbox 1788 495 2154 551; x_wconf 69' lang='lat' dir='ltr'><strong>ENSTOL/E.</strong></span> 
     </span>
    </p>
   </div>
   <div class='ocr_carea' id='block_1_3' title="bbox 3218 493 3320 546">
    <p class='ocr_par' dir='ltr' id='par_1_3' title="bbox 3218 493 3320 546">
     <span class='ocr_line' id='line_1_3' title="bbox 3218 493 3320 546; baseline 0.049 -5"><span class='ocrx_word' id='word_1_6' title='bbox 3218 493 3320 546; x_wconf 80' lang='grc' dir='ltr'><strong>ἨΟ</strong></span> 
     </span>
    </p>
   </div>
   <div class='ocr_carea' id='block_1_4' title="bbox 127 609 3323 678">
    <p class='ocr_par' dir='ltr' id='par_1_4' title="bbox 127 609 3323 678">
     <span class='ocr_line' id='line_1_4' title="bbox 127 609 3323 678; baseline -0.002 -15"><span class='ocrx_word' id='word_1_7' title='bbox 127 625 172 664; x_wconf 81' lang='lat' dir='ltr'><strong>et</strong></span> <span class='ocrx_word' id='word_1_8' title='bbox 205 617 328 666; x_wconf 84' lang='lat' dir='ltr'><strong>luna</strong></span> <span class='ocrx_word' id='word_1_9' title='bbox 355 628 452 664; x_wconf 92' lang='lat' dir='ltr'><strong>non</strong></span> <span class='ocrx_word' id='word_1_10' title='bbox 478 614 613 664; x_wconf 78' lang='lat' dir='ltr'><strong>dubit</strong></span> <span class='ocrx_word' id='word_1_11' title='bbox 643 614 808 664; x_wconf 87' lang='lat' dir='ltr'><strong>lumen</strong></span> <span class='ocrx_word' id='word_1_12' title='bbox 837 627 1016 675; x_wconf 73' lang='lat' dir='ltr'><strong>tuum;</strong></span> <span class='ocrx_word' id='word_1_13' title='bbox 1042 621 1092 663; x_wconf 91' lang='lat' dir='ltr'><strong>et</strong></span> <span class='ocrx_word' id='word_1_14' title='bbox 1123 615 1272 676; x_wconf 55' lang='lat' dir='ltr'><strong>paulo</strong></span> <span class='ocrx_word' id='word_1_15' title='bbox 1292 622 1406 678; x_wconf 91' lang='lat' dir='ltr'><strong>post</strong></span> <span class='ocrx_word' id='word_1_16' title='bbox 1430 630 1442 661; x_wconf 86' lang='lat'><strong>:</strong></span> <span class='ocrx_word' id='word_1_17' title='bbox 1475 610 1537 662; x_wconf 73' lang='lat' dir='ltr'><strong>Et</strong></span> <span class='ocrx_word' id='word_1_18' title='bbox 1565 621 1679 662; x_wconf 89' lang='lat' dir='ltr'><strong>tunc</strong></span> <span class='ocrx_word' id='word_1_19' title='bbox 1711 615 1758 668; x_wconf 76' lang='grc' dir='ltr'>Α</span> <span class='ocrx_word' id='word_1_20' title='bbox 1786 614 1957 662; x_wconf 83' lang='lat' dir='ltr'><strong>coisse</strong></span> <span class='ocrx_word' id='word_1_21' title='bbox 1984 612 2194 666; x_wconf 86' lang='lat' dir='ltr'><strong>dubium</strong></span> <span class='ocrx_word' id='word_1_22' title='bbox 2226 623 2324 661; x_wconf 87' lang='lat' dir='ltr'><strong>nou</strong></span> <span class='ocrx_word' id='word_1_23' title='bbox 2355 618 2453 662; x_wconf 78' lang='lat' dir='ltr'><strong>est.</strong></span> <span class='ocrx_word' id='word_1_24' title='bbox 2478 609 2884 664; x_wconf 75' lang='lat' dir='ltr'><strong>Intercedentem</strong></span> <span class='ocrx_word' id='word_1_25' title='bbox 2910 624 3000 676; x_wconf 87' lang='lat' dir='ltr'><strong>pro</strong></span> <span class='ocrx_word' id='word_1_26' title='bbox 3025 610 3172 660; x_wconf 67' lang='lat' dir='ltr'><strong>uoles</strong></span> <span class='ocrx_word' id='word_1_27' title='bbox 3202 613 3323 658; x_wconf 87' lang='lat' dir='ltr'><strong>hea-</strong></span> 
     </span>
    </p>
   </div>
   <div class='ocr_carea' id='block_1_5' title="bbox 131 700 1678 769">
    <p class='ocr_par' dir='ltr' id='par_1_5' title="bbox 131 700 1678 769">
     <span class='ocr_line' id='line_1_5' title="bbox 131 700 1678 769; baseline 0 -17"><span class='ocrx_word' id='word_1_28' title='bbox 131 711 374 769; x_wconf 78' lang='lat' dir='ltr'><strong>ptnngent</strong></span> <span class='ocrx_word' id='word_1_29' title='bbox 398 717 563 753; x_wconf 83' lang='lat' dir='ltr'><strong>omnes</strong></span> <span class='ocrx_word' id='word_1_30' title='bbox 592 703 746 752; x_wconf 84' lang='lat' dir='ltr'><strong>tribus</strong></span> <span class='ocrx_word' id='word_1_31' title='bbox 777 710 920 753; x_wconf 75' lang='lat' dir='ltr'><strong>terra:</strong></span> <span class='ocrx_word' id='word_1_32' title='bbox 947 709 992 753; x_wconf 83' lang='lat' dir='ltr'><strong>et</strong></span> <span class='ocrx_word' id='word_1_33' title='bbox 1022 701 1249 751; x_wconf 77' lang='lat' dir='ltr'><strong>ridebunt</strong></span> <span class='ocrx_word' id='word_1_34' title='bbox 1282 700 1469 752; x_wconf 72' lang='lat' dir='ltr'><strong>Filium</strong></span> <span class='ocrx_word' id='word_1_35' title='bbox 1518 703 1678 752; x_wconf 81' lang='lat' dir='ltr'><strong>homi-</strong></span> 
     </span>
    </p>
   </div>
   <div class='ocr_carea' id='block_1_6' title="bbox 127 789 1679 842">
    <p class='ocr_par' dir='ltr' id='par_1_6' title="bbox 127 789 1679 842">
     <span class='ocr_line' id='line_1_6' title="bbox 127 789 1679 842; baseline 0.001 -3"><span class='ocrx_word' id='word_1_36' title='bbox 127 791 211 842; x_wconf 86' lang='lat' dir='ltr'><strong>nis</strong></span> <span class='ocrx_word' id='word_1_37' title='bbox 239 792 509 841; x_wconf 70' lang='lat' dir='ltr'><strong>venientem</strong></span> <span class='ocrx_word' id='word_1_38' title='bbox 538 790 590 841; x_wconf 87' lang='lat' dir='ltr'><strong>in</strong></span> <span class='ocrx_word' id='word_1_39' title='bbox 614 790 824 842; x_wconf 67' lang='lat' dir='ltr'><strong>nnbiaus</strong></span> <span class='ocrx_word' id='word_1_40' title='bbox 852 791 964 842; x_wconf 67' lang='lat' dir='ltr'><strong>caeli</strong></span> <span class='ocrx_word' id='word_1_41' title='bbox 991 805 1101 840; x_wconf 81' lang='lat' dir='ltr'><strong>cum</strong></span> <span class='ocrx_word' id='word_1_42' title='bbox 1124 789 1299 840; x_wconf 82' lang='lat' dir='ltr'><strong>virtute</strong></span> <span class='ocrx_word' id='word_1_43' title='bbox 1329 791 1481 840; x_wconf 74' lang='lat' dir='ltr'><strong>nullm</strong></span> <span class='ocrx_word' id='word_1_44' title='bbox 1504 800 1550 841; x_wconf 87' lang='lat' dir='ltr'><strong>et</strong></span> <span class='ocrx_word' id='word_1_45' title='bbox 1573 805 1679 840; x_wconf 90' lang='lat' dir='ltr'><strong>ma-</strong></span> 
     </span>
    </p>
   </div>
   <div class='ocr_carea' id='block_1_7' title="bbox 128 878 1679 949">
    <p class='ocr_par' dir='ltr' id='par_1_7' title="bbox 128 878 1679 949">
     <span class='ocr_line' id='line_1_7' title="bbox 128 878 1679 949; baseline -0.001 -18"><span class='ocrx_word' id='word_1_46' title='bbox 128 884 332 949; x_wconf 69' lang='lat' dir='ltr'><strong>iestate,</strong></span> <span class='ocrx_word' id='word_1_47' title='bbox 364 889 410 930; x_wconf 90' lang='lat' dir='ltr'><strong>et</strong></span> <span class='ocrx_word' id='word_1_48' title='bbox 445 881 601 932; x_wconf 84' lang='lat' dir='ltr'><strong>mittet</strong></span> <span class='ocrx_word' id='word_1_49' title='bbox 628 879 831 946; x_wconf 63' lang='lat' dir='ltr'><strong>angelos</strong></span> <span class='ocrx_word' id='word_1_50' title='bbox 859 895 975 931; x_wconf 83' lang='lat' dir='ltr'><strong>suos</strong></span> <span class='ocrx_word' id='word_1_51' title='bbox 999 894 1111 929; x_wconf 87' lang='lat' dir='ltr'><strong>cum</strong></span> <span class='ocrx_word' id='word_1_52' title='bbox 1140 878 1258 928; x_wconf 81' lang='lat' dir='ltr'><strong>tuba</strong></span> <span class='ocrx_word' id='word_1_53' title='bbox 1286 887 1328 929; x_wconf 82' lang='lat' dir='ltr'><strong>et</strong></span> <span class='ocrx_word' id='word_1_54' title='bbox 1356 894 1469 929; x_wconf 76' lang='lat' dir='ltr'><strong>voce</strong></span> <span class='ocrx_word' id='word_1_55' title='bbox 1497 887 1679 947; x_wconf 75' lang='lat' dir='ltr'><strong>magna</strong></span> 
     </span>
    </p>
   </div>
   <div class='ocr_carea' id='block_1_8' title="bbox 127 967 1677 1034">
    <p class='ocr_par' dir='ltr' id='par_1_8' title="bbox 127 967 1677 1034">
     <span class='ocr_line' id='line_1_8' title="bbox 127 967 1677 1034; baseline -0.003 -14"><span class='ocrx_word' id='word_1_56' title='bbox 127 977 177 1020; x_wconf 80' lang='lat' dir='ltr'><strong>et</strong></span> <span class='ocrx_word' id='word_1_57' title='bbox 208 969 580 1034; x_wconf 81' lang='lat' dir='ltr'><strong>congregabunt</strong></span> <span class='ocrx_word' id='word_1_58' title='bbox 621 967 798 1018; x_wconf 83' lang='lat' dir='ltr'><strong>electos</strong></span> <span class='ocrx_word' id='word_1_59' title='bbox 846 969 952 1034; x_wconf 81' lang='lat' dir='ltr'><strong>ejus</strong></span> <span class='ocrx_word' id='word_1_60' title='bbox 991 982 1022 1017; x_wconf 88' lang='lat' dir='ltr'><strong>a</strong></span> <span class='ocrx_word' id='word_1_61' title='bbox 1067 977 1280 1031; x_wconf 84' lang='lat' dir='ltr'><strong>quatuor</strong></span> <span class='ocrx_word' id='word_1_62' title='bbox 1324 967 1498 1017; x_wconf 78' lang='lat' dir='ltr'><strong>uentis.</strong></span> <span class='ocrx_word' id='word_1_63' title='bbox 1533 967 1677 1029; x_wconf 82' lang='lat' dir='ltr'><strong>Quod</strong></span> 
     </span>
    </p>
   </div>
   <div class='ocr_carea' id='block_1_9' title="bbox 128 1054 1678 1122">
    <p class='ocr_par' dir='ltr' id='par_1_9' title="bbox 128 1054 1678 1122">
     <span class='ocr_line' id='line_1_9' title="bbox 128 1054 1678 1122; baseline 0 -16"><span class='ocrx_word' id='word_1_64' title='bbox 128 1067 310 1109; x_wconf 82' lang='lat' dir='ltr'><strong>autem</strong></span> <span class='ocrx_word' id='word_1_65' title='bbox 341 1055 486 1122; x_wconf 71' lang='grc' dir='ltr'><strong>(ιιι.λεί</strong></span> <span class='ocrx_word' id='word_1_66' title='bbox 516 1055 611 1107; x_wconf 84' lang='lat' dir='ltr'><strong>sub</strong></span> <span class='ocrx_word' id='word_1_67' title='bbox 650 1054 835 1107; x_wconf 88' lang='lat' dir='ltr'><strong>eodem</strong></span> <span class='ocrx_word' id='word_1_68' title='bbox 870 1062 1015 1107; x_wconf 78' lang='lat' dir='ltr'><strong>textu</strong></span> <span class='ocrx_word' id='word_1_69' title='bbox 1049 1054 1300 1121; x_wconf 87' lang='lat' dir='ltr'><strong>propheta</strong></span> <span class='ocrx_word' id='word_1_70' title='bbox 1334 1056 1597 1121; x_wconf 73' lang='lat' dir='ltr'><strong>subiungit</strong></span> <span class='ocrx_word' id='word_1_71' title='bbox 1629 1054 1678 1106; x_wconf 88' lang='lat' dir='ltr'><strong>in</strong></span> 
     </span>
    </p>
   </div>
   <div class='ocr_carea' id='block_1_10' title="bbox 128 1143 1678 1211">
    <p class='ocr_par' dir='ltr' id='par_1_10' title="bbox 128 1143 1678 1211">
     <span class='ocr_line' id='line_1_10' title="bbox 128 1143 1678 1211; baseline -0.001 -16"><span class='ocrx_word' id='word_1_72' title='bbox 128 1145 375 1196; x_wconf 81' lang='lat' dir='ltr'><strong>clausula</strong></span> <span class='ocrx_word' id='word_1_73' title='bbox 423 1143 600 1196; x_wconf 84' lang='lat' dir='ltr'><strong>dicens</strong></span> <span class='ocrx_word' id='word_1_74' title='bbox 630 1160 644 1193; x_wconf 84' lang='lat'><strong>:</strong></span> <span class='ocrx_word' id='word_1_75' title='bbox 675 1143 798 1194; x_wconf 84' lang='lat' dir='ltr'><strong>Cum</strong></span> <span class='ocrx_word' id='word_1_76' title='bbox 841 1143 1065 1211; x_wconf 82' lang='lat' dir='ltr'><strong>regnabit</strong></span> <span class='ocrx_word' id='word_1_77' title='bbox 1101 1143 1340 1195; x_wconf 79' lang='lat' dir='ltr'><strong>Dominus</strong></span> <span class='ocrx_word' id='word_1_78' title='bbox 1378 1145 1678 1196; x_wconf 70' lang='lat' dir='ltr'><strong>exercituum</strong></span> 
     </span>
    </p>
   </div>
   <div class='ocr_carea' id='block_1_11' title="bbox 123 1233 1676 1299">
    <p class='ocr_par' dir='ltr' id='par_1_11' title="bbox 123 1233 1676 1299">
     <span class='ocr_line' id='line_1_11' title="bbox 123 1233 1676 1299; baseline -0.001 -13"><span class='ocrx_word' id='word_1_79' title='bbox 123 1235 184 1286; x_wconf 84' lang='lat' dir='ltr'><strong>in</strong></span> <span class='ocrx_word' id='word_1_80' title='bbox 217 1245 381 1287; x_wconf 84' lang='lat' dir='ltr'><strong>monte</strong></span> <span class='ocrx_word' id='word_1_81' title='bbox 411 1233 536 1289; x_wconf 85' lang='lat' dir='ltr'><strong>Sion</strong></span> <span class='ocrx_word' id='word_1_82' title='bbox 565 1243 609 1286; x_wconf 85' lang='lat' dir='ltr'><strong>et</strong></span> <span class='ocrx_word' id='word_1_83' title='bbox 641 1235 692 1285; x_wconf 84' lang='lat' dir='ltr'><strong>in</strong></span> <span class='ocrx_word' id='word_1_84' title='bbox 720 1233 1001 1285; x_wconf 76' lang='lat' dir='ltr'><strong>Jerusalem</strong></span> <span class='ocrx_word' id='word_1_85' title='bbox 1043 1242 1088 1285; x_wconf 90' lang='lat' dir='ltr'><strong>ct</strong></span> <span class='ocrx_word' id='word_1_86' title='bbox 1129 1236 1178 1286; x_wconf 82' lang='lat' dir='ltr'><strong>in</strong></span> <span class='ocrx_word' id='word_1_87' title='bbox 1208 1245 1475 1299; x_wconf 80' lang='lat' dir='ltr'><strong>conspectu</strong></span> <span class='ocrx_word' id='word_1_88' title='bbox 1505 1250 1676 1286; x_wconf 84' lang='lat' dir='ltr'><strong>senum</strong></span> 
     </span>
    </p>
   </div>
   <div class='ocr_carea' id='block_1_12' title="bbox 123 1322 1681 1392">
    <p class='ocr_par' dir='ltr' id='par_1_12' title="bbox 123 1322 1681 1392">
     <span class='ocr_line' id='line_1_12' title="bbox 123 1322 1681 1392; baseline -0.001 -18"><span class='ocrx_word' id='word_1_89' title='bbox 123 1339 338 1375; x_wconf 81' lang='lat' dir='ltr'><strong>suorum</strong></span> <span class='ocrx_word' id='word_1_90' title='bbox 365 1324 524 1392; x_wconf 72' lang='lat' dir='ltr'><strong>fuerit</strong></span> <span class='ocrx_word' id='word_1_91' title='bbox 546 1324 877 1392; x_wconf 78' lang='lat' dir='ltr'><strong>gloriﬁcatus,</strong></span> <span class='ocrx_word' id='word_1_92' title='bbox 901 1325 1062 1392; x_wconf 77' lang='lat' dir='ltr'><strong>magis</strong></span> <span class='ocrx_word' id='word_1_93' title='bbox 1087 1333 1270 1376; x_wconf 75' lang='lat' dir='ltr'><strong>exacto</strong></span> <span class='ocrx_word' id='word_1_94' title='bbox 1290 1323 1472 1391; x_wconf 86' lang='lat' dir='ltr'><strong>judicii</strong></span> <span class='ocrx_word' id='word_1_95' title='bbox 1495 1322 1681 1375; x_wconf 64' lang='lat' dir='ltr'><strong>discrio</strong></span> 
     </span>
    </p>
   </div>
   <div class='ocr_carea' id='block_1_13' title="bbox 127 1411 1676 1479">
    <p class='ocr_par' dir='ltr' id='par_1_13' title="bbox 127 1411 1676 1479">
     <span class='ocr_line' id='line_1_13' title="bbox 127 1411 1676 1479; baseline -0.001 -17"><span class='ocrx_word' id='word_1_96' title='bbox 127 1413 275 1465; x_wconf 87' lang='lat' dir='ltr'><strong>mine</strong></span> <span class='ocrx_word' id='word_1_97' title='bbox 295 1412 660 1479; x_wconf 89' lang='lat' dir='ltr'><strong>complebitur,</strong></span> <span class='ocrx_word' id='word_1_98' title='bbox 675 1428 791 1465; x_wconf 88' lang='lat' dir='ltr'><strong>cum</strong></span> <span class='ocrx_word' id='word_1_99' title='bbox 818 1411 1002 1464; x_wconf 84' lang='lat' dir='ltr'><strong>ablatis</strong></span> <span class='ocrx_word' id='word_1_100' title='bbox 1021 1412 1216 1478; x_wconf 82' lang='lat' dir='ltr'><strong>impiis,</strong></span> <span class='ocrx_word' id='word_1_101' title='bbox 1242 1427 1308 1465; x_wconf 88' lang='lat' dir='ltr'><strong>ne</strong></span> <span class='ocrx_word' id='word_1_102' title='bbox 1325 1411 1533 1464; x_wconf 90' lang='lat' dir='ltr'><strong>videant</strong></span> <span class='ocrx_word' id='word_1_103' title='bbox 1555 1411 1676 1478; x_wconf 81' lang='lat' dir='ltr'><strong>glo-</strong></span> 
     </span>
    </p>
   </div>
   <div class='ocr_carea' id='block_1_14' title="bbox 125 1499 1674 1567">
    <p class='ocr_par' dir='ltr' id='par_1_14' title="bbox 125 1499 1674 1567">
     <span class='ocr_line' id='line_1_14' title="bbox 125 1499 1674 1567; baseline -0.001 -15"><span class='ocrx_word' id='word_1_104' title='bbox 125 1501 264 1552; x_wconf 87' lang='lat' dir='ltr'><strong>riam</strong></span> <span class='ocrx_word' id='word_1_105' title='bbox 291 1501 403 1564; x_wconf 89' lang='lat' dir='ltr'><strong>Dei,</strong></span> <span class='ocrx_word' id='word_1_106' title='bbox 440 1502 606 1553; x_wconf 97' lang='lat' dir='ltr'><strong>sancti</strong></span> <span class='ocrx_word' id='word_1_107' title='bbox 637 1514 820 1554; x_wconf 83' lang='lat' dir='ltr'><strong>omnes</strong></span> <span class='ocrx_word' id='word_1_108' title='bbox 857 1501 909 1553; x_wconf 91' lang='lat' dir='ltr'><strong>in</strong></span> <span class='ocrx_word' id='word_1_109' title='bbox 932 1515 1171 1567; x_wconf 74' lang='lat' dir='ltr'><strong>superna:</strong></span> <span class='ocrx_word' id='word_1_110' title='bbox 1192 1499 1419 1552; x_wconf 70' lang='lat' dir='ltr'><strong>civitatis</strong></span> <span class='ocrx_word' id='word_1_111' title='bbox 1447 1499 1674 1553; x_wconf 82' lang='lat' dir='ltr'><strong>mansio-</strong></span> 
     </span>
    </p>
   </div>
   <div class='ocr_carea' id='block_1_15' title="bbox 125 1589 1679 1657">
    <p class='ocr_par' dir='ltr' id='par_1_15' title="bbox 125 1589 1679 1657">
     <span class='ocr_line' id='line_1_15' title="bbox 125 1589 1679 1657; baseline 0.001 -17"><span class='ocrx_word' id='word_1_112' title='bbox 125 1603 254 1642; x_wconf 82' lang='lat' dir='ltr'><strong>nem</strong></span> <span class='ocrx_word' id='word_1_113' title='bbox 270 1589 330 1641; x_wconf 84' lang='lat' dir='ltr'><strong>ad</strong></span> <span class='ocrx_word' id='word_1_114' title='bbox 346 1590 792 1656; x_wconf 90' lang='lat' dir='ltr'><strong>contemplandam</strong></span> <span class='ocrx_word' id='word_1_115' title='bbox 816 1599 1065 1657; x_wconf 86' lang='lat' dir='ltr'><strong>perpetuo</strong></span> <span class='ocrx_word' id='word_1_116' title='bbox 1088 1592 1319 1657; x_wconf 84' lang='lat' dir='ltr'><strong>Speciem</strong></span> <span class='ocrx_word' id='word_1_117' title='bbox 1337 1591 1415 1644; x_wconf 88' lang='lat' dir='ltr'><strong>sui</strong></span> <span class='ocrx_word' id='word_1_118' title='bbox 1437 1590 1679 1643; x_wconf 84' lang='lat' dir='ltr'><strong>Condito-</strong></span> 
     </span>
    </p>
   </div>
   <div class='ocr_carea' id='block_1_16' title="bbox 125 1676 1674 1746">
    <p class='ocr_par' dir='ltr' id='par_1_16' title="bbox 125 1676 1674 1746">
     <span class='ocr_line' id='line_1_16' title="bbox 125 1676 1674 1746; baseline -0.001 -16"><span class='ocrx_word' id='word_1_119' title='bbox 125 1677 206 1731; x_wconf 87' lang='lat' dir='ltr'><strong>ris</strong></span> <span class='ocrx_word' id='word_1_120' title='bbox 233 1677 516 1730; x_wconf 88' lang='lat' dir='ltr'><strong>intrabunt.</strong></span> <span class='ocrx_word' id='word_1_121' title='bbox 536 1676 630 1732; x_wconf 89' lang='lat' dir='ltr'><strong>Ubi</strong></span> <span class='ocrx_word' id='word_1_122' title='bbox 656 1676 934 1730; x_wconf 87' lang='lat' dir='ltr'><strong>notandum</strong></span> <span class='ocrx_word' id='word_1_123' title='bbox 957 1679 1100 1744; x_wconf 88' lang='lat' dir='ltr'><strong>quia,</strong></span> <span class='ocrx_word' id='word_1_124' title='bbox 1126 1677 1259 1729; x_wconf 87' lang='lat' dir='ltr'><strong>sicut</strong></span> <span class='ocrx_word' id='word_1_125' title='bbox 1281 1679 1378 1728; x_wconf 90' lang='lat' dir='ltr'><strong>hoc</strong></span> <span class='ocrx_word' id='word_1_126' title='bbox 1400 1678 1514 1730; x_wconf 91' lang='lat' dir='ltr'><strong>loco</strong></span> <span class='ocrx_word' id='word_1_127' title='bbox 1531 1679 1674 1746; x_wconf 90' lang='lat' dir='ltr'><strong>quasi</strong></span> 
     </span>
    </p>
   </div>
   <div class='ocr_carea' id='block_1_17' title="bbox 125 1763 1674 1835">
    <p class='ocr_par' dir='ltr' id='par_1_17' title="bbox 125 1763 1674 1835">
     <span class='ocr_line' id='line_1_17' title="bbox 125 1763 1674 1835; baseline -0.001 -19"><span class='ocrx_word' id='word_1_128' title='bbox 125 1765 329 1829; x_wconf 83' lang='lat' dir='ltr'><strong>pariter</strong></span> <span class='ocrx_word' id='word_1_129' title='bbox 357 1764 526 1818; x_wconf 82' lang='lat' dir='ltr'><strong>futura</strong></span> <span class='ocrx_word' id='word_1_130' title='bbox 548 1765 790 1818; x_wconf 87' lang='lat' dir='ltr'><strong>dicuntur</strong></span> <span class='ocrx_word' id='word_1_131' title='bbox 817 1766 1059 1833; x_wconf 60' lang='lat' dir='ltr'><strong>quaeratis</strong></span> <span class='ocrx_word' id='word_1_132' title='bbox 1081 1763 1169 1835; x_wconf 67' lang='grc' dir='ltr'><strong>[Ρ.</strong></span> <span class='ocrx_word' id='word_1_133' title='bbox 1201 1779 1319 1832; x_wconf 66' lang='grc' dir='ltr'><strong>ᾳυίυ</strong></span> <span class='ocrx_word' id='word_1_134' title='bbox 1343 1764 1492 1834; x_wconf 81' lang='lat' dir='ltr'><strong>ratio]</strong></span> <span class='ocrx_word' id='word_1_135' title='bbox 1517 1768 1674 1818; x_wconf 85' lang='lat' dir='ltr'><strong>maui-</strong></span> 
     </span>
    </p>
   </div>
   <div class='ocr_carea' id='block_1_18' title="bbox 123 1853 1676 1922">
    <p class='ocr_par' dir='ltr' id='par_1_18' title="bbox 123 1853 1676 1922">
     <span class='ocr_line' id='line_1_18' title="bbox 123 1853 1676 1922; baseline 0.001 -16"><span class='ocrx_word' id='word_1_136' title='bbox 123 1853 263 1906; x_wconf 55' lang='lat' dir='ltr'><strong>feda</strong></span> <span class='ocrx_word' id='word_1_137' title='bbox 286 1855 548 1912; x_wconf 83' lang='lat' dir='ltr'><strong>discretim</strong></span> <span class='ocrx_word' id='word_1_138' title='bbox 581 1853 750 1907; x_wconf 83' lang='lat' dir='ltr'><strong>futura</strong></span> <span class='ocrx_word' id='word_1_139' title='bbox 779 1868 893 1908; x_wconf 86' lang='lat' dir='ltr'><strong>esse</strong></span> <span class='ocrx_word' id='word_1_140' title='bbox 921 1853 1179 1918; x_wconf 82' lang='lat' dir='ltr'><strong>declarat,</strong></span> <span class='ocrx_word' id='word_1_141' title='bbox 1210 1855 1275 1906; x_wconf 73' lang='lat' dir='ltr'><strong>ita</strong></span> <span class='ocrx_word' id='word_1_142' title='bbox 1308 1869 1424 1908; x_wconf 63' lang='lat' dir='ltr'><strong>esse</strong></span> <span class='ocrx_word' id='word_1_143' title='bbox 1438 1855 1676 1922; x_wconf 76' lang='lat' dir='ltr'><strong>superius</strong></span> 
     </span>
    </p>
   </div>
   <div class='ocr_carea' id='block_1_19' title="bbox 1785 698 3320 767">
    <p class='ocr_par' dir='ltr' id='par_1_19' title="bbox 1785 698 3320 767">
     <span class='ocr_line' id='line_1_19' title="bbox 1785 698 3320 767; baseline -0.001 -16"><span class='ocrx_word' id='word_1_144' title='bbox 1785 700 2058 752; x_wconf 88' lang='lat' dir='ltr'><strong>titudiuem</strong></span> <span class='ocrx_word' id='word_1_145' title='bbox 2092 709 2317 752; x_wconf 66' lang='lat' dir='ltr'><strong>vestram</strong></span> <span class='ocrx_word' id='word_1_146' title='bbox 2348 711 2572 763; x_wconf 85' lang='lat' dir='ltr'><strong>superna</strong></span> <span class='ocrx_word' id='word_1_147' title='bbox 2617 698 2784 766; x_wconf 73' lang='lat' dir='ltr'><strong>gratia</strong></span> <span class='ocrx_word' id='word_1_148' title='bbox 2823 710 3033 765; x_wconf 84' lang='lat' dir='ltr'><strong>semper</strong></span> <span class='ocrx_word' id='word_1_149' title='bbox 3071 699 3320 767; x_wconf 77' lang='lat' dir='ltr'><strong>adjuvare</strong></span> 
     </span>
    </p>
   </div>
   <div class='ocr_carea' id='block_1_20' title="bbox 1780 789 2048 857">
    <p class='ocr_par' dir='ltr' id='par_1_20' title="bbox 1780 789 2048 857">
     <span class='ocr_line' id='line_1_20' title="bbox 1780 789 2048 857; baseline 0.007 -17"><span class='ocrx_word' id='word_1_150' title='bbox 1780 789 2048 857; x_wconf 76' lang='lat' dir='ltr'><strong>dignetur!</strong></span> 
     </span>
    </p>
   </div>
   <div class='ocr_carea' id='block_1_21' title="bbox 2301 875 2796 930">
    <p class='ocr_par' dir='ltr' id='par_1_21' title="bbox 2301 875 2796 930">
     <span class='ocr_line' id='line_1_21' title="bbox 2301 875 2796 930; baseline 0.002 -2"><span class='ocrx_word' id='word_1_151' title='bbox 2301 876 2618 929; x_wconf 72' lang='lat' dir='ltr'><strong>EPlSTOl.A</strong></span> <span class='ocrx_word' id='word_1_152' title='bbox 2662 875 2796 930; x_wconf 76' lang='lat' dir='ltr'><strong>XVI.</strong></span> 
     </span>
    </p>
   </div>
   <div class='ocr_carea' id='block_1_22' title="bbox 2131 964 2967 1031">
    <p class='ocr_par' dir='ltr' id='par_1_22' title="bbox 2131 964 2967 1031">
     <span class='ocr_line' id='line_1_22' title="bbox 2131 964 2967 1031; baseline 0.005 -17"><span class='ocrx_word' id='word_1_153' title='bbox 2131 964 2202 1018; x_wconf 89' lang='lat' dir='ltr'><strong>Dc</strong></span> <span class='ocrx_word' id='word_1_154' title='bbox 2224 976 2403 1031; x_wconf 82' lang='lat' dir='ltr'><strong>septem</strong></span> <span class='ocrx_word' id='word_1_155' title='bbox 2427 964 2672 1029; x_wconf 73' lang='lat' dir='ltr'><strong>Epistolis</strong></span> <span class='ocrx_word' id='word_1_156' title='bbox 2701 969 2967 1018; x_wconf 72' lang='lat' dir='ltr'><strong>canonicis.</strong></span> 
     </span>
    </p>
   </div>
   <div class='ocr_carea' id='block_1_23' title="bbox 1850 1055 3322 1125">
    <p class='ocr_par' dir='ltr' id='par_1_23' title="bbox 1850 1055 3322 1125">
     <span class='ocr_line' id='line_1_23' title="bbox 1850 1055 3322 1125; baseline 0.005 -18"><span class='ocrx_word' id='word_1_157' title='bbox 1850 1055 2093 1118; x_wconf 86' lang='lat' dir='ltr'><strong>Jacobus,</strong></span> <span class='ocrx_word' id='word_1_158' title='bbox 2125 1057 2326 1117; x_wconf 80' lang='lat' dir='ltr'><strong>Petrus,</strong></span> <span class='ocrx_word' id='word_1_159' title='bbox 2359 1056 2586 1108; x_wconf 77' lang='lat' dir='ltr'><strong>Joannes</strong></span> <span class='ocrx_word' id='word_1_160' title='bbox 2607 1099 2619 1120; x_wconf 96' lang='lat'><strong>,</strong></span> <span class='ocrx_word' id='word_1_161' title='bbox 2652 1055 3033 1125; x_wconf 69' lang='lat' dir='ltr'><strong>Judas&#39;Septvm</strong></span> <span class='ocrx_word' id='word_1_162' title='bbox 3067 1062 3322 1125; x_wconf 67' lang='lat' dir='ltr'><strong>Epistolas</strong></span> 
     </span>
    </p>
   </div>
   <div class='ocr_carea' id='block_1_24' title="bbox 1782 1146 3314 1216">
    <p class='ocr_par' dir='ltr' id='par_1_24' title="bbox 1782 1146 3314 1216">
     <span class='ocr_line' id='line_1_24' title="bbox 1782 1146 3314 1216; baseline 0.006 -20"><span class='ocrx_word' id='word_1_163' title='bbox 1782 1146 2091 1209; x_wconf 85' lang='lat' dir='ltr'><strong>ediderunt,</strong></span> <span class='ocrx_word' id='word_1_164' title='bbox 2126 1162 2253 1214; x_wconf 68' lang='lat' dir='ltr'><strong>quas</strong></span> <span class='ocrx_word' id='word_1_165' title='bbox 2281 1148 2634 1200; x_wconf 67' lang='lat' dir='ltr'><strong>ecclesiastica</strong></span> <span class='ocrx_word' id='word_1_166' title='bbox 2665 1152 2989 1202; x_wconf 89' lang='lat' dir='ltr'><strong>consuetudo</strong></span> <span class='ocrx_word' id='word_1_167' title='bbox 3015 1154 3314 1216; x_wconf 80' lang='lat' dir='ltr'><strong>catholicas,</strong></span> 
     </span>
    </p>
   </div>
   <div class='ocr_carea' id='block_1_25' title="bbox 1782 1233 3319 1306">
    <p class='ocr_par' dir='ltr' id='par_1_25' title="bbox 1782 1233 3319 1306">
     <span class='ocr_line' id='line_1_25' title="bbox 1782 1233 3319 1306; baseline 0.006 -22"><span class='ocrx_word' id='word_1_168' title='bbox 1782 1233 1878 1285; x_wconf 77' lang='lat' dir='ltr'><strong>hoc</strong></span> <span class='ocrx_word' id='word_1_169' title='bbox 1921 1245 2036 1296; x_wconf 88' lang='lat' dir='ltr'><strong>est,</strong></span> <span class='ocrx_word' id='word_1_170' title='bbox 2074 1235 2428 1299; x_wconf 79' lang='lat' dir='ltr'><strong>universales,</strong></span> <span class='ocrx_word' id='word_1_171' title='bbox 2473 1238 2824 1302; x_wconf 74' lang='lat' dir='ltr'><strong>cognominat.</strong></span> <span class='ocrx_word' id='word_1_172' title='bbox 2877 1239 2928 1290; x_wconf 92' lang='lat' dir='ltr'><strong>In</strong></span> <span class='ocrx_word' id='word_1_173' title='bbox 2977 1240 3161 1306; x_wconf 86' lang='lat' dir='ltr'><strong>quibus</strong></span> <span class='ocrx_word' id='word_1_174' title='bbox 3204 1242 3319 1293; x_wconf 79' lang='lat' dir='ltr'><strong>ideo</strong></span> 
     </span>
    </p>
   </div>
   <div class='ocr_carea' id='block_1_26' title="bbox 1783 1323 3320 1398">
    <p class='ocr_par' dir='ltr' id='par_1_26' title="bbox 1783 1323 3320 1398">
     <span class='ocr_line' id='line_1_26' title="bbox 1783 1323 3320 1398; baseline 0.006 -26"><span class='ocrx_word' id='word_1_175' title='bbox 1783 1323 1942 1386; x_wconf 88' lang='lat' dir='ltr'><strong>prima</strong></span> <span class='ocrx_word' id='word_1_176' title='bbox 1978 1323 2205 1387; x_wconf 80' lang='lat' dir='ltr'><strong>Epistula</strong></span> <span class='ocrx_word' id='word_1_177' title='bbox 2234 1323 2415 1376; x_wconf 79' lang='lat' dir='ltr'><strong>Jacobi</strong></span> <span class='ocrx_word' id='word_1_178' title='bbox 2451 1324 2677 1390; x_wconf 86' lang='lat' dir='ltr'><strong>ponitur,</strong></span> <span class='ocrx_word' id='word_1_179' title='bbox 2703 1325 2816 1391; x_wconf 82' lang='lat' dir='ltr'><strong>quia</strong></span> <span class='ocrx_word' id='word_1_180' title='bbox 2844 1326 3320 1398; x_wconf 61' lang='lat' dir='ltr'><strong>ips:.lero~olymo-</strong></span> 
     </span>
    </p>
   </div>
   <div class='ocr_carea' id='block_1_27' title="bbox 1782 1413 3322 1485">
    <p class='ocr_par' dir='ltr' id='par_1_27' title="bbox 1782 1413 3322 1485">
     <span class='ocr_line' id='line_1_27' title="bbox 1782 1413 3322 1485; baseline 0.005 -21"><span class='ocrx_word' id='word_1_181' title='bbox 1782 1428 1894 1464; x_wconf 90' lang='lat' dir='ltr'><strong>rum</strong></span> <span class='ocrx_word' id='word_1_182' title='bbox 1928 1413 2207 1480; x_wconf 79' lang='lat' dir='ltr'><strong>regendam</strong></span> <span class='ocrx_word' id='word_1_183' title='bbox 2240 1415 2471 1478; x_wconf 82' lang='lat' dir='ltr'><strong>suscepit</strong></span> <span class='ocrx_word' id='word_1_184' title='bbox 2498 1415 2800 1467; x_wconf 75' lang='lat' dir='ltr'><strong>Ecclesium.</strong></span> <span class='ocrx_word' id='word_1_185' title='bbox 2837 1415 2888 1468; x_wconf 92' lang='lat' dir='ltr'><strong>In</strong></span> <span class='ocrx_word' id='word_1_186' title='bbox 2919 1419 3153 1485; x_wconf 79' lang='lat' dir='ltr'><strong>catalogo</strong></span> <span class='ocrx_word' id='word_1_187' title='bbox 3185 1422 3322 1472; x_wconf 87' lang='lat' dir='ltr'><strong>enim</strong></span> 
     </span>
    </p>
   </div>
   <div class='ocr_carea' id='block_1_28' title="bbox 1781 1501 3318 1566">
    <p class='ocr_par' dir='ltr' id='par_1_28' title="bbox 1781 1501 3318 1566">
     <span class='ocr_line' id='line_1_28' title="bbox 1781 1501 3318 1566; baseline 0.008 -16"><span class='ocrx_word' id='word_1_188' title='bbox 1781 1502 2138 1566; x_wconf 75' lang='lat' dir='ltr'><strong>apostolorum</strong></span> <span class='ocrx_word' id='word_1_189' title='bbox 2171 1501 2368 1566; x_wconf 82' lang='lat' dir='ltr'><strong>priores</strong></span> <span class='ocrx_word' id='word_1_190' title='bbox 2394 1504 2564 1555; x_wconf 90' lang='lat' dir='ltr'><strong>solent</strong></span> <span class='ocrx_word' id='word_1_191' title='bbox 2586 1505 2840 1558; x_wconf 87' lang='lat' dir='ltr'><strong>nominari</strong></span> <span class='ocrx_word' id='word_1_192' title='bbox 2869 1506 3048 1558; x_wconf 73' lang='lat' dir='ltr'><strong>Petrus</strong></span> <span class='ocrx_word' id='word_1_193' title='bbox 3074 1519 3124 1561; x_wconf 90' lang='lat' dir='ltr'><strong>et</strong></span> <span class='ocrx_word' id='word_1_194' title='bbox 3153 1509 3318 1562; x_wconf 81' lang='lat' dir='ltr'><strong>Joan-</strong></span> 
     </span>
    </p>
   </div>
   <div class='ocr_carea' id='block_1_29' title="bbox 1781 1588 3318 1663">
    <p class='ocr_par' dir='ltr' id='par_1_29' title="bbox 1781 1588 3318 1663">
     <span class='ocr_line' id='line_1_29' title="bbox 1781 1588 3318 1663; baseline 0.008 -24"><span class='ocrx_word' id='word_1_195' title='bbox 1781 1601 1892 1640; x_wconf 89' lang='lat' dir='ltr'><strong>nes.</strong></span> <span class='ocrx_word' id='word_1_196' title='bbox 1925 1588 2115 1642; x_wconf 75' lang='lat' dir='ltr'><strong>Verum</strong></span> <span class='ocrx_word' id='word_1_197' title='bbox 2148 1589 2261 1643; x_wconf 75' lang='lat' dir='ltr'><strong>lous</strong></span> <span class='ocrx_word' id='word_1_198' title='bbox 2291 1600 2344 1642; x_wconf 91' lang='lat' dir='ltr'><strong>et</strong></span> <span class='ocrx_word' id='word_1_199' title='bbox 2388 1592 2533 1659; x_wconf 81' lang='lat' dir='ltr'><strong>origo</strong></span> <span class='ocrx_word' id='word_1_200' title='bbox 2573 1596 2890 1662; x_wconf 68' lang='lat' dir='ltr'><strong>evangelicae</strong></span> <span class='ocrx_word' id='word_1_201' title='bbox 2934 1599 3318 1663; x_wconf 68' lang='lat' dir='ltr'><strong>prwdicationis</strong></span> 
     </span>
    </p>
   </div>
   <div class='ocr_carea' id='block_1_30' title="bbox 1782 1677 3320 1747">
    <p class='ocr_par' dir='ltr' id='par_1_30' title="bbox 1782 1677 3320 1747">
     <span class='ocr_line' id='line_1_30' title="bbox 1782 1677 3320 1747; baseline 0.008 -19"><span class='ocrx_word' id='word_1_202' title='bbox 1782 1677 2034 1744; x_wconf 87' lang='lat' dir='ltr'><strong>incipiens</strong></span> <span class='ocrx_word' id='word_1_203' title='bbox 2060 1693 2087 1730; x_wconf 92' lang='lat' dir='ltr'><strong>a</strong></span> <span class='ocrx_word' id='word_1_204' title='bbox 2114 1678 2458 1747; x_wconf 74' lang='lat' dir='ltr'><strong>Jerosolymis</strong></span> <span class='ocrx_word' id='word_1_205' title='bbox 2491 1694 2580 1747; x_wconf 89' lang='lat' dir='ltr'><strong>per</strong></span> <span class='ocrx_word' id='word_1_206' title='bbox 2603 1683 2789 1747; x_wconf 84' lang='lat' dir='ltr'><strong>orbem</strong></span> <span class='ocrx_word' id='word_1_207' title='bbox 2818 1685 3000 1738; x_wconf 81' lang='lat' dir='ltr'><strong>diﬂusa</strong></span> <span class='ocrx_word' id='word_1_208' title='bbox 3031 1695 3084 1738; x_wconf 89' lang='lat' dir='ltr'><strong>et</strong></span> <span class='ocrx_word' id='word_1_209' title='bbox 3111 1689 3320 1740; x_wconf 85' lang='lat' dir='ltr'><strong>univer-</strong></span> 
     </span>
    </p>
   </div>
   <div class='ocr_carea' id='block_1_31' title="bbox 1777 1765 3319 1838">
    <p class='ocr_par' dir='ltr' id='par_1_31' title="bbox 1777 1765 3319 1838">
     <span class='ocr_line' id='line_1_31' title="bbox 1777 1765 3319 1838; baseline 0.007 -23"><span class='ocrx_word' id='word_1_210' title='bbox 1777 1778 1914 1816; x_wconf 89' lang='lat' dir='ltr'><strong>sum.</strong></span> <span class='ocrx_word' id='word_1_211' title='bbox 1945 1765 2106 1832; x_wconf 84' lang='lat' dir='ltr'><strong>Cujus</strong></span> <span class='ocrx_word' id='word_1_212' title='bbox 2137 1768 2400 1819; x_wconf 78' lang='lat' dir='ltr'><strong>cathedrae</strong></span> <span class='ocrx_word' id='word_1_213' title='bbox 2430 1767 2732 1835; x_wconf 83' lang='lat' dir='ltr'><strong>dignitatem</strong></span> <span class='ocrx_word' id='word_1_214' title='bbox 2759 1773 2916 1823; x_wconf 89' lang='lat' dir='ltr'><strong>etiam</strong></span> <span class='ocrx_word' id='word_1_215' title='bbox 2965 1770 3152 1827; x_wconf 86' lang='lat' dir='ltr'><strong>Paulus</strong></span> <span class='ocrx_word' id='word_1_216' title='bbox 3191 1791 3319 1838; x_wconf 83' lang='lat' dir='ltr'><strong>apo-</strong></span> 
     </span>
    </p>
   </div>
   <div class='ocr_carea' id='block_1_32' title="bbox 1778 1851 3323 1925">
    <p class='ocr_par' dir='ltr' id='par_1_32' title="bbox 1778 1851 3323 1925">
     <span class='ocr_line' id='line_1_32' title="bbox 1778 1851 3323 1925; baseline 0.008 -20"><span class='ocrx_word' id='word_1_217' title='bbox 1778 1855 1942 1907; x_wconf 90' lang='lat' dir='ltr'><strong>stolus</strong></span> <span class='ocrx_word' id='word_1_218' title='bbox 1965 1855 2098 1909; x_wconf 89' lang='lat' dir='ltr'><strong>ineo</strong></span> <span class='ocrx_word' id='word_1_219' title='bbox 2121 1857 2435 1909; x_wconf 84' lang='lat' dir='ltr'><strong>nominando</strong></span> <span class='ocrx_word' id='word_1_220' title='bbox 2461 1872 2714 1912; x_wconf 88' lang='lat' dir='ltr'><strong>venerans</strong></span> <span class='ocrx_word' id='word_1_221' title='bbox 2735 1851 3091 1925; x_wconf 57' lang='lat' dir='ltr'><strong>aitEJ‘acobus,</strong></span> <span class='ocrx_word' id='word_1_222' title='bbox 3125 1864 3323 1925; x_wconf 65' lang='lat' dir='ltr'><strong>Cap/ms</strong></span> 
     </span>
    </p>
   </div>
   <div class='ocr_carea' id='block_1_33' title="bbox 124 1929 1673 2015">
    <p class='ocr_par' dir='ltr' id='par_1_33' title="bbox 124 1945 1673 2015">
     <span class='ocr_line' id='line_1_33' title="bbox 124 1945 1673 2015; baseline 0.002 -19"><span class='ocrx_word' id='word_1_223' title='bbox 124 1946 329 2012; x_wconf 86' lang='lat' dir='ltr'><strong>pariter</strong></span> <span class='ocrx_word' id='word_1_224' title='bbox 372 1955 424 1997; x_wconf 90' lang='lat' dir='ltr'><strong>et</strong></span> <span class='ocrx_word' id='word_1_225' title='bbox 467 1945 614 2010; x_wconf 91' lang='lat' dir='ltr'><strong>quasi</strong></span> <span class='ocrx_word' id='word_1_226' title='bbox 644 1946 740 1998; x_wconf 89' lang='lat' dir='ltr'><strong>sub</strong></span> <span class='ocrx_word' id='word_1_227' title='bbox 769 1947 924 1997; x_wconf 90' lang='lat' dir='ltr'><strong>unius</strong></span> <span class='ocrx_word' id='word_1_228' title='bbox 967 1946 1066 1999; x_wconf 88' lang='lat' dir='ltr'><strong>diei</strong></span> <span class='ocrx_word' id='word_1_229' title='bbox 1095 1946 1277 2012; x_wconf 86' lang='lat' dir='ltr'><strong>jodicii</strong></span> <span class='ocrx_word' id='word_1_230' title='bbox 1309 1946 1526 2015; x_wconf 87' lang='lat' dir='ltr'><strong>articulo</strong></span> <span class='ocrx_word' id='word_1_231' title='bbox 1555 1963 1673 2000; x_wconf 90' lang='lat' dir='ltr'><strong>cou-</strong></span> 
     </span>
    </p>
   </div>
   <div class='ocr_carea' id='block_1_34' title="bbox 1778 1929 3321 2015">
    <p class='ocr_par' dir='ltr' id='par_1_34' title="bbox 1783 1941 3321 2015">
     <span class='ocr_line' id='line_1_34' title="bbox 1783 1941 3321 2015; baseline 0.006 -22"><span class='ocrx_word' id='word_1_232' title='bbox 1783 1951 1829 1993; x_wconf 87' lang='lat' dir='ltr'><strong>ct</strong></span> <span class='ocrx_word' id='word_1_233' title='bbox 1856 1941 2098 2006; x_wconf 85' lang='lat' dir='ltr'><strong>Joannes,</strong></span> <span class='ocrx_word' id='word_1_234' title='bbox 2145 1947 2231 2009; x_wconf 88' lang='lat' dir='ltr'><strong>qui</strong></span> <span class='ocrx_word' id='word_1_235' title='bbox 2280 1946 2575 1998; x_wconf 82' lang='lat' dir='ltr'><strong>videbuntur</strong></span> <span class='ocrx_word' id='word_1_236' title='bbox 2633 1949 2878 2001; x_wconf 79' lang='lat' dir='ltr'><strong>columna:</strong></span> <span class='ocrx_word' id='word_1_237' title='bbox 2925 1948 3181 2015; x_wconf 74' lang='lat' dir='ltr'><strong>Ecclesire,</strong></span> <span class='ocrx_word' id='word_1_238' title='bbox 3241 1956 3321 2008; x_wconf 70' lang='lat' dir='ltr'><strong>vel</strong></span> 
     </span>
    </p>
   </div>
   <div class='ocr_carea' id='block_1_35' title="bbox 125 2033 1677 2103">
    <p class='ocr_par' dir='ltr' id='par_1_35' title="bbox 125 2033 1677 2103">
     <span class='ocr_line' id='line_1_35' title="bbox 125 2033 1677 2103; baseline 0.001 -20"><span class='ocrx_word' id='word_1_239' title='bbox 125 2041 394 2094; x_wconf 79' lang='lat' dir='ltr'><strong>tesantur,</strong></span> <span class='ocrx_word' id='word_1_240' title='bbox 427 2048 543 2098; x_wconf 77' lang='lat' dir='ltr'><strong>qua:</strong></span> <span class='ocrx_word' id='word_1_241' title='bbox 585 2033 774 2099; x_wconf 89' lang='lat' dir='ltr'><strong>partim</strong></span> <span class='ocrx_word' id='word_1_242' title='bbox 825 2035 1130 2087; x_wconf 88' lang='lat' dir='ltr'><strong>imminente</strong></span> <span class='ocrx_word' id='word_1_243' title='bbox 1182 2035 1294 2102; x_wconf 82' lang='lat' dir='ltr'><strong>ipso</strong></span> <span class='ocrx_word' id='word_1_244' title='bbox 1335 2035 1418 2088; x_wconf 89' lang='lat' dir='ltr'><strong>die</strong></span> <span class='ocrx_word' id='word_1_245' title='bbox 1460 2035 1677 2103; x_wconf 85' lang='lat' dir='ltr'><strong>judicii,</strong></span> 
     </span>
    </p>
   </div>
   <div class='ocr_carea' id='block_1_36' title="bbox 125 2123 1674 2194">
    <p class='ocr_par' dir='ltr' id='par_1_36' title="bbox 125 2123 1674 2194">
     <span class='ocr_line' id='line_1_36' title="bbox 125 2123 1674 2194; baseline 0.003 -21"><span class='ocrx_word' id='word_1_246' title='bbox 125 2123 322 2188; x_wconf 84' lang='lat' dir='ltr'><strong>partim</strong></span> <span class='ocrx_word' id='word_1_247' title='bbox 350 2123 456 2189; x_wconf 88' lang='lat' dir='ltr'><strong>jam</strong></span> <span class='ocrx_word' id='word_1_248' title='bbox 485 2131 772 2191; x_wconf 87' lang='lat' dir='ltr'><strong>appareute</strong></span> <span class='ocrx_word' id='word_1_249' title='bbox 793 2133 996 2178; x_wconf 85' lang='lat' dir='ltr'><strong>cooslat</strong></span> <span class='ocrx_word' id='word_1_250' title='bbox 1027 2125 1304 2194; x_wconf 84' lang='lat' dir='ltr'><strong>implenda.</strong></span> <span class='ocrx_word' id='word_1_251' title='bbox 1339 2126 1503 2190; x_wconf 87' lang='lat' dir='ltr'><strong>Quem</strong></span> <span class='ocrx_word' id='word_1_252' title='bbox 1535 2127 1674 2178; x_wconf 89' lang='lat' dir='ltr'><strong>enim</strong></span> 
     </span>
    </p>
   </div>
   <div class='ocr_carea' id='block_1_37' title="bbox 125 2214 1676 2284">
    <p class='ocr_par' dir='ltr' id='par_1_37' title="bbox 125 2214 1676 2284">
     <span class='ocr_line' id='line_1_37' title="bbox 125 2214 1676 2284; baseline 0.006 -20"><span class='ocrx_word' id='word_1_253' title='bbox 125 2214 416 2280; x_wconf 80' lang='lat' dir='ltr'><strong>legentium</strong></span> <span class='ocrx_word' id='word_1_254' title='bbox 451 2217 573 2270; x_wconf 87' lang='lat' dir='ltr'><strong>latet</strong></span> <span class='ocrx_word' id='word_1_255' title='bbox 599 2218 721 2284; x_wconf 90' lang='lat' dir='ltr'><strong>quin</strong></span> <span class='ocrx_word' id='word_1_256' title='bbox 753 2217 912 2273; x_wconf 89' lang='lat' dir='ltr'><strong>rubor</strong></span> <span class='ocrx_word' id='word_1_257' title='bbox 938 2221 1072 2273; x_wconf 75' lang='lat' dir='ltr'><strong>luna:</strong></span> <span class='ocrx_word' id='word_1_258' title='bbox 1099 2227 1152 2273; x_wconf 90' lang='lat' dir='ltr'><strong>et</strong></span> <span class='ocrx_word' id='word_1_259' title='bbox 1179 2219 1416 2272; x_wconf 81' lang='lat' dir='ltr'><strong>confusio</strong></span> <span class='ocrx_word' id='word_1_260' title='bbox 1440 2222 1567 2274; x_wconf 91' lang='lat' dir='ltr'><strong>solis</strong></span> <span class='ocrx_word' id='word_1_261' title='bbox 1595 2222 1676 2274; x_wconf 89' lang='lat' dir='ltr'><strong>vel</strong></span> 
     </span>
    </p>
   </div>
   <div class='ocr_carea' id='block_1_38' title="bbox 121 2306 1675 2379">
    <p class='ocr_par' dir='ltr' id='par_1_38' title="bbox 121 2306 1675 2379">
     <span class='ocr_line' id='line_1_38' title="bbox 121 2306 1675 2379; baseline 0.005 -24"><span class='ocrx_word' id='word_1_262' title='bbox 121 2314 254 2358; x_wconf 88' lang='lat' dir='ltr'><strong>ante</strong></span> <span class='ocrx_word' id='word_1_263' title='bbox 285 2306 421 2359; x_wconf 90' lang='lat' dir='ltr'><strong>diem</strong></span> <span class='ocrx_word' id='word_1_264' title='bbox 454 2308 530 2361; x_wconf 87' lang='lat' dir='ltr'><strong>vel</strong></span> <span class='ocrx_word' id='word_1_265' title='bbox 563 2309 612 2359; x_wconf 92' lang='lat' dir='ltr'><strong>in</strong></span> <span class='ocrx_word' id='word_1_266' title='bbox 640 2310 754 2375; x_wconf 90' lang='lat' dir='ltr'><strong>ipso</strong></span> <span class='ocrx_word' id='word_1_267' title='bbox 776 2309 860 2362; x_wconf 91' lang='lat' dir='ltr'><strong>die</strong></span> <span class='ocrx_word' id='word_1_268' title='bbox 888 2311 955 2360; x_wconf 85' lang='lat' dir='ltr'><strong>sit</strong></span> <span class='ocrx_word' id='word_1_269' title='bbox 987 2310 1151 2362; x_wconf 79' lang='lat' dir='ltr'><strong>futura</strong></span> <span class='ocrx_word' id='word_1_270' title='bbox 1177 2309 1386 2378; x_wconf 85' lang='lat' dir='ltr'><strong>judicii,</strong></span> <span class='ocrx_word' id='word_1_271' title='bbox 1413 2312 1675 2379; x_wconf 81' lang='lat' dir='ltr'><strong>gloritiea-</strong></span> 
     </span>
    </p>
   </div>
   <div class='ocr_carea' id='block_1_39' title="bbox 127 2394 1676 2469">
    <p class='ocr_par' dir='ltr' id='par_1_39' title="bbox 127 2394 1676 2469">
     <span class='ocr_line' id='line_1_39' title="bbox 127 2394 1676 2469; baseline 0.007 -25"><span class='ocrx_word' id='word_1_272' title='bbox 127 2394 205 2445; x_wconf 89' lang='lat' dir='ltr'><strong>tio</strong></span> <span class='ocrx_word' id='word_1_273' title='bbox 233 2403 407 2449; x_wconf 86' lang='lat' dir='ltr'><strong>autem</strong></span> <span class='ocrx_word' id='word_1_274' title='bbox 442 2398 638 2450; x_wconf 87' lang='lat' dir='ltr'><strong>Domini</strong></span> <span class='ocrx_word' id='word_1_275' title='bbox 688 2414 792 2451; x_wconf 92' lang='lat' dir='ltr'><strong>non</strong></span> <span class='ocrx_word' id='word_1_276' title='bbox 839 2414 896 2452; x_wconf 87' lang='lat' dir='ltr'><strong>ea</strong></span> <span class='ocrx_word' id='word_1_277' title='bbox 929 2414 1028 2467; x_wconf 90' lang='lat' dir='ltr'><strong>qua</strong></span> <span class='ocrx_word' id='word_1_278' title='bbox 1060 2403 1260 2453; x_wconf 89' lang='lat' dir='ltr'><strong>cunctis</strong></span> <span class='ocrx_word' id='word_1_279' title='bbox 1309 2402 1359 2454; x_wconf 89' lang='lat' dir='ltr'><strong>in</strong></span> <span class='ocrx_word' id='word_1_280' title='bbox 1399 2400 1594 2469; x_wconf 86' lang='lat' dir='ltr'><strong>judicio</strong></span> <span class='ocrx_word' id='word_1_281' title='bbox 1623 2412 1676 2455; x_wconf 92' lang='lat' dir='ltr'><strong>et</strong></span> 
     </span>
    </p>
   </div>
   <div class='ocr_carea' id='block_1_40' title="bbox 119 2483 1665 2558">
    <p class='ocr_par' dir='ltr' id='par_1_40' title="bbox 119 2483 1665 2558">
     <span class='ocr_line' id='line_1_40' title="bbox 119 2483 1665 2558; baseline 0.006 -23"><span class='ocrx_word' id='word_1_282' title='bbox 119 2483 283 2549; x_wconf 85' lang='lat' dir='ltr'><strong>justis</strong></span> <span class='ocrx_word' id='word_1_283' title='bbox 306 2497 358 2538; x_wconf 91' lang='lat' dir='ltr'><strong>et</strong></span> <span class='ocrx_word' id='word_1_284' title='bbox 379 2488 580 2553; x_wconf 88' lang='lat' dir='ltr'><strong>injustis</strong></span> <span class='ocrx_word' id='word_1_285' title='bbox 603 2489 906 2554; x_wconf 87' lang='lat' dir='ltr'><strong>apparebit,</strong></span> <span class='ocrx_word' id='word_1_286' title='bbox 935 2489 1026 2543; x_wconf 89' lang='lat' dir='ltr'><strong>sed</strong></span> <span class='ocrx_word' id='word_1_287' title='bbox 1056 2504 1155 2556; x_wconf 89' lang='lat' dir='ltr'><strong>qua</strong></span> <span class='ocrx_word' id='word_1_288' title='bbox 1189 2490 1238 2542; x_wconf 89' lang='lat' dir='ltr'><strong>in</strong></span> <span class='ocrx_word' id='word_1_289' title='bbox 1267 2498 1551 2558; x_wconf 69' lang='lat' dir='ltr'><strong>conspectu</strong></span> <span class='ocrx_word' id='word_1_290' title='bbox 1582 2505 1665 2544; x_wconf 87' lang='lat' dir='ltr'><strong>se—</strong></span> 
     </span>
    </p>
   </div>
   <div class='ocr_carea' id='block_1_41' title="bbox 127 2576 1709 2642">
    <p class='ocr_par' dir='ltr' id='par_1_41' title="bbox 127 2576 1709 2642">
     <span class='ocr_line' id='line_1_41' title="bbox 127 2576 1709 2642; baseline 0.006 -20"><span class='ocrx_word' id='word_1_291' title='bbox 127 2588 256 2625; x_wconf 86' lang='lat' dir='ltr'><strong>num</strong></span> <span class='ocrx_word' id='word_1_292' title='bbox 288 2589 501 2628; x_wconf 88' lang='lat' dir='ltr'><strong>suormn</strong></span> <span class='ocrx_word' id='word_1_293' title='bbox 530 2577 924 2640; x_wconf 83' lang='lat' dir='ltr'><strong>tantummodo,</strong></span> <span class='ocrx_word' id='word_1_294' title='bbox 951 2576 1000 2628; x_wconf 91' lang='lat' dir='ltr'><strong>id</strong></span> <span class='ocrx_word' id='word_1_295' title='bbox 1028 2589 1138 2642; x_wconf 87' lang='lat' dir='ltr'><strong>est,</strong></span> <span class='ocrx_word' id='word_1_296' title='bbox 1171 2579 1483 2642; x_wconf 88' lang='lat' dir='ltr'><strong>electorum,</strong></span> <span class='ocrx_word' id='word_1_297' title='bbox 1528 2592 1675 2631; x_wconf 86' lang='lat' dir='ltr'><strong>reve-</strong></span> <span class='ocrx_word' id='word_1_298' title='bbox 1708 2594 1709 2597; x_wconf 77' lang='lat'>‘</span> 
     </span>
    </p>
   </div>
   <div class='ocr_carea' id='block_1_42' title="bbox 124 2661 1672 2732">
    <p class='ocr_par' dir='ltr' id='par_1_42' title="bbox 124 2661 1672 2732">
     <span class='ocr_line' id='line_1_42' title="bbox 124 2661 1672 2732; baseline 0.003 -19"><span class='ocrx_word' id='word_1_299' title='bbox 124 2661 348 2725; x_wconf 86' lang='lat' dir='ltr'><strong>labitur,</strong></span> <span class='ocrx_word' id='word_1_300' title='bbox 374 2670 496 2715; x_wconf 92' lang='lat' dir='ltr'><strong>tunc</strong></span> <span class='ocrx_word' id='word_1_301' title='bbox 518 2666 587 2715; x_wconf 89' lang='lat' dir='ltr'><strong>sit</strong></span> <span class='ocrx_word' id='word_1_302' title='bbox 610 2664 782 2729; x_wconf 85' lang='lat' dir='ltr'><strong>potius</strong></span> <span class='ocrx_word' id='word_1_303' title='bbox 805 2665 908 2716; x_wconf 89' lang='lat' dir='ltr'><strong>illis</strong></span> <span class='ocrx_word' id='word_1_304' title='bbox 928 2665 1272 2726; x_wconf 84' lang='lat' dir='ltr'><strong>ostendenda,</strong></span> <span class='ocrx_word' id='word_1_305' title='bbox 1295 2667 1503 2732; x_wconf 82' lang='lat' dir='ltr'><strong>quando</strong></span> <span class='ocrx_word' id='word_1_306' title='bbox 1529 2666 1672 2717; x_wconf 88' lang='lat' dir='ltr'><strong>ibunt</strong></span> 
     </span>
    </p>
   </div>
   <div class='ocr_carea' id='block_1_43' title="bbox 127 2751 1671 2818">
    <p class='ocr_par' dir='ltr' id='par_1_43' title="bbox 127 2751 1671 2818">
     <span class='ocr_line' id='line_1_43' title="bbox 127 2751 1671 2818; baseline 0.001 -16"><span class='ocrx_word' id='word_1_307' title='bbox 127 2751 278 2818; x_wconf 89' lang='lat' dir='ltr'><strong>impii</strong></span> <span class='ocrx_word' id='word_1_308' title='bbox 327 2751 378 2802; x_wconf 92' lang='lat' dir='ltr'><strong>in</strong></span> <span class='ocrx_word' id='word_1_309' title='bbox 422 2751 731 2818; x_wconf 83' lang='lat' dir='ltr'><strong>supplicium</strong></span> <span class='ocrx_word' id='word_1_310' title='bbox 762 2761 1035 2814; x_wconf 73' lang='lat' dir='ltr'><strong>:eterntnn,</strong></span> <span class='ocrx_word' id='word_1_311' title='bbox 1065 2753 1160 2818; x_wconf 89' lang='lat' dir='ltr'><strong>ipsi</strong></span> <span class='ocrx_word' id='word_1_312' title='bbox 1192 2761 1364 2804; x_wconf 87' lang='lat' dir='ltr'><strong>autem</strong></span> <span class='ocrx_word' id='word_1_313' title='bbox 1417 2754 1468 2804; x_wconf 92' lang='lat' dir='ltr'><strong>in</strong></span> <span class='ocrx_word' id='word_1_314' title='bbox 1516 2754 1671 2804; x_wconf 85' lang='lat' dir='ltr'><strong>vitam</strong></span> 
     </span>
    </p>
   </div>
   <div class='ocr_carea' id='block_1_44' title="bbox 128 2842 1674 2909">
    <p class='ocr_par' dir='ltr' id='par_1_44' title="bbox 128 2842 1674 2909">
     <span class='ocr_line' id='line_1_44' title="bbox 128 2842 1674 2909; baseline 0.003 -18"><span class='ocrx_word' id='word_1_315' title='bbox 128 2849 408 2901; x_wconf 71' lang='lat' dir='ltr'><strong>mternam,</strong></span> <span class='ocrx_word' id='word_1_316' title='bbox 444 2856 547 2907; x_wconf 90' lang='lat' dir='ltr'><strong>quo</strong></span> <span class='ocrx_word' id='word_1_317' title='bbox 576 2851 830 2909; x_wconf 89' lang='lat' dir='ltr'><strong>tempore,</strong></span> <span class='ocrx_word' id='word_1_318' title='bbox 862 2842 906 2895; x_wconf 90' lang='lat' dir='ltr'><strong>si</strong></span> <span class='ocrx_word' id='word_1_319' title='bbox 933 2851 1104 2895; x_wconf 88' lang='lat' dir='ltr'><strong>tamen</strong></span> <span class='ocrx_word' id='word_1_320' title='bbox 1136 2843 1185 2894; x_wconf 93' lang='lat' dir='ltr'><strong>in</strong></span> <span class='ocrx_word' id='word_1_321' title='bbox 1216 2851 1449 2909; x_wconf 85' lang='lat' dir='ltr'><strong>tempore</strong></span> <span class='ocrx_word' id='word_1_322' title='bbox 1478 2843 1579 2895; x_wconf 88' lang='lat' dir='ltr'><strong>dici</strong></span> <span class='ocrx_word' id='word_1_323' title='bbox 1613 2844 1674 2895; x_wconf 90' lang='lat' dir='ltr'><strong>li-</strong></span> 
     </span>
    </p>
   </div>
   <div class='ocr_carea' id='block_1_45' title="bbox 138 2928 1674 2995">
    <p class='ocr_par' dir='ltr' id='par_1_45' title="bbox 138 2928 1674 2995">
     <span class='ocr_line' id='line_1_45' title="bbox 138 2928 1674 2995; baseline 0.004 -17"><span class='ocrx_word' id='word_1_324' title='bbox 138 2928 231 2980; x_wconf 85' lang='lat' dir='ltr'><strong>bet</strong></span> <span class='ocrx_word' id='word_1_325' title='bbox 253 2930 390 2995; x_wconf 88' lang='lat' dir='ltr'><strong>quod</strong></span> <span class='ocrx_word' id='word_1_326' title='bbox 417 2938 668 2982; x_wconf 65' lang='lat' dir='ltr'><strong>internum</strong></span> <span class='ocrx_word' id='word_1_327' title='bbox 695 2939 796 2991; x_wconf 84' lang='lat' dir='ltr'><strong>est,</strong></span> <span class='ocrx_word' id='word_1_328' title='bbox 822 2945 923 2983; x_wconf 90' lang='lat' dir='ltr'><strong>non</strong></span> <span class='ocrx_word' id='word_1_329' title='bbox 952 2933 1110 2983; x_wconf 87' lang='lat' dir='ltr'><strong>rubor</strong></span> <span class='ocrx_word' id='word_1_330' title='bbox 1133 2931 1285 2993; x_wconf 74' lang='lat' dir='ltr'><strong>hunc,</strong></span> <span class='ocrx_word' id='word_1_331' title='bbox 1315 2947 1414 2982; x_wconf 90' lang='lat' dir='ltr'><strong>nou</strong></span> <span class='ocrx_word' id='word_1_332' title='bbox 1437 2931 1674 2984; x_wconf 82' lang='lat' dir='ltr'><strong>confusio</strong></span> 
     </span>
    </p>
   </div>
   <div class='ocr_carea' id='block_1_46' title="bbox 130 3005 1672 3086">
    <p class='ocr_par' dir='ltr' id='par_1_46' title="bbox 130 3005 1672 3086">
     <span class='ocr_line' id='line_1_46' title="bbox 130 3005 1672 3086; baseline 0.003 -19"><span class='ocrx_word' id='word_1_333' title='bbox 130 3018 263 3070; x_wconf 88' lang='lat' dir='ltr'><strong>solis</strong></span> <span class='ocrx_word' id='word_1_334' title='bbox 286 3016 438 3082; x_wconf 78' lang='lat' dir='ltr'><strong>jubtr</strong></span> <span class='ocrx_word' id='word_1_335' title='bbox 462 3019 727 3080; x_wconf 80' lang='lat' dir='ltr'><strong>obscurat,</strong></span> <span class='ocrx_word' id='word_1_336' title='bbox 759 3019 871 3080; x_wconf 88' lang='lat' dir='ltr'><strong>sed,</strong></span> <span class='ocrx_word' id='word_1_337' title='bbox 900 3019 1035 3071; x_wconf 89' lang='lat' dir='ltr'><strong>sicut</strong></span> <span class='ocrx_word' id='word_1_338' title='bbox 1064 3019 1188 3072; x_wconf 86' lang='lat' dir='ltr'><strong>alibi</strong></span> <span class='ocrx_word' id='word_1_339' title='bbox 1218 3020 1345 3072; x_wconf 85' lang='lat' dir='ltr'><strong>dicit</strong></span> <span class='ocrx_word' id='word_1_340' title='bbox 1376 3020 1509 3072; x_wconf 89' lang='lat' dir='ltr'><strong>idem</strong></span> <span class='ocrx_word' id='word_1_341' title='bbox 1547 3005 1672 3086; x_wconf 54' lang='lat' dir='ltr'><strong>pro?</strong></span> 
     </span>
    </p>
   </div>
   <div class='ocr_carea' id='block_1_47' title="bbox 131 3102 1676 3172">
    <p class='ocr_par' dir='ltr' id='par_1_47' title="bbox 131 3102 1676 3172">
     <span class='ocr_line' id='line_1_47' title="bbox 131 3102 1676 3172; baseline 0.004 -20"><span class='ocrx_word' id='word_1_342' title='bbox 131 3105 292 3170; x_wconf 84' lang='lat' dir='ltr'><strong>pheta</strong></span> <span class='ocrx_word' id='word_1_343' title='bbox 319 3121 330 3154; x_wconf 87' lang='lat'><strong>:</strong></span> <span class='ocrx_word' id='word_1_344' title='bbox 359 3102 466 3154; x_wconf 83' lang='lat' dir='ltr'><strong>Erit</strong></span> <span class='ocrx_word' id='word_1_345' title='bbox 493 3105 580 3156; x_wconf 72' lang='lat' dir='ltr'><strong>lux</strong></span> <span class='ocrx_word' id='word_1_346' title='bbox 599 3105 723 3157; x_wconf 83' lang='lat' dir='ltr'><strong>sicut</strong></span> <span class='ocrx_word' id='word_1_347' title='bbox 744 3107 833 3158; x_wconf 78' lang='lat' dir='ltr'><strong>lita:</strong></span> <span class='ocrx_word' id='word_1_348' title='bbox 852 3107 989 3168; x_wconf 92' lang='lat' dir='ltr'><strong>solis,</strong></span> <span class='ocrx_word' id='word_1_349' title='bbox 1014 3115 1057 3158; x_wconf 88' lang='lat' dir='ltr'><strong>et</strong></span> <span class='ocrx_word' id='word_1_350' title='bbox 1083 3107 1170 3158; x_wconf 75' lang='lat' dir='ltr'><strong>lux</strong></span> <span class='ocrx_word' id='word_1_351' title='bbox 1192 3107 1311 3157; x_wconf 81' lang='lat' dir='ltr'><strong>solis</strong></span> <span class='ocrx_word' id='word_1_352' title='bbox 1340 3109 1433 3159; x_wconf 85' lang='lat' dir='ltr'><strong>erit</strong></span> <span class='ocrx_word' id='word_1_353' title='bbox 1461 3117 1676 3172; x_wconf 84' lang='lat' dir='ltr'><strong>septem-</strong></span> 
     </span>
    </p>
   </div>
   <div class='ocr_carea' id='block_1_48' title="bbox 128 3192 1674 3263">
    <p class='ocr_par' dir='ltr' id='par_1_48' title="bbox 128 3192 1674 3263">
     <span class='ocr_line' id='line_1_48' title="bbox 128 3192 1674 3263; baseline 0.005 -24"><span class='ocrx_word' id='word_1_354' title='bbox 128 3192 330 3256; x_wconf 84' lang='lat' dir='ltr'><strong>pliciter</strong></span> <span class='ocrx_word' id='word_1_355' title='bbox 360 3194 482 3243; x_wconf 87' lang='lat' dir='ltr'><strong>sicut</strong></span> <span class='ocrx_word' id='word_1_356' title='bbox 511 3194 600 3245; x_wconf 75' lang='lat' dir='ltr'><strong>tua:</strong></span> <span class='ocrx_word' id='word_1_357' title='bbox 628 3203 814 3260; x_wconf 78' lang='lat' dir='ltr'><strong>septem</strong></span> <span class='ocrx_word' id='word_1_358' title='bbox 845 3195 1056 3257; x_wconf 83' lang='lat' dir='ltr'><strong>dierum,</strong></span> <span class='ocrx_word' id='word_1_359' title='bbox 1088 3195 1139 3246; x_wconf 87' lang='lat' dir='ltr'><strong>in</strong></span> <span class='ocrx_word' id='word_1_360' title='bbox 1164 3195 1242 3246; x_wconf 85' lang='lat' dir='ltr'><strong>die</strong></span> <span class='ocrx_word' id='word_1_361' title='bbox 1269 3212 1366 3261; x_wconf 78' lang='lat' dir='ltr'><strong>qua</strong></span> <span class='ocrx_word' id='word_1_362' title='bbox 1393 3196 1674 3263; x_wconf 80' lang='lat' dir='ltr'><strong>alligaverit</strong></span> 
     </span>
    </p>
   </div>
   <div class='ocr_carea' id='block_1_49' title="bbox 128 3278 1671 3350">
    <p class='ocr_par' dir='ltr' id='par_1_49' title="bbox 128 3278 1671 3350">
     <span class='ocr_line' id='line_1_49' title="bbox 128 3278 1671 3350; baseline 0.001 -21"><span class='ocrx_word' id='word_1_363' title='bbox 128 3278 380 3330; x_wconf 87' lang='lat' dir='ltr'><strong>Dominus</strong></span> <span class='ocrx_word' id='word_1_364' title='bbox 403 3281 578 3331; x_wconf 81' lang='lat' dir='ltr'><strong>vulnus</strong></span> <span class='ocrx_word' id='word_1_365' title='bbox 607 3280 779 3348; x_wconf 83' lang='lat' dir='ltr'><strong>papuli</strong></span> <span class='ocrx_word' id='word_1_366' title='bbox 804 3282 880 3333; x_wconf 85' lang='lat' dir='ltr'><strong>sui</strong></span> <span class='ocrx_word' id='word_1_367' title='bbox 915 3291 960 3332; x_wconf 87' lang='lat' dir='ltr'><strong>et</strong></span> <span class='ocrx_word' id='word_1_368' title='bbox 988 3297 1334 3346; x_wconf 76' lang='lat' dir='ltr'><strong>percussurom</strong></span> <span class='ocrx_word' id='word_1_369' title='bbox 1361 3284 1523 3348; x_wconf 85' lang='lat' dir='ltr'><strong>plagw</strong></span> <span class='ocrx_word' id='word_1_370' title='bbox 1562 3284 1671 3350; x_wconf 81' lang='lat' dir='ltr'><strong>ejus</strong></span> 
     </span>
    </p>
   </div>
   <div class='ocr_carea' id='block_1_50' title="bbox 127 3353 1672 3436">
    <p class='ocr_par' dir='ltr' id='par_1_50' title="bbox 127 3353 1672 3436">
     <span class='ocr_line' id='line_1_50' title="bbox 127 3353 1672 3436; baseline 0.003 -18"><span class='ocrx_word' id='word_1_371' title='bbox 127 3368 400 3418; x_wconf 68' lang='lat' dir='ltr'><strong>sanaverit.</strong></span> <span class='ocrx_word' id='word_1_372' title='bbox 435 3368 522 3419; x_wconf 86' lang='lat' dir='ltr'><strong>llis</strong></span> <span class='ocrx_word' id='word_1_373' title='bbox 563 3368 628 3421; x_wconf 88' lang='lat' dir='ltr'><strong>de</strong></span> <span class='ocrx_word' id='word_1_374' title='bbox 657 3353 946 3435; x_wconf 65' lang='lat' dir='ltr'><strong>quaestioiie</strong></span> <span class='ocrx_word' id='word_1_375' title='bbox 991 3367 1426 3436; x_wconf 89' lang='lat' dir='ltr'><strong>periculosissima</strong></span> <span class='ocrx_word' id='word_1_376' title='bbox 1447 3407 1461 3431; x_wconf 91' lang='lat'><strong>,</strong></span> <span class='ocrx_word' id='word_1_377' title='bbox 1493 3381 1672 3423; x_wconf 88' lang='lat' dir='ltr'><strong>sancte</strong></span> 
     </span>
    </p>
   </div>
   <div class='ocr_carea' id='block_1_51' title="bbox 127 3455 1673 3525">
    <p class='ocr_par' dir='ltr' id='par_1_51' title="bbox 127 3455 1673 3525">
     <span class='ocr_line' id='line_1_51' title="bbox 127 3455 1673 3525; baseline 0.004 -20"><span class='ocrx_word' id='word_1_378' title='bbox 127 3455 375 3518; x_wconf 88' lang='lat' dir='ltr'><strong>antistes,</strong></span> <span class='ocrx_word' id='word_1_379' title='bbox 410 3470 500 3521; x_wconf 93' lang='lat' dir='ltr'><strong>pro</strong></span> <span class='ocrx_word' id='word_1_380' title='bbox 530 3457 741 3511; x_wconf 88' lang='lat' dir='ltr'><strong>modulo</strong></span> <span class='ocrx_word' id='word_1_381' title='bbox 772 3466 951 3522; x_wconf 86' lang='lat' dir='ltr'><strong>nostro</strong></span> <span class='ocrx_word' id='word_1_382' title='bbox 979 3457 1253 3524; x_wconf 77' lang='lat' dir='ltr'><strong>expositis,</strong></span> <span class='ocrx_word' id='word_1_383' title='bbox 1279 3467 1458 3525; x_wconf 86' lang='lat' dir='ltr'><strong>repeto</strong></span> <span class='ocrx_word' id='word_1_384' title='bbox 1486 3459 1535 3509; x_wconf 90' lang='lat' dir='ltr'><strong>in</strong></span> <span class='ocrx_word' id='word_1_385' title='bbox 1571 3459 1673 3511; x_wconf 88' lang='lat' dir='ltr'><strong>line</strong></span> 
     </span>
    </p>
   </div>
   <div class='ocr_carea' id='block_1_52' title="bbox 125 3544 1672 3615">
    <p class='ocr_par' dir='ltr' id='par_1_52' title="bbox 125 3544 1672 3615">
     <span class='ocr_line' id='line_1_52' title="bbox 125 3544 1672 3615; baseline 0.003 -21"><span class='ocrx_word' id='word_1_386' title='bbox 125 3544 270 3610; x_wconf 85' lang='lat' dir='ltr'><strong>quod</strong></span> <span class='ocrx_word' id='word_1_387' title='bbox 286 3546 334 3596; x_wconf 91' lang='lat' dir='ltr'><strong>in</strong></span> <span class='ocrx_word' id='word_1_388' title='bbox 351 3546 616 3612; x_wconf 82' lang='lat' dir='ltr'><strong>principiis</strong></span> <span class='ocrx_word' id='word_1_389' title='bbox 629 3545 758 3609; x_wconf 81' lang='lat' dir='ltr'><strong>dixi,</strong></span> <span class='ocrx_word' id='word_1_390' title='bbox 776 3548 892 3612; x_wconf 83' lang='lat' dir='ltr'><strong>quia</strong></span> <span class='ocrx_word' id='word_1_391' title='bbox 915 3558 1015 3599; x_wconf 90' lang='lat' dir='ltr'><strong>non</strong></span> <span class='ocrx_word' id='word_1_392' title='bbox 1035 3561 1237 3600; x_wconf 79' lang='lat' dir='ltr'><strong>Stnnmc</strong></span> <span class='ocrx_word' id='word_1_393' title='bbox 1252 3547 1264 3615; x_wconf 68' lang='grc' dir='ltr'><strong><em>ξ</em></strong></span> <span class='ocrx_word' id='word_1_394' title='bbox 1279 3545 1339 3598; x_wconf 83' lang='lat' dir='ltr'><strong>F.</strong></span> <span class='ocrx_word' id='word_1_395' title='bbox 1356 3546 1493 3615; x_wconf 77' lang='lat' dir='ltr'><strong>sum]</strong></span> <span class='ocrx_word' id='word_1_396' title='bbox 1518 3562 1672 3600; x_wconf 89' lang='lat' dir='ltr'><strong>ausus</strong></span> 
     </span>
    </p>
   </div>
   <div class='ocr_carea' id='block_1_53' title="bbox 127 3632 1671 3702">
    <p class='ocr_par' dir='ltr' id='par_1_53' title="bbox 127 3632 1671 3702">
     <span class='ocr_line' id='line_1_53' title="bbox 127 3632 1671 3702; baseline 0.002 -18"><span class='ocrx_word' id='word_1_397' title='bbox 127 3632 316 3686; x_wconf 69' lang='lat' dir='ltr'><strong>dicere</strong></span> <span class='ocrx_word' id='word_1_398' title='bbox 347 3634 664 3686; x_wconf 77' lang='lat' dir='ltr'><strong>intellexisse</strong></span> <span class='ocrx_word' id='word_1_399' title='bbox 689 3635 809 3701; x_wconf 90' lang='lat' dir='ltr'><strong>quid</strong></span> <span class='ocrx_word' id='word_1_400' title='bbox 842 3636 1091 3702; x_wconf 79' lang='lat' dir='ltr'><strong>prepheta</strong></span> <span class='ocrx_word' id='word_1_401' title='bbox 1124 3635 1174 3685; x_wconf 91' lang='lat' dir='ltr'><strong>in</strong></span> <span class='ocrx_word' id='word_1_402' title='bbox 1196 3649 1255 3687; x_wconf 88' lang='lat' dir='ltr'><strong>ea</strong></span> <span class='ocrx_word' id='word_1_403' title='bbox 1283 3634 1476 3688; x_wconf 86' lang='lat' dir='ltr'><strong>sentire</strong></span> <span class='ocrx_word' id='word_1_404' title='bbox 1493 3635 1671 3687; x_wconf 83' lang='lat' dir='ltr'><strong>volue-</strong></span> 
     </span>
    </p>
   </div>
   <div class='ocr_carea' id='block_1_54' title="bbox 129 3723 1668 3792">
    <p class='ocr_par' dir='ltr' id='par_1_54' title="bbox 129 3723 1668 3792">
     <span class='ocr_line' id='line_1_54' title="bbox 129 3723 1668 3792; baseline 0.002 -18"><span class='ocrx_word' id='word_1_405' title='bbox 129 3723 222 3775; x_wconf 89' lang='lat' dir='ltr'><strong>rit.</strong></span> <span class='ocrx_word' id='word_1_406' title='bbox 253 3723 420 3788; x_wconf 90' lang='lat' dir='ltr'><strong>Spero</strong></span> <span class='ocrx_word' id='word_1_407' title='bbox 444 3735 647 3788; x_wconf 87' lang='lat' dir='ltr'><strong>autem,</strong></span> <span class='ocrx_word' id='word_1_408' title='bbox 672 3739 893 3792; x_wconf 87' lang='lat' dir='ltr'><strong>superna</strong></span> <span class='ocrx_word' id='word_1_409' title='bbox 921 3725 1160 3778; x_wconf 75' lang='lat' dir='ltr'><strong>donante</strong></span> <span class='ocrx_word' id='word_1_410' title='bbox 1174 3726 1338 3792; x_wconf 82' lang='lat' dir='ltr'><strong>gratia</strong></span> <span class='ocrx_word' id='word_1_411' title='bbox 1366 3766 1380 3788; x_wconf 97' lang='lat'><strong>,</strong></span> <span class='ocrx_word' id='word_1_412' title='bbox 1429 3725 1546 3790; x_wconf 86' lang='lat' dir='ltr'><strong>quia</strong></span> <span class='ocrx_word' id='word_1_413' title='bbox 1578 3739 1668 3778; x_wconf 90' lang='lat' dir='ltr'><strong>nec</strong></span> 
     </span>
    </p>
   </div>
   <div class='ocr_carea' id='block_1_55' title="bbox 130 3812 1669 3879">
    <p class='ocr_par' dir='ltr' id='par_1_55' title="bbox 130 3812 1669 3879">
     <span class='ocr_line' id='line_1_55' title="bbox 130 3812 1669 3879; baseline 0.002 -15"><span class='ocrx_word' id='word_1_414' title='bbox 130 3812 304 3865; x_wconf 70' lang='lat' dir='ltr'><strong>textui</strong></span> <span class='ocrx_word' id='word_1_415' title='bbox 357 3814 671 3879; x_wconf 70' lang='lat' dir='ltr'><strong>prophetica:</strong></span> <span class='ocrx_word' id='word_1_416' title='bbox 719 3815 958 3868; x_wconf 87' lang='lat' dir='ltr'><strong>lectionis</strong></span> <span class='ocrx_word' id='word_1_417' title='bbox 1009 3829 1102 3868; x_wconf 90' lang='lat' dir='ltr'><strong>nec</strong></span> <span class='ocrx_word' id='word_1_418' title='bbox 1152 3817 1340 3867; x_wconf 88' lang='lat' dir='ltr'><strong>rationi</strong></span> <span class='ocrx_word' id='word_1_419' title='bbox 1394 3815 1669 3867; x_wconf 78' lang='lat' dir='ltr'><strong>catholica:</strong></span> 
     </span>
    </p>
   </div>
   <div class='ocr_carea' id='block_1_56' title="bbox 130 3902 1668 3970">
    <p class='ocr_par' dir='ltr' id='par_1_56' title="bbox 130 3902 1668 3970">
     <span class='ocr_line' id='line_1_56' title="bbox 130 3902 1668 3970; baseline 0.002 -16"><span class='ocrx_word' id='word_1_420' title='bbox 130 3902 258 3954; x_wconf 81' lang='lat' dir='ltr'><strong>lidei</strong></span> <span class='ocrx_word' id='word_1_421' title='bbox 281 3903 385 3955; x_wconf 88' lang='lat' dir='ltr'><strong>sint</strong></span> <span class='ocrx_word' id='word_1_422' title='bbox 415 3903 832 3956; x_wconf 80' lang='lat' dir='ltr'><strong>inconvenientia</strong></span> <span class='ocrx_word' id='word_1_423' title='bbox 855 3919 969 3969; x_wconf 77' lang='lat' dir='ltr'><strong>qua:</strong></span> <span class='ocrx_word' id='word_1_424' title='bbox 991 3905 1056 3958; x_wconf 90' lang='lat' dir='ltr'><strong>dc</strong></span> <span class='ocrx_word' id='word_1_425' title='bbox 1075 3919 1133 3957; x_wconf 84' lang='lat' dir='ltr'><strong>ea</strong></span> <span class='ocrx_word' id='word_1_426' title='bbox 1159 3905 1430 3970; x_wconf 83' lang='lat' dir='ltr'><strong>disputans</strong></span> <span class='ocrx_word' id='word_1_427' title='bbox 1459 3905 1668 3969; x_wconf 90' lang='lat' dir='ltr'><strong>scripsi.</strong></span> 
     </span>
    </p>
   </div>
   <div class='ocr_carea' id='block_1_57' title="bbox 132 3989 1669 4045">
    <p class='ocr_par' dir='ltr' id='par_1_57' title="bbox 132 3989 1669 4045">
     <span class='ocr_line' id='line_1_57' title="bbox 132 3989 1669 4045; baseline 0.002 -3"><span class='ocrx_word' id='word_1_428' title='bbox 132 3989 244 4042; x_wconf 86' lang='lat' dir='ltr'><strong>Sed</strong></span> <span class='ocrx_word' id='word_1_429' title='bbox 268 4004 365 4042; x_wconf 90' lang='lat' dir='ltr'><strong>nec</strong></span> <span class='ocrx_word' id='word_1_430' title='bbox 392 4005 474 4043; x_wconf 90' lang='lat' dir='ltr'><strong>me</strong></span> <span class='ocrx_word' id='word_1_431' title='bbox 502 3991 875 4044; x_wconf 79' lang='lat' dir='ltr'><strong>infructuosum</strong></span> <span class='ocrx_word' id='word_1_432' title='bbox 902 4006 1017 4045; x_wconf 88' lang='lat' dir='ltr'><strong>meo</strong></span> <span class='ocrx_word' id='word_1_433' title='bbox 1048 3993 1221 4044; x_wconf 80' lang='lat' dir='ltr'><strong>lectori</strong></span> <span class='ocrx_word' id='word_1_434' title='bbox 1254 3990 1480 4044; x_wconf 79' lang='lat' dir='ltr'><strong>futurum</strong></span> <span class='ocrx_word' id='word_1_435' title='bbox 1513 3993 1669 4045; x_wconf 82' lang='lat' dir='ltr'><strong>credo</strong></span> 
     </span>
    </p>
   </div>
   <div class='ocr_carea' id='block_1_58' title="bbox 129 4076 1670 4149">
    <p class='ocr_par' dir='ltr' id='par_1_58' title="bbox 129 4076 1670 4149">
     <span class='ocr_line' id='line_1_58' title="bbox 129 4076 1670 4149; baseline 0.004 -20"><span class='ocrx_word' id='word_1_436' title='bbox 129 4076 181 4130; x_wconf 90' lang='lat' dir='ltr'><strong>in</strong></span> <span class='ocrx_word' id='word_1_437' title='bbox 213 4079 298 4130; x_wconf 85' lang='lat' dir='ltr'><strong>his</strong></span> <span class='ocrx_word' id='word_1_438' title='bbox 321 4094 436 4144; x_wconf 71' lang='lat' dir='ltr'><strong>qua:</strong></span> <span class='ocrx_word' id='word_1_439' title='bbox 463 4081 667 4147; x_wconf 88' lang='lat' dir='ltr'><strong>scripsi,</strong></span> <span class='ocrx_word' id='word_1_440' title='bbox 694 4097 847 4149; x_wconf 88' lang='lat' dir='ltr'><strong>quem</strong></span> <span class='ocrx_word' id='word_1_441' title='bbox 873 4081 971 4134; x_wconf 86' lang='lat' dir='ltr'><strong>etsi</strong></span> <span class='ocrx_word' id='word_1_442' title='bbox 995 4082 1045 4134; x_wconf 92' lang='lat' dir='ltr'><strong>iu</strong></span> <span class='ocrx_word' id='word_1_443' title='bbox 1068 4083 1420 4134; x_wconf 88' lang='lat' dir='ltr'><strong>sanctuarium</strong></span> <span class='ocrx_word' id='word_1_444' title='bbox 1446 4083 1670 4149; x_wconf 86' lang='lat' dir='ltr'><strong>prophe-</strong></span> 
     </span>
    </p>
   </div>
   <div class='ocr_carea' id='block_1_59' title="bbox 134 4168 1669 4235">
    <p class='ocr_par' dir='ltr' id='par_1_59' title="bbox 134 4168 1669 4235">
     <span class='ocr_line' id='line_1_59' title="bbox 134 4168 1669 4235; baseline 0.005 -17"><span class='ocrx_word' id='word_1_445' title='bbox 134 4168 222 4222; x_wconf 85' lang='lat' dir='ltr'><strong>tici</strong></span> <span class='ocrx_word' id='word_1_446' title='bbox 253 4169 801 4224; x_wconf 84' lang='lat' dir='ltr'><strong>sensus&#39;inlrodncere</strong></span> <span class='ocrx_word' id='word_1_447' title='bbox 824 4172 1014 4224; x_wconf 83' lang='lat' dir='ltr'><strong>nescivi</strong></span> <span class='ocrx_word' id='word_1_448' title='bbox 1035 4213 1049 4235; x_wconf 92' lang='lat'><strong>,</strong></span> <span class='ocrx_word' id='word_1_449' title='bbox 1082 4171 1146 4224; x_wconf 91' lang='lat' dir='ltr'><strong>ab</strong></span> <span class='ocrx_word' id='word_1_450' title='bbox 1169 4183 1343 4229; x_wconf 87' lang='lat' dir='ltr'><strong>aratro</strong></span> <span class='ocrx_word' id='word_1_451' title='bbox 1367 4181 1539 4226; x_wconf 90' lang='lat' dir='ltr'><strong>tamen</strong></span> <span class='ocrx_word' id='word_1_452' title='bbox 1567 4173 1669 4226; x_wconf 76' lang='lat' dir='ltr'><strong>ha:-</strong></span> 
     </span>
    </p>
   </div>
   <div class='ocr_carea' id='block_1_60' title="bbox 129 4259 1663 4330">
    <p class='ocr_par' dir='ltr' id='par_1_60' title="bbox 129 4259 1663 4330">
     <span class='ocr_line' id='line_1_60' title="bbox 129 4259 1663 4330; baseline 0.001 -18"><span class='ocrx_word' id='word_1_453' title='bbox 129 4261 310 4313; x_wconf 67' lang='lat' dir='ltr'><strong>reticaa</strong></span> <span class='ocrx_word' id='word_1_454' title='bbox 338 4259 662 4326; x_wconf 88' lang='lat' dir='ltr'><strong>deceptionis</strong></span> <span class='ocrx_word' id='word_1_455' title='bbox 692 4261 892 4330; x_wconf 79' lang='lat' dir='ltr'><strong>longius</strong></span> <span class='ocrx_word' id='word_1_456' title='bbox 919 4263 1130 4324; x_wconf 82' lang='lat' dir='ltr'><strong>abduxi,</strong></span> <span class='ocrx_word' id='word_1_457' title='bbox 1167 4263 1559 4326; x_wconf 74' lang='lat' dir='ltr'><strong>przcmonendo,</strong></span> <span class='ocrx_word' id='word_1_458' title='bbox 1585 4265 1663 4314; x_wconf 84' lang='lat' dir='ltr'><strong>vi-</strong></span> 
     </span>
    </p>
   </div>
   <div class='ocr_carea' id='block_1_61' title="bbox 125 4350 1665 4418">
    <p class='ocr_par' dir='ltr' id='par_1_61' title="bbox 125 4350 1665 4418">
     <span class='ocr_line' id='line_1_61' title="bbox 125 4350 1665 4418; baseline 0.001 -16"><span class='ocrx_word' id='word_1_459' title='bbox 125 4350 342 4414; x_wconf 87' lang='lat' dir='ltr'><strong>delicet,</strong></span> <span class='ocrx_word' id='word_1_460' title='bbox 378 4365 442 4402; x_wconf 92' lang='lat' dir='ltr'><strong>ne</strong></span> <span class='ocrx_word' id='word_1_461' title='bbox 470 4351 625 4403; x_wconf 87' lang='lat' dir='ltr'><strong>verba</strong></span> <span class='ocrx_word' id='word_1_462' title='bbox 658 4351 926 4418; x_wconf 71' lang='lat' dir='ltr'><strong>propheta:</strong></span> <span class='ocrx_word' id='word_1_463' title='bbox 958 4352 1093 4404; x_wconf 90' lang='lat' dir='ltr'><strong>male</strong></span> <span class='ocrx_word' id='word_1_464' title='bbox 1126 4351 1504 4416; x_wconf 87' lang='lat' dir='ltr'><strong>interpretans,</strong></span> <span class='ocrx_word' id='word_1_465' title='bbox 1524 4367 1665 4418; x_wconf 73' lang='lat' dir='ltr'><strong>~pec-</strong></span> 
     </span>
    </p>
   </div>
   <div class='ocr_carea' id='block_1_62' title="bbox 126 4440 1665 4506">
    <p class='ocr_par' dir='ltr' id='par_1_62' title="bbox 126 4440 1665 4506">
     <span class='ocr_line' id='line_1_62' title="bbox 126 4440 1665 4506; baseline 0.002 -14"><span class='ocrx_word' id='word_1_466' title='bbox 126 4448 334 4492; x_wconf 83' lang='lat' dir='ltr'><strong>calores</strong></span> <span class='ocrx_word' id='word_1_467' title='bbox 354 4453 588 4506; x_wconf 90' lang='lat' dir='ltr'><strong>quosque</strong></span> <span class='ocrx_word' id='word_1_468' title='bbox 613 4440 916 4493; x_wconf 88' lang='lat' dir='ltr'><strong>criminibus</strong></span> <span class='ocrx_word' id='word_1_469' title='bbox 933 4441 1038 4493; x_wconf 90' lang='lat' dir='ltr'><strong>suis</strong></span> <span class='ocrx_word' id='word_1_470' title='bbox 1061 4441 1246 4493; x_wconf 80' lang='lat' dir='ltr'><strong>inferni</strong></span> <span class='ocrx_word' id='word_1_471' title='bbox 1271 4456 1482 4494; x_wconf 84' lang='lat' dir='ltr'><strong>carcere</strong></span> <span class='ocrx_word' id='word_1_472' title='bbox 1504 4443 1665 4496; x_wconf 90' lang='lat' dir='ltr'><strong>semel</strong></span> 
     </span>
    </p>
   </div>
   <div class='ocr_carea' id='block_1_63' title="bbox 129 4525 1666 4604">
    <p class='ocr_par' dir='ltr' id='par_1_63' title="bbox 129 4525 1666 4604">
     <span class='ocr_line' id='line_1_63' title="bbox 129 4525 1666 4604; baseline 0.001 -27"><span class='ocrx_word' id='word_1_473' title='bbox 129 4525 410 4579; x_wconf 87' lang='lat' dir='ltr'><strong>damnatos</strong></span> <span class='ocrx_word' id='word_1_474' title='bbox 456 4525 637 4579; x_wconf 88' lang='lat' dir='ltr'><strong>credat</strong></span> <span class='ocrx_word' id='word_1_475' title='bbox 671 4527 952 4595; x_wconf 82' lang='lat' dir='ltr'><strong>aliquando</strong></span> <span class='ocrx_word' id='word_1_476' title='bbox 981 4528 1280 4604; x_wconf 83' lang='lat' dir='ltr'><strong>visitatione</strong></span> <span class='ocrx_word' id='word_1_477' title='bbox 1316 4528 1486 4581; x_wconf 87' lang='lat' dir='ltr'><strong>divina</strong></span> <span class='ocrx_word' id='word_1_478' title='bbox 1518 4545 1666 4580; x_wconf 83' lang='lat' dir='ltr'><strong>revo-</strong></span> 
     </span>
    </p>
   </div>
   <div class='ocr_carea' id='block_1_64' title="bbox 129 4614 1666 4686">
    <p class='ocr_par' dir='ltr' id='par_1_64' title="bbox 129 4614 1666 4686">
     <span class='ocr_line' id='line_1_64' title="bbox 129 4614 1666 4686; baseline 0.004 -20"><span class='ocrx_word' id='word_1_479' title='bbox 129 4615 325 4667; x_wconf 88' lang='lat' dir='ltr'><strong>candos</strong></span> <span class='ocrx_word' id='word_1_480' title='bbox 353 4614 417 4667; x_wconf 90' lang='lat' dir='ltr'><strong>ad</strong></span> <span class='ocrx_word' id='word_1_481' title='bbox 449 4617 685 4677; x_wconf 81' lang='lat' dir='ltr'><strong>veniam,</strong></span> <span class='ocrx_word' id='word_1_482' title='bbox 732 4618 856 4684; x_wconf 90' lang='lat' dir='ltr'><strong>quin</strong></span> <span class='ocrx_word' id='word_1_483' title='bbox 904 4619 1074 4683; x_wconf 87' lang='lat' dir='ltr'><strong>potius</strong></span> <span class='ocrx_word' id='word_1_484' title='bbox 1114 4619 1305 4670; x_wconf 88' lang='lat' dir='ltr'><strong>suimet</strong></span> <span class='ocrx_word' id='word_1_485' title='bbox 1350 4634 1666 4686; x_wconf 88' lang='lat' dir='ltr'><strong>suorumque</strong></span> 
     </span>
    </p>
   </div>
   <div class='ocr_carea' id='block_1_65' title="bbox 129 4702 1667 4772">
    <p class='ocr_par' dir='ltr' id='par_1_65' title="bbox 129 4702 1667 4772">
     <span class='ocr_line' id='line_1_65' title="bbox 129 4702 1667 4772; baseline 0.004 -20"><span class='ocrx_word' id='word_1_486' title='bbox 129 4715 307 4753; x_wconf 87' lang='lat' dir='ltr'><strong>curam</strong></span> <span class='ocrx_word' id='word_1_487' title='bbox 338 4702 550 4755; x_wconf 88' lang='lat' dir='ltr'><strong>sedulus</strong></span> <span class='ocrx_word' id='word_1_488' title='bbox 578 4714 728 4771; x_wconf 77' lang='lat' dir='ltr'><strong>agat,</strong></span> <span class='ocrx_word' id='word_1_489' title='bbox 753 4713 1006 4772; x_wconf 80' lang='lat' dir='ltr'><strong>quatenus</strong></span> <span class='ocrx_word' id='word_1_490' title='bbox 1032 4708 1298 4772; x_wconf 75' lang='lat' dir='ltr'><strong>expurgati</strong></span> <span class='ocrx_word' id='word_1_491' title='bbox 1329 4720 1356 4757; x_wconf 87' lang='lat' dir='ltr'><strong>a</strong></span> <span class='ocrx_word' id='word_1_492' title='bbox 1387 4707 1524 4758; x_wconf 84' lang='lat' dir='ltr'><strong>vitiis</strong></span> <span class='ocrx_word' id='word_1_493' title='bbox 1544 4751 1557 4771; x_wconf 89' lang='lat'><strong>,</strong></span> <span class='ocrx_word' id='word_1_494' title='bbox 1583 4723 1667 4759; x_wconf 86' lang='lat' dir='ltr'><strong>or-</strong></span> 
     </span>
    </p>
   </div>
   <div class='ocr_carea' id='block_1_66' title="bbox 131 4791 1664 4865">
    <p class='ocr_par' dir='ltr' id='par_1_66' title="bbox 131 4791 1664 4865">
     <span class='ocr_line' id='line_1_66' title="bbox 131 4791 1664 4865; baseline 0.007 -25"><span class='ocrx_word' id='word_1_495' title='bbox 131 4791 235 4842; x_wconf 80' lang='lat' dir='ltr'><strong>nati</strong></span> <span class='ocrx_word' id='word_1_496' title='bbox 269 4791 418 4844; x_wconf 89' lang='lat' dir='ltr'><strong>bonis</strong></span> <span class='ocrx_word' id='word_1_497' title='bbox 446 4795 716 4858; x_wconf 84' lang='lat' dir='ltr'><strong>operibus,</strong></span> <span class='ocrx_word' id='word_1_498' title='bbox 741 4795 879 4848; x_wconf 89' lang='lat' dir='ltr'><strong>diem</strong></span> <span class='ocrx_word' id='word_1_499' title='bbox 910 4804 1213 4863; x_wconf 80' lang='lat' dir='ltr'><strong>exspectent</strong></span> <span class='ocrx_word' id='word_1_500' title='bbox 1245 4797 1498 4858; x_wconf 82' lang='lat' dir='ltr'><strong>ultimam,</strong></span> <span class='ocrx_word' id='word_1_501' title='bbox 1529 4800 1664 4865; x_wconf 88' lang='lat' dir='ltr'><strong>quod</strong></span> 
     </span>
    </p>
   </div>
   <div class='ocr_carea' id='block_1_67' title="bbox 131 4873 1663 4952">
    <p class='ocr_par' dir='ltr' id='par_1_67' title="bbox 131 4873 1663 4952">
     <span class='ocr_line' id='line_1_67' title="bbox 131 4873 1663 4952; baseline 0.005 -22"><span class='ocrx_word' id='word_1_502' title='bbox 131 4887 183 4930; x_wconf 89' lang='lat' dir='ltr'><strong>et</strong></span> <span class='ocrx_word' id='word_1_503' title='bbox 207 4893 344 4931; x_wconf 88' lang='lat' dir='ltr'><strong>nunc</strong></span> <span class='ocrx_word' id='word_1_504' title='bbox 374 4880 675 4948; x_wconf 87' lang='lat' dir='ltr'><strong>prophetam</strong></span> <span class='ocrx_word' id='word_1_505' title='bbox 708 4892 760 4935; x_wconf 88' lang='lat' dir='ltr'><strong>et</strong></span> <span class='ocrx_word' id='word_1_506' title='bbox 785 4873 966 4937; x_wconf 75' lang='lat' dir='ltr'><strong>omnes</strong></span> <span class='ocrx_word' id='word_1_507' title='bbox 991 4884 1232 4936; x_wconf 67' lang='lat' dir='ltr'><strong>Ecclesize</strong></span> <span class='ocrx_word' id='word_1_508' title='bbox 1265 4887 1538 4952; x_wconf 78' lang='lat' dir='ltr'><strong>magistros</strong></span> <span class='ocrx_word' id='word_1_509' title='bbox 1569 4888 1663 4938; x_wconf 91' lang='lat' dir='ltr'><strong>do-</strong></span> 
     </span>
    </p>
   </div>
   <div class='ocr_carea' id='block_1_68' title="bbox 1779 2032 3318 2108">
    <p class='ocr_par' dir='ltr' id='par_1_68' title="bbox 1779 2032 3318 2108">
     <span class='ocr_line' id='line_1_68' title="bbox 1779 2032 3318 2108; baseline 0.007 -26"><span class='ocrx_word' id='word_1_510' title='bbox 1779 2039 1921 2083; x_wconf 86' lang='lat' dir='ltr'><strong>certe</strong></span> <span class='ocrx_word' id='word_1_511' title='bbox 1949 2032 2066 2099; x_wconf 86' lang='lat' dir='ltr'><strong>quia</strong></span> <span class='ocrx_word' id='word_1_512' title='bbox 2096 2032 2208 2099; x_wconf 85' lang='lat' dir='ltr'><strong>ipse</strong></span> <span class='ocrx_word' id='word_1_513' title='bbox 2235 2033 2509 2086; x_wconf 89' lang='lat' dir='ltr'><strong>duodecim</strong></span> <span class='ocrx_word' id='word_1_514' title='bbox 2539 2035 2775 2088; x_wconf 87' lang='lat' dir='ltr'><strong>tribubus</strong></span> <span class='ocrx_word' id='word_1_515' title='bbox 2799 2037 3025 2104; x_wconf 87' lang='lat' dir='ltr'><strong>lsraelis,</strong></span> <span class='ocrx_word' id='word_1_516' title='bbox 3058 2055 3173 2106; x_wconf 71' lang='lat' dir='ltr'><strong>qum</strong></span> <span class='ocrx_word' id='word_1_517' title='bbox 3219 2043 3318 2108; x_wconf 78' lang='lat' dir='ltr'><strong>pri-</strong></span> 
     </span>
    </p>
   </div>
   <div class='ocr_carea' id='block_1_69' title="bbox 1777 2121 3316 2192">
    <p class='ocr_par' dir='ltr' id='par_1_69' title="bbox 1777 2121 3316 2192">
     <span class='ocr_line' id='line_1_69' title="bbox 1777 2121 3316 2192; baseline 0.007 -22"><span class='ocrx_word' id='word_1_518' title='bbox 1777 2132 1876 2170; x_wconf 76' lang='lat' dir='ltr'><strong>ma:</strong></span> <span class='ocrx_word' id='word_1_519' title='bbox 1895 2121 2254 2184; x_wconf 86' lang='lat' dir='ltr'><strong>crediderunt,</strong></span> <span class='ocrx_word' id='word_1_520' title='bbox 2277 2135 2423 2172; x_wconf 87' lang='lat' dir='ltr'><strong>suam</strong></span> <span class='ocrx_word' id='word_1_521' title='bbox 2451 2121 2734 2187; x_wconf 84' lang='lat' dir='ltr'><strong>Epistulam</strong></span> <span class='ocrx_word' id='word_1_522' title='bbox 2761 2126 2921 2188; x_wconf 87' lang='lat' dir='ltr'><strong>misit,</strong></span> <span class='ocrx_word' id='word_1_523' title='bbox 2945 2129 3132 2180; x_wconf 88' lang='lat' dir='ltr'><strong>merito</strong></span> <span class='ocrx_word' id='word_1_524' title='bbox 3155 2130 3316 2192; x_wconf 87' lang='lat' dir='ltr'><strong>prima</strong></span> 
     </span>
    </p>
   </div>
   <div class='ocr_carea' id='block_1_70' title="bbox 1779 2197 3318 2282">
    <p class='ocr_par' dir='ltr' id='par_1_70' title="bbox 1779 2197 3318 2282">
     <span class='ocr_line' id='line_1_70' title="bbox 1779 2197 3318 2282; baseline 0.007 -22"><span class='ocrx_word' id='word_1_525' title='bbox 1779 2211 1900 2276; x_wconf 90' lang='lat' dir='ltr'><strong>poni</strong></span> <span class='ocrx_word' id='word_1_526' title='bbox 1931 2210 2143 2272; x_wconf 89' lang='lat' dir='ltr'><strong>debuit;</strong></span> <span class='ocrx_word' id='word_1_527' title='bbox 2179 2213 2369 2264; x_wconf 90' lang='lat' dir='ltr'><strong>merito</strong></span> <span class='ocrx_word' id='word_1_528' title='bbox 2396 2197 2534 2264; x_wconf 82' lang='lat' dir='ltr'><strong>Petri</strong></span> <span class='ocrx_word' id='word_1_529' title='bbox 2557 2213 2784 2266; x_wconf 79' lang='lat' dir='ltr'><strong>secunda</strong></span> <span class='ocrx_word' id='word_1_530' title='bbox 2804 2253 2819 2278; x_wconf 96' lang='lat'><strong>,</strong></span> <span class='ocrx_word' id='word_1_531' title='bbox 2852 2230 2970 2281; x_wconf 78' lang='lat' dir='ltr'><strong>quia</strong></span> <span class='ocrx_word' id='word_1_532' title='bbox 3002 2216 3111 2282; x_wconf 88' lang='lat' dir='ltr'><strong>ipse</strong></span> <span class='ocrx_word' id='word_1_533' title='bbox 3137 2219 3318 2271; x_wconf 86' lang='lat' dir='ltr'><strong>electis</strong></span> 
     </span>
    </p>
   </div>
   <div class='ocr_carea' id='block_1_71' title="bbox 1775 2296 3321 2369">
    <p class='ocr_par' dir='ltr' id='par_1_71' title="bbox 1775 2296 3321 2369">
     <span class='ocr_line' id='line_1_71' title="bbox 1775 2296 3321 2369; baseline 0.008 -23"><span class='ocrx_word' id='word_1_534' title='bbox 1775 2296 2012 2361; x_wconf 75' lang='lat' dir='ltr'><strong>advenis,</strong></span> <span class='ocrx_word' id='word_1_535' title='bbox 2043 2298 2130 2364; x_wconf 90' lang='lat' dir='ltr'><strong>qui</strong></span> <span class='ocrx_word' id='word_1_536' title='bbox 2161 2297 2342 2350; x_wconf 66' lang='lat' dir='ltr'><strong>Griece</strong></span> <span class='ocrx_word' id='word_1_537' title='bbox 2364 2299 2607 2352; x_wconf 72' lang='lat' dir='ltr'><strong>dicuntur</strong></span> <span class='ocrx_word' id='word_1_538' title='bbox 2646 2301 2913 2369; x_wconf 80' lang='lat' dir='ltr'><strong>proselytw</strong></span> <span class='ocrx_word' id='word_1_539' title='bbox 2933 2339 2948 2365; x_wconf 89' lang='lat'><strong>,</strong></span> <span class='ocrx_word' id='word_1_540' title='bbox 2978 2303 3075 2356; x_wconf 87' lang='lat' dir='ltr'><strong>hoc</strong></span> <span class='ocrx_word' id='word_1_541' title='bbox 3099 2314 3198 2367; x_wconf 88' lang='lat' dir='ltr'><strong>est,</strong></span> <span class='ocrx_word' id='word_1_542' title='bbox 3246 2307 3321 2358; x_wconf 86' lang='lat' dir='ltr'><strong>eis</strong></span> 
     </span>
    </p>
   </div>
   <div class='ocr_carea' id='block_1_72' title="bbox 1774 2387 3318 2460">
    <p class='ocr_par' dir='ltr' id='par_1_72' title="bbox 1774 2387 3318 2460">
     <span class='ocr_line' id='line_1_72' title="bbox 1774 2387 3318 2460; baseline 0.007 -25"><span class='ocrx_word' id='word_1_543' title='bbox 1774 2387 1986 2452; x_wconf 75' lang='lat' dir='ltr'><strong>scripsit</strong></span> <span class='ocrx_word' id='word_1_544' title='bbox 2010 2388 2093 2451; x_wconf 93' lang='lat' dir='ltr'><strong>qui</strong></span> <span class='ocrx_word' id='word_1_545' title='bbox 2123 2387 2186 2438; x_wconf 87' lang='lat' dir='ltr'><strong>de</strong></span> <span class='ocrx_word' id='word_1_546' title='bbox 2209 2387 2495 2455; x_wconf 80' lang='lat' dir='ltr'><strong>gentilitate</strong></span> <span class='ocrx_word' id='word_1_547' title='bbox 2517 2391 2578 2441; x_wconf 91' lang='lat' dir='ltr'><strong>ad</strong></span> <span class='ocrx_word' id='word_1_548' title='bbox 2603 2389 2945 2456; x_wconf 84' lang='lat' dir='ltr'><strong>judaismum,</strong></span> <span class='ocrx_word' id='word_1_549' title='bbox 2971 2393 3318 2460; x_wconf 83' lang='lat' dir='ltr'><strong>dejudaismo</strong></span> 
     </span>
    </p>
   </div>
   <div class='ocr_carea' id='block_1_73' title="bbox 1776 2474 3317 2544">
    <p class='ocr_par' dir='ltr' id='par_1_73' title="bbox 1776 2474 3317 2544">
     <span class='ocr_line' id='line_1_73' title="bbox 1776 2474 3317 2544; baseline 0.008 -20"><span class='ocrx_word' id='word_1_550' title='bbox 1776 2474 1838 2526; x_wconf 90' lang='lat' dir='ltr'><strong>ad</strong></span> <span class='ocrx_word' id='word_1_551' title='bbox 1873 2475 2143 2526; x_wconf 88' lang='lat' dir='ltr'><strong>electionis</strong></span> <span class='ocrx_word' id='word_1_552' title='bbox 2172 2477 2489 2542; x_wconf 80' lang='lat' dir='ltr'><strong>evangelica:</strong></span> <span class='ocrx_word' id='word_1_553' title='bbox 2530 2481 2750 2544; x_wconf 78' lang='lat' dir='ltr'><strong>gratiam</strong></span> <span class='ocrx_word' id='word_1_554' title='bbox 2781 2483 3017 2535; x_wconf 81' lang='lat' dir='ltr'><strong>conversi</strong></span> <span class='ocrx_word' id='word_1_555' title='bbox 3043 2493 3181 2535; x_wconf 84' lang='lat' dir='ltr'><strong>Sunt.</strong></span> <span class='ocrx_word' id='word_1_556' title='bbox 3209 2484 3317 2536; x_wconf 62' lang='lat' dir='ltr'><strong>lite-</strong></span> 
     </span>
    </p>
   </div>
   <div class='ocr_carea' id='block_1_74' title="bbox 1776 2562 3314 2638">
    <p class='ocr_par' dir='ltr' id='par_1_74' title="bbox 1776 2562 3314 2638">
     <span class='ocr_line' id='line_1_74' title="bbox 1776 2562 3314 2638; baseline 0.007 -24"><span class='ocrx_word' id='word_1_557' title='bbox 1776 2564 1880 2614; x_wconf 90' lang='lat' dir='ltr'><strong>rito</strong></span> <span class='ocrx_word' id='word_1_558' title='bbox 1900 2562 2118 2616; x_wconf 85' lang='lat' dir='ltr'><strong>Joannis</strong></span> <span class='ocrx_word' id='word_1_559' title='bbox 2146 2564 2390 2632; x_wconf 73' lang='lat' dir='ltr'><strong>Epistula:</strong></span> <span class='ocrx_word' id='word_1_560' title='bbox 2415 2568 2565 2618; x_wconf 79' lang='lat' dir='ltr'><strong>tertio</strong></span> <span class='ocrx_word' id='word_1_561' title='bbox 2589 2568 2703 2619; x_wconf 90' lang='lat' dir='ltr'><strong>loco</strong></span> <span class='ocrx_word' id='word_1_562' title='bbox 2724 2576 2845 2619; x_wconf 88' lang='lat' dir='ltr'><strong>sunt</strong></span> <span class='ocrx_word' id='word_1_563' title='bbox 2872 2571 3072 2636; x_wconf 66' lang='lat' dir='ltr'><strong>positio,</strong></span> <span class='ocrx_word' id='word_1_564' title='bbox 3089 2573 3209 2638; x_wconf 90' lang='lat' dir='ltr'><strong>quia</strong></span> <span class='ocrx_word' id='word_1_565' title='bbox 3235 2573 3314 2625; x_wconf 86' lang='lat' dir='ltr'><strong>his</strong></span> 
     </span>
    </p>
   </div>
   <div class='ocr_carea' id='block_1_75' title="bbox 1776 2652 3320 2721">
    <p class='ocr_par' dir='ltr' id='par_1_75' title="bbox 1776 2652 3320 2721">
     <span class='ocr_line' id='line_1_75' title="bbox 1776 2652 3320 2721; baseline 0.005 -15"><span class='ocrx_word' id='word_1_566' title='bbox 1776 2652 1987 2720; x_wconf 82' lang='lat' dir='ltr'><strong>scripsit</strong></span> <span class='ocrx_word' id='word_1_567' title='bbox 2033 2654 2143 2719; x_wconf 91' lang='lat' dir='ltr'><strong>ipse</strong></span> <span class='ocrx_word' id='word_1_568' title='bbox 2185 2654 2268 2720; x_wconf 91' lang='lat' dir='ltr'><strong>qui</strong></span> <span class='ocrx_word' id='word_1_569' title='bbox 2301 2654 2366 2706; x_wconf 88' lang='lat' dir='ltr'><strong>de</strong></span> <span class='ocrx_word' id='word_1_570' title='bbox 2405 2654 2646 2720; x_wconf 78' lang='lat' dir='ltr'><strong>gentibus</strong></span> <span class='ocrx_word' id='word_1_571' title='bbox 2675 2655 3042 2721; x_wconf 88' lang='lat' dir='ltr'><strong>crediderunt,</strong></span> <span class='ocrx_word' id='word_1_572' title='bbox 3074 2675 3192 2712; x_wconf 92' lang='lat' dir='ltr'><strong>eum</strong></span> <span class='ocrx_word' id='word_1_573' title='bbox 3225 2677 3320 2714; x_wconf 88' lang='lat' dir='ltr'><strong>nec</strong></span> 
     </span>
    </p>
   </div>
   <div class='ocr_carea' id='block_1_76' title="bbox 1777 2739 3318 2816">
    <p class='ocr_par' dir='ltr' id='par_1_76' title="bbox 1777 2739 3318 2816">
     <span class='ocr_line' id='line_1_76' title="bbox 1777 2739 3318 2816; baseline 0.008 -26"><span class='ocrx_word' id='word_1_574' title='bbox 1777 2749 1957 2792; x_wconf 86' lang='lat' dir='ltr'><strong>natura</strong></span> <span class='ocrx_word' id='word_1_575' title='bbox 2003 2755 2098 2793; x_wconf 91' lang='lat' dir='ltr'><strong>nec</strong></span> <span class='ocrx_word' id='word_1_576' title='bbox 2147 2739 2472 2806; x_wconf 79' lang='lat' dir='ltr'><strong>profeSsione</strong></span> <span class='ocrx_word' id='word_1_577' title='bbox 2517 2746 2859 2798; x_wconf 76' lang='lat' dir='ltr'><strong>exstitissent.</strong></span> <span class='ocrx_word' id='word_1_578' title='bbox 2893 2747 3128 2816; x_wconf 83' lang='lat' dir='ltr'><strong>Denique</strong></span> <span class='ocrx_word' id='word_1_579' title='bbox 3171 2751 3318 2802; x_wconf 91' lang='lat' dir='ltr'><strong>multi</strong></span> 
     </span>
    </p>
   </div>
   <div class='ocr_carea' id='block_1_77' title="bbox 1776 2830 3320 2900">
    <p class='ocr_par' dir='ltr' id='par_1_77' title="bbox 1776 2830 3320 2900">
     <span class='ocr_line' id='line_1_77' title="bbox 1776 2830 3320 2900; baseline 0.008 -20"><span class='ocrx_word' id='word_1_580' title='bbox 1776 2830 2091 2892; x_wconf 88' lang='lat' dir='ltr'><strong>scriptorum</strong></span> <span class='ocrx_word' id='word_1_581' title='bbox 2135 2831 2651 2894; x_wconf 84' lang='lat' dir='ltr'><strong>ecclesiasticorum,</strong></span> <span class='ocrx_word' id='word_1_582' title='bbox 2685 2835 2735 2884; x_wconf 93' lang='lat' dir='ltr'><strong>in</strong></span> <span class='ocrx_word' id='word_1_583' title='bbox 2767 2836 2952 2900; x_wconf 90' lang='lat' dir='ltr'><strong>quibus</strong></span> <span class='ocrx_word' id='word_1_584' title='bbox 2986 2848 3068 2890; x_wconf 83' lang='lat' dir='ltr'><strong>est</strong></span> <span class='ocrx_word' id='word_1_585' title='bbox 3111 2851 3320 2893; x_wconf 73' lang='lat' dir='ltr'><strong>sanctus</strong></span> 
     </span>
    </p>
   </div>
   <div class='ocr_carea' id='block_1_78' title="bbox 1777 2917 3310 2994">
    <p class='ocr_par' dir='ltr' id='par_1_78' title="bbox 1777 2917 3310 2994">
     <span class='ocr_line' id='line_1_78' title="bbox 1777 2917 3310 2994; baseline 0.008 -26"><span class='ocrx_word' id='word_1_586' title='bbox 1777 2917 2112 2980; x_wconf 76' lang='lat' dir='ltr'><strong>Athanasius,</strong></span> <span class='ocrx_word' id='word_1_587' title='bbox 2161 2918 2522 2972; x_wconf 75' lang='lat' dir='ltr'><strong>Alexandrina:</strong></span> <span class='ocrx_word' id='word_1_588' title='bbox 2551 2921 2740 2987; x_wconf 77' lang='lat' dir='ltr'><strong>przesul</strong></span> <span class='ocrx_word' id='word_1_589' title='bbox 2782 2923 3060 2990; x_wconf 75' lang='lat' dir='ltr'><strong>Ecclesizn,</strong></span> <span class='ocrx_word' id='word_1_590' title='bbox 3093 2929 3310 2994; x_wconf 88' lang='lat' dir='ltr'><strong>primam</strong></span> 
     </span>
    </p>
   </div>
   <div class='ocr_carea' id='block_1_79' title="bbox 1776 3006 3314 3075">
    <p class='ocr_par' dir='ltr' id='par_1_79' title="bbox 1776 3006 3314 3075">
     <span class='ocr_line' id='line_1_79' title="bbox 1776 3006 3314 3075; baseline 0.01 -18"><span class='ocrx_word' id='word_1_591' title='bbox 1776 3006 1891 3070; x_wconf 77' lang='lat' dir='ltr'><strong>ejus</strong></span> <span class='ocrx_word' id='word_1_592' title='bbox 1927 3006 2212 3072; x_wconf 56' lang='lat' dir='ltr'><strong>Epistulam</strong></span> <span class='ocrx_word' id='word_1_593' title='bbox 2243 3009 2491 3075; x_wconf 89' lang='lat' dir='ltr'><strong>scriptam</strong></span> <span class='ocrx_word' id='word_1_594' title='bbox 2519 3009 2581 3060; x_wconf 89' lang='lat' dir='ltr'><strong>ad</strong></span> <span class='ocrx_word' id='word_1_595' title='bbox 2615 3010 2836 3065; x_wconf 77' lang='lat' dir='ltr'><strong>Parthos</strong></span> <span class='ocrx_word' id='word_1_596' title='bbox 2877 3028 2994 3066; x_wconf 88' lang='lat' dir='ltr'><strong>esse</strong></span> <span class='ocrx_word' id='word_1_597' title='bbox 3038 3025 3314 3071; x_wconf 83' lang='lat' dir='ltr'><strong>testantur.</strong></span> 
     </span>
    </p>
   </div>
   <div class='ocr_carea' id='block_1_80' title="bbox 1777 3084 3318 3173">
    <p class='ocr_par' dir='ltr' id='par_1_80' title="bbox 1777 3084 3318 3173">
     <span class='ocr_line' id='line_1_80' title="bbox 1777 3084 3318 3173; baseline 0.01 -28"><span class='ocrx_word' id='word_1_598' title='bbox 1777 3094 1962 3146; x_wconf 84' lang='lat' dir='ltr'><strong>Merito</strong></span> <span class='ocrx_word' id='word_1_599' title='bbox 1981 3093 2127 3147; x_wconf 67' lang='lat' dir='ltr'><strong>Judaz</strong></span> <span class='ocrx_word' id='word_1_600' title='bbox 2161 3084 2324 3162; x_wconf 85' lang='lat' dir='ltr'><strong>posita</strong></span> <span class='ocrx_word' id='word_1_601' title='bbox 2353 3108 2434 3150; x_wconf 87' lang='lat' dir='ltr'><strong>est</strong></span> <span class='ocrx_word' id='word_1_602' title='bbox 2463 3099 2641 3151; x_wconf 87' lang='lat' dir='ltr'><strong>ultima</strong></span> <span class='ocrx_word' id='word_1_603' title='bbox 2665 3139 2681 3162; x_wconf 93' lang='lat'><strong>,</strong></span> <span class='ocrx_word' id='word_1_604' title='bbox 2714 3102 2833 3167; x_wconf 88' lang='lat' dir='ltr'><strong>quia</strong></span> <span class='ocrx_word' id='word_1_605' title='bbox 2866 3103 3100 3169; x_wconf 76' lang='lat' dir='ltr'><strong>quamvis</strong></span> <span class='ocrx_word' id='word_1_606' title='bbox 3124 3118 3173 3158; x_wconf 91' lang='lat' dir='ltr'><strong>et</strong></span> <span class='ocrx_word' id='word_1_607' title='bbox 3207 3109 3318 3173; x_wconf 85' lang='lat' dir='ltr'><strong>ipse</strong></span> 
     </span>
    </p>
   </div>
   <div class='ocr_carea' id='block_1_81' title="bbox 1779 3185 3317 3259">
    <p class='ocr_par' dir='ltr' id='par_1_81' title="bbox 1779 3185 3317 3259">
     <span class='ocr_line' id='line_1_81' title="bbox 1779 3185 3317 3259; baseline 0.012 -29"><span class='ocrx_word' id='word_1_608' title='bbox 1779 3196 1993 3247; x_wconf 80' lang='lat' dir='ltr'><strong>magnus</strong></span> <span class='ocrx_word' id='word_1_609' title='bbox 2040 3194 2152 3245; x_wconf 93' lang='lat' dir='ltr'><strong>est,</strong></span> <span class='ocrx_word' id='word_1_610' title='bbox 2204 3185 2369 3237; x_wconf 85' lang='lat' dir='ltr'><strong>tribus</strong></span> <span class='ocrx_word' id='word_1_611' title='bbox 2419 3193 2590 3239; x_wconf 88' lang='lat' dir='ltr'><strong>tamen</strong></span> <span class='ocrx_word' id='word_1_612' title='bbox 2625 3190 3040 3253; x_wconf 74' lang='lat' dir='ltr'><strong>przecedentibus</strong></span> <span class='ocrx_word' id='word_1_613' title='bbox 3068 3197 3317 3259; x_wconf 87' lang='lat' dir='ltr'><strong>apostolis</strong></span> 
     </span>
    </p>
   </div>
   <div class='ocr_carea' id='block_1_82' title="bbox 1782 3270 3384 3346">
    <p class='ocr_par' dir='ltr' id='par_1_82' title="bbox 1782 3270 3384 3346">
     <span class='ocr_line' id='line_1_82' title="bbox 1782 3270 3384 3346; baseline 0.011 -29"><span class='ocrx_word' id='word_1_614' title='bbox 1782 3270 2040 3322; x_wconf 77' lang='lat' dir='ltr'><strong>uiiuorest</strong></span> <span class='ocrx_word' id='word_1_615' title='bbox 2063 3288 2076 3334; x_wconf 91' lang='lat'><strong>;</strong></span> <span class='ocrx_word' id='word_1_616' title='bbox 2103 3273 2180 3324; x_wconf 75' lang='lat' dir='ltr'><strong>vel</strong></span> <span class='ocrx_word' id='word_1_617' title='bbox 2206 3273 2324 3338; x_wconf 88' lang='lat' dir='ltr'><strong>quia</strong></span> <span class='ocrx_word' id='word_1_618' title='bbox 2348 3273 2513 3338; x_wconf 87' lang='lat' dir='ltr'><strong>prima</strong></span> <span class='ocrx_word' id='word_1_619' title='bbox 2537 3274 2712 3328; x_wconf 85' lang='lat' dir='ltr'><strong>Jacobi</strong></span> <span class='ocrx_word' id='word_1_620' title='bbox 2736 3278 2929 3343; x_wconf 88' lang='lat' dir='ltr'><strong>scripta</strong></span> <span class='ocrx_word' id='word_1_621' title='bbox 2962 3287 3042 3331; x_wconf 84' lang='lat' dir='ltr'><strong>est</strong></span> <span class='ocrx_word' id='word_1_622' title='bbox 3061 3280 3315 3346; x_wconf 79' lang='lat' dir='ltr'><strong>Epistula,</strong></span> <span class='ocrx_word' id='word_1_623' title='bbox 3379 3270 3384 3275; x_wconf 64' lang='grc'><strong>’</strong></span> 
     </span>
    </p>
   </div>
   <div class='ocr_carea' id='block_1_83' title="bbox 1778 3358 3315 3438">
    <p class='ocr_par' dir='ltr' id='par_1_83' title="bbox 1778 3358 3315 3438">
     <span class='ocr_line' id='line_1_83' title="bbox 1778 3358 3315 3438; baseline 0.01 -30"><span class='ocrx_word' id='word_1_624' title='bbox 1778 3358 1963 3412; x_wconf 88' lang='lat' dir='ltr'><strong>deinde</strong></span> <span class='ocrx_word' id='word_1_625' title='bbox 1994 3359 2154 3425; x_wconf 79' lang='lat' dir='ltr'><strong>Petri,</strong></span> <span class='ocrx_word' id='word_1_626' title='bbox 2189 3372 2303 3428; x_wconf 88' lang='lat' dir='ltr'><strong>post</strong></span> <span class='ocrx_word' id='word_1_627' title='bbox 2337 3377 2426 3415; x_wconf 90' lang='lat' dir='ltr'><strong>eas</strong></span> <span class='ocrx_word' id='word_1_628' title='bbox 2457 3362 2693 3428; x_wconf 86' lang='lat' dir='ltr'><strong>Joannis,</strong></span> <span class='ocrx_word' id='word_1_629' title='bbox 2724 3365 2841 3419; x_wconf 87' lang='lat' dir='ltr'><strong>ideo</strong></span> <span class='ocrx_word' id='word_1_630' title='bbox 2873 3383 3007 3421; x_wconf 87' lang='lat' dir='ltr'><strong>nune</strong></span> <span class='ocrx_word' id='word_1_631' title='bbox 3039 3383 3201 3438; x_wconf 88' lang='lat' dir='ltr'><strong>usque</strong></span> <span class='ocrx_word' id='word_1_632' title='bbox 3228 3387 3315 3424; x_wconf 81' lang='lat' dir='ltr'><strong>or-</strong></span> 
     </span>
    </p>
   </div>
   <div class='ocr_carea' id='block_1_84' title="bbox 1775 3445 3315 3527">
    <p class='ocr_par' dir='ltr' id='par_1_84' title="bbox 1775 3445 3315 3527">
     <span class='ocr_line' id='line_1_84' title="bbox 1775 3445 3315 3527; baseline 0.01 -30"><span class='ocrx_word' id='word_1_633' title='bbox 1775 3445 1948 3498; x_wconf 89' lang='lat' dir='ltr'><strong>dinem</strong></span> <span class='ocrx_word' id='word_1_634' title='bbox 1973 3462 2076 3513; x_wconf 91' lang='lat' dir='ltr'><strong>quo</strong></span> <span class='ocrx_word' id='word_1_635' title='bbox 2101 3450 2309 3514; x_wconf 65' lang='lat' dir='ltr'><strong>scripta:</strong></span> <span class='ocrx_word' id='word_1_636' title='bbox 2343 3459 2463 3502; x_wconf 90' lang='lat' dir='ltr'><strong>sunt</strong></span> <span class='ocrx_word' id='word_1_637' title='bbox 2509 3452 2758 3506; x_wconf 85' lang='lat' dir='ltr'><strong>retinent.</strong></span> <span class='ocrx_word' id='word_1_638' title='bbox 2783 3453 2999 3509; x_wconf 85' lang='lat' dir='ltr'><strong>Constat</strong></span> <span class='ocrx_word' id='word_1_639' title='bbox 3029 3460 3168 3512; x_wconf 88' lang='lat' dir='ltr'><strong>enim</strong></span> <span class='ocrx_word' id='word_1_640' title='bbox 3197 3461 3315 3527; x_wconf 82' lang='lat' dir='ltr'><strong>quia</strong></span> 
     </span>
    </p>
   </div>
   <div class='ocr_carea' id='block_1_85' title="bbox 1776 3531 3319 3608">
    <p class='ocr_par' dir='ltr' id='par_1_85' title="bbox 1776 3531 3319 3608">
     <span class='ocr_line' id='line_1_85' title="bbox 1776 3531 3319 3608; baseline 0.012 -25"><span class='ocrx_word' id='word_1_641' title='bbox 1776 3532 1959 3583; x_wconf 86' lang='lat' dir='ltr'><strong>beatus</strong></span> <span class='ocrx_word' id='word_1_642' title='bbox 1999 3531 2225 3587; x_wconf 81' lang='lat' dir='ltr'><strong>Jacobus</strong></span> <span class='ocrx_word' id='word_1_643' title='bbox 2280 3537 2544 3590; x_wconf 86' lang='lat' dir='ltr'><strong>tricesimo</strong></span> <span class='ocrx_word' id='word_1_644' title='bbox 2598 3550 2712 3606; x_wconf 91' lang='lat' dir='ltr'><strong>post</strong></span> <span class='ocrx_word' id='word_1_645' title='bbox 2769 3544 3064 3608; x_wconf 80' lang='lat' dir='ltr'><strong>passionem</strong></span> <span class='ocrx_word' id='word_1_646' title='bbox 3117 3545 3319 3600; x_wconf 83' lang='lat' dir='ltr'><strong>Domini</strong></span> 
     </span>
    </p>
   </div>
   <div class='ocr_carea' id='block_1_86' title="bbox 1774 3627 3320 3696">
    <p class='ocr_par' dir='ltr' id='par_1_86' title="bbox 1774 3627 3320 3696">
     <span class='ocr_line' id='line_1_86' title="bbox 1774 3627 3320 3696; baseline 0.013 -28"><span class='ocrx_word' id='word_1_647' title='bbox 1774 3633 1912 3670; x_wconf 86' lang='lat' dir='ltr'><strong>anno</strong></span> <span class='ocrx_word' id='word_1_648' title='bbox 1953 3636 2102 3672; x_wconf 88' lang='lat' dir='ltr'><strong>suum</strong></span> <span class='ocrx_word' id='word_1_649' title='bbox 2152 3627 2531 3676; x_wconf 79' lang='lat' dir='ltr'><strong>Consummavit</strong></span> <span class='ocrx_word' id='word_1_650' title='bbox 2562 3627 2903 3696; x_wconf 84' lang='lat' dir='ltr'><strong>martyrium;</strong></span> <span class='ocrx_word' id='word_1_651' title='bbox 2954 3630 3136 3685; x_wconf 86' lang='lat' dir='ltr'><strong>Petrus</strong></span> <span class='ocrx_word' id='word_1_652' title='bbox 3165 3635 3320 3688; x_wconf 83' lang='lat' dir='ltr'><strong>trice-</strong></span> 
     </span>
    </p>
   </div>
   <div class='ocr_carea' id='block_1_87' title="bbox 1773 3709 3320 3790">
    <p class='ocr_par' dir='ltr' id='par_1_87' title="bbox 1773 3709 3320 3790">
     <span class='ocr_line' id='line_1_87' title="bbox 1773 3709 3320 3790; baseline 0.01 -28"><span class='ocrx_word' id='word_1_653' title='bbox 1773 3709 1907 3762; x_wconf 89' lang='lat' dir='ltr'><strong>simo</strong></span> <span class='ocrx_word' id='word_1_654' title='bbox 1930 3719 2114 3764; x_wconf 84' lang='lat' dir='ltr'><strong>octavo</strong></span> <span class='ocrx_word' id='word_1_655' title='bbox 2134 3753 2147 3774; x_wconf 96' lang='lat'><strong>,</strong></span> <span class='ocrx_word' id='word_1_656' title='bbox 2193 3713 2288 3766; x_wconf 91' lang='lat' dir='ltr'><strong>hoc</strong></span> <span class='ocrx_word' id='word_1_657' title='bbox 2322 3722 2421 3780; x_wconf 76' lang='lat' dir='ltr'><strong>est,</strong></span> <span class='ocrx_word' id='word_1_658' title='bbox 2451 3719 2635 3771; x_wconf 85' lang='lat' dir='ltr'><strong>ultimo</strong></span> <span class='ocrx_word' id='word_1_659' title='bbox 2676 3735 2815 3772; x_wconf 90' lang='lat' dir='ltr'><strong>anno</strong></span> <span class='ocrx_word' id='word_1_660' title='bbox 2843 3720 3065 3778; x_wconf 80' lang='lat' dir='ltr'><strong>Neronis</strong></span> <span class='ocrx_word' id='word_1_661' title='bbox 3087 3766 3100 3786; x_wconf 95' lang='lat'><strong>,</strong></span> <span class='ocrx_word' id='word_1_662' title='bbox 3137 3741 3320 3790; x_wconf 87' lang='lat' dir='ltr'><strong>passus</strong></span> 
     </span>
    </p>
   </div>
   <div class='ocr_carea' id='block_1_88' title="bbox 1775 3800 3318 3877">
    <p class='ocr_par' dir='ltr' id='par_1_88' title="bbox 1775 3800 3318 3877">
     <span class='ocr_line' id='line_1_88' title="bbox 1775 3800 3318 3877; baseline 0.011 -28"><span class='ocrx_word' id='word_1_663' title='bbox 1775 3807 1875 3860; x_wconf 90' lang='lat' dir='ltr'><strong>est,</strong></span> <span class='ocrx_word' id='word_1_664' title='bbox 1908 3807 1958 3851; x_wconf 89' lang='lat' dir='ltr'><strong>et</strong></span> <span class='ocrx_word' id='word_1_665' title='bbox 1988 3800 2097 3866; x_wconf 89' lang='lat' dir='ltr'><strong>ipse</strong></span> <span class='ocrx_word' id='word_1_666' title='bbox 2131 3803 2178 3854; x_wconf 87' lang='lat' dir='ltr'><strong>in</strong></span> <span class='ocrx_word' id='word_1_667' title='bbox 2207 3804 2432 3856; x_wconf 88' lang='lat' dir='ltr'><strong>secunda</strong></span> <span class='ocrx_word' id='word_1_668' title='bbox 2461 3822 2552 3859; x_wconf 89' lang='lat' dir='ltr'><strong>sua</strong></span> <span class='ocrx_word' id='word_1_669' title='bbox 2597 3808 2807 3875; x_wconf 86' lang='lat' dir='ltr'><strong>scripsit</strong></span> <span class='ocrx_word' id='word_1_670' title='bbox 2851 3812 3081 3877; x_wconf 82' lang='lat' dir='ltr'><strong>Epistula</strong></span> <span class='ocrx_word' id='word_1_671' title='bbox 3109 3813 3318 3866; x_wconf 77' lang='lat' dir='ltr'><strong>:Ccrtus</strong></span> 
     </span>
    </p>
   </div>
   <div class='ocr_carea' id='block_1_89' title="bbox 1771 3889 3314 3960">
    <p class='ocr_par' dir='ltr' id='par_1_89' title="bbox 1771 3889 3314 3960">
     <span class='ocr_line' id='line_1_89' title="bbox 1771 3889 3314 3960; baseline 0.012 -22"><span class='ocrx_word' id='word_1_672' title='bbox 1771 3904 1880 3938; x_wconf 82' lang='lat' dir='ltr'><strong>sum</strong></span> <span class='ocrx_word' id='word_1_673' title='bbox 1909 3889 2025 3955; x_wconf 61' lang='lat' dir='ltr'><strong>quia</strong></span> <span class='ocrx_word' id='word_1_674' title='bbox 2049 3892 2189 3943; x_wconf 76' lang='lat' dir='ltr'><strong>velox</strong></span> <span class='ocrx_word' id='word_1_675' title='bbox 2206 3894 2268 3944; x_wconf 86' lang='lat' dir='ltr'><strong>sit</strong></span> <span class='ocrx_word' id='word_1_676' title='bbox 2292 3893 2568 3960; x_wconf 74' lang='lat' dir='ltr'><strong>depositum</strong></span> <span class='ocrx_word' id='word_1_677' title='bbox 2592 3896 2900 3948; x_wconf 71' lang='lat' dir='ltr'><strong>taberrmculi</strong></span> <span class='ocrx_word' id='word_1_678' title='bbox 2921 3901 3015 3951; x_wconf 86' lang='lat' dir='ltr'><strong>mei</strong></span> <span class='ocrx_word' id='word_1_679' title='bbox 3043 3905 3314 3956; x_wconf 70' lang='lat' dir='ltr'><strong>secundum</strong></span> 
     </span>
    </p>
   </div>
   <div class='ocr_carea' id='block_1_90' title="bbox 1769 3982 3318 4061">
    <p class='ocr_par' dir='ltr' id='par_1_90' title="bbox 1769 3982 3318 4061">
     <span class='ocr_line' id='line_1_90' title="bbox 1769 3982 3318 4061; baseline 0.012 -30"><span class='ocrx_word' id='word_1_680' title='bbox 1769 3983 1901 4049; x_wconf 79' lang='lat' dir='ltr'><strong>quod</strong></span> <span class='ocrx_word' id='word_1_681' title='bbox 1927 3993 1972 4034; x_wconf 83' lang='lat' dir='ltr'><strong>et</strong></span> <span class='ocrx_word' id='word_1_682' title='bbox 2000 3982 2238 4037; x_wconf 87' lang='lat' dir='ltr'><strong>Dominus</strong></span> <span class='ocrx_word' id='word_1_683' title='bbox 2261 3999 2423 4038; x_wconf 78' lang='lat' dir='ltr'><strong>noster</strong></span> <span class='ocrx_word' id='word_1_684' title='bbox 2447 3988 2596 4042; x_wconf 84' lang='lat' dir='ltr'><strong>Jesus</strong></span> <span class='ocrx_word' id='word_1_685' title='bbox 2619 3989 2848 4044; x_wconf 80' lang='lat' dir='ltr'><strong>Christus</strong></span> <span class='ocrx_word' id='word_1_686' title='bbox 2873 3994 3170 4061; x_wconf 76' lang='lat' dir='ltr'><strong>signiﬁcavit</strong></span> <span class='ocrx_word' id='word_1_687' title='bbox 3197 3998 3318 4050; x_wconf 80' lang='lat' dir='ltr'><strong>mihi</strong></span> 
     </span>
    </p>
   </div>
   <div class='ocr_carea' id='block_1_91' title="bbox 1771 4071 3314 4150">
    <p class='ocr_par' dir='ltr' id='par_1_91' title="bbox 1771 4071 3314 4150">
     <span class='ocr_line' id='line_1_91' title="bbox 1771 4071 3314 4150; baseline 0.01 -28"><span class='ocrx_word' id='word_1_688' title='bbox 1771 4086 1858 4135; x_wconf 86' lang='lat' dir='ltr'><strong>per</strong></span> <span class='ocrx_word' id='word_1_689' title='bbox 1906 4071 2278 4126; x_wconf 79' lang='lat' dir='ltr'><strong>reuelationem.</strong></span> <span class='ocrx_word' id='word_1_690' title='bbox 2327 4073 2472 4128; x_wconf 81' lang='lat' dir='ltr'><strong>Unde</strong></span> <span class='ocrx_word' id='word_1_691' title='bbox 2518 4085 2655 4142; x_wconf 88' lang='lat' dir='ltr'><strong>patet</strong></span> <span class='ocrx_word' id='word_1_692' title='bbox 2691 4080 2808 4144; x_wconf 88' lang='lat' dir='ltr'><strong>quia</strong></span> <span class='ocrx_word' id='word_1_693' title='bbox 2842 4079 3146 4134; x_wconf 84' lang='lat' dir='ltr'><strong>imminente</strong></span> <span class='ocrx_word' id='word_1_694' title='bbox 3198 4098 3314 4150; x_wconf 85' lang='lat' dir='ltr'><strong>pas-</strong></span> 
     </span>
    </p>
   </div>
   <div class='ocr_carea' id='block_1_92' title="bbox 1776 4164 3318 4232">
    <p class='ocr_par' dir='ltr' id='par_1_92' title="bbox 1776 4164 3318 4232">
     <span class='ocr_line' id='line_1_92' title="bbox 1776 4164 3318 4232; baseline 0.008 -19"><span class='ocrx_word' id='word_1_695' title='bbox 1776 4164 1930 4216; x_wconf 88' lang='lat' dir='ltr'><strong>sione</strong></span> <span class='ocrx_word' id='word_1_696' title='bbox 1963 4166 2093 4216; x_wconf 90' lang='lat' dir='ltr'><strong>hanc</strong></span> <span class='ocrx_word' id='word_1_697' title='bbox 2122 4165 2328 4232; x_wconf 83' lang='lat' dir='ltr'><strong>scripsit</strong></span> <span class='ocrx_word' id='word_1_698' title='bbox 2355 4167 2660 4232; x_wconf 75' lang='lat' dir='ltr'><strong>Epistolam,</strong></span> <span class='ocrx_word' id='word_1_699' title='bbox 2691 4183 2806 4221; x_wconf 92' lang='lat' dir='ltr'><strong>eum</strong></span> <span class='ocrx_word' id='word_1_700' title='bbox 2837 4169 2999 4221; x_wconf 87' lang='lat' dir='ltr'><strong>multo</strong></span> <span class='ocrx_word' id='word_1_701' title='bbox 3020 4184 3139 4225; x_wconf 80' lang='lat' dir='ltr'><strong>ante</strong></span> <span class='ocrx_word' id='word_1_702' title='bbox 3168 4172 3318 4225; x_wconf 69' lang='lat' dir='ltr'><strong>Jaco-</strong></span> 
     </span>
    </p>
   </div>
   <div class='ocr_carea' id='block_1_93' title="bbox 1771 4251 3315 4322">
    <p class='ocr_par' dir='ltr' id='par_1_93' title="bbox 1771 4251 3315 4322">
     <span class='ocr_line' id='line_1_93' title="bbox 1771 4251 3315 4322; baseline 0.006 -20"><span class='ocrx_word' id='word_1_703' title='bbox 1771 4251 1865 4302; x_wconf 87' lang='lat' dir='ltr'><strong>bns</strong></span> <span class='ocrx_word' id='word_1_704' title='bbox 1895 4253 2136 4318; x_wconf 81' lang='lat' dir='ltr'><strong>migravit</strong></span> <span class='ocrx_word' id='word_1_705' title='bbox 2166 4253 2228 4305; x_wconf 89' lang='lat' dir='ltr'><strong>ad</strong></span> <span class='ocrx_word' id='word_1_706' title='bbox 2253 4254 2540 4319; x_wconf 82' lang='lat' dir='ltr'><strong>Christum.</strong></span> <span class='ocrx_word' id='word_1_707' title='bbox 2575 4255 2756 4322; x_wconf 85' lang='lat' dir='ltr'><strong>Neque</strong></span> <span class='ocrx_word' id='word_1_708' title='bbox 2803 4271 2925 4308; x_wconf 80' lang='lat' dir='ltr'><strong>vero</strong></span> <span class='ocrx_word' id='word_1_709' title='bbox 2967 4260 3315 4312; x_wconf 86' lang='lat' dir='ltr'><strong>conveniebat</strong></span> 
     </span>
    </p>
   </div>
   <div class='ocr_carea' id='block_1_94' title="bbox 1769 4340 3308 4412">
    <p class='ocr_par' dir='ltr' id='par_1_94' title="bbox 1769 4340 3308 4412">
     <span class='ocr_line' id='line_1_94' title="bbox 1769 4340 3308 4412; baseline 0.006 -21"><span class='ocrx_word' id='word_1_710' title='bbox 1769 4340 1879 4404; x_wconf 86' lang='lat' dir='ltr'><strong>ejus</strong></span> <span class='ocrx_word' id='word_1_711' title='bbox 1908 4340 2164 4403; x_wconf 65' lang='lat' dir='ltr'><strong>Epistolas</strong></span> <span class='ocrx_word' id='word_1_712' title='bbox 2188 4342 2253 4393; x_wconf 90' lang='lat' dir='ltr'><strong>ab</strong></span> <span class='ocrx_word' id='word_1_713' title='bbox 2281 4342 2500 4395; x_wconf 88' lang='lat' dir='ltr'><strong>invicem</strong></span> <span class='ocrx_word' id='word_1_714' title='bbox 2524 4345 2777 4409; x_wconf 87' lang='lat' dir='ltr'><strong>separari,</strong></span> <span class='ocrx_word' id='word_1_715' title='bbox 2800 4360 2928 4412; x_wconf 88' lang='lat' dir='ltr'><strong>quas</strong></span> <span class='ocrx_word' id='word_1_716' title='bbox 2963 4347 3144 4398; x_wconf 81' lang='lat' dir='ltr'><strong>iisdem</strong></span> <span class='ocrx_word' id='word_1_717' title='bbox 3177 4351 3308 4400; x_wconf 83' lang='lat' dir='ltr'><strong>scri-</strong></span> 
     </span>
    </p>
   </div>
   <div class='ocr_carea' id='block_1_95' title="bbox 1770 4429 3311 4502">
    <p class='ocr_par' dir='ltr' id='par_1_95' title="bbox 1770 4429 3311 4502">
     <span class='ocr_line' id='line_1_95' title="bbox 1770 4429 3311 4502; baseline 0.006 -22"><span class='ocrx_word' id='word_1_718' title='bbox 1770 4430 1868 4496; x_wconf 89' lang='lat' dir='ltr'><strong>psit</strong></span> <span class='ocrx_word' id='word_1_719' title='bbox 1885 4429 2153 4483; x_wconf 85' lang='lat' dir='ltr'><strong>Ecclesiis.</strong></span> <span class='ocrx_word' id='word_1_720' title='bbox 2174 4431 2335 4484; x_wconf 77' lang='lat' dir='ltr'><strong>Porro</strong></span> <span class='ocrx_word' id='word_1_721' title='bbox 2356 4432 2584 4486; x_wconf 89' lang='lat' dir='ltr'><strong>Joannes</strong></span> <span class='ocrx_word' id='word_1_722' title='bbox 2610 4434 2771 4486; x_wconf 86' lang='lat' dir='ltr'><strong>multo</strong></span> <span class='ocrx_word' id='word_1_723' title='bbox 2795 4445 2907 4501; x_wconf 89' lang='lat' dir='ltr'><strong>post</strong></span> <span class='ocrx_word' id='word_1_724' title='bbox 2933 4444 3164 4502; x_wconf 88' lang='lat' dir='ltr'><strong>tempore</strong></span> <span class='ocrx_word' id='word_1_725' title='bbox 3190 4453 3311 4490; x_wconf 83' lang='lat' dir='ltr'><strong>snas</strong></span> 
     </span>
    </p>
   </div>
   <div class='ocr_carea' id='block_1_96' title="bbox 1773 4520 3307 4596">
    <p class='ocr_par' dir='ltr' id='par_1_96' title="bbox 1773 4520 3307 4596">
     <span class='ocr_line' id='line_1_96' title="bbox 1773 4520 3307 4596; baseline 0.006 -25"><span class='ocrx_word' id='word_1_726' title='bbox 1773 4520 2027 4584; x_wconf 69' lang='lat' dir='ltr'><strong>Epistolas</strong></span> <span class='ocrx_word' id='word_1_727' title='bbox 2071 4522 2223 4573; x_wconf 88' lang='lat' dir='ltr'><strong>simul</strong></span> <span class='ocrx_word' id='word_1_728' title='bbox 2273 4532 2325 4574; x_wconf 89' lang='lat' dir='ltr'><strong>et</strong></span> <span class='ocrx_word' id='word_1_729' title='bbox 2376 4522 2710 4590; x_wconf 79' lang='lat' dir='ltr'><strong>Evangelium</strong></span> <span class='ocrx_word' id='word_1_730' title='bbox 2764 4525 3008 4592; x_wconf 87' lang='lat' dir='ltr'><strong>scripsit,</strong></span> <span class='ocrx_word' id='word_1_731' title='bbox 3057 4527 3140 4594; x_wconf 91' lang='lat' dir='ltr'><strong>qui</strong></span> <span class='ocrx_word' id='word_1_732' title='bbox 3193 4541 3307 4596; x_wconf 90' lang='lat' dir='ltr'><strong>post</strong></span> 
     </span>
    </p>
   </div>
   <div class='ocr_carea' id='block_1_97' title="bbox 1693 4593 3300 4670">
    <p class='ocr_par' dir='ltr' id='par_1_97' title="bbox 1693 4593 3300 4670">
     <span class='ocr_line' id='line_1_97' title="bbox 1693 4593 3300 4670; baseline 0.005 -10"><span class='ocrx_word' id='word_1_733' title='bbox 1693 4593 1742 4650; x_wconf 81' lang='grc' dir='ltr'><strong>Ῑ)</strong></span> <span class='ocrx_word' id='word_1_734' title='bbox 1771 4610 2082 4663; x_wconf 87' lang='lat' dir='ltr'><strong>occisionem</strong></span> <span class='ocrx_word' id='word_1_735' title='bbox 2134 4611 2442 4664; x_wconf 65' lang='lat' dir='ltr'><strong>dominii-am</strong></span> <span class='ocrx_word' id='word_1_736' title='bbox 2495 4627 2733 4666; x_wconf 83' lang='lat' dir='ltr'><strong>reversus</strong></span> <span class='ocrx_word' id='word_1_737' title='bbox 2780 4617 2846 4669; x_wconf 89' lang='lat' dir='ltr'><strong>de</strong></span> <span class='ocrx_word' id='word_1_738' title='bbox 2901 4618 3083 4670; x_wconf 78' lang='lat' dir='ltr'><strong>exsilio</strong></span> <span class='ocrx_word' id='word_1_739' title='bbox 3133 4620 3300 4670; x_wconf 87' lang='lat' dir='ltr'><strong>turba--</strong></span> 
     </span>
    </p>
   </div>
   <div class='ocr_carea' id='block_1_98' title="bbox 1773 4701 3305 4772">
    <p class='ocr_par' dir='ltr' id='par_1_98' title="bbox 1773 4701 3305 4772">
     <span class='ocr_line' id='line_1_98' title="bbox 1773 4701 3305 4772; baseline 0.007 -24"><span class='ocrx_word' id='word_1_740' title='bbox 1773 4708 1874 4748; x_wconf 90' lang='lat' dir='ltr'><strong>tam</strong></span> <span class='ocrx_word' id='word_1_741' title='bbox 1901 4713 1956 4751; x_wconf 88' lang='lat' dir='ltr'><strong>se</strong></span> <span class='ocrx_word' id='word_1_742' title='bbox 1986 4701 2199 4754; x_wconf 89' lang='lat' dir='ltr'><strong>absente</strong></span> <span class='ocrx_word' id='word_1_743' title='bbox 2223 4717 2312 4766; x_wconf 87' lang='lat' dir='ltr'><strong>per</strong></span> <span class='ocrx_word' id='word_1_744' title='bbox 2331 4703 2601 4757; x_wconf 76' lang='lat' dir='ltr'><strong>tuereticos</strong></span> <span class='ocrx_word' id='word_1_745' title='bbox 2624 4707 2817 4772; x_wconf 87' lang='lat' dir='ltr'><strong>reperit</strong></span> <span class='ocrx_word' id='word_1_746' title='bbox 2841 4706 3148 4768; x_wconf 72' lang='lat' dir='ltr'><strong>Ecclesium,</strong></span> <span class='ocrx_word' id='word_1_747' title='bbox 3175 4721 3305 4772; x_wconf 79' lang='lat' dir='ltr'><strong>quos</strong></span> 
     </span>
    </p>
   </div>
   <div class='ocr_carea' id='block_1_99' title="bbox 1773 4789 3304 4862">
    <p class='ocr_par' dir='ltr' id='par_1_99' title="bbox 1773 4789 3304 4862">
     <span class='ocr_line' id='line_1_99' title="bbox 1773 4789 3304 4862; baseline 0.007 -22"><span class='ocrx_word' id='word_1_748' title='bbox 1773 4789 1825 4840; x_wconf 92' lang='lat' dir='ltr'><strong>in</strong></span> <span class='ocrx_word' id='word_1_749' title='bbox 1853 4791 1959 4841; x_wconf 87' lang='lat' dir='ltr'><strong>suis</strong></span> <span class='ocrx_word' id='word_1_750' title='bbox 1992 4791 2234 4856; x_wconf 80' lang='lat' dir='ltr'><strong>Epistolis</strong></span> <span class='ocrx_word' id='word_1_751' title='bbox 2284 4794 2578 4859; x_wconf 73' lang='lat' dir='ltr'><strong>percutiens</strong></span> <span class='ocrx_word' id='word_1_752' title='bbox 2615 4810 2753 4862; x_wconf 82' lang='lat' dir='ltr'><strong>saepe</strong></span> <span class='ocrx_word' id='word_1_753' title='bbox 2792 4796 3120 4862; x_wconf 79' lang='lat' dir='ltr'><strong>cognominat</strong></span> <span class='ocrx_word' id='word_1_754' title='bbox 3161 4797 3304 4850; x_wconf 77' lang='lat' dir='ltr'><strong>Auti~</strong></span> 
     </span>
    </p>
   </div>
   <div class='ocr_carea' id='block_1_100' title="bbox 1773 4883 2013 4935">
    <p class='ocr_par' dir='ltr' id='par_1_100' title="bbox 1773 4883 2013 4935">
     <span class='ocr_line' id='line_1_100' title="bbox 1773 4883 2013 4935; baseline 0 -1"><span class='ocrx_word' id='word_1_755' title='bbox 1773 4883 2013 4935; x_wconf 88' lang='lat' dir='ltr'><strong>christos.</strong></span> 
     </span>
    </p>
   </div>
  </div>
