3862 6364
584 428 3713 557 Μ

998 638 1007 645 ‘
1233 647 1742 755 suum
1813 577 3035 751 VENERABILIS

1848 844 2001 904 ANG
2013 841 2465 902 LO-SAXONIS

888 994 1762 1211 ΟΡΕΒΑ
1914 996 2380 1198 HIS

1914 962 3438 1198 HISTOBICA

2070 1292 2221 1347 SIVE

1177 1443 1561 1567 omnm
1645 1348 1872 1562 rtus
1933 1334 2329 1557 «vim
2378 1430 2636 1551 PARS
2703 1426 3137 1560 ouum.

1207 1701 1574 1775 SECTIO
1647 1698 2036 1768 PRIMA.
2063 1717 2169 1741 --
2197 1684 3131 1759 HAGlOGRAPHlCA.

2020 1616 2346 1631 ——_

2009 1826 2292 1839 —.._——.

1344 1907 1599 1987 VITA
1650 1899 2368 1986 SANCTORUM
2440 1893 2643 1975 ABB
2658 1888 2987 1970 ATUM

1061 2100 1671 2227 MONAS’1‘EBII
1721 2095 1825 2217 IN
1906 2090 2535 2217 WIRAMUTHA
2580 2041 2707 2210 in
2781 2083 3161 2208 GlRVlllll
3240 2080 3281 2125 ε

812 2324 1244 2391 BENEDICTI,
1289 2320 1722 2391 CEOLFRIDI,
1766 2313 2255 2387 EASTERUINI,
2296 2311 2631 2373 SIGFRIDI
2680 2307 2938 2379 ATQUE
2988 2302 3533 2366 HU/ETBERCTI.

1051 2486 1141 2544 Ab
1173 2483 1446 2559 ejusdem
1485 2477 1849 2539 monasterii
1884 2475 2247 2550 presbytero
2278 2480 2338 2531 et
2364 2471 2671 2532 monac’bo
2702 2472 2874 2529 Beoa
2902 2468 3269 2545 composita.

2088 2596 2241 2607 ——-——

1665 2659 1751 2719 [Es
1777 2658 1949 2718 Smith,
1974 2655 2179 2704 Histeria
2200 2654 2519 2703 ecclesiastica
2539 2651 2702 2712 Angl.]

1197 2832 2004 2911 OBSERVATIONES
2064 2831 2467 2908 PR/EVUE
2521 2829 3140 2904 MABILLONII.

664 2996 715 3048 ι.
758 2988 1075 3045 Venerabilis
1106 2988 1261 3051 Beda,
1290 2987 1339 3038 in
1370 2986 1607 3052 Epitome
1643 2984 1777 3036 ilist.
1806 2987 1986 3052 Angl.,
2019 2982 2109 3037 ubi
2136 2987 2190 3045 Α
2214 2997 2273 3037 ac
2300 2982 2491 3037 deinde
2517 2979 2806 3047 Ceolfrido,
2848 2990 3196 3048 cunctumque
3226 2992 3289 3032 ex
3333 2992 3399 3032 eo
3438 2988 3638 3045 tempus
3661 2982 3726 3029 vi-

590 3082 817 3136 indicem
849 3093 1058 3131 suorum
1102 3090 1313 3141 Operum
1352 3076 1502 3137 texit,
1534 3075 1845 3126 mentionem
1878 3074 1999 3128 facit
2028 3075 2119 3129 hi-
2217 3085 2282 3130 ta:
2318 3077 2371 3129 in
2415 3075 2648 3141 ejusdem
2680 3074 2983 3126 monasterii
3036 3072 3357 3124 habitatione
3389 3070 3605 3139 peregit,
3635 3087 3653 3119 ι
3680 3080 3723 3119 ut

594 3174 766 3224 storite
788 3168 1028 3221 abbatum
1061 3162 1359 3217 monasterii
1399 3177 1478 3215 SBI
1512 3164 1591 3215 his
1622 3162 1793 3215 verbis
1822 3180 1833 3213 :
1872 3181 1891 3213 ι
1944 3164 2120 3215 Histo-
2217 3165 2331 3231 ipse
2358 3164 2422 3216 de
2460 3164 2633 3229 seipso
2661 3161 2778 3214 loco
2801 3162 2960 3213 citato
2992 3169 3231 3213 testatur.

593 3260 723 3309 riam
771 3256 1011 3307 abbatum
1064 3251 1367 3304 monasterii
1421 3251 1593 3318 huius,
1650 3251 1700 3303 in
1740 3265 1843 3317 quo
1878 3264 2121 3316 supernae
2287 3253 2340 3307 5.
2382 3253 2745 3306 Monasterium
2795 3252 2961 3305 sancti
3012 3250 3148 3305 Petri
3194 3252 3257 3305 ad
3312 3251 3473 3305 Wiraa
3522 3250 3724 3303 ﬂuminis

595 3342 767 3412 pietati
794 3340 1055 3394 deservire
1083 3338 1301 3406 gaudeo,
1335 3337 1595 3389 Benedicti
1624 3378 1637 3397 ,
1679 3336 1923 3389 Ceolfridi
1969 3337 2123 3405 (adde
2220 3344 2350 3393 ostia
2379 3342 2537 3406 (unde
2564 3341 2987 3393 Wiremuthense
3014 3338 3261 3403 dictum}
3283 3340 3465 3407 quinto
3494 3339 3601 3392 fere
3628 3339 3724 3388 mil-

596 3430 832 3501 Sigfridi)
860 3438 913 3483 et
940 3428 1160 3480 Ilmberti
1184 3425 1234 3478 in
1260 3425 1446 3477 libellis
1470 3425 1669 3477 duobus
1697 3425 1898 3491 scripsi.
1930 3443 1948 3474 ι
1980 3425 2124 3477 lianc
2224 3428 2332 3482 liari
2373 3429 2597 3481 distabat
2624 3443 2651 3480 a
2683 3428 2925 3481 emnobio
2956 3426 3122 3479 sancti
3156 3425 3301 3479 Pauli
3349 3427 3452 3477 silo
3480 3428 3543 3475 ad
3572 3423 3731 3477 'l'mam

600 3520 872 3573 historiam
927 3519 976 3571 in
1023 3517 1127 3568 duo
1175 3514 1458 3583 fragmenta
1512 3513 1763 3566 divulsam
1807 3527 1944 3565 anno
1997 3512 2125 3565 H325

2224 3522 2457 3583 ﬂuvium,
2498 3522 2548 3573 in
2590 3520 2853 3573 territorio
2901 3518 3165 3583 Girvensi,
3216 3520 3369 3585 vulgo
3420 3517 3633 3577 Jarrow,
3679 3532 3732 3567 ex

598 3608 833 3661 ediderat
879 3603 1149 3659 Eduardus
1201 3603 1418 3656 Maibew
1468 3603 1753 3655 monachus
1796 3601 2123 3655 Westmona-

2224 3624 2326 3676 quo
2353 3609 2606 3661 Girvense
2632 3609 2795 3660 sancti
2841 3607 2981 3659 Pauli
3024 3608 3397 3660 monasterium
3435 3607 3625 3657 dictum
3651 3613 3734 3655 est.

603 3695 881 3750 steriensis
925 3695 976 3746 in
1032 3690 1391 3759 Ilartyrologio
1438 3690 1771 3743 Benedictino
1816 3691 2123 3756 Anglicano,
2228 3696 2513 3763 Utrumque
2537 3695 2768 3748 condidit
2810 3695 3077 3759 Biscopus,
3119 3709 3179 3747 ac
3218 3696 3390 3748 eidem
3435 3695 3606 3748 abbati
3658 3693 3734 3743 iis-

599 3784 784 3851 partim
811 3781 1018 3848 quidem
1050 3782 1100 3832 in
1134 3778 1304 3829 tabula
1334 3775 1368 3826 ‘2
1413 3777 1794 3842 addendorum,
1836 3778 2022 3845 partim
2065 3777 2124 3829 ad

2228 3785 2448 3851 demque
2478 3781 2729 3835 institutis
2784 3781 3003 3836 subesse
3050 3782 3235 3835 voluit.
3296 3782 3448 3848 Quod
3505 3782 3556 3834 in
3604 3792 3738 3834 causa

602 3868 670 3922 25
696 3869 1015 3934 Septembris
1039 3883 1053 3918 :
1080 3881 1233 3933 quam
1261 3865 1554 3918 Editionem
1587 3880 1703 3918 cum
1742 3866 2004 3935 ignoraret
2046 3864 2131 3917 Ja-
2231 3872 2350 3934 fuit,
2381 3879 2437 3923 ut
2464 3875 2833 3936 nonnunquam
2864 3869 2999 3938 apud
3032 3870 3222 3924 Bedam
3244 3871 3477 3936 aliosque
3502 3879 3735 3925 auctores.

603 3959 767 4011 οοιιυε
788 3955 1051 4018 Wﬂmus.
1081 3967 1242 4021 eques
1270 3963 1499 4023 ευιᾛιιδ.
1532 3953 1683 4005 aliam
1714 3968 1851 4006 anno
1879 3953 2011 4005 1664
2041 3968 2132 4020 ag-
2231 3960 2374 4026 quasi
2402 3960 2557 4011 unius
2602 3960 2903 4011 monasterii
2961 3959 3216 4011 vocabulo
3266 3969 3590 4011 censeretur.
3636 3955 3739 4008 Gir-

604 4058 808 4110 gressus
836 4052 914 4096 est
946 4040 1360 4094 Dubliniensibns
1391 4041 1546 4109 typis,
1582 4041 1920 4109 eamdemque
1950 4043 2129 4095 Ludo-
2235 4061 2389 4099 vense
2415 4047 2626 4099 incoluit
2650 4047 2807 4109 Beda,
2838 4062 2868 4100 a
2898 4046 3052 4100 Danis
3076 4058 3259 4114 postea
3287 4047 3447 4101 semel
3475 4057 3629 4115 atque
3647 4045 3738 4097 ite-

606 4135 744 4187 vicus
782 4133 992 4185 Billaine
1025 4131 1303 4198 bibliopola
1355 4129 1566 4183 Parisiis
1622 4130 1834 4184 biennio
1884 4140 2000 4197 post
2046 4141 2143 4187 re~'
2235 4150 2347 4187 rum
2394 4135 2742 4188 destructum.

606 4225 825 4277 censuit.
853 4223 991 4273 Illam
1019 4221 1180 4285 ipsam
1203 4219 1470 4273 historiam
1502 4222 1867 4287 praedictorum
1890 4222 2132 4274 abbatum
2305 4222 2354 4273 4.
2397 4224 2569 4276 Sancti
2602 4223 2865 4277 Benedicti
2896 4224 3099 4293 BiscOpi
3147 4238 3335 4278 nomen
3363 4232 3424 4277 ac
3471 4238 3735 4293 cognomen

608 4324 747 4380 gesta
778 4314 1129 4366 continentem
1162 4310 1245 4362 hic
1290 4320 1722 4377 repraesentamus
1768 4311 2010 4365 continua
2039 4326 2134 4364 se-
2166 4296 2209 4352 Β
2236 4313 2362 4364 varii
2392 4313 2532 4366 varie
2567 4312 2811 4366 efferunt.
2848 4314 3169 4367 Venerabilis
3200 4313 3339 4366 Beda
3373 4314 3638 4381 Biscopnm
3662 4326 3735 4364 co-

610 4401 707 4459 ric,
741 4410 847 4450 tum
872 4399 988 4466 quia
1016 4397 1243 4450 auctoris
1266 4399 1520 4464 integrum
1546 4415 1675 4465 opus
1700 4400 1949 4454 exhibere
1973 4398 2137 4453 satius
2238 4410 2516 4463 gnomento
2546 4401 2881 4452 Benedictum
2911 4403 3152 4466 appellat,
3185 4412 3293 4453 tum
3325 4402 3376 4453 in
3412 4402 3636 4467 subiecta
3672 4399 3738 4450 hi-

611 4486 779 4538 visum
807 4498 903 4545 εει,
935 4495 1038 4536 tum
1082 4485 1201 4551 quia
1231 4485 1529 4552 permistam
1557 4487 1622 4538 de
1648 4489 1949 4540 eorumdem
1982 4488 2139 4541 abba-
2241 4488 2421 4550 storia,
2453 4497 2559 4539 tum
2592 4489 2639 4539 in
2675 4489 2804 4540 Ilist.
2834 4490 2988 4554 Angl.
3019 4491 3109 4540 lib.
3139 4504 3212 4553 tv,
3243 4505 3359 4554 cap.
3402 4488 3488 4552 18,
3516 4499 3570 4542 et
3593 4489 3671 4539 lib.
3698 4502 3738 4547 τ,

612 4591 718 4632 tum
750 4580 895 4631 iactis
917 4578 1261 4630 narrationem
1294 4579 1524 4632 dividere
1557 4578 1848 4632 non-licuit.
1881 4582 1959 4634 An
1984 4582 2140 4633 etiam
2244 4588 2355 4639 cap.
2389 4574 2474 4626 9.0.
2510 4576 2575 4625 At
2624 4573 2918 4629 Florentius
2947 4574 3335 4644 Wigorniensis
3362 4592 3424 4629 ac
3453 4576 3740 4630 recentiores

615 4667 747 4719 Beda
774 4680 1066 4719 sermonem
1104 4665 1165 4716 de
1192 4676 1373 4718 sancto
1403 4668 1618 4735 Biscopo
1641 4668 2018 4735 composuerit,
2052 4684 2144 4737 po-
2245 4664 2434 4735 passim
2468 4661 2800 4715 Benedictum
2848 4662 3141 4732 Biscopium
3189 4674 3400 4717 vocant.
3445 4664 3739 4732 Cognomen-

615 4765 724 4810 sica
755 4756 1142 4823 inquirendum,
2055 4735 2064 4737 “
2243 4757 2350 4803 tum
2383 4765 2630 4817 usurpare
2660 4751 2861 4806 videtur
2906 4754 3041 4807 Beda
3088 4769 3183 4821 pro
3213 4756 3424 4808 nomine
3471 4735 3634 4807 altero
3667 4766 3739 4804 seu

682 4844 736 4895 2.
776 4844 974 4908 Quanta
1005 4844 1071 4894 sit
1102 4841 1250 4895 Beda:
1292 4843 1601 4907 auctoritas,
1634 4854 1789 4898 nemo
1832 4844 2019 4897 nescit.
2053 4844 2145 4896 llic
2244 4852 2370 4891 voce
2396 4842 2689 4905 cognomini
2734 4850 2787 4893 et
2830 4833 3147 4908 promiscua,
3194 4858 3298 4909 quo
3342 4857 3500 4897 sensu
3532 4857 3732 4895 nouatur

618 4940 788 4983 tamen
817 4945 881 4983 eo
915 4932 1167 4996 potiorem
1198 4941 1423 4983 meretur
1472 4930 1648 4995 ﬁdem,
1694 4932 1831 4999 quod
1879 4932 1944 4985 de
1988 4932 2145 4985 rebus
2245 4943 2397 4995 quam
2442 4932 2579 4997 apud
2624 4942 2863 4984 auctores
2908 4933 3091 4986 medim
3119 4935 3287 4986 tetatis
3334 4944 3626 5003 usurpatum
3663 4934 3737 4984 ad-

618 5022 715 5074 sibi
744 5023 878 5074 netis
917 5035 977 5073 ac
1026 5022 1310 5086 perspectis
1340 5021 1543 5075 scribit.
1573 5020 1776 5089 Quippe
1809 5040 1828 5074 σ
1884 5020 2020 5073 Beda
2054 5021 2145 5075 Dei
2248 5017 2515 5068 vertimus.
2551 5016 2833 5069 BlIIOlhiﬂiS
2873 5032 2995 5084 ergo
3031 5028 3141 5072 erat
3171 5020 3443 5087 BiscOpus,
3475 5036 3571 5075 nos
3596 5031 3736 5073 tamen

620 5109 841 5161 famulus
868 5118 919 5160 et
959 5108 1227 5175 presbyter
1264 5110 1563 5162 monasterii
1608 5110 1875 5164 beatorum
1926 5118 2139 5177 aposto-
2249 5122 2341 5174 pro
2372 5121 2518 5160 more
2549 5109 2740 5161 usitato
2772 5108 3107 5162 Benedictum
3140 5110 3417 5181 Biscopum
3449 5113 3633 5182 ubique
3668 5125 3737 5163 el-

622 5201 786 5253 lorum
816 5197 950 5249 Petri
980 5199 1115 5263 quod
1144 5205 1223 5251 est
1248 5198 1383 5264 apud
1407 5197 1747 5250 Wirimudam
1770 5206 1822 5251 et
1852 5200 2138 5267 Ingirvutm
2247 5196 2547 5261 primemus.

622 5288 747 5349 fuit;
782 5303 800 5335 ι
838 5285 924 5353 qui
974 5293 1121 5337 natus
1166 5287 1215 5338 in
1258 5284 1518 5339 territorio
1549 5285 1779 5354 ejusdem
1824 5289 2147 5351 monasterii,
2318 5286 2371 5337 5.
2428 5286 2739 5338 Benedictus
2782 5287 3015 5353 quaadam
3058 5292 3334 5358 scripsisse
3379 5290 3592 5354 dicitur.
3632 5288 3735 5356 apud

625 5389 739 5428 cum
770 5384 905 5427 esset
935 5388 1185 5425 annorum
1215 5386 1433 5440 septem,
1460 5388 1585 5427 cura
1613 5374 2014 5440 prepinquorum
2053 5376 2149 5428 da-
2256 5371 2477 5423 Pitseum
2511 5372 2936 5426 Exhortationum
2974 5375 3039 5428 ad
3080 5376 3360 5429 Munachos
3406 5377 3591 5431 librum
3616 5394 3647 5431 t.
3686 5377 3738 5427 De

626 5472 704 5514 tus
733 5470 817 5513 est
836 5461 1138 5513 educandus
1161 5461 1595 5514 reverendissimo
1636 5463 1807 5515 abbati
1844 5464 2151 5525 Benedicto,
2256 5474 2349 5511 suo
2373 5458 2644 5525 Privilegio
2673 5460 2760 5511 lib.
2786 5473 2825 5521 ι,
2859 5461 2930 5514 De
2953 5463 3306 5517 celebratione
3335 5463 3590 5520 festorum
3617 5466 3737 5519 totius

652 5637 662 5645 _
698 5580 720 5604 ⁸·
752 5570 821 5623 De
853 5569 1003 5635 hujus
1027 5580 1433 5649 caeterorumqne
1458 5574 1719 5649 nominum
1749 5574 2121 5649 orthographia
2138 5587 2238 5625 n0n
2261 5575 2589 5649 consentiunt
2616 5576 2801 5630 eruditi
2823 5593 2839 5639 ;
2858 5587 2911 5629 et
2938 5576 3054 5642 hoc,
3078 5576 3129 5630 ni
3148 5577 3315 5647 fallor,
3337 5577 3734 5647 anglo‘saxonicz

631 5638 815 5703 lingua:
844 5638 1263 5707 pronuntiationi,
1294 5651 1405 5703 qua:
1436 5643 1657 5693 maxime
1686 5644 1880 5695 incerta
1909 5638 2005 5698 e5t.
2042 5641 2388 5696 tribuendum.
2417 5640 2568 5697 EDIT.
2597 5649 2604 5658 ‘

3750 363 3791 391 ς
