3862 6348
134 462 277 524 713

747 473 930 529 SECT.
972 474 1010 527 Ι.
1051 472 1690 545 ΙΙΑΕΙΟΟΚΑΡΙΙΙΓΔη-

1798 478 1905 532 lTA
1943 479 2241 548 QUINQUE
2280 482 2375 538 SS.
2418 483 2755 541 ABBATUM.

3221 490 3317 543 τη

132 579 287 631 anni
320 579 414 633 lib.
452 595 503 645 t,
541 590 596 634 et
620 582 719 635 alia
767 585 833 637 de
861 584 1047 652 quibus
1092 585 1216 636 nihil
1258 587 1692 651 pronuntiandum
1726 594 1765 645 Α
1798 590 2116 642 scnrioribus
2148 592 2338 645 sanctis
2385 590 2645 645 lucilluum
2671 593 2824 659 jubar
2853 593 3069 649 invexit.
3104 614 3123 647 ι
3158 599 3317 650 Porto

128 667 409 719 occurrit.
458 666 589 721 Sunt
615 670 702 737 qui
742 673 789 722 ei
821 674 1048 723 tribuant
1078 671 1262 724 librum
1294 673 1358 725 de
1394 671 1686 726 Concordia

131 755 480 818 regularum,
529 772 682 821 quem
733 767 937 811 constat
978 774 1099 813 esse
1149 760 1365 813 alterius
1420 762 1687 814 Benedicti

134 840 379 893 Arriana:
402 844 623 897 abbatis.
658 845 932 898 Menardus
965 858 1159 910 noster,
1194 848 1244 899 in
1290 848 1595 915 praefatione
1625 852 1690 902 de

126 924 480 984 Auctoribus
524 935 814 1000 regularum
864 950 980 1001 qua!
1025 936 1075 987 iu
1112 936 1395 989 Concordia
1442 939 1687 1000 citantur,

128 1018 456 1082 suspicatur
500 1023 725 1087 regulam
782 1023 1005 1089 Magistri
1057 1038 1087 1074 a
1143 1024 1419 1077 Benedicto
1473 1026 1689 1090 Bismpo

127 1105 409 1169 scriptam
442 1108 617 1161 fuisse.
647 1110 832 1162 Verum
864 1112 1034 1178 potius
1059 1114 1254 1166 auctori
1280 1115 1427 1167 Gallo
1458 1116 1689 1168 tribuen-

128 1193 215 1245 da
253 1193 488 1260 videtur;
515 1213 613 1265 qua
640 1200 705 1253 de
733 1215 788 1252 re
814 1202 964 1257 alias.

216 1282 284 1339 6.
324 1285 501 1339 Sancti
542 1288 801 1343 Benedicti
846 1291 1046 1358 Biscopi
1080 1293 1273 1345 mentio
1318 1295 1455 1346 nulla
1487 1297 1689 1362 reperi-

132 1376 233 1421 tur
270 1372 319 1423 in
348 1374 569 1440 antiquis
600 1376 751 1428 Bedze
797 1377 1121 1442 aliorumque
1167 1380 1545 1447 Martyrologiis
1581 1400 1593 1432 :
1627 1398 1690 1435 ex

130 1469 263 1522 quo
291 1459 515 1513 suboriri
556 1464 765 1514 dubium
798 1464 961 1530 possit
990 1478 1054 1517 an
1091 1464 1300 1518 homilia
1329 1466 1395 1519 de
1424 1468 1520 1520 hoc
1563 1482 1689 1519 san-

130 1556 237 1598 cto
272 1548 475 1616 vulgata
503 1553 709 1603 nomine
734 1552 883 1604 Beda:
910 1554 1128 1619 genuina
1152 1553 1239 1613 sit,
1259 1569 1322 1606 an
1351 1556 1501 1607 alteri
1530 1558 1689 1607 ascri-

136 1632 353 1685 benda.
402 1634 658 1700 Quidquid
713 1637 797 1697 sit,
843 1638 959 1691 sine
1004 1638 1159 1691 dubio
1202 1640 1484 1705 composita
1533 1653 1614 1693 est
1660 1657 1688 1695 ιι

132 1724 381 1785 quodam
412 1727 687 1799 monacho,
717 1726 804 1793 qui
853 1726 1014 1793 ipsius
1058 1728 1261 1794 Biscopi
1293 1730 1575 1798 discipulos
1604 1735 1683 1783 vi-

134 1813 327 1877 derat,
361 1815 432 1867 uti
458 1830 520 1869 ex
550 1827 795 1871 contextu
834 1829 1079 1885 apparet;
1122 1836 1183 1874 ac
1228 1824 1441 1887 proinde
1484 1838 1683 1877 certum

1795 681 2167 733 monasterium
2203 682 2561 735 Thorneiense
2593 683 2725 735 baud
2783 687 2959 750 procul
3010 687 3077 739 ab
3130 687 3319 740 Eliensi

1791 771 1920 820 urbe
1960 770 2242 822 comitatus
2270 771 2975 839 CantabtigiensiS‘distttbat.

1860 857 1912 909 7.
1957 856 2031 910 De
2053 859 2228 925 regula
2261 873 2352 925 per
2374 858 2647 925 Biscopum
2680 862 2727 913 iu
2752 864 3076 916 monasteriis
3104 865 3212 918 suis
3235 867 3316 918 in-

1796 944 1973 997 stituta
2008 946 2058 996 in
2091 949 2395 1013 praefatione
2424 950 2599 1001 saeculi
2632 965 2645 1001 ι
2676 951 2890 1012 Bened.,
2923 951 2949 1017 ᾗ
2991 953 3042 1014 8.
3071 954 3317 1008 disserui-

1789 1046 1921 1082 mus.
1968 1033 2166 1099 Quippe
2195 1037 2423 1099 regulam
2455 1036 2624 1103 Magni
2673 1039 2930 1104 quondam
2970 1042 3168 1095 abbatis
3214 1044 3313 1096 Be-

1789 1123 1976 1174 nedicti
2006 1124 2285 1191 Biscopum
2324 1135 2377 1176 et
2405 1126 2716 1181 Ceolfridum
2745 1130 3012 1197 discipulis
3037 1134 3143 1185 suis
3172 1148 3315 1185 com-

1789 1213 2082 1278 mendasse,
2115 1200 2295 1266 aucior
2338 1226 2417 1269 est
2446 1217 2579 1270 Beda
2612 1218 2661 1270 in
2709 1220 2921 1273 historia
2965 1225 3221 1290 sequenti.
3254 1225 3317 1276 Et

1791 1301 1841 1351 in
1896 1290 2216 1355 monasterio
2293 1303 2695 1359 Wiremutltensi
2753 1319 2863 1359 erat
2913 1313 3131 1364 ecclesia
3181 1313 3315 1364 beati

1789 1386 1955 1441 Patris
1981 1390 2263 1455 Benedicti,
2292 1391 2424 1442 infra
2458 1392 2546 1445 lib.
2599 1409 2655 1453 ll,
2690 1410 2831 1447 num.
2886 1396 2967 1447 ltl.
2999 1396 3131 1460 Quin
3156 1400 3312 1451 etiam

1789 1478 2005 1530 Albinus
2036 1478 2249 1531 Flaccus
2304 1481 2553 1534 Alcuinus
2594 1486 2855 1552 egregium
2908 1486 3028 1538 huic
3067 1489 3137 1539 rei
3170 1490 3319 1541 lesu-

1789 1568 2019 1618 monium
2049 1567 2196 1619 nobis
2236 1570 2551 1634 suppeditat,
2582 1571 2634 1622 in
2665 1573 2818 1637 epist.
2852 1574 2937 1636 A9,
2964 1574 3028 1625 ad
3057 1573 3316 1629 Wirensis

1787 1665 1840 1707 et
1865 1655 2130 1708 Girvensis
2162 1656 2406 1709 Ecclesia:
2454 1657 2641 1713 fratres
2667 1660 2747 1712 his
2788 1661 2999 1715 verbis:
3037 1681 3052 1712 t
3093 1664 3313 1731 Regula-

1790 1745 1862 1794 ris
1892 1743 2006 1795 vita:
2035 1741 2445 1797 observationem
2471 1761 2623 1814 quam
2664 1759 2955 1802 Statuerunt
2993 1751 3160 1815 vobis,
3191 1768 3316 1806 san-

1787 1828 2003 1882 ctissimi
2033 1827 2231 1892 Patres,
2283 1831 2591 1886 Benedictus
2635 1836 2853 1899 scilicet,
2903 1846 2954 1891 et
2998 1837 3313 1902 Ceolfritlus,

136 1910 237 1951 est
270 1900 457 1955 festum
500 1906 614 1971 ejus
661 1906 796 1958 diem
837 1909 1120 1975 antiquitus
1149 1908 1308 1963 fuisse
1335 1912 1680 1967 celebratum.
1716 1917 1756 1973 Β
1783 1916 2181 1983 diligentissime
2242 1922 2515 1974 custodite.
2572 1940 2590 1972 ι
2654 1923 2816 1988 Quam
2867 1941 2991 1979 vero
3048 1900 3320 1995 regulam?

144 2005 167 2036 ι
215 1988 389 2055 Hujus
414 2005 541 2059 ergo
569 2006 779 2059 corp-ts.
812 2012 829 2043 ι
867 1994 1031 2061 inquit
1060 1994 1352 2049 Willelmus
1382 1996 1692 2052 Malmesbu-

139 2079 251 2130 ria
280 2080 583 2145 monachus,
615 2081 663 2133 in
694 2083 783 2137 lib.
813 2097 863 2135 tv
887 2084 952 2136 de
998 2083 1187 2136 Pontif.
1218 2087 1368 2153 Aogl.
1396 2126 1410 2148 ,
1447 2104 1464 2135 ε
1507 2101 1693 2152 magno

138 2176 456 2233 coemptum
496 2169 659 2234 pretio
688 2170 1026 2223 Adelwoldus
1054 2170 1455 2238 (Wintooiensis
1488 2176 1692 2239 episco-

140 2269 255 2321 pus
289 2266 521 2312 mortuus
546 2273 685 2312 anno
728 2257 851 2327 984)
895 2261 1206 2314 'l‘borneiam
1243 2264 1468 2326 advexit,
1501 2276 1551 2317 et
1598 2267 1694 2316 ob-

1797 2006 2008 2073 exponit
2055 2008 2189 2061 idem
2237 2019 2421 2063 auctor
2468 2012 2620 2079 paulo
2650 2015 2816 2068 infra:
2851 2036 2866 2066 ι
2909 2016 3103 2086 Regula
3156 2022 3318 2072 sancti

1799 2093 2060 2149 BenediCti
2111 2096 2161 2149 in
2214 2109 2474 2152 conventu
2528 2101 2741 2154 fratrum
2798 2105 3000 2171 propria
3032 2118 3320 2172 exponatur

1804 2181 1994 2248 lingua,
2025 2195 2076 2235 ut
2113 2184 2327 2250 intelligi
2360 2188 2520 2252 possit
2548 2190 2612 2241 ab
2651 2192 2909 2242 omnibus.
2950 2210 2966 2241 ι
3014 2192 3133 2245 ΙΙωε
3162 2194 3317 2247 lecto-

1798 2270 1941 2322 ribus
1970 2272 2131 2336 :equis
2158 2276 2399 2329 sufficere
2425 2277 2703 2330 credimus.

151 2374 3306 2420 ____________________________________

231 2483 693 2586 INCIPIT
765 2424 1074 2588 VITA
1150 2488 1721 2608 QUINQUE
1799 2491 2567 2598 SANCTOBUM
2620 2498 3252 2607 ABBATUM.

1374 2688 1665 2817 LIBER
1723 2748 2126 2826 PRIMUS.

228 2889 514 2958 Religiosus
553 2887 741 2944 Christi
782 2889 1001 2943 famulus
1062 2889 1309 2958 Biscepus
1355 2904 1699 2961 cognomento

149 2987 175 3013 ⁸
215 2980 546 3042 Benedictus,
573 2980 835 3047 aspirante
862 2994 1085 3047 superna
1108 2980 1293 3047 gratia,
1325 2985 1692 3038 monasterium

1797 2908 1899 2963 ret,
1942 2914 2153 2968 regnum
2203 2901 2255 2953 in
2300 2915 2519 2969 superna
2547 2901 2757 2955 civitate
2800 2914 3085 2957 mereretur
3132 2904 3323 2961 habere

1796 2998 2137 3055 perpetuum;
2192 2990 2399 3058 reliquit
2445 2990 2676 3052 domum,
2716 3000 2966 3057 cognatos
3007 3001 3059 3043 et
3106 2997 3320 3058 patriam

148 3058 454 3123 construxit
482 3070 531 3123 in
564 3074 812 3125 honorem
844 3071 1125 3126 beatissimi
1168 3074 1514 3138 apostolorum
1552 3078 1695 3143 prin-
1792 3086 2003 3144 propter
2031 3077 2292 3131 Christum
2332 3089 2384 3131 et
2414 3089 2626 3158 propter
2664 3078 3019 3146 Evangelium.
3062 3091 3115 3131 ut
3144 3092 3324 3135 centu-

148 3161 286 3223 cipis
318 3160 477 3225 Petri,
518 3161 663 3226 juxta
701 3162 889 3213 ostium
930 3161 1153 3214 ﬂuminis
1184 3162 1314 3217 Wiri
1369 3166 1431 3215 ad
1477 3166 1692 3232 Aquilo-

149 3266 298 3310 nem,
336 3255 350 3283 ι
378 3251 590 3317 juvante
618 3265 675 3303 se
702 3265 762 3302 ac
800 3261 988 3303 terram
1020 3253 1276 3307 tribuente
1299 3257 1581 3309 venerabili
1630 3273 1693 3311 ac

148 3340 390 3406 piissimo
449 3340 617 3408 gentis
679 3341 814 3393 illius
875 3354 994 3409 rege
1082 3341 1367 3411 Ecgfrido;
1451 3346 1690 3411 idemque

148 3434 527 3483 monasterium
576 3432 724 3483 annis
770 3432 1033 3493 sedecim,
1078 3433 1213 3487 inter
1264 3434 1564 3489 innumeros
1610 3437 1689 3488 vel

1796 3166 1936 3232 plum
1957 3166 2233 3233 acciperet,
2257 3176 2311 3219 et
2339 3166 2495 3218 vitam
2527 3176 2769 3219 retentam
2787 3167 3072 3233 possideret
3096 3186 3107 3231 ;
3131 3172 3327 3238 respuit

1796 3253 1987 3321 nuptiis
2027 3254 2228 3306 servire
2269 3240 2586 3316 carnalibus,
2643 3263 2695 3304 ut
2722 3256 2867 3319 sequi
2897 3256 3091 3308 valeret
3121 3259 3321 3320 Agnuni

1794 3342 2104 3409 virginitatis
2147 3340 2308 3408 gloria
2350 3338 2625 3393 candidum
2680 3341 2730 3392 iu
2780 3343 2951 3411 regnis
2996 3345 3325 3403 cmlestibus;

1794 3430 1973 3482 abnuit
2016 3432 2206 3482 liberos
2255 3443 2412 3481 carne
2444 3444 2717 3495 procreare
2748 3432 3011 3495 mortales,
3063 3434 3327 3498 pr:edesti-

148 3519 399 3570 itinerum
440 3519 516 3571 vel
559 3519 914 3571 inﬁrmitatum
956 3519 1175 3582 labores,
1210 3521 1390 3573 eadem
1420 3537 1519 3589 qua
1561 3536 1688 3574 con-
1715 3509 1764 3571 (Σ
1795 3527 1944 3569 natus
1982 3533 2010 3569 a
2050 3516 2253 3569 Christo
2282 3517 2343 3567 ad
2386 3518 2681 3568 educandos
2706 3518 2752 3569 ei
2784 3518 3039 3583 spirituali
3084 3521 3322 3574 doctrina

148 3608 341 3659 struxit
380 3608 627 3676 religione
657 3608 869 3661 sedulus
924 3608 1079 3662 rexit.
1129 3609 1249 3672 Qui,
1282 3618 1338 3662 ut
1376 3612 1507 3663 beati
1552 3626 1696 3677 papa:

147 3702 173 3730 ο
200 3695 436 3762 Gregorii
468 3698 659 3759 verbis,
686 3698 872 3764 quibus
897 3698 1218 3765 cognominis
1246 3697 1359 3765 ejus
1386 3698 1585 3750 abbatis
1616 3699 1693 3749 vi-

148 3794 256 3836 tam
288 3787 556 3852 glorificat,
587 3795 699 3837 utar
729 3804 741 3837 :
776 3786 891 3837 Fuit
918 3788 995 3837 vir
1022 3786 1137 3838 vitae
1164 3788 1496 3853 venerabilis,
1527 3789 1691 3854 gratia

152 3874 469 3926 Benedictus
496 3883 547 3927 et
572 3875 803 3938 nomine,
831 3874 895 3927 ab
924 3875 1035 3941 ipso
1062 3874 1293 3941 pueritia:
1320 3890 1427 3927 sua:
1458 3884 1690 3943 tempore

148 3977 242 4017 cor
267 3978 449 4030 gerens
464 3964 650 4029 senile,
674 3972 878 4017 altatem
903 3967 1094 4032 quippe
1117 3966 1347 4017 moribus
1364 3967 1383 3995 ²
1415 3966 1691 4031 transiens,

152 4053 291 4106 nulli
330 4052 556 4105 animum
588 4053 835 4121 voluptati
879 4055 1040 4107 dedit.
1087 4054 1252 4106 Nobili
1286 4054 1491 4121 quidem
1534 4053 1694 4119 stirpe

148 4140 328 4207 gentis
356 4140 634 4205 Anglorum
676 4141 994 4206 progenitus,
1026 4141 1115 4192 sed
1147 4155 1248 4193 non
1288 4141 1471 4192 minori
1504 4140 1689 4209 nobili-

148 4236 260 4279 tate
298 4226 484 4277 mentis
509 4226 571 4277 ad
619 4228 961 4293 promerenda
992 4241 1195 4293 semper
1224 4228 1521 4294 angelorum
1554 4243 1692 4280 con-

148 4319 315 4369 sortia
346 4330 649 4382 suspensus.
683 4316 913 4383 Denique
933 4331 1050 4368 cum
1077 4326 1216 4369 esset
1242 4318 1475 4370 minister
1502 4317 1521 4347 ³
1551 4317 1691 4369 Osvii

149 4406 309 4471 Regis
338 4417 389 4458 et
411 4407 789 4472 possessionem
813 4415 966 4460 terra:
986 4422 1078 4460 suo
1106 4409 1281 4474 gradui
1310 4420 1689 4474 eompetentem

150 4494 240 4544 illo
284 4494 510 4545 donante
542 4496 850 4560 perciperet,
884 4509 1047 4546 annos
1077 4506 1225 4547 natus
1255 4498 1463 4549 circiter
1508 4497 1690 4565 viginti

96 4610 99 4613 ν
149 4591 200 4634 et
241 4582 472 4646 quinque
516 4581 765 4633 fastidivit
806 4583 1183 4648 possessionem
1215 4585 1481 4648 caducam,
1520 4596 1574 4636 ut
1605 4600 1689 4637 ac-

150 4673 359 4738 quirere
407 4682 580 4736 possvt
634 4681 917 4735 maternam;
973 4674 1211 4739 desitexit
1278 4676 1508 4727 militiam
1571 4693 1687 4729 cum

150 4760 470 4828 Corruptibili
494 4759 737 4813 donativo
759 4770 1077 4823 terrestrem,
1109 4774 1163 4814 ut
1191 4777 1316 4818 vero
1349 4764 1472 4832 Regi
1503 4766 1690 4817 milita—

1795 3608 1926 3660 lilios
1952 3607 2149 3660 caelesti
2178 3606 2229 3658 in
2262 3606 2360 3659 vita
2391 3622 2666 3674 perennes.

1862 3695 2081 3748 Dimissa
2132 3711 2258 3764 ergo
2308 3697 2472 3762 patria
2527 3696 2742 3749 Romam
2790 3708 2810 3735 ε
2842 3698 3004 3763 adiit,
3060 3698 3326 3752 beatorum

1790 3784 2145 3847 apostolorum
2185 3798 2405 3848 quorum
2446 3783 2708 3836 desiderio
2735 3798 2941 3851 semper
2986 3786 3173 3841 ardere
3197 3802 3325 3840 con-

1789 3876 2048 3934 stteverat,
2080 3870 2100 3899 ⁸
2129 3870 2285 3922 etiam
2330 3870 2440 3922 loca
2477 3885 2753 3939 corporum
2782 3874 3126 3940 corporaliter
3152 3875 3324 3931 visere

1791 3970 1943 4026 atque
1972 3960 2189 4011 adorare
2234 3960 2455 4012 curavit.
2509 3959 2586 4012 Ad
2625 3960 2843 4027 patriam
2892 3976 3011 4014 mox
3056 3977 3316 4028 reversus,

1791 4047 1811 4075 '
1835 4048 2115 4101 studiosius
2140 4062 2199 4100 ea
2238 4064 2352 4115 quae
2374 4048 2498 4100 vidit
2520 4048 2886 4101 ecclesiastica:
2918 4050 3037 4103 vita:
3069 4050 3319 4116 instituta,

1790 4136 2023 4203 diligere,
2070 4137 2326 4196 venerari,
2376 4146 2427 4187 et
2457 4136 2643 4202 quibus
2683 4135 2843 4201 potuit
2888 4124 3171 4203 prmdicare
3222 4153 3317 4192 ιιοις

1790 4226 1959 4277 desiit.
2013 4226 2124 4288 Quo
2166 4223 2188 4259 ά
2243 4233 2475 4291 tempore
2518 4224 2836 4288 Alchfridus,
2884 4228 3163 4292 supradicti
3192 4229 3315 4295 regi:

1790 4316 1926 4368 Osvii
1978 4315 2132 4376 ﬁlius,
2178 4325 2228 4366 et
2272 4315 2379 4379 ipse
2408 4328 2616 4380 propter
2660 4315 2919 4368 adoranda
2970 4320 3319 4383 apostolorum

1791 4403 1965 4454 limina
1992 4401 2207 4452 Romam
2239 4402 2416 4452 venire
2444 4401 2747 4465 disponens,
2779 4403 3021 4455 comitem
3043 4418 3160 4457 eum
3188 4406 3328 4472 ejus-

1788 4491 1905 4541 dem
1937 4488 2136 4540 itineris
2165 4490 2379 4555 accepit.
2412 4489 2571 4553 Quem
2600 4503 2716 4541 eum
2749 4498 2894 4555 pater
2921 4504 3045 4543 suus
3065 4492 3131 4544 ab
3160 4494 3327 4547 inten-

1791 4580 1931 4632 tione
1960 4584 2230 4630 tnetnoratl
2264 4578 2463 4629 itineris
2492 4587 2776 4643 revocaret,
2809 4586 2965 4647 atque
2993 4584 3043 4633 in
3071 4582 3235 4647 patria
3263 4597 3324 4635 ac

1789 4684 1949 4737 regno
1985 4684 2082 4722 suo
2110 4670 2299 4722 faceret
2324 4670 2574 4733 residere,
2605 4668 2940 4722 nihilominus
2970 4670 3076 4737 ipse
3098 4680 3153 4723 ut
3175 4672 3323 4724 bona:

1790 4759 1975 4810 indolis
2020 4757 2341 4823 adolescens,
2389 4765 2615 4823 emptum
2644 4755 2914 4810 confestim
2958 4754 3173 4824 explens
3200 4759 3298 4813 iter

1075 4874 1539 4929 VULGATORUM
1584 4873 1961 4929 \‘ARIANTES
2000 4869 2391 4925 LECTIONES.

227 4963 245 4992 ‘
277 4960 488 5014 Juvante
505 4979 585 5020 ac.

226 5031 248 5061 ³
278 5029 604 5083 Transilieus.

222 5100 244 5129 ³
282 5099 487 5150 Oswini.

1855 4960 1876 4991 ’⁵
1920 4960 1980 5012 ΕΙ
2012 4964 2139 5013 (ora.

1854 5031 1875 5060 ⁸
1913 5033 2203 5085 Studiosus.

1446 5187 1789 5243 VARIORUM
1827 5186 2049 5241 ΝΟΤᾸΞ.

219 5288 242 5315 ι
285 5274 598 5329 Benedictus.
625 5274 928 5328 Nominatur
955 5277 1111 5328 etiam
1143 5275 1403 5343 Baducing
1430 5289 1459 5327 a
1500 5273 1679 5343 Fride-

152 5347 282 5415 godo
308 5355 520 5399 auctore
549 5344 677 5396 Vitze
704 5347 867 5397 sancti
886 5344 1097 5415 ,VAilfridgi
1126 5343 1349 5411 (Mabill.
1378 5341 1491 5397 Act.
1523 5341 1682 5394 Bene-

153 5413 293 5475 dict.,
316 5428 432 5466 me.
465 5427 543 5476 ιιι,
567 5426 695 5477 part.
723 5428 761 5475 t,
791 5430 845 5478 p.
874 5413 1241 5477 175).,Sutrn.

217 5482 244 5521 δ
278 5480 525 5551 Gregorii.
542 5480 726 5551 _Greg.,
756 5482 844 5551 lib.
869 5497 900 5534 u
933 5480 1085 5545 Dial.,
1115 5496 1243 5551 cap.
1264 5480 1311 5551 l.
1336 5481 1520 5533 SMITB.

224 5563 246 5591 ε
284 5549 445 5603 Adiit.
482 5549 748 5602 Vilfridutn
776 5550 977 5602 itineris
1005 5552 1200 5601 socium
1234 5550 1431 5608 bahuit,
1458 5554 1681 5600 testante

155 5620 285 5673 Beda
318 5635 370 5681 v,
400 5620 487 5671 19.
520 5617 571 5669 ld
598 5617 796 5671 itineris
818 5617 1044 5683 suscepit
1068 5617 1332 5669 Wilfridus
1360 5628 1447 5667 aut
1475 5617 1681 5667 vivente

156 5688 383 5760 Honorio
410 5684 802 5760 archiepiscopo
826 5686 1205 5760 Cantuariensi,
1240 5694 1327 5736 aut
1353 5693 1496 5737 certe
1525 5683 1682 5760 paulo

155 5767 269 5824 post
303 5755 419 5823 ejus
445 5753 663 5817 obitum,
691 5768 754 5806 ex
795 5756 979 5807 eodem
1021 5754 1134 5808 loco
1162 5763 1213 5808 et
1253 5763 1482 5818 auctore,
1514 5754 1598 5820 qui
1631 5753 1682 5805 iu

385 5846 648 5925 Ριτιιοθ.
695 5838 911 5900 XCIV.

1784 5277 1874 5330 lib.
1899 5292 1975 5333 Ill,
2001 5288 2113 5340 cap.
2138 5275 2225 5335 20,
2254 5273 2460 5327 Honorii
2489 5280 2705 5325 mortem
2737 5286 2872 5323 anno
2896 5271 2960 5325 ab
2981 5271 3087 5327 Inc.
3116 5273 3318 5327 Domin.

1785 5344 2164 5398 sexcentesimo
2192 5341 2614 5407 quinquagesimo
2638 5341 2789 5392 tertio
2816 5340 3015 5407 illigat;~
3029 5341 3316 5395 Secundam

1786 5411 2255 5481 peregrinationem
2284 5423 2559 5481 aggressus
2585 5418 2662 5460 est
2706 5410 2952 5481 Biscopus
2979 5410 3316 5481 temporali-

1786 5476 1960 5533 ialiani
2003 5494 2167 5545 papaz,
2212 5479 2360 5544 cujus
2392 5476 2711 5545 pontiﬁcatus
2763 5476 2965 5529 initium
3008 5491 3145 5529 anno
3192 5478 3315 5539 658,

1783 5544 2010 5602 statuere
2058 5562 2273 5601 necesse
2318 5555 2416 5598 est.
2456 5544 2688 5596 Warmus
2734 5547 2867 5599 male
2910 5546 3052 5609 legit,
3100 5556 3313 5612 tempore

1786 5620 1930 5665 cuius
1953 5632 2105 5665 suum
2137 5615 2196 5665 Β.
2224 5631 2367 5665 mem.
2406 5612 2649 5665 Vitult'ani
2674 5630 2831 5665 nam.
2861 5615 3073 5665 MAB'ILL.

1786 5620 1930 5686 cujus
1953 5632 2105 5681 supra
2137 5615 2196 5668 Β.
2224 5631 2367 5666 mem.
2406 5612 2649 5665 Vitult'ani
2673 5630 2831 5681 papw.
2861 5615 3073 5666 MAB'ILL.

1856 5687 1881 5724 ά
1921 5685 2173 5754 Tempore.
2189 5683 2476 5741 Secundum
2492 5682 2589 5736 iter
2605 5682 2725 5737 fecit
2739 5698 2824 5734 an.
2848 5682 2969 5736 665.
2994 5683 3147 5735 FLoa.
3178 5684 3311 5736 Wtc.

2814 5834 2889 5891 23
