3862 6374
518 386 617 437 Πῖἱ

1236 383 1430 447 ΒΕΒᾹΞ
1472 385 1906 446 VENEBABILIS
1944 383 2089 439 Ol‘l’.
2133 379 2301 433 PARS
2342 378 2423 430 lV'.
2466 404 2528 424 —
2570 369 2933 429 lllSTOlllCA.

3270 0 3820 340 “'l

3591 362 3681 415 ’ἶιὸ

516 514 714 555 stinnm
749 498 840 547 sul:
864 494 1181 548 festinatione
1208 494 1425 557 Ruinam
1456 504 1627 568 rediit,
1655 506 1667 535 ι
1701 512 1929 566 tempore
1955 511 2040 549 cu-
2071 500 2115 553 Α
2144 490 2224 542 cui
2256 490 2330 541 vel
2364 489 2449 540 illo
2484 487 2714 554 pergenti
2757 486 2836 536 vel
2882 481 3069 535 ibidem
3100 479 3336 541 docenti,
3368 480 3586 545 pariter
3616 481 3687 531 in-

515 604 598 655 jllS
643 601 794 649 SUt‘Ta
844 586 1003 637 b83133
1048 591 1311 643 Illemorim
1348 592 1577 642 Vitaliani
1622 604 1761 656 papa:
1798 610 1811 652 ;
1847 598 1895 640 et
1945 600 2043 638 non

520 690 679 741 pauca
740 674 967 726 scientia
1020 674 1265 732 salutaris
1317 681 1749 746 quemadmodum
1806 688 1856 731 et
1906 680 2046 744 prius

524 768 702 815 hausta
726 761 1017 833 dulcedine,
1042 770 1156 833 pos‘t
1184 783 1388 820 menses
1411 769 1603 833 aliquot
1620 768 1736 818 inde
1757 766 2048 834 digrediens

520 851 581 901 ad
634 848 854 900 insulam
884 861 903 882 ‘
946 855 1289 917 Lirinensem,
1345 853 1531 906 ibidem
1577 868 1633 906 se
1679 854 2044 905 monachorum

519 940 677 991 (ωιυί
726 944 955 1007 tradidit,
987 953 1246 996 tonsuram
1279 944 1496 1010 acer-pit,
1528 956 1575 996 et
1605 942 1924 1009 disciplinam
1964 954 2046 992 re-

523 1028 754 1095 gularem
788 1035 1019 1086 monachi
1054 1044 1171 1085 voto
1200 1033 1467 1100 insignitus
1500 1032 1667 1085 debita
1699 1047 1811 1082 cum
1851 1030 2047 1082 sollicio

520 1122 703 1177 tudine
728 1124 979 1180 servavit;
1014 1122 1098 1173 ubi
1125 1137 1212 1188 per
1244 1122 1500 1172 biennium
1530 1121 1709 1189 idonea
1753 1119 2050 1170 monastiraa

527 1210 936 1264 convchationis
965 1211 1195 1260 doctrina
1226 1210 1508 1271 institutus,
1541 1223 1717 1258 rursus
1748 1207 1879 1257 beati
1913 1205 2048 1257 Petri

526 1300 875 1365 apostolorum
906 1295 1148 1363 principis
1170 1310 1344 1347 amore
1373 1296 1626 1357 devictus,
1658 1302 1908 1346 saeratatn
1938 1294 2051 1359 ejus

529 1400 746 1451 corpore
774 1385 1030 1437 civitatem
1058 1386 1077 1413 ¹
1103 1382 1127 1417 b
1156 1384 1401 1449 repedare
1423 1384 1615 1434 statuit.

598 1472 701 1524 Nec
734 1482 846 1537 post
877 1478 1077 1538 longum
1109 1471 1413 1524 adveniente
1444 1486 1575 1521 nave
1604 1470 1925 1531 mercatoria,
1958 1470 2049 1522 de—

528 1561 720 1612 siderio
766 1559 1035 1612 satisfecit.
1090 1560 1161 1610 Eo
1204 1568 1371 1610 autem
1406 1567 1637 1622 tempore
1687 1559 1895 1609 miserat
1951 1557 2048 1608 Ec-

529 1649 770 1715 gberctus
797 1646 1186 1699 Cantuariorum
1220 1660 1305 1697 rex
1338 1645 1401 1696 de
1444 1644 1701 1695 Britannia
1732 1645 1949 1695 electum
1990 1641 2052 1694 ad

531 1739 859 1804 episcopatus
905 1734 1129 1787 officium
1163 1737 1324 1785 virum
1370 1732 1575 1784 nomine
1606 1730 1935 1797 Vigilardutn,
1967 1731 2053 1797 qui

2147 582 2343 644 terpres
2373 578 2597 630 existere
2626 585 2798 641 posset
2838 583 2890 627 et
2916 575 3120 625 ductor.
3150 572 3297 624 Fecit
3327 580 3381 622 ut
3410 571 3646 635 iusserat
3675 590 3687 620 :

2150 673 2169 700 ο
2200 675 2452 715 venerunt
2478 664 2733 728 Cantiam,
2757 662 3048 729 gratissime
3066 670 3188 712 sunt
3215 661 3485 726 suscepti;
3520 658 3685 711 Theo.

2145 752 2302 802 dorus
2357 749 2531 802 sedem
2593 749 2921 815 episcopatus
2973 746 3331 807 conscendit;
3366 745 3684 798 Benedictus

2148 838 2372 903 suscepit
2430 836 2799 889 monasterium
2847 835 2982 887 beati
3026 834 3161 888 Petri
3209 834 3435 900 apostoli
3486 833 3554 884 ad
3608 848 3685 885 re-

2146 926 2398 991 gendum;
2430 926 2575 991 cujus
2624 934 2799 992 postea
2830 924 3073 992 prefatns
3098 922 3356 977 Adrianus
3384 920 3572 975 factus
3615 932 3687 974 est

2148 1014 2324 1065 abbas.

2218 1096 2362 1162 Quod
2393 1097 2474 1150 ubi
2505 1096 2705 1149 duobus
2744 1097 2891 1150 annis
2930 1098 3297 1150 monasterium
3336 1097 3509 1160 rexit,
3538 1093 3568 1131 ἀ
3591 1109 3689 1151 tero

2152 1185 2277 1236 tintn
2305 1185 2369 1236 de
2398 1183 2657 1235 Britannia
2698 1182 2913 1235 Romam
2956 1184 3055 1235 iter
3080 1184 3335 1247 arripiens
3375 1184 3537 1235 solita
3572 1199 3683 1249 pro-

2151 1249 2396 1339 speritfte
2440 1271 2737 1337 enniplevit,
2772 1271 3035 1337 librosque
3062 1272 3233 1324 omnis
3277 1272 3474 1323 divina:
3521 1271 3689 1322 erudi-

2153 1358 2306 1410 tionis
2354 1372 2453 1410 uon
2506 1372 2698 1425 paucos
2749 1359 2832 1411 vel
2880 1359 3067 1425 placito
3111 1360 3278 1425 pretio
3331 1371 3567 1426 emptos,
3617 1364 3691 1411 Vel

2150 1449 2432 1500 amicorum
2462 1448 2601 1500 dono
2649 1448 2861 1514 largitos
2901 1448 3091 1501 retulit.
3118 1448 3343 1501 ltediens
3373 1459 3583 1509 autem,
3612 1450 3690 1500 ubi

2154 1535 2403 1587 Viennam
2435 1539 2687 1600 pervenit,
2722 1536 2986 1600 emptitios
3015 1536 3036 1565 °
3063 1536 3133 1588 ibi
3176 1551 3305 1604 quos
3333 1537 3471 1602 apud
3501 1536 3693 1589 amicos

2152 1622 2627 1682 commendaverat,
2659 1624 2875 1691 recepit.
2905 1626 2973 1676 At
3001 1632 3023 1659 °
3056 1625 3317 1690 ingressus
3349 1623 3689 1681 Britanniam.

2155 1706 2215 1759 ad
2246 1722 2419 1775 regem
2448 1707 2857 1762 Occidentalium
2881 1709 3139 1763 Saxonum
3167 1710 3378 1763 nomine
3403 1711 3685 1763 Coinralelr

530 1796 833 1877 a'Rom—anis
864 1823 999 1876 beati
1028 1822 1262 1888 Gregorii
1310 1835 1452 1888 papae
1477 1796 1742 1887 discipulis
1785 1820 1833 1871 in
1876 1796 2052 1870 Cantia

2173 1796 2523 1847 :oulerendum
2554 1796 2773 1861 putavit,
2815 1796 2962 1863 cujus
2988 1808 3042 1850 et
3076 1808 3196 1851 ante
3224 1812 3327 1851 non
3356 1800 3529 1851 semel
3569 1801 3687 1849 and.

530 1910 699 1962 fuerat
749 1909 887 1961 omni
947 1908 1296 1960 ecclesiastica
1367 1905 1683 1958 institutione
1741 1905 2059 1956 sufficienter

534 1999 746 2050 edoctus
765 2013 778 2059 ;
799 1996 1013 2061 cupiens
1032 2008 1150 2047 eum
1172 1994 1265 2045 sibi
1288 1992 1465 2045 Romae
1485 1992 1709 2044 ordinari
1733 1992 2053 2056 episcOpum,

534 2097 783 2153 quatenus
821 2098 927 2136 sua:
972 2081 1138 2151 gentis
1186 2088 1240 2134 et
1296 2081 1481 2147 lingua:
1514 2080 1707 2132 habens
1756 2078 2054 2139 antistitem,

538 2185 680 2228 tanto
709 2173 982 2239 perfectius
1011 2187 1128 2224 cum
1158 2170 1401 2237 subjectis
1427 2170 1521 2223 sibi
1554 2171 1754 2236 populis
1778 2170 1857 2220 vel
1890 2170 2061 2220 verbis

536 2262 855 2315 imbueretur
879 2262 993 2313 fidei
1022 2262 1101 2313 vel
1132 2260 1423 2328 mysteriis;
1449 2269 1639 2325 quanto
1661 2258 1679 2287 ³
1706 2258 1815 2309 haec
1843 2272 1943 2309 non
1975 2272 2063 2322 per

538 2352 891 2418 interpretem,
940 2352 1031 2402 sed
1089 2364 1179 2417 per
1220 2348 1240 2379 ‘
1269 2349 1472 2417 cognati
1520 2357 1571 2400 et
1616 2346 1921 2400 contribulis
1971 2346 2061 2397 viri

538 2440 764 2504 linguam
809 2438 959 2499 simul
1003 2451 1313 2503 manumque
1351 2436 1650 2503 susciperet.
1694 2436 1791 2500 Qui
1822 2435 2065 2487 videlitet

540 2526 829 2594 Vigliardus
876 2524 1090 2576 Romam
1119 2524 1352 2588 veniens,
1392 2540 1506 2575 cum
1551 2527 1749 2578 cunctis
1776 2524 1861 2591 qui
1888 2538 2063 2576 serunt

543 2626 731 2664 venere
781 2613 1093 2675 comitibus,
1147 2621 1422 2679 antequam
1475 2614 1688 2680 gradum
1741 2613 2065 2679 pontificatus

546 2704 854 2766 perciperet,
886 2701 1064 2753 morbo
1104 2700 1373 2769 ingruente
1424 2701 1695 2755 defunctus
1721 2711 1819 2753 est.
1848 2706 1911 2754 At
1946 2718 2066 2754 vero

542 2802 675 2856 papa
721 2788 1052 2855 apostolicus,
1106 2803 1169 2841 ne
1217 2788 1477 2854 legatariis
1525 2788 1832 2841 abeuntibus
1884 2790 2067 2855 legatr'o

544 2878 781 2945 religiosa
827 2877 1052 2931 fidelium
1095 2876 1263 2931 fructu
1305 2885 1631 2945 competente
1661 2887 1889 2940 careret,
1941 2880 2067 2932 inito

541 2967 780 3032 consilio,
807 2968 960 3035 elegit
986 2968 1051 3021 de
1087 2968 1197 3021 suis
1218 2983 1369 3036 quem
1399 2969 1688 3022 Britannias
1716 2969 2064 3035 archiepisco.

545 3070 663 3121 pum
703 3056 950 3117 mitteret,
981 3056 1304 3108 Theodorum
1352 3057 1614 3121 videlicet,
1646 3058 1881 3109 saeculari
1909 3056 2059 3108 simul

2160 1884 2295 1936 citiis
2318 1900 2458 1949 usus,
2488 1894 2541 1938 et
2568 1886 2830 1939 beneficiis
2854 1898 2963 1939 erat
2984 1886 3211 1953 adjutus.
3237 1887 3339 1940 Sed
3370 1888 3487 1955 ipso
3513 1888 3687 1940 eodem

2161 1980 2395 2037 tempore
2436 1975 2706 2026 immatura
2738 1989 2903 2028 morte
2944 1983 3219 2041 praerepto,
3249 1976 3459 2027 tandem
3497 1976 3565 2026 ad
3603 1991 3685 2041 pa-

2163 2064 2331 2125 triam,
2381 2073 2584 2130 gentem
2635 2063 2906 2129 solumque
2954 2066 3131 2130 inquo
3181 2078 3331 2116 natus
3382 2073 3464 2116 est
3513 2070 3687 2130 pedem

2158 2159 2497 2215 convertens,
2579 2152 2865 2218 Ecgfridum
2930 2151 3405 2205 Transhumbranae
3470 2156 3686 2219 regiona

2160 2250 2332 2301 regem
2356 2238 2517 2300 adiit;
2547 2248 2728 2291 cuncta
2757 2254 2869 2302 qua:
2888 2241 3079 2305 egisset
3104 2254 3166 2292 ex
3192 2254 3296 2307 quo
3322 2242 3548 2305 patriam
3574 2240 3687 2291 ado-

2162 2326 2359 2379 lescens
2389 2327 2616 2379 deseruit
2660 2329 2954 2394 replicavit;
3002 2343 3104 2396 quo
3128 2330 3398 2398 religionis
3439 2330 3685 2382 desiderio

2160 2414 2385 2477 arderet,
2414 2430 2512 2466 non
2542 2417 2756 2478 celavit;
2784 2416 2905 2481 quid
2949 2418 3337 2482 ecclesiasticae,
3365 2418 3491 2483 quid
3518 2432 3684 2469 mona-

2160 2500 2321 2554 chica:
2342 2503 2674 2555 institutionis
2697 2504 2873 2555 Romae
2893 2505 2969 2556 vel
2990 2506 3393 2572 circumquaque
3408 2504 3680 2567 didicisset,

2162 2601 2291 2657 quot
2310 2592 2478 2644 divina
2511 2594 2787 2656 volumina,
2810 2605 3027 2661 quantas
3053 2596 3316 2647 beatorum
3340 2597 3681 2662 apostolorum

2163 2679 2270 2730 sive
2291 2688 2572 2746 martyrum
2596 2681 2783 2733 Christi
2814 2683 3055 2748 reliquias
3078 2684 3096 2711 ⁷
3124 2683 3400 2745 attulisset,
3429 2683 3680 2749 patefecit;

2165 2775 2461 2834 tantamque
2478 2770 2611 2835 apud
2633 2784 2803 2836 regem
2827 2770 3045 2838 gratiam
3077 2770 3440 2823 familiaritatis
3461 2773 3649 2823 invenit
3666 2811 3679 2827 .

2164 2870 2218 2913 ut
2246 2862 2516 2916 confestim
2541 2862 2587 2915 ei
2610 2870 2798 2917 terram
2826 2864 3144 2932 septuaginta
3172 2865 3485 2917 familiarum
3516 2865 3581 2916 de
3599 2878 3682 2914 suo

2164 2952 2396 3016 largitus,
2447 2951 2810 3002 monasterium
2850 2952 2972 3002 inibi
3007 2954 3172 3017 primo
3211 2953 3405 3017 pastori
3450 2950 3679 3003 Ecclesia

2166 3035 2333 3091 facere
2355 3038 2672 3105 prmt-ipcret.
2701 3039 2846 3102 Quod
2869 3039 3055 3092 factum
3078 3050 3176 3105 cst,
3206 3042 3338 3094 sicut
3364 3051 3415 3094 et
3440 3042 3490 3093 in
3520 3056 3677 3107 protev

542 3156 594 3198 et
616 3145 962 3196 ecclesiastica
995 3146 1318 3211 pliilosttpliia
1364 3147 1635 3212 praeditum
1674 3146 1860 3207 virum,
1889 3159 1941 3198 ct
1970 3149 2066 3198 hoc

2173 3134 2273 3186 mio
2300 3133 2528 3198 memini,
2576 3136 2638 3187 ad
2669 3137 2856 3188 ostium
2886 3137 3109 3189 numinis
3141 3137 3245 3189 Viri
3274 3139 3338 3191 ad
3368 3141 3677 3206 Aquilonem,

547 3236 597 3285 in
643 3241 856 3299 utraque
887 3234 1076 3301 lingua,
1112 3232 1285 3287 Graeca
1334 3236 1552 3302 scilicet,
1603 3246 1655 3289 et
1703 3238 1902 3297 Latina,
1950 3239 2069 3290 dato

545 3322 592 3372 ei
627 3321 823 3389 collega
862 3332 915 3375 et
942 3323 1271 3375 consiliature
1302 3325 1409 3376 viro
1450 3339 1596 3391 :cque
1624 3327 1980 3379 strenuissimo
2008 3340 2069 3378 ac

546 3408 943 3473 prudentissimo
970 3409 1197 3462 Adriano
1237 3412 1456 3474 abbate;
1487 3420 1540 3465 et
1577 3413 1693 3479 quia
1720 3413 2067 3466 venerabilem

550 3496 883 3547 Benedictum
942 3495 1249 3563 sapientem,
1296 3497 1623 3561 industrium,
1669 3500 1962 3565 religiosum
2011 3515 2071 3551 ac

554 3580 775 3632 nobilem
822 3582 985 3633 virum
1027 3582 1137 3634 fore
1162 3585 1449 3649 conSpexit,
1485 3583 1602 3637 huic
1630 3586 1917 3638 ordinatum
1956 3601 2069 3638 cum

549 3668 659 3721 suis
686 3669 923 3723 omnibus
960 3673 1343 3725 commendavit
1371 3674 1691 3743 episcopum,
1732 3676 2075 3747 prmcepitque

551 3766 608 3809 ut
627 3756 804 3809 relicta
831 3757 1241 3824 peregrinatione
1281 3773 1434 3825 quam
1464 3773 1557 3825 pro
1589 3758 1796 3813 Christo
1825 3774 2077 3826 suscepe-

556 3852 654 3904 rat,
683 3842 943 3895 commodi
973 3843 1168 3895 altioris
1194 3844 1379 3921 intuitu
1411 3845 1624 3911 patriam
1667 3859 1923 3905 reversus,
1954 3848 2076 3898 doc-

559 3938 722 3983 torem
742 3930 792 3984 ei
814 3929 1045 3983 veritatis
1062 3944 1215 3997 quem
1243 3932 1262 3961 '
1286 3932 1464 3987 sedula
1486 3932 1759 3999 quaesierat
1784 3932 2077 3994 adduceret,

2172 3235 2308 3275 anno
2336 3223 2402 3275 ab
2448 3224 2803 3277 lncarnatione
2836 3224 3033 3276 Domini
3063 3230 3444 3278 sexcentesimo
3491 3238 3683 3293 septua-

2170 3312 2367 3377 gesima
2385 3322 2588 3377 quarto,
2607 3311 2889 3365 indictione
2908 3314 3156 3376 secunda,
3171 3326 3309 3364 anno
3329 3322 3500 3366 autem
3514 3320 3681 3379 quarto

2170 3406 2371 3471 inperii
2396 3405 2614 3473 Ecgfridi
2646 3409 2799 3473 regis.

2240 3494 2344 3545 Nec
2383 3494 2649 3560 pIUSquant
2690 3492 2838 3544 unius
2884 3494 3005 3544 anni
3054 3495 3224 3559 spatio
3273 3503 3391 3559 post
3431 3492 3678 3546 fundatum

2176 3583 2541 3634 monasterium
2590 3579 2879 3647 interjecto,
2933 3581 3239 3633 Benedictus
3287 3584 3491 3634 Oceano
3538 3591 3680 3633 trans-

2176 3672 2332 3721 misso
2354 3669 2544 3722 Gallias
2568 3678 2765 3740 petens,
2788 3671 3142 3723 crementarios
3167 3670 3252 3733 qui
3282 3669 3535 3736 lapideam
3562 3668 3579 3704 ¹
3602 3669 3683 3721 sibi

2177 3756 2449 3807 ecclesiam
2486 3757 2627 3821 juxta
2675 3754 3018 3807 Romanorum
3058 3770 3210 3821 quem
3258 3769 3464 3820 seraper
3498 3756 3686 3807 amabat

2182 3858 2377 3895 morem
2408 3844 2654 3902 facerent,
2689 3844 2979 3908 postulavit,
3007 3845 3224 3909 accepit,
3255 3843 3441 3895 attulit.
3482 3843 3546 3895 Et
3584 3852 3685 3894 tan-

2183 3941 2288 3984 tum
2319 3934 2369 3984 in
2397 3933 2657 3998 operando
2682 3931 2835 3984 studii
2858 3945 2961 3999 pra:
2984 3946 3161 3986 amore
3187 3932 3328 3987 beati
3354 3932 3511 3996 Petri,
3536 3934 3583 3985 in
3600 3946 3684 3983 cu-

1487 4038 1945 4095 VULGATORUM
1989 4038 2365 4094 VARIANTES
2402 4039 2674 4093 LECTIUN
2685 4040 2778 4094 ES.

628 4168 646 4231 ξ
686 4157 923 4231 [carpare
941 4127 1256 4218 auperbeatte.
2309 4151 2516 4231 §edulo.

629 4226 649 4253 ’
688 4220 934 4290 Repetere.
2311 4220 2419 4290 Sibi
2440 4236 2568 4290 quos

631 4292 650 4321 ⁸
692 4288 813 4342 Haec
835 4306 1002 4358 nempe
1029 4306 1125 4343 non
1149 4304 1254 4357 per.
2253 4289 2271 4317 "
2310 4288 2504 4339 Attulit.

632 4360 651 4388 ⁸
689 4358 897 4426 Cogniti.
2470 4396 2477 4400 .

1832 4446 2173 4502 VARlORUM
2211 4444 2427 4500 NOTAE.

639 4571 663 4597 ι
706 4561 1023 4613 Lirinensem.
1052 4556 1224 4613 Insula
1265 4567 1344 4611 est
1372 4558 1548 4613 Gallici
1577 4560 1726 4626 juris,
1758 4561 1891 4613 dicta
1933 4562 2087 4612 etiam
2118 4566 2167 4624 Ι)

572 4631 735 4681 insula
758 4634 916 4681 sanat
953 4628 1215 4690 llonorati,
1240 4627 1323 4679 ubi
1344 4628 1512 4679 nobile
1534 4639 1643 4680 erat
1660 4627 1951 4681 coenobium
1980 4644 2089 4679 uto-

576 4702 875 4749 nacltorttnt.
906 4695 1168 4749 Wanzus.

548 4785 560 4800 ι
642 4766 666 4800 ιι
708 4764 975 4827 Ilepedare.
1024 4766 1175 4817 Juxta
1229 4764 1380 4814 linem
1410 4779 1494 4814 an.
1527 4760 1649 4825 667,
1698 4776 1800 4827 quo
1848 4762 2090 4826 Vigltard,

571 4832 696 4885 obiit
728 4832 826 4894 (ιιι,
859 4833 955 4893 '29;
988 4846 1054 4894 tv,
1086 4832 1158 4895 l).
1190 4830 1375 4883 Snmt.

644 4910 665 4936 ⁸
712 4899 981 4952 Venerunt.
1034 4899 1335 4951 Benedictus
1383 4914 1497 4951 cum
1547 4896 1818 4950 Theodoro
1859 4896 2093 4961 Angliim

574 4966 707 5018 redit
756 4981 840 5020 an.
888 4966 1007 5030 669,
1056 4966 1152 5018 sub
1190 4966 1273 5017 die
1324 4977 1468 5018 sexto
1498 4966 1607 5017 Kal.
1640 4965 1779 5026 Jutt.,
1836 4964 2095 5015 Dotninica

575 5046 669 5100 (IV,
700 5033 775 5091 3).
799 5037 981 5086 Sirmi.

646 5102 671 5137 ά
715 5101 949 5154 Tertium.
979 5100 1151 5153 Tertia
1180 5100 1384 5167 quidem
1430 5099 1523 5151 fuit
1562 5100 1817 5152 Benedicti
1844 5115 1872 5152 c
1904 5100 2099 5150 ltritan-

582 5170 663 5221 nia
696 5170 1036 5237 peregrinatio
1063 5170 1311 5237 Romana,
1344 5180 1395 5219 at
1422 5177 1599 5234 quarta
1626 5169 1671 5217 in
1696 5183 1914 5226 Summa,
1940 5169 2098 5232 siqni-

583 5241 699 5290 dent
730 5240 779 5290 in
808 5238 1031 5290 secunda
1059 5249 1089 5287 e
1130 5236 1388 5289 Britannia
1421 5238 1735 5286 discessione
1768 5238 1842 5287 bis
1884 5238 2097 5287 Romam

583 5309 750 5371 petiit,
775 5316 1047 5372 antequam
1078 5305 1126 5355 in
1160 5307 1373 5370 patriam
1406 5314 1675 5372 remearet.
1718 5304 1852 5368 Ergo
1880 5318 2101 5367 sequen-

589 5385 687 5423 tem
718 5376 828 5441 ejus
861 5371 1221 5441 profectionem
1252 5382 1483 5438 quartant
1512 5386 1539 5421 a
1572 5371 1827 5441 Britannia
1858 5374 2042 5441 dictum
2074 5385 2100 5419 a

587 5438 760 5503 Beda;
785 5444 1011 5508 quintam
1060 5440 1294 5508 absolute
1336 5442 1693 5508 interpretare.
1735 5440 1954 5508 plantat.
2000 5438 2104 5489 Hoc

590 5510 684 5558 iter
712 5504 928 5575 suscepit
959 5507 1260 5561 Benedictus
1280 5521 1367 5575 βιι.
1402 5510 1521 5559 07L
1550 5507 1704 5559 FLOR.
1735 5504 1870 5561 Wtc.

667 5590 689 5615 ο
731 5573 1007 5645 Ingressus.
1058 5578 1153 5626 An.
1202 5574 1319 5645 672.
1362 5576 1459 5645 [ἐρ-
1481 5576 1616 5627 enim
1648 5589 1781 5629 anno
1825 5573 2103 5628 Coinvalclt

588 5651 730 5701 obiit.
763 5641 954 5700 cimus.
985 5645 1109 5699 Su.
1134 5652 1187 5699 et
1215 5644 1367 5694 l’ton.
1398 5641 1531 5695 Wtc.

2270 4559 2286 4595 ί
2321 4559 2604 4635 Lanificam.
2630 4559 2823 4635 Nempe
2859 4562 3127 4635 ecclesiam
3165 4579 3285 4617 cum
3330 4566 3558 4620 tabulam
3588 4568 3693 4635 lipi-

2191 4628 2307 4692 d‘en,
2329 4629 2398 4678 uti
2418 4626 2700 4698 \Villelmus
2723 4628 3193 4684 Malniesburiensis
3219 4636 3467 4698 explicat,
3485 4650 3574 4687 seu
3596 4626 3692 4689 cum

2193 4698 2425 4770 fornice;
2472 4710 2590 4770 nam
2631 4696 2781 4770 longe
2803 4709 2940 4770 _an_te
2961 4698 3086 4770 jam
3126 4696 3371 4770 Paulinus
3418 4696 3690 4770 episcopus,

2195 4774 2325 4815 teste
2354 4766 2464 4829 ipso
2492 4764 2646 4826 Beda,
2676 4780 2728 4823 ιι,
2762 4764 2846 4829 16,
2880 4765 2929 4815 in
2961 4765 3291 4818 Lintlocolina
3322 4764 3531 4823 civitate
3556 4764 3694 4824 ειὶέιὰ

2193 4832 2322 4882 siam
2349 4831 2519 4895 operis
2545 4832 2737 4897 egregii
2760 4834 2822 4883 de
2850 4833 3017 4897 lapide
3043 4832 3182 4885 fecit.
3211 4835 3360 4897 Quod
3390 4842 3543 4889 etiam
3566 4849 3694 4891 antea

2193 4902 2297 4963 jam
2330 4898 2543 4954 Eboraci
2576 4900 2899 4971 praestiterat,
2928 4915 2989 4950 ex
3032 4915 3079 4952 c.
3130 4901 3214 4952 1‘2.
3263 4904 3565 4971 Quanquam
3611 4921 3692 4958 non

2200 4979 2315 5015 raro
2347 4976 2449 5036 tum
2480 4967 2665 5036 templa
2694 4966 2753 5036 in_
2778 4967 3031 5019 ltritaunia
3069 4983 3131 5021 ex
3163 4970 3299 5036 ligno
3326 4966 3536 5024 ﬁebant.
3566 4973 3696 5026 Finao

2205 5046 2301 5106 nus
2321 5032 2586 5106 episcopus
2609 5034 2927 5106 Merciorum,
2951 5043 3079 5088 teste
3103 5032 3259 5098 Beda,
3284 5038 3378 5090 lib.
3409 5054 3485 5101 tu,
3500 5053 3612 5106 cap.
3626 5040 3695 5102 25,

2210 5118 2227 5146 ι
2268 5100 2548 5171 Ecclesiam
2589 5115 2731 5151 more
2774 5102 3064 5165 Scotorum,
3096 5116 3197 5155 non
3226 5108 3293 5157 de
3315 5100 3507 5171 lapide,
3537 5100 3624 5161 sed
3647 5100 3697 5160 de

2206 5169 2560 5239 roboresecto
2588 5177 2743 5239 totam
2782 5174 3087 5234 composuit,
3111 5179 3265 5239 atque
3291 5169 3545 5229 arundine
3572 5178 3697 5229 texit.

2334 5236 2604 5311 episcopus
2634 5236 2730 5288 loci
2759 5239 3035 5311 Eadbertb,
3060 5236 3228 5291 ablaia
3250 5242 3529 5302 arundine,
3560 5246 3701 5311 plata-

2206 5301 2313 5353 beis
2343 5302 2544 5379 luminis
2571 5319 2682 5379 cant
2712 5312 2889 5379 totam,
2924 5306 3021 5379 ltoc
3042 5315 3145 5379 est,
3178 5315 3377 5379 tectum
3392 5320 3454 5379 et
3480 5301 3696 5379 μίξεως.

2205 5370 2471 5433 cooperire
2509 5372 2726 5423 curavit.
2763 5392 2781 5421 ι
2813 5373 2957 5435 Quod
2986 5376 3138 5425 etiam
3179 5376 3229 5426 in
3266 5376 3435 5430 Gallia
3463 5370 3699 5433 actitatum

2209 5450 2593 5507 nonnunquam.
2624 5438 2757 5505 Lege
2786 5439 3083 5507 Gregorium
3122 5441 3320 5497 Turon.
3351 5446 3403 5499 in
3434 5446 3528 5500 lib.
3550 5445 3696 5500 delii-

2205 5505 2342 5584 conf.
2373 5518 2488 5584 cap.
2521 5504 2608 5570 72,
2645 5504 2815 5561 etlib.
2851 5522 2871 5560 ι
2894 5504 2959 5562 de
2997 5507 3082 5563 Gl.
3118 5522 3272 5566 mart.
3295 5553 3312 5578 ,
3358 5527 3480 5584 cap.
3518 5515 3631 5582 tot,
3658 5520 3700 5567 et

2204 5573 2342 5625 alibi.
2374 5572 2584 5626 MARILL.

3240 6246 3271 6273 .I'
