3862 6364
62 475 168 523 717

582 475 767 529 SECT.
812 478 849 529 Ι.
890 504 954 515 --
991 476 1553 531 HAGIOGRAPIIICA.
1600 506 1661 515 —
1706 476 1854 530 V'lTA
1894 476 2193 543 QUINQUE
2236 476 2337 529 SS.
2370 476 2713 532 ABBATUM.

3128 483 3228 536 713

60 587 149 649 jus
187 584 440 637 honorem
470 585 707 647 faciebat,
744 586 992 647 exhibuit,
1025 587 1112 637 ut‘
1148 586 1275 637 intra
1307 588 1456 639 unius
1487 586 1604 636 anni
1639 590 1682 641 Α
1708 596 1905 634 etarum
1953 597 2079 650 quas
2115 584 2177 634 ad
2208 584 2227 612 ⁸
2263 585 2546 635 ornandum
2594 586 2863 637 ecclesiam
2910 588 3043 640 beati
3098 590 3235 642 Petri

64 676 332 728 circulum
364 689 426 728 ex
459 690 558 741 quo
597 676 925 728 fundamenta
956 686 1073 727 sunt
1100 676 1256 739 jacta,
1303 674 1619 724 culminibus

66 764 446 830 superpositis,
494 765 765 815 missarum
819 763 941 815 inibi
981 763 1227 815 solemnia
1259 760 1515 814 celebrari
1546 760 1621 809 vi-

70 851 254 902 deres.
280 852 299 880 ¹
324 848 652 903 Proximante
677 862 846 903 autem
877 852 936 902 ad
968 849 1244 915 perfectum
1277 862 1453 914 op‘ere,
1478 849 1622 899 misit

68 936 363 1000 legatarios
394 936 638 1000 Galliam,
686 940 769 1000 qui
805 939 916 990 vitri
956 937 1196 997 factores,
1230 938 1452 987 artiﬁces
1483 936 1624 987 vide-

74 1022 206 1075 licet
238 1024 515 1077 Britanniis
547 1034 758 1077 eatenus
802 1026 1105 1093 incognitus,
1152 1025 1212 1077 ad
1260 1026 1620 1076 cancellandas

78 1110 337 1165 Ecclesia:
386 1113 775 1179 porticuumque
820 1124 869 1165 et
915 1116 1295 1166 cmnacu'orum
1326 1115 1434 1179 ejus
1474 1114 1617 1163 fene-

78 1209 226 1252 stras
256 1200 593 1253 adducerent.
644 1201 957 1267 Factumque
994 1210 1093 1265 est,
1134 1212 1183 1252 et
1215 1213 1495 1256 venerunt;
1529 1216 1622 1252 nec

77 1289 258 1357 solum
290 1302 417 1355 Opus
445 1289 755 1351 postulatum
795 1290 1200 1351 compleverunt,
1230 1289 1317 1340 sed
1349 1299 1398 1340 et
1428 1288 1618 1355 Anglo-

82 1393 203 1429 rum
234 1393 297 1430 ex
328 1392 391 1429 eo
420 1387 622 1442 gentem
656 1377 946 1443 bujusmodi
977 1380 1245 1431 artilicium
1279 1393 1429 1428 nosse
1457 1392 1515 1425 ac
1539 1378 1621 1427 di-

83 1479 242 1518 scere
275 1448 504 1517 feecrunt
532 1484 540 1514 :
576 1466 846 1517 artificium
879 1468 1117 1518 nimirum
1154 1467 1232 1517 vel
1265 1464 1516 1529 lampadis
1544 1476 1623 1514 ec-

88 1552 274 1604 clesia:
312 1552 549 1604 claustris
590 1553 670 1605 vel
714 1566 951 1604 vasmum
998 1553 1291 1604 multifariis
1318 1552 1491 1603 usibus
1523 1564 1622 1601 non

86 1639 396 1707 ignobiliter
424 1650 619 1703 aptum.
652 1642 750 1693 Sed
799 1652 849 1692 et
894 1650 1078 1693 cuncta
1106 1654 1222 1706 qua:
1259 1639 1321 1691 ad
1367 1640 1545 1691 altaris
1573 1647 1625 1689 et

86 1730 335 1781 ecclesia:
366 1730 701 1782 ministerium
731 1732 1112 1795 competebant,
1138 1730 1157 1760 ³
1181 1746 1297 1782 vasa
1328 1742 1522 1785 sancta,
1548 1729 1624 1781 vel

88 1818 430 1875 vestimenta,
463 1820 577 1882 quia
610 1816 747 1867 domi
780 1818 1008 1869 invenire
1036 1816 1136 1868 non
1162 1818 1349 1883 potuit,
1372 1819 1435 1869 de
1461 1828 1627 1869 trans-

1718 672 1933 733 aposmli
1959 686 2108 735 quam
2140 680 2495 722 construxerat
2521 672 2701 723 detulit
2727 690 2741 735 ;
2768 674 3065 743 imaginem,
3100 679 3241 731 vide-

1720 756 1860 818 licet,
1893 757 2051 807 bcata:
2081 756 2168 809 Dei
2195 760 2461 825 genitricis
2484 774 2791 827 semperque
2814 764 3028 831 virginis
3054 767 3246 831 Μετίλιε,

1718 845 1871 896 simul
1891 844 2232 897 et'duodeeim
2261 848 2632 914 apostolorum,
2657 851 2841 916 quibus
2865 854 3085 905 mediam
3107 856 3247 921 ejus-

1718 934 1835 983 dem
1864 933 2099 985 ecclesia:
2130 935 2461 999 testudinem,
2503 936 2662 988 ducto
2700 952 2725 987 a
2768 941 2960 1004 pariete
2988 942 3048 993 ad
3082 946 3249 1007 parie-

1720 1029 1821 1070 tem
1853 1020 2079 1073 tabnlato
2111 1025 2485 1087 praecingeret;
2527 1027 2776 1091 imagines
2817 1028 3129 1093 evangelica:
3169 1031 3249 1082 hi-

1725 1108 1894 1159 storia:
1923 1109 2105 1172 quibus
2132 1109 2423 1162 Australem
2464 1112 2700 1164 ecclesia:
2742 1114 2993 1177 parietem
3029 1116 3247 1169 decora-

1721 1204 1795 1245 ret
1822 1212 1835 1258 ;
1878 1197 2125 1261 imagines
2156 1196 2406 1247 visionum
2451 1197 2789 1266 Apocalypsis
2835 1201 2969 1254 beati
2996 1200 3208 1256 Joannis
3230 1244 3246 1265 ,

1720 1283 1902 1348 quibus
1928 1286 2387 1347 septentrionalem
2411 1300 2562 1352 reque
2592 1290 2838 1352 parietem
2866 1300 3096 1353 ornaret,
3124 1307 3248 1359 qua-

1723 1380 1870 1421 tenus
1914 1370 2163 1423 intrantes
2208 1373 2477 1424 ecclesiam
2525 1390 2704 1426 omnes
2748 1364 2902 1428 etiam
2953 1378 3242 1432 litterarum

1722 1461 1901 1524 ignari,
1935 1476 2345 1527 quaquaversum
2388 1464 2733 1529 intenderent,
2766 1468 2846 1521 vel
2876 1482 3080 1534 semper
3108 1485 3251 1521 ama—

1724 1547 1875 1599 bilem
1897 1547 2083 1599 ChriSIi
2106 1557 2499 1611 sanctorumque
2523 1551 2654 1614 ejus,
2677 1556 2909 1617 quamvis
2927 1556 2975 1607 in
3005 1558 3246 1623 imagine,

1722 1635 2196 1700 contemplarentur
2215 1646 2477 1701 aspectum
2501 1655 2513 1698 ς
2538 1641 2613 1692 vel
2636 1640 2904 1693 dominica:
2939 1644 3251 1695 inr-aruatin-

1726 1721 1804 1773 nis
1830 1724 2041 1789 gratiam
2060 1724 2379 1788 vigilantiore
2404 1720 2573 1776 mente
2599 1727 2907 1787 recolerent;
2934 1733 3008 1780 vel
3033 1734 3248 1784 extremi

1725 1810 2001 1863 discrimen
2032 1812 2283 1863 examinis
2308 1850 2322 1873 ,
2370 1814 2513 1876 quasi
2554 1826 2727 1865 eoram
2764 1817 2926 1867 oculis
2957 1818 3206 1872 habentes
3228 1858 3246 1882 ,

94 1903 317 1954 marinis
345 1903 640 1969 regionibus
680 1904 951 1957 advectare
995 1904 1263 1972 religiosus
1302 1916 1503 1971 emptor
1532 1920 1624 1957 cu-

1733 1898 2009 1951 districtius
2034 1899 2186 1965 seipsi
2217 1899 2514 1952 examinare
2542 1902 2915 1955 meminissent.

96 1990 247 2044 rabat
258 2028 273 2041 .

176 2076 240 2128 Et
275 2086 326 2127 ut
349 2091 407 2129 ea
435 2091 636 2144 quoque
658 2093 771 2146 qua:
799 2094 895 2133 nec
920 2082 969 2132 in
999 2081 1159 2132 Gallia
1184 2080 1387 2147 quidem
1419 2080 1632 2146 reperiri

99 2165 387 2230 valebant,
438 2166 681 2218 Romanis
727 2183 756 2219 e
799 2168 983 2221 finibus
1026 2170 1267 2222 Ecclesia:
1312 2185 1418 2221 sua:
1462 2171 1631 2235 provi-

102 2267 196 2304 sor
237 2248 457 2320 impiger
482 2254 502 2282 ⁸
534 2266 833 2307 ornamenta
864 2258 940 2309 vel
974 2259 1287 2310 munimenta
1338 2257 1631 2320 conferret;

103 2352 125 2374 η
152 2351 341 2407 qmrta
365 2341 385 2373 ⁵
410 2343 515 2404 illo,
541 2354 649 2407 past
679 2348 1014 2410 compositum
1036 2344 1175 2410 juxta
1200 2347 1426 2412 regulam
1458 2361 1635 2397 mona-

100 2432 345 2495 sterium,
401 2432 714 2496 profer-tione
763 2436 1041 2499 completa,
1076 2436 1437 2501 niultipliciore
1479 2451 1631 2503 quam

108 2521 252 2582 prius
281 2521 620 2585 spiritualium
660 2528 908 2573 meicium
942 2524 1117 2575 fenore
1145 2526 1432 2576 cumulatus
1465 2526 1631 2577 rediit.

104 2606 283 2657 Pritno
311 2608 444 2672 quod
476 2608 900 2661 innumerabilem
956 2610 1199 2661 librorum
1240 2612 1407 2662 omnis
1433 2616 1635 2677 generis

103 2695 314 2760 copiam
355 2698 681 2760 apportavit;
732 2699 958 2750 secundo
985 2699 1121 2765 quod
1155 2700 1483 2765 reliquiarum
1516 2702 1632 2751 beas

106 2793 282 2837 torum
301 2787 646 2851 apostolorum
673 2799 1056 2857 martyrumque
1071 2787 1260 2842 Christi
1284 2790 1631 2843 abundantem

104 2875 330 2938 gratiam
370 2875 542 2927 multis
573 2877 849 2941 Anglorum
877 2878 1112 2930 ecclesiis
1140 2879 1453 2944 profuturam
1481 2880 1637 2931 adre-

104 2962 212 3022 xit;
246 2965 400 3013 tertio
428 2964 562 3029 quod
613 2965 843 3015 ordinem
890 2968 1168 3025 cantandi,
1210 2969 1455 3033 psallendi
1485 2979 1638 3035 atque

105 3049 156 3099 in
194 3050 423 3101 Ecclesia
454 3051 777 3105 ministrandi
800 3053 949 3121 juxta
988 3070 1193 3107 morem.
1215 3057 1458 3107 Romana:
1487 3058 1639 3107 insti-

108 3135 327 3188 tutionis
356 3153 448 3189 suo
477 3142 791 3193 monasterio
827 3143 1172 3207 contradidit,
1204 3146 1463 3209 postulato
1489 3145 1633 3197 vide-

105 3222 232 3274 licet
280 3234 432 3289 atque
469 3238 683 3291 accepto
712 3230 777 3279 ab
816 3230 1085 3295 Agathone
1125 3246 1249 3296 papa
1280 3233 1635 3287 archicantore

105 3312 345 3363 coelesize
395 3314 525 3364 beati
576 3318 792 3381 apestoli
847 3318 979 3369 Petri
1031 3331 1083 3371 et
1126 3320 1312 3377 abbate
1342 3324 1635 3375 monasterii

104 3398 247 3449 beati
282 3398 482 3451 Martini
505 3400 530 3438 δ
559 3402 775 3465 Joanne,
801 3419 949 3471 quem
979 3407 1054 3457 sui
1086 3407 1309 3457 futurum
1341 3409 1636 3473 magistrum

106 3488 415 3539 monasterii
452 3489 745 3542 Britannias
767 3529 781 3553 ,
824 3490 1106 3543 Romanum
1138 3496 1314 3560 Anglis
1343 3496 1633 3547 adduceret.

106 3571 207 3633 Qui
238 3572 328 3624 illo
357 3575 685 3639 perveniens,
716 3593 815 3630 non
846 3580 1011 3629 solum
1034 3580 1145 3632 viva
1172 3596 1296 3634 voce
1326 3598 1438 3649 qua:
1466 3584 1639 3634 Roma:

106 3658 297 3711 didicit
322 3663 670 3716 ecclesiaStica
714 3666 1030 3719 discentibus
1071 3669 1308 3730 tradidit;
1340 3672 1427 3722 sed
1457 3683 1506 3723 et
1538 3688 1636 3722 non

110 3761 274 3813 pauca
303 3749 457 3801 etiam
488 3751 670 3803 litteris
717 3754 956 3805 mandata
997 3748 1222 3820 reliquit,
1252 3770 1363 3821 qua:
1393 3756 1638 3809 hactenus

108 3836 161 3886 in
194 3834 431 3896 ejusdem
476 3841 773 3891 monasterii
814 3841 1123 3892 bibliotheca
1172 3842 1432 3893 memori-.e
1478 3846 1639 3908 gratia

108 3932 412 3975 servantur.
453 3930 720 3989 Quartum,
750 3927 1196 3981 Benedictus'non
1224 3930 1326 3983 vile
1352 3948 1537 3983 nmnus
1565 3945 1643 3985 at-

107 4011 251 4067 tulit.
268 4013 541 4064 ooistolam
570 4015 817 4083 privilegii
842 4032 869 4069 a
898 4019 1176 4071 venerabili
1201 4034 1325 4085 papa
1351 4021 1637 4086 Agathone,

107 4114 231 4150 cum
262 4105 489 4165 necutia,
515 4116 789 4167 consensu,
816 4106 1094 4170 desiderio,
1121 4121 1167 4161 et
1194 4110 1393 4162 hortatu
1418 4111 1637 4178 Ecgfridi

109 4190 247 4249 regis
276 4196 564 4252 acceptam,
585 4203 682 4253 qua
712 4192 1075 4245 monasterium
1098 4193 1243 4260 quod’
1264 4195 1379 4247 fecit
1416 4200 1479 4248 ab
1499 4198 1636 4248 ornui

115 4287 333 4335 prorsus
362 4276 651 4329 extrinseca
683 4278 963 4343 irruptiene
992 4291 1151 4333 tutum
1181 4297 1428 4350 perpetuo
1461 4286 1641 4338 redde-

1800 1987 1955 2052 lgitur
1980 1986 2288 2040 venerabilis
2331 1987 2590 2041 Benedicti
2629 1990 2854 2053 virtute,
2905 1990 3151 2043 industria
3190 2007 3251 2043 ac

1732 2076 2003 2143 religione,
2032 2090 2120 2128 rex
2164 2076 2430 2143 Ecgfridus
2469 2093 2569 2130 non
2619 2080 2885 2130 minimum
2930 2081 3273 2149 delectatus,_

1732 2174 1924 2217 terram
1954 2178 2105 2231 quam
2137 2165 2196 2216 ad
2228 2169 2628 2219 construendum
2660 2169 3028 2220 monasterium
3074 2171 3119 2219 ei
3160 2169 3251 2219 do-

1731 2260 1961 2314 naverat,
1993 2251 2110 2317 quia
2148 2250 2275 2304 bene
2303 2267 2360 2304 se
2395 2267 2453 2304 ac
2484 2254 2744 2305 frncluose
2782 2254 3002 2306 donasse
3029 2268 3249 2321 conspe-

1734 2340 1825 2403 xit,
1852 2352 1871 2377 ο
1891 2340 2225 2407 quadraginta
2243 2341 2407 2391 adhuc
2431 2340 2733 2392 familiarum
2765 2342 2880 2393 data
2906 2342 3248 2407 possessione,

1731 2438 2062 2494 augmentare
2082 2428 2307 2489 curavit;
2335 2429 2415 2478 ubi
2447 2438 2560 2493 post
2584 2443 2771 2478 annum
2797 2429 2965 2479 missis
2989 2429 3252 2479 monachis

1735 2530 1951 2566 numero
1984 2517 2141 2567 ferme
2169 2518 2346 2566 decem
2377 2528 2428 2567 et
2454 2527 2671 2579 septem,
2697 2526 2749 2566 et
2778 2530 3050 2582 prteposuo
3069 2520 3252 2567 abbate

1734 2620 1791 2655 ac
1832 2608 2131 2672 presbytero
2170 2606 2459 2667 Ceolfrido,
2512 2608 2817 2661 Benedictus
2861 2610 3095 2661 consultu
3148 2609 3252 2659 imo

1733 2692 1885 2742 etiun
1933 2692 2079 2758 jussu
2128 2692 2323 2756 praefati
2388 2695 2607 2761 Ecgfridi
2674 2697 2826 2763 regis,
2876 2698 3247 2748 HlOItllalel'iﬂﬂl

1732 2781 1755 2814 σ
1777 2785 1907 2833 beati
1938 2783 2077 2835 l’auli
2103 2785 2319 2849 apostoli
2345 2787 2651 2845 construxit,
2674 2801 2732 2837 ea
2759 2788 3002 2839 duntaxat
3031 2789 3247 2848 ratione,

1735 2882 1785 2921 nt
1820 2888 1914 2923 ma
1949 2875 2215 2941 utriusque
2256 2875 2351 2927 loci
2384 2890 2480 2941 pax
2510 2885 2562 2927 et
2587 2876 2858 2929 concordia
2879 2916 2893 2937 ,
2922 2878 3103 2928 eadem
3131 2892 3249 2941 rer-

1735 2970 1881 3024 pr-tua
1914 2960 2228 3012 fmiiaritas
2254 2972 2648 3013 conservaretur
2690 2972 2741 3015 et
2777 2963 2968 3029 gratia;
3004 2973 3058 3014 ut
3098 2964 3249 3023 sicut,

1735 3049 1878 3100 verbi
1925 3052 2084 3115 gratia
2111 3090 2125 3111 ,
2173 3065 2360 3117 corpus
2405 3067 2434 3102 a
2479 3053 2646 3117 capite
2686 3068 2776 3117 per
2801 3053 2936 3118 quod
2966 3053 3127 3118 spirat
3155 3068 3255 3103 non

1737 3147 1900 3201 potest
1933 3138 2105 3196 avelli,
2144 3148 2298 3203 caput
2324 3140 2555 3203 corporis
2582 3140 2696 3191 sine
2717 3140 2735 3168 "
2765 3155 2865 3206 quo
2892 3156 2992 3191 non
3025 3142 3145 3191 vivit
3171 3156 3256 3192 ne-

1738 3223 1845 3287 quit
1873 3224 2124 3279 oblivisci.
2158 3226 2223 3275 ita
2253 3226 2274 3255 ⁸
2305 3227 2473 3277 nullus
2504 3229 2610 3278 brec
2637 3230 2946 3280 monasteria
2977 3230 3256 3295 primorum

1737 3312 2085 3377 apostolorum
2121 3314 2343 3364 lraterna
2372 3316 2615 3367 societate
2645 3318 2669 3345 θ
2694 3316 2964 3381 conjuncta
2997 3318 3167 3381 aliquo
3197 3326 3260 3366 an

1739 3401 1955 3453 invicem
1989 3410 2209 3452 tentaret
2237 3404 2525 3455 disturbare
2545 3414 2749 3457 conatu.
2781 3405 3063 3457 Ceolfridus
3090 3417 3256 3457 autem

1739 3486 1842 3546 hic,
1874 3502 2024 3552 quem
2054 3487 2287 3538 abbatem
2331 3488 2596 3539 constituit
2638 3490 2962 3551 Benedictus,
3006 3505 3034 3541 a
3080 3491 3258 3555 primis

1741 3576 1955 3627 inStitnti
1987 3578 2280 3628 monasterii
2328 3565 2514 3643 prioris
2550 3579 2777 3629 exordiis
2805 3578 3009 3644 adjutor
3053 3578 3121 3630 illi
3167 3596 3257 3644 per

1742 3664 1912 3715 omnia
1940 3665 2327 3717 strenuissimus
2356 3667 2552 3731 aderat,
2582 3676 2633 3719 et
2658 3682 2772 3718 cum
2794 3682 2855 3719 eo
2878 3678 3105 3732 tempore
3129 3682 3253 3719 eon-

1743 3766 1868 3816 gruo
1888 3750 2114 3801 'ltomam
2145 3751 2375 3803 discendi
2420 3755 2707 3804 necessaria
2752 3754 2903 3805 simul
2930 3763 2981 3805 et
3008 3755 3253 3806 adoramli

1740 3838 1901 3902 gratia
1931 3836 2147 3891 adierat.
2192 3838 2303 3901 Quo
2343 3848 2571 3905 tempore
2598 3841 2749 3890 etiam
2779 3842 3136 3905 presbyterum
3164 3842 3260 3890 lia-

1742 3926 2024 3977 stervinum
2050 3928 2112 3978 de
2134 3928 2444 3980 monasterio
2467 3928 2599 3979 beati
2634 3929 2763 3979 l'etri
2788 3928 2981 3992 eligens
3002 3928 3258 3989 abbatem,

1744 4014 1910 4066 eidem
1957 4016 2268 4066 monasterio
2307 4017 2513 4081 regendi
2560 4017 2674 4081 jure
2720 4016 2982 4081 prad'ecit,
3028 4028 3079 4067 ut
3110 4033 3260 4082 quem

1739 4102 1881 4153 solus
1913 4117 2011 4153 non
2059 4112 2258 4167 poterat
2306 4102 2531 4153 laborem
2555 4140 2569 4161 ,
2602 4103 2740 4153 socia
2770 4102 3089 4155 dilectissimi
3116 4120 3259 4157 com-

1741 4192 1989 4242 tnilitonis
2027 4193 2215 4243 virtute
2262 4193 2424 4244 levius
2468 4196 2639 4244 terret.
2690 4192 2795 4244 Nec
2842 4194 2905 4243 ab
2950 4208 3004 4245 re
3032 4194 3267 4246 videatur

1744 4280 1980 4345 cuiquam
2007 4282 2136 4335 duos
2162 4296 2318 4332 unum
2346 4281 2710 4333 monasterium
2734 4284 2883 4334 simul
2912 4282 3148 4335 habuisse
3176 4288 3266 4335 ab-

113 4367 259 4411 retur
286 4374 347 4414 ac
376 4362 610 4415 liberum.
652 4364 914 4429 Quintum,
961 4368 1182 4434 picturas
1209 4371 1483 4437 imaginum
1522 4388 1639 4424 san-
1668 4362 1717 4417 ί)
1745 4376 1901 4426 bates.
1941 4373 2079 4425 Fecit
2116 4377 2212 4425 hoc
2241 4376 2480 4440 frequens
2510 4375 2644 4426 illius
2674 4387 2764 4438 pro
2794 4373 3091 4425 monasterii
3126 4373 3262 4426 utili-

183 4550 197 4575 ¹
234 4544 389 4595 Inter.

181 4617 201 4644 ’
232 4610 555 4679 Ρνοιτίηιαῃιε
581 4615 664 4664 ad.
710 4672 713 4679 λ

182 4683 203 4711 ⁸
245 4678 373 4727 Vasa
403 4678 603 4741 scilicet,
632 4678 721 4731 vel.

182 4748 203 4776 ⁸
237 4747 536 4864 ﬁnitimum:
568 4759 616 4796 ut
648 4752 969 4801 munimenta.

183 4816 205 4843 ⁵
287 4816 356 4863 la.

183 4816 205 4843 ⁵
237 4816 356 4863 Illa.

1049 4457 1498 4517 VULGATORUM
1544 4465 1926 4518 VARIANTES
1966 4465 2241 4519 LECTION
2254 4466 2357 4518 ES.

1816 4555 1834 4584 ⁸
1864 4556 2166 4606 (intendam.

1814 4624 1831 4651 ⁷
1864 4623 1972 4685 Qua
2001 4639 2106 4673 nec.

1813 4691 1833 4717 ⁸
1862 4689 2046 4739 Nullus
2073 4692 2384 4744 monasteria.

1814 4764 1833 4789 ν
1860 4756 2139 4808 Convincla.

1377 4890 1723 4946 VARIORUM
1764 4890 1981 4944 ΝΟΤᾹΞ.

179 4977 208 5003 ι
241 4967 619 5038 Quarta._Flor.
652 4970 787 5038 Wig.
825 4974 1005 5035 scribit
1052 4973 1380 5029 Benedictum
1415 4992 1501 5030 an.
1538 4978 1637 5030 676

112 5040 250 5109 hanc
279 5036 758 5109 peregrinationem
781 5054 1111 5105 aggressum;
1162 5046 1251 5096 sed
1293 5048 1534 5109 quoniam
1565 5046 1639 5098 le-

110 5106 282 5180 gimus
309 5117 426 5154 eum
457 5104 737 5180 honorifice
764 5104 1058 5180 susceptum
1087 5110 1161 5180 ab,
1183 5104 1447 5178 Agathone
1476 5128 1631 5180 papa,

113 5173 205 5235 qui
234 5185 334 5223 non
364 5180 482 5221 ante
512 5186 597 5223 an.
627 5173 727 5224 678
756 5175 817 5224 ad
857 5173 989 5229 beati
1032 5177 1165 5229 Petri
1192 5173 1490 5231 cathedram
1519 5173 1637 5231 eve;

114 5248 355 5313 ctusest,
387 5238 468 5313 hie
493 5253 659 5313 annos
684 5242 850 5313 potius
881 5246 1001 5313 mihi
1034 5246 1235 5298 videtur
1255 5248 1535 5313 eligendus.
1561 5248 1636 5301 De

116 5308 216 5357 hoc
242 5307 423 5358 itinere
456 5306 604 5358 latius
631 5306 786 5370 Beda,
820 5325 890 5368 iv,
922 5312 1006 5363 vi.
1036 5313 1221 5366 Suum.

185 5370 212 5408 δ
237 5371 448 5449 Joanne.
479 5372 550 5449 De
586 5374 700 5449 ipso
741 5377 937 5449 Joanne
964 5393 1025 5449 ac
1056 5384 1322 5449 privilegio
1351 5383 1633 5448 Agathonis

118 5453 259 5505 papa:
289 5440 441 5492 latius
468 5443 572 5505 agit
600 5444 730 5495 Beda
764 5459 833 5506 Iv,
865 5447 947 5499 58.
978 5440 1161 5500 Suiru.

191 5519 210 5584 ξ
243 5506 605 5584 Quadraginta.
639 5512 801 5584 titiam
827 5516 1160 5584 quadraginta
1192 5517 1313 5584 legit
1340 5517 1632 5569 Florentius

123 5572 529 5647 Wigorniensis;
558 5581 691 5631 unde
717 5572 1051 5647 corrigendos
1083 5572 1347 5635 Matthéus
1377 5584 1634 5637 Westmo-

122 5642 463 5719 {rasteriensis
481 5650 759 5719 monachus
791 5642 1176 5719 rqu'isexaginta
1206 5652 1423 5717 familias
1456 5654 1627 5705 habet.

126 5707 280 5764 Porro
305 5710 514 5764 familiae
540 5716 746 5769 nomine
789 5707 1392 5784 intelligit“Beda'lndam
1432 5736 1522 5773 seu
1551 5736 1634 5773 ca-

1743 4988 2007 5039 rucatam;
2047 4985 2094 5028 et
2140 4976 2289 5041 prisci
2322 4976 2553 5027 homines
2597 4964 2887 5027 carucataiit
2934 4974 3257 5029 :estimabant

1742 5056 1891 5097 terra:
1918 5046 2203 5110 portionem
2235 5044 2385 5095 unius
2419 5045 2577 5095 aratri
2617 5044 2827 5097 culturae
2863 5043 3090 5107 quolibet
3116 5059 3252 5097 anno

1738 5112 2101 5173 sufﬁcientem,
2132 5112 2269 5177 quod
2305 5111 2531 5163 Warmus
2558 5115 2837 5162 annutavit.
2864 5110 3078 5177 Manlia"
3164 5143 3184 5160 ς

1805 5180 1830 5217 ἀ
1855 5179 1997 5231 Beati
2027 5176 2194 5231 Pauli.
2235 5180 2591 5231 Mouasterium
2625 5181 2719 5228 hoc
2750 5193 2833 5228 an.
2866 5176 2965 5229 682
2990 5179 3250 5233 inchoavit

1738 5249 2062 5311 Benedictus,
2090 5248 2378 5300 Ceolfridus
2408 5245 2621 5313 perfecit
2648 5260 2729 5296 an.
2761 5244 2895 5307 681;
2923 5247 2969 5296 id
3010 5247 3143 5311 quod
3172 5255 3252 5298 te-

1736 5326 1899 5368 smtur
1942 5326 2086 5369 vetus
2116 5316 2380 5382 inscriptio
2419 5314 2596 5382 parieti
2626 5315 2858 5379 ecclesia:
2886 5315 3137 5379 quondam
3170 5315 3250 5365 in-

1735 5385 1931 5446 sculpta
1971 5386 2105 5436 hunc
2153 5388 2201 5435 in
2249 5380 2487 5434 modum:
2542 5380 2796 5432 Dedicau'o
2835 5382 3049 5432 ecclesia:
3090 5384 3253 5433 sancti

1741 5452 1889 5502 I’au/t'
1924 5467 2005 5503 VIII
2039 5452 2253 5503 Kalend.
2290 5450 2431 5510 Maii,
2460 5466 2546 5502 an.
2580 5450 2641 5517 1ξὲ
2675 5449 2897 5517 Ecgfridi
2934 5450 3078 5514 regis,
3107 5447 3253 5500 Ceol-

1738 5521 1855 5586 fridi
1878 5521 2081 5585 abbatis,
2111 5520 2326 5589 ejusdem
2353 5520 2568 5569 ecclesia:
2606 5516 2707 5589 Deo
2745 5516 2939 5589 auctore
2964 5517 3253 5589 conditoris,

1736 5584 1867 5639 anno
1896 5591 1947 5639 4.
1978 5589 2062 5642 Sic
2099 5584 2230 5653 apud
2260 5586 2514 5638 Waraeum
2558 5597 2610 5638 et
2648 5586 2982 5637 Monasticum
3012 5584 3252 5651 Anglica-

1740 5672 1879 5719 num,
1913 5672 2026 5709 nam
2057 5655 2286 5709 Bolland.
2316 5670 2446 5705 anno
2478 5655 2541 5708 16
2573 5654 2743 5707 habet.
2775 5654 2995 5704 MALILL.
