3862 6326
125 468 220 520 7‘2!

645 465 835 521 SECT.
878 468 918 521 Ι.
961 496 1025 506 —
1064 460 1624 520 IIACIOGRAI‘HICA.
1668 487 1732 497 —
1777 457 1923 510 \'l'l'.\
1955 456 2251 522 QUINQUE
2290 456 2381 510 SS.
2425 452 2761 509 ABBATUM.

3184 448 3285 501 722

127 574 371 627 Aldfrido
414 588 535 641 rege
574 572 790 640 ejusque
827 550 1157 635 consiliariis,
1190 582 1409 634 namque
1460 564 1657 633 Ecgfri-
1689 571 1731 623 Α
1761 572 1963 629 putaret
1988 548 2105 616 esse
2132 563 2484 631 quaerendam.
2522 582 2539 613 ι
2575 564 2637 617 Et
2666 577 2803 627 vere,
2831 562 2881 613 itt
2903 562 3015 629 luit,
3045 561 3157 613 dico
3192 576 3285 611 vo-

124 665 255 713 tlttln
288 667 303 690 ⁸
334 670 598 728 postquam
630 662 779 713 rediit
803 660 907 725 jam
934 657 1261 711 interfectum
1310 656 1518 720 reperit,
1554 663 1655 704 ter-

127 764 239 799 ratu
288 750 439 801 trium
486 747 791 801 familiarum
832 748 895 801 ad
939 748 1181 800 Austrum
1226 744 1355 797 Wiri
1408 744 1655 804 numinis,

124 837 278 903 juxta
307 839 495 891 ostium
523 839 860 905 comparavit.

203 924 399 979 Verum
429 926 562 979 inter
593 927 708 978 lazta
731 941 845 992 qua:
874 925 1084 978 veniens
1112 923 1301 985 attulit,
1328 921 1487 974 trstia
1518 920 1656 972 domi

130 1015 389 1081 reperit:
435 1016 774 1069 venerabilem
834 1014 1072 1067 videlicet
1138 1013 1498 1079 presbyterum
1557 1010 1657 1061 Ea-

128 1102 421 1153 5tervinttm
467 1117 617 1169 quem
660 1104 891 1155 abiturus
929 1102 1167 1154 abbatem
1196 1099 1557 1161 constituerat,
1585 1099 1657 1149 si-

131 1190 239 1239 tnul
270 1198 326 1240 et
354 1188 563 1241 fratrum
597 1189 642 1242 ei
676 1190 1069 1241 commissorum
1099 1198 1362 1240 catervam
1406 1200 1505 1237 non
1539 1201 1660 1251 pau-

130 1291 271 1339 catn,
308 1291 398 1342 per
425 1287 605 1329 cuncta
635 1285 898 1343 grassante
939 1276 1246 1341 pestilentia,
1272 1275 1377 1340 jatn
1408 1274 1661 1339 migrasse

130 1363 200 1415 de
224 1364 437 1417 sarculo.
468 1365 568 1420 Sed
608 1366 788 1419 aderat
818 1374 871 1418 et
897 1366 1150 1427 solamen,
1182 1365 1297 1430 quia
1333 1365 1383 1415 in
1415 1365 1529 1416 loco
1562 1364 1660 1415 Ea-

132 1452 356 1505 stervini
386 1452 548 1505 virum
575 1467 720 1521 asque
740 1453 1213 1507 reverentissimum
1240 1464 1303 1503 ac
1331 1451 1657 1503 mitissimum

132 1539 203 1592 de
253 1542 573 1595 monasterio
620 1542 824 1605 eodem,
854 1541 1135 1609 Sigfridum
1182 1536 1438 1601 videlicet,
1489 1538 1661 1591 diaco-

136 1644 288 1693 num,
320 1631 570 1683 electione
612 1632 826 1683 fratrum
873 1645 1083 1683 suorum
1123 1630 1273 1683 simul
1316 1637 1368 1682 et
1395 1628 1663 1681 coabbatis

134 1718 253 1784 ejus
299 1717 578 1782 Ceolfridi,
635 1734 751 1770 mox
792 1719 1130 1793 substitutum
1172 1720 1443 1786 cognovit;
1494 1718 1663 1769 virum

132 1804 357 1857 scientia
374 1805 575 1872 quidem
593 1804 969 1871 Scripturarutn
992 1806 1307 1859 suflicienter
1328 1806 1659 1872 instructum,

136 1895 375 1949 moribus
402 1897 608 1965 optimis
634 1906 893 1959 ornatum,
928 1896 1056 1949 mira
1088 1896 1416 1949 abstinentiae
1473 1895 1663 1947 virtute

136 1984 435 2051 przeditum,
462 1986 551 2039 sed
599 1986 661 2038 ad
708 1988 995 2039 custodiam
1041 1986 1285 2039 virtutum
1334 1986 1514 2050 animi,
1546 1999 1663 2038 cor-

138 2073 288 2139 poris
318 2073 609 2126 ittlirmitate
646 2090 746 2127 non
776 2076 984 2127 minime
1006 2080 1023 2108 ²
1052 2075 1380 2139 depressum,
1425 2074 1489 2126 ad
1538 2087 1665 2127 con-

138 2160 451 2212 servandam
480 2161 650 2213 cordis
692 2162 1035 2214 innocentiam
1071 2164 1259 2215 nocivo
1288 2174 1335 2214 et
1367 2160 1666 2214 irremedia-

136 2249 227 2300 bili
263 2250 561 2313 pulmonum
588 2250 708 2301 vitio
736 2249 1073 2301 laborantem.

208 2336 320 2389 Nec
349 2340 510 2388 multo
538 2346 653 2403 post
679 2339 833 2389 etiam
873 2336 1181 2390 Benedictus
1210 2337 1320 2404 ipse
1350 2340 1533 2391 morbo
1560 2352 1669 2391 ca:-

136 2426 217 2491 ‘pit
272 2427 541 2491 ingruente
588 2425 803 2493 fatigari.
863 2424 930 2479 Ut
970 2426 1107 2477 enim
1168 2435 1359 2479 tantam
1406 2426 1668 2492 religionis

144 2512 448 2563 instantiam
474 2514 627 2564 etiam
657 2512 917 2578 patientia:
946 2513 1107 2565 virtus
1132 2512 1372 2578 adjuncta
1405 2513 1667 2579 probaret,

144 2601 320 2651 divina
350 2610 619 2665 utrumque
665 2600 828 2666 pietas
874 2601 1141 2667 temporali
1196 2600 1499 2667 aegritudine
1545 2614 1669 2667 pro-

144 2685 331 2739 stravit
377 2686 425 2737 in
472 2687 679 2749 lectum,
712 2694 767 2737 ut
802 2696 916 2752 post
958 2686 1317 2753 aegritudinem
1366 2694 1533 2739 morte
1581 2688 1672 2740 de-

145 2774 339 2825 victam
370 2781 615 2839 perpetua
656 2787 893 2839 superna:
937 2774 1077 2841 pacis
1103 2785 1152 2828 et
1180 2775 1309 2827 lucis
1337 2775 1510 2840 quiete
1536 2775 1671 2826 refo-

145 2872 311 2916 veret.
344 2861 473 2914 Nam
501 2871 553 2916 et
590 2861 863 2929 Sigfridus,
905 2870 959 2915 ut
987 2861 1227 2925 diximus,
1272 2862 1423 2931 longa
1463 2863 1671 2914 interio-

148 2967 263 3007 rum
290 2952 527 3005 molestia
555 2953 834 3020 castigatus
861 2953 994 3005 dietn
1042 2953 1273 3018 pervenit
1318 2952 1383 3003 ad
1415 2950 1669 3004 ultimum.

150 3040 216 3093 Et
282 3039 587 3092 Benedictus
642 3054 734 3106 per
782 3039 1056 3091 triennium
1118 3040 1366 3105 languore
1429 3040 1671 3105 paulatim

150 3139 483 3184 accrescente
510 3138 647 3181 tanta
677 3129 897 3197 paralysi
926 3129 1206 3182 dissolutus
1235 3117 1332 3193 est,
1361 3138 1417 3181 ut
1446 3130 1510 3182 ab
1532 3130 1671 3183 omni

1762 654 1859 715 bis,
1889 653 2006 721 quia
2037 657 2085 706 in
2128 656 2512 719 comparatione
2538 654 2758 705 duorum
2791 652 3063 714 malorum,
3096 652 3280 702 tolera-

1762 743 1915 796 bilius
1946 744 2070 794 mihi
2117 744 2276 795 multo
2304 753 2380 795 est
2413 752 2573 794 totum
2603 743 2736 793 hunc
2766 742 2934 794 locum
2970 740 3019 792 in
3048 756 3150 807 quo
3175 753 3285 789 mo-

1761 835 2035 887 nasterium
2066 832 2183 895 feci,
2215 832 2257 885 si
2296 832 2370 885 sic
2392 830 2700 899 jutlicaverit
2727 830 2746 860 ⁸
2780 830 2915 883 Deus
2946 829 2995 880 in
3044 827 3281 881 solitudi-

1762 936 1877 974 netn
1908 925 2275 987 sempiternam
2322 922 2506 989 redigi,
2538 935 2692 989 quant
2726 929 2779 971 ut
2808 919 2964 971 frater
3004 932 3146 970 meus
3176 932 3291 969 car-

1761 1009 1913 1073 nalis,
1942 1024 2093 1075 qncm
2125 1010 2361 1063 novimus
2386 1010 2525 1061 viam
2558 1008 2787 1062 veritatis
2817 1023 2915 1059 non
2944 1006 3166 1074 ingredi,
3192 1006 3211 1034 ⁸
3237 1007 3288 1057 in

1759 1110 1822 1150 eo
1850 1100 2072 1165 regendo
2102 1108 2215 1165 post
2246 1113 2327 1152 me
2367 1099 2567 1151 abbatis
2610 1099 2817 1151 nomine
2842 1098 3105 1151 succedat.
3139 1096 3283 1148 lden-

1760 1201 1859 1255 que
1883 1188 2095 1239 multum
2126 1196 2380 1249 cavetote,
2412 1187 2611 1250 fratres,
2638 1200 2864 1253 semper,
2898 1201 2961 1239 ne
2998 1184 3285 1238 secundum

1760 1291 1921 1344 genus
1972 1291 2216 1345 unquam,
2268 1291 2332 1329 ne
2385 1275 2577 1329 deforis
2626 1276 2851 1339 aliunde,
2895 1274 3042 1327 Vobis
3092 1282 3287 1340 patrem

1761 1366 2023 1433 quaeratis.
2068 1364 2169 1418 Sed
2211 1366 2357 1432 juxta
2406 1364 2541 1431 quod
2590 1365 2763 1429 regula
2805 1363 2977 1431 magni
3026 1362 3284 1428 quondam

1761 1455 1959 1507 abbatis
1977 1462 2000 1488 ³
2022 1455 2304 1519 Benedicti,
2323 1454 2468 1522 juxta
2486 1454 2619 1521 quod
2642 1454 2660 1483 ⁷
2674 1453 2925 1521 privilegii
2946 1454 3105 1506 nostri
3126 1456 3291 1505 conti-

1763 1555 1887 1599 nent
1937 1546 2181 1609 decreta,
2230 1547 2281 1600 in
2329 1559 2586 1599 conventu
2644 1557 2829 1598 vestra:
2873 1543 3289 1610 congregationis

1764 1636 2026 1689 communi
2049 1635 2267 1688 consilio
2289 1634 2618 1701 perquiratis,
2636 1634 2719 1699 qui
2745 1632 3027 1685 secundum
3051 1631 3167 1682 vita:
3188 1644 3294 1682 me-

1765 1727 1921 1779 ritum
1950 1734 2002 1779 et
2029 1726 2292 1791 sapientiae
2316 1722 2803 1788 doctrinatn‘aptinr
2832 1720 2894 1773 ad
2925 1720 3025 1773 tale
3049 1720 3288 1773 ministe-

1764 1816 1897 1868 rium
1924 1813 2290 1883 perlicieudum
2319 1810 2617 1879 digniurque
2641 1812 2904 1877 probetur,
2935 1818 2987 1860 et
3007 1822 3292 1874 quemcun-

1762 1917 1863 1968 que
1898 1916 2078 1955 omnes
2122 1901 2349 1953 unanimi
2376 1900 2646 1953 cltaritatis
2689 1897 3017 1965 inquisitione
3041 1895 3291 1963 optimum

1765 1999 2139 2056 cognoscentes
2164 1988 2421 2056 clegeritis
2444 2027 2460 2051 ,
2510 1990 2644 2040 hunc
2676 1988 2819 2039 vobis
2846 1986 3009 2037 accito
3054 1986 3296 2051 episcopo

1767 2078 1957 2144 rogetis
2019 2076 2258 2131 abbatem
2316 2086 2560 2129 consueta
2624 2074 2985 2127 benedictione
3032 2076 3051 2104 ⁸
3082 2074 3294 2127 firmari.

1771 2164 1896 2216 Nam
1939 2164 2025 2231 qui
2062 2162 2493 2232 carnali,inquit,
2537 2162 2717 2215 ordine
2763 2163 3001 2215 earnales
3043 2161 3177 2214 filios
3204 2176 3296 2229 ge-

1770 2263 1974 2316 nerant,
2004 2253 2199 2307 carnali
2228 2268 2443 2308 necesse
2479 2262 2562 2307 est
2600 2268 2661 2307 ac
2692 2263 2911 2307 terrena:
2942 2267 3049 2306 sua:
3080 2253 3298 2306 ltaeretlio

1770 2344 1857 2395 tati
1887 2344 2126 2397 carnales
2174 2352 2508 2411 terrettosque
2548 2353 2781 2409 quaerant
2810 2344 3077 2406 lueredes;
3124 2352 3176 2394 at
3212 2343 3298 2409 qui

1768 2431 2063 2497 spirituales
2093 2430 2201 2484 Deo
2245 2430 2379 2484 filios
2405 2432 2424 2463 ’
2468 2430 2717 2496 spirituali
2761 2432 2960 2483 semine
2991 2431 3131 2483 verbi
3178 2445 3295 2497 pro-

1770 2524 1973 2580 creant,
2014 2516 2297 2581 spiritualia
2342 2525 2545 2583 oportet
2597 2518 2703 2570 siut
2745 2530 2929 2570 cuncta
2975 2534 3088 2584 qua!
3118 2531 3293 2588 agunt.

1769 2604 1908 2657 Inter
1949 2604 2240 2670 spirituales
2274 2618 2399 2656 suos
2428 2604 2617 2657 liberos
2644 2620 2762 2657 eum
2791 2605 3037 2672 majorem
3066 2607 3152 2673 qui
3187 2622 3301 2659 am-

1771 2690 1917 2758 pliori
1952 2691 2165 2757 spiritus
2195 2692 2358 2758 gratia
2385 2691 2450 2744 sit
2477 2691 2719 2758 prmditus
2742 2694 3019 2756 a'stiment,
3042 2695 3299 2762 quomodo

1773 2779 1962 2832 terreni
2000 2787 2241 2846 parentes
2268 2791 2421 2846 quem
2456 2779 2675 2845 primum
2707 2789 2855 2847 partu
2897 2780 3142 2841 fuderint,
3181 2795 3300 2834 eum

1773 2867 2079 2935 principium
2128 2867 2405 2921 liberorum
2449 2883 2660 2921 suorum
2701 2883 3035 2938 cognoscere,
3065 2881 3117 2923 et
3146 2880 3302 2925 caete-

1771 2954 1841 3006 ris
1870 2953 1919 3005 in
1952 2954 2214 3020 partienda
2251 2968 2343 3008 sua
2385 2954 2684 3009 haereditate
2708 2957 3081 3024 prafereudum
3116 2956 3305 3010 ducere

1770 3042 1958 3094 solent.
1982 3058 2003 3091 s

1844 3130 2020 3199 Neque
2068 3131 2165 3184 ltoc
2213 3131 2552 3193 reticendum,
2596 3131 2732 3199 quod
2783 3132 3093 3185 venerabilis
3140 3106 3304 3185 abbas

153 3231 369 3286 prorsus
434 3192 731 3270 inferiorum
783 3192 1128 3269 membrorum
1187 3217 1351 3270 factus
1400 3218 1468 3270 sit
1530 3225 1675 3284 parte
1703 3192 1751 3258 ο
1781 3192 2090 3274 Benedictus
2120 3220 2183 3272 ad
2212 3192 2776 3287 temperandum-saepe
2820 3220 2983 3286 longas
3016 3221 3182 3272 noctis
3212 3229 3302 3273 ta:-

154 3314 517 3372 praemortuus,
549 3303 898 3370 superioribus
927 3304 1092 3355 solum
1138 3318 1250 3356 sme
1296 3319 1517 3372 quorum
1573 3306 1676 3359 vita

152 3392 330 3443 vivere
377 3393 552 3457 nequit
596 3391 773 3453 homo,
815 3391 878 3441 ad
925 3389 1154 3443 oilieium
1198 3392 1458 3456 patientia:
1508 3392 1675 3445 virtu-

154 3492 363 3547 temque
390 3482 698 3542 reservatis;
750 3478 987 3533 studebat
1034 3480 1084 3533 in
1128 3479 1311 3533 dolore
1349 3494 1554 3547 semper
1575 3481 1678 3535 Au-

154 3568 283 3621 ctori
310 3566 500 3634 gratias
523 3566 734 3628 referre,
764 3580 970 3631 semper
994 3565 1082 3618 Dei
1112 3565 1348 3617 laudibus
1372 3564 1679 3620 fraternisve

157 3654 449 3707 hortatibus
501 3668 705 3706 vacare.
753 3654 949 3719 Agebat
990 3652 1300 3706 Benedictus
1346 3653 1680 3709 advenientes

156 3742 347 3806 sapius
372 3740 436 3791 ad
480 3754 538 3793 se
578 3739 765 3794 fratres
789 3740 855 3793 de
885 3740 1226 3793 custodienda
1256 3756 1408 3808 quam
1436 3751 1681 3796 statuerat

158 3828 333 3893 regula
379 3826 624 3879 firmare:
660 3844 678 3878 t
707 3828 882 3896 Neque
919 3828 1058 3881 enim
1106 3836 1286 3894 putare
1329 3828 1552 3894 habetis,
1598 3831 1681 3883 in-

158 3918 289 3985 quit,
318 3917 545 3983 quodex
593 3930 711 3969 meo
760 3916 871 3971 hac
916 3931 1032 3984 quae
1076 3917 1220 3970 vobis
1272 3919 1427 3970 statui
1474 3919 1683 3972 decreta

163 4006 403 4058 indoctus
448 4003 604 4057 corde
654 4004 975 4070 protulerim.
1041 4004 1113 4057 Ex
1150 4004 1331 4058 decem
1394 4006 1584 4073 quippe
1630 4015 1684 4059 et

160 4101 359 4158 septem
404 4090 727 4143 monasteriis
756 4105 867 4155 qute
912 4089 1048 4142 inter
1089 4091 1271 4158 longos
1316 4104 1445 4143 mea:
1486 4093 1681 4145 crebrae

166 4176 594 4244 peregrinationis
620 4176 885 4229 discursus
910 4176 1101 4241 Optima
1145 4178 1393 4243 comperi,
1422 4180 1530 4231 lucc
1559 4180 1679 4231 uui-

167 4277 315 4317 vcrsa
343 4262 518 4327 didici,
551 4272 601 4314 et
624 4264 769 4315 vobis
811 4263 1086 4315 salubriter
1120 4264 1437 4317 observanda
1475 4276 1677 4319 contra-

165 4353 291 4405 didi.
326 4368 345 4402 ι
376 4351 749 4404 Bibliothecam
792 4364 944 4417 quam
984 4350 1048 4402 de
1096 4351 1256 4403 lioma
1308 4352 1681 4405 nobilissimam

164 4438 672 4505 copiosissimamque
709 4437 1007 4499 advexerat,
1042 4436 1107 4488 ad
1140 4438 1537 4491 instructionem
1587 4441 1683 4493 Ec-

1776 3309 1938 3373 dium,
1967 3324 2119 3376 quam
2150 3324 2255 3376 prae
2300 3309 2617 3363 infirmitatis
2660 3324 2817 3363 onere
2843 3308 3068 3364 ducebat
3110 3309 3304 3363 insom-

1776 3414 1917 3461 nem,
1947 3399 2198 3451 advocato
2242 3399 2456 3463 lectore,
2483 3399 2565 3453 vel
2604 3400 2869 3467 exemplar
2898 3400 3157 3466 patientia:
3183 3398 3304 3461 Job,

1778 3488 1858 3540 vel
1888 3486 2023 3539 aliud
2052 3486 2174 3554 quid
2220 3486 2603 3554 Scripturarum
2630 3502 2732 3555 quo
2754 3488 3116 3541 consolaretur
3139 3502 3305 3554 aegro-

1781 3589 1883 3642 tus,
1913 3593 2017 3647 quo
2056 3579 2333 3646 depressus
2370 3577 2421 3631 in
2466 3576 2656 3629 inlimis
2700 3575 2927 3627 vivacius
2974 3574 3038 3625 ad
3082 3588 3305 3640 superna

1778 3668 2085 3734 erigeretnr,
2116 3681 2290 3720 coram
2321 3678 2377 3719 se
2404 3664 2607 3717 recitari
2630 3662 2860 3730 jubebat.
2888 3661 2950 3715 Et
2977 3661 3094 3728 quia
3137 3660 3301 3713 nulla-

1780 3762 1930 3807 tenus
1962 3755 2027 3807 ad
2049 3756 2297 3807 orandum
2326 3767 2558 3821 surgere,
2589 3767 2688 3804 non
2718 3751 2869 3805 facile
2895 3752 2958 3803 ad
2989 3750 3320 3817 explendum.

1778 3842 1947 3894 solita:
1990 3841 2285 3907 psalmodiaa
2311 3854 2518 3893 cursum
2564 3839 2793 3905 linguam
2820 3851 3064 3891 vocemve
3094 3844 3299 3905 poterat

1780 3928 1973 3993 levare,
1998 3927 2176 3982 didicit
2201 3930 2277 3981 vir
2305 3928 2551 3994 prudens,
2581 3927 2766 3980 affectu
2808 3925 3070 3993 religionis
3099 3925 3305 3979 dictano

1782 4026 1854 4079 te,
1904 4032 1995 4085 per
2039 4018 2268 4086 singulas
2334 4017 2536 4071 diurna:
2579 4020 2688 4071 sive
2742 4026 3005 4070 nocturna:
3051 4016 3305 4071 orationis

1782 4103 1936 4158 horas
1964 4105 2163 4171 aliquos
2191 4106 2253 4157 ad
2284 4120 2341 4158 se
2381 4103 2595 4157 fratrum
2626 4119 2829 4167 vocare,
2859 4104 3043 4171 quibus
3072 4106 3298 4172 psalmos

1779 4202 2057 4245 consuetos
2103 4193 2304 4245 duobus
2351 4192 2402 4245 in
2447 4192 2621 4245 eboris
2668 4190 3049 4252 resonantibus,
3092 4200 3143 4243 et
3192 4192 3301 4257 ipse

1780 4293 1896 4331 cum
1925 4278 2001 4330 eis
2031 4287 2282 4342 quatenus
2308 4288 2509 4345 poterat
2532 4278 2817 4345 psallendo,
2850 4279 2984 4346 quod
3016 4294 3107 4345 per
3131 4292 3189 4333 se
3223 4288 3307 4328 so-

1782 4367 1883 4419 lum
1909 4368 2227 4434 nequiverat,
2256 4382 2436 4421 eorum
2463 4367 2725 4434 juvamine
2751 4370 3035 4433 suppleret.

1851 4457 1911 4507 At
1946 4455 2029 4507 ubi
2064 4466 2276 4524 uterque
2322 4456 2481 4508 abbas
2506 4454 2727 4507 lassatus
2757 4454 3056 4508 infirmitate
3085 4454 3302 4519 diutina,

166 4527 339 4582 clesia:
384 4527 748 4588 necessariam,
787 4526 1003 4578 sollicite
1044 4526 1239 4579 servari
1270 4526 1543 4594 integram,
1591 4545 1670 4582 net

1780 4543 1885 4607 jam
1914 4557 1971 4596 se
1998 4544 2151 4596 morti
2180 4544 2426 4607 vicinum,
2458 4557 2554 4596 nec
2590 4545 2815 4611 regendo
2842 4546 3161 4597 monasterio
3200 4543 3311 4596 ido-

169 4630 256 4682 per
282 4615 527 4667 incuriam
559 4613 760 4675 fmdari,
786 4613 807 4644 ³
831 4623 917 4666 aut
938 4617 1127 4681 passim
1155 4615 1396 4680 dissipari
1422 4620 1684 4685 precepit.

168 4704 267 4758 Sed
298 4716 351 4757 et
378 4704 475 4757 boc
501 4704 712 4757 sedulus
734 4704 754 4732 ⁸
783 4703 975 4756 eisdem
1022 4704 1222 4757 solebat
1260 4706 1451 4758 iterare
1478 4708 1690 4758 manda-

173 4801 300 4854 tum,
347 4807 412 4845 ne
435 4791 549 4860 quis
594 4790 645 4843 itt
695 4790 949 4844 electione
991 4792 1211 4855 abbatis,
1256 4794 1463 4857 generis
1512 4808 1689 4859 prosa-

174 4881 326 4949 piam,
355 4891 408 4936 et
434 4897 536 4935 non
574 4881 735 4949 magis
761 4878 966 4933 vivendi
1016 4879 1336 4947 docendique
1383 4882 1687 4947 probitatem

1791 4647 1943 4685 neum
1972 4631 2085 4685 fore
2113 4631 2399 4700 conspexit,
2426 4639 2565 4685 tanta
2597 4646 2816 4699 namque
2844 4646 2936 4685 eos
2962 4628 3131 4683 affecit
3160 4629 3305 4682 infir-

1787 4720 1939 4771 mitas
1966 4720 2140 4773 carnis
2186 4728 2241 4772 ut
2272 4718 2603 4786 perficeretur
2629 4720 2679 4771 in
2713 4720 2788 4773 eis
2816 4719 2977 4770 virtus
3004 4715 3217 4778 Christi,
3248 4725 3307 4768 ut

1786 4822 1902 4860 cum
1925 4810 2145 4875 quadam
2160 4808 2245 4862 die
2274 4807 2684 4862 desiderantibus
2697 4810 2773 4861 eis
2797 4798 2856 4860 se
2885 4805 3105 4859 invicem
3132 4805 3303 4871 prius-

1786 4912 1938 4963 quatn
1979 4898 2044 4949 de
2084 4898 2181 4950 hoc
2218 4897 2407 4950 steculo
2450 4896 2732 4962 migrarent
2773 4895 2948 4951 videre
2993 4904 3045 4948 et
3095 4891 3312 4959 alloqui,

1064 4990 1519 5049 VULGATORUM
1556 4997 1931 5063 VABIANTES
1969 5009 2350 5063 LECTIDNES.

238 5111 253 5139 '
295 5107 611 5173 Priusquam.

236 5179 256 5207 ⁸
298 5177 611 5244 Depressum,
639 5173 722 5225 sed
748 5174 831 5225 ad.

241 5244 259 5273 ³
299 5241 396 5296 Aut
422 5241 651 5308 sparsim.

238 5311 258 5339 ⁸
297 5314 553 5379 Ejusdem.

240 5380 259 5407 '
300 5379 558 5431 Dominus.

1868 5116 1886 5144 ‘
1924 5115 1985 5168 In
2008 5118 2239 5181 regendo.

1862 5185 1883 5214 ν
1926 5185 2179 5251 Privilegii
2206 5186 2369 5237 vestri.

1862 5254 1881 5282 ⁸
1919 5254 2167 5304 Firmare.

1860 5322 1879 5349 ’
1916 5320 2213 5385 Spirituales
2234 5321 2382 5386 ﬁlios.

1434 5458 1773 5518 VARIORUM
1810 5466 2028 5520 NOTAE.

239 5585 262 5613 ι
303 5574 571 5627 Benedicti.
596 5574 807 5639 Magnus
844 5570 1001 5622 abbas
1031 5569 1379 5639 Benedictus,
1406 5571 1453 5621 itt
1484 5575 1688 5639 regula

181 5658 285 5709 βιῳ.
314 5643 404 5703 6i,
435 5638 754 5709 praecipiunt
785 5657 803 5689 ι
833 5639 946 5689 vita:
974 5638 1158 5709 merito
1183 5647 1254 5709 et;
1274 5638 1540 5701 sapientize
1563 5642 1688 5693 doc-

182 5705 302 5765 trina
332 5711 547 5778 eligatur
569 5707 793 5775 (abbas),
814 5720 967 5774 quem
992 5705 1090 5759 sibi
1120 5707 1289 5759 omnis
1311 5720 1527 5759 concors
1559 5724 1682 5762 cou-

1792 5582 2019 5645 gregatio
2048 5583 2325 5633 secundum
2370 5582 2607 5633 timorem
2638 5581 2723 5633 Dei
2748 5582 2978 5645 elegerit.
3005 5600 3022 5631 ›
3054 5583 3301 5641 Eamdcm

1792 5649 2014 5715 regulam
2044 5648 2266 5701 inculcat
2292 5651 2441 5702 etiam
2469 5649 2781 5703 Ceoll‘ridus.
2813 5650 3022 5702 Mantus.
