3862 6326
3722 388 3791 439 iit
3828 17 3836 439 Ι

664 365 770 421 723
1375 366 1569 420 ΒΕΟίΕ
1610 367 2046 424 γεδεκΑωωδ
2089 372 2132 426 Ο

2276 374 2446 431 PARS
2484 374 2569 431 IV.
2610 408 2677 419 -
2716 374 3086 435 HISTORICA.

663 474 921 549 Sigfridus
958 474 1010 527 in
1056 472 1249 529 feretro
1292 475 1651 541 deportaretur
1674 478 1739 529 ad
1768 478 2064 533 cubiculum
2110 483 2194 535 ubi
2227 494 2267 545 Α
2300 488 2628 555 dicantibus,
2677 494 2960 559 prmposuit
3004 492 3239 554 Patrem;
3290 491 3507 547 salubre
3558 504 3689 549 ratus
3729 516 3790 564 pa

660 563 971 618 Beiiedictus
995 575 1046 617 et
1073 564 1182 630 ipse
1209 578 1304 617 suo
1321 564 1531 631 iacebat
1553 568 1603 619 in
1629 568 1864 634 grabato,
1892 570 2072 637 eisque
2094 585 2196 623 uno
2298 578 2467 629 omnia
2499 578 2561 628 ad
2608 580 3014 632 conservandam
3044 594 3246 646 pacem,
3294 581 3572 645 unitatem,
3620 563 3787 639 θοοςέιτ.

660 652 713 705 in
758 654 871 705 loco
900 653 1255 705 ministrorum
1289 663 1441 706 manu
1468 657 1795 723 compositis,
1821 668 1977 724 caput
2008 661 2199 712 utrius-
2295 667 2536 733 diamque
2565 668 2819 730 locorum,
2864 668 2907 719 si
2949 683 3105 720 unum
3138 679 3392 735 perpetuo
3421 678 3626 738 patrem
3653 688 3787 727 recto-

657 754 759 806 que
786 740 837 793 in
866 741 1050 793 eodem
1079 742 1317 794 cervicali
1343 743 1619 807 locaretur,
1643 745 1963 813 lacrymabili
1996 758 2197 814 specta-
2295 768 2507 821 remque
2545 763 2813 820 tenerent;
2861 769 3279 810 commemorans
3326 760 3529 825 saepius
3569 760 3783 817 [smmi

654 829 791 892 culo,
825 843 919 883 nec
948 839 1144 882 tantum
1177 829 1403 885 habuere
1447 832 1633 883 virium
1682 840 1737 884 ut
1785 835 1994 900 propius
2027 838 2188 901 posita
2292 844 2434 911 regni
2462 845 2776 913 exemplum,
2805 846 2941 912 quod
2966 847 3424 901 inexterminabile
3456 863 3662 916 semper
3679 868 3785 904 exte-

651 931 742 971 ora
772 918 853 970 ad‘
882 919 1220 971 osculandum
1264 934 1323 973 se
1366 921 1670 973 alterutrum
1720 922 2035 989 conjungere
2074 940 2189 991 ρος·
2292 932 2361 983 ris
2405 934 2711 997 nationibus,
2766 932 3174 1002 inviolatumque
3223 936 3555 1002 perduravit,
3602 946 3780 1004 tutandis

648 1020 798 1072 sent;
832 1009 924 1063 sed
948 1018 1001 1063 et
1028 1010 1127 1063 hoc
1152 1010 1381 1064 fraterno
1400 1014 1791 1079 compleverunt
1818 1016 1991 1069 oflicio
2018 1034 2030 1066 :
2060 1017 2187 1071 inito
2292 1022 2407 1073 unis
2438 1021 2723 1089 iisdemque
2749 1036 2858 1075 sure
2901 1024 3071 1091 gentis
3099 1023 3381 1091 regebatur
3419 1040 3451 1076 a
3500 1026 3725 1087 ducibus;
3749 1044 3783 1080 at

651 1099 960 1152 Benedictus
988 1113 1107 1152 cum
1138 1115 1223 1165 eo,
1254 1116 1475 1167 cumque
1514 1102 1771 1156 universis
1801 1104 2049 1158 fratribus
2096 1121 2185 1158 sa-
2289 1119 2555 1175 postquam
2601 1112 3002 1176 prancedenlittm
3041 1126 3194 1166 causa
3231 1124 3573 1179 peccatorum
3615 1118 3787 1171 inlinis-9

651 1187 784 1241 lubri
806 1190 1224 1253 consilio,.acciit
1248 1192 1487 1245 abbatem
1512 1191 1851 1259 Geelfridum,
1886 1209 2040 1260 quem
2072 1209 2186 1247 mo-
2286 1196 2351 1248 ab
2380 1196 2598 1249 invicem
2631 1207 2710 1250 est
2740 1200 3022 1252 certamine
3046 1198 3387 1267 diremptum,
3419 1202 3576 1267 periit
3625 1206 3781 1267 paulrso

649 1277 880 1331 nasterio
914 1278 1052 1331 beati
1102 1279 1248 1332 Pauli
1278 1280 1497 1347 apostoli
1546 1280 1866 1347 praefecerat,
1907 1281 2072 1335 virum
2103 1284 2182 1336 vi-
2286 1296 2396 1349 per,
2439 1292 2493 1334 et
2540 1296 2568 1334 a
2612 1299 2706 1337 sua
2733 1299 3044 1339 concussum
3091 1286 3361 1340 soliditate
3398 1290 3609 1341 defecit.
3634 1289 3718 1343 Sed
3743 1306 3775 1345 et

646 1362 872 1427 delicet,
922 1365 1019 1417 sibi
1066 1380 1166 1417 non
1209 1376 1310 1425 tam
1349 1369 1524 1421 carnis
1563 1369 1983 1435 necessitudine,
2024 1386 2175 1438 quam
2281 1373 2632 1442 evangelicam
2666 1374 2805 1426 illam
2834 1375 3077 1429 monebat
3103 1376 3219 1429 sine
3245 1376 3635 1431 intermissiooe
3661 1396 3772 1431 reci»-

645 1451 891 1505 virtutum
916 1453 1168 1507 societate
1196 1455 1566 1523 propinquum;
1598 1466 1651 1511 et
1676 1473 1791 1512 eum
1832 1458 2037 1529 utrique
2067 1477 2175 1515 mo-
2284 1460 2487 1511 lendam
2515 1474 2630 1512 esse
2656 1463 2990 1527 sententiam,
3017 1446 3136 1533 quia
3167 1478 3316 1517 omne
3342 1480 3557 1532 regnum
3584 1468 3629 1516 in
3654 1470 3773 1531 ιάβο

646 1540 872 1594 nasterio
895 1542 1097 1595 cunctis
1124 1540 1435 1609 faventibus,
1480 1555 1634 1613 atque
1659 1550 1758 1601 hoc
1786 1548 2061 1601 utillimutn
2084 1550 2172 1617 ju-
2282 1550 2494 1602 divisum
2516 1552 2838 1604 desofabitttr.
3363 1566 3370 1574 ‘

640 1674 3715 1704 ____________________________________________

1781 1780 2066 1854 LIBER
2145 1780 2693 1856 SECUNDUS.

707 2063 862 2132 Igitur
887 2073 1002 2131 post
1028 2066 1138 2118 hac
1174 2067 1420 2119 revolutis
1449 2066 1712 2119 mensibus
1749 2066 1972 2129 duobus,
2001 2067 2169 2133 primo
2200 2069 2245 2127 Β
2273 2073 2390 2118 rant
2422 2079 2695 2131 psalmum,
2722 2069 2809 2134 qui
2834 2067 2989 2121 habet
3023 2070 3072 2121 in
3102 2070 3274 2135 capite
3303 2086 3317 2121 :
3358 2069 3509 2133 Deus,
3533 2071 3636 2136 quis
3663 2074 3766 2123 sini-
3834 2078 3835 2136 ξ

635 2152 950 2206 venerabilis
990 2167 1051 2205 ac
1099 2152 1207 2205 Deo
1252 2153 1471 2207 dilectus
1508 2155 1667 2207 abbas
1712 2153 2166 2222 Sigfridus,_pcr-
2269 2157 2331 2207 lis
2360 2156 2455 2207 erit
2488 2156 2805 2224 tibi?Cuius
2835 2166 2974 2211 totus
3026 2158 3125 2211 hoc
3170 2169 3388 2212 resonat
3439 2170 3624 2223 textus,
3666 2168 3763 2229 quod

635 2238 855 2292 transito
905 2241 1022 2306 lgne
1062 2248 1117 2292 et
1166 2253 1295 2307 aqua
1340 2241 1728 2294 tribulationum
1781 2242 2165 2309 temporalium,
2268 2244 2459 2296 inimici
2482 2246 2704 2299 nominis
2729 2246 2917 2299 Christi
2939 2248 3047 2299 sive
3075 2251 3325 2302 carnales
3356 2251 3471 2303 sive
3495 2252 3761 2315 spirituales,

632 2330 873 2382 inductus
901 2337 982 2383 est
1010 2331 1059 2382 in
1088 2330 1413 2399 refrigerium
1438 2331 1768 2399 sempiterna:
1797 2332 2004 2399 quietis,
2037 2340 2057 2366 ε’
2091 2333 2167 2385 in-
2266 2348 2472 2399 semper
2493 2335 2778 2389 Ecclesiam
2800 2336 3013 2401 Christi,
3052 2352 3264 2404 semper
3289 2340 3520 2391 animam
3558 2354 3767 2409 qua-qus

641 2419 781 2471 troiit
812 2419 863 2472 itt
904 2419 1113 2473 domum
1158 2422 1301 2488 regni
1336 2423 1588 2487 cmlestis,
1621 2423 1671 2475 in
1702 2422 2018 2476 holocaustis
2050 2439 2167 2490 ρετ·
2268 2424 2470 2476 fidelem
2492 2424 2794 2490 diSperdere
2817 2440 2876 2477 ac
2893 2414 3146 2493 dissipare
3173 2438 3454 2492 conentur;
3476 2430 3762 2482 sedet-cetra

631 2520 804 2575 petua:
854 2508 1168 2561 laudationis
1217 2510 1441 2564 reddens
1490 2525 1581 2563 sua
1614 2522 1730 2564 vota
1762 2513 2001 2575 Domino,
2051 2528 2166 2579 quae
2266 2510 2359 2575 ipsi
2391 2510 2591 2563 confusi
2624 2522 2675 2564 et
2706 2514 3018 2573 conturbati,
3054 2516 3155 2567 sint
3199 2517 3417 2582 perituri
3449 2519 3497 2570 in
3540 2518 3759 2576 secutum.

631 2598 811 2650 sedula
837 2598 1091 2651 labiorum
1120 2600 1431 2653 mundorum
1457 2601 1793 2653 distinctione
1816 2603 2123 2667 promiserat
2150 2620 2161 2652 :
2265 2613 2544 2654 euervaute
2574 2602 2687 2655 illos
2709 2603 3044 2669 Domino,cui
3072 2620 3173 2657 non
3197 2617 3279 2659 est
3300 2608 3575 2677 quisquam
3599 2608 3759 2665 similzs,

632 2700 695 2740 ac
723 2687 913 2741 deinde
939 2688 1197 2754 adiunctis
1226 2690 1342 2743 aliis
1369 2680 1634 2745 men-ibus
1658 2702 1899 2759 quatuor,
1924 2692 2164 2744 vitiorum
2264 2691 2349 2756 qui
2364 2692 2599 2744 estsolus
2615 2692 2900 2745 altissimus
2929 2708 3082 2757 super
3096 2708 3305 2747 omnem
3326 2704 3539 2747 terram.
3560 2694 3758 2748 Uoden-

635 2775 799 2829 victor
848 2778 1158 2832 Benedictus
1206 2790 1258 2832 et
1303 2782 1550 2834 virtutum
1623 2792 1851 2848 patrator
1905 2784 2160 2861 egregius,
2264 2790 2345 2833 cte
2364 2780 2584 2843 dabatur
2604 2782 2823 2847 intelligi
2847 2783 3761 2848 caelitusdispensatum.uttalbllitl.L

632 2866 805 2920 victus
829 2867 1129 2923 infirmitate
1158 2871 1329 2923 carnis
1380 2872 1442 2922 ad
1492 2882 1725 2924 extrema
1772 2875 2023 2936 pervenit.
2055 2873 2161 2925 Nox
2268 2877 2411 2921 retur
2454 2870 2685 2934 psalmus
2720 2884 2779 2922 ea
2803 2869 2927 2921 hora
2958 2885 3054 2935 qua
3080 2874 3247 2923 exiret
3272 2874 3338 2924 de
3365 2886 3584 2938 corpore
3609 2872 3758 2934 anima,

639 2958 740 3009 ruit
772 2957 1002 3011 hibernis
1051 2960 1220 3027 algida
1280 2960 1485 3013 flatibus
1531 2980 1540 3011 :
1574 2962 1682 3014 dies
1711 2962 1778 3014 illi
1820 2978 1936 3015 mox
1986 2973 2162 3017 sancta
2265 2958 2347 3009 cui
2376 2956 2592 3024 juvanle
2636 2958 2857 3010 Domino
2898 2960 3066 3012 nullus
3113 2960 3397 3024 prmvalere
3428 2970 3599 3026 posset
3624 2960 3758 3010 inim.

636 3048 653 3077 ³
684 3046 941 3099 nascitura
972 3057 1179 3101 attenta:
1226 3046 1517 3113 felicitatis,
1569 3052 1864 3102 serenitatis
1906 3060 1958 3102 et
2011 3053 2158 3104 lucis.
2264 3060 2373 3097 cus.
2410 3047 2433 3081 δ
2461 3046 2618 3099 Sexto
2650 3047 2855 3100 decimo
2893 3057 3164 3115 postquam
3194 3050 3574 3101 monasterium
3619 3047 3760 3099 funda-
3834 3050 3835 3115 γ

634 3134 1002 3189 Convenerunt
1031 3135 1217 3189 fratres
1258 3139 1319 3189 ad
1361 3140 1653 3201 eccleSiam,
1683 3140 1944 3191 insomnes
1971 3141 2163 3192 oratio.
2264 3136 2337 3186 \‘il
2362 3148 2516 3196 anno.
2563 3136 2757 3201 quievit
2785 3138 2832 3187 in
2864 3137 3083 3189 Dttmino
3106 3135 3399 3199 confessor.
3434 3138 3596 3204 Pridie
3620 3138 3758 3189 Μυυηί

633 3222 783 3275 nibus
810 3234 862 3275 et
893 3224 1105 3289 psalmis
1158 3225 1447 3291 transigunt
1477 3224 1686 3278 umbras
1730 3226 1901 3279 noctis
1929 3246 1939 3278 :
1972 3236 2027 3280 et
2074 3243 2162 3295 pa-
2264 3227 2283 3255 ’
2312 3224 2695 3289 Januariarum,
2729 3226 2961 3292 sepultus
2988 3226 3037 3277 in
3060 3226 3278 3278 ecclesia
3302 3226 3439 3279 beati
3457 3227 3662 3293 apostoli
3688 3225 3760 3277 Pe-

632 3323 796 3367 ternae
844 3313 1164 3368 decessionis
1211 3317 1412 3382 pondus
1464 3317 1705 3369 continua
1753 3316 1941 3371 divinae
1995 3319 2160 3371 laudis
2266 3316 2363 3377 tri;
2399 3323 2452 3366 ut
2476 3330 2626 3382 quem
2656 3316 2848 3381 degens
2881 3314 2930 3365 in
2959 3328 3115 3367 carne
3145 3327 3357 3377 semper
3377 3316 3574 3366 solebat
3601 3328 3758 3371 amare.

631 3403 982 3459 modulatione
1006 3406 1259 3460 solantur.
1292 3407 1389 3459 Alii
1442 3408 1732 3461 cubiculum
1781 3410 1831 3462 in
1862 3423 1962 3476 quo
2000 3425 2138 3477 mger

2264 3418 2367 3471 quo
2419 3402 2677 3469 pandente
2721 3402 2929 3465 ianuam
2981 3402 3120 3467 regni
3167 3400 3398 3453 caelestis
3452 3400 3759 3462 intrabat,ab

628 3491 805 3545 animo
822 3493 1069 3549 robustus
1096 3509 1361 3562 egressum
1391 3496 1571 3548 mortis
1600 3506 1651 3549 et
1680 3497 1796 3551 vitm
1824 3500 2135 3564 exspectabo

2265 3492 2413 3557 huius
2443 3490 2678 3557 reliquiis
2708 3500 2759 3542 et
2804 3488 2954 3542 altari
3013 3496 3129 3558 post
3176 3502 3397 3544 mortem
3444 3504 3539 3545 nec
3582 3496 3757 3556 corpore

624 3582 941 3651 ingressum,
993 3601 1094 3638 non
1145 3587 1414 3640 deserunt.
1470 3589 1800 3655 Evangelium
1854 3597 1958 3641 tota
2010 3599 2163 3643 nocte
2262 3579 2465 3648 longius
2485 3581 2711 3633 abesset.
2733 3579 3755 3645 Sedecim,utdisitttus,atinosmonaste-

626 3684 723 3739 pro
765 3672 960 3726 doloris
1005 3673 1281 3736 leva‘mitte,
1332 3675 1469 3742 quod
1514 3686 1567 3728 et
1621 3677 1735 3729 aliis
1777 3680 2013 3732 noctibus
2051 3678 2138 3733 fier

2260 3668 2389 3720 rium
2424 3683 2439 3721 :
2466 3666 2598 3721 rexit
2630 3670 2823 3736 primos
2843 3679 2963 3723 octo
3006 3683 3095 3736 per
3118 3682 3175 3722 se
3216 3669 3332 3720 sine
3359 3667 3570 3722 alterius
3595 3681 3757 3721 assum-

624 3771 986 3824 consueverat,
1020 3761 1387 3831 a~presbytero
1417 3764 1633 3830 legitur;
1682 3766 1925 3818 dominici
1969 3781 2159 3835 σοι-μ)-
2261 3758 2436 3821 ptione
2463 3756 2698 3822 abbatis;
2749 3757 2974 3824 reliquos
3005 3758 3217 3810 tatiilem
3260 3758 3386 3809 viris
3418 3757 3757 3809 venenbilibos

624 3850 702 3904 ris
730 3860 785 3904 et
825 3852 1091 3918 sanguinis
1118 3864 1519 3917 sacramentum,
1554 3853 1679 3905 liora
1722 3853 1890 3908 exitus
1916 3856 2137 3908 instante

2257 3856 2309 3897 et
2349 3846 2543 3898 sanctis
2574 3847 2899 3909 Eastervino,
2947 3847 3173 3914 Sigfrido
3218 3856 3273 3899 et
3302 3846 3570 3900 Ceolfrido
3592 3845 3756 3897 abbatis

625 3954 722 4005 pro
746 3940 935 3994 viatico
976 3941 1161 4006 datur;
1190 3951 1244 3995 et
1286 3943 1359 3995 sic
1408 3943 1576 3995 anima
1622 3944 1706 3995 illa
1761 3952 1940 3997 sancta
1993 3946 2138 4013 longi:

2256 3948 2311 3985 se
2340 3935 2571 3997 nomine,
2595 3935 2900 3988 auctoritate
2928 3943 2980 3987 et
3022 3934 3196 3987 officio
3238 3934 3577 4003 iuvantibus;
3623 3934 3754 4000 primo

576 4076 577 4079 η
623 4028 946 4097 ﬂagellorum
978 4026 1204 4084 felicium
1242 4038 1453 4084 excocta
1495 4040 1648 4097 atque
1676 4034 1968 4085 examinata
2012 4032 2157 4086 llam-
2256 4030 2475 4087 αυοιιιοτ
2491 4036 2675 4084 annos.
2707 4022 3087 4083 secundo’lrcS.
3122 4023 3274 4076 ιθτιῖο
3306 4038 3485 4077 unum-

626 4119 724 4171 mis
770 4118 961 4173 luteam
1010 4120 1183 4173 carnis
1236 4119 1500 4173 fornacem
1540 4120 1769 4187 deserit,
1820 4130 1871 4175 et
1919 4137 2138 4189 superna

2324 4109 2420 4172 Qui
2468 4119 2519 4162 et
2547 4110 2657 4177 ipse
2707 4113 2910 4174 tertius,
2938 4112 2989 4163 id
3035 4122 3116 4164 est
3154 4111 3466 4176 Ceolfridus,
3513 4112 3753 4164 industrius

628 4210 962 4264 beatitudinis
990 4210 1152 4265 libera
1181 4210 1414 4277 pervolat
1441 4211 1504 4263 ad
1530 4212 1771 4278 gloriam.
1790 4212 1949 4279 Cujus
1977 4225 2138 4280 egres-

2256 4212 2347 4265 per
2373 4199 2542 4251 omnia
2571 4200 2665 4260 vir,
2698 4210 2877 4251 acutus
2918 4200 3142 4268 ingenio,
3191 4210 3312 4253 actu
3346 4202 3585 4267 impiger,
3615 4212 3751 4252 mata-

622 4300 701 4350 sui
733 4283 1185 4364 victoriosissimo,
1236 4316 1405 4370 neque
1448 4301 1515 4353 ab
1562 4302 1842 4355 immundis
1889 4304 2138 4369 spiritibu:

2256 4302 2343 4338 rus
2384 4289 2555 4339 animo
2579 4326 2592 4347 ,
2641 4287 2903 4354 religionis
2932 4288 3043 4340 zelo
3093 4288 3320 4348 fervens,
3369 4290 3533 4354 prius,
3562 4288 3676 4339 sicut
3714 4298 3749 4338 et

623 4385 948 4452 aliquatenus
987 4388 1316 4455 impediendo
1351 4389 1433 4442 vel
1465 4390 1801 4454 retardando,
1829 4391 1984 4442 etiam
2020 4390 2138 4456 psal‘

2252 4390 2405 4441 supra
2449 4375 2800 4440 meminimus,
2830 4374 3043 4442 iubente
3087 4378 3280 4442 pariter
3305 4385 3355 4428 et
3386 4376 3603 4442 iuvante
3624 4376 3750 4427 Bene-

626 4486 742 4524 mus
771 4474 856 4541 qui
903 4484 1007 4526 ιυη,
1038 4491 1132 4543 pro
1160 4492 1224 4529 eo
1267 4478 1549 4531 canebam,-
1574 4518 1589 4539 ν
1648 4477 1995 4530 testimonium
2045 4477 2151 4531 ἀτη,
2252 4462 2409 4529 dicto,
2444 4465 2811 4516 monasterium
2862 4465 2996 4517 beati
3045 4465 3185 4515 Pauli
3216 4464 3435 4530 apostoli
3464 4473 3655 4530 septem
3681 4479 3746 4514 an-

619 4557 854 4628 Namque
899 4563 1083 4617 fratres
1122 4564 1185 4617 ad
1217 4566 1489 4618 ecclesiam
1535 4566 1790 4634 principio
1829 4568 1995 4619 noctis
2024 4582 2138 4620 con-

2252 4557 2352 4617 nis,
2377 4556 2623 4616 fundavit,
2667 4554 2906 4621 perfecit,
2939 4556 3185 4616 rexit;ac
3211 4555 3397 4608 deinde
3437 4556 3638 4621 utrique
3663 4568 3746 4603 mo~

620 4664 909 4720 currentes,
966 4656 1264 4721 psalterium
1316 4670 1376 4707 ex
1430 4656 1614 4709 ordine
1663 4658 2000 4709 decantanles
2025 4696 2039 4720 ν
2087 4657 2150 4709 ad
2253 4646 2497 4708 nasterio,
2524 4644 2600 4697 vel
2638 4645 2773 4697 sicut
2801 4646 2991 4697 rectius
3032 4644 3204 4695 dicere
3245 4658 3554 4709 pOSsuntus,
3580 4643 3625 4693 in
3651 4644 3743 4691 duo.

620 4744 993 4809 octogesimum
1044 4753 1163 4797 tunc
1199 4753 1253 4810 et
1298 4745 1583 4798 secundum
1621 4745 1877 4796 cantando
1904 4758 2151 4809 pervene-
2180 4734 2227 4791 Ι)
2252 4740 2346 4790 bus
2376 4737 2505 4789 Ιοεῖδ
2543 4736 2712 4803 Ροεῖιο
2748 4736 2835 4788 uni
2866 4733 3179 4789 τηοηθείθΐίο
3216 4737 3487 4786 “calorum
3527 4734 3741 4799 Ψοεωδκν

1556 4832 2016 4887 VULGATOIlUM
2060 4830 2442 4886 VARIANTES
2480 4824 2868 4881 LECTIONEB:

2314 4920 2333 4949 ¹
2356 4917 2607 4970 Januarii.

1896 5009 2243 5065 VARIORUM
2285 5005 2506 5061 NOTAE.

687 5100 1186 5179 I'tutroiit._l_‘iernpe
1232 5113 1282 5152 ιι
1332 5099 1443 5179 Kal.
1494 5100 1795 5179 Septemb._,
1827 5114 1928 5167 quo
1962 5100 2141 5179 diemiu
2249 5098 2492 5179 emnqbii,
2516 5108 2565 5179 et
2586 5100 2797 5179 quidem
2827 5114 2962 5153 anno
2987 5097 3091 5179 68§
3110 5098 3578 5179 contigit._lteiuex
3606 5110 3737 5179 atque

618 5167 787 5221 Fastis
818 5166 1165 5222 Benedictinis
1192 5178 1536 5231 memoratur;
1568 5166 1627 5221 et
1668 5166 1875 5235 quidem
1906 5184 1992 5221 an.
2042 5167 2142 5221 689
2246 5168 2487 5221 Ceolfridi
2516 5169 2734 5227 abbatis,
2775 5184 2919 5235 quam
2947 5182 3014 5218 vtt
3046 5166 3262 5235 Kalend.
3312 5168 3489 5235 Octob.
3518 5184 3640 5219 anno
3661 5168 3738 5218 7w

615 5248 841 5303 quatuor
879 5237 1141 5289 mensibus
1170 5246 1290 5290 ante
1338 5238 1705 5296 Benedictum,
1752 5237 2141 5304 quidanuario
2247 5240 2483 5289 evenisse
2512 5238 2639 5287 infra
2664 5234 2811 5287 num.
2842 5236 2904 5287 2t
2944 5236 3075 5287 Beda
3121 5234 3314 5287 diserte
3357 5234 3597 5304 affirmat.
3623 5234 3721 5288 Ceol

598 5302 915 5367 insequente
944 5318 1172 5358 mortuus
1192 5315 1289 5359 est.
1772 5302 1781 5304 ⁷
2246 5304 2409 5356 fridus
2432 5320 2557 5357 vero
2581 5319 2669 5356 sex
2699 5313 2818 5356 ante
2849 5305 3048 5369 Biscopi
3089 5304 3284 5354 obitum
3320 5302 3582 5355 mensibus
3605 5304 3733 5355 abbas

678 4928 701 4961 Α*
727 4919 984 4975 Nascitur.

682 5379 710 5417 ι)
742 5373 1109 5427 δεειοάεείηιο.
1147 5376 1297 5426 Anno
1339 5372 1551 5435 proinde
1579 5389 1677 5424 non
1708 5373 1831 5435 703,
1862 5375 1934 5427 ttti
1960 5372 2141 5429 scribit

614 5441 761 5493 Matt.
818 5440 1063 5505 Westm.,
1120 5445 1209 5494 sed
1259 5442 1400 5507 (390‘,
1456 5441 1954 5505 ineunte'siqnidem
2001 5458 2139 5493 anno

612 5508 719 5559 674
774 5508 1190 5564 Wiremutbense
1236 5512 1633 5564 'tnonasterium
1713 5512 1975 5561 conditum
2035 5522 2133 5562 est.

613 5574 799 5631 Sumt.
839 5609 907 5618 —
939 5578 988 5631 Id
1014 5580 1351 5633 confirmatur
1392 5593 1455 5630 ex
1498 5587 1665 5630 morte
1711 5579 2014 5629 Easterwini
2053 5593 2138 5628 su-

616 5648 787 5710 perius
816 5664 956 5702 num.
986 5650 1016 5701 8
1043 5642 1197 5703 relata
1228 5688 1239 5711 ,
1289 5663 1403 5715 quae
1434 5659 1571 5700 anno
1615 5647 1918 5700 duodecutto
1949 5648 2140 5698 conditi

2246 5374 2449 5439 utrique
2474 5372 2712 5426 ctenobio
2740 5373 3000 5439 prmlatus,
3031 5375 3259 5438 regimen
3311 5371 3479 5423 tenuit
3704 5380 3736 5417 ει

2247 5450 2353 5490 octo
2378 5457 2553 5505 annos,
2583 5456 2647 5494 ex
2674 5456 2816 5494 nutu.
2849 5439 2913 5492 15
2938 5454 3123 5503 nempe
3147 5441 3421 5491 incltoatos
3452 5456 3465 5491 :
3492 5441 3575 5506 qui
3593 5442 3731 5493 ealcu-

2245 5510 2321 5559 lus
2348 5524 2373 5559 a
2403 5526 2581 5562 mense
2607 5508 2740 5561 Julio
2760 5512 2879 5565 anni
2896 5511 2997 5565 089
3020 5509 3083 5563 ad
3102 5508 3387 5563 Octobrem
3408 5515 3529 5563 anni
3540 5509 3643 5563 718
3658 5520 3729 5558 att-

2247 5589 2489 5632 meratur.
2515 5580 2746 5635 Mssttu,
