3862 6382
231 467 355 521 725

770 468 953 551 SECT.
998 469 1036 521 i.
1069 500 1129 510 -
1168 470 1727 525 itaciociurnica.
1766 498 1832 509 --
1878 468 2025 521 ιτιτλ
2069 468 2365 535 QUINQUE
2406 470 2502 526 ss.
2545 470 2878 525 ABBATUM.

3280 470 3403 527 726

230 598 359 633 runt
390 579 527 633 Petri
554 590 605 633 et
650 581 813 647 Pauli,
845 584 1015 651 viginti
1046 593 1095 636 et
1133 592 1253 636 octo
1290 598 1452 637 annos
1481 584 1654 636 solerti
1682 599 1769 635 re-
1801 584 1842 637 Α
1873 582 2106 635 ducendo
2134 584 2212 636 vel
2244 584 2461 636 vivendo
2492 584 2508 613 ⁸
2535 585 2815 651 praecipere
2844 583 3059 637 formam
3086 604 3099 647 ;
3130 586 3284 637 multa
3315 586 3401 637 d'.n

227 669 437 733 giminc
483 669 713 733 przefuit;
760 678 812 722 et
870 681 1050 723 cuncta
1101 686 1217 736 qum
1257 686 1378 724 suus
1428 672 1777 736 prmdecessur

229 756 452 822 egregia
484 758 729 808 virtutum
761 772 913 823 Opera
945 760 1120 825 cui-pit,
1149 760 1257 825 ipse
1289 774 1387 810 nou
1412 759 1618 825 segnius
1657 774 1774 823 per-

235 844 403 896 licere
428 848 645 898 curavit.
679 846 942 914 Siquidem
977 848 1107 901 inter
1130 858 1313 901 caetera
1358 850 1654 900 monasterii
1689 864 1777 899 ne-

233 933 472 986 cessaria
517 948 630 1000 quae
688 936 842 999 longo
910 936 1120 1003 regendi
1179 948 1410 1003 tempore
1460 937 1777 1003 disponenda

234 1021 524 1086 comperit,
556 1023 713 1074 etiam
760 1023 903 1089 plura
935 1025 1052 1077 fecit
1083 1027 1335 1087 oratoria;
1382 1024 1557 1076 altaris
1589 1034 1638 1076 et
1686 1039 1773 1077 ec-

236 1110 423 1161 clesiae
451 1124 590 1173 vasa,
620 1112 701 1164 vel
733 1115 1038 1166 vestimenta
1068 1115 1237 1167 omnis
1259 1113 1461 1181 generis
1484 1114 1773 1178 ampliavit;

239 1196 617 1251 bibliothecam
650 1202 917 1268 utriusque
944 1204 1267 1264 monasterii,
1293 1219 1443 1269 quam
1472 1203 1639 1255 llenod
1666 1215 1779 1254 eius

238 1285 409 1339 abbas
456 1302 635 1357 magna
676 1292 834 1357 erepit
868 1293 1131 1355 instantia,
1174 1294 1283 1359 ipse
1329 1310 1429 1344 non
1478 1296 1663 1345 minuti
1696 1308 1780 1359 ge-

240 1376 462 1429 minavit
508 1378 756 1431 industria
804 1398 815 1430 :
870 1382 939 1433 ita
991 1391 1043 1433 ut
1097 1387 1254 1434 tres‘
1306 1384 1581 1448 pandcctes
1631 1398 1782 1433 nova:

236 1466 627 1531 translationis,
673 1468 736 1519 ad
767 1484 925 1520 unum
961 1480 1175 1523 vetusta
1230 1474 1580 1525 translationis
1628 1488 1779 1537 quum

235 1558 308 1609 de
340 1557 503 1609 Roma
532 1560 799 1621 attulerat,
835 1562 945 1627 ipse
991 1576 1147 1627 super
1182 1562 1521 1629 adjungeret;
1566 1578 1780 1629 quorum

240 1660 405 1697 unum
446 1660 604 1699 senex
651 1646 867 1699 Romani
923 1649 1131 1703 rediens
1174 1666 1349 1703 secum
1384 1650 1516 1702 inter
1555 1650 1649 1701 alia
1694 1664 1784 1717 pro

246 1750 468 1788 munere
506 1738 746 1803 sumpsit,
778 1738 909 1790 duos
933 1740 1138 1806 utrique
1170 1743 1485 1793 monasterio
1531 1742 1736 1807 reliquit
1770 1758 1780 1791 :

240 1822 372 1873 dato
400 1837 605 1889 quoque
634 1825 1130 1891 cosmograpborum
1176 1827 1356 1879 codice
1387 1828 1608 1880 mirandi
1652 1842 1783 1889 Ope-

239 1910 337 1971 ris,
385 1926 536 1978 quem
583 1912 761 1964 Romzc
816 1913 1124 1967 Benedictus
1173 1924 1391 1976 emerat,
1419 1925 1608 1967 terram
1665 1924 1783 1966 octo

241 1998 555 2050 lautitiarum
584 1999 727 2065 juxta
753 1998 961 2067 ﬂuvium
1008 2002 1192 2054 Fresca
1226 2002 1291 2053 ab
1321 2002 1555 2055 Aldfrido
1585 2018 1701 2071 rege
1732 2003 1781 2054 in

240 2083 529 2148 Scriptor-is
580 2085 887 2139 doctissimo
945 2088 993 2139 in
1043 2090 1424 2155 possessiOtteru
1483 2092 1781 2144 monasterii

238 2171 382 2223 beati
416 2171 559 2223 l'auli
603 2176 821 2238 apostoli
878 2176 1234 2243 (omparavit‘;
1265 2194 1417 2245 qni-ni
1449 2180 1782 2246 comparandi

239 2261 480 2313 ordinem
515 2264 643 2328 ipse,
675 2265 794 2316 dum
835 2266 1005 2319 adhuc
1042 2268 1260 2331 viveret,
1315 2270 1624 2323 Benedictus
1666 2287 1780 2323 eum

237 2348 429 2401 eodem
462 2364 585 2417 rege
616 2352 851 2405 Aldfrido
884 2362 1165 2419 laxaverat,
1200 2357 1289 2408 sed
1315 2358 1611 2425 priusquam
1643 2374 1783 2411 com-

240 2440 388 2502 plere
419 2440 672 2504 potuisset
694 2442 841 2493 obiit.
879 2442 1066 2495 Verum
1120 2457 1213 2511 pro
1242 2446 1337 2499 hac
1367 2454 1503 2499 terra
1555 2456 1783 2513 postmo-

241 2528 389 2588 dum,
407 2527 603 2581 Osredo
620 2542 885 2595 regnante,
902 2534 1212 2593 Ceolfridus.
1232 2536 1409 2587 addito
1425 2540 1589 2602 pretio
1605 2538 1779 2607 digno,

243 2627 442 2668 terram
467 2633 531 2669 xx
558 2618 864 2672 familiarum
896 2624 942 2672 in
970 2624 1084 2675 loco
1108 2624 1191 2689 qui
1218 2626 1501 2677 inColaruni
1531 2628 1699 2695 lingua
1720 2628 1782 2696 ad

243 2706 426 2757 villam
445 2707 702 2763 Samhnce
724 2720 955 2772 vocatur.
977 2715 1092 2780 quia
1113 2714 1222 2767 haec
1245 2716 1461 2768 vicinior
1482 2718 1651 2769 eidem
1680 2734 1784 2773 m0-

240 2796 471 2850 nasterio
492 2798 781 2861 videbatur,
812 2801 1033 2868 accepit.
1065 2802 1230 2855 Missis
1263 2803 1475 2855 Itoniaiu
1507 2809 1785 2861 monachis

240 2895 475 2953 tempore
504 2888 689 2959 [Supp.
741 2888 928 2959 beatae]
978 2892 1350 2946 recordationis
1402 2893 1564 2961 Sergii
1608 2910 1774 2963 papae,

241 2976 567 3045 privilegium
593 2977 659 3031 ab
702 2994 765 3032 eo
794 2994 889 3050 pro
918 2981 1133 3035 tuitione
1161 2982 1239 3035 sui
1283 2984 1581 3037 monasterii
1616 2985 1777 3037 instar

242 3063 381 3115 illius
407 3064 543 3132 quod
574 3065 775 3132 Agatho
806 3082 934 3135 papa
964 3067 1243 3137 Benedicto
1270 3070 1501 3131 dederat.
1534 3075 1735 3137 accepit
1766 3091 1779 3138 ;

243 3150 383 3217 quod
416 3152 701 3207 Britannias
740 3155 1019 3222 perlatum,
1046 3166 1099 3210 et
1123 3171 1296 3211 coram
1324 3159 1523 3228 synodo
1554 3159 1781 3227 patefac-

249 3248 383 3305 tum,
406 3240 733 3305 prasentium
760 3243 1117 3310 episcoporum
1139 3246 1290 3298 simul
1308 3256 1357 3300 et
1376 3249 1629 3316 magniﬁci
1650 3251 1785 3317 regis

252 3330 471 3382 Aldfridi
519 3330 901 3399 subscriptione
949 3334 1313 3388 conﬁrmatum
1362 3346 1476 3401 est,
1525 3340 1787 3405 quomodo

248 3420 407 3472 etiam
439 3420 583 3486 prius
621 3422 747 3475 illud
778 3423 859 3475 sui
904 3424 1156 3491 temper-is
1188 3438 1360 3492 regem
1414 3435 1463 3479 et
1512 3426 1784 3495 episcopos

248 3508 298 3558 in
328 3506 527 3574 synodo
556 3507 764 3573 publice
790 3512 1126 3565 conlirmasse
1154 3526 1255 3565 non
1274 3513 1421 3569 latet.
1439 3513 1783 3581 Temporibus

248 3595 386 3649 illius
436 3597 644 3649 tradens
691 3610 749 3650 se
792 3600 1111 3652 monasterio
1156 3600 1293 3654 beati
1342 3602 1479 3655 Petri
1537 3604 1779 3667 apostoli,

242 3684 378 3750 quod
430 3685 639 3751 regebat
690 3692 967 3740 veteranus
1012 3701 1072 3740 ac
1120 3689 1413 3757 religiosus,
1444 3700 1496 3745 et
1547 3691 1599 3745 in
1643 3694 1781 3745 omni

243 3782 345 3822 tam
393 3773 627 3825 sarculari
673 3790 831 3842 quam
884 3777 1270 3844 Scripturarum
1302 3781 1518 3833 scientia
1547 3784 1781 3835 eruditus

243 3860 433 3912 Lbristi
464 3860 686 3916 famulus
711 3862 956 3931 Witmer,
1010 3877 1198 3919 terram
1247 3867 1428 3921 decem
1473 3868 1779 3923 familiarum

243 3963 395 4016 quam
426 3950 492 4002 ab
517 3950 755 4005 Aldfrido
783 3968 903 4021 rege
933 3955 985 4007 in
1018 3956 1400 4022 possessionem
1430 3968 1703 4023 acceperat
1730 3959 1778 4011 in

247 4040 358 4091 loco
384 4038 521 4093 villae
549 4056 664 4108 quae
689 4042 889 4095 Daldun
932 4055 1280 4113 nuncupatur,
1309 4046 1475 4099 eidem
1519 4056 1779 4101 monaste-

244 4127 323 4180 rio
347 4114 605 4195 perpetuae
628 4133 972 4197 possessionis
989 4133 1104 4201 jure
1133 4136 1365 4189 donavit.

311 4224 378 4271 At
408 4219 490 4272 ubi
537 4220 826 4275 Ceolfridus
870 4231 988 4290 post
1035 4224 1249 4277 multam
1298 4226 1552 4292 regularis
1603 4225 1779 4287 obser-

245 4308 430 4361 vantize
472 4309 797 4376 disciplinam
839 4328 991 4378 quam
1019 4314 1119 4367 sibi
1148 4313 1270 4382 ipsi,
1313 4315 1508 4382 pariter
1546 4329 1607 4368 ac
1654 4331 1779 4369 suus

248 4398 401 4451 Pater
430 4399 759 4466 Benedictus,
808 4404 1057 4469 providus
1088 4419 1150 4457 ex
1204 4408 1432 4472 priorum
1463 4406 1777 4459 auctoritate

242 4486 550 4551 contribuit;
584 4500 699 4555 post
746 4492 1205 4558 incomparabilem
1244 4494 1427 4547 orandi
1483 4494 1770 4561 psallendi—
1806 4519 1855 4576 Β

243 4590 340 4640 que
365 4576 651 4640 solertiam,
688 4594 787 4644 qua
820 4581 931 4645 ipse
959 4582 1287 4648 quotidianus
1332 4584 1351 4611 ¹
1384 4583 1613 4637 exerceri
1664 4598 1764 4634 non

242 4661 425 4726 ἀιιειίις
475 4672 593 4731 post
622 4665 913 4721 mirabilem
960 4680 1012 4722 et
1052 4669 1325 4725 coercendi
1375 4671 1640 4739 improbos
1668 4671 1773 4725 fer-

242 4762 433 4813 vorem,
459 4761 509 4804 et
538 4752 844 4807 modestiam
897 4756 1195 4810 consolandi
1229 4759 1497 4821 inﬁrmos;
1532 4770 1645 4825 post
1690 4762 1771 4812 in-

241 4838 439 4891 solitam
490 4841 510 4871 ³
552 4844 837 4897 rectoribns
883 4856 934 4897 et
978 4861 1113 4900 escae
1156 4858 1407 4915 potusque
1441 4850 1761 4917 parcitatem,

244 4938 293 4979 et
320 4927 521 4983 habitus
555 4932 835 4997 vilitatem;
880 4936 1004 4988 vidit
1032 4952 1090 4991 se
1130 4937 1234 5004 jam
1285 4938 1460 4991 senior
1488 4946 1541 4991 et
1588 4940 1775 5006 plenus

243 5016 435 5068 dierum
465 5033 567 5071 non
598 5021 727 5073 ultra
762 5037 915 5089 posse
955 5026 1175 5079 subditis
1219 5025 1287 5080 ob
1337 5028 1764 5095 impedimentum

244 5118 493 5173 suprema:
549 5112 737 5175 mtatis,
792 5112 1015 5165 debitam
1064 5115 1348 5181 spiritualis
1392 5119 1631 5172 exercitii
1682 5121 1763 5171 vel

1879 682 2054 719 si-cum
2082 678 2251 721 mente
2280 684 2509 734 versans,
2556 670 2728 724 utilius
2777 671 3029 732 decrevit,
3070 672 3191 723 dato
3242 672 3403 723 fratri-

1879 758 1971 808 bus
1996 767 2271 825 praecepto,
2296 768 2349 811 ut
2372 760 2510 826 juxta
2552 761 2629 811 sui
2654 770 2837 812 statuta
2872 762 3125 830 privilegii
3150 762 3401 830 juxtaque

1878 846 2105 909 regulam
2150 845 2309 897 sancti
2358 847 2558 899 abbatis
2593 847 2875 912 Benedicti,
2925 849 2991 901 de
3021 850 3128 903 suis
3170 851 3267 903 sibi
3307 851 3402 917 ip~i

1880 932 2084 986 Patrem
2114 933 2198 1001 qui
2235 936 2401 999 aptior
2442 945 2578 989 esset
2603 938 2871 1004 eligerent,
2905 938 2923 967 ³
2948 939 3057 1004 ipse
3085 939 3107 966 ⁸
3139 940 3405 993 beatorum

1877 1024 2229 1089 apostolorum
2282 1025 2365 1076 ubi
2432 1025 2634 1090 juvenis
2686 1040 2800 1078 cum
2861 1026 3137 1081 Benedicto
3195 1028 3404 1082 fuerat:

1877 1121 2130 1177 quatenus
2174 1120 2226 1163 et
2274 1104 2383 1178 ipse
2441 1124 2560 1165 ante
2606 1124 2826 1166 mortem
2882 1115 3175 1181 aliquandiu
3232 1114 3409 1169 saeculi

1880 1198 2019 1249 curis
2050 1186 2335 1260 absolutus,
2370 1199 2579 1249 liberius
2622 1202 2830 1251 sibimet
2870 1209 3070 1255 secreta
3117 1202 3291 1269 quiete
3321 1218 3409 1253 va-

1880 1296 2056 1351 (aret;
2111 1298 2161 1337 et
2209 1288 2279 1338 illi
2326 1299 2530 1353 sumptu
2581 1288 2765 1340 abbate
2810 1289 3101 1353 juveniore,
3135 1290 3410 1354 peric-otius

1878 1377 2019 1439 juxta
2046 1384 2247 1426 aetatem
2273 1375 2499 1442 magistri
2526 1379 2767 1442 qttzevilte
2793 1378 3037 1445 regularis
3065 1388 3237 1431 essent
3264 1379 3411 1431 insti-

1884 1474 1985 1514 tuta
2013 1474 2297 1517 servarent.

1950 1550 2316 1603 Obnitentibus
2349 1551 2473 1604 licet
2520 1553 2683 1618 primo
2714 1555 2993 1619 omnibus,
3046 1566 3098 1609 et
3146 1558 3195 1607 in
3249 1558 3411 1627 lacry~

1885 1653 1994 1689 nias
2033 1638 2410 1705 singultusque,
2444 1655 2609 1705 genua
2650 1656 2765 1694 cum
2817 1644 3178 1697 obsecratione
3233 1646 3413 1697 crebra

1886 1728 2237 1790 flectentibus,
2273 1727 2465 1779 factum
2511 1738 2591 1781 est
2636 1730 2770 1797 quod
2804 1732 2981 1783 voluit.
3017 1731 3282 1800 Tantaque
3308 1744 3417 1785 erat

1890 1816 2244 1880 proﬁciscendi
2275 1818 2483 1883 cupido,
2526 1827 2580 1870 ut
2622 1818 2770 1871 tertia
2813 1819 2897 1873 die
2941 1835 3004 1873 ex
3038 1836 3141 1887 quo
3174 1822 3418 1875 fratribus

1885 1918 2143 1959 secretum
2168 1907 2245 1960 Sui
2279 1908 2527 1975 propositi
2554 1912 2773 1977 aperuit,
2808 1912 2905 1965 iter
2947 1913 3221 1978 arriperet.
3252 1914 3419 1967 'l'imc-

1884 1997 1967 2047 bat
1994 1996 2132 2049 enim
2166 1997 2298 2063 quod
2335 2000 2529 2064 evenit,
2562 2015 2625 2052 ne
2668 2001 2961 2068 priusquam
2994 2004 3213 2055 Romam
3244 2019 3421 2067 perve‘

1884 2086 1995 2137 nire
2048 2094 2243 2151 posset,
2300 2086 2497 2149 obiret;
2530 2086 2679 2140 simul
2714 2088 2968 2153 devitans,
3012 2104 3079 2142 ne
3129 2094 3193 2144 ab
3239 2092 3421 2145 amicis

1882 2174 1992 2225 sive
2022 2173 2146 2225 viris
2192 2172 2563 2241 principalibus
2592 2174 2778 2243 quibus
2816 2176 3013 2229 eunetis
3040 2188 3150 2230 erat
3194 2170 3420 2230 honora:

1885 2261 2024 2326 bilis,
2056 2261 2170 2328 ejus
2197 2270 2363 2328 empta
2390 2262 2801 2329 retardarentur,
2833 2272 2885 2317 et
2912 2278 2974 2317 ne
3011 2266 3229 2331 pecunia
3271 2266 3421 2318 dare-

1884 2361 1963 2403 tur
1991 2352 2063 2404 illi
2102 2367 2128 2404 a
2160 2353 2484 2419 quibusdam,
2510 2353 2696 2419 quibus
2726 2355 3015 2409 retribuere
3061 2372 3153 2422 pro
3185 2368 3418 2422 tempore

1884 2440 2151 2504 nequiret;
2198 2439 2329 2490 hanc
2362 2440 2558 2492 habens
2603 2454 2809 2505 semper
2857 2442 3309 2503 conSuetudinrm,
3368 2455 3421 2495 ut

1882 2527 1924 2579 si
1954 2527 2068 2594 quis
2090 2528 2137 2581 ei
2169 2527 2359 2595 aliquid
2394 2530 2624 2582 muneris
2652 2525 2878 2592 offerret,
2915 2531 3011 2583 hoc
3037 2532 3106 2583 illi
3138 2534 3217 2585 vel
3247 2535 3420 2585 statim

1885 2615 1959 2665 vel
1986 2624 2099 2680 post
2138 2614 2464 2677 intervallum
2492 2627 2815 2686 competens,
2870 2632 2971 2670 non
3015 2618 3218 2672 minore
3260 2623 3419 2685 gratia

1885 2702 2215 2770 rependeret.
2246 2706 2464 2758 Cantata
2508 2721 2631 2772 ergo
2663 2706 2831 2772 primo
2864 2722 3012 2759 inane
3052 2708 3204 2760 inissa
3236 2708 3284 2759 in
3331 2725 3419 2761 ec-

1883 2792 2040 2844 clesia
2084 2794 2249 2846 beata:
2288 2794 2377 2847 Dei
2409 2795 2679 2862 genitricis
2724 2810 3038 2863 semperque
3077 2796 3289 2864 virginis
3319 2797 3421 2847 Ma-

1884 2884 1975 2934 ria:
2006 2894 2057 2937 et
2088 2885 2137 2935 in
2160 2886 2380 2939 ecclesia
2402 2886 2621 2954 apostoli
2656 2887 2791 2941 l‘etri
2818 2887 2985 2952 pridie
3014 2887 3187 2939 Nonas
3216 2887 3415 2953 lunias,

1884 2975 2061 3040 quinta
2087 2974 2232 3038 feria,
2254 2982 2305 3028 et
2328 2976 2831 3030 communicanlibus
2857 2976 2943 3042 qui
2975 2975 3000 3013 δ
3033 2976 3271 3038 aderant,
3294 2992 3416 3029 eo"-

1886 3061 2030 3113 ιίιιιιο
2072 3050 2393 3130 praeparatur
2422 3064 2484 3117 ad
2512 3065 2758 3117 cundum.
2792 3064 3121 3118 Conveniunt
3159 3080 3340 3118 omnes
3368 3067 3417 3118 in

1886 3150 2159 3203 ecclesiam
2211 3150 2348 3204 beati
2408 3150 2565 3214 Petri,
2592 3152 2700 3217 ipse
2753 3152 2902 3205 thure
2947 3154 3157 3205 incenso
3192 3163 3244 3205 et
3280 3154 3417 3207 dicta

1887 3238 2123 3292 oratione
2151 3240 2213 3291 ad
2245 3239 2429 3304 altare,
2461 3255 2638 3307 pacem
2662 3240 2750 3293 dat
2771 3241 3028 3306 omnibus,
3056 3249 3197 3294 stans
3223 3243 3271 3293 in
3300 3258 3412 3311 gra.

1887 3326 2063 3391 dibus,
2096 3329 2410 3383 tbnribulum
2442 3330 2641 3382 habens
2668 3331 2715 3382 in
2740 3344 2889 3381 manu
2917 3346 2927 3381 :
2956 3329 3075 3383 hinc
3091 3330 3294 3382 ﬂetibus
3314 3332 3421 3383 uni-

1889 3430 2159 3468 versorum
2185 3416 2319 3469 inter
2351 3416 2556 3468 litanias
2588 3418 2972 3481 resonantibus,
3005 3428 3230 3482 exeunt;
3281 3418 3413 3471 beati

1886 3506 2144 3558 Laurentii
2196 3506 2436 3574 martyris
2465 3506 2769 3569 oratorium,
2820 3506 2955 3572 quod
3011 3508 3059 3558 in
3111 3506 3419 3559 dormitorio

1885 3595 2102 3649 fratrum
2130 3605 2241 3648 erat
2279 3594 2511 3660 obvium,
2542 3596 2765 3657 intrant;
2794 3594 2905 3648 vale
2932 3595 3107 3648 dicens
3154 3596 3415 3660 ultimum,

1883 3685 1948 3738 de
1973 3684 2327 3739 conservanda
2350 3683 2566 3737 invicem
2595 3684 2891 3749 dilectione,
2924 3693 2975 3738 et
2996 3684 3414 3751 delinquentibus

1880 3776 2025 3841 juxta
2060 3774 2397 3841 Evangelium
2421 3774 2759 3841 corripiendis
2784 3815 2799 3839 ,
2846 3772 3121 3837 admenet;
3154 3775 3410 3831 omnibus.

1882 3862 1903 3893 ‘
1931 3863 1973 3915 si
2003 3862 2121 3929 quid
2152 3862 2283 3913 forte
2310 3860 2673 3927 deliquissent,
2704 3861 2920 3928 gratiam
2954 3876 3061 3914 suae
3093 3863 3411 3914 remissionis

1882 3962 1934 4006 et
1964 3952 2263 4019 placationis
2293 3949 2472 4015 offert;
2503 3966 2683 4005 omnes
2715 3967 2807 4020 pro
2833 3966 2889 4005 se
2919 3966 3087 4016 orare,
3112 3952 3209 4005 sibi
3241 3953 3414 4018 placa-

1885 4051 1961 4095 tos
1984 4043 2228 4104 existere,
2265 4042 2309 4093 si
2338 4042 2441 4093 sint
2489 4056 2619 4109 quos
2648 4042 2826 4095 durius
2861 4042 3003 4111 justo
3041 4042 3409 4108 redarguisset,

1880 4130 2139 4186 obsecrat.
2168 4132 2390 4184 Veniunt
2443 4132 2506 4183 ad
2557 4132 2731 4195 littus;
2784 4146 2986 4185 rursum
3043 4135 3223 4185 osculo
3273 4134 3414 4199 pacis

1881 4218 2040 4273 inter'
2068 4223 2321 4289 lacrymas
2356 4222 2598 4274 omnibus
2641 4221 2781 4285 dato,
2812 4235 2978 4288 genua
3023 4221 3274 4285 ﬂectunt;
3325 4224 3413 4276 dat

1878 4313 2191 4376 orationem,
2239 4312 2472 4365 ascendit
2503 4327 2684 4365 navem
2724 4327 2839 4365 cum
2872 4313 3168 4366 comitibus.
3211 4314 3405 4367 Ascen-

1878 4406 2007 4455 dunt
2033 4412 2084 4456 et
2113 4402 2355 4455 diacones
2412 4401 2658 4455 Ecclesia:
2703 4415 2879 4454 cereas
2925 4401 3169 4455 ardentes
3215 4396 3410 4455 et‘cru-

1879 4506 1990 4545 cem
2014 4491 2239 4545 ferentes
2258 4503 2492 4553 auream,
2519 4490 2704 4542 transit
2726 4489 2937 4554 ﬂumen,
2972 4491 3149 4543 adorat
3173 4505 3403 4557 crucem,

1878 4582 2110 4634 ascendit
2138 4594 2328 4645 equum
2367 4586 2419 4630 et
2443 4577 2595 4641 abiit,
2641 4578 2834 4630 relictis
2864 4580 2912 4631 iu
2945 4581 3271 4633 monasteriis
3298 4582 3407 4634 suis

1876 4668 2119 4722 fratribus
2166 4679 2384 4719 numero
2410 4666 2571 4719 ferme
2604 4670 2883 4721 sexcentis.

1946 4758 2035 4811 Illo
2062 4766 2230 4811 autem
2262 4757 2481 4810 abeunte
2525 4771 2640 4809 cum
2672 4757 2845 4818 sociis,
2883 4757 3099 4809 redeunt
3129 4757 3192 4809 ad
3236 4760 3403 4811 eccle-

1874 4850 2003 4902 siam
2049 4848 2256 4913 fratres,
2284 4862 2341 4901 se
2370 4861 2430 4899 ac
2457 4862 2547 4902 sua
2598 4846 2818 4899 Domino
2848 4846 3053 4900 ﬂetibus
3082 4856 3135 4900 et
3165 4852 3401 4902 oratione

1874 4939 2274 4993 commendant:
2305 4946 2357 4990 et
2386 4947 2499 5003 post
2528 4952 2627 4989 non
2660 4935 2852 5003 grande
2882 4936 3232 4997 intervallum.
3259 4952 3400 4990 com-
3433 4983 3439 4989 .

1875 5028 2007 5095 pleta
2058 5028 2199 5085 horae
2248 5026 2414 5079 tertiae
2467 5024 2780 5101 psalmodia,
2831 5038 3032 5089 rursum
3076 5027 3387 5079 conveniunt

1866 5133 2075 5185 omnes;
2108 5117 2231 5185 quid
2278 5117 2529 5183 agendum
2560 5115 2625 5170 sit
2668 5115 2973 5179 consulunt;
3005 5115 3221 5181 orando,
3255 5118 3397 5182 psal-

1176 5207 1622 5265 v’ULGATORUM
1664 5212 2043 5269 VARIANTES
2082 5207 2470 5263 LECTlONES.

310 5294 326 5366 ξ
352 5289 616 5366 Ιξαηάεσιει
640 5306 775 5366 noete
790 5296 1137 5350 translationes
1161 5314 1309 5366 quam
1339 5302 1416 5350 de.

310 5361 327 5389 ’
356 5357 469 5422 Ipse
507 5361 738 5413 exerceri.

308 5423 325 5453 ³
354 5429 640 5483 [tectoribus
666 5445 806 5483 eum.

1936 5304 1958 5368 ξ
1988 5302 2264 5368 Prw/icere.

1938 5363 1957 5436 ξ
1987 5363 2394 5436 Ιρδῖὸέαιονιιηι.

1937 5432 1956 5459 ⁸
1979 5432 2170 5492 Sicubi.

1512 5524 1855 5581 VARIOIKUM
1898 5526 2115 5579 ΝΟΤᾹΞ.

309 5611 329 5637 ³
363 5608 643 5661 Bealorum.

245 5681 423 5755 ouiitti_
447 5680 755 5755 limc‘verba.
789 5694 837 5737 ut
870 5683 1076 5750 conjicit
1118 5682 1441 5741 Maltillonius
1478 5702 1490 5739 :
1538 5697 1762 5755 pergeret

246 5750 305 5801 ad
322 5750 508 5800 lirtit'ua.
543 5751 725 5803 Stltus.

715 5610 811 5665 Per
880 5614 1160 5667 scribarum
1219 5617 1465 5669 incuriam
1526 5616 1763 5670 videntur
1825 5626 1839 5639 ‘

1940 5619 1963 5657 δ
1996 5623 2168 5687 Neque
2214 5621 2331 5673 hinc
2360 5620 2548 5685 excipit
2578 5618 2905 5688 presbyteros
2934 5624 3017 5687 qui
3049 5618 3243 5687 plurimi
3281 5622 3392 5673 sine

1872 5692 2025 5745 dubio
2052 5692 2155 5745 illic
2185 5703 2301 5744 tunc
2331 5697 2495 5743 erant.
2529 5690 2747 5742 Μειιιιιι..
