  <div class='ocr_page' id='page_1' title='image "/cluster/home/n/w/nwhite01/storage/ocr_20150623/94/uva.x000827077/371.png"; bbox 0 0 3862 6394; ppageno 0'>
   <div class='ocr_carea' id='block_1_1' title="bbox 514 406 618 459">
    <p class='ocr_par' dir='ltr' id='par_1_1' title="bbox 514 406 618 459">
     <span class='ocr_line' id='line_1_1' title="bbox 514 406 618 459; baseline -0.038 0"><span class='ocrx_word' id='word_1_1' title='bbox 514 406 618 459; x_wconf 72' lang='lat'><strong>727</strong></span> 
     </span>
    </p>
   </div>
   <div class='ocr_carea' id='block_1_2' title="bbox 1252 375 2933 454">
    <p class='ocr_par' dir='ltr' id='par_1_2' title="bbox 1252 375 2933 454">
     <span class='ocr_line' id='line_1_2' title="bbox 1252 375 2933 454; baseline -0.004 -2"><span class='ocrx_word' id='word_1_2' title='bbox 1252 400 1443 454; x_wconf 68' lang='lat' dir='ltr'><strong>BENE</strong></span> <span class='ocrx_word' id='word_1_3' title='bbox 1486 399 1919 453; x_wconf 77' lang='lat' dir='ltr'><strong>VENERABILIS</strong></span> <span class='ocrx_word' id='word_1_4' title='bbox 1956 375 2098 452; x_wconf 30' lang='lat' dir='ltr'><strong>OP-P.</strong></span> <span class='ocrx_word' id='word_1_5' title='bbox 2143 396 2309 451; x_wconf 81' lang='lat' dir='ltr'><strong>PARS</strong></span> <span class='ocrx_word' id='word_1_6' title='bbox 2348 395 2429 448; x_wconf 75' lang='lat' dir='ltr'><strong>IV.</strong></span> <span class='ocrx_word' id='word_1_7' title='bbox 2463 423 2534 435; x_wconf 90' lang='lat'><strong>-</strong></span> <span class='ocrx_word' id='word_1_8' title='bbox 2568 392 2933 447; x_wconf 75' lang='lat' dir='ltr'><strong>HISTORICA.</strong></span> 
     </span>
    </p>
   </div>
   <div class='ocr_carea' id='block_1_3' title="bbox 3574 384 3669 437">
    <p class='ocr_par' dir='ltr' id='par_1_3' title="bbox 3574 384 3669 437">
     <span class='ocr_line' id='line_1_3' title="bbox 3574 384 3669 437; baseline 0 0"><span class='ocrx_word' id='word_1_9' title='bbox 3574 384 3669 437; x_wconf 66' lang='lat'><strong>728</strong></span> 
     </span>
    </p>
   </div>
   <div class='ocr_carea' id='block_1_4' title="bbox 513 492 3671 581">
    <p class='ocr_par' dir='ltr' id='par_1_4' title="bbox 513 492 3671 581">
     <span class='ocr_line' id='line_1_4' title="bbox 513 492 3671 581; baseline -0.006 -19"><span class='ocrx_word' id='word_1_10' title='bbox 513 498 690 574; x_wconf 85' lang='lat' dir='ltr'><strong>tendo,</strong></span> <span class='ocrx_word' id='word_1_11' title='bbox 720 519 773 566; x_wconf 88' lang='lat' dir='ltr'><strong>et</strong></span> <span class='ocrx_word' id='word_1_12' title='bbox 795 511 1073 581; x_wconf 81' lang='lat' dir='ltr'><strong>jejunando</strong></span> <span class='ocrx_word' id='word_1_13' title='bbox 1105 511 1303 563; x_wconf 76' lang='lat' dir='ltr'><strong>Patrem</strong></span> <span class='ocrx_word' id='word_1_14' title='bbox 1330 510 1479 562; x_wconf 87' lang='lat' dir='ltr'><strong>citius</strong></span> <span class='ocrx_word' id='word_1_15' title='bbox 1504 527 1531 561; x_wconf 84' lang='lat' dir='ltr'><strong>a</strong></span> <span class='ocrx_word' id='word_1_16' title='bbox 1564 508 1669 562; x_wconf 89' lang='lat' dir='ltr'><strong>Deo</strong></span> <span class='ocrx_word' id='word_1_17' title='bbox 1694 506 2030 574; x_wconf 61' lang='lat' dir='ltr'><strong>quaerendum</strong></span> <span class='ocrx_word' id='word_1_18' title='bbox 2060 510 2105 566; x_wconf 75' lang='grc' dir='ltr'>Α</span> <span class='ocrx_word' id='word_1_19' title='bbox 2133 503 2410 570; x_wconf 85' lang='lat' dir='ltr'><strong>spiritualis</strong></span> <span class='ocrx_word' id='word_1_20' title='bbox 2436 503 2486 554; x_wconf 91' lang='lat' dir='ltr'><strong>in</strong></span> <span class='ocrx_word' id='word_1_21' title='bbox 2515 502 2796 553; x_wconf 89' lang='lat' dir='ltr'><strong>monastica</strong></span> <span class='ocrx_word' id='word_1_22' title='bbox 2826 500 3000 568; x_wconf 89' lang='lat' dir='ltr'><strong>quiete</strong></span> <span class='ocrx_word' id='word_1_23' title='bbox 3029 499 3284 551; x_wconf 86' lang='lat' dir='ltr'><strong>libertatis</strong></span> <span class='ocrx_word' id='word_1_24' title='bbox 3312 506 3368 551; x_wconf 88' lang='lat' dir='ltr'><strong>et</strong></span> <span class='ocrx_word' id='word_1_25' title='bbox 3413 496 3587 563; x_wconf 83' lang='lat' dir='ltr'><strong>pacis.</strong></span> <span class='ocrx_word' id='word_1_26' title='bbox 3614 492 3671 546; x_wconf 80' lang='lat' dir='ltr'><strong>Et</strong></span> 
     </span>
    </p>
   </div>
   <div class='ocr_carea' id='block_1_5' title="bbox 518 597 2038 667">
    <p class='ocr_par' dir='ltr' id='par_1_5' title="bbox 518 597 2038 667">
     <span class='ocr_line' id='line_1_5' title="bbox 518 597 2038 667; baseline -0.007 -9"><span class='ocrx_word' id='word_1_27' title='bbox 518 607 833 667; x_wconf 88' lang='lat' dir='ltr'><strong>decernunt;</strong></span> <span class='ocrx_word' id='word_1_28' title='bbox 863 603 1127 655; x_wconf 83' lang='lat' dir='ltr'><strong>monachis</strong></span> <span class='ocrx_word' id='word_1_29' title='bbox 1158 601 1293 655; x_wconf 75' lang='lat' dir='ltr'><strong>beati</strong></span> <span class='ocrx_word' id='word_1_30' title='bbox 1326 601 1487 665; x_wconf 84' lang='lat' dir='ltr'><strong>Pauli,</strong></span> <span class='ocrx_word' id='word_1_31' title='bbox 1521 599 1765 652; x_wconf 72' lang='lat' dir='ltr'><strong>fratribus</strong></span> <span class='ocrx_word' id='word_1_32' title='bbox 1795 597 2038 651; x_wconf 77' lang='lat' dir='ltr'><strong>videlicet</strong></span> 
     </span>
    </p>
   </div>
   <div class='ocr_carea' id='block_1_6' title="bbox 523 687 2037 756">
    <p class='ocr_par' dir='ltr' id='par_1_6' title="bbox 523 687 2037 756">
     <span class='ocr_line' id='line_1_6' title="bbox 523 687 2037 756; baseline -0.005 -14"><span class='ocrx_word' id='word_1_33' title='bbox 523 691 644 751; x_wconf 83' lang='lat' dir='ltr'><strong>suis,</strong></span> <span class='ocrx_word' id='word_1_34' title='bbox 679 704 771 756; x_wconf 87' lang='lat' dir='ltr'><strong>per</strong></span> <span class='ocrx_word' id='word_1_35' title='bbox 812 703 990 743; x_wconf 88' lang='lat' dir='ltr'><strong>eorum</strong></span> <span class='ocrx_word' id='word_1_36' title='bbox 1034 689 1281 755; x_wconf 56' lang='lat' dir='ltr'><strong>quosdam</strong></span> <span class='ocrx_word' id='word_1_37' title='bbox 1327 689 1414 750; x_wconf 87' lang='lat' dir='ltr'><strong>qui</strong></span> <span class='ocrx_word' id='word_1_38' title='bbox 1462 687 1706 744; x_wconf 87' lang='lat' dir='ltr'><strong>aderant,</strong></span> <span class='ocrx_word' id='word_1_39' title='bbox 1739 698 1938 737; x_wconf 86' lang='lat' dir='ltr'><strong>necnon</strong></span> <span class='ocrx_word' id='word_1_40' title='bbox 1983 693 2037 735; x_wconf 92' lang='lat' dir='ltr'><strong>et</strong></span> 
     </span>
    </p>
   </div>
   <div class='ocr_carea' id='block_1_7' title="bbox 522 774 2036 844">
    <p class='ocr_par' dir='ltr' id='par_1_7' title="bbox 522 774 2036 844">
     <span class='ocr_line' id='line_1_7' title="bbox 522 774 2036 844; baseline -0.002 -17"><span class='ocrx_word' id='word_1_41' title='bbox 522 791 729 829; x_wconf 88' lang='lat' dir='ltr'><strong>suorum</strong></span> <span class='ocrx_word' id='word_1_42' title='bbox 756 777 975 844; x_wconf 89' lang='lat' dir='ltr'><strong>aliquos,</strong></span> <span class='ocrx_word' id='word_1_43' title='bbox 1008 776 1141 842; x_wconf 86' lang='lat' dir='ltr'><strong>quod</strong></span> <span class='ocrx_word' id='word_1_44' title='bbox 1191 776 1528 837; x_wconf 90' lang='lat' dir='ltr'><strong>decreverint,</strong></span> <span class='ocrx_word' id='word_1_45' title='bbox 1561 774 1808 840; x_wconf 88' lang='lat' dir='ltr'><strong>pandunt.</strong></span> <span class='ocrx_word' id='word_1_46' title='bbox 1841 775 2036 824; x_wconf 81' lang='lat' dir='ltr'><strong>Assen-</strong></span> 
     </span>
    </p>
   </div>
   <div class='ocr_carea' id='block_1_8' title="bbox 522 863 2033 930">
    <p class='ocr_par' dir='ltr' id='par_1_8' title="bbox 522 863 2033 930">
     <span class='ocr_line' id='line_1_8' title="bbox 522 863 2033 930; baseline -0.002 -14"><span class='ocrx_word' id='word_1_47' title='bbox 522 865 653 917; x_wconf 89' lang='lat' dir='ltr'><strong>tiunt</strong></span> <span class='ocrx_word' id='word_1_48' title='bbox 696 875 747 918; x_wconf 89' lang='lat' dir='ltr'><strong>et</strong></span> <span class='ocrx_word' id='word_1_49' title='bbox 796 866 900 930; x_wconf 91' lang='lat' dir='ltr'><strong>illi,</strong></span> <span class='ocrx_word' id='word_1_50' title='bbox 934 866 984 917; x_wconf 80' lang='lat' dir='ltr'><strong>lit</strong></span> <span class='ocrx_word' id='word_1_51' title='bbox 1014 875 1346 930; x_wconf 90' lang='lat' dir='ltr'><strong>utrorumque</strong></span> <span class='ocrx_word' id='word_1_52' title='bbox 1371 863 1574 916; x_wconf 87' lang='lat' dir='ltr'><strong>animus</strong></span> <span class='ocrx_word' id='word_1_53' title='bbox 1616 878 1773 927; x_wconf 86' lang='lat' dir='ltr'><strong>unus,</strong></span> <span class='ocrx_word' id='word_1_54' title='bbox 1802 864 2033 914; x_wconf 90' lang='lat' dir='ltr'><strong>omnium</strong></span> 
     </span>
    </p>
   </div>
   <div class='ocr_carea' id='block_1_9' title="bbox 518 950 2028 1013">
    <p class='ocr_par' dir='ltr' id='par_1_9' title="bbox 518 950 2028 1013">
     <span class='ocr_line' id='line_1_9' title="bbox 518 950 2028 1013; baseline -0.001 -9"><span class='ocrx_word' id='word_1_55' title='bbox 518 951 672 1004; x_wconf 89' lang='lat' dir='ltr'><strong>corda</strong></span> <span class='ocrx_word' id='word_1_56' title='bbox 700 965 928 1013; x_wconf 86' lang='lat' dir='ltr'><strong>sursum,</strong></span> <span class='ocrx_word' id='word_1_57' title='bbox 957 951 1182 1003; x_wconf 89' lang='lat' dir='ltr'><strong>omnium</strong></span> <span class='ocrx_word' id='word_1_58' title='bbox 1214 952 1443 1002; x_wconf 76' lang='lat' dir='ltr'><strong>levantur</strong></span> <span class='ocrx_word' id='word_1_59' title='bbox 1470 963 1619 1002; x_wconf 86' lang='lat' dir='ltr'><strong>voces</strong></span> <span class='ocrx_word' id='word_1_60' title='bbox 1639 951 1700 1001; x_wconf 89' lang='lat' dir='ltr'><strong>ad</strong></span> <span class='ocrx_word' id='word_1_61' title='bbox 1735 950 2028 1003; x_wconf 91' lang='lat' dir='ltr'><strong>Dominum.</strong></span> 
     </span>
    </p>
   </div>
   <div class='ocr_carea' id='block_1_10' title="bbox 518 1036 2033 1098">
    <p class='ocr_par' dir='ltr' id='par_1_10' title="bbox 518 1036 2033 1098">
     <span class='ocr_line' id='line_1_10' title="bbox 518 1036 2033 1098; baseline -0.002 -6"><span class='ocrx_word' id='word_1_62' title='bbox 518 1040 751 1093; x_wconf 83' lang='lat' dir='ltr'><strong>Tandem</strong></span> <span class='ocrx_word' id='word_1_63' title='bbox 780 1039 865 1091; x_wconf 90' lang='lat' dir='ltr'><strong>die</strong></span> <span class='ocrx_word' id='word_1_64' title='bbox 892 1040 1058 1098; x_wconf 71' lang='lat' dir='ltr'><strong>tertia,</strong></span> <span class='ocrx_word' id='word_1_65' title='bbox 1094 1040 1329 1090; x_wconf 79' lang='lat' dir='ltr'><strong>veniente</strong></span> <span class='ocrx_word' id='word_1_66' title='bbox 1378 1037 1638 1089; x_wconf 87' lang='lat' dir='ltr'><strong>Dominico</strong></span> <span class='ocrx_word' id='word_1_67' title='bbox 1665 1037 1749 1089; x_wconf 90' lang='lat' dir='ltr'><strong>die</strong></span> <span class='ocrx_word' id='word_1_68' title='bbox 1778 1036 2033 1089; x_wconf 85' lang='lat' dir='ltr'><strong>Penteco-</strong></span> 
     </span>
    </p>
   </div>
   <div class='ocr_carea' id='block_1_11' title="bbox 520 1126 2035 1196">
    <p class='ocr_par' dir='ltr' id='par_1_11' title="bbox 520 1126 2035 1196">
     <span class='ocr_line' id='line_1_11' title="bbox 520 1126 2035 1196; baseline -0.002 -14"><span class='ocrx_word' id='word_1_69' title='bbox 520 1142 648 1193; x_wconf 76' lang='lat' dir='ltr'><strong>stes,</strong></span> <span class='ocrx_word' id='word_1_70' title='bbox 688 1130 1000 1182; x_wconf 89' lang='lat' dir='ltr'><strong>conveniunt</strong></span> <span class='ocrx_word' id='word_1_71' title='bbox 1036 1144 1215 1182; x_wconf 90' lang='lat' dir='ltr'><strong>omnes</strong></span> <span class='ocrx_word' id='word_1_72' title='bbox 1263 1129 1347 1196; x_wconf 90' lang='lat' dir='ltr'><strong>qui</strong></span> <span class='ocrx_word' id='word_1_73' title='bbox 1376 1130 1391 1158; x_wconf 82' lang='grc'>¹</span> <span class='ocrx_word' id='word_1_74' title='bbox 1437 1136 1585 1180; x_wconf 89' lang='lat' dir='ltr'><strong>erant</strong></span> <span class='ocrx_word' id='word_1_75' title='bbox 1628 1126 1678 1179; x_wconf 86' lang='lat' dir='ltr'><strong>in</strong></span> <span class='ocrx_word' id='word_1_76' title='bbox 1718 1128 2035 1180; x_wconf 90' lang='lat' dir='ltr'><strong>monasterio</strong></span> 
     </span>
    </p>
   </div>
   <div class='ocr_carea' id='block_1_12' title="bbox 523 1215 2036 1280">
    <p class='ocr_par' dir='ltr' id='par_1_12' title="bbox 523 1215 2036 1280">
     <span class='ocr_line' id='line_1_12' title="bbox 523 1215 2036 1280; baseline -0.003 -10"><span class='ocrx_word' id='word_1_77' title='bbox 523 1216 669 1270; x_wconf 89' lang='lat' dir='ltr'><strong>beati</strong></span> <span class='ocrx_word' id='word_1_78' title='bbox 701 1218 835 1270; x_wconf 86' lang='lat' dir='ltr'><strong>Petri</strong></span> <span class='ocrx_word' id='word_1_79' title='bbox 880 1218 929 1270; x_wconf 89' lang='lat' dir='ltr'><strong>in</strong></span> <span class='ocrx_word' id='word_1_80' title='bbox 971 1217 1264 1280; x_wconf 84' lang='lat' dir='ltr'><strong>concilium,</strong></span> <span class='ocrx_word' id='word_1_81' title='bbox 1293 1219 1480 1269; x_wconf 86' lang='lat' dir='ltr'><strong>adsunt</strong></span> <span class='ocrx_word' id='word_1_82' title='bbox 1523 1226 1575 1268; x_wconf 92' lang='lat' dir='ltr'><strong>et</strong></span> <span class='ocrx_word' id='word_1_83' title='bbox 1610 1215 1675 1267; x_wconf 87' lang='lat' dir='ltr'><strong>de</strong></span> <span class='ocrx_word' id='word_1_84' title='bbox 1722 1216 2036 1267; x_wconf 88' lang='lat' dir='ltr'><strong>monasterio</strong></span> 
     </span>
    </p>
   </div>
   <div class='ocr_carea' id='block_1_13' title="bbox 522 1302 2029 1369">
    <p class='ocr_par' dir='ltr' id='par_1_13' title="bbox 522 1302 2029 1369">
     <span class='ocr_line' id='line_1_13' title="bbox 522 1302 2029 1369; baseline -0.003 -13"><span class='ocrx_word' id='word_1_85' title='bbox 522 1306 652 1357; x_wconf 90' lang='lat' dir='ltr'><strong>bcati</strong></span> <span class='ocrx_word' id='word_1_86' title='bbox 698 1305 837 1357; x_wconf 85' lang='lat' dir='ltr'><strong>Pauli</strong></span> <span class='ocrx_word' id='word_1_87' title='bbox 879 1306 1140 1358; x_wconf 88' lang='lat' dir='ltr'><strong>seniorum</strong></span> <span class='ocrx_word' id='word_1_88' title='bbox 1168 1319 1267 1355; x_wconf 95' lang='lat' dir='ltr'><strong>non</strong></span> <span class='ocrx_word' id='word_1_89' title='bbox 1302 1303 1466 1369; x_wconf 89' lang='lat' dir='ltr'><strong>pauci.</strong></span> <span class='ocrx_word' id='word_1_90' title='bbox 1497 1302 1581 1355; x_wconf 86' lang='lat' dir='ltr'><strong>Fit</strong></span> <span class='ocrx_word' id='word_1_91' title='bbox 1606 1317 1702 1353; x_wconf 85' lang='lat' dir='ltr'><strong>una</strong></span> <span class='ocrx_word' id='word_1_92' title='bbox 1733 1303 2029 1365; x_wconf 85' lang='lat' dir='ltr'><strong>concordia,</strong></span> 
     </span>
    </p>
   </div>
   <div class='ocr_carea' id='block_1_14' title="bbox 521 1389 2031 1457">
    <p class='ocr_par' dir='ltr' id='par_1_14' title="bbox 521 1389 2031 1457">
     <span class='ocr_line' id='line_1_14' title="bbox 521 1389 2031 1457; baseline -0.001 -14"><span class='ocrx_word' id='word_1_93' title='bbox 521 1393 699 1443; x_wconf 76' lang='lat' dir='ltr'><strong>eadem</strong></span> <span class='ocrx_word' id='word_1_94' title='bbox 742 1401 1071 1457; x_wconf 88' lang='lat' dir='ltr'><strong>utrorumque</strong></span> <span class='ocrx_word' id='word_1_95' title='bbox 1096 1391 1369 1442; x_wconf 51' lang='lat' dir='ltr'><strong>sententia.</strong></span> <span class='ocrx_word' id='word_1_96' title='bbox 1403 1389 1615 1456; x_wconf 80' lang='lat' dir='ltr'><strong>Eligitur</strong></span> <span class='ocrx_word' id='word_1_97' title='bbox 1660 1390 1829 1454; x_wconf 82' lang='lat' dir='ltr'><strong>itaque</strong></span> <span class='ocrx_word' id='word_1_98' title='bbox 1873 1390 2031 1442; x_wconf 85' lang='lat' dir='ltr'><strong>abbas</strong></span> 
     </span>
    </p>
   </div>
   <div class='ocr_carea' id='block_1_15' title="bbox 524 1476 2031 1546">
    <p class='ocr_par' dir='ltr' id='par_1_15' title="bbox 524 1476 2031 1546">
     <span class='ocr_line' id='line_1_15' title="bbox 524 1476 2031 1546; baseline -0.001 -14"><span class='ocrx_word' id='word_1_99' title='bbox 524 1479 916 1542; x_wconf 82' lang='lat' dir='ltr'><strong>lluaetberctus,</strong></span> <span class='ocrx_word' id='word_1_100' title='bbox 938 1480 1021 1546; x_wconf 87' lang='lat' dir='ltr'><strong>qui</strong></span> <span class='ocrx_word' id='word_1_101' title='bbox 1047 1493 1074 1529; x_wconf 92' lang='lat' dir='ltr'><strong>a</strong></span> <span class='ocrx_word' id='word_1_102' title='bbox 1106 1478 1285 1545; x_wconf 85' lang='lat' dir='ltr'><strong>primis</strong></span> <span class='ocrx_word' id='word_1_103' title='bbox 1326 1476 1554 1543; x_wconf 72' lang='lat' dir='ltr'><strong>pueritia:</strong></span> <span class='ocrx_word' id='word_1_104' title='bbox 1600 1478 1913 1543; x_wconf 78' lang='lat' dir='ltr'><strong>temporibus</strong></span> <span class='ocrx_word' id='word_1_105' title='bbox 1943 1494 2031 1531; x_wconf 89' lang='lat' dir='ltr'><strong>eo-</strong></span> 
     </span>
    </p>
   </div>
   <div class='ocr_carea' id='block_1_16' title="bbox 524 1560 2030 1634">
    <p class='ocr_par' dir='ltr' id='par_1_16' title="bbox 524 1560 2030 1634">
     <span class='ocr_line' id='line_1_16' title="bbox 524 1560 2030 1634; baseline 0 -15"><span class='ocrx_word' id='word_1_106' title='bbox 524 1568 638 1620; x_wconf 83' lang='lat' dir='ltr'><strong>dem</strong></span> <span class='ocrx_word' id='word_1_107' title='bbox 668 1568 717 1619; x_wconf 90' lang='lat' dir='ltr'><strong>in</strong></span> <span class='ocrx_word' id='word_1_108' title='bbox 754 1560 1063 1619; x_wconf 79' lang='lat' dir='ltr'><strong>monasterio</strong></span> <span class='ocrx_word' id='word_1_109' title='bbox 1092 1581 1190 1618; x_wconf 91' lang='lat' dir='ltr'><strong>non</strong></span> <span class='ocrx_word' id='word_1_110' title='bbox 1220 1566 1384 1618; x_wconf 88' lang='lat' dir='ltr'><strong>solum</strong></span> <span class='ocrx_word' id='word_1_111' title='bbox 1417 1567 1665 1634; x_wconf 81' lang='lat' dir='ltr'><strong>regularis</strong></span> <span class='ocrx_word' id='word_1_112' title='bbox 1704 1567 2030 1620; x_wconf 80' lang='lat' dir='ltr'><strong>observantia</strong></span> 
     </span>
    </p>
   </div>
   <div class='ocr_carea' id='block_1_17' title="bbox 521 1653 2035 1720">
    <p class='ocr_par' dir='ltr' id='par_1_17' title="bbox 521 1653 2035 1720">
     <span class='ocr_line' id='line_1_17' title="bbox 521 1653 2035 1720; baseline -0.001 -14"><span class='ocrx_word' id='word_1_113' title='bbox 521 1653 804 1720; x_wconf 62' lang='lat' dir='ltr'><strong>disciplinae</strong></span> <span class='ocrx_word' id='word_1_114' title='bbox 832 1654 1116 1714; x_wconf 86' lang='lat' dir='ltr'><strong>institutus,</strong></span> <span class='ocrx_word' id='word_1_115' title='bbox 1147 1653 1238 1706; x_wconf 87' lang='lat' dir='ltr'><strong>sed</strong></span> <span class='ocrx_word' id='word_1_116' title='bbox 1278 1664 1327 1704; x_wconf 89' lang='lat' dir='ltr'><strong>et</strong></span> <span class='ocrx_word' id='word_1_117' title='bbox 1364 1654 1640 1715; x_wconf 78' lang='lat' dir='ltr'><strong>scribendi,</strong></span> <span class='ocrx_word' id='word_1_118' title='bbox 1671 1655 1928 1716; x_wconf 83' lang='lat' dir='ltr'><strong>cantandi,</strong></span> <span class='ocrx_word' id='word_1_119' title='bbox 1962 1655 2035 1706; x_wconf 87' lang='lat' dir='ltr'><strong>le-</strong></span> 
     </span>
    </p>
   </div>
   <div class='ocr_carea' id='block_1_18' title="bbox 522 1740 2029 1809">
    <p class='ocr_par' dir='ltr' id='par_1_18' title="bbox 522 1740 2029 1809">
     <span class='ocr_line' id='line_1_18' title="bbox 522 1740 2029 1809; baseline 0.002 -16"><span class='ocrx_word' id='word_1_120' title='bbox 522 1743 671 1809; x_wconf 84' lang='lat' dir='ltr'><strong>gendi</strong></span> <span class='ocrx_word' id='word_1_121' title='bbox 704 1756 762 1792; x_wconf 87' lang='lat' dir='ltr'><strong>ac</strong></span> <span class='ocrx_word' id='word_1_122' title='bbox 804 1742 1018 1793; x_wconf 88' lang='lat' dir='ltr'><strong>docendi</strong></span> <span class='ocrx_word' id='word_1_123' title='bbox 1060 1740 1227 1792; x_wconf 85' lang='lat' dir='ltr'><strong>fuerat</strong></span> <span class='ocrx_word' id='word_1_124' title='bbox 1268 1757 1366 1791; x_wconf 77' lang='lat' dir='ltr'><strong>non</strong></span> <span class='ocrx_word' id='word_1_125' title='bbox 1410 1755 1562 1806; x_wconf 85' lang='lat' dir='ltr'><strong>parva</strong></span> <span class='ocrx_word' id='word_1_126' title='bbox 1593 1744 1903 1794; x_wconf 82' lang='lat' dir='ltr'><strong>exercitatus</strong></span> <span class='ocrx_word' id='word_1_127' title='bbox 1948 1744 2029 1796; x_wconf 51' lang='lat' dir='ltr'><strong>in.</strong></span> 
     </span>
    </p>
   </div>
   <div class='ocr_carea' id='block_1_19' title="bbox 2136 586 3668 659">
    <p class='ocr_par' dir='ltr' id='par_1_19' title="bbox 2136 586 3668 659">
     <span class='ocr_line' id='line_1_19' title="bbox 2136 586 3668 659; baseline -0.005 -15"><span class='ocrx_word' id='word_1_128' title='bbox 2136 594 2354 657; x_wconf 89' lang='lat' dir='ltr'><strong>primum</strong></span> <span class='ocrx_word' id='word_1_129' title='bbox 2382 591 2589 659; x_wconf 88' lang='lat' dir='ltr'><strong>quidem</strong></span> <span class='ocrx_word' id='word_1_130' title='bbox 2612 592 2804 656; x_wconf 75' lang='lat' dir='ltr'><strong>gratias</strong></span> <span class='ocrx_word' id='word_1_131' title='bbox 2825 592 3023 655; x_wconf 80' lang='lat' dir='ltr'><strong>agimus</strong></span> <span class='ocrx_word' id='word_1_132' title='bbox 3046 598 3239 640; x_wconf 58' lang='lat' dir='ltr'><strong>sancte</strong></span> <span class='ocrx_word' id='word_1_133' title='bbox 3282 598 3337 641; x_wconf 90' lang='lat' dir='ltr'><strong>et</strong></span> <span class='ocrx_word' id='word_1_134' title='bbox 3382 586 3668 637; x_wconf 70' lang='lat' dir='ltr'><strong>individu:</strong></span> 
     </span>
    </p>
   </div>
   <div class='ocr_carea' id='block_1_20' title="bbox 2134 676 3669 748">
    <p class='ocr_par' dir='ltr' id='par_1_20' title="bbox 2134 676 3669 748">
     <span class='ocr_line' id='line_1_20' title="bbox 2134 676 3669 748; baseline -0.007 -15"><span class='ocrx_word' id='word_1_135' title='bbox 2134 680 2391 743; x_wconf 87' lang='lat' dir='ltr'><strong>Trinitati,</strong></span> <span class='ocrx_word' id='word_1_136' title='bbox 2422 681 2555 747; x_wconf 89' lang='lat' dir='ltr'><strong>quod</strong></span> <span class='ocrx_word' id='word_1_137' title='bbox 2602 682 2730 748; x_wconf 89' lang='lat' dir='ltr'><strong>ipse,</strong></span> <span class='ocrx_word' id='word_1_138' title='bbox 2781 680 2877 733; x_wconf 89' lang='lat' dir='ltr'><strong>etsi</strong></span> <span class='ocrx_word' id='word_1_139' title='bbox 2932 694 3035 732; x_wconf 92' lang='lat' dir='ltr'><strong>non</strong></span> <span class='ocrx_word' id='word_1_140' title='bbox 3076 679 3190 733; x_wconf 77' lang='lat' dir='ltr'><strong>sine</strong></span> <span class='ocrx_word' id='word_1_141' title='bbox 3223 676 3455 729; x_wconf 74' lang='lat' dir='ltr'><strong>maximo</strong></span> <span class='ocrx_word' id='word_1_142' title='bbox 3488 682 3669 725; x_wconf 84' lang='lat' dir='ltr'><strong>nostro</strong></span> 
     </span>
    </p>
   </div>
   <div class='ocr_carea' id='block_1_21' title="bbox 2132 769 3664 837">
    <p class='ocr_par' dir='ltr' id='par_1_21' title="bbox 2132 769 3664 837">
     <span class='ocr_line' id='line_1_21' title="bbox 2132 769 3664 837; baseline -0.005 -16"><span class='ocrx_word' id='word_1_143' title='bbox 2132 769 2329 833; x_wconf 89' lang='lat' dir='ltr'><strong>dolore,</strong></span> <span class='ocrx_word' id='word_1_144' title='bbox 2360 771 2575 837; x_wconf 86' lang='lat' dir='ltr'><strong>gemitu,</strong></span> <span class='ocrx_word' id='word_1_145' title='bbox 2619 770 2778 833; x_wconf 92' lang='lat' dir='ltr'><strong>luctu,</strong></span> <span class='ocrx_word' id='word_1_146' title='bbox 2808 783 2869 821; x_wconf 87' lang='lat' dir='ltr'><strong>ac</strong></span> <span class='ocrx_word' id='word_1_147' title='bbox 2906 773 3269 835; x_wconf 80' lang='lat' dir='ltr'><strong>prosecutione</strong></span> <span class='ocrx_word' id='word_1_148' title='bbox 3311 769 3664 834; x_wconf 75' lang='lat' dir='ltr'><strong>lacrymarmn</strong></span> 
     </span>
    </p>
   </div>
   <div class='ocr_carea' id='block_1_22' title="bbox 2132 857 3667 926">
    <p class='ocr_par' dir='ltr' id='par_1_22' title="bbox 2132 857 3667 926">
     <span class='ocr_line' id='line_1_22' title="bbox 2132 857 3667 926; baseline -0.004 -14"><span class='ocrx_word' id='word_1_149' title='bbox 2132 875 2159 912; x_wconf 91' lang='lat' dir='ltr'><strong>a</strong></span> <span class='ocrx_word' id='word_1_150' title='bbox 2184 861 2333 913; x_wconf 88' lang='lat' dir='ltr'><strong>nobis</strong></span> <span class='ocrx_word' id='word_1_151' title='bbox 2361 862 2514 925; x_wconf 89' lang='lat' dir='ltr'><strong>abiit;</strong></span> <span class='ocrx_word' id='word_1_152' title='bbox 2563 860 2626 912; x_wconf 90' lang='lat' dir='ltr'><strong>ad</strong></span> <span class='ocrx_word' id='word_1_153' title='bbox 2655 875 2765 926; x_wconf 70' lang='lat' dir='ltr'><strong>sua:</strong></span> <span class='ocrx_word' id='word_1_154' title='bbox 2796 869 2967 913; x_wconf 90' lang='lat' dir='ltr'><strong>tamen</strong></span> <span class='ocrx_word' id='word_1_155' title='bbox 3010 861 3097 911; x_wconf 88' lang='lat' dir='ltr'><strong>ditt</strong></span> <span class='ocrx_word' id='word_1_156' title='bbox 3127 860 3442 912; x_wconf 64' lang='lat' dir='ltr'><strong>desiderata:</strong></span> <span class='ocrx_word' id='word_1_157' title='bbox 3476 857 3667 923; x_wconf 79' lang='lat' dir='ltr'><strong>quietis</strong></span> 
     </span>
    </p>
   </div>
   <div class='ocr_carea' id='block_1_23' title="bbox 2131 946 3664 1013">
    <p class='ocr_par' dir='ltr' id='par_1_23' title="bbox 2131 946 3664 1013">
     <span class='ocr_line' id='line_1_23' title="bbox 2131 946 3664 1013; baseline -0.001 -15"><span class='ocrx_word' id='word_1_158' title='bbox 2131 948 2313 1013; x_wconf 83' lang='lat' dir='ltr'><strong>gaudia</strong></span> <span class='ocrx_word' id='word_1_159' title='bbox 2355 958 2530 1000; x_wconf 88' lang='lat' dir='ltr'><strong>sancta</strong></span> <span class='ocrx_word' id='word_1_160' title='bbox 2576 948 2848 1013; x_wconf 84' lang='lat' dir='ltr'><strong>pervenit:</strong></span> <span class='ocrx_word' id='word_1_161' title='bbox 2879 946 3003 998; x_wconf 91' lang='lat' dir='ltr'><strong>dum</strong></span> <span class='ocrx_word' id='word_1_162' title='bbox 3046 960 3105 999; x_wconf 87' lang='lat' dir='ltr'><strong>ea</strong></span> <span class='ocrx_word' id='word_1_163' title='bbox 3151 961 3266 1013; x_wconf 74' lang='lat' dir='ltr'><strong>qua:</strong></span> <span class='ocrx_word' id='word_1_164' title='bbox 3309 946 3565 1012; x_wconf 78' lang='lat' dir='ltr'><strong>juvenem</strong></span> <span class='ocrx_word' id='word_1_165' title='bbox 3612 958 3664 997; x_wconf 78' lang='lat' dir='ltr'><strong>se</strong></span> 
     </span>
    </p>
   </div>
   <div class='ocr_carea' id='block_1_24' title="bbox 2132 1033 3660 1101">
    <p class='ocr_par' dir='ltr' id='par_1_24' title="bbox 2132 1033 3660 1101">
     <span class='ocr_line' id='line_1_24' title="bbox 2132 1033 3660 1101; baseline -0.003 -15"><span class='ocrx_word' id='word_1_166' title='bbox 2132 1034 2339 1098; x_wconf 88' lang='lat' dir='ltr'><strong>adiisse,</strong></span> <span class='ocrx_word' id='word_1_167' title='bbox 2363 1036 2551 1087; x_wconf 81' lang='lat' dir='ltr'><strong>vidisse</strong></span> <span class='ocrx_word' id='word_1_168' title='bbox 2573 1042 2727 1101; x_wconf 89' lang='lat' dir='ltr'><strong>atque</strong></span> <span class='ocrx_word' id='word_1_169' title='bbox 2745 1035 2990 1087; x_wconf 85' lang='lat' dir='ltr'><strong>adorasse</strong></span> <span class='ocrx_word' id='word_1_170' title='bbox 3016 1048 3221 1098; x_wconf 85' lang='lat' dir='ltr'><strong>semper</strong></span> <span class='ocrx_word' id='word_1_171' title='bbox 3250 1033 3547 1086; x_wconf 85' lang='lat' dir='ltr'><strong>recordans</strong></span> <span class='ocrx_word' id='word_1_172' title='bbox 3576 1046 3660 1083; x_wconf 79' lang='lat' dir='ltr'><strong>ex-</strong></span> 
     </span>
    </p>
   </div>
   <div class='ocr_carea' id='block_1_25' title="bbox 2132 1120 3660 1189">
    <p class='ocr_par' dir='ltr' id='par_1_25' title="bbox 2132 1120 3660 1189">
     <span class='ocr_line' id='line_1_25' title="bbox 2132 1120 3660 1189; baseline -0.002 -16"><span class='ocrx_word' id='word_1_173' title='bbox 2132 1124 2375 1189; x_wconf 90' lang='lat' dir='ltr'><strong>sultabat,</strong></span> <span class='ocrx_word' id='word_1_174' title='bbox 2398 1122 2551 1175; x_wconf 88' lang='lat' dir='ltr'><strong>etiam</strong></span> <span class='ocrx_word' id='word_1_175' title='bbox 2570 1123 2715 1175; x_wconf 89' lang='lat' dir='ltr'><strong>senio</strong></span> <span class='ocrx_word' id='word_1_176' title='bbox 2735 1121 2994 1185; x_wconf 78' lang='lat' dir='ltr'><strong>defessus,</strong></span> <span class='ocrx_word' id='word_1_177' title='bbox 3016 1122 3283 1174; x_wconf 83' lang='lat' dir='ltr'><strong>beatorum</strong></span> <span class='ocrx_word' id='word_1_178' title='bbox 3304 1120 3660 1187; x_wconf 74' lang='lat' dir='ltr'><strong>apostolorum</strong></span> 
     </span>
    </p>
   </div>
   <div class='ocr_carea' id='block_1_26' title="bbox 2134 1210 3662 1277">
    <p class='ocr_par' dir='ltr' id='par_1_26' title="bbox 2134 1210 3662 1277">
     <span class='ocr_line' id='line_1_26' title="bbox 2134 1210 3662 1277; baseline -0.001 -16"><span class='ocrx_word' id='word_1_179' title='bbox 2134 1211 2352 1262; x_wconf 87' lang='lat' dir='ltr'><strong>devotus</strong></span> <span class='ocrx_word' id='word_1_180' title='bbox 2397 1211 2571 1263; x_wconf 86' lang='lat' dir='ltr'><strong>limina</strong></span> <span class='ocrx_word' id='word_1_181' title='bbox 2618 1210 2841 1276; x_wconf 89' lang='lat' dir='ltr'><strong>repetiit.</strong></span> <span class='ocrx_word' id='word_1_182' title='bbox 2873 1210 2937 1262; x_wconf 89' lang='lat' dir='ltr'><strong>Et</strong></span> <span class='ocrx_word' id='word_1_183' title='bbox 2967 1220 3081 1277; x_wconf 85' lang='lat' dir='ltr'><strong>pust</strong></span> <span class='ocrx_word' id='word_1_184' title='bbox 3111 1212 3292 1277; x_wconf 88' lang='lat' dir='ltr'><strong>longos</strong></span> <span class='ocrx_word' id='word_1_185' title='bbox 3337 1212 3569 1274; x_wconf 84' lang='lat' dir='ltr'><strong>amplius</strong></span> <span class='ocrx_word' id='word_1_186' title='bbox 3602 1224 3662 1260; x_wconf 79' lang='lat' dir='ltr'><strong>st.</strong></span> 
     </span>
    </p>
   </div>
   <div class='ocr_carea' id='block_1_27' title="bbox 2131 1299 3657 1366">
    <p class='ocr_par' dir='ltr' id='par_1_27' title="bbox 2131 1299 3657 1366">
     <span class='ocr_line' id='line_1_27' title="bbox 2131 1299 3657 1366; baseline 0.001 -18"><span class='ocrx_word' id='word_1_187' title='bbox 2131 1314 2380 1351; x_wconf 81' lang='lat' dir='ltr'><strong>annorum</strong></span> <span class='ocrx_word' id='word_1_188' title='bbox 2410 1299 2610 1352; x_wconf 89' lang='lat' dir='ltr'><strong>labores</strong></span> <span class='ocrx_word' id='word_1_189' title='bbox 2636 1313 2887 1366; x_wconf 88' lang='lat' dir='ltr'><strong>curasque</strong></span> <span class='ocrx_word' id='word_1_190' title='bbox 2926 1300 3216 1361; x_wconf 87' lang='lat' dir='ltr'><strong>continuas,</strong></span> <span class='ocrx_word' id='word_1_191' title='bbox 3243 1300 3432 1366; x_wconf 85' lang='lat' dir='ltr'><strong>quibus</strong></span> <span class='ocrx_word' id='word_1_192' title='bbox 3464 1312 3657 1349; x_wconf 80' lang='lat' dir='ltr'><strong>mona-</strong></span> 
     </span>
    </p>
   </div>
   <div class='ocr_carea' id='block_1_28' title="bbox 2130 1385 3658 1452">
    <p class='ocr_par' dir='ltr' id='par_1_28' title="bbox 2130 1385 3658 1452">
     <span class='ocr_line' id='line_1_28' title="bbox 2130 1385 3658 1452; baseline -0.001 -14"><span class='ocrx_word' id='word_1_193' title='bbox 2130 1387 2300 1439; x_wconf 87' lang='lat' dir='ltr'><strong>steriis</strong></span> <span class='ocrx_word' id='word_1_194' title='bbox 2328 1386 2565 1452; x_wconf 81' lang='lat' dir='ltr'><strong>regendis</strong></span> <span class='ocrx_word' id='word_1_195' title='bbox 2608 1387 2809 1439; x_wconf 88' lang='lat' dir='ltr'><strong>abbatis</strong></span> <span class='ocrx_word' id='word_1_196' title='bbox 2833 1386 2951 1452; x_wconf 88' lang='lat' dir='ltr'><strong>jure</strong></span> <span class='ocrx_word' id='word_1_197' title='bbox 2998 1386 3217 1451; x_wconf 64' lang='lat' dir='ltr'><strong>praefuit,</strong></span> <span class='ocrx_word' id='word_1_198' title='bbox 3261 1385 3658 1451; x_wconf 81' lang='lat' dir='ltr'><strong>incomparabili</strong></span> 
     </span>
    </p>
   </div>
   <div class='ocr_carea' id='block_1_29' title="bbox 2133 1473 3663 1541">
    <p class='ocr_par' dir='ltr' id='par_1_29' title="bbox 2133 1473 3663 1541">
     <span class='ocr_line' id='line_1_29' title="bbox 2133 1473 3663 1541; baseline 0.001 -18"><span class='ocrx_word' id='word_1_199' title='bbox 2133 1473 2337 1526; x_wconf 86' lang='lat' dir='ltr'><strong>virtutis</strong></span> <span class='ocrx_word' id='word_1_200' title='bbox 2366 1489 2544 1526; x_wconf 88' lang='lat' dir='ltr'><strong>amore</strong></span> <span class='ocrx_word' id='word_1_201' title='bbox 2570 1474 2715 1541; x_wconf 79' lang='lat' dir='ltr'><strong>quasi</strong></span> <span class='ocrx_word' id='word_1_202' title='bbox 2744 1488 2906 1540; x_wconf 84' lang='lat' dir='ltr'><strong>nuper</strong></span> <span class='ocrx_word' id='word_1_203' title='bbox 2938 1473 2999 1527; x_wconf 88' lang='lat' dir='ltr'><strong>ad</strong></span> <span class='ocrx_word' id='word_1_204' title='bbox 3040 1474 3498 1528; x_wconf 75' lang='lat' dir='ltr'><strong>comersationem</strong></span> <span class='ocrx_word' id='word_1_205' title='bbox 3550 1476 3663 1525; x_wconf 67' lang='lat' dir='ltr'><strong>vita</strong></span> 
     </span>
    </p>
   </div>
   <div class='ocr_carea' id='block_1_30' title="bbox 2132 1564 3658 1630">
    <p class='ocr_par' dir='ltr' id='par_1_30' title="bbox 2132 1564 3658 1630">
     <span class='ocr_line' id='line_1_30' title="bbox 2132 1564 3658 1630; baseline -0.003 -13"><span class='ocrx_word' id='word_1_206' title='bbox 2132 1565 2356 1617; x_wconf 67' lang='lat' dir='ltr'><strong>cmlestis</strong></span> <span class='ocrx_word' id='word_1_207' title='bbox 2402 1566 2615 1629; x_wconf 89' lang='lat' dir='ltr'><strong>accitus,</strong></span> <span class='ocrx_word' id='word_1_208' title='bbox 2658 1564 2834 1617; x_wconf 91' lang='lat' dir='ltr'><strong>ultima</strong></span> <span class='ocrx_word' id='word_1_209' title='bbox 2881 1565 3145 1617; x_wconf 86' lang='lat' dir='ltr'><strong>confectus</strong></span> <span class='ocrx_word' id='word_1_210' title='bbox 3188 1576 3363 1623; x_wconf 71' lang='lat' dir='ltr'><strong>tetate,</strong></span> <span class='ocrx_word' id='word_1_211' title='bbox 3392 1573 3449 1617; x_wconf 89' lang='lat' dir='ltr'><strong>et</strong></span> <span class='ocrx_word' id='word_1_212' title='bbox 3503 1579 3658 1630; x_wconf 82' lang='lat' dir='ltr'><strong>prope</strong></span> 
     </span>
    </p>
   </div>
   <div class='ocr_carea' id='block_1_31' title="bbox 2126 1651 3661 1721">
    <p class='ocr_par' dir='ltr' id='par_1_31' title="bbox 2126 1651 3661 1721">
     <span class='ocr_line' id='line_1_31' title="bbox 2126 1651 3661 1721; baseline 0.001 -18"><span class='ocrx_word' id='word_1_213' title='bbox 2126 1652 2230 1719; x_wconf 89' lang='lat' dir='ltr'><strong>jam</strong></span> <span class='ocrx_word' id='word_1_214' title='bbox 2254 1654 2550 1716; x_wconf 91' lang='lat' dir='ltr'><strong>moriturus,</strong></span> <span class='ocrx_word' id='word_1_215' title='bbox 2568 1666 2744 1705; x_wconf 85' lang='lat' dir='ltr'><strong>rursus</strong></span> <span class='ocrx_word' id='word_1_216' title='bbox 2766 1652 2943 1720; x_wconf 81' lang='lat' dir='ltr'><strong>incipit</strong></span> <span class='ocrx_word' id='word_1_217' title='bbox 2970 1653 3286 1721; x_wconf 75' lang='lat' dir='ltr'><strong>peregrinari</strong></span> <span class='ocrx_word' id='word_1_218' title='bbox 3313 1667 3407 1717; x_wconf 87' lang='lat' dir='ltr'><strong>pro</strong></span> <span class='ocrx_word' id='word_1_219' title='bbox 3424 1651 3661 1715; x_wconf 81' lang='lat' dir='ltr'><strong>Christo,</strong></span> 
     </span>
    </p>
   </div>
   <div class='ocr_carea' id='block_1_32' title="bbox 2130 1742 3659 1808">
    <p class='ocr_par' dir='ltr' id='par_1_32' title="bbox 2130 1742 3659 1808">
     <span class='ocr_line' id='line_1_32' title="bbox 2130 1742 3659 1808; baseline 0.001 -17"><span class='ocrx_word' id='word_1_220' title='bbox 2130 1756 2232 1808; x_wconf 87' lang='lat' dir='ltr'><strong>quo</strong></span> <span class='ocrx_word' id='word_1_221' title='bbox 2275 1742 2484 1795; x_wconf 89' lang='lat' dir='ltr'><strong>liberius</strong></span> <span class='ocrx_word' id='word_1_222' title='bbox 2533 1743 2697 1808; x_wconf 88' lang='lat' dir='ltr'><strong>prisca</strong></span> <span class='ocrx_word' id='word_1_223' title='bbox 2746 1742 3146 1795; x_wconf 82' lang='lat' dir='ltr'><strong>sollicitudinum</strong></span> <span class='ocrx_word' id='word_1_224' title='bbox 3184 1742 3517 1793; x_wconf 69' lang='lat' dir='ltr'><strong>saecularium</strong></span> <span class='ocrx_word' id='word_1_225' title='bbox 3560 1745 3659 1805; x_wconf 82' lang='lat' dir='ltr'><strong>spi-</strong></span> 
     </span>
    </p>
   </div>
   <div class='ocr_carea' id='block_1_33' title="bbox 521 1812 3658 1896">
    <p class='ocr_par' dir='ltr' id='par_1_33' title="bbox 521 1812 3658 1896">
     <span class='ocr_line' id='line_1_33' title="bbox 521 1812 3658 1896; baseline 0 -17"><span class='ocrx_word' id='word_1_226' title='bbox 521 1828 742 1880; x_wconf 86' lang='lat' dir='ltr'><strong>dustria.</strong></span> <span class='ocrx_word' id='word_1_227' title='bbox 766 1829 977 1879; x_wconf 80' lang='lat' dir='ltr'><strong>llomam</strong></span> <span class='ocrx_word' id='word_1_228' title='bbox 1007 1841 1209 1893; x_wconf 89' lang='lat' dir='ltr'><strong>quoque</strong></span> <span class='ocrx_word' id='word_1_229' title='bbox 1240 1827 1552 1891; x_wconf 85' lang='lat' dir='ltr'><strong>temporibus</strong></span> <span class='ocrx_word' id='word_1_230' title='bbox 1584 1828 1742 1879; x_wconf 66' lang='lat' dir='ltr'><strong>beata:</strong></span> <span class='ocrx_word' id='word_1_231' title='bbox 1770 1829 2029 1881; x_wconf 74' lang='lat' dir='ltr'><strong>memoria:</strong></span> <span class='ocrx_word' id='word_1_232' title='bbox 2061 1812 2108 1869; x_wconf 76' lang='grc' dir='ltr'><strong>Β</strong></span> <span class='ocrx_word' id='word_1_233' title='bbox 2135 1841 2251 1883; x_wconf 89' lang='lat' dir='ltr'><strong>tteta</strong></span> <span class='ocrx_word' id='word_1_234' title='bbox 2280 1832 2483 1883; x_wconf 91' lang='lat' dir='ltr'><strong>camino</strong></span> <span class='ocrx_word' id='word_1_235' title='bbox 2524 1829 2775 1896; x_wconf 89' lang='lat' dir='ltr'><strong>spirituali</strong></span> <span class='ocrx_word' id='word_1_236' title='bbox 2821 1830 3026 1882; x_wconf 78' lang='lat' dir='ltr'><strong>fervens</strong></span> <span class='ocrx_word' id='word_1_237' title='bbox 3069 1828 3485 1894; x_wconf 80' lang='lat' dir='ltr'><strong>compunctiouis</strong></span> <span class='ocrx_word' id='word_1_238' title='bbox 3533 1826 3658 1894; x_wconf 80' lang='lat' dir='ltr'><strong>ignis</strong></span> 
     </span>
    </p>
   </div>
   <div class='ocr_carea' id='block_1_34' title="bbox 520 1915 2034 1983">
    <p class='ocr_par' dir='ltr' id='par_1_34' title="bbox 520 1915 2034 1983">
     <span class='ocr_line' id='line_1_34' title="bbox 520 1915 2034 1983; baseline -0.001 -14"><span class='ocrx_word' id='word_1_239' title='bbox 520 1916 683 1983; x_wconf 85' lang='lat' dir='ltr'><strong>Sergii</strong></span> <span class='ocrx_word' id='word_1_240' title='bbox 710 1932 851 1982; x_wconf 77' lang='lat' dir='ltr'><strong>papa:</strong></span> <span class='ocrx_word' id='word_1_241' title='bbox 872 1930 1166 1977; x_wconf 77' lang='lat' dir='ltr'><strong>occurrens,</strong></span> <span class='ocrx_word' id='word_1_242' title='bbox 1192 1925 1243 1967; x_wconf 85' lang='lat' dir='ltr'><strong>et</strong></span> <span class='ocrx_word' id='word_1_243' title='bbox 1271 1930 1371 1966; x_wconf 90' lang='lat' dir='ltr'><strong>non</strong></span> <span class='ocrx_word' id='word_1_244' title='bbox 1397 1929 1549 1979; x_wconf 85' lang='lat' dir='ltr'><strong>parvo</strong></span> <span class='ocrx_word' id='word_1_245' title='bbox 1574 1915 1760 1968; x_wconf 83' lang='lat' dir='ltr'><strong>ibidem</strong></span> <span class='ocrx_word' id='word_1_246' title='bbox 1790 1918 2034 1983; x_wconf 91' lang='lat' dir='ltr'><strong>temporis</strong></span> 
     </span>
    </p>
   </div>
   <div class='ocr_carea' id='block_1_35' title="bbox 521 2003 2037 2072">
    <p class='ocr_par' dir='ltr' id='par_1_35' title="bbox 521 2003 2037 2072">
     <span class='ocr_line' id='line_1_35' title="bbox 521 2003 2037 2072; baseline -0.001 -15"><span class='ocrx_word' id='word_1_247' title='bbox 521 2007 687 2072; x_wconf 87' lang='lat' dir='ltr'><strong>spatio</strong></span> <span class='ocrx_word' id='word_1_248' title='bbox 724 2006 1043 2067; x_wconf 84' lang='lat' dir='ltr'><strong>demoratus,</strong></span> <span class='ocrx_word' id='word_1_249' title='bbox 1073 2007 1092 2035; x_wconf 84' lang='grc'>¹</span> <span class='ocrx_word' id='word_1_250' title='bbox 1133 2018 1347 2071; x_wconf 65' lang='lat' dir='ltr'><strong>qumque</strong></span> <span class='ocrx_word' id='word_1_251' title='bbox 1373 2003 1467 2055; x_wconf 85' lang='lat' dir='ltr'><strong>sibi</strong></span> <span class='ocrx_word' id='word_1_252' title='bbox 1514 2004 1801 2072; x_wconf 77' lang='lat' dir='ltr'><strong>necessaria</strong></span> <span class='ocrx_word' id='word_1_253' title='bbox 1839 2003 2037 2070; x_wconf 89' lang='lat' dir='ltr'><strong>judica-</strong></span> 
     </span>
    </p>
   </div>
   <div class='ocr_carea' id='block_1_36' title="bbox 522 2068 2039 2157">
    <p class='ocr_par' dir='ltr' id='par_1_36' title="bbox 522 2068 2039 2157">
     <span class='ocr_line' id='line_1_36' title="bbox 522 2068 2039 2157; baseline -0.002 -12"><span class='ocrx_word' id='word_1_254' title='bbox 522 2068 629 2157; x_wconf 76' lang='lat' dir='ltr'><strong>bat,</strong></span> <span class='ocrx_word' id='word_1_255' title='bbox 649 2093 669 2123; x_wconf 84' lang='grc'>³</span> <span class='ocrx_word' id='word_1_256' title='bbox 690 2094 887 2157; x_wconf 88' lang='lat' dir='ltr'><strong>didicit,</strong></span> <span class='ocrx_word' id='word_1_257' title='bbox 911 2068 1201 2156; x_wconf 86' lang='lat' dir='ltr'><strong>descripsit,</strong></span> <span class='ocrx_word' id='word_1_258' title='bbox 1230 2068 1431 2150; x_wconf 77' lang='lat' dir='ltr'><strong>ntulit;</strong></span> <span class='ocrx_word' id='word_1_259' title='bbox 1460 2068 1668 2157; x_wconf 70' lang='lat' dir='ltr'><strong>insuper</strong></span> <span class='ocrx_word' id='word_1_260' title='bbox 1688 2100 1739 2142; x_wconf 89' lang='lat' dir='ltr'><strong>et</strong></span> <span class='ocrx_word' id='word_1_261' title='bbox 1766 2068 2039 2143; x_wconf 85' lang='lat' dir='ltr'><strong>duodecim</strong></span> 
     </span>
    </p>
   </div>
   <div class='ocr_carea' id='block_1_37' title="bbox 520 2177 2040 2244">
    <p class='ocr_par' dir='ltr' id='par_1_37' title="bbox 520 2177 2040 2244">
     <span class='ocr_line' id='line_1_37' title="bbox 520 2177 2040 2244; baseline -0.001 -14"><span class='ocrx_word' id='word_1_262' title='bbox 520 2191 641 2232; x_wconf 85' lang='lat' dir='ltr'><strong>ante</strong></span> <span class='ocrx_word' id='word_1_263' title='bbox 670 2182 777 2232; x_wconf 73' lang='lat' dir='ltr'><strong>lucc</strong></span> <span class='ocrx_word' id='word_1_264' title='bbox 818 2194 980 2231; x_wconf 87' lang='lat' dir='ltr'><strong>annos</strong></span> <span class='ocrx_word' id='word_1_265' title='bbox 1023 2178 1311 2244; x_wconf 85' lang='lat' dir='ltr'><strong>presbyteri</strong></span> <span class='ocrx_word' id='word_1_266' title='bbox 1356 2187 1432 2229; x_wconf 87' lang='lat' dir='ltr'><strong>est</strong></span> <span class='ocrx_word' id='word_1_267' title='bbox 1479 2177 1682 2231; x_wconf 88' lang='lat' dir='ltr'><strong>functus</strong></span> <span class='ocrx_word' id='word_1_268' title='bbox 1727 2178 1918 2231; x_wconf 76' lang='lat' dir='ltr'><strong>ofﬁcio.</strong></span> <span class='ocrx_word' id='word_1_269' title='bbox 1950 2179 2040 2230; x_wconf 88' lang='lat' dir='ltr'><strong>Hic</strong></span> 
     </span>
    </p>
   </div>
   <div class='ocr_carea' id='block_1_38' title="bbox 526 2268 2038 2336">
    <p class='ocr_par' dir='ltr' id='par_1_38' title="bbox 526 2268 2038 2336">
     <span class='ocr_line' id='line_1_38' title="bbox 526 2268 2038 2336; baseline -0.001 -16"><span class='ocrx_word' id='word_1_270' title='bbox 526 2271 677 2334; x_wconf 76' lang='lat' dir='ltr'><strong>igitur</strong></span> <span class='ocrx_word' id='word_1_271' title='bbox 714 2270 908 2321; x_wconf 83' lang='lat' dir='ltr'><strong>electus</strong></span> <span class='ocrx_word' id='word_1_272' title='bbox 952 2268 1109 2322; x_wconf 85' lang='lat' dir='ltr'><strong>abbas</strong></span> <span class='ocrx_word' id='word_1_273' title='bbox 1148 2271 1213 2323; x_wconf 84' lang='lat' dir='ltr'><strong>ab</strong></span> <span class='ocrx_word' id='word_1_274' title='bbox 1259 2270 1497 2322; x_wconf 88' lang='lat' dir='ltr'><strong>omnibus</strong></span> <span class='ocrx_word' id='word_1_275' title='bbox 1536 2269 1801 2336; x_wconf 91' lang='lat' dir='ltr'><strong>utriusque</strong></span> <span class='ocrx_word' id='word_1_276' title='bbox 1843 2270 2038 2334; x_wconf 69' lang='lat' dir='ltr'><strong>prrefati</strong></span> 
     </span>
    </p>
   </div>
   <div class='ocr_carea' id='block_1_39' title="bbox 525 2356 2038 2424">
    <p class='ocr_par' dir='ltr' id='par_1_39' title="bbox 525 2356 2038 2424">
     <span class='ocr_line' id='line_1_39' title="bbox 525 2356 2038 2424; baseline 0.001 -16"><span class='ocrx_word' id='word_1_277' title='bbox 525 2358 817 2408; x_wconf 83' lang='lat' dir='ltr'><strong>monasterii</strong></span> <span class='ocrx_word' id='word_1_278' title='bbox 865 2356 1126 2419; x_wconf 61' lang='lat' dir='ltr'><strong>fratribus,</strong></span> <span class='ocrx_word' id='word_1_279' title='bbox 1168 2359 1341 2410; x_wconf 84' lang='lat' dir='ltr'><strong>statim</strong></span> <span class='ocrx_word' id='word_1_280' title='bbox 1390 2357 1663 2424; x_wconf 87' lang='lat' dir='ltr'><strong>assumptis</strong></span> <span class='ocrx_word' id='word_1_281' title='bbox 1712 2371 1883 2410; x_wconf 83' lang='lat' dir='ltr'><strong>secum</strong></span> <span class='ocrx_word' id='word_1_282' title='bbox 1940 2358 2038 2409; x_wconf 89' lang='lat' dir='ltr'><strong>ali-</strong></span> 
     </span>
    </p>
   </div>
   <div class='ocr_carea' id='block_1_40' title="bbox 524 2443 2038 2510">
    <p class='ocr_par' dir='ltr' id='par_1_40' title="bbox 524 2443 2038 2510">
     <span class='ocr_line' id='line_1_40' title="bbox 524 2443 2038 2510; baseline 0.004 -19"><span class='ocrx_word' id='word_1_283' title='bbox 524 2446 705 2510; x_wconf 81' lang='lat' dir='ltr'><strong>quibus</strong></span> <span class='ocrx_word' id='word_1_284' title='bbox 732 2445 963 2507; x_wconf 85' lang='lat' dir='ltr'><strong>fratrum,</strong></span> <span class='ocrx_word' id='word_1_285' title='bbox 990 2446 1124 2498; x_wconf 89' lang='lat' dir='ltr'><strong>venit</strong></span> <span class='ocrx_word' id='word_1_286' title='bbox 1145 2446 1207 2498; x_wconf 87' lang='lat' dir='ltr'><strong>ad</strong></span> <span class='ocrx_word' id='word_1_287' title='bbox 1238 2447 1470 2498; x_wconf 82' lang='lat' dir='ltr'><strong>abbatem</strong></span> <span class='ocrx_word' id='word_1_288' title='bbox 1495 2443 1803 2498; x_wconf 79' lang='lat' dir='ltr'><strong>Ceolfridum</strong></span> <span class='ocrx_word' id='word_1_289' title='bbox 1832 2460 2038 2498; x_wconf 90' lang='lat' dir='ltr'><strong>cursum</strong></span> 
     </span>
    </p>
   </div>
   <div class='ocr_carea' id='block_1_41' title="bbox 524 2534 2041 2601">
    <p class='ocr_par' dir='ltr' id='par_1_41' title="bbox 524 2534 2041 2601">
     <span class='ocr_line' id='line_1_41' title="bbox 524 2534 2041 2601; baseline 0.001 -20"><span class='ocrx_word' id='word_1_290' title='bbox 524 2538 544 2561; x_wconf 69' lang='grc' dir='ltr'>δ</span> <span class='ocrx_word' id='word_1_291' title='bbox 568 2534 709 2584; x_wconf 69' lang='lat' dir='ltr'><strong>navis</strong></span> <span class='ocrx_word' id='word_1_292' title='bbox 736 2548 833 2599; x_wconf 90' lang='lat' dir='ltr'><strong>qua</strong></span> <span class='ocrx_word' id='word_1_293' title='bbox 849 2536 1109 2588; x_wconf 86' lang='lat' dir='ltr'><strong>Oceanum</strong></span> <span class='ocrx_word' id='word_1_294' title='bbox 1142 2534 1378 2586; x_wconf 87' lang='lat' dir='ltr'><strong>transiret</strong></span> <span class='ocrx_word' id='word_1_295' title='bbox 1401 2536 1420 2564; x_wconf 78' lang='grc'>⁵</span> <span class='ocrx_word' id='word_1_296' title='bbox 1446 2542 1828 2601; x_wconf 79' lang='lat' dir='ltr'><strong>exspectantem</strong></span> <span class='ocrx_word' id='word_1_297' title='bbox 1853 2549 1865 2584; x_wconf 92' lang='lat'>:</span> <span class='ocrx_word' id='word_1_298' title='bbox 1889 2548 2041 2600; x_wconf 89' lang='lat' dir='ltr'><strong>quem</strong></span> 
     </span>
    </p>
   </div>
   <div class='ocr_carea' id='block_1_42' title="bbox 526 2620 2043 2689">
    <p class='ocr_par' dir='ltr' id='par_1_42' title="bbox 526 2620 2043 2689">
     <span class='ocr_line' id='line_1_42' title="bbox 526 2620 2043 2689; baseline 0.001 -17"><span class='ocrx_word' id='word_1_299' title='bbox 526 2621 792 2687; x_wconf 82' lang='lat' dir='ltr'><strong>elegerant</strong></span> <span class='ocrx_word' id='word_1_300' title='bbox 827 2620 1060 2674; x_wconf 80' lang='lat' dir='ltr'><strong>abbatem</strong></span> <span class='ocrx_word' id='word_1_301' title='bbox 1090 2623 1109 2651; x_wconf 84' lang='lat'><strong><em>°</em></strong></span> <span class='ocrx_word' id='word_1_302' title='bbox 1153 2624 1386 2675; x_wconf 87' lang='lat' dir='ltr'><strong>nuntiant</strong></span> <span class='ocrx_word' id='word_1_303' title='bbox 1417 2640 1429 2673; x_wconf 89' lang='lat'><strong>:</strong></span> <span class='ocrx_word' id='word_1_304' title='bbox 1460 2622 1564 2675; x_wconf 90' lang='lat' dir='ltr'><strong>Deo</strong></span> <span class='ocrx_word' id='word_1_305' title='bbox 1592 2623 1801 2689; x_wconf 79' lang='lat' dir='ltr'><strong>gratias,</strong></span> <span class='ocrx_word' id='word_1_306' title='bbox 1829 2636 2043 2688; x_wconf 83' lang='lat' dir='ltr'><strong>respon-</strong></span> 
     </span>
    </p>
   </div>
   <div class='ocr_carea' id='block_1_43' title="bbox 524 2707 2044 2776">
    <p class='ocr_par' dir='ltr' id='par_1_43' title="bbox 524 2707 2044 2776">
     <span class='ocr_line' id='line_1_43' title="bbox 524 2707 2044 2776; baseline 0.001 -17"><span class='ocrx_word' id='word_1_307' title='bbox 524 2707 630 2768; x_wconf 85' lang='lat' dir='ltr'><strong>dit,</strong></span> <span class='ocrx_word' id='word_1_308' title='bbox 674 2708 975 2761; x_wconf 89' lang='lat' dir='ltr'><strong>electionem</strong></span> <span class='ocrx_word' id='word_1_309' title='bbox 1018 2710 1315 2776; x_wconf 83' lang='lat' dir='ltr'><strong>confirmat,</strong></span> <span class='ocrx_word' id='word_1_310' title='bbox 1343 2720 1396 2762; x_wconf 89' lang='lat' dir='ltr'><strong>et</strong></span> <span class='ocrx_word' id='word_1_311' title='bbox 1420 2711 1439 2740; x_wconf 87' lang='grc'><strong>⁷</strong></span> <span class='ocrx_word' id='word_1_312' title='bbox 1465 2710 1952 2763; x_wconf 86' lang='lat' dir='ltr'><strong>commendatoriam</strong></span> <span class='ocrx_word' id='word_1_313' title='bbox 1978 2709 2044 2761; x_wconf 86' lang='lat' dir='ltr'><strong>ab</strong></span> 
     </span>
    </p>
   </div>
   <div class='ocr_carea' id='block_1_44' title="bbox 524 2795 2040 2864">
    <p class='ocr_par' dir='ltr' id='par_1_44' title="bbox 524 2795 2040 2864">
     <span class='ocr_line' id='line_1_44' title="bbox 524 2795 2040 2864; baseline 0.001 -19"><span class='ocrx_word' id='word_1_314' title='bbox 524 2808 587 2845; x_wconf 90' lang='lat' dir='ltr'><strong>eo</strong></span> <span class='ocrx_word' id='word_1_315' title='bbox 608 2795 875 2858; x_wconf 80' lang='lat' dir='ltr'><strong>epistolam</strong></span> <span class='ocrx_word' id='word_1_316' title='bbox 903 2797 1185 2862; x_wconf 88' lang='lat' dir='ltr'><strong>apostolico</strong></span> <span class='ocrx_word' id='word_1_317' title='bbox 1213 2811 1357 2864; x_wconf 75' lang='lat' dir='ltr'><strong>papa:</strong></span> <span class='ocrx_word' id='word_1_318' title='bbox 1387 2806 1412 2832; x_wconf 72' lang='grc' dir='ltr'>ιι</span> <span class='ocrx_word' id='word_1_319' title='bbox 1443 2796 1688 2863; x_wconf 74' lang='lat' dir='ltr'><strong>Gregorio</strong></span> <span class='ocrx_word' id='word_1_320' title='bbox 1714 2796 2040 2848; x_wconf 81' lang='lat' dir='ltr'><strong>deferendam</strong></span> 
     </span>
    </p>
   </div>
   <div class='ocr_carea' id='block_1_45' title="bbox 525 2881 2041 2948">
    <p class='ocr_par' dir='ltr' id='par_1_45' title="bbox 525 2881 2041 2948">
     <span class='ocr_line' id='line_1_45' title="bbox 525 2881 2041 2948; baseline 0.001 -17"><span class='ocrx_word' id='word_1_321' title='bbox 525 2883 783 2946; x_wconf 85' lang='lat' dir='ltr'><strong>suscepit;</strong></span> <span class='ocrx_word' id='word_1_322' title='bbox 820 2881 964 2947; x_wconf 90' lang='lat' dir='ltr'><strong>cujus</strong></span> <span class='ocrx_word' id='word_1_323' title='bbox 1014 2883 1272 2934; x_wconf 70' lang='lat' dir='ltr'><strong>memoria:</strong></span> <span class='ocrx_word' id='word_1_324' title='bbox 1312 2898 1482 2945; x_wconf 84' lang='lat' dir='ltr'><strong>causa,</strong></span> <span class='ocrx_word' id='word_1_325' title='bbox 1514 2883 1535 2913; x_wconf 77' lang='grc'><strong>⁸</strong></span> <span class='ocrx_word' id='word_1_326' title='bbox 1567 2884 1850 2948; x_wconf 77' lang='lat' dir='ltr'><strong>putavimus</strong></span> <span class='ocrx_word' id='word_1_327' title='bbox 1889 2882 2041 2935; x_wconf 89' lang='lat' dir='ltr'><strong>etiam</strong></span> 
     </span>
    </p>
   </div>
   <div class='ocr_carea' id='block_1_46' title="bbox 527 2971 1767 3036">
    <p class='ocr_par' dir='ltr' id='par_1_46' title="bbox 527 2971 1767 3036">
     <span class='ocr_line' id='line_1_46' title="bbox 527 2971 1767 3036; baseline 0.002 -15"><span class='ocrx_word' id='word_1_328' title='bbox 527 2971 577 3022; x_wconf 93' lang='lat' dir='ltr'><strong>in</strong></span> <span class='ocrx_word' id='word_1_329' title='bbox 609 2971 705 3023; x_wconf 88' lang='lat' dir='ltr'><strong>hoc</strong></span> <span class='ocrx_word' id='word_1_330' title='bbox 732 2985 886 3036; x_wconf 80' lang='lat' dir='ltr'><strong>apere</strong></span> <span class='ocrx_word' id='word_1_331' title='bbox 914 2986 1094 3024; x_wconf 88' lang='lat' dir='ltr'><strong>versus</strong></span> <span class='ocrx_word' id='word_1_332' title='bbox 1123 2973 1315 3035; x_wconf 85' lang='lat' dir='ltr'><strong>aliquot</strong></span> <span class='ocrx_word' id='word_1_333' title='bbox 1343 2987 1456 3025; x_wconf 87' lang='lat' dir='ltr'><strong>esse</strong></span> <span class='ocrx_word' id='word_1_334' title='bbox 1486 2973 1767 3035; x_wconf 82' lang='lat' dir='ltr'><strong>ponendos.</strong></span> 
     </span>
    </p>
   </div>
   <div class='ocr_carea' id='block_1_47' title="bbox 597 3062 2041 3123">
    <p class='ocr_par' dir='ltr' id='par_1_47' title="bbox 597 3062 2041 3123">
     <span class='ocr_line' id='line_1_47' title="bbox 597 3062 2041 3123; baseline 0.003 -11"><span class='ocrx_word' id='word_1_335' title='bbox 597 3079 619 3111; x_wconf 72' lang='grc' dir='ltr'>ι</span> <span class='ocrx_word' id='word_1_336' title='bbox 650 3062 865 3115; x_wconf 86' lang='lat' dir='ltr'><strong>Domino</strong></span> <span class='ocrx_word' id='word_1_337' title='bbox 892 3063 941 3115; x_wconf 89' lang='lat' dir='ltr'><strong>in</strong></span> <span class='ocrx_word' id='word_1_338' title='bbox 970 3062 1185 3115; x_wconf 89' lang='lat' dir='ltr'><strong>Domino</strong></span> <span class='ocrx_word' id='word_1_339' title='bbox 1213 3063 1534 3115; x_wconf 88' lang='lat' dir='ltr'><strong>dominorum</strong></span> <span class='ocrx_word' id='word_1_340' title='bbox 1558 3063 1909 3123; x_wconf 77' lang='lat' dir='ltr'><strong>dilemissimo,</strong></span> <span class='ocrx_word' id='word_1_341' title='bbox 1942 3076 2041 3117; x_wconf 89' lang='lat' dir='ltr'><strong>ter-</strong></span> 
     </span>
    </p>
   </div>
   <div class='ocr_carea' id='block_1_48' title="bbox 522 3151 2040 3219">
    <p class='ocr_par' dir='ltr' id='par_1_48' title="bbox 522 3151 2040 3219">
     <span class='ocr_line' id='line_1_48' title="bbox 522 3151 2040 3219; baseline 0.003 -18"><span class='ocrx_word' id='word_1_342' title='bbox 522 3165 621 3215; x_wconf 88' lang='lat' dir='ltr'><strong>que</strong></span> <span class='ocrx_word' id='word_1_343' title='bbox 644 3151 936 3204; x_wconf 86' lang='lat' dir='ltr'><strong>beatissimo</strong></span> <span class='ocrx_word' id='word_1_344' title='bbox 957 3166 1097 3218; x_wconf 75' lang='lat' dir='ltr'><strong>papa:</strong></span> <span class='ocrx_word' id='word_1_345' title='bbox 1123 3151 1407 3219; x_wconf 73' lang='lat' dir='ltr'><strong>Grzcgorio,</strong></span> <span class='ocrx_word' id='word_1_346' title='bbox 1436 3152 1808 3204; x_wconf 84' lang='lat' dir='ltr'><strong>lluaetberctus</strong></span> <span class='ocrx_word' id='word_1_347' title='bbox 1833 3153 2040 3205; x_wconf 77' lang='lat' dir='ltr'><strong>humilis</strong></span> 
     </span>
    </p>
   </div>
   <div class='ocr_carea' id='block_1_49' title="bbox 525 3241 2038 3306">
    <p class='ocr_par' dir='ltr' id='par_1_49' title="bbox 525 3241 2038 3306">
     <span class='ocr_line' id='line_1_49' title="bbox 525 3241 2038 3306; baseline 0.001 -16"><span class='ocrx_word' id='word_1_348' title='bbox 525 3254 707 3291; x_wconf 84' lang='lat' dir='ltr'><strong>servus</strong></span> <span class='ocrx_word' id='word_1_349' title='bbox 736 3250 924 3302; x_wconf 78' lang='lat' dir='ltr'><strong>vester,</strong></span> <span class='ocrx_word' id='word_1_350' title='bbox 953 3241 1109 3292; x_wconf 89' lang='lat' dir='ltr'><strong>abbas</strong></span> <span class='ocrx_word' id='word_1_351' title='bbox 1131 3242 1350 3291; x_wconf 78' lang='lat' dir='ltr'><strong>emnohii</strong></span> <span class='ocrx_word' id='word_1_352' title='bbox 1383 3241 1662 3293; x_wconf 85' lang='lat' dir='ltr'><strong>beatissimi</strong></span> <span class='ocrx_word' id='word_1_353' title='bbox 1691 3242 2038 3306; x_wconf 79' lang='lat' dir='ltr'><strong>apostolorum</strong></span> 
     </span>
    </p>
   </div>
   <div class='ocr_carea' id='block_1_50' title="bbox 528 3327 2041 3393">
    <p class='ocr_par' dir='ltr' id='par_1_50' title="bbox 528 3327 2041 3393">
     <span class='ocr_line' id='line_1_50' title="bbox 528 3327 2041 3393; baseline 0.005 -18"><span class='ocrx_word' id='word_1_354' title='bbox 528 3327 769 3391; x_wconf 84' lang='lat' dir='ltr'><strong>principis</strong></span> <span class='ocrx_word' id='word_1_355' title='bbox 817 3328 947 3379; x_wconf 81' lang='lat' dir='ltr'><strong>Petri</strong></span> <span class='ocrx_word' id='word_1_356' title='bbox 996 3329 1045 3379; x_wconf 90' lang='lat' dir='ltr'><strong>in</strong></span> <span class='ocrx_word' id='word_1_357' title='bbox 1091 3328 1333 3392; x_wconf 79' lang='lat' dir='ltr'><strong>Saxonia,</strong></span> <span class='ocrx_word' id='word_1_358' title='bbox 1377 3338 1672 3393; x_wconf 89' lang='lat' dir='ltr'><strong>perpetuam</strong></span> <span class='ocrx_word' id='word_1_359' title='bbox 1724 3329 1773 3380; x_wconf 90' lang='lat' dir='ltr'><strong>in</strong></span> <span class='ocrx_word' id='word_1_360' title='bbox 1825 3329 2041 3383; x_wconf 87' lang='lat' dir='ltr'><strong>Domino</strong></span> 
     </span>
    </p>
   </div>
   <div class='ocr_carea' id='block_1_51' title="bbox 526 3414 2042 3481">
    <p class='ocr_par' dir='ltr' id='par_1_51' title="bbox 526 3414 2042 3481">
     <span class='ocr_line' id='line_1_51' title="bbox 526 3414 2042 3481; baseline 0.005 -18"><span class='ocrx_word' id='word_1_361' title='bbox 526 3414 763 3465; x_wconf 81' lang='lat' dir='ltr'><strong>salutem.</strong></span> <span class='ocrx_word' id='word_1_362' title='bbox 796 3414 999 3467; x_wconf 77' lang='lat' dir='ltr'><strong>Gratias</strong></span> <span class='ocrx_word' id='word_1_363' title='bbox 1042 3430 1197 3481; x_wconf 88' lang='lat' dir='ltr'><strong>agere</strong></span> <span class='ocrx_word' id='word_1_364' title='bbox 1242 3430 1343 3466; x_wconf 83' lang='lat' dir='ltr'><strong>non</strong></span> <span class='ocrx_word' id='word_1_365' title='bbox 1372 3430 1517 3468; x_wconf 88' lang='lat' dir='ltr'><strong>cesso</strong></span> <span class='ocrx_word' id='word_1_366' title='bbox 1546 3416 1912 3481; x_wconf 88' lang='lat' dir='ltr'><strong>dispensationi</strong></span> <span class='ocrx_word' id='word_1_367' title='bbox 1956 3432 2042 3469; x_wconf 82' lang='lat' dir='ltr'><strong>su—</strong></span> 
     </span>
    </p>
   </div>
   <div class='ocr_carea' id='block_1_52' title="bbox 528 3501 2039 3569">
    <p class='ocr_par' dir='ltr' id='par_1_52' title="bbox 528 3501 2039 3569">
     <span class='ocr_line' id='line_1_52' title="bbox 528 3501 2039 3569; baseline 0.003 -18"><span class='ocrx_word' id='word_1_368' title='bbox 528 3501 671 3565; x_wconf 87' lang='lat' dir='ltr'><strong>perni</strong></span> <span class='ocrx_word' id='word_1_369' title='bbox 694 3502 964 3566; x_wconf 81' lang='lat' dir='ltr'><strong>examinis,</strong></span> <span class='ocrx_word' id='word_1_370' title='bbox 992 3517 1088 3554; x_wconf 87' lang='lat' dir='ltr'><strong>una</strong></span> <span class='ocrx_word' id='word_1_371' title='bbox 1110 3517 1225 3555; x_wconf 88' lang='lat' dir='ltr'><strong>cum</strong></span> <span class='ocrx_word' id='word_1_372' title='bbox 1252 3503 1442 3555; x_wconf 87' lang='lat' dir='ltr'><strong>sanctis</strong></span> <span class='ocrx_word' id='word_1_373' title='bbox 1470 3502 1709 3555; x_wconf 89' lang='lat' dir='ltr'><strong>fratribus</strong></span> <span class='ocrx_word' id='word_1_374' title='bbox 1730 3506 1815 3569; x_wconf 91' lang='lat' dir='ltr'><strong>qui</strong></span> <span class='ocrx_word' id='word_1_375' title='bbox 1842 3519 2039 3557; x_wconf 89' lang='lat' dir='ltr'><strong>mecum</strong></span> 
     </span>
    </p>
   </div>
   <div class='ocr_carea' id='block_1_53' title="bbox 528 3586 2041 3654">
    <p class='ocr_par' dir='ltr' id='par_1_53' title="bbox 528 3586 2041 3654">
     <span class='ocr_line' id='line_1_53' title="bbox 528 3586 2041 3654; baseline 0.007 -18"><span class='ocrx_word' id='word_1_376' title='bbox 528 3588 579 3637; x_wconf 91' lang='lat' dir='ltr'><strong>in</strong></span> <span class='ocrx_word' id='word_1_377' title='bbox 611 3587 690 3637; x_wconf 87' lang='lat' dir='ltr'><strong>his</strong></span> <span class='ocrx_word' id='word_1_378' title='bbox 720 3586 846 3638; x_wconf 89' lang='lat' dir='ltr'><strong>locis</strong></span> <span class='ocrx_word' id='word_1_379' title='bbox 873 3588 936 3638; x_wconf 90' lang='lat' dir='ltr'><strong>ad</strong></span> <span class='ocrx_word' id='word_1_380' title='bbox 969 3588 1325 3639; x_wconf 88' lang='lat' dir='ltr'><strong>inveniendam</strong></span> <span class='ocrx_word' id='word_1_381' title='bbox 1355 3589 1588 3654; x_wconf 90' lang='lat' dir='ltr'><strong>requiem</strong></span> <span class='ocrx_word' id='word_1_382' title='bbox 1635 3590 1905 3642; x_wconf 88' lang='lat' dir='ltr'><strong>animabus</strong></span> <span class='ocrx_word' id='word_1_383' title='bbox 1934 3595 2041 3646; x_wconf 82' lang='lat' dir='ltr'><strong>suis</strong></span> 
     </span>
    </p>
   </div>
   <div class='ocr_carea' id='block_1_54' title="bbox 526 3674 2041 3747">
    <p class='ocr_par' dir='ltr' id='par_1_54' title="bbox 526 3674 2041 3747">
     <span class='ocr_line' id='line_1_54' title="bbox 526 3674 2041 3747; baseline 0.004 -20"><span class='ocrx_word' id='word_1_384' title='bbox 526 3676 886 3727; x_wconf 84' lang='lat' dir='ltr'><strong>suavissimum</strong></span> <span class='ocrx_word' id='word_1_385' title='bbox 913 3674 1309 3742; x_wconf 83' lang='lat' dir='ltr'><strong>Christi‘jugum</strong></span> <span class='ocrx_word' id='word_1_386' title='bbox 1340 3689 1543 3741; x_wconf 82' lang='lat' dir='ltr'><strong>portare</strong></span> <span class='ocrx_word' id='word_1_387' title='bbox 1570 3678 1883 3742; x_wconf 87' lang='lat' dir='ltr'><strong>desiderant,</strong></span> <span class='ocrx_word' id='word_1_388' title='bbox 1906 3683 2041 3747; x_wconf 89' lang='lat' dir='ltr'><strong>quod</strong></span> 
     </span>
    </p>
   </div>
   <div class='ocr_carea' id='block_1_55' title="bbox 531 3766 2043 3832">
    <p class='ocr_par' dir='ltr' id='par_1_55' title="bbox 531 3766 2043 3832">
     <span class='ocr_line' id='line_1_55' title="bbox 531 3766 2043 3832; baseline 0.005 -16"><span class='ocrx_word' id='word_1_389' title='bbox 531 3774 582 3818; x_wconf 88' lang='lat' dir='ltr'><strong>te</strong></span> <span class='ocrx_word' id='word_1_390' title='bbox 611 3766 797 3817; x_wconf 89' lang='lat' dir='ltr'><strong>nostris</strong></span> <span class='ocrx_word' id='word_1_391' title='bbox 845 3766 1158 3832; x_wconf 88' lang='lat' dir='ltr'><strong>temporibus</strong></span> <span class='ocrx_word' id='word_1_392' title='bbox 1187 3774 1287 3819; x_wconf 89' lang='lat' dir='ltr'><strong>tam</strong></span> <span class='ocrx_word' id='word_1_393' title='bbox 1334 3767 1618 3832; x_wconf 87' lang='lat' dir='ltr'><strong>glorificum</strong></span> <span class='ocrx_word' id='word_1_394' title='bbox 1658 3770 1925 3822; x_wconf 83' lang='lat' dir='ltr'><strong>electionis</strong></span> <span class='ocrx_word' id='word_1_395' title='bbox 1956 3786 2043 3823; x_wconf 84' lang='lat' dir='ltr'><strong>vas</strong></span> 
     </span>
    </p>
   </div>
   <div class='ocr_carea' id='block_1_56' title="bbox 529 3853 2041 3923">
    <p class='ocr_par' dir='ltr' id='par_1_56' title="bbox 529 3853 2041 3923">
     <span class='ocr_line' id='line_1_56' title="bbox 529 3853 2041 3923; baseline 0.004 -19"><span class='ocrx_word' id='word_1_396' title='bbox 529 3854 760 3917; x_wconf 80' lang='lat' dir='ltr'><strong>regimini</strong></span> <span class='ocrx_word' id='word_1_397' title='bbox 792 3853 945 3906; x_wconf 90' lang='lat' dir='ltr'><strong>totius</strong></span> <span class='ocrx_word' id='word_1_398' title='bbox 976 3854 1217 3907; x_wconf 62' lang='lat' dir='ltr'><strong>Ecclesiae</strong></span> <span class='ocrx_word' id='word_1_399' title='bbox 1248 3857 1509 3919; x_wconf 67' lang='lat' dir='ltr'><strong>prmlicere</strong></span> <span class='ocrx_word' id='word_1_400' title='bbox 1534 3855 1774 3921; x_wconf 86' lang='lat' dir='ltr'><strong>dignatus</strong></span> <span class='ocrx_word' id='word_1_401' title='bbox 1795 3865 1896 3921; x_wconf 88' lang='lat' dir='ltr'><strong>est,</strong></span> <span class='ocrx_word' id='word_1_402' title='bbox 1918 3873 2041 3923; x_wconf 83' lang='lat' dir='ltr'><strong>qua—</strong></span> 
     </span>
    </p>
   </div>
   <div class='ocr_carea' id='block_1_57' title="bbox 532 3941 2046 4009">
    <p class='ocr_par' dir='ltr' id='par_1_57' title="bbox 532 3941 2046 4009">
     <span class='ocr_line' id='line_1_57' title="bbox 532 3941 2046 4009; baseline 0.007 -19"><span class='ocrx_word' id='word_1_403' title='bbox 532 3952 680 3991; x_wconf 90' lang='lat' dir='ltr'><strong>tenus</strong></span> <span class='ocrx_word' id='word_1_404' title='bbox 723 3956 811 4005; x_wconf 90' lang='lat' dir='ltr'><strong>per</strong></span> <span class='ocrx_word' id='word_1_405' title='bbox 855 3941 950 3993; x_wconf 89' lang='lat' dir='ltr'><strong>hoc</strong></span> <span class='ocrx_word' id='word_1_406' title='bbox 978 3956 1081 4008; x_wconf 92' lang='lat' dir='ltr'><strong>quo</strong></span> <span class='ocrx_word' id='word_1_407' title='bbox 1126 3944 1235 4008; x_wconf 88' lang='lat' dir='ltr'><strong>ipse</strong></span> <span class='ocrx_word' id='word_1_408' title='bbox 1284 3944 1509 4009; x_wconf 88' lang='lat' dir='ltr'><strong>impleris</strong></span> <span class='ocrx_word' id='word_1_409' title='bbox 1539 3945 1709 3997; x_wconf 91' lang='lat' dir='ltr'><strong>lnmcn</strong></span> <span class='ocrx_word' id='word_1_410' title='bbox 1740 3947 1967 3999; x_wconf 88' lang='lat' dir='ltr'><strong>veritatis</strong></span> <span class='ocrx_word' id='word_1_411' title='bbox 1995 3957 2046 4000; x_wconf 88' lang='lat' dir='ltr'><strong>ct</strong></span> 
     </span>
    </p>
   </div>
   <div class='ocr_carea' id='block_1_58' title="bbox 530 4024 2043 4097">
    <p class='ocr_par' dir='ltr' id='par_1_58' title="bbox 530 4024 2043 4097">
     <span class='ocr_line' id='line_1_58' title="bbox 530 4024 2043 4097; baseline 0.007 -21"><span class='ocrx_word' id='word_1_412' title='bbox 530 4024 678 4087; x_wconf 84' lang='lat' dir='ltr'><strong>fidei,</strong></span> <span class='ocrx_word' id='word_1_413' title='bbox 721 4026 872 4077; x_wconf 88' lang='lat' dir='ltr'><strong>etiam</strong></span> <span class='ocrx_word' id='word_1_414' title='bbox 923 4027 1143 4079; x_wconf 87' lang='lat' dir='ltr'><strong>minores</strong></span> <span class='ocrx_word' id='word_1_415' title='bbox 1188 4035 1418 4095; x_wconf 81' lang='lat' dir='ltr'><strong>quosque</strong></span> <span class='ocrx_word' id='word_1_416' title='bbox 1462 4028 1653 4081; x_wconf 66' lang='lat' dir='ltr'><strong>affatim</strong></span> <span class='ocrx_word' id='word_1_417' title='bbox 1695 4030 1880 4097; x_wconf 88' lang='lat' dir='ltr'><strong>jubare</strong></span> <span class='ocrx_word' id='word_1_418' title='bbox 1936 4049 2043 4086; x_wconf 75' lang='lat' dir='ltr'><strong>sua:</strong></span> 
     </span>
    </p>
   </div>
   <div class='ocr_carea' id='block_1_59' title="bbox 536 4114 2045 4181">
    <p class='ocr_par' dir='ltr' id='par_1_59' title="bbox 536 4114 2045 4181">
     <span class='ocr_line' id='line_1_59' title="bbox 536 4114 2045 4181; baseline 0.007 -18"><span class='ocrx_word' id='word_1_419' title='bbox 536 4114 739 4177; x_wconf 85' lang='lat' dir='ltr'><strong>pietatis</strong></span> <span class='ocrx_word' id='word_1_420' title='bbox 760 4126 1070 4181; x_wconf 75' lang='lat' dir='ltr'><strong>aspergeret.</strong></span> <span class='ocrx_word' id='word_1_421' title='bbox 1089 4114 1519 4168; x_wconf 87' lang='lat' dir='ltr'><strong>Commendamus</strong></span> <span class='ocrx_word' id='word_1_422' title='bbox 1539 4126 1705 4170; x_wconf 87' lang='lat' dir='ltr'><strong>autem</strong></span> <span class='ocrx_word' id='word_1_423' title='bbox 1732 4130 1831 4170; x_wconf 71' lang='grc' dir='ltr'>ιιιω</span> <span class='ocrx_word' id='word_1_424' title='bbox 1853 4130 2045 4174; x_wconf 62' lang='lat' dir='ltr'><strong>sanctas</strong></span> 
     </span>
    </p>
   </div>
   <div class='ocr_carea' id='block_1_60' title="bbox 534 4200 2042 4271">
    <p class='ocr_par' dir='ltr' id='par_1_60' title="bbox 534 4200 2042 4271">
     <span class='ocr_line' id='line_1_60' title="bbox 534 4200 2042 4271; baseline 0.005 -18"><span class='ocrx_word' id='word_1_425' title='bbox 534 4201 856 4267; x_wconf 80' lang='lat' dir='ltr'><strong>benignitati,</strong></span> <span class='ocrx_word' id='word_1_426' title='bbox 884 4203 1217 4255; x_wconf 86' lang='lat' dir='ltr'><strong>dilectissime</strong></span> <span class='ocrx_word' id='word_1_427' title='bbox 1245 4204 1293 4254; x_wconf 90' lang='lat' dir='ltr'><strong>in</strong></span> <span class='ocrx_word' id='word_1_428' title='bbox 1323 4201 1528 4256; x_wconf 88' lang='lat' dir='ltr'><strong>Christo</strong></span> <span class='ocrx_word' id='word_1_429' title='bbox 1558 4206 1704 4271; x_wconf 84' lang='lat' dir='ltr'><strong>pater</strong></span> <span class='ocrx_word' id='word_1_430' title='bbox 1732 4215 1783 4259; x_wconf 87' lang='lat' dir='ltr'><strong>et</strong></span> <span class='ocrx_word' id='word_1_431' title='bbox 1814 4200 2042 4270; x_wconf 56' lang='lat' dir='ltr'><strong>d&#39;om&#39;ne,</strong></span> 
     </span>
    </p>
   </div>
   <div class='ocr_carea' id='block_1_61' title="bbox 533 4290 2043 4355">
    <p class='ocr_par' dir='ltr' id='par_1_61' title="bbox 533 4290 2043 4355">
     <span class='ocr_line' id='line_1_61' title="bbox 533 4290 2043 4355; baseline 0.006 -16"><span class='ocrx_word' id='word_1_432' title='bbox 533 4290 849 4343; x_wconf 85' lang='lat' dir='ltr'><strong>venerabiles</strong></span> <span class='ocrx_word' id='word_1_433' title='bbox 877 4290 1043 4341; x_wconf 83' lang='lat' dir='ltr'><strong>Patris</strong></span> <span class='ocrx_word' id='word_1_434' title='bbox 1067 4293 1225 4342; x_wconf 83' lang='lat' dir='ltr'><strong>nostri</strong></span> <span class='ocrx_word' id='word_1_435' title='bbox 1251 4290 1566 4343; x_wconf 84' lang='lat' dir='ltr'><strong>dilectissimi</strong></span> <span class='ocrx_word' id='word_1_436' title='bbox 1597 4308 1773 4355; x_wconf 88' lang='lat' dir='ltr'><strong>canos,</strong></span> <span class='ocrx_word' id='word_1_437' title='bbox 1800 4293 2043 4348; x_wconf 85' lang='lat' dir='ltr'><strong>Ceolfridi</strong></span> 
     </span>
    </p>
   </div>
   <div class='ocr_carea' id='block_1_62' title="bbox 534 4378 2047 4445">
    <p class='ocr_par' dir='ltr' id='par_1_62' title="bbox 534 4378 2047 4445">
     <span class='ocr_line' id='line_1_62' title="bbox 534 4378 2047 4445; baseline 0.004 -15"><span class='ocrx_word' id='word_1_438' title='bbox 534 4379 772 4431; x_wconf 71' lang='lat' dir='ltr'><strong>videlicet</strong></span> <span class='ocrx_word' id='word_1_439' title='bbox 819 4379 1043 4445; x_wconf 89' lang='lat' dir='ltr'><strong>abbatis,</strong></span> <span class='ocrx_word' id='word_1_440' title='bbox 1087 4393 1147 4432; x_wconf 87' lang='lat' dir='ltr'><strong>ac</strong></span> <span class='ocrx_word' id='word_1_441' title='bbox 1193 4378 1459 4432; x_wconf 89' lang='lat' dir='ltr'><strong>nutritoris</strong></span> <span class='ocrx_word' id='word_1_442' title='bbox 1515 4382 1799 4445; x_wconf 83' lang='lat' dir='ltr'><strong>tuterisque</strong></span> <span class='ocrx_word' id='word_1_443' title='bbox 1857 4392 2047 4436; x_wconf 66' lang='lat' dir='ltr'><strong>nostrae</strong></span> 
     </span>
    </p>
   </div>
   <div class='ocr_carea' id='block_1_63' title="bbox 2133 1915 3650 1981">
    <p class='ocr_par' dir='ltr' id='par_1_63' title="bbox 2133 1915 3650 1981">
     <span class='ocr_line' id='line_1_63' title="bbox 2133 1915 3650 1981; baseline -0.005 -8"><span class='ocrx_word' id='word_1_444' title='bbox 2133 1924 2387 1975; x_wconf 90' lang='lat' dir='ltr'><strong>absumat.</strong></span> <span class='ocrx_word' id='word_1_445' title='bbox 2435 1919 2626 1972; x_wconf 89' lang='lat' dir='ltr'><strong>Deinde</strong></span> <span class='ocrx_word' id='word_1_446' title='bbox 2671 1918 2825 1971; x_wconf 87' lang='lat' dir='ltr'><strong>etiam</strong></span> <span class='ocrx_word' id='word_1_447' title='bbox 2873 1926 3059 1971; x_wconf 70' lang='lat' dir='ltr'><strong>vestra:</strong></span> <span class='ocrx_word' id='word_1_448' title='bbox 3106 1916 3401 1968; x_wconf 82' lang='lat' dir='ltr'><strong>Paternitati</strong></span> <span class='ocrx_word' id='word_1_449' title='bbox 3453 1915 3650 1981; x_wconf 61' lang='lat' dir='ltr'><strong>supplic</strong></span> 
     </span>
    </p>
   </div>
   <div class='ocr_carea' id='block_1_64' title="bbox 2133 2009 3654 2078">
    <p class='ocr_par' dir='ltr' id='par_1_64' title="bbox 2133 2009 3654 2078">
     <span class='ocr_line' id='line_1_64' title="bbox 2133 2009 3654 2078; baseline -0.006 -14"><span class='ocrx_word' id='word_1_450' title='bbox 2133 2027 2330 2076; x_wconf 88' lang='lat' dir='ltr'><strong>camus,</strong></span> <span class='ocrx_word' id='word_1_451' title='bbox 2360 2022 2415 2063; x_wconf 92' lang='lat' dir='ltr'><strong>ut</strong></span> <span class='ocrx_word' id='word_1_452' title='bbox 2438 2011 2573 2078; x_wconf 92' lang='lat' dir='ltr'><strong>quod</strong></span> <span class='ocrx_word' id='word_1_453' title='bbox 2604 2024 2697 2062; x_wconf 89' lang='lat' dir='ltr'><strong>nos</strong></span> <span class='ocrx_word' id='word_1_454' title='bbox 2730 2010 2902 2062; x_wconf 81' lang='lat' dir='ltr'><strong>facere</strong></span> <span class='ocrx_word' id='word_1_455' title='bbox 2928 2022 3028 2060; x_wconf 93' lang='lat' dir='ltr'><strong>non</strong></span> <span class='ocrx_word' id='word_1_456' title='bbox 3069 2009 3370 2069; x_wconf 72' lang='lat' dir='ltr'><strong>meruimus,</strong></span> <span class='ocrx_word' id='word_1_457' title='bbox 3401 2021 3498 2057; x_wconf 76' lang='lat' dir='ltr'><strong>vos</strong></span> <span class='ocrx_word' id='word_1_458' title='bbox 3539 2018 3654 2070; x_wconf 83' lang='lat' dir='ltr'><strong>erga</strong></span> 
     </span>
    </p>
   </div>
   <div class='ocr_carea' id='block_1_65' title="bbox 2136 2094 3655 2165">
    <p class='ocr_par' dir='ltr' id='par_1_65' title="bbox 2136 2094 3655 2165">
     <span class='ocr_line' id='line_1_65' title="bbox 2136 2094 3655 2165; baseline -0.005 -14"><span class='ocrx_word' id='word_1_459' title='bbox 2136 2100 2275 2152; x_wconf 91' lang='lat' dir='ltr'><strong>illum</strong></span> <span class='ocrx_word' id='word_1_460' title='bbox 2328 2100 2521 2151; x_wconf 65' lang='lat' dir='ltr'><strong>ultimas</strong></span> <span class='ocrx_word' id='word_1_461' title='bbox 2569 2098 2769 2165; x_wconf 89' lang='lat' dir='ltr'><strong>pietatis</strong></span> <span class='ocrx_word' id='word_1_462' title='bbox 2813 2096 2977 2151; x_wconf 88' lang='lat' dir='ltr'><strong>seduli</strong></span> <span class='ocrx_word' id='word_1_463' title='bbox 3023 2110 3210 2149; x_wconf 83' lang='lat' dir='ltr'><strong>munus</strong></span> <span class='ocrx_word' id='word_1_464' title='bbox 3239 2094 3491 2160; x_wconf 79' lang='lat' dir='ltr'><strong>expleatis</strong></span> <span class='ocrx_word' id='word_1_465' title='bbox 3523 2109 3538 2143; x_wconf 89' lang='lat'><strong>:</strong></span> <span class='ocrx_word' id='word_1_466' title='bbox 3570 2108 3655 2158; x_wconf 82' lang='lat' dir='ltr'><strong>pro</strong></span> 
     </span>
    </p>
   </div>
   <div class='ocr_carea' id='block_1_66' title="bbox 2135 2181 3657 2252">
    <p class='ocr_par' dir='ltr' id='par_1_66' title="bbox 2135 2181 3657 2252">
     <span class='ocr_line' id='line_1_66' title="bbox 2135 2181 3657 2252; baseline -0.005 -13"><span class='ocrx_word' id='word_1_467' title='bbox 2135 2198 2277 2239; x_wconf 88' lang='lat' dir='ltr'><strong>certo</strong></span> <span class='ocrx_word' id='word_1_468' title='bbox 2304 2190 2524 2239; x_wconf 88' lang='lat' dir='ltr'><strong>scientes</strong></span> <span class='ocrx_word' id='word_1_469' title='bbox 2550 2186 2666 2252; x_wconf 88' lang='lat' dir='ltr'><strong>quia</strong></span> <span class='ocrx_word' id='word_1_470' title='bbox 2710 2186 2807 2238; x_wconf 85' lang='lat' dir='ltr'><strong>etsi</strong></span> <span class='ocrx_word' id='word_1_471' title='bbox 2837 2198 2930 2237; x_wconf 82' lang='lat' dir='ltr'><strong>vos</strong></span> <span class='ocrx_word' id='word_1_472' title='bbox 2955 2196 3144 2250; x_wconf 88' lang='lat' dir='ltr'><strong>corpus</strong></span> <span class='ocrx_word' id='word_1_473' title='bbox 3170 2182 3373 2234; x_wconf 78' lang='lat' dir='ltr'><strong>habetis</strong></span> <span class='ocrx_word' id='word_1_474' title='bbox 3398 2181 3586 2247; x_wconf 81' lang='lat' dir='ltr'><strong>ipsius,</strong></span> <span class='ocrx_word' id='word_1_475' title='bbox 3608 2190 3657 2233; x_wconf 84' lang='lat' dir='ltr'><strong>et</strong></span> 
     </span>
    </p>
   </div>
   <div class='ocr_carea' id='block_1_67' title="bbox 2138 2269 3657 2337">
    <p class='ocr_par' dir='ltr' id='par_1_67' title="bbox 2138 2269 3657 2337">
     <span class='ocr_line' id='line_1_67' title="bbox 2138 2269 3657 2337; baseline -0.006 -10"><span class='ocrx_word' id='word_1_476' title='bbox 2138 2291 2232 2327; x_wconf 89' lang='lat' dir='ltr'><strong>nos</strong></span> <span class='ocrx_word' id='word_1_477' title='bbox 2260 2284 2429 2327; x_wconf 88' lang='lat' dir='ltr'><strong>tamen</strong></span> <span class='ocrx_word' id='word_1_478' title='bbox 2460 2284 2513 2328; x_wconf 90' lang='lat' dir='ltr'><strong>et</strong></span> <span class='ocrx_word' id='word_1_479' title='bbox 2540 2288 2631 2327; x_wconf 89' lang='lat' dir='ltr'><strong>vos</strong></span> <span class='ocrx_word' id='word_1_480' title='bbox 2660 2273 2764 2325; x_wconf 92' lang='lat' dir='ltr'><strong>Deo</strong></span> <span class='ocrx_word' id='word_1_481' title='bbox 2793 2272 3035 2326; x_wconf 84' lang='lat' dir='ltr'><strong>devotum</strong></span> <span class='ocrx_word' id='word_1_482' title='bbox 3064 2270 3177 2337; x_wconf 89' lang='lat' dir='ltr'><strong>ejus</strong></span> <span class='ocrx_word' id='word_1_483' title='bbox 3202 2270 3436 2335; x_wconf 83' lang='lat' dir='ltr'><strong>spiritum</strong></span> <span class='ocrx_word' id='word_1_484' title='bbox 3471 2271 3585 2320; x_wconf 87' lang='lat' dir='ltr'><strong>sive</strong></span> <span class='ocrx_word' id='word_1_485' title='bbox 3611 2269 3657 2318; x_wconf 85' lang='lat' dir='ltr'><strong>iu</strong></span> 
     </span>
    </p>
   </div>
   <div class='ocr_carea' id='block_1_68' title="bbox 2135 2356 3655 2430">
    <p class='ocr_par' dir='ltr' id='par_1_68' title="bbox 2135 2356 3655 2430">
     <span class='ocr_line' id='line_1_68' title="bbox 2135 2356 3655 2430; baseline -0.006 -16"><span class='ocrx_word' id='word_1_486' title='bbox 2135 2377 2353 2430; x_wconf 90' lang='lat' dir='ltr'><strong>corpore</strong></span> <span class='ocrx_word' id='word_1_487' title='bbox 2381 2371 2697 2424; x_wconf 88' lang='lat' dir='ltr'><strong>manentem,</strong></span> <span class='ocrx_word' id='word_1_488' title='bbox 2727 2361 2838 2413; x_wconf 85' lang='lat' dir='ltr'><strong>sive</strong></span> <span class='ocrx_word' id='word_1_489' title='bbox 2865 2361 3070 2412; x_wconf 87' lang='lat' dir='ltr'><strong>carneis</strong></span> <span class='ocrx_word' id='word_1_490' title='bbox 3097 2357 3315 2410; x_wconf 89' lang='lat' dir='ltr'><strong>vinculis</strong></span> <span class='ocrx_word' id='word_1_491' title='bbox 3342 2356 3655 2417; x_wconf 83' lang='lat' dir='ltr'><strong>absolutum,</strong></span> 
     </span>
    </p>
   </div>
   <div class='ocr_carea' id='block_1_69' title="bbox 2138 2446 3658 2517">
    <p class='ocr_par' dir='ltr' id='par_1_69' title="bbox 2138 2446 3658 2517">
     <span class='ocr_line' id='line_1_69' title="bbox 2138 2446 3658 2517; baseline -0.003 -16"><span class='ocrx_word' id='word_1_492' title='bbox 2138 2466 2375 2517; x_wconf 84' lang='lat' dir='ltr'><strong>magnum</strong></span> <span class='ocrx_word' id='word_1_493' title='bbox 2406 2464 2497 2516; x_wconf 87' lang='lat' dir='ltr'><strong>pro</strong></span> <span class='ocrx_word' id='word_1_494' title='bbox 2517 2450 2716 2512; x_wconf 64' lang='lat' dir='ltr'><strong>,nostris</strong></span> <span class='ocrx_word' id='word_1_495' title='bbox 2742 2448 3037 2501; x_wconf 82' lang='lat' dir='ltr'><strong>excessibus</strong></span> <span class='ocrx_word' id='word_1_496' title='bbox 3062 2447 3196 2514; x_wconf 86' lang='lat' dir='ltr'><strong>apud</strong></span> <span class='ocrx_word' id='word_1_497' title='bbox 3243 2460 3521 2512; x_wconf 81' lang='lat' dir='ltr'><strong>supernam</strong></span> <span class='ocrx_word' id='word_1_498' title='bbox 3560 2446 3658 2510; x_wconf 82' lang='lat' dir='ltr'><strong>pie-</strong></span> 
     </span>
    </p>
   </div>
   <div class='ocr_carea' id='block_1_70' title="bbox 2140 2535 3654 2600">
    <p class='ocr_par' dir='ltr' id='par_1_70' title="bbox 2140 2535 3654 2600">
     <span class='ocr_line' id='line_1_70' title="bbox 2140 2535 3654 2600; baseline -0.001 -12"><span class='ocrx_word' id='word_1_499' title='bbox 2140 2548 2295 2589; x_wconf 83' lang='lat' dir='ltr'><strong>tatem</strong></span> <span class='ocrx_word' id='word_1_500' title='bbox 2325 2536 2714 2588; x_wconf 89' lang='lat' dir='ltr'><strong>intercessorem</strong></span> <span class='ocrx_word' id='word_1_501' title='bbox 2741 2536 2991 2589; x_wconf 88' lang='lat' dir='ltr'><strong>habemus</strong></span> <span class='ocrx_word' id='word_1_502' title='bbox 3019 2545 3071 2588; x_wconf 92' lang='lat' dir='ltr'><strong>et</strong></span> <span class='ocrx_word' id='word_1_503' title='bbox 3101 2547 3388 2600; x_wconf 88' lang='lat' dir='ltr'><strong>patronum.</strong></span> <span class='ocrx_word' id='word_1_504' title='bbox 3412 2552 3431 2583; x_wconf 67' lang='grc' dir='ltr'><em>υ</em></span> <span class='ocrx_word' id='word_1_505' title='bbox 3470 2535 3538 2586; x_wconf 82' lang='lat' dir='ltr'><strong>Et</strong></span> <span class='ocrx_word' id='word_1_506' title='bbox 3561 2547 3654 2586; x_wconf 58' lang='lat' dir='ltr'><strong>car</strong></span> 
     </span>
    </p>
   </div>
   <div class='ocr_carea' id='block_1_71' title="bbox 2141 2623 3274 2690">
    <p class='ocr_par' dir='ltr' id='par_1_71' title="bbox 2141 2623 3274 2690">
     <span class='ocr_line' id='line_1_71' title="bbox 2141 2623 3274 2690; baseline -0.002 -16"><span class='ocrx_word' id='word_1_507' title='bbox 2141 2634 2268 2685; x_wconf 88' lang='lat' dir='ltr'><strong>tera,</strong></span> <span class='ocrx_word' id='word_1_508' title='bbox 2296 2638 2408 2690; x_wconf 71' lang='lat' dir='ltr'><strong>qua:</strong></span> <span class='ocrx_word' id='word_1_509' title='bbox 2436 2623 2668 2689; x_wconf 70' lang='lat' dir='ltr'><strong>epistolae</strong></span> <span class='ocrx_word' id='word_1_510' title='bbox 2694 2623 2965 2687; x_wconf 89' lang='lat' dir='ltr'><strong>sequentia</strong></span> <span class='ocrx_word' id='word_1_511' title='bbox 2990 2623 3274 2674; x_wconf 87' lang='lat' dir='ltr'><strong>continent.</strong></span> 
     </span>
    </p>
   </div>
   <div class='ocr_carea' id='block_1_72' title="bbox 2208 2709 3655 2774">
    <p class='ocr_par' dir='ltr' id='par_1_72' title="bbox 2208 2709 3655 2774">
     <span class='ocr_line' id='line_1_72' title="bbox 2208 2709 3655 2774; baseline -0.003 -9"><span class='ocrx_word' id='word_1_512' title='bbox 2208 2713 2432 2766; x_wconf 76' lang='lat' dir='ltr'><strong>Reverso</strong></span> <span class='ocrx_word' id='word_1_513' title='bbox 2477 2720 2648 2764; x_wconf 88' lang='lat' dir='ltr'><strong>autem</strong></span> <span class='ocrx_word' id='word_1_514' title='bbox 2694 2712 2904 2765; x_wconf 90' lang='lat' dir='ltr'><strong>domum</strong></span> <span class='ocrx_word' id='word_1_515' title='bbox 2964 2711 3340 2774; x_wconf 81' lang='lat' dir='ltr'><strong>Iluaetbercto,</strong></span> <span class='ocrx_word' id='word_1_516' title='bbox 3381 2709 3655 2761; x_wconf 77' lang='lat' dir='ltr'><strong>advocatur</strong></span> 
     </span>
    </p>
   </div>
   <div class='ocr_carea' id='block_1_73' title="bbox 2140 2795 3653 2863">
    <p class='ocr_par' dir='ltr' id='par_1_73' title="bbox 2140 2795 3653 2863">
     <span class='ocr_line' id='line_1_73' title="bbox 2140 2795 3653 2863; baseline -0.001 -15"><span class='ocrx_word' id='word_1_517' title='bbox 2140 2798 2411 2863; x_wconf 79' lang='lat' dir='ltr'><strong>episcopus</strong></span> <span class='ocrx_word' id='word_1_518' title='bbox 2452 2801 2607 2861; x_wconf 83' lang='lat' dir='ltr'><strong>Acca,</strong></span> <span class='ocrx_word' id='word_1_519' title='bbox 2635 2806 2687 2851; x_wconf 91' lang='lat' dir='ltr'><strong>et</strong></span> <span class='ocrx_word' id='word_1_520' title='bbox 2712 2799 2859 2850; x_wconf 47' lang='lat' dir='ltr'><strong>solita</strong></span> <span class='ocrx_word' id='word_1_521' title='bbox 2886 2797 3027 2850; x_wconf 90' lang='lat' dir='ltr'><strong>illum</strong></span> <span class='ocrx_word' id='word_1_522' title='bbox 3056 2798 3079 2833; x_wconf 68' lang='grc' dir='ltr'>δ</span> <span class='ocrx_word' id='word_1_523' title='bbox 3103 2798 3153 2849; x_wconf 91' lang='lat' dir='ltr'><strong>in</strong></span> <span class='ocrx_word' id='word_1_524' title='bbox 3193 2798 3397 2849; x_wconf 84' lang='lat' dir='ltr'><strong>abbatis</strong></span> <span class='ocrx_word' id='word_1_525' title='bbox 3435 2795 3653 2849; x_wconf 77' lang='lat' dir='ltr'><strong>oiﬁciun</strong></span> 
     </span>
    </p>
   </div>
   <div class='ocr_carea' id='block_1_74' title="bbox 2140 2881 3650 2949">
    <p class='ocr_par' dir='ltr' id='par_1_74' title="bbox 2140 2881 3650 2949">
     <span class='ocr_line' id='line_1_74' title="bbox 2140 2881 3650 2949; baseline -0.002 -11"><span class='ocrx_word' id='word_1_526' title='bbox 2140 2886 2492 2938; x_wconf 88' lang='lat' dir='ltr'><strong>benedictione</strong></span> <span class='ocrx_word' id='word_1_527' title='bbox 2538 2884 2826 2937; x_wconf 78' lang='lat' dir='ltr'><strong>conﬁrmat.</strong></span> <span class='ocrx_word' id='word_1_528' title='bbox 2856 2887 2876 2916; x_wconf 82' lang='lat'>&#39;</span> <span class='ocrx_word' id='word_1_529' title='bbox 2920 2884 3014 2949; x_wconf 84' lang='lat' dir='ltr'><strong>Qui</strong></span> <span class='ocrx_word' id='word_1_530' title='bbox 3058 2881 3194 2936; x_wconf 83' lang='lat' dir='ltr'><strong>iu‘ter</strong></span> <span class='ocrx_word' id='word_1_531' title='bbox 3246 2885 3515 2936; x_wconf 83' lang='lat' dir='ltr'><strong>innumera</strong></span> <span class='ocrx_word' id='word_1_532' title='bbox 3546 2898 3650 2935; x_wconf 84' lang='lat' dir='ltr'><strong>mo—</strong></span> 
     </span>
    </p>
   </div>
   <div class='ocr_carea' id='block_1_75' title="bbox 2144 2972 3653 3041">
    <p class='ocr_par' dir='ltr' id='par_1_75' title="bbox 2144 2972 3653 3041">
     <span class='ocr_line' id='line_1_75' title="bbox 2144 2972 3653 3041; baseline 0 -16"><span class='ocrx_word' id='word_1_533' title='bbox 2144 2975 2349 3025; x_wconf 68' lang='lat' dir='ltr'><strong>ua~terii</strong></span> <span class='ocrx_word' id='word_1_534' title='bbox 2377 2973 2491 3041; x_wconf 90' lang='lat' dir='ltr'><strong>jura</strong></span> <span class='ocrx_word' id='word_1_535' title='bbox 2531 2988 2645 3040; x_wconf 67' lang='lat' dir='ltr'><strong>quae</strong></span> <span class='ocrx_word' id='word_1_536' title='bbox 2686 2973 2901 3040; x_wconf 81' lang='lat' dir='ltr'><strong>juvenili</strong></span> <span class='ocrx_word' id='word_1_537' title='bbox 2945 2987 3100 3040; x_wconf 79' lang='lat' dir='ltr'><strong>sagax</strong></span> <span class='ocrx_word' id='word_1_538' title='bbox 3142 2972 3350 3024; x_wconf 86' lang='lat' dir='ltr'><strong>solertia</strong></span> <span class='ocrx_word' id='word_1_539' title='bbox 3395 2985 3653 3035; x_wconf 70' lang='lat' dir='ltr'><strong>tempera-</strong></span> 
     </span>
    </p>
   </div>
   <div class='ocr_carea' id='block_1_76' title="bbox 2143 3059 3654 3127">
    <p class='ocr_par' dir='ltr' id='par_1_76' title="bbox 2143 3059 3654 3127">
     <span class='ocr_line' id='line_1_76' title="bbox 2143 3059 3654 3127; baseline -0.001 -14"><span class='ocrx_word' id='word_1_540' title='bbox 2143 3061 2247 3124; x_wconf 90' lang='lat' dir='ltr'><strong>bat,</strong></span> <span class='ocrx_word' id='word_1_541' title='bbox 2294 3063 2387 3113; x_wconf 92' lang='lat' dir='ltr'><strong>hoc</strong></span> <span class='ocrx_word' id='word_1_542' title='bbox 2417 3060 2653 3127; x_wconf 87' lang='lat' dir='ltr'><strong>inprimis</strong></span> <span class='ocrx_word' id='word_1_543' title='bbox 2702 3061 2943 3114; x_wconf 90' lang='lat' dir='ltr'><strong>omnibus</strong></span> <span class='ocrx_word' id='word_1_544' title='bbox 2967 3060 3271 3114; x_wconf 88' lang='lat' dir='ltr'><strong>delectabile</strong></span> <span class='ocrx_word' id='word_1_545' title='bbox 3295 3069 3350 3113; x_wconf 90' lang='lat' dir='ltr'><strong>et</strong></span> <span class='ocrx_word' id='word_1_546' title='bbox 3374 3059 3654 3124; x_wconf 75' lang='lat' dir='ltr'><strong>gratiﬁcum</strong></span> 
     </span>
    </p>
   </div>
   <div class='ocr_carea' id='block_1_77' title="bbox 2144 3148 3651 3215">
    <p class='ocr_par' dir='ltr' id='par_1_77' title="bbox 2144 3148 3651 3215">
     <span class='ocr_line' id='line_1_77' title="bbox 2144 3148 3651 3215; baseline -0.001 -15"><span class='ocrx_word' id='word_1_547' title='bbox 2144 3150 2298 3202; x_wconf 77' lang='lat' dir='ltr'><strong>fecit:</strong></span> <span class='ocrx_word' id='word_1_548' title='bbox 2330 3151 2537 3203; x_wconf 89' lang='lat' dir='ltr'><strong>sustulit</strong></span> <span class='ocrx_word' id='word_1_549' title='bbox 2563 3164 2680 3203; x_wconf 85' lang='lat' dir='ltr'><strong>ossa</strong></span> <span class='ocrx_word' id='word_1_550' title='bbox 2719 3150 3005 3203; x_wconf 85' lang='lat' dir='ltr'><strong>Eastervini</strong></span> <span class='ocrx_word' id='word_1_551' title='bbox 3036 3151 3257 3211; x_wconf 83' lang='lat' dir='ltr'><strong>abbatis,</strong></span> <span class='ocrx_word' id='word_1_552' title='bbox 3283 3163 3399 3214; x_wconf 79' lang='lat' dir='ltr'><strong>qua:</strong></span> <span class='ocrx_word' id='word_1_553' title='bbox 3451 3148 3501 3199; x_wconf 90' lang='lat' dir='ltr'><strong>in</strong></span> <span class='ocrx_word' id='word_1_554' title='bbox 3541 3163 3651 3215; x_wconf 82' lang='lat' dir='ltr'><strong>por-</strong></span> 
     </span>
    </p>
   </div>
   <div class='ocr_carea' id='block_1_78' title="bbox 2141 3237 3655 3307">
    <p class='ocr_par' dir='ltr' id='par_1_78' title="bbox 2141 3237 3655 3307">
     <span class='ocr_line' id='line_1_78' title="bbox 2141 3237 3655 3307; baseline 0.001 -20"><span class='ocrx_word' id='word_1_555' title='bbox 2141 3242 2239 3290; x_wconf 88' lang='lat' dir='ltr'><strong>ticu</strong></span> <span class='ocrx_word' id='word_1_556' title='bbox 2284 3240 2544 3307; x_wconf 81' lang='lat' dir='ltr'><strong>ingressus</strong></span> <span class='ocrx_word' id='word_1_557' title='bbox 2589 3239 2826 3294; x_wconf 58' lang='lat' dir='ltr'><strong>ecclesiae</strong></span> <span class='ocrx_word' id='word_1_558' title='bbox 2873 3240 3008 3293; x_wconf 83' lang='lat' dir='ltr'><strong>beati</strong></span> <span class='ocrx_word' id='word_1_559' title='bbox 3056 3240 3274 3304; x_wconf 87' lang='lat' dir='ltr'><strong>apostoli</strong></span> <span class='ocrx_word' id='word_1_560' title='bbox 3332 3237 3471 3290; x_wconf 84' lang='lat' dir='ltr'><strong>Petri</strong></span> <span class='ocrx_word' id='word_1_561' title='bbox 3516 3247 3655 3291; x_wconf 85' lang='lat' dir='ltr'><strong>erant</strong></span> 
     </span>
    </p>
   </div>
   <div class='ocr_carea' id='block_1_79' title="bbox 2140 3325 3650 3395">
    <p class='ocr_par' dir='ltr' id='par_1_79' title="bbox 2140 3325 3650 3395">
     <span class='ocr_line' id='line_1_79' title="bbox 2140 3325 3650 3395; baseline 0 -16"><span class='ocrx_word' id='word_1_562' title='bbox 2140 3328 2333 3393; x_wconf 80' lang='lat' dir='ltr'><strong>posita;</strong></span> <span class='ocrx_word' id='word_1_563' title='bbox 2365 3343 2565 3382; x_wconf 88' lang='lat' dir='ltr'><strong>necnon</strong></span> <span class='ocrx_word' id='word_1_564' title='bbox 2603 3338 2656 3382; x_wconf 88' lang='lat' dir='ltr'><strong>et</strong></span> <span class='ocrx_word' id='word_1_565' title='bbox 2696 3342 2813 3381; x_wconf 84' lang='lat' dir='ltr'><strong>ossa</strong></span> <span class='ocrx_word' id='word_1_566' title='bbox 2851 3325 3060 3395; x_wconf 83' lang='lat' dir='ltr'><strong>Sigfridi</strong></span> <span class='ocrx_word' id='word_1_567' title='bbox 3098 3327 3299 3379; x_wconf 85' lang='lat' dir='ltr'><strong>abbatis</strong></span> <span class='ocrx_word' id='word_1_568' title='bbox 3333 3341 3395 3379; x_wconf 86' lang='lat' dir='ltr'><strong>ac</strong></span> <span class='ocrx_word' id='word_1_569' title='bbox 3436 3327 3650 3394; x_wconf 77' lang='lat' dir='ltr'><strong>magistri</strong></span> 
     </span>
    </p>
   </div>
   <div class='ocr_carea' id='block_1_80' title="bbox 2138 3414 3655 3484">
    <p class='ocr_par' dir='ltr' id='par_1_80' title="bbox 2138 3414 3655 3484">
     <span class='ocr_line' id='line_1_80' title="bbox 2138 3414 3655 3484; baseline 0.003 -19"><span class='ocrx_word' id='word_1_570' title='bbox 2138 3417 2394 3482; x_wconf 87' lang='lat' dir='ltr'><strong>quondam</strong></span> <span class='ocrx_word' id='word_1_571' title='bbox 2422 3418 2523 3481; x_wconf 89' lang='lat' dir='ltr'><strong>sui,</strong></span> <span class='ocrx_word' id='word_1_572' title='bbox 2552 3431 2667 3484; x_wconf 76' lang='lat' dir='ltr'><strong>qua:</strong></span> <span class='ocrx_word' id='word_1_573' title='bbox 2696 3414 2824 3469; x_wconf 89' lang='lat' dir='ltr'><strong>foris</strong></span> <span class='ocrx_word' id='word_1_574' title='bbox 2851 3416 3134 3469; x_wconf 89' lang='lat' dir='ltr'><strong>sacrarium</strong></span> <span class='ocrx_word' id='word_1_575' title='bbox 3159 3415 3224 3468; x_wconf 89' lang='lat' dir='ltr'><strong>ad</strong></span> <span class='ocrx_word' id='word_1_576' title='bbox 3254 3417 3526 3470; x_wconf 88' lang='lat' dir='ltr'><strong>meridiem</strong></span> <span class='ocrx_word' id='word_1_577' title='bbox 3556 3415 3655 3469; x_wconf 76' lang='lat' dir='ltr'><strong>fus-</strong></span> 
     </span>
    </p>
   </div>
   <div class='ocr_carea' id='block_1_81' title="bbox 2141 3502 3653 3571">
    <p class='ocr_par' dir='ltr' id='par_1_81' title="bbox 2141 3502 3653 3571">
     <span class='ocr_line' id='line_1_81' title="bbox 2141 3502 3653 3571; baseline -0.001 -16"><span class='ocrx_word' id='word_1_578' title='bbox 2141 3516 2254 3555; x_wconf 86' lang='lat' dir='ltr'><strong>rant</strong></span> <span class='ocrx_word' id='word_1_579' title='bbox 2291 3505 2520 3567; x_wconf 78' lang='lat' dir='ltr'><strong>condita,</strong></span> <span class='ocrx_word' id='word_1_580' title='bbox 2559 3514 2614 3556; x_wconf 91' lang='lat' dir='ltr'><strong>et</strong></span> <span class='ocrx_word' id='word_1_581' title='bbox 2657 3513 2873 3571; x_wconf 87' lang='lat' dir='ltr'><strong>utraque</strong></span> <span class='ocrx_word' id='word_1_582' title='bbox 2914 3504 2965 3557; x_wconf 92' lang='lat' dir='ltr'><strong>in</strong></span> <span class='ocrx_word' id='word_1_583' title='bbox 3018 3519 3117 3556; x_wconf 86' lang='lat' dir='ltr'><strong>una</strong></span> <span class='ocrx_word' id='word_1_584' title='bbox 3164 3503 3313 3557; x_wconf 86' lang='lat' dir='ltr'><strong>theca</strong></span> <span class='ocrx_word' id='word_1_585' title='bbox 3359 3504 3451 3555; x_wconf 85' lang='lat' dir='ltr'><strong>sed</strong></span> <span class='ocrx_word' id='word_1_586' title='bbox 3496 3502 3653 3555; x_wconf 76' lang='lat' dir='ltr'><strong>medio</strong></span> 
     </span>
    </p>
   </div>
   <div class='ocr_carea' id='block_1_82' title="bbox 2143 3591 3653 3659">
    <p class='ocr_par' dir='ltr' id='par_1_82' title="bbox 2143 3591 3653 3659">
     <span class='ocr_line' id='line_1_82' title="bbox 2143 3591 3653 3659; baseline 0 -17"><span class='ocrx_word' id='word_1_587' title='bbox 2143 3595 2336 3659; x_wconf 84' lang='lat' dir='ltr'><strong>pariete</strong></span> <span class='ocrx_word' id='word_1_588' title='bbox 2381 3594 2542 3645; x_wconf 89' lang='lat' dir='ltr'><strong>divisa</strong></span> <span class='ocrx_word' id='word_1_589' title='bbox 2607 3594 2897 3657; x_wconf 88' lang='lat' dir='ltr'><strong>recludens,</strong></span> <span class='ocrx_word' id='word_1_590' title='bbox 2942 3594 3079 3646; x_wconf 85' lang='lat' dir='ltr'><strong>intus</strong></span> <span class='ocrx_word' id='word_1_591' title='bbox 3119 3592 3169 3643; x_wconf 92' lang='lat' dir='ltr'><strong>in</strong></span> <span class='ocrx_word' id='word_1_592' title='bbox 3216 3591 3397 3645; x_wconf 86' lang='lat' dir='ltr'><strong>eadem</strong></span> <span class='ocrx_word' id='word_1_593' title='bbox 3446 3591 3653 3643; x_wconf 78' lang='lat' dir='ltr'><strong>ecclesia</strong></span> 
     </span>
    </p>
   </div>
   <div class='ocr_carea' id='block_1_83' title="bbox 2136 3680 3651 3749">
    <p class='ocr_par' dir='ltr' id='par_1_83' title="bbox 2136 3680 3651 3749">
     <span class='ocr_line' id='line_1_83' title="bbox 2136 3680 3651 3749; baseline -0.002 -16"><span class='ocrx_word' id='word_1_594' title='bbox 2136 3683 2281 3749; x_wconf 83' lang='lat' dir='ltr'><strong>juxta</strong></span> <span class='ocrx_word' id='word_1_595' title='bbox 2329 3697 2515 3749; x_wconf 89' lang='lat' dir='ltr'><strong>corpus</strong></span> <span class='ocrx_word' id='word_1_596' title='bbox 2566 3683 2703 3735; x_wconf 84' lang='lat' dir='ltr'><strong>beati</strong></span> <span class='ocrx_word' id='word_1_597' title='bbox 2763 3682 2931 3735; x_wconf 82' lang='lat' dir='ltr'><strong>Patris</strong></span> <span class='ocrx_word' id='word_1_598' title='bbox 2978 3680 3242 3733; x_wconf 82' lang='lat' dir='ltr'><strong>Benedicti</strong></span> <span class='ocrx_word' id='word_1_599' title='bbox 3294 3684 3316 3711; x_wconf 71' lang='grc' dir='ltr'><strong>ε</strong></span> <span class='ocrx_word' id='word_1_600' title='bbox 3356 3681 3651 3745; x_wconf 76' lang='lat' dir='ltr'><strong>composuit.</strong></span> 
     </span>
    </p>
   </div>
   <div class='ocr_carea' id='block_1_84' title="bbox 2144 3768 3656 3836">
    <p class='ocr_par' dir='ltr' id='par_1_84' title="bbox 2144 3768 3656 3836">
     <span class='ocr_line' id='line_1_84' title="bbox 2144 3768 3656 3836; baseline -0.002 -14"><span class='ocrx_word' id='word_1_601' title='bbox 2144 3771 2286 3822; x_wconf 76' lang='lat' dir='ltr'><strong>Fccit</strong></span> <span class='ocrx_word' id='word_1_602' title='bbox 2318 3778 2489 3823; x_wconf 91' lang='lat' dir='ltr'><strong>autem</strong></span> <span class='ocrx_word' id='word_1_603' title='bbox 2543 3772 2653 3822; x_wconf 69' lang='lat' dir='ltr'><strong>hanc</strong></span> <span class='ocrx_word' id='word_1_604' title='bbox 2696 3770 2782 3823; x_wconf 89' lang='lat' dir='ltr'><strong>die</strong></span> <span class='ocrx_word' id='word_1_605' title='bbox 2828 3768 3015 3821; x_wconf 80' lang='lat' dir='ltr'><strong>natalis</strong></span> <span class='ocrx_word' id='word_1_606' title='bbox 3058 3768 3297 3836; x_wconf 80' lang='lat' dir='ltr'><strong>Sigfridi,</strong></span> <span class='ocrx_word' id='word_1_607' title='bbox 3344 3770 3394 3820; x_wconf 88' lang='lat' dir='ltr'><strong>id</strong></span> <span class='ocrx_word' id='word_1_608' title='bbox 3441 3778 3543 3831; x_wconf 91' lang='lat' dir='ltr'><strong>est,</strong></span> <span class='ocrx_word' id='word_1_609' title='bbox 3571 3782 3656 3819; x_wconf 82' lang='lat' dir='ltr'><strong>uu-</strong></span> 
     </span>
    </p>
   </div>
   <div class='ocr_carea' id='block_1_85' title="bbox 2141 3853 3657 3923">
    <p class='ocr_par' dir='ltr' id='par_1_85' title="bbox 2141 3853 3657 3923">
     <span class='ocr_line' id='line_1_85' title="bbox 2141 3853 3657 3923; baseline -0.003 -13"><span class='ocrx_word' id='word_1_610' title='bbox 2141 3860 2344 3912; x_wconf 86' lang='lat' dir='ltr'><strong>dccimo</strong></span> <span class='ocrx_word' id='word_1_611' title='bbox 2388 3858 2735 3911; x_wconf 76' lang='lat' dir='ltr'><strong>Kalendarum</strong></span> <span class='ocrx_word' id='word_1_612' title='bbox 2780 3856 3189 3922; x_wconf 89' lang='lat' dir='ltr'><strong>Septembrium,</strong></span> <span class='ocrx_word' id='word_1_613' title='bbox 3230 3870 3336 3923; x_wconf 82' lang='lat' dir='ltr'><strong>quo</strong></span> <span class='ocrx_word' id='word_1_614' title='bbox 3376 3858 3537 3909; x_wconf 86' lang='lat' dir='ltr'><strong>etiam</strong></span> <span class='ocrx_word' id='word_1_615' title='bbox 3578 3853 3657 3905; x_wconf 85' lang='lat' dir='ltr'><strong>die</strong></span> 
     </span>
    </p>
   </div>
   <div class='ocr_carea' id='block_1_86' title="bbox 2142 3939 3654 4011">
    <p class='ocr_par' dir='ltr' id='par_1_86' title="bbox 2142 3939 3654 4011">
     <span class='ocr_line' id='line_1_86' title="bbox 2142 3939 3654 4011; baseline -0.003 -14"><span class='ocrx_word' id='word_1_616' title='bbox 2142 3946 2356 4011; x_wconf 77' lang='lat' dir='ltr'><strong>contigit</strong></span> <span class='ocrx_word' id='word_1_617' title='bbox 2384 3947 2511 3997; x_wconf 88' lang='lat' dir='ltr'><strong>mira</strong></span> <span class='ocrx_word' id='word_1_618' title='bbox 2544 3945 2632 3997; x_wconf 90' lang='lat' dir='ltr'><strong>Dei</strong></span> <span class='ocrx_word' id='word_1_619' title='bbox 2664 3944 3006 4010; x_wconf 86' lang='lat' dir='ltr'><strong>providentia,</strong></span> <span class='ocrx_word' id='word_1_620' title='bbox 3033 3954 3084 3995; x_wconf 94' lang='lat' dir='ltr'><strong>ut</strong></span> <span class='ocrx_word' id='word_1_621' title='bbox 3113 3943 3438 3996; x_wconf 87' lang='lat' dir='ltr'><strong>venerandus</strong></span> <span class='ocrx_word' id='word_1_622' title='bbox 3476 3939 3654 3995; x_wconf 73' lang='lat' dir='ltr'><strong>Christi</strong></span> 
     </span>
    </p>
   </div>
   <div class='ocr_carea' id='block_1_87' title="bbox 2145 4027 3657 4098">
    <p class='ocr_par' dir='ltr' id='par_1_87' title="bbox 2145 4027 3657 4098">
     <span class='ocr_line' id='line_1_87' title="bbox 2145 4027 3657 4098; baseline -0.002 -14"><span class='ocrx_word' id='word_1_623' title='bbox 2145 4033 2364 4085; x_wconf 82' lang='lat' dir='ltr'><strong>famulus</strong></span> <span class='ocrx_word' id='word_1_624' title='bbox 2406 4031 2646 4095; x_wconf 83' lang='lat' dir='ltr'><strong>Witmer,</strong></span> <span class='ocrx_word' id='word_1_625' title='bbox 2678 4031 2824 4098; x_wconf 88' lang='lat' dir='ltr'><strong>cujus</strong></span> <span class='ocrx_word' id='word_1_626' title='bbox 2866 4045 3022 4097; x_wconf 88' lang='lat' dir='ltr'><strong>supra</strong></span> <span class='ocrx_word' id='word_1_627' title='bbox 3063 4029 3416 4095; x_wconf 87' lang='lat' dir='ltr'><strong>meminimus,</strong></span> <span class='ocrx_word' id='word_1_628' title='bbox 3443 4027 3657 4081; x_wconf 76' lang='lat' dir='ltr'><strong>excede—</strong></span> 
     </span>
    </p>
   </div>
   <div class='ocr_carea' id='block_1_88' title="bbox 2146 4116 3653 4189">
    <p class='ocr_par' dir='ltr' id='par_1_88' title="bbox 2146 4116 3653 4189">
     <span class='ocr_line' id='line_1_88' title="bbox 2146 4116 3653 4189; baseline -0.005 -12"><span class='ocrx_word' id='word_1_629' title='bbox 2146 4135 2254 4187; x_wconf 89' lang='lat' dir='ltr'><strong>ret,</strong></span> <span class='ocrx_word' id='word_1_630' title='bbox 2286 4120 2337 4177; x_wconf 86' lang='lat' dir='ltr'><strong>et</strong></span> <span class='ocrx_word' id='word_1_631' title='bbox 2379 4124 2430 4176; x_wconf 92' lang='lat' dir='ltr'><strong>in</strong></span> <span class='ocrx_word' id='word_1_632' title='bbox 2476 4125 2588 4175; x_wconf 87' lang='lat' dir='ltr'><strong>loco</strong></span> <span class='ocrx_word' id='word_1_633' title='bbox 2636 4123 2721 4175; x_wconf 90' lang='lat' dir='ltr'><strong>ubi</strong></span> <span class='ocrx_word' id='word_1_634' title='bbox 2762 4121 2989 4189; x_wconf 67' lang='lat' dir='ltr'><strong>praedicti</strong></span> <span class='ocrx_word' id='word_1_635' title='bbox 3032 4121 3244 4173; x_wconf 86' lang='lat' dir='ltr'><strong>abhates</strong></span> <span class='ocrx_word' id='word_1_636' title='bbox 3295 4120 3436 4186; x_wconf 84' lang='lat' dir='ltr'><strong>prius</strong></span> <span class='ocrx_word' id='word_1_637' title='bbox 3477 4116 3653 4184; x_wconf 83' lang='lat' dir='ltr'><strong>sepulti</strong></span> 
     </span>
    </p>
   </div>
   <div class='ocr_carea' id='block_1_89' title="bbox 2145 4204 3654 4278">
    <p class='ocr_par' dir='ltr' id='par_1_89' title="bbox 2145 4204 3654 4278">
     <span class='ocr_line' id='line_1_89' title="bbox 2145 4204 3654 4278; baseline -0.003 -17"><span class='ocrx_word' id='word_1_638' title='bbox 2145 4210 2379 4273; x_wconf 88' lang='lat' dir='ltr'><strong>fuerant,</strong></span> <span class='ocrx_word' id='word_1_639' title='bbox 2428 4210 2536 4278; x_wconf 85' lang='lat' dir='ltr'><strong>ipse</strong></span> <span class='ocrx_word' id='word_1_640' title='bbox 2589 4209 2674 4278; x_wconf 91' lang='lat' dir='ltr'><strong>qui</strong></span> <span class='ocrx_word' id='word_1_641' title='bbox 2719 4222 2896 4261; x_wconf 89' lang='lat' dir='ltr'><strong>eorum</strong></span> <span class='ocrx_word' id='word_1_642' title='bbox 2952 4206 3178 4260; x_wconf 89' lang='lat' dir='ltr'><strong>imitatur</strong></span> <span class='ocrx_word' id='word_1_643' title='bbox 3226 4206 3427 4268; x_wconf 87' lang='lat' dir='ltr'><strong>fuerat,</strong></span> <span class='ocrx_word' id='word_1_644' title='bbox 3472 4204 3654 4257; x_wconf 83' lang='lat' dir='ltr'><strong>conde-</strong></span> 
     </span>
    </p>
   </div>
   <div class='ocr_carea' id='block_1_90' title="bbox 2144 4308 2309 4352">
    <p class='ocr_par' dir='ltr' id='par_1_90' title="bbox 2144 4308 2309 4352">
     <span class='ocr_line' id='line_1_90' title="bbox 2144 4308 2309 4352; baseline 0 -1"><span class='ocrx_word' id='word_1_645' title='bbox 2144 4308 2309 4352; x_wconf 86' lang='lat' dir='ltr'><strong>retur.</strong></span> 
     </span>
    </p>
   </div>
   <div class='ocr_carea' id='block_1_91' title="bbox 2217 4382 3656 4457">
    <p class='ocr_par' dir='ltr' id='par_1_91' title="bbox 2217 4382 3656 4457">
     <span class='ocr_line' id='line_1_91' title="bbox 2217 4382 3656 4457; baseline -0.002 -18"><span class='ocrx_word' id='word_1_646' title='bbox 2217 4388 2406 4439; x_wconf 87' lang='lat' dir='ltr'><strong>Christi</strong></span> <span class='ocrx_word' id='word_1_647' title='bbox 2436 4402 2557 4441; x_wconf 88' lang='lat' dir='ltr'><strong>vero</strong></span> <span class='ocrx_word' id='word_1_648' title='bbox 2601 4388 2821 4440; x_wconf 76' lang='lat' dir='ltr'><strong>famulus</strong></span> <span class='ocrx_word' id='word_1_649' title='bbox 2849 4382 3205 4457; x_wconf 40' lang='lat' dir='ltr'><strong>Ceolfridusﬂ</strong></span> <span class='ocrx_word' id='word_1_650' title='bbox 3236 4393 3294 4437; x_wconf 87' lang='lat' dir='ltr'><strong>ut</strong></span> <span class='ocrx_word' id='word_1_651' title='bbox 3318 4383 3656 4451; x_wconf 65' lang='lat' dir='ltr'><strong>supradictus</strong></span> 
     </span>
    </p>
   </div>
   <div class='ocr_carea' id='block_1_92' title="bbox 1493 4467 2793 4535">
    <p class='ocr_par' dir='ltr' id='par_1_92' title="bbox 1493 4467 2793 4535">
     <span class='ocr_line' id='line_1_92' title="bbox 1493 4467 2793 4535; baseline 0.007 -16"><span class='ocrx_word' id='word_1_652' title='bbox 1493 4467 1944 4525; x_wconf 77' lang='lat' dir='ltr'><strong>VULGATORUM</strong></span> <span class='ocrx_word' id='word_1_653' title='bbox 1991 4473 2366 4527; x_wconf 72' lang='lat' dir='ltr'><strong>VAliIANTES</strong></span> <span class='ocrx_word' id='word_1_654' title='bbox 2402 4476 2793 4535; x_wconf 75' lang='lat' dir='ltr'><strong>LECTIONES.</strong></span> 
     </span>
    </p>
   </div>
   <div class='ocr_carea' id='block_1_93' title="bbox 607 4553 1755 4611">
    <p class='ocr_par' dir='ltr' id='par_1_93' title="bbox 607 4553 1755 4611">
     <span class='ocr_line' id='line_1_93' title="bbox 607 4553 1755 4611; baseline 0.004 -7"><span class='ocrx_word' id='word_1_655' title='bbox 607 4558 619 4585; x_wconf 83' lang='lat'>&#39;</span> <span class='ocrx_word' id='word_1_656' title='bbox 654 4553 807 4604; x_wconf 81' lang='lat' dir='ltr'><strong>Erant</strong></span> <span class='ocrx_word' id='word_1_657' title='bbox 833 4556 882 4605; x_wconf 80' lang='lat' dir='ltr'><strong>in</strong></span> <span class='ocrx_word' id='word_1_658' title='bbox 915 4558 1207 4609; x_wconf 80' lang='lat' dir='ltr'><strong>monasterio</strong></span> <span class='ocrx_word' id='word_1_659' title='bbox 1232 4556 1290 4609; x_wconf 86' lang='grc' dir='ltr'><strong>Β.</strong></span> <span class='ocrx_word' id='word_1_660' title='bbox 1317 4556 1464 4611; x_wconf 81' lang='lat' dir='ltr'><strong>Pauli</strong></span> <span class='ocrx_word' id='word_1_661' title='bbox 1488 4558 1755 4611; x_wconf 77' lang='lat' dir='ltr'><strong>seniorum.</strong></span> 
     </span>
    </p>
   </div>
   <div class='ocr_carea' id='block_1_94' title="bbox 605 4622 918 4681">
    <p class='ocr_par' dir='ltr' id='par_1_94' title="bbox 605 4622 918 4681">
     <span class='ocr_line' id='line_1_94' title="bbox 605 4622 918 4681; baseline 0.013 -12"><span class='ocrx_word' id='word_1_662' title='bbox 605 4626 624 4653; x_wconf 80' lang='grc'>³</span> <span class='ocrx_word' id='word_1_663' title='bbox 656 4622 779 4681; x_wconf 66' lang='lat' dir='ltr'><strong>Qut:</strong></span> <span class='ocrx_word' id='word_1_664' title='bbox 806 4624 918 4673; x_wconf 81' lang='lat' dir='ltr'><strong>sibi.</strong></span> 
     </span>
    </p>
   </div>
   <div class='ocr_carea' id='block_1_95' title="bbox 608 4686 1111 4759">
    <p class='ocr_par' dir='ltr' id='par_1_95' title="bbox 608 4686 1111 4759">
     <span class='ocr_line' id='line_1_95' title="bbox 608 4686 1111 4759; baseline 0.012 -23"><span class='ocrx_word' id='word_1_665' title='bbox 608 4686 625 4759; x_wconf 54' lang='grc' dir='ltr'>ξ</span> <span class='ocrx_word' id='word_1_666' title='bbox 659 4690 812 4759; x_wconf 58' lang='lat' dir='ltr'><strong>Qixit,</strong></span> <span class='ocrx_word' id='word_1_667' title='bbox 839 4691 1111 4759; x_wconf 66' lang='lat' dir='ltr'><strong>descripsit.</strong></span> 
     </span>
    </p>
   </div>
   <div class='ocr_carea' id='block_1_96' title="bbox 605 4754 937 4821">
    <p class='ocr_par' dir='ltr' id='par_1_96' title="bbox 605 4754 937 4821">
     <span class='ocr_line' id='line_1_96' title="bbox 605 4754 937 4821; baseline 0.009 -16"><span class='ocrx_word' id='word_1_668' title='bbox 605 4754 626 4786; x_wconf 74' lang='grc'><strong><em>⁵</em></strong></span> <span class='ocrx_word' id='word_1_669' title='bbox 662 4754 811 4809; x_wconf 78' lang='lat' dir='ltr'><strong>Navis</strong></span> <span class='ocrx_word' id='word_1_670' title='bbox 837 4761 937 4821; x_wconf 85' lang='lat' dir='ltr'><strong>qui.</strong></span> 
     </span>
    </p>
   </div>
   <div class='ocr_carea' id='block_1_97' title="bbox 609 4824 1215 4893">
    <p class='ocr_par' dir='ltr' id='par_1_97' title="bbox 609 4824 1215 4893">
     <span class='ocr_line' id='line_1_97' title="bbox 609 4824 1215 4893; baseline 0.01 -21"><span class='ocrx_word' id='word_1_671' title='bbox 609 4826 627 4854; x_wconf 81' lang='grc'><strong><em>³</em></strong></span> <span class='ocrx_word' id='word_1_672' title='bbox 659 4824 1050 4891; x_wconf 73' lang='lat' dir='ltr'><strong>Exspeclautcm,</strong></span> <span class='ocrx_word' id='word_1_673' title='bbox 1075 4844 1215 4893; x_wconf 63' lang='lat' dir='ltr'><strong>quem</strong></span> 
     </span>
    </p>
   </div>
   <div class='ocr_carea' id='block_1_98' title="bbox 2223 4562 2505 4618">
    <p class='ocr_par' dir='ltr' id='par_1_98' title="bbox 2223 4562 2505 4618">
     <span class='ocr_line' id='line_1_98' title="bbox 2223 4562 2505 4618; baseline 0.018 -6"><span class='ocrx_word' id='word_1_674' title='bbox 2223 4564 2242 4593; x_wconf 80' lang='lat'><em>‘</em></span> <span class='ocrx_word' id='word_1_675' title='bbox 2273 4562 2505 4618; x_wconf 72' lang='lat' dir='ltr'><strong>Nuntiat.</strong></span> 
     </span>
    </p>
   </div>
   <div class='ocr_carea' id='block_1_99' title="bbox 2222 4630 2770 4687">
    <p class='ocr_par' dir='ltr' id='par_1_99' title="bbox 2222 4630 2770 4687">
     <span class='ocr_line' id='line_1_99' title="bbox 2222 4630 2770 4687; baseline 0.011 -6"><span class='ocrx_word' id='word_1_676' title='bbox 2222 4633 2238 4661; x_wconf 85' lang='grc'><strong>⁷</strong></span> <span class='ocrx_word' id='word_1_677' title='bbox 2270 4630 2770 4687; x_wconf 81' lang='lat' dir='ltr'><strong>Cammeudatariam.</strong></span> 
     </span>
    </p>
   </div>
   <div class='ocr_carea' id='block_1_100' title="bbox 2221 4700 2652 4755">
    <p class='ocr_par' dir='ltr' id='par_1_100' title="bbox 2221 4700 2652 4755">
     <span class='ocr_line' id='line_1_100' title="bbox 2221 4700 2652 4755; baseline 0.009 -5"><span class='ocrx_word' id='word_1_678' title='bbox 2221 4700 2242 4730; x_wconf 87' lang='grc'><strong>⁸</strong></span> <span class='ocrx_word' id='word_1_679' title='bbox 2275 4701 2555 4753; x_wconf 79' lang='lat' dir='ltr'><strong>Putavimus</strong></span> <span class='ocrx_word' id='word_1_680' title='bbox 2580 4703 2652 4755; x_wconf 84' lang='lat' dir='ltr'><strong>in.</strong></span> 
     </span>
    </p>
   </div>
   <div class='ocr_carea' id='block_1_101' title="bbox 2222 4769 2566 4831">
    <p class='ocr_par' dir='ltr' id='par_1_101' title="bbox 2222 4769 2566 4831">
     <span class='ocr_line' id='line_1_101' title="bbox 2222 4769 2566 4831; baseline 0.012 -12"><span class='ocrx_word' id='word_1_681' title='bbox 2222 4769 2242 4799; x_wconf 80' lang='lat'><strong>’</strong></span> <span class='ocrx_word' id='word_1_682' title='bbox 2273 4769 2395 4831; x_wconf 76' lang='lat' dir='ltr'><strong>Qua:</strong></span> <span class='ocrx_word' id='word_1_683' title='bbox 2421 4771 2566 4823; x_wconf 78' lang='lat' dir='ltr'><strong>inter.</strong></span> 
     </span>
    </p>
   </div>
   <div class='ocr_carea' id='block_1_102' title="bbox 1805 4918 2404 4977">
    <p class='ocr_par' dir='ltr' id='par_1_102' title="bbox 1805 4918 2404 4977">
     <span class='ocr_line' id='line_1_102' title="bbox 1805 4918 2404 4977; baseline 0.01 -7"><span class='ocrx_word' id='word_1_684' title='bbox 1805 4918 2149 4973; x_wconf 75' lang='lat' dir='ltr'><strong>VARIORUM</strong></span> <span class='ocrx_word' id='word_1_685' title='bbox 2186 4921 2404 4977; x_wconf 63' lang='grc' dir='ltr'><strong>ΝΟΤᾸΕ.</strong></span> 
     </span>
    </p>
   </div>
   <div class='ocr_carea' id='block_1_103' title="bbox 612 5005 1669 5073">
    <p class='ocr_par' dir='ltr' id='par_1_103' title="bbox 612 5005 1669 5073">
     <span class='ocr_line' id='line_1_103' title="bbox 612 5005 1669 5073; baseline -0.003 -15"><span class='ocrx_word' id='word_1_686' title='bbox 612 5015 634 5073; x_wconf 52' lang='grc' dir='ltr'><em>ἓ</em></span> <span class='ocrx_word' id='word_1_687' title='bbox 665 5007 915 5073; x_wconf 76' lang='lat' dir='ltr'><strong>Gregorio.</strong></span> <span class='ocrx_word' id='word_1_688' title='bbox 949 5005 1190 5056; x_wconf 88' lang='lat' dir='ltr'><strong>Videlicet</strong></span> <span class='ocrx_word' id='word_1_689' title='bbox 1217 5008 1462 5059; x_wconf 87' lang='lat' dir='ltr'><strong>secundo.</strong></span> <span class='ocrx_word' id='word_1_690' title='bbox 1487 5006 1669 5058; x_wconf 70' lang='lat' dir='ltr'><strong>SillTll.</strong></span> 
     </span>
    </p>
   </div>
   <div class='ocr_carea' id='block_1_104' title="bbox 611 5072 2046 5139">
    <p class='ocr_par' dir='ltr' id='par_1_104' title="bbox 611 5072 2046 5139">
     <span class='ocr_line' id='line_1_104' title="bbox 611 5072 2046 5139; baseline 0.001 -14"><span class='ocrx_word' id='word_1_691' title='bbox 611 5072 638 5109; x_wconf 71' lang='grc' dir='ltr'>δ</span> <span class='ocrx_word' id='word_1_692' title='bbox 668 5074 729 5125; x_wconf 81' lang='lat' dir='ltr'><strong>In</strong></span> <span class='ocrx_word' id='word_1_693' title='bbox 768 5072 876 5124; x_wconf 81' lang='lat' dir='ltr'><strong>obb.</strong></span> <span class='ocrx_word' id='word_1_694' title='bbox 910 5073 995 5137; x_wconf 81' lang='grc' dir='ltr'><strong>οΙῙ.</strong></span> <span class='ocrx_word' id='word_1_695' title='bbox 1029 5074 1197 5123; x_wconf 74' lang='lat' dir='ltr'><strong>benel.</strong></span> <span class='ocrx_word' id='word_1_696' title='bbox 1225 5075 1448 5137; x_wconf 81' lang='lat' dir='ltr'><strong>conﬁrm.</strong></span> <span class='ocrx_word' id='word_1_697' title='bbox 1490 5075 1600 5124; x_wconf 85' lang='lat' dir='ltr'><strong>Jam</strong></span> <span class='ocrx_word' id='word_1_698' title='bbox 1653 5085 1770 5125; x_wconf 89' lang='lat' dir='ltr'><strong>tunc</strong></span> <span class='ocrx_word' id='word_1_699' title='bbox 1816 5088 1939 5139; x_wconf 76' lang='lat' dir='ltr'><strong>ergo</strong></span> <span class='ocrx_word' id='word_1_700' title='bbox 1982 5076 2046 5126; x_wconf 92' lang='lat' dir='ltr'><strong>ab</strong></span> 
     </span>
    </p>
   </div>
   <div class='ocr_carea' id='block_1_105' title="bbox 546 5142 2045 5207">
    <p class='ocr_par' dir='ltr' id='par_1_105' title="bbox 546 5142 2045 5207">
     <span class='ocr_line' id='line_1_105' title="bbox 546 5142 2045 5207; baseline -0.001 -14"><span class='ocrx_word' id='word_1_701' title='bbox 546 5142 799 5207; x_wconf 84' lang='lat' dir='ltr'><strong>episcopis</strong></span> <span class='ocrx_word' id='word_1_702' title='bbox 826 5143 1255 5193; x_wconf 84' lang='lat' dir='ltr'><strong>benedicehantur</strong></span> <span class='ocrx_word' id='word_1_703' title='bbox 1277 5142 1505 5203; x_wconf 87' lang='lat' dir='ltr'><strong>abbates,</strong></span> <span class='ocrx_word' id='word_1_704' title='bbox 1528 5143 1661 5205; x_wconf 87' lang='lat' dir='ltr'><strong>quod</strong></span> <span class='ocrx_word' id='word_1_705' title='bbox 1691 5143 1865 5202; x_wconf 87' lang='lat' dir='ltr'><strong>etiam,</strong></span> <span class='ocrx_word' id='word_1_706' title='bbox 1894 5143 1982 5191; x_wconf 85' lang='lat' dir='ltr'><strong>lib.</strong></span> <span class='ocrx_word' id='word_1_707' title='bbox 2008 5157 2045 5203; x_wconf 81' lang='grc' dir='ltr'><strong>ι,</strong></span> 
     </span>
    </p>
   </div>
   <div class='ocr_carea' id='block_1_106' title="bbox 548 5208 2049 5273">
    <p class='ocr_par' dir='ltr' id='par_1_106' title="bbox 548 5208 2049 5273">
     <span class='ocr_line' id='line_1_106' title="bbox 548 5208 2049 5273; baseline -0.003 -10"><span class='ocrx_word' id='word_1_708' title='bbox 548 5210 851 5263; x_wconf 83' lang='lat' dir='ltr'><strong>Benedictus</strong></span> <span class='ocrx_word' id='word_1_709' title='bbox 890 5218 1121 5261; x_wconf 87' lang='lat' dir='ltr'><strong>testatur.</strong></span> <span class='ocrx_word' id='word_1_710' title='bbox 1160 5213 1289 5257; x_wconf 70' lang='lat' dir='ltr'><strong>Acca</strong></span> <span class='ocrx_word' id='word_1_711' title='bbox 1335 5208 1605 5273; x_wconf 86' lang='lat' dir='ltr'><strong>episcopus</strong></span> <span class='ocrx_word' id='word_1_712' title='bbox 1645 5209 1737 5259; x_wconf 80' lang='lat' dir='ltr'><strong>fuit</strong></span> <span class='ocrx_word' id='word_1_713' title='bbox 1782 5208 2049 5271; x_wconf 73' lang='lat' dir='ltr'><strong>Hagulsta~</strong></span> 
     </span>
    </p>
   </div>
   <div class='ocr_carea' id='block_1_107' title="bbox 546 5275 2048 5339">
    <p class='ocr_par' dir='ltr' id='par_1_107' title="bbox 546 5275 2048 5339">
     <span class='ocr_line' id='line_1_107' title="bbox 546 5275 2048 5339; baseline -0.003 -10"><span class='ocrx_word' id='word_1_714' title='bbox 546 5279 719 5331; x_wconf 88' lang='lat' dir='ltr'><strong>densis</strong></span> <span class='ocrx_word' id='word_1_715' title='bbox 747 5275 811 5326; x_wconf 89' lang='lat' dir='ltr'><strong>ab</strong></span> <span class='ocrx_word' id='word_1_716' title='bbox 838 5290 973 5326; x_wconf 90' lang='lat' dir='ltr'><strong>anno</strong></span> <span class='ocrx_word' id='word_1_717' title='bbox 1002 5276 1099 5327; x_wconf 70' lang='grc' dir='ltr'><strong>’ΞΗ</strong></span> <span class='ocrx_word' id='word_1_718' title='bbox 1124 5278 1185 5327; x_wconf 89' lang='lat' dir='ltr'><strong>ad</strong></span> <span class='ocrx_word' id='word_1_719' title='bbox 1219 5275 1338 5337; x_wconf 61' lang='lat'><strong>760,</strong></span> <span class='ocrx_word' id='word_1_720' title='bbox 1369 5277 1432 5325; x_wconf 90' lang='lat' dir='ltr'><strong>de</strong></span> <span class='ocrx_word' id='word_1_721' title='bbox 1459 5291 1558 5339; x_wconf 85' lang='lat' dir='ltr'><strong>quo</strong></span> <span class='ocrx_word' id='word_1_722' title='bbox 1583 5276 1715 5327; x_wconf 81' lang='lat' dir='ltr'><strong>Beda</strong></span> <span class='ocrx_word' id='word_1_723' title='bbox 1758 5278 1807 5329; x_wconf 89' lang='lat' dir='ltr'><strong>in</strong></span> <span class='ocrx_word' id='word_1_724' title='bbox 1851 5276 1969 5328; x_wconf 72' lang='lat' dir='ltr'><strong>hist.</strong></span> <span class='ocrx_word' id='word_1_725' title='bbox 2000 5290 2048 5337; x_wconf 86' lang='lat' dir='ltr'><strong>v,</strong></span> 
     </span>
    </p>
   </div>
   <div class='ocr_carea' id='block_1_108' title="bbox 546 5343 1725 5411">
    <p class='ocr_par' dir='ltr' id='par_1_108' title="bbox 546 5343 1725 5411">
     <span class='ocr_line' id='line_1_108' title="bbox 546 5343 1725 5411; baseline -0.008 -11"><span class='ocrx_word' id='word_1_726' title='bbox 546 5349 605 5400; x_wconf 72' lang='lat' dir='ltr'><strong>2i</strong></span> <span class='ocrx_word' id='word_1_727' title='bbox 621 5387 635 5407; x_wconf 89' lang='lat'><strong>,</strong></span> <span class='ocrx_word' id='word_1_728' title='bbox 662 5357 926 5411; x_wconf 75' lang='lat' dir='ltr'><strong>perquam_</strong></span> <span class='ocrx_word' id='word_1_729' title='bbox 941 5344 1236 5396; x_wconf 86' lang='lat' dir='ltr'><strong>honorifice.</strong></span> <span class='ocrx_word' id='word_1_730' title='bbox 1265 5343 1478 5394; x_wconf 72' lang='grc' dir='ltr'><strong>ΜΑηιιι..</strong></span> <span class='ocrx_word' id='word_1_731' title='bbox 1707 5353 1725 5377; x_wconf 68' lang='grc' dir='ltr'><strong><em>υ</em></strong></span> 
     </span>
    </p>
   </div>
   <div class='ocr_carea' id='block_1_109' title="bbox 621 5408 2049 5475">
    <p class='ocr_par' dir='ltr' id='par_1_109' title="bbox 621 5408 2049 5475">
     <span class='ocr_line' id='line_1_109' title="bbox 621 5408 2049 5475; baseline -0.002 -12"><span class='ocrx_word' id='word_1_732' title='bbox 621 5408 845 5463; x_wconf 44' lang='lat' dir='ltr'><strong>(Patris</strong></span> <span class='ocrx_word' id='word_1_733' title='bbox 891 5408 1162 5461; x_wconf 74' lang='lat' dir='ltr'><strong>Benedicti.</strong></span> <span class='ocrx_word' id='word_1_734' title='bbox 1224 5412 1298 5461; x_wconf 84' lang='lat' dir='ltr'><strong>En</strong></span> <span class='ocrx_word' id='word_1_735' title='bbox 1349 5411 1481 5460; x_wconf 88' lang='lat' dir='ltr'><strong>Beda</strong></span> <span class='ocrx_word' id='word_1_736' title='bbox 1531 5423 1766 5475; x_wconf 80' lang='lat' dir='ltr'><strong>magnum</strong></span> <span class='ocrx_word' id='word_1_737' title='bbox 1816 5411 2049 5463; x_wconf 89' lang='lat' dir='ltr'><strong>abbatem</strong></span> 
     </span>
    </p>
   </div>
   <div class='ocr_carea' id='block_1_110' title="bbox 553 5478 2052 5541">
    <p class='ocr_par' dir='ltr' id='par_1_110' title="bbox 553 5478 2052 5541">
     <span class='ocr_line' id='line_1_110' title="bbox 553 5478 2052 5541; baseline -0.003 -8"><span class='ocrx_word' id='word_1_738' title='bbox 553 5482 884 5533; x_wconf 77' lang='lat' dir='ltr'><strong>Benedictum</strong></span> <span class='ocrx_word' id='word_1_739' title='bbox 914 5494 1061 5527; x_wconf 84' lang='lat' dir='ltr'><strong>suum</strong></span> <span class='ocrx_word' id='word_1_740' title='bbox 1092 5478 1315 5541; x_wconf 88' lang='lat' dir='ltr'><strong>ipsorum</strong></span> <span class='ocrx_word' id='word_1_741' title='bbox 1346 5478 1548 5530; x_wconf 83' lang='lat' dir='ltr'><strong>Patrem</strong></span> <span class='ocrx_word' id='word_1_742' title='bbox 1592 5488 1757 5537; x_wconf 85' lang='lat' dir='ltr'><strong>vocat,</strong></span> <span class='ocrx_word' id='word_1_743' title='bbox 1788 5495 1887 5530; x_wconf 88' lang='lat' dir='ltr'><strong>non</strong></span> <span class='ocrx_word' id='word_1_744' title='bbox 1913 5488 2052 5529; x_wconf 86' lang='lat' dir='ltr'><strong>certe</strong></span> 
     </span>
    </p>
   </div>
   <div class='ocr_carea' id='block_1_111' title="bbox 557 5546 2051 5608">
    <p class='ocr_par' dir='ltr' id='par_1_111' title="bbox 557 5546 2051 5608">
     <span class='ocr_line' id='line_1_111' title="bbox 557 5546 2051 5608; baseline -0.003 -9"><span class='ocrx_word' id='word_1_745' title='bbox 557 5549 881 5599; x_wconf 79' lang='lat' dir='ltr'><strong>llenedictum</strong></span> <span class='ocrx_word' id='word_1_746' title='bbox 932 5547 1230 5608; x_wconf 67' lang='lat' dir='ltr'><strong>Bisi-opum,</strong></span> <span class='ocrx_word' id='word_1_747' title='bbox 1274 5560 1387 5595; x_wconf 84' lang='lat' dir='ltr'><strong>cum</strong></span> <span class='ocrx_word' id='word_1_748' title='bbox 1436 5547 1635 5595; x_wconf 82' lang='lat' dir='ltr'><strong>vivcnlc</strong></span> <span class='ocrx_word' id='word_1_749' title='bbox 1682 5546 1810 5595; x_wconf 77' lang='lat' dir='ltr'><strong>Uedt</strong></span> <span class='ocrx_word' id='word_1_750' title='bbox 1861 5548 2051 5596; x_wconf 83' lang='lat' dir='ltr'><strong>ttullattt</strong></span> 
     </span>
    </p>
   </div>
   <div class='ocr_carea' id='block_1_112' title="bbox 560 5614 2052 5683">
    <p class='ocr_par' dir='ltr' id='par_1_112' title="bbox 560 5614 2052 5683">
     <span class='ocr_line' id='line_1_112' title="bbox 560 5614 2052 5683; baseline 0 -18"><span class='ocrx_word' id='word_1_751' title='bbox 560 5621 802 5683; x_wconf 75' lang='lat' dir='ltr'><strong>ltiscopus</strong></span> <span class='ocrx_word' id='word_1_752' title='bbox 846 5615 937 5666; x_wconf 81' lang='lat' dir='ltr'><strong>sibi</strong></span> <span class='ocrx_word' id='word_1_753' title='bbox 986 5627 1184 5665; x_wconf 66' lang='lat' dir='ltr'><strong>sacram</strong></span> <span class='ocrx_word' id='word_1_754' title='bbox 1230 5615 1461 5665; x_wconf 77' lang='lat' dir='ltr'><strong>habuerit</strong></span> <span class='ocrx_word' id='word_1_755' title='bbox 1506 5614 1796 5675; x_wconf 79' lang='lat' dir='ltr'><strong>ecclesiam,</strong></span> <span class='ocrx_word' id='word_1_756' title='bbox 1829 5628 1922 5665; x_wconf 90' lang='lat' dir='ltr'><strong>nec</strong></span> <span class='ocrx_word' id='word_1_757' title='bbox 1965 5628 2052 5665; x_wconf 74' lang='lat' dir='ltr'><strong>us~</strong></span> 
     </span>
    </p>
   </div>
   <div class='ocr_carea' id='block_1_113' title="bbox 2080 5007 3656 5075">
    <p class='ocr_par' dir='ltr' id='par_1_113' title="bbox 2080 5007 3656 5075">
     <span class='ocr_line' id='line_1_113' title="bbox 2080 5007 3656 5075; baseline 0 -18"><span class='ocrx_word' id='word_1_758' title='bbox 2080 5012 2127 5069; x_wconf 85' lang='grc' dir='ltr'><strong>ι)</strong></span> <span class='ocrx_word' id='word_1_759' title='bbox 2151 5024 2301 5075; x_wconf 92' lang='lat' dir='ltr'><strong>quatn</strong></span> <span class='ocrx_word' id='word_1_760' title='bbox 2329 5009 2426 5061; x_wconf 79' lang='lat' dir='ltr'><strong>hac</strong></span> <span class='ocrx_word' id='word_1_761' title='bbox 2461 5014 2511 5063; x_wconf 91' lang='lat' dir='ltr'><strong>iu</strong></span> <span class='ocrx_word' id='word_1_762' title='bbox 2541 5012 2751 5063; x_wconf 80' lang='lat' dir='ltr'><strong>historia</strong></span> <span class='ocrx_word' id='word_1_763' title='bbox 2786 5013 2965 5064; x_wconf 81' lang='lat' dir='ltr'><strong>beatus</strong></span> <span class='ocrx_word' id='word_1_764' title='bbox 2992 5025 3019 5062; x_wconf 85' lang='lat' dir='ltr'><strong>a</strong></span> <span class='ocrx_word' id='word_1_765' title='bbox 3052 5007 3189 5060; x_wconf 86' lang='lat' dir='ltr'><strong>Beda</strong></span> <span class='ocrx_word' id='word_1_766' title='bbox 3220 5010 3533 5075; x_wconf 86' lang='lat' dir='ltr'><strong>appelletur,</strong></span> <span class='ocrx_word' id='word_1_767' title='bbox 3567 5007 3656 5057; x_wconf 78' lang='lat' dir='ltr'><strong>imo</strong></span> 
     </span>
    </p>
   </div>
   <div class='ocr_carea' id='block_1_114' title="bbox 2154 5075 3658 5145">
    <p class='ocr_par' dir='ltr' id='par_1_114' title="bbox 2154 5075 3658 5145">
     <span class='ocr_line' id='line_1_114' title="bbox 2154 5075 3658 5145; baseline -0.002 -17"><span class='ocrx_word' id='word_1_768' title='bbox 2154 5092 2246 5128; x_wconf 80' lang='lat' dir='ltr'><strong>nec</strong></span> <span class='ocrx_word' id='word_1_769' title='bbox 2275 5079 2322 5128; x_wconf 91' lang='lat' dir='ltr'><strong>iu</strong></span> <span class='ocrx_word' id='word_1_770' title='bbox 2352 5078 2510 5142; x_wconf 85' lang='lat' dir='ltr'><strong>ipsius</strong></span> <span class='ocrx_word' id='word_1_771' title='bbox 2542 5080 2690 5131; x_wconf 71' lang='lat' dir='ltr'><strong>Beda:</strong></span> <span class='ocrx_word' id='word_1_772' title='bbox 2715 5077 3513 5145; x_wconf 12' lang='lat' dir='ltr'><strong>Martyrologioilocumrhabent.</strong></span> <span class='ocrx_word' id='word_1_773' title='bbox 3538 5075 3658 5145; x_wconf 75' lang='lat' dir='ltr'><strong>Sans</strong></span> 
     </span>
    </p>
   </div>
   <div class='ocr_carea' id='block_1_115' title="bbox 2153 5142 3657 5209">
    <p class='ocr_par' dir='ltr' id='par_1_115' title="bbox 2153 5142 3657 5209">
     <span class='ocr_line' id='line_1_115' title="bbox 2153 5142 3657 5209; baseline -0.003 -12"><span class='ocrx_word' id='word_1_774' title='bbox 2153 5145 2285 5197; x_wconf 90' lang='lat' dir='ltr'><strong>idem</strong></span> <span class='ocrx_word' id='word_1_775' title='bbox 2333 5146 2466 5197; x_wconf 72' lang='lat' dir='ltr'><strong>lieda</strong></span> <span class='ocrx_word' id='word_1_776' title='bbox 2511 5150 2558 5198; x_wconf 92' lang='lat' dir='ltr'><strong>in</strong></span> <span class='ocrx_word' id='word_1_777' title='bbox 2592 5147 2719 5197; x_wconf 76' lang='lat' dir='ltr'><strong>Vitae</strong></span> <span class='ocrx_word' id='word_1_778' title='bbox 2746 5149 2801 5196; x_wconf 82' lang='lat' dir='ltr'><strong>S.</strong></span> <span class='ocrx_word' id='word_1_779' title='bbox 2831 5142 3095 5197; x_wconf 80' lang='lat' dir='ltr'><strong>Cuthberti</strong></span> <span class='ocrx_word' id='word_1_780' title='bbox 3121 5158 3238 5209; x_wconf 86' lang='lat' dir='ltr'><strong>cap.</strong></span> <span class='ocrx_word' id='word_1_781' title='bbox 3264 5144 3336 5209; x_wconf 62' lang='grc'><strong>15</strong></span> <span class='ocrx_word' id='word_1_782' title='bbox 3364 5144 3423 5194; x_wconf 89' lang='lat' dir='ltr'><strong>S.</strong></span> <span class='ocrx_word' id='word_1_783' title='bbox 3454 5142 3657 5194; x_wconf 83' lang='lat' dir='ltr'><strong>Benedi-</strong></span> 
     </span>
    </p>
   </div>
   <div class='ocr_carea' id='block_1_116' title="bbox 2152 5208 3659 5266">
    <p class='ocr_par' dir='ltr' id='par_1_116' title="bbox 2152 5208 3659 5266">
     <span class='ocr_line' id='line_1_116' title="bbox 2152 5208 3659 5266; baseline -0.003 -2"><span class='ocrx_word' id='word_1_784' title='bbox 2152 5222 2289 5264; x_wconf 84' lang='lat' dir='ltr'><strong>ctum</strong></span> <span class='ocrx_word' id='word_1_785' title='bbox 2326 5212 2642 5266; x_wconf 82' lang='lat' dir='ltr'><strong>Cassinatem</strong></span> <span class='ocrx_word' id='word_1_786' title='bbox 2671 5222 2821 5264; x_wconf 85' lang='lat' dir='ltr'><strong>vocat</strong></span> <span class='ocrx_word' id='word_1_787' title='bbox 2860 5208 3224 5263; x_wconf 67' lang='lat' dir='ltr'><strong>sanctissimum</strong></span> <span class='ocrx_word' id='word_1_788' title='bbox 3256 5208 3462 5261; x_wconf 78' lang='lat' dir='ltr'><strong>Patrem</strong></span> <span class='ocrx_word' id='word_1_789' title='bbox 3505 5210 3659 5262; x_wconf 72' lang='lat' dir='ltr'><strong>Bttne-</strong></span> 
     </span>
    </p>
   </div>
   <div class='ocr_carea' id='block_1_117' title="bbox 2156 5276 3661 5346">
    <p class='ocr_par' dir='ltr' id='par_1_117' title="bbox 2156 5276 3661 5346">
     <span class='ocr_line' id='line_1_117' title="bbox 2156 5276 3661 5346; baseline -0.001 -16"><span class='ocrx_word' id='word_1_790' title='bbox 2156 5296 2373 5341; x_wconf 69' lang='lat' dir='ltr'><strong>ntcruu,</strong></span> <span class='ocrx_word' id='word_1_791' title='bbox 2403 5293 2454 5334; x_wconf 92' lang='lat' dir='ltr'><strong>et</strong></span> <span class='ocrx_word' id='word_1_792' title='bbox 2499 5296 2614 5346; x_wconf 90' lang='lat' dir='ltr'><strong>cap.</strong></span> <span class='ocrx_word' id='word_1_793' title='bbox 2643 5281 2728 5335; x_wconf 69' lang='lat'><strong>15.</strong></span> <span class='ocrx_word' id='word_1_794' title='bbox 2756 5279 2965 5333; x_wconf 75' lang='lat' dir='ltr'><strong>Beatum</strong></span> <span class='ocrx_word' id='word_1_795' title='bbox 3008 5277 3212 5331; x_wconf 76' lang='lat' dir='ltr'><strong>Patrem</strong></span> <span class='ocrx_word' id='word_1_796' title='bbox 3253 5276 3597 5341; x_wconf 68' lang='lat' dir='ltr'><strong>Benedictum,</strong></span> <span class='ocrx_word' id='word_1_797' title='bbox 3617 5284 3661 5329; x_wconf 77' lang='lat' dir='ltr'><strong>ct</strong></span> 
     </span>
    </p>
   </div>
   <div class='ocr_carea' id='block_1_118' title="bbox 2156 5350 2845 5412">
    <p class='ocr_par' dir='ltr' id='par_1_118' title="bbox 2156 5350 2845 5412">
     <span class='ocr_line' id='line_1_118' title="bbox 2156 5350 2845 5412; baseline 0.003 -13"><span class='ocrx_word' id='word_1_798' title='bbox 2156 5362 2328 5399; x_wconf 83' lang='lat' dir='ltr'><strong>rursus</strong></span> <span class='ocrx_word' id='word_1_799' title='bbox 2358 5365 2469 5412; x_wconf 82' lang='lat' dir='ltr'><strong>cap.</strong></span> <span class='ocrx_word' id='word_1_800' title='bbox 2506 5350 2589 5399; x_wconf 74' lang='lat' dir='ltr'><strong>lu.</strong></span> <span class='ocrx_word' id='word_1_801' title='bbox 2624 5350 2845 5401; x_wconf 73' lang='lat' dir='ltr'><strong>MAMLL.</strong></span> 
     </span>
    </p>
   </div>
   <div class='ocr_carea' id='block_1_119' title="bbox 2223 5410 3649 5485">
    <p class='ocr_par' dir='ltr' id='par_1_119' title="bbox 2223 5410 3649 5485">
     <span class='ocr_line' id='line_1_119' title="bbox 2223 5410 3649 5485; baseline -0.004 -19"><span class='ocrx_word' id='word_1_802' title='bbox 2223 5414 2247 5450; x_wconf 73' lang='grc' dir='ltr'><strong><em>ἀ</em></strong></span> <span class='ocrx_word' id='word_1_803' title='bbox 2276 5410 2574 5485; x_wconf 70' lang='lat' dir='ltr'><strong>L’eotfridus.</strong></span> <span class='ocrx_word' id='word_1_804' title='bbox 2610 5415 2734 5469; x_wconf 71' lang='lat' dir='ltr'><strong>Vide</strong></span> <span class='ocrx_word' id='word_1_805' title='bbox 2776 5413 3236 5485; x_wconf 76' lang='lat' dir='ltr'><strong>lutjus__epis_tolam</strong></span> <span class='ocrx_word' id='word_1_806' title='bbox 3284 5412 3349 5463; x_wconf 85' lang='lat' dir='ltr'><strong>ad</strong></span> <span class='ocrx_word' id='word_1_807' title='bbox 3389 5410 3649 5465; x_wconf 73' lang='lat' dir='ltr'><strong>Naitaqu</strong></span> 
     </span>
    </p>
   </div>
   <div class='ocr_carea' id='block_1_120' title="bbox 2159 5480 3650 5601">
    <p class='ocr_par' dir='ltr' id='par_1_120' title="bbox 2159 5480 3650 5601">
     <span class='ocr_line' id='line_1_120' title="bbox 2159 5480 3650 5601; baseline -0.003 -66"><span class='ocrx_word' id='word_1_808' title='bbox 2159 5480 2409 5601; x_wconf 52' lang='lat' dir='ltr'><strong>PiCéqruui</strong></span> <span class='ocrx_word' id='word_1_809' title='bbox 2440 5498 2614 5551; x_wconf 75' lang='lat' dir='ltr'><strong>regem</strong></span> <span class='ocrx_word' id='word_1_810' title='bbox 2659 5486 2723 5536; x_wconf 91' lang='lat' dir='ltr'><strong>dc</strong></span> <span class='ocrx_word' id='word_1_811' title='bbox 2773 5480 3031 5537; x_wconf 72' lang='lat' dir='ltr'><strong>caibolico</strong></span> <span class='ocrx_word' id='word_1_812' title='bbox 3068 5480 3320 5535; x_wconf 62' lang='lat' dir='ltr'><strong>Paschal:</strong></span> <span class='ocrx_word' id='word_1_813' title='bbox 3364 5490 3421 5535; x_wconf 80' lang='lat' dir='ltr'><strong>et</strong></span> <span class='ocrx_word' id='word_1_814' title='bbox 3455 5490 3650 5534; x_wconf 70' lang='lat' dir='ltr'><strong>tonsura</strong></span> 
     </span>
     <span class='ocr_line' id='line_1_121' title="bbox 2159 5567 2325 5601; baseline 0 0"><span class='ocrx_word' id='word_1_815' title='bbox 2159 5567 2203 5601; x_wconf 81' lang='grc' dir='ltr'><strong>ν.</strong></span> <span class='ocrx_word' id='word_1_816' title='bbox 2312 5590 2325 5601; x_wconf 91' lang='grc'><em>.</em></span> 
     </span>
    </p>
   </div>
   <div class='ocr_carea' id='block_1_121' title="bbox 2155 5554 3733 5615">
    <p class='ocr_par' dir='ltr' id='par_1_121' title="bbox 2155 5554 3733 5615">
     <span class='ocr_line' id='line_1_122' title="bbox 2155 5554 3733 5615; baseline 0 -14"><span class='ocrx_word' id='word_1_817' title='bbox 2155 5567 2203 5615; x_wconf 86' lang='lat' dir='ltr'><strong>v,</strong></span> <span class='ocrx_word' id='word_1_818' title='bbox 2234 5554 2325 5603; x_wconf 76' lang='grc'><strong>21.</strong></span> <span class='ocrx_word' id='word_1_819' title='bbox 3732 5568 3733 5573; x_wconf 68' lang='lat'>‘</span> 
     </span>
    </p>
   </div>
   <div class='ocr_carea' id='block_1_122' title="bbox 3500 6180 3559 6199">
    <p class='ocr_par' dir='ltr' id='par_1_122' title="bbox 3552 6192 3559 6199">
     <span class='ocr_line' id='line_1_123' title="bbox 3552 6192 3559 6199; baseline 0 0"><span class='ocrx_word' id='word_1_820' title='bbox 3552 6192 3559 6199; x_wconf 67' lang='grc' dir='ltr'><strong>ι</strong></span> 
     </span>
    </p>
   </div>
   <div class='ocr_carea' id='block_1_123' title="bbox 3458 6202 3571 6213">
    <p class='ocr_par' dir='ltr' id='par_1_123' title="bbox 3458 6202 3571 6213">
     <span class='ocr_line' id='line_1_124' title="bbox 3458 6202 3571 6213; baseline 0.035 -4"><span class='ocrx_word' id='word_1_821' title='bbox 3458 6202 3505 6213; x_wconf 58' lang='grc' dir='ltr'><strong>ιμ</strong></span> <span class='ocrx_word' id='word_1_822' title='bbox 3536 6202 3571 6213; x_wconf 54' lang='grc' dir='ltr'><strong>με</strong></span> 
     </span>
    </p>
   </div>
   <div class='ocr_carea' id='block_1_124' title="bbox 3224 6088 3814 6296">
    <p class='ocr_par' dir='ltr' id='par_1_124' title="bbox 3224 6088 3814 6296">
     <span class='ocr_line' id='line_1_125' title="bbox 3804 6096 3805 6103; baseline 0 0"><span class='ocrx_word' id='word_1_823' title='bbox 3804 6096 3805 6103; x_wconf 55' lang='grc' dir='ltr'><strong>η</strong></span> 
     </span>
     <span class='ocr_line' id='line_1_126' title="bbox 3500 6180 3559 6199; baseline 0 0"><span class='ocrx_word' id='word_1_824' title='bbox 3500 6180 3559 6199; x_wconf 43' lang='grc' dir='ltr'><strong>λι</strong></span> 
     </span>
     <span class='ocr_line' id='line_1_127' title="bbox 3458 6202 3571 6213; baseline -0.018 -4"><span class='ocrx_word' id='word_1_825' title='bbox 3458 6202 3571 6213; x_wconf 50' lang='grc' dir='ltr'><strong>νη..</strong></span> 
     </span>
     <span class='ocr_line' id='line_1_128' title="bbox 3224 6088 3814 6296; baseline 0 -1"><span class='ocrx_word' id='word_1_826' title='bbox 3224 6088 3814 6296; x_wconf 51' lang='grc' dir='ltr'><em>Α</em></span> 
     </span>
    </p>
   </div>
  </div>
