3862 6354
180 461 297 510 729

842 459 1030 511 SECT.
1073 460 1110 510 1.
1152 487 1217 495 -
1258 456 1819 509 IIACIOGBAPIIICA.
1859 484 1925 494 ——
1969 455 2120 508 VITA
2159 455 2215 508 S.
2256 453 2661 509 CUTIIBERTI.

3239 453 3340 504 750

175 573 294 624 est,
319 565 380 615 ad
411 564 582 616 limina
614 563 875 614 beatorum
900 564 1252 627 apostolorum
1283 565 1519 625 tendens,
1548 563 1710 626 prius-
1741 569 1784 618 Α
1815 562 1980 613 fectus
2011 561 2136 613 abiit
2182 575 2343 627 usque
2391 561 2456 612 ad
2502 562 2638 613 diem
2686 575 2789 628 quo
2831 559 3101 613 defunctus
3127 570 3236 622 est,
3282 560 3331 612 id

174 667 347 717 Quam
379 653 468 704 illo
497 650 833 716 pervenisset,
863 662 1027 702 tactus
1050 653 1348 703 infirmitate
1369 651 1505 702 diem
1528 651 1710 701 clausit

179 740 450 792 ultimum.
484 741 791 792 Perveniens
836 754 1054 806 namque
1086 747 1108 771 α
1160 739 1415 803 Lingonas
1440 739 1579 789 circa
1622 738 1714 788 ho-

184 843 312 878 ram
343 829 444 881 diei
490 830 712 889 tertiam,
743 828 942 880 decima
974 827 1130 893 ipsius
1157 826 1259 878 diei
1303 827 1428 878 hora
1474 824 1714 891 migravit

181 919 255 968 ad
297 918 589 980 Dominum,
617 929 668 969 et
695 918 920 970 crastino
957 918 1004 968 in
1036 917 1254 968 ecclesia
1300 917 1566 968 beatorum
1616 915 1716 968 Ge-

186 1005 458 1055 minorum
489 1014 769 1071 martyrum
800 1005 1081 1055 lienorifice
1121 1004 1352 1068 sepultus
1379 1013 1478 1067 est,
1507 1018 1607 1053 non
1631 1016 1717 1053 so-

181 1092 302 1143 lum
336 1093 510 1158 Anglis
541 1108 728 1160 genere
770 1093 854 1158 qui
887 1094 1152 1158 plusquam
1184 1094 1445 1156 octoginta
1496 1107 1714 1142 numero

180 1175 238 1227 in
274 1179 388 1243 ejus
416 1180 612 1230 fuerant
633 1180 897 1242 comitatu,
920 1178 1009 1229 sed
1040 1189 1090 1230 et
1115 1177 1250 1229 illius
1280 1168 1375 1229 loci
1399 1177 1593 1230 accolis
1620 1191 1712 1241 pro

179 1266 457 1318 retardato
502 1273 602 1315 tam
652 1265 919 1317 reverendi
965 1265 1103 1317 senis
1147 1265 1427 1330 desiderio,
1461 1267 1509 1315 in
1543 1265 1714 1331 lacry-

183 1366 307 1401 mas
355 1353 618 1416 luctusque
659 1352 857 1403 solutis.
891 1352 1066 1419 Neque
1094 1353 1230 1404 enim
1263 1352 1410 1404 facile
1438 1353 1710 1418 quisquam

178 1438 449 1506 lacrymas
477 1451 652 1491 tenere
683 1440 862 1505 potuit,
890 1440 1068 1492 videns
1094 1440 1309 1492 comites
1337 1440 1496 1506 ipsius
1525 1441 1710 1505 partim

177 1539 340 1591 patre
367 1527 557 1578 amisso
582 1535 804 1590 emptum
840 1528 936 1579 iter
963 1542 1145 1593 agere;
1176 1529 1361 1592 partim
1410 1534 1600 1578 mutata
1637 1525 1715 1577 in-

178 1615 422 1666 tentione
444 1630 539 1680 qua
573 1615 783 1666 Romam
807 1617 880 1668 ire
903 1617 1276 1677 desiderarant,
1296 1617 1506 1667 domum
1528 1617 1707 1682 magis,

175 1715 290 1763 qua
344 1701 477 1752 hunc
519 1702 773 1766 sepultum
817 1704 1130 1765 nuntiarent,
1161 1703 1383 1763 reverti;
1428 1703 1609 1768 partim
1648 1703 1711 1754 ad

179 1788 423 1838 lumbam
479 1787 703 1840 defuncti
753 1790 886 1840 inter
933 1803 1023 1840 eos
1073 1803 1290 1853 quorum
1339 1802 1434 1840 ncc
1483 1789 1711 1856 linguam

1812 660 1912 711 est,
1941 665 1966 701 a
1998 649 2160 714 pridie
2188 649 2360 702 Nonas
2388 648 2566 700 Junias
2598 663 2768 714 usque
2806 649 2868 699 ad
2910 647 3184 713 septimum
3232 647 3340 698 Ka-

1813 741 2080 794 lendarum
2125 739 2424 790 Octobrium
2465 739 2632 799 diem,
2674 751 2763 800 per
2789 735 2901 788 dies
2942 750 3080 796 cxtv,
3111 736 3346 799 exceptis

1812 828 2074 882 canonicis
2116 828 2405 879 orationum
2439 825 2598 888 horis,
2628 825 2854 890 quotidie
2905 823 2983 876 bis
3032 823 3342 875 Psalterium

1812 900 1873 969 ei
1904 916 2086 969 ordine
2132 915 2406 967 decantare
2446 913 2679 971 curavit;
2713 913 2732 942 '
2774 912 2928 964 etiam
2976 926 3094 963 cum
3125 911 3187 962 ad
3236 911 3336 963 hoc

1816 1021 1904 1068 per
1934 1004 2280 1057 infirmitatem
2326 1004 2614 1066 deveniret,
2647 1012 2701 1054 ut
2730 1002 2964 1068 equitare
3010 1016 3111 1052 non
3157 1002 3336 1051 valens

1815 1095 2006 1146 feretro
2047 1092 2328 1145 cahallario
2360 1092 2658 1156 veheretur,
2687 1092 2916 1157 quotidie
2949 1091 3104 1142 missa
3133 1100 3336 1141 cantata

1811 1182 2052 1234 salutaris
2097 1183 2277 1234 hostiae
2311 1180 2414 1231 Deo
2462 1195 2650 1231 munus
2694 1180 2935 1240 offerret,
2962 1189 3180 1242 excepto
3210 1190 3332 1236 uno,

1812 1283 1914 1334 quo
1969 1268 2231 1320 Oceanum
2296 1268 2606 1336 navigabat,
2655 1275 2707 1321 et
2761 1269 2920 1320 tribus
2968 1277 3089 1319 ante
3141 1267 3335 1318 exitum

1813 1355 2016 1408 diebus.

1881 1443 2020 1495 Obiit
2047 1449 2220 1494 autem
2243 1441 2265 1477 ἀ
2284 1441 2503 1506 septimo
2527 1441 2869 1494 Kalendarum
2900 1439 3198 1493 Octobrium
3227 1437 3332 1498 die,

1812 1546 1949 1582 anno
1987 1530 2050 1583 ab
2086 1529 2438 1581 incarnatione
2463 1528 2662 1580 Domini
2703 1526 3159 1595 septingentesimo
3183 1534 3333 1576 sexto

1814 1619 2037 1682 decimo,
2085 1618 2210 1671 leria
2257 1628 2421 1678 sexta,
2455 1623 2570 1681 post
2615 1614 2794 1666 horam
2842 1628 3050 1676 nonam,
3080 1614 3129 1665 in
3180 1614 3340 1677 pratis

1815 1716 2115 1760 memorata:
2160 1705 2423 1757 civitatis:
2456 1704 2690 1768 sepultus
2735 1707 2783 1756 in
2827 1705 3105 1755 crastinum
3136 1703 3199 1753 ad
3241 1718 3333 1752 au-

1814 1808 1976 1850 5trum
2006 1795 2236 1863 ejusdem
2256 1793 2478 1846 civitatis
2506 1791 2742 1843 milliario
2765 1793 2930 1858 primo
2952 1793 3002 1843 in
3025 1791 3340 1842 monasterio

178 1889 461 1939 noverant,
486 1893 578 1944 pro
604 1879 652 1929 in
678 1879 1026 1943 exstinguibili
1061 1877 1224 1931 Patris
1251 1878 1435 1931 affectu
1460 1878 1706 1930 residere.
1743 1883 1787 1938 Β
1815 1895 1837 1922 ο
1866 1884 2199 1937 Geminorum
2227 1892 2434 1935 astante
2463 1897 2524 1934 ac
2554 1881 2780 1946 psalmos
2809 1887 3085 1932 resonante
3112 1882 3341 1931 exercitu

259 1968 382 2018 Erat
427 1978 596 2020 autem
651 1969 857 2033 quando
899 1968 1025 2018 obiit
1079 1982 1331 2019 annorum
1387 1969 1709 2035 septuaginta

177 2067 430 2120 quatuor,
483 2059 786 2126 presbyterii
832 2059 991 2123 gradu
1051 2060 1253 2110 functus
1298 2058 1446 2110 annis
1493 2060 1713 2125 quadra-

180 2143 333 2205 ginta
361 2155 578 2208 septem,
609 2146 807 2198 abbatis
837 2146 1060 2197 ofﬁcium
1092 2134 1387 2198 ministrans
1429 2146 1579 2197 annis
1623 2146 1712 2198 tri-

178 2233 333 2297 ginta
358 2235 601 2300 quinque,
629 2235 706 2287 vel
739 2237 908 2302 potius
928 2238 1078 2287 annis
1096 2236 1119 2270 δ
1137 2236 1469 2302 quadraginta
1488 2242 1502 2270 ¹
1525 2237 1713 2301 tribus,

178 2322 308 2386 quia
353 2323 555 2375 scilicet
609 2338 636 2375 a
686 2324 851 2388 primo
898 2333 1126 2387 tempore
1173 2337 1276 2389 quo
1329 2332 1351 2358 ο
1403 2322 1713 2374 Benedictus

181 2411 240 2461 in
295 2409 490 2463 honore
552 2411 832 2462 beatissimi
876 2410 1224 2474 apostolorum
1269 2409 1515 2473 principis
1558 2423 1707 2460 suum

180 2497 351 2560 ccepit
389 2497 611 2549 condere
639 2497 1033 2557 monasterium,
1068 2497 1178 2561 ipse
1223 2495 1294 2547 illi
1326 2509 1500 2548 comes
1528 2497 1709 2547 indivi-

181 2583 345 2643 duus,
374 2594 677 2647 cooperator
701 2596 750 2634 et
795 2585 974 2636 doctor
1014 2584 1260 2650 regularis
1302 2592 1355 2635 et
1403 2583 1709 2635 monasticzc

181 2671 525 2724 institutionis
555 2673 749 2724 aderat.
776 2672 866 2724 Cui
899 2689 961 2723 ne
993 2673 1140 2737 prisci
1172 2686 1367 2723 morem
1396 2673 1598 2738 rigoris,
1630 2674 1710 2726 vel

183 2760 380 2821 aetatis,
409 2760 488 2811 vel
535 2759 870 2821 infirmitatis,
900 2760 979 2813 vel
1012 2760 1207 2812 itineris
1239 2774 1462 2825 unquam
1511 2762 1711 2813 minue-

182 2855 269 2896 ret
315 2847 550 2911 occasio;
589 2863 651 2900 ex
693 2848 778 2901 die
825 2861 926 2914 quo
970 2847 1036 2901 de
1083 2846 1396 2898 monasterio
1439 2861 1533 2897 suo
1585 2863 1707 2909 pro-

1817 1985 1920 2024 non
1952 1985 2110 2037 parvo
2159 1979 2262 2020 tam
2305 1969 2589 2036 Anglorum
2637 1968 2724 2035 qui
2767 1982 2882 2020 cum
2915 1981 2976 2020 eo
3004 1968 3338 2029 advenerant,

1817 2075 1972 2126 qnam
2018 2057 2314 2114 monasterii
2361 2056 2595 2124 ejusdem
2627 2057 2708 2109 vel
2755 2057 2980 2108 civitatis
3026 2056 3334 2108 incolarum.

1820 2149 1956 2202 Sunt
1985 2158 2155 2199 autem
2185 2145 2388 2197 Gemini
2419 2155 2670 2214 martyres
2699 2146 2746 2196 in
2772 2160 2992 2211 quorum
3025 2147 3339 2197 monasterio

1825 2245 1880 2288 et
1911 2236 2132 2287 ecclesia
2162 2233 2400 2286 conditus
2428 2243 2534 2298 est,
2583 2230 2602 2269 ί
2636 2231 2969 2299 Speusippus,
3004 2232 3333 2297 Eleusippns,

1817 2320 2190 2384 Meleusippus,
2221 2318 2306 2386 qui
2361 2332 2463 2369 ttno
2521 2325 2667 2384 partu
2725 2320 2902 2369 matris
2954 2315 3105 2379 editi,
3151 2314 3335 2367 cadent

1817 2407 2060 2459 Ecclesia:
2092 2405 2195 2457 fide
2239 2405 2430 2466 renati,
2459 2404 2612 2457 simul
2640 2419 2756 2456 cum
2787 2405 2898 2456 avia
2946 2418 3036 2456 sua
3081 2402 3332 2464 Leonilla,

1813 2493 2022 2561 dignam
2055 2493 2168 2544 loco
2198 2491 2269 2543 illi
2312 2493 2388 2542 sui
2436 2492 2668 2558 martyrii
2719 2491 2978 2558 reliquere
3006 2492 3332 2552 memoriam,

1813 2585 1900 2649 qui
1946 2585 2082 2650 piam
2128 2581 2283 2633 etiam
2339 2580 2486 2632 nobis
2541 2578 2764 2648 indignis
2809 2589 2862 2632 et
2909 2587 3089 2631 nostro
3135 2579 3334 2648 parenti

1816 2687 1970 2739 Opem
2026 2685 2136 2722 sua:
2194 2670 2583 2723 intercessionis
2628 2680 2683 2724 et
2737 2669 3073 2737 protectionis
3136 2668 3339 2734 impen-

1814 2763 1959 2816 danL

1132 2933 1602 2988 VULGATORUM
1644 2935 2024 2989 VAHIANTES
2062 2937 2451 2994 LECTIONES.

261 3028 275 3056 ¹
307 3027 464 3080 Annis
494 3027 665 3080 tribus.

1890 3039 1908 3066 ²
1938 3028 2102 3079 Etiam
2134 3040 2271 3084 tunc.

1449 3113 1796 3167 VARIOBUM
1837 3117 2057 3167 NOTIE.

1449 3115 1697 3166 VARIOB
1925 3117 1963 3167 Τ
2044 3153 2057 3167 .

257 3216 282 3242 ι·
307 3204 578 3272 Lingonas.
611 3201 773 3255 Hodie
806 3202 1040 3272 Langreg,
1065 3202 1214 3272 sedes
1241 3203 1548 3272 episcopalis
1579 3115 1796 3270 Lug-Uz':l
1817 3117 2058 3267 [Sa-(fw
2083 3208 2285 3262 ossium,
2313 3203 2476 3269 inquit
2504 3201 2794 3258 Willelmus
2819 3201 3197 3272 Malmesburize
3224 3219 3340 3256 mo-

179 3269 887 3336 dunensi'archiepiscopatni
914 3275 962 3319 ιη
988 3269 1149 3322 Gallia
1175 3271 1428 3333 subjecta.

254 3342 279 3377 δ
315 3341 655 3406 Quadraginta
695 3339 868 3390 tribus.
899 3338 984 3390 Sic
1026 3346 1166 3389 recte
1212 3338 1394 3403 legitur
1425 3342 1472 3389 in
1519 3338 1703 3405 Marty-

179 3410 385 3477 rologio
415 3405 603 3477 llened.
633 3407 827 3472 Anglic.
846 3420 916 3477 ex
944 3419 1046 3471 quo
1067 3405 1366 3477 c0rrigen‘da
1395 3406 1701 3477 Parisiensis

178 3473 343 3531 editio
377 3474 527 3540 hujus
556 3474 814 3534 Historiae,
845 3473 895 3525 in
923 3488 1021 3541 qua
1065 3473 1211 3524 annis
1241 3474 1395 3526 tribus
1425 3476 1699 3539 reperitur.

179 3549 398 3600 ΜΑιιιιι..

255 3626 278 3651 σ
311 3610 626 3664 Benedictus.
651 3607 811 3675 Huius
840 3623 1025 3672 corpus
1056 3625 1241 3675 magno
1268 3618 1557 3674 coemptum
1587 3624 1702 3674 pre-

185 3684 262 3734 tio
319 3678 634 3732 Adilwaldns
685 3674 1056 3728 Wintoniensis
1109 3674 1413 3742 episcopus,
1466 3689 1700 3730 mortuus

181 3764 320 3798 anno
364 3743 499 3807 984,
547 3745 859 3796 'l‘borneiam
907 3746 1183 3798 transtulit.
1228 3745 1347 3797 Gul.
1391 3745 1589 3797 Malms.
1637 3747 1701 3799 de

184 3815 339 3868 Pont.
366 3829 434 3864 tv.

249 3877 276 3919 ἀ
308 3899 376 3934 vn
407 3879 526 3932 Kal.
559 3881 670 3932 Oct.
694 3883 808 3940 Ipso
837 3880 920 3932 die
945 3878 1218 3943 inscriptus
1246 3889 1328 3931 est
1354 3879 1705 3932 Benedictinis

182 3951 374 4003 Fastis.
405 3950 534 4000 Beda
584 3951 631 3999 in
682 3951 809 4001 llist.
855 3949 940 3999 lib.
974 3963 1022 4007 ν,
1048 3963 1162 4012 cap.
1194 3947 1281 4013 22,
1314 3949 1698 4013 persuasionem

185 4020 345 4071 I‘ictis
375 4017 557 4069 factam
585 4019 644 4066 de
673 4017 912 4067 catholico
943 4014 1187 4068 Paschate
1209 4026 1259 4066 et
1299 4029 1500 4066 tonsura
1527 4017 1703 4070 tribuit

181 4085 466 4146 Ceolfrido,
496 4085 830 4148 ejusdemque
877 4085 1159 4147 elegantem
1207 4098 1266 4149 ac
1311 4082 1565 4150 prolixam
1596 4085 1704 4148 epi-

182 4154 370 4205 stolam
399 4167 456 4205 ea
479 4153 545 4204 de
575 4167 630 4205 re
654 4152 716 4203 ad
742 4151 1016 4203 Naitonum
1046 4165 1216 4217 regem
1246 4154 1487 4218 scriptam
1520 4151 1699 4204 refert.

1814 3274 2006 3322 nachns
2050 3278 2098 3322 in
2147 3274 2236 3325 lib.
2262 3288 2314 3324 Ill
2344 3274 2408 3324 de
2449 3272 2629 3339 Regib.
2661 3272 2840 3338 Angl.,
2867 3285 2982 3339 cap.
3008 3270 3062 3331 ὅ,
3095 3276 3335 3335 posterio-

1805 3341 1938 3389 ribus
1967 3341 2108 3389 annis
2135 3343 2199 3389 ad
2227 3338 2599 3403 monasterium,
2619 3340 2834 3391 scilicet
2877 3338 3326 3406 Wiremuthense,

1807 3406 2004 3464 deinde,
2034 3406 2237 3457 Uanica:
2287 3409 2574 3460 vastationis
2602 3417 2836 3474 tempore,
2880 3405 3196 3459 Glauconiam
3222 3405 3336 3474 par-

1807 3485 1920 3526 tata:
1948 3484 2082 3524 sunt.
2119 3475 2339 3526 MABILL.

1879 3551 1900 3576 ε
1932 3541 2268 3594 Geminorum.
2301 3542 2425 3593 Illud
2467 3543 2836 3593 monasterium
2885 3557 3020 3594 nunc
3064 3551 3144 3594 est
3191 3545 3326 3608 prio.

1806 3620 1948 3661 ratus
2002 3611 2357 3662 conventualis
2398 3609 2780 3661 Canonicurnm
2831 3609 3160 3674 Regularinm
3212 3614 3325 3661 om.

1805 3679 1861 3728 S.
1894 3680 2135 3743 AugnSt.,
2164 3679 2546 3743 sesqnitnilliari
2568 3677 2761 3729 Gallico
2790 3692 2818 3729 a
2864 3679 3150 3741 Lingonum
3200 3680 3328 3728 civ:-

1806 3753 1931 3796 tate.
1966 3745 2094 3796 llinc
2137 3746 2367 3810 reliqnize
2414 3749 2604 3796 ossium
2655 3746 2899 3797 Ceolfridi
2951 3745 3325 3811 posterioribus

1804 3814 1952 3861 annis
1995 3812 2058 3862 ad
2105 3813 2470 3863 monasterium
2513 3812 2951 3873 Wiremnthense,
2985 3813 3196 3872 deinde,
3228 3814 3327 3863 ι)..-

1806 3881 1932 3930 nicze
1962 3879 2262 3931 vastationis
2292 3887 2546 3941 tempore,
2579 3880 2895 3934 Glastoniam
2924 3879 3160 3931 advecta:
3187 3889 3330 3932 sunt.

1809 3949 2010 4000 Halms.
2037 3947 2103 4000 de
2136 3948 2260 4012 Beg.
2291 3962 2367 4010 tn,
2395 3948 2446 3999 5.

1881 4016 1894 4052 ί
1943 4015 2274 4084 Speusippus.
2338 4018 2398 4068 lli
2456 4016 2777 4082 patiebantur
2833 4013 3132 4084 martyrium
3198 4023 3329 4084 tem-

1810 4085 2229 4161 poreuAureliani
2270 4085 2615 4152 imperatoris,
2647 4084 2731 4137 die
2759 4083 3209 4148 decimo’septimo
3238 4083 3327 4135 Ja-

1810 4165 1998 4202 ﬂll-‘Il'll.

864 4397 1109 4520 VITA
1167 4394 1645 4522 PROSAICA
1699 4393 2042 4518 SANCTI
2100 4394 2656 4520 CUTHBERTI

1045 4607 1490 4683 EPISCOPI
1554 4605 2473 4701 LINDISFARNENSIS,

1140 4756 1409 4814 Auctore
1438 4754 1791 4812 Venerabili
1839 4753 2001 4813 Bern
2038 4757 2162 4816 fere
2193 4761 2446 4835 aequali.

1696 4855 1802 4867 .—

494 4916 697 4976 [Textus
718 4927 778 4964 ex
800 4915 972 4972 Smith,
992 4914 1197 4963 Historia
1222 4912 1404 4962 Eccles.
1425 4913 1586 4975 Angl.;
1609 4919 1729 4962 notae
1749 4924 1808 4962 ex
1837 4915 2076 4966 hiabilloa.
2096 4917 2211 4966 Acta
2236 4918 2319 4966 SS.
2343 4919 2446 4966 ord.
2470 4918 2520 4968 S.
2539 4919 2720 4969 Bened.
2747 4925 2800 4970 et
2816 4921 3010 4982 Smith.]

1378 5023 1412 5056 .E‘

1375 5064 1426 5101 \rf

273 5137 816 5195 OBSERVATIONES
852 5139 1146 5195 PBEVIIE
1186 5095 1586 5196 MABILBONII.

251 5253 299 5304 1.
331 5250 508 5300 Binam
539 5248 722 5301 damus
755 5251 814 5303 S.
837 5252 1096 5302 Cuthberti
1123 5268 1212 5304 seu
1237 5251 1466 5304 Cuberhti
1489 5252 1656 5304 Vitam
1685 5292 1697 5313 ,

180 5318 330 5369 aliam
349 5319 536 5377 soluta,
558 5318 708 5387 aliam
739 5320 913 5370 stricta
931 5321 1161 5371 oratione
1186 5330 1205 5353 ³
1227 5335 1253 5369 a
1275 5320 1407 5370 Beda
1433 5320 1698 5387 scriptam,

183 5397 329 5449 prout
360 5390 468 5451 ipse
514 5395 619 5436 tum
667 5386 718 5436 in
756 5388 1021 5452 utriusque
1062 5388 1185 5439 Vita:
1231 5386 1550 5452 Praafatione,
1595 5399 1699 5438 tum

185 5469 229 5501 III
264 5453 354 5503 lib.
386 5467 437 5504 Iv
466 5453 622 5515 Hist.,
645 5466 759 5519 cap.
788 5451 877 5514 28,
910 5463 1016 5504 tum
1048 5456 1270 5521 denique
1298 5456 1347 5505 in
1377 5455 1543 5507 Indice
1564 5456 1699 5517 Ope-

184 5533 292 5570 rum
319 5534 530 5572 suorum
560 5531 795 5576 testatur.
828 5523 1147 5587 Prosaicam,
1175 5531 1352 5589 utpote
1377 5522 1540 5588 magis
1569 5523 1700 5576 inte-

1726 5128 1778 5186 ι)
1805 5138 1950 5202 gram
1980 5131 2029 5175 et
2070 5123 2360 5176 accuratius
2380 5125 2638 5178 conditam
2664 5135 2715 5178 et
2744 5125 3159 5202 comprobatam,
3191 5143 3326 5202 prm—

1802 5194 2016 5242 l'erimus
2043 5203 2294 5250 metr.c:e,
2327 5206 2442 5258 qua:
2480 5203 2651 5244 tamen
2683 5194 2821 5257 prior
2843 5196 3032 5257 scripta
3064 5206 3162 5249 est.
3192 5196 3326 5247 'l’er-

1804 5258 1933 5326 tiam
1973 5258 2241 5310 Cuthberti
2288 5259 2449 5309 Vitam
2496 5274 2632 5311 anno
2660 5261 2794 5312 circa
2817 5261 2915 5312 700
2941 5273 3160 5326 quatuor
3186 5263 3329 5313 libris

1801 5325 1962 5396 edidit
2009 5328 2294 5377 monachus
2347 5326 2782 5396 Lindisfarnensis
2831 5325 3120 5396 anonymus
3167 5331 3326 5379 Cuth-

1801 5392 1952 5462 betti
1980 5396 2215 5460 aqualis,
2249 5394 2417 5462 gravis
2447 5396 2653 5458 quidem
2698 5403 2908 5459 auctor;
2950 5392 3325 5462 v'ulgarnntque

1803 5461 1955 5524 primi
1988 5462 2037 5512 in
2067 5475 2161 5511 suo
2204 5460 2386 5512 Martio
2415 5464 2541 5515 socii
2590 5462 2906 5516 Bollandiani
2939 5482 2949 5514 :
2984 5460 3075 5516 nos
3103 5463 3327 5524 singula-

1803 5526 1876 5580 tia
1899 5528 2146 5581 duntaxat
2167 5539 2527 5595 excerpentes,
2555 5531 2604 5582 in
2634 5529 2834 5584 notulas
2855 5531 3158 5585 referemus.
3185 5532 3325 5584 Prat—

3228 5636 3252 5647 ο

253 5681 275 5708 ⁸
304 5671 443 5724 Illam
466 5671 629 5724 Vitam
652 5674 881 5725 carmine
907 5673 1208 5740 descriptam
1238 5673 1285 5724 in
1312 5671 1460 5724 tertia
1489 5681 1633 5741 parte
1649 5673 1795 5726 Beda
1814 5673 2060 5741 Operam,
2098 5679 2330 5733 sectione
2352 5677 2684 5746 tertia,hujus
2701 5682 2824 5734 toml
2845 5680 2944 5733 col.
2971 5677 3070 5735 575
3091 5685 3313 5749 requiro.
