3862 6388
314 406 422 463 735

996 439 1181 494 SECT.
1224 440 1261 494 Ι.
1299 469 1364 482 —
1412 442 1953 513 HAGIOQRAPHICA.
2003 472 2059 481 —
2101 444 2254 498 VlTA
2292 446 2347 500 S.
2387 446 2782 502 CUTllBERTl.

3370 454 3467 505 73b

320 543 621 627 illustrauit,
651 546 754 624 ulla
785 561 947 627 [usque
993 548 1135 627 hodie
1174 550 1366 616 feminis
1392 566 1497 627 esse
1538 561 1723 603 constat
1762 554 1837 602 in—
1864 561 1910 612 Α
1937 556 2130 605 verbum
2277 557 2528 627 audituras
2558 558 2784 609 mulieres
2807 560 3145 617 convenirent,
3178 574 3236 627 ne
3255 539 3459 627 propius

318 611 487 662 trandi
536 613 752 685 licentia.
783 614 999 685 Causam
1030 618 1109 685 fab
1138 611 1345 671 auctore
1391 620 1578 669 ibidem
1607 634 1838 685 assigna-

318 690 425 753 tam
477 682 609 734 infra
638 681 842 753 adesp.
890 682 953 733 10
973 684 1357 753 adoptabimus.
1392 687 1629 737 Umntbus
1658 681 1771 753 eréo
1792 694 1838 737 et

318 746 445 818 viris
473 760 520 802 et
547 749 739 817 feminis
756 746 1192 818 consentientibus,
1224 767 1361 805 omne
1401 756 1503 805 suis
1532 764 1575 804 et
1612 756 1664 804 in
1704 746 1830 818 prie-

318 813 447 863 senti
504 813 557 869 εί
590 828 698 883 post
742 815 919 883 futuris
957 813 1251 885 temporibus
1301 822 1531 872 muliebre
1580 813 1840 872 interdixit

320 885 663 954 consortium,
698 886 1038 954 earumque_ab
1067 888 1285 939 ecclesias
1313 904 1412 939 sua:
1440 890 1658 954 ingressu
1699 888 1838 953 penis

322 958 403 996 ιτα
443 952 921 1023 amovit'introitum.
957 952 1099 1005 Unde
1125 956 1174 1005 in
1205 956 1370 1007 insula
1397 952 1525 1007 sedis
1547 952 1837 1023 episcopalis

333 1019 1023 1091 ejus_facta.ecclesia,__qute
1062 1023 1236 1091 lingua
1264 1025 1622 1091 indigenarum
1664 1019 1852 1075 Grene-

334 1087 539 1157 cbicbe,
558 1154 567 1157 Α
588 1086 639 1137 id
664 1094 735 1157 est
763 1086 932 1157 viridis
966 1090 1170 1157 ecclesia
1198 1086 1501 1156 appellatur,
1544 1107 1600 1142 eo
1626 1092 1754 1157 quod
1800 1092 1853 1141 iu

332 1155 496 1221 campi
523 1154 719 1205 uirentis
744 1152 949 1220 planitie
974 1156 1073 1207 sita
1108 1157 1191 1208 sit.
1221 1152 1361 1210 iussit
1392 1168 1439 1209 ut
1471 1158 1560 1210 illo
1598 1152 1773 1210 missas
1806 1167 1850 1209 et

1938 624 2153 675 ecclesite
2178 622 2354 688 iniqua
2380 624 2485 686 ipse
2515 640 2623 674 cum
2670 627 2925 676 monachis
2955 622 3471 679 conversubtttur’un-

1938 705 2083 756 quam
2127 695 2432 742 accederent.
2477 692 2599 754 Quae
2642 696 2943 743 consuetudo
2990 710 3138 758 usque
3169 693 3316 744 hodie
3342 696 3468 745 dili-

1941 767 2105 824 genter
2136 760 2438 822 observatur,
2469 760 2521 808 in
2558 769 2749 809 tantum
2780 768 2831 809 ut
2856 763 2951 812 nisi
2982 773 3136 811 metus
3165 762 3360 813 hostilis
3395 761 3470 812 vel

1940 827 2264 877 concrematio
2292 828 2390 876 loci
2422 826 2721 893 compellat,
2754 844 2838 877 nec
2868 831 2919 878 in
2950 832 3225 879 cmmeteria
3268 830 3470 893 quidem

1941 893 2161 963 ipsarum
2207 895 2545 963 ecclesiarum,
2596 894 2677 944 ubi
2706 896 2771 945 ad
2809 907 2995 956 tempus
3026 911 3201 962 corpus
3253 898 3360 963 ejus
3390 912 3473 947 re-

1940 962 2206 1026 quieverat,
2237 962 2523 1014 mulieribus
2550 962 2759 1013 introire
2790 964 2949 1013 liceat.
2986 964 3106 1015 Haec
3151 962 3304 1016 latius
3335 968 3380 1014 in
3416 966 3476 1015 li-

1950 1028 2042 1098 bro
2088 1028 2261 1098 alirac.
2285 1031 2339 1081 S.
2385 1030 2674 1094 Cutliberti,
2702 1044 2820 1096 cap.
2852 1031 2881 1083 8
2905 1038 2957 1084 et
2999 1045 3168 1098 seqq.,
3192 1033 3383 1083 saeculo
3425 1046 3473 1083 tv

1949 1095 2141 1150 Bched.
2179 1096 2467 1150 referenda.
2771 1095 2781 1096 “
3077 1095 3090 1139 ἰ

340 1293 3461 1315 W

1564 1403 2164 1581 qilmfatio
2215 1504 2245 1548 ,

1149 1681 1225 1720 ΔΙ)
1270 1675 1627 1719 EADFRIDUM
1682 1671 2245 1713 LlNDSSFABNENSEM
2297 1674 2651 1716 EPISCOPUM.

404 1858 621 1912 domino
645 1868 821 1913 sancto
849 1875 907 1911 ac
928 1860 1224 1912 beatissimo
1250 1860 1382 1912 Patri
1400 1862 1415 1891 ί
1435 1869 1459 1892 ει
1484 1860 1722 1911 Eadfrido
1743 1860 1855 1927 epi—
1888 1862 1925 1917 Β
1956 1867 2140 1909 Vestra:
2191 1871 2391 1923 quoque
2446 1857 2779 1911 fraternitatis
2834 1861 3156 1925 praesentiam
3213 1875 3479 1931 asportare

329 1961 511 2013 scapo,
559 1949 649 2002 sed
695 1958 749 2002 et
790 1950 929 2002 omni
974 1949 1356 2016 coiigregationi
1402 1949 1633 2014 fratrum,
1674 1951 1759 2017 qui
1808 1950 1855 2002 in

330 2034 737 2089 Lindisfarnensi
768 2037 929 2090 insula
952 2038 1157 2090 Christo
1180 2039 1493 2101 deserviunt,
1527 2038 1659 2090 Beda
1686 2040 1703 2067 ⁸
1735 2037 1859 2090 Ιίόθο

330 2125 394 2177 lis
423 2134 593 2178 vester
620 2140 921 2193 conservus,
952 2128 1191 2179 salutem.

404 2213 532 2277 Quia
563 2213 805 2279 iussistis,
836 2213 1186 2274 dilectissimi,
1214 2214 1232 2243 ³
1256 2225 1306 2265 ut
1348 2215 1394 2266 in
1438 2216 1567 2266 libro
1604 2230 1753 2281 quem
1793 2215 1858 2267 de

327 2301 442 2354 Vita
484 2302 646 2356 beatas
688 2302 948 2356 memoriae
971 2302 1135 2354 Patris
1179 2304 1337 2355 nostri
1376 2303 1645 2355 Cudbercti
1688 2315 1856 2355 vestro

329 2400 511 2459 rogatu
540 2392 835 2457 composui,
864 2391 1213 2457 prtefationem
1242 2393 1305 2443 ali
1329 2407 1458 2453 iuam
1486 2394 1625 2457 juxta
1659 2406 1852 2443 morem

327 2474 380 2530 in
412 2480 577 2532 fronte
608 2480 955 2545 prmﬁgerem,
992 2494 1079 2545 per
1106 2494 1253 2545 quam
1288 2480 1571 2546 legentibus
1604 2480 1854 2531 universis

321 2578 374 2617 et
400 2575 584 2621 vestra;
612 2567 919 2619 desiderium
948 2568 1225 2619 voluntatis
1252 2578 1299 2619 et
1324 2570 1632 2619 obeditionis
1663 2576 1854 2620 nostrae

329 2656 522 2722 pariter
543 2658 777 2710 assensio
798 2654 1017 2708 fraterna
1041 2656 1368 2717 claresceret,
1396 2657 1583 2721 placuit
1610 2658 1656 2707 in
1688 2658 1797 2719 capi
1825 2674 1854 2709 o

323 2743 641 2808 pr:elationis
679 2753 731 2795 et
766 2742 908 2795 vobis
948 2742 1033 2808 qui
1071 2743 1230 2793 nostis
1268 2742 1329 2793 ad
1370 2743 1667 2794 memoriam
1706 2758 1855 2793 revo-

321 2850 465 2900 care,
494 2845 543 2889 et
574 2835 652 2888 eis
681 2836 765 2901 qui
796 2835 1035 2900 ignorant
1061 2836 1169 2885 ba-c
1200 2832 1329 2884 forte
1360 2833 1645 2897 legentibus
1674 2844 1849 2883 notum

322 2924 525 2989 facere,
558 2925 671 2991 quia
712 2939 810 2976 nec
849 2924 961 2975 sine
989 2924 1271 2975 certissima
1300 2922 1639 2988 eani~itione
1676 2935 1846 2974 rerum

320 3020 578 3079 gestarum
616 3014 804 3076 aliquid
836 3015 896 3065 de
926 3021 1065 3064 tanto
1096 3013 1205 3065 viro
1230 3013 1488 3074 scribere,
1518 3027 1612 3063 nec
1646 3013 1845 3064 tandem

318 3114 379 3150 ea
413 3115 527 3164 qua
555 3101 893 3164 scripseram,
922 3102 1034 3152 s'ne
1062 3101 1081 3129 ⁸
1110 3101 1441 3152 subtilissima
1471 3102 1847 3153 examinatimie

1958 1946 2167 2008 curavi,
2218 1956 2470 2011 quatenus
2522 1957 2704 1998 vestrae
2767 1949 3085 2003 auctoritatis
3144 1952 3339 2015 judicio
3399 1957 3479 2009 vel

1958 2033 1978 2062 ⁸
1999 2033 2413 2093 emendarentur,
2447 2034 2523 2085 vel
2556 2035 2896 2097 probarentur
2924 2052 3044 2088 vera
3074 2054 3189 2092 esse
3214 2044 3479 2106 quaeseri-

1957 2130 2039 2188 pta
2070 2131 2207 2172 sunt.
2251 2122 2395 2184 Quod
2425 2136 2538 2173 cum
2574 2123 2786 2175 Domino
2814 2119 2836 2153 ‘
2856 2124 3064 2190 juvante
3094 2138 3345 2193 patrarem
3368 2173 3382 2195 ,
3426 2143 3481 2186 et

1957 2226 2128 2262 ceram
2157 2211 2445 2263 senioribus
2472 2211 2531 2263 ac
2560 2212 2856 2265 doctoribus
2900 2226 3082 2267 vestrae
3127 2221 3477 2285 congregatio-

1957 2298 2034 2349 nis
2065 2298 2266 2350 libellus
2297 2298 2451 2350 biduo
2495 2300 2768 2365 legeretur,
2796 2315 2853 2352 ac
2884 2303 3220 2356 solertissime
3251 2321 3338 2371 per
3364 2310 3473 2358 sin-

1953 2387 2067 2450 gula
2101 2387 2162 2436 ad
2205 2395 2431 2437 vestrum
2476 2398 2778 2452 pensaretur
2815 2404 3027 2460 examen
3060 2410 3071 2440 :
3104 2393 3272 2445 nullus
3311 2398 3477 2446 omni-

1955 2470 2118 2523 modis
2149 2472 2384 2525 inventus
2411 2484 2488 2525 est
2531 2489 2702 2527 sermo
2726 2476 2811 2537 qui
2851 2479 3033 2528 mutari
3064 2479 3353 2545 debuisset,
3384 2485 3473 2535 sed

1953 2571 2131 2625 Cuncta
2162 2575 2276 2627 qum
2314 2563 2499 2623 scripta
2529 2573 2675 2614 erant
2704 2566 2959 2616 communi
2991 2569 3203 2619 consilio
3227 2570 3477 2625 decerne-

1955 2648 2179 2699 bantur"
2209 2649 2399 2714 absque
2441 2651 2537 2701 ulla
2584 2650 2845 2705 dubietate
2892 2654 3121 2719 legenda.
3167 2668 3218 2709 et
3267 2658 3471 2724 bisqui

1953 2735 2212 2800 religioiiis
2264 2736 2434 2787 studio
2493 2737 2681 2789 vellent
2740 2740 2811 2793 ad.
2866 2743 3303 2794 transcribendum
3356 2760 3473 2796 esse

1954 2825 2215 2876 tradenda.
2262 2826 2362 2877 Sed
2406 2836 2454 2878 et
2486 2828 2583 2878 alia
2626 2829 2779 2879 multa
2825 2844 2916 2883 nec
2946 2830 2965 2860 ³
2997 2830 3190 2894 minora
3238 2833 3315 2885 bis
3357 2850 3470 2899 quas

1951 2914 2270 2977 scripsimus,
2320 2917 2656 2979 prtesentibus
2704 2918 2850 2971 nobis
2879 2920 3030 2970 adinv
3053 2934 3162 2973 cem
3203 2923 3471 2974 conferen-

1951 3010 2046 3063 tes,
2091 3003 2155 3053 de
2198 3004 2296 3053 vita
2336 3014 2387 3054 et
2428 3007 2698 3058 virtutibus
2738 3007 2873 3059 beati
2914 3009 3008 3059 viri
3052 3012 3471 3073 superintulistis,

1948 3103 2060 3155 qua:
2111 3104 2317 3156 prorsus
2342 3078 2364 3123 Δί’
2397 3095 2656 3145 memoriae
2699 3095 2845 3160 digna
2897 3097 3222 3161 videbantur,
3276 3102 3317 3151 si
3368 3116 3467 3153 non

321 3176 527 3239 testium
557 3188 881 3239 indubioruin
916 3188 1099 3252 passim
1133 3188 1515 3238 transcribenda
1542 3189 1843 3252 quibusdam

1948 3176 2233 3228 deliberata
2262 3193 2318 3231 ac
2347 3180 2571 3245 perfecto
2600 3182 2738 3245 operi
2772 3196 2898 3231 nova
2941 3182 3247 3237 interserere
3279 3187 3353 3236 vel
3385 3203 3470 3238 su-

314 3275 444 3325 dare
476 3275 798 3341 praesumpsi.
830 3276 958 3339 Quin
992 3276 1156 3339 pouius
1188 3276 1352 3339 primo
1379 3274 1652 3338 diligenter
1681 3289 1848 3325 exor-

315 3361 494 3421 dium,
539 3376 869 3429 progressum
899 3372 951 3412 et
984 3363 1260 3413 terminum
1300 3361 1683 3428 gloriosissima:
1719 3378 1845 3414 con-

316 3450 620 3503 versationis
648 3464 707 3503 ac
736 3452 851 3501 vita:
881 3451 1016 3502 illius
1044 3450 1110 3501 ab
1140 3451 1216 3501 bis
1238 3452 1320 3516 qui
1353 3459 1599 3500 noverant
1630 3451 1841 3501 investi-

315 3552 469 3605 gans,
498 3550 713 3603 quorum
747 3537 899 3589 etiam
933 3538 1135 3589 nomina
1179 3539 1227 3588 in
1267 3540 1377 3603 ipso
1409 3538 1537 3588 libro
1574 3537 1842 3601 aliquoties

312 3626 385 3677 ob
440 3624 681 3678 indicium
735 3634 934 3678 certum
990 3625 1206 3690 cognitae
1260 3625 1489 3678 veritatis
1544 3626 1840 3691 opponenda

308 3712 555 3779 judicavi,
599 3715 675 3768 sic
720 3715 925 3768 demum
966 3715 1028 3766 ad
1071 3714 1345 3766 scbedulas
1393 3730 1596 3766 manum
1643 3716 1843 3767 mittere

310 3800 519 3864 incipio.
562 3803 627 3855 At
666 3802 862 3869 digesto
902 3802 1169 3869 opusculo,
1212 3801 1302 3853 sed
1347 3803 1514 3853 adhuc
1558 3813 1758 3855 retento
1791 3804 1840 3856 in

308 3890 596 3952 Schedulis,
645 3890 943 3956 frequenter
990 3901 1042 3944 et
1088 3890 1505 3943 reverentissimo
1553 3892 1697 3942 fratri
1749 3906 1840 3943 no-

309 3988 423 4029 stro
452 3976 476 4012 δ
509 3976 778 4031 Herefrido
808 3979 1111 4046 presbytero
1153 3978 1251 4031 huc
1283 3979 1596 4041 adventanti,
1638 3987 1689 4031 et
1726 3980 1839 4032 aliis

310 4068 399 4135 qui
444 4068 635 4120 diutius
687 4083 803 4121 eum
856 4070 963 4119 viro
1020 4068 1105 4119 Dei
1153 4070 1443 4121 conversati
1495 4070 1650 4119 vitam
1705 4070 1839 4123 illius

304 4156 500 4220 optime
526 4166 809 4222 noverant,
842 4172 954 4223 quae
983 4156 1163 4223 scripsi
1198 4157 1410 4224 legenda
1436 4165 1588 4221 atque
1618 4172 1677 4209 ex
1712 4166 1837 4211 tem-

305 4258 433 4309 pure
462 4247 782 4297 retractanda
815 4245 1025 4312 praestiti
1045 4285 1061 4308 ,
1091 4262 1152 4297 ac
1180 4248 1421 4297 nonnulla
1461 4248 1525 4298 ad
1568 4247 1834 4299 arbitrium

302 4345 515 4391 eorum,
564 4343 712 4397 prout
743 4334 1069 4395 videbantur,
1115 4335 1323 4385 sedulus
1367 4338 1631 4387 emendavi
1660 4337 1835 4402 sicque

302 4420 545 4471 onitiibus
577 4422 933 4487 scrtrpulorum
965 4422 1266 4487 ambagibus
1295 4423 1358 4474 ad
1402 4438 1581 4487 purum
1626 4423 1827 4485 ablatis,

1946 3264 2261 3330 pet-adjicere
2303 3268 2471 3320 minus
2501 3282 2781 3335 congruum
2828 3278 2982 3335 atque
3027 3270 3320 3324 indecorum
3352 3287 3469 3327 esse

1943 3363 2222 3405 consmret.

2017 3438 2207 3491 Dehinc
2250 3441 2623 3495 admonendam
2675 3432 2857 3497 veStrte
2902 3446 3140 3501 almitatis
3172 3461 3191 3484 ι’
3223 3464 3464 3504 coronam

1943 3539 2084 3583 ratus
2127 3544 2259 3594 sum,
2307 3540 2361 3583 ut
2404 3535 2534 3585 sicut
2579 3534 2687 3598 ipse
2734 3550 2917 3587 munus
2961 3539 3269 3593 obedientite
3316 3558 3465 3605 mea»,

1943 3619 2075 3682 quod
2105 3619 2285 3685 jubere
2314 3623 2437 3672 estis
2466 3621 2676 3687 dignati,
2709 3632 2974 3689 promptus
3004 3626 3203 3679 solvere
3234 3644 3333 3681 non
3362 3631 3467 3684 dis-

1942 3708 2065 3769 tuli,
2110 3710 2173 3759 ita
2208 3724 2297 3761 vos
2325 3726 2527 3778 quoque
2556 3712 2616 3763 ad
2659 3711 2969 3766 reddendum
3012 3715 3132 3767 mibi
3163 3728 3346 3771 vestrae
3387 3722 3466 3772 in-

1942 3798 2267 3851 tercessionis
2300 3800 2566 3863 praamium
2598 3801 2723 3867 pigri
2753 3817 2853 3854 non
2895 3802 3028 3865 sitis,
3057 3805 3145 3857 sed
3176 3821 3291 3858 cum
3322 3824 3466 3860 eum-

1939 3887 2051 3938 dem
2084 3888 2124 3917 ”
2148 3886 2376 3939 libellum
2407 3888 2695 3953 relegentes
2724 3890 2804 3956 pia
2827 3890 3133 3944 sanctissimi
3166 3894 3326 3945 l’atris
3354 3911 3462 3948 me-

1938 3976 2096 4026 moria
2142 3984 2338 4028 vestros
2390 3974 2589 4028 animos
2634 3976 2695 4029 ad
2746 3978 2998 4031 desideria
3050 3982 3189 4047 regni
3236 3983 3462 4036 caelestis

1936 4063 2199 4115 ardentius
2241 4065 2497 4126 attollitis,
2546 4080 2637 4130 pro
2681 4080 2791 4118 mea
2823 4082 3025 4133 quoque
3066 4070 3315 4131 parvitate
3356 4087 3455 4124 me-

1936 4151 2189 4203 mineritis
2230 4152 2452 4203 divinam
2484 4167 2700 4205 exorare
2742 4153 3089 4216 clementiam,
3130 4167 3383 4223 quatenus
3410 4169 3463 4212 et

1934 4257 2069 4293 nunc
2110 4256 2231 4307 pura
2274 4254 2445 4295 mente
2487 4243 2803 4323 desiderare,
2844 4255 2894 4297 et
2938 4245 2986 4296 in
3028 4246 3195 4298 futuro
3236 4249 3457 4313 perfecta

1935 4332 2250 4385 beatitudine
2290 4348 2488 4386 merear
2518 4333 2689 4386 videre
2720 4336 2847 4386 bona
2893 4335 3091 4387 Domini
3134 4339 3184 4388 in
3216 4347 3351 4389 terra
3383 4340 3457 4390 vi-

1934 4424 2159 4474 ventium
2181 4440 2195 4485 ;
2224 4422 2311 4474 sed
2335 4433 2383 4474 et
2408 4438 2489 4473 me
2512 4423 2753 4475 defuncto
2779 4437 2869 4488 pro
2896 4424 3249 4490 redemptione
3269 4427 3453 4479 animm

301 4516 496 4556 certam
546 4510 773 4559 veritatis
824 4508 1111 4575 indaginem
1167 4510 1486 4575 simplicibus
1535 4511 1827 4577 explicitam
1860 4491 1901 4549 (ἶ
1932 4527 2059 4563 mea:
2088 4515 2126 4544 ²¹
2158 4512 2300 4577 quasi
2332 4509 2597 4563 familiaris
2635 4519 2687 4563 et
2708 4512 2961 4564 vernaculi
2994 4514 3149 4565 vestri
3184 4527 3362 4575 orare,
3403 4524 3457 4567 et

298 4595 626 4648 sermonibus
677 4598 1040 4651 commendare
1092 4598 1500 4661 membranulis,
1554 4610 1709 4666 atque
1762 4602 1825 4652 ad

1934 4600 2118 4652 missas
2147 4599 2335 4662 facere,
2368 4609 2419 4652 et
2448 4614 2635 4653 nomen
2666 4614 2831 4653 meum
2872 4602 3005 4657 inter
3032 4612 3201 4656 vestra
3230 4603 3455 4656 scribere

1203 4686 1239 4736 V
1252 4686 1663 4741 ULGATURUM
1711 4687 1907 4741 VARIA
1920 4688 2089 4742 NTES
2129 4686 2519 4743 LECTIONES.

371 4776 387 4807 ι
428 4771 661 4839 Edfrtdo.

364 4840 385 4868 ’
426 4840 613 4892 Fidelis
638 4847 917 4896 conservus.

367 4906 387 4935 ⁸
428 4908 492 4959 Ut
520 4910 665 4959 libro.

365 4972 386 5003 "
424 4976 607 5028 Subtili
631 4978 1011 5031 examinatione.

364 5042 383 5114 ξ
423 5042 819 5114 Εηιεηάανεηωι·
846 5048 996 5114 falsa.

364 5111 386 5142 ⁸
426 5113 717 5179 Adjuvante.

1995 4778 2015 4807 ⁷
2055 4777 2241 4831 Absque
2264 4777 2366 4828 ulla
2392 4777 2724 4845 ambiguitate.

1996 4845 2016 4875 '
2055 4847 2253 4897 Minorrt
2278 4861 2423 4909 quam
2451 4848 2752 4911 smpsimus.

1993 4916 2013 4945 ’
2054 4913 2295 4965 Memoria
2319 4916 2488 4981 digna.

1997 4983 2037 5012 ¹⁰
2078 4983 2296 5035 Librum.

1996 5053 2035 5086 ι¹
2079 5052 2231 5114 Quasi
2257 5065 2345 5117 pro
2372 5050 2651 5118 laniiﬁaris.

1563 5184 1906 5238 VARIORUSI
1946 5184 2167 5238 NOTAE.

368 5280 391 5343 ς
429 5270 998 5343 ΕσάῘτὶάοᾹεΕεθΙεείπη
1029 5277 1113 5330 hic
1142 5275 1447 5329 Lindisfarn.
1478 5278 1606 5329 rexit
1634 5278 1697 5329 ab
1726 5290 1810 5330 an.
1842 5277 1892 5335 Ι)
1920 5278 2010 5343 Ep.
2044 5275 2157 5343 Hib.
2189 5272 2318 5342 Syll.
2350 5291 2401 5328 n.
2436 5275 2519 5328 t3.
2550 5274 2729 5343 Suum.

290 5338 394 5393 698
423 5343 485 5392 ad
513 5338 597 5393 an.
627 5340 762 5404 720;
792 5344 1100 5409 scripsitque
1124 5347 1189 5398 ad
1221 5360 1365 5398 usum
1391 5346 1548 5397 sancti
1578 5345 1813 5398 Cudber-

290 5409 794 5481 cti_epleberrimutn
837 5410 984 5463 illum
1019 5409 1417 5481 Evangeliorum
1448 5412 1685 5465 Codicem
1728 5416 1811 5477 qui

290 5477 345 5528 in
373 5474 676 5531 bibliotheca
707 5479 1005 5539 Cottoniana
1042 5474 1319 5534 bodiédum
1352 5490 1658 5533 asservatur.
1684 5474 1811 5534 Ora-

287 5544 480 5597 torium
510 5548 662 5597 etiam
694 5546 1081 5600 Anachoreseos
1116 5550 1391 5602 Farnensis
1420 5559 1673 5602 vetustate
1709 5551 1813 5601 dis-

287 5628 514 5664 sotuuuu
559 5621 792 5678 tempore
825 5616 1043 5682 Felgeldi
1084 5621 1408 5672 restauravit.
1452 5619 1527 5670 Ad
1560 5619 1691 5671 hunc
1720 5620 1810 5670 Al-

286 5683 711 5735 dbMabbas
740 5686 935 5737 Malms.
959 5687 1223 5751 epistolam
1255 5688 1476 5753 scripsit,
1503 5703 1615 5754 quw
1646 5696 1809 5741 exstat

1986 5345 2010 5381 τι
2041 5342 2327 5407 Herefrido.
2360 5346 2445 5396 ille
2472 5343 2562 5394 l'uit
2582 5341 2845 5395 familiaris
2860 5343 3020 5394 sancti
3037 5342 3305 5397 Cudbercti
3328 5358 3411 5409 pro

1914 5414 2109 5483 sbyter,
2139 5421 2193 5465 et
2218 5414 2383 5483 abbas
2403 5411 2699 5483 monasterii
2730 5409 3184 5483 Lindisfarnensis.
3219 5415 3405 5483 Suasit,

1986 5493 2007 5520 ε
2049 5480 2311 5533 Coronam.
2333 5482 2418 5533 Sic
2444 5480 2562 5532 olim
2582 5480 2860 5545 episcopos
2888 5481 3279 5545 compellabant.
3310 5480 3440 5545 Lego.

1913 5551 2239 5612 Salmasium,
2293 5549 2340 5601 in
2392 5548 2503 5601 Lib.
2550 5547 2614 5600 de
2637 5546 2812 5607 Coma,
2860 5547 2943 5599 ubi
2993 5549 3199 5600 nomine
3226 5561 3440 5600 coronae

1914 5635 2016 5672 non
2046 5632 2288 5671 coronam
2336 5622 2413 5679 (ut
2439 5616 2604 5683 aiunt)
2643 5615 2967 5685 clericalem,
3010 5616 3095 5667 sed
3138 5616 3438 5685 dignitatem

1915 5687 2256 5753 episcopalem
2286 5686 2500 5752 exprimi
2530 5692 2721 5737 censet.
2754 5683 2968 5736 ΜΑιιιιί..
