3862 6386
451 452 551 506 735

1190 458 1391 514 BEDE
1429 454 1871 512 VENERABILIS
1894 452 2051 510 OPP.
2092 449 2267 508 PARS
2301 448 2390 504 IV.
2425 476 2494 488 -—
2531 443 2898 501 HISTORICA.

3520 437 3631 490 7'55

453 569 753 641 dignemini.
778 568 794 600 ¹
825 569 950 623 Nam
975 576 1027 623 et
1057 576 1108 622 tu
1129 608 1143 635 ,
1174 571 1501 624 sanctissime
1527 567 1773 632 antistes,
1803 565 1900 618 hoc
1929 574 1979 619 te
2009 569 2053 624 Α
2074 562 2175 616 »διιι
2203 560 2427 614 heroicis
2464 558 2659 613 dudum
2690 555 2926 611 versibus
2954 551 3134 641 edidi;
3163 563 3289 617 quos
3327 547 3373 601 si
3402 561 3495 641 vos
3541 548 3633 641 ba-

459 658 584 710 mibi
615 657 912 724 promisisse
931 654 1038 725 jam
1068 658 1279 727 retines,
1308 658 1357 710 in
1385 657 1533 724 cujus
1560 657 1716 710 etiam
1746 654 1983 708 testimo-

462 747 605 800 nium
662 744 843 797 futurze
880 745 1275 811 eonscriptionis
1318 745 1559 813 religioso
1610 743 1752 795 fratri
1817 750 1989 794 vestro

463 843 488 870 ι
513 832 762 886 Gudf‘rido
789 833 1136 886 mansionario
1157 832 1441 901 prmcepisti
1464 875 1476 895 ,
1499 840 1553 883 ut
1576 832 1625 884 in
1655 830 1775 883 albo
1800 839 1987 883 vestrte

462 928 654 971 sanctae
698 920 1109 985 congregationis
1155 934 1325 973 meum
1375 933 1510 970 nunc
1553 932 1761 984 quoque
1804 930 1988 968 nomen

463 1016 760 1073 apponeret.
802 1009 943 1061 Sciat
980 1005 1155 1060 autem
1188 1006 1432 1059 sanctitas
1474 986 1639 1059 vestra
1676 1004 1792 1073 quia
1833 1004 1986 1055 vitam

464 1091 693 1159 ejusdem
727 1095 831 1147 Deo
861 1094 1035 1147 dilecti
1064 1094 1228 1146 Patris
1255 1097 1451 1158 nostri,
1479 1108 1631 1161 quam
1663 1092 1811 1144 vobis
1839 1104 1989 1157 prosa

468 1179 655 1233 editum
695 1181 812 1234 dedi
853 1182 1115 1247 aliquanto
1152 1181 1355 1247 quidem
1401 1181 1626 1244 brevius,
1669 1178 1759 1230 sed
1808 1177 1989 1229 eodem

474 1278 638 1323 tamen
666 1273 867 1335 ordine,
897 1271 1191 1339 rogantibus
1218 1272 1524 1340 quibusdam
1554 1286 1583 1323 e
1612 1268 1801 1321 nostris
1826 1267 1997 1319 fratri-

2086 650 2209 703 bere
2232 649 2474 713 delectat,
2505 662 2533 698 a
2562 646 2709 699 nobis
2734 643 3001 708 exemplar
3028 638 3266 705 accipere
3294 636 3543 704 potestis,
3582 637 3631 685 in

2087 735 2237 803 cujus
2264 736 2439 802 operis
2466 734 2769 803 praefatione
2814 730 3023 799 promisi
3052 740 3135 780 me
3172 726 3302 777 alias
3330 725 3399 777 de
3432 722 3549 775 Vita
3586 733 3635 773 es

2088 820 2353 875 miraculis
2375 822 2488 889 ejus
2518 822 2667 874 latius
2694 834 2810 873 esse
2840 817 3178 883 scripturum,
3201 826 3359 879 quam
3390 810 3635 862 videlicet

2088 910 2486 977 promissionem
2520 912 2569 962 in
2598 907 2836 974 praesenti
2860 902 3127 969 opusculo,
3152 902 3173 931 ’
3204 906 3359 966 prout
3383 896 3637 949 Dominus

2088 998 2311 1061 dederit,
2340 997 2625 1064 adimplere
2650 1004 2846 1060 satago.
2879 992 2901 1023 ³
2929 991 3121 1043 Orante
3148 1002 3275 1053 ergo
3300 1000 3384 1037 me
3415 998 3509 1051 pro
3536 996 3631 1033 vo-

2088 1088 2169 1140 bis
2198 1086 2565 1140 beatitudinem
2590 1094 2813 1138 vestram
2842 1081 3088 1149 Dominus
3114 1075 3447 1141 omnipotens
3471 1072 3493 1101 δ
3533 1083 3629 1122 cu-

2089 1175 2285 1228 stodire
2313 1176 2554 1242 dignetur
2592 1174 2936 1237 incolumem,
2977 1163 3301 1221 dilectissimi
3328 1161 3551 1226 fratres,
3582 1166 3634 1211 et

2097 1262 2295 1316 domini
2326 1262 2447 1316 mei.
2480 1267 2666 1315 Amen.

1388 1372 1843 1429 VULGATORUM
1890 1370 2271 1425 VARIANTES
2312 1369 2710 1423 LECTIONES.

544 1463 560 1493 ¹
609 1463 735 1514 Nam
762 1474 807 1514 et
834 1480 964 1526 cum,
994 1464 1309 1516 sanctissime.

540 1531 562 1560 ⁸
606 1529 759 1581 I’rout
791 1531 941 1583 Deus.

546 1597 565 1626 ³
604 1598 833 1651 Orantem
862 1616 951 1666 pro
994 1599 1133 1651 nobis
1178 1598 1523 1653 beatitudinem
1556 1607 1782 1649 uestram.
1817 1594 2003 1649 Orante

2104 1476 2218 1527 ergo
2248 1476 2335 1526 pro
2362 1460 2499 1511 nobis
2528 1458 2824 1512 beatitudine
2851 1464 3030 1510 vestra.

2173 1529 2195 1559 ⁵
2232 1528 2491 1581 Custodire
2515 1544 2617 1580 uos.

1668 1726 1671 1729 ν
1741 1684 2088 1738 νΑιιιοιιυιι
2128 1683 2351 1736 ΝΟΤιΕ.

552 1783 577 1810 ⁸
614 1774 880 1843 Cudfrida.
922 1777 1017 1841 Qui
1050 1786 1223 1843 postea
1254 1776 1566 1828 monasterio
1594 1774 1996 1828 Lindisfarnensi
2034 1771 2232 1825 abbatis
2257 1770 2373 1836 jure
2404 1768 2627 1835 praefuit,
2661 1783 2711 1829 v,
2746 1767 2795 1818 i.
2826 1765 3009 1820 Sami.

482 1860 3621 1917 ._________.£__—______________.__._______——————-—————-

775 2029 1227 2132 LIBER
1348 2026 1542 2128 DE
1670 2020 2065 2120 VITA
2185 2019 2383 2133 ET
2517 2010 3356 2119 MIRACULIS

1145 2157 1786 2339 Sanun
1872 2222 2958 2353 curam-mu,

1522 2425 2192 2488 LINDISFARNENSIS
2236 2423 2604 2483 EPISCOPI.

1834 2553 2079 2565 -—_.__

2084 2551 2297 2565 ,ιφ-σι*

2574 2548 2695 2599 τι

492 2613 709 2671 CAPUT
747 2611 1095 2665 PRIMUM.—
1113 2610 1371 2670 Quomodo
1412 2626 1534 2680 puer
1582 2610 1672 2663 Dei
1712 2612 2011 2665 Cudberctus
2045 2616 2089 2673 B
2116 2613 2272 2674 illius,
2302 2612 2388 2678 qui
2419 2621 2572 2665 aetate
2601 2611 2764 2678 major
2790 2611 3013 2676 perfecte
3045 2610 3151 2677 jam
3189 2610 3495 2677 cogniturus
3530 2621 3632 2663 erat

560 2700 647 2750 per
672 2684 911 2749 infantem
932 2680 994 2731 sit
1014 2680 1254 2747 priet/icto
1279 2680 1293 2707 ¹
1319 2679 1623 2746 episcopatui
1639 2680 1942 2731 admonitus.

557 2790 870 2856 Principium
897 2789 1044 2840 nobis
1071 2786 1327 2838 scribendi
1353 2788 1418 2839 de
1447 2786 1559 2837 Vita
1587 2787 1719 2839 beati
1741 2786 2012 2840 Cudbercti

490 2880 749 2938 Jeremins
780 2876 1025 2942 propheta
1050 2882 1343 2933 consecrat,
1367 2873 1452 2936 qui
1494 2875 1867 2927 anachoretica:
1896 2888 2012 2939 per-

492 2967 731 3021 fectionis
754 2973 943 3017 statum
967 2959 1262 3028 gloriﬁcans
1303 2958 1374 3009 ait
1408 2976 1419 3008 :
1460 2957 1653 3010 Bonum
1683 2967 1751 3011 est
1776 2961 1875 3011 viro
1902 2976 2015 3011 cum

493 3055 755 3121 portaverit
775 3052 955 3119 jugum
982 3050 1045 3101 ab
1095 3049 1433 3101 adolescentia
1465 3064 1592 3110 sua;
1632 3049 1815 3101 sedebit
1846 3051 2015 3100 solita—

494 3146 598 3196 rius
626 3153 673 3195 et
701 3141 893 3203 tacebit,
919 3140 1034 3207 quia
1062 3138 1237 3192 levabit
1264 3154 1316 3190 se
1341 3154 1491 3205 super
1515 3154 1586 3190 se.
1609 3138 1771 3202 ilnjus
1796 3152 2017 3203 namque

500 3232 621 3285 boni
645 3230 915 3283 dulcedine
942 3240 1188 3279 accensus
1225 3229 1303 3278 vir
1334 3226 1535 3279 Domini
1586 3225 1927 3287 Cudberctus,
1953 3227 2017 3279 ab

499 3320 709 3371 ineunte
756 3316 1105 3368 adolescentia
1149 3314 1273 3381 jugo
1321 3314 1636 3367 monachica:
1684 3314 2018 3368 institutionis

504 3406 695 3458 collum
722 3405 742 3433 ’
771 3401 1027 3465 subdidit;
1054 3411 1105 3454 et
1131 3401 1218 3454 ubi
1246 3402 1598 3468 opportunitas
1642 3401 1793 3470 juvit,
1817 3412 2020 3468 arrepta

496 3493 652 3547 etiam
700 3491 1097 3543 conversatione
1137 3491 1521 3556 anachoretica,
1562 3498 1664 3543 non
1700 3506 1863 3557 pauco
1891 3498 2023 3542 tema

506 3595 633 3650 pore
656 3579 918 3631 solitarius
946 3579 1148 3639 sedere,
1187 3584 1340 3643 atque
1367 3578 1434 3630 ob
1486 3578 1793 3629 suavitatem
1836 3577 2023 3630 divinae

504 3667 959 3734 contemplationis
978 3666 1044 3717 ab
1067 3666 1303 3716 humanis
1328 3675 1498 3717 tacere
1522 3664 1869 3717 delectabatur
1894 3665 2023 3717 allo-

502 3756 657 3823 quiis.
688 3754 789 3806 Sed
833 3762 891 3803 ut
919 3752 1029 3803 hinc
1060 3751 1111 3803 in
1156 3750 1350 3817 majore
1396 3758 1547 3803 aetate
1578 3760 1770 3817 posset,
1802 3768 2023 3820 superna

503 3846 651 3897 illum
681 3841 842 3909 gratia
864 3841 884 3871 ⁸
901 3841 963 3893 ad
983 3842 1115 3892 viam
1137 3839 1368 3892 veritatis
1393 3841 1632 3904 paulatim
1654 3855 1684 3893 a
1716 3841 1890 3905 primis
1914 3840 2021 3907 jam

2110 2698 2408 2759 Dominum,
2437 2714 2497 2751 ac
2523 2714 2818 2752 sermonem
2842 2698 3045 2751 Domini
3075 2699 3302 2752 revelata
3323 2699 3494 2752 cordis
3516 2713 3634 2751 aure

2110 2796 2470 2853 percepturus.
2497 2787 2864 2839 Oblectabatur
2902 2802 3047 2854 ergo,
3075 2797 3133 2838 ut
3154 2786 3403 2850 diximus,
3427 2786 3562 2852 jocis
3587 2797 3633 2838 et

2110 2872 2383 2940 vagitibus,
2414 2882 2470 2925 et
2508 2874 2650 2940 juxta
2691 2874 2825 2940 quod
2854 2872 3025 2926 aetatis
3055 2877 3185 2927 ordo
3233 2875 3499 2942 poscebat,
3530 2888 3635 2940 par-

2066 3011 2075 3016 -
2115 2963 2352 3014 vulorum
2375 2962 2749 3015 conventiculis
2778 2961 3036 3015 interesse
3066 2963 3329 3027 cupiebat,
3352 2962 3633 3015 ludentibus

2112 3052 2382 3105 colludere
2428 3051 2760 3106 desiderabat
2791 3071 2803 3105 :
2833 3064 2887 3108 et
2929 3054 3051 3122 quia
3096 3052 3249 3122 agilis
3281 3064 3462 3105 natura
3495 3064 3636 3119 atque

2112 3148 2295 3189 acutus
2320 3148 2427 3189 erat
2448 3137 2676 3206 ingenio,
2701 3141 3135 3195 contendentibus
3157 3140 3281 3195 ludo
3300 3142 3491 3209 sapius
3512 3153 3631 3209 pr:-

2115 3224 2288 3278 valere
2320 3236 2683 3289 con~ueverat,
2713 3227 2844 3280 adeo
2873 3236 2929 3281 ut
2959 3228 3107 3282 fessis
3150 3243 3521 3295 nonnunquam
3548 3244 3637 3279 cas

2119 3318 2259 3381 teris,
2295 3318 2383 3371 ille
2414 3317 2710 3372 indefessus
2730 3318 2920 3384 adhuc,
2952 3317 2974 3349 ⁸
2994 3320 3038 3372 si
3066 3319 3153 3385 qui
3174 3319 3309 3371 ultra
3338 3332 3513 3371 secum
3539 3318 3633 3370 vei-

2089 3403 2093 3407 ’
2121 3406 2226 3459 lent
2253 3415 2475 3467 certare,
2506 3407 2653 3473 quasi
2674 3407 2841 3458 victor
2857 3404 3179 3457 laetabundus
3205 3405 3507 3473 inquireret.
3529 3406 3636 3457 Sive

2125 3496 2262 3545 enim
2292 3494 2447 3557 saltu,
2470 3494 2579 3546 sive
2603 3508 2778 3555 cursu,
2810 3493 2919 3545 sive
2948 3494 3161 3557 luctatu,
3183 3508 3277 3547 seu
3298 3493 3530 3560 quolibet
3547 3494 3637 3543 alio

2119 3582 2471 3633 membrorum
2520 3580 2812 3633 sinuamine
2856 3595 2913 3633 se
2951 3589 3278 3643 exercerent,
3336 3581 3424 3632 ille
3473 3590 3635 3630 omnes

2120 3682 2381 3735 tequmvos
2403 3676 2457 3719 et
2485 3666 2760 3719 nonnullos
2801 3668 2959 3720 etiam
3004 3667 3228 3732 majores
3256 3680 3286 3717 a
3312 3678 3369 3718 se
3396 3666 3638 3732 gloriaba-

2122 3764 2204 3808 tur
2231 3769 2347 3809 esse
2374 3764 2665 3822 superatos.
2692 3755 2817 3808 Cum
2841 3757 2977 3809 enim
3008 3763 3148 3808 esset
3175 3754 3443 3821 parvulus,
3464 3764 3514 3806 ut
3534 3766 3636 3821 par-

2123 3845 2271 3897 vulus
2313 3844 2567 3909 sapiebat,
2610 3853 2665 3895 ut
2713 3843 2962 3911 parvulus
2990 3842 3279 3909 cogitabat;
3308 3841 3396 3909 qui
3427 3848 3637 3906 postmo-

510 3933 745 4000 pueritia:
768 3930 1070 3984 iucitaverat
1088 3938 1113 3964 ι
1142 3929 1315 3990 anuis,
1334 3928 1584 3994 siquidem
1608 3944 1769 3997 usque
1794 3932 1857 3983 ad
1883 3940 2024 3984 octa-
2048 3914 2096 3976 ο
2128 3934 2250 3985 dum
2281 3934 2444 3987 factus
2469 3932 2571 3999 vir,
2599 3933 2899 4001 plenissime
2922 3944 2985 3985 ea
3016 3946 3134 4001 qua:
3159 3931 3361 3999 parvuli
3388 3938 3537 3983 erant
3561 3929 3637 3982 de-

502 4036 621 4072 vum
651 4021 814 4072 aetatis
841 4033 1052 4078 annum,
1100 4017 1188 4084 qui
1229 4026 1342 4084 post
1368 4018 1631 4069 infantiam
1664 4020 1895 4083 pueritia:
1922 4021 2030 4086 pri-

514 4123 630 4161 mus
657 4117 756 4169 est,
785 4106 909 4159 solis
932 4105 1261 4173 parvulorum
1290 4105 1422 4157 ludis
1448 4115 1502 4157 et
1535 4106 1757 4159 lasciviae
1805 4117 2027 4162 mentem

510 4200 637 4251 dare
666 4207 897 4259 noverat,
932 4198 999 4249 ita
1028 4204 1086 4249 ut
1112 4196 1236 4248 illud
1260 4196 1394 4248 beati
1419 4196 1672 4249 Samuelis
1694 4206 1817 4248 tunc
1833 4198 1897 4249 de
1917 4198 2031 4261 ipso

511 4294 688 4351 posset
711 4284 1060 4338 testimonium
1087 4282 1185 4335 dici
1218 4300 1230 4334 :
1258 4280 1418 4334 Porro
1465 4281 1782 4336 Cudberctus
1822 4286 2030 4336 necdum

516 4378 699 4426 sciebat
725 4372 1013 4436 Dominum,
1043 4389 1194 4441 neque
1225 4373 1464 4424 revelatus
1487 4374 1649 4438 [uerat
1676 4373 1722 4425 ei
1746 4388 1906 4424 sermo
1935 4373 2034 4426 Da-

2131 4021 2319 4087 posuit.

2200 4109 2262 4160 Et
2281 4108 2489 4175 quidem
2517 4107 2689 4161 divina
2742 4107 3057 4175 diSpensatio
3100 4104 3342 4175 primitus
3376 4102 3633 4158 elationem

2133 4199 2289 4250 animi
2324 4198 2532 4264 puerilis
2564 4199 2585 4229 ⁵
2605 4198 2761 4267 digno
2787 4198 3061 4266 paedagogo
3088 4210 3425 4261 compescere
3452 4196 3635 4263 dignata

2134 4294 2233 4337 est.
2266 4284 2390 4336 Nam
2412 4286 2544 4338 sicut
2561 4286 2723 4340 beata:
2744 4287 3007 4339 memoria:
3033 4284 3061 4321 δ
3082 4284 3367 4338 Trumvine
3385 4285 3638 4351 episcopus

2138 4373 2204 4426 ab
2234 4373 2348 4440 ipso
2376 4374 2667 4428 Cudbercto
2694 4376 2793 4427 sibi
2817 4375 3009 4428 dictum
3036 4372 3362 4441 perhibebat,
3382 4372 3502 4425 dum
3529 4384 3637 4436 qun-

504 4467 658 4549 ‘m‘m'.
683 4464 828 4529 Quod
860 4464 910 4515 in
939 4463 1248 4531 praconium
1272 4462 1436 4515 laudis
1461 4462 1653 4514 dictum
1681 4471 1760 4515 est
1804 4462 2038 4529 pueritia
2140 4462 2258 4514 dam
2287 4462 2371 4517 die
2389 4465 2542 4518 solito
2567 4464 2830 4517 luctamini
2860 4462 2911 4515 in
2950 4477 3136 4530 campo
3168 4461 3394 4529 quodam
3422 4473 3523 4513 non
3543 4469 3637 4510 m

1436 4566 1885 4622 VULGATURUM
1930 4566 2307 4621 VARIANTES
2342 4566 2727 4621 LECTIONES.

585 4686 600 4715 ⁸
636 4680 951 4745 Episcopatu.

586 4754 606 4783 '
633 4750 831 4805 Subdit.

584 4821 605 4852 ³
638 4822 711 4873 Ad
739 4819 907 4870 vitant.

2210 4680 2231 4711 ⁵
2256 4680 2315 4733 Si
2334 4681 2443 4748 quis
2470 4680 2602 4733 ultra
2627 4696 2791 4734 secum
2810 4681 2969 4735 vellet.

2206 4748 2226 4778 ⁵
2256 4749 2417 4818 Digna
2440 4766 2510 4803 se.

1784 4901 2129 4956 VARIORUM
2167 4902 2391 4958 NOTJ‘I.

595 5009 618 5036 ι
648 4998 821 5051 Annis.
864 4992 999 5047 Nihil
1047 4991 1127 5043 hic
1164 4992 1230 5042 de
1276 4990 1436 5057 patria
1464 4999 1515 5042 et
1554 4993 1850 5055 parentibus
1877 4994 2036 5045 sancti
2068 4997 2116 5054 D
2142 4994 2236 5045 bus
2266 5001 2343 5044 est
2363 5000 2554 5044 sanctae
2576 4988 2837 5042 memoriae
2858 4988 3130 5056 episcopus
3175 4989 3362 5055 Tuma,
3396 4992 3480 5058 qui
3508 4992 3635 5058 spiri-

522 5068 810 5123 Cutbberti.
860 5062 1082 5117 Patriam
1139 5057 1291 5116 infra.
1335 5062 1383 5109 in
1424 5072 1539 5122 cap.
1574 5058 1624 5119 4,
1661 5060 2028 5121 indicabimus;

594 5145 762 5188 rentes
789 5133 899 5200 ejus
936 5128 1187 5200 ignobiles
1235 5128 1391 5200 fuisse
1432 5128 1556 5178 satis
1597 5140 1807 5191 apparet
1832 5143 1893 5180 ex
1925 5130 2034 5200 opi-

594 5152 762 5188 rentes
789 5152 899 5200 Ejus
937 5152 1187 5191 Ignumlcs
1235 5152 1391 5178 luisse
1432 5152 1556 5178 antra
1597 5152 1807 5191 apparet
1832 5152 1893 5180 cx
1925 5152 2031 5193 upi-

524 5152 677 5258 mnis
705 5200 1006 5260 ministerio,
1036 5196 1171 5262 quod
1202 5195 1279 5247 vir
1298 5201 1512 5248 sanctus
1536 5200 1828 5248 exercuisse
1850 5196 2031 5249 eodem

524 5273 623 5327 loci
653 5270 854 5320 dicitur.
881 5269 1101 5320 ΜΑιιιιι..

596 5339 622 5376 ιι
652 5336 935 5389 Trumuine.
964 5334 1310 5385 Consecratus
1344 5332 1617 5397 episcopus
1667 5329 1920 5382 Pictorum
1951 5346 2033 5383 an.

528 5408 648 5467 681,
686 5418 757 5464 iv,
809 5402 895 5453 12.
925 5404 1113 5454 Sancto
1138 5399 1430 5453 Cudbercto
1474 5400 1637 5453 suasit
1688 5398 2035 5467 episcopatum

528 5466 814 5535 suscipere.
866 5484 933 5531 tv,
974 5470 1063 5521 28.
1120 5468 1578 5535 Ecgfridoiqunqne
1607 5468 1759 5528 victo,
1794 5466 1860 5518 de
1902 5475 2035 5517 terra

534 5556 627 5593 sua
660 5541 783 5591 Picti
815 5552 932 5591 eum
962 5538 1171 5600 pellunt,
1214 5551 1282 5595 tv,
1321 5534 1408 5585 ‘16.
1458 5534 2033 5601 Sllrn.—Anonynius,

536 5610 625 5660 lib.
653 5624 665 5657 ι
694 5624 706 5658 :
737 5625 753 5655 ι
792 5606 1015 5658 Primum
1045 5606 1249 5667 quidem
1292 5603 1545 5667 ponimus,
1596 5601 1730 5666 quod
1778 5601 1830 5654 in
1876 5603 2036 5668 prima

542 5684 693 5727 aetate
723 5672 971 5726 accidisse
998 5673 1161 5725 relatu
1205 5672 1477 5723 multorum
1506 5668 1801 5735 didicimus,
1832 5684 1894 5723 ex
1924 5669 2033 5737 qui-

2142 5062 2295 5111 talem
2330 5060 2415 5110 Dei
2444 5059 2746 5112 electionem
2777 5058 3191 5125 praedestinatam
3222 5073 3252 5110 a
3291 5072 3474 5112 sancto
3500 5059 3637 5111 Cuth-

2138 5128 2284 5180 berto
2312 5126 2526 5179 audiens
2555 5125 2760 5187 didicit;
2789 5133 2844 5178 et
2870 5127 3140 5191 presbyter
3168 5135 3361 5179 nostra:
3413 5126 3631 5179 Ecclesia

2140 5195 2298 5246 Elias.
2348 5213 2365 5243 ι
2408 5194 2651 5248 Sanctum
2679 5193 3013 5245 Trumviuum
3046 5192 3307 5246 Pictorum
3345 5194 3633 5247 Australium

2136 5263 2433 5324 episcopum
2492 5261 2700 5314 Tabulis
2748 5260 3094 5313 Benedictiuis
3136 5263 3428 5314 inscribunt
3473 5277 3501 5312 v
3540 5260 3637 5311 Idus

2137 5329 2290 5383 Febr.
2333 5332 2396 5381 At
2439 5329 2711 5382 Bollandus
2748 5328 2832 5379 die
2861 5328 3146 5394 insequenti
3179 5329 3528 5396 reponitiejus
3544 5328 3613 5380 elo

2132 5397 2297 5463 gium,
2318 5408 2634 5463 mortemque
2650 5409 2783 5445 anno
2800 5396 2934 5446 circa
2959 5397 3058 5450 τοι)
3078 5394 3374 5463 causiguat.
3392 5394 3467 5448 De
3488 5394 3628 5447 sancti

2134 5466 2397 5517 Trumvini
2445 5464 2779 5530 reliquiarum
2828 5463 3125 5517 inventione
3174 5466 3287 5530 lege
3338 5463 3631 5517 thlelnunn

2134 5533 2419 5597 Malmesb.,
2449 5536 2532 5585 lib.
2563 5547 2615 5583 ιιι
2641 5531 2706 5582 de
2736 5529 2921 5582 Potitii.
2957 5533 3107 5598 Augl.
3154 5529 3243 5581 De
3267 5545 3333 5583 eo
3366 5534 3545 5585 iterum
3565 5532 3629 5598 io-

2132 5601 2230 5722 ;il-a,
2256 5614 2370 5665 cup.
2400 5595 2489 5666 9.6,
2516 5612 2562 5656 et
2591 5599 2725 5667 apud
2773 5598 2979 5663 Bedam,
3032 5595 3121 5653 lib.
3150 5613 3198 5651 tv
3232 5598 3392 5665 ἣξει...
3423 5616 3539 5670 cap.
3558 5595 3629 5649 ‘16.

2188 5683 2350 5721 Αιιιιι..

2188 5683 2350 5721 Αιιιι..

3294 5703 3806 6290 ,Δ
