3862 6384
244 412 361 497 73"]

917 411 1101 469 SECT.
1142 412 1181 492 l_.
1219 443 1289 456 —
1326 413 1887 470 HAClOCliAPllICA.
1931 446 1996 457 —
2040 418 2188 472 VITA
2228 418 2284 471 S.
2324 417 2723 472 CUTIIBERTI.

3307 416 3406 470 738

237 526 375 578 dica
407 536 681 588 puerorum
713 519 861 573 turba
911 522 1193 585 insisteret,
1242 522 1517 577 interesset
1558 532 1611 577 et
1651 524 1785 590 ipse,
1817 538 1857 588 Α
1888 526 2138 589 compede
2182 537 2453 578 retinerer.
2500 525 2594 577 Diu
2640 540 2860 590 namque
2906 534 2985 577 est
3010 524 3143 592 quod
3171 526 3408 579 molestia

237 620 305 665 et
356 610 489 663 sicut
536 610 822 662 ludentium
881 612 1063 663 levitas
1107 610 1261 677 solet,
1299 622 1480 664 contra
1504 627 1787 679 congruum

244 708 461 755 natum
508 706 700 752 statum
751 701 909 752 variis
958 699 1177 752 ﬂexibus
1205 700 1437 752 membra
1467 700 1695 766 plerique
1722 705 1792 754 si-

247 798 507 850 nuarent,
530 797 741 853 repente
770 802 902 839 unus
929 789 992 841 de
1010 788 1258 855 parvulis,
1287 788 1505 840 triennis
1526 787 1706 848 ferme,
1734 798 1788 840 ut

250 877 559 940 videbatur,
583 878 811 929 accurrit
838 878 901 928 ad
932 892 1073 940 eum,
1104 886 1154 929 et
1182 876 1325 942 quasi
1376 876 1527 929 senili
1552 886 1789 930 constan—

250 966 330 1018 tia
374 967 533 1034 coepit
586 966 806 1029 hortari,
856 982 920 1019 ne
965 966 1100 1032 jocis
1148 976 1200 1021 et
1229 966 1333 1019 otio
1366 967 1670 1033 indulgeret,
1698 965 1787 1017 sed

249 1057 532 1109 stabilitati
563 1055 733 1123 p0tius
757 1065 979 1111 mentem
1014 1056 1168 1110 simul
1194 1065 1249 1109 et
1285 1056 1516 1110 membra
1548 1055 1789 1122 subjuga-

250 1154 363 1197 ret.
393 1146 505 1209 Quo
531 1144 723 1196 monita
762 1154 1059 1211 spernente,
1108 1144 1249 1212 luget
1302 1145 1388 1197 ille
1437 1158 1682 1197 corruens
1736 1145 1787 1197 in

251 1239 481 1295 terram,
514 1240 565 1284 et
595 1231 772 1284 faciem
806 1232 1046 1300 lacrymis
1096 1233 1291 1299 rigans.
1335 1231 1625 1285 Accurruut
1665 1248 1787 1284 con—

256 1319 486 1371 solaturi
527 1321 719 1378 caeteri.
772 1320 862 1372 sed
888 1320 974 1373 ille
1007 1330 1200 1387 perstat
1228 1320 1278 1373 in
1307 1321 1526 1374 fletibus.
1565 1322 1788 1375 Interro-

254 1417 390 1472 gaut
415 1404 539 1472 quid
570 1406 782 1458 haberet
810 1407 1155 1472 repentinum,
1200 1409 1334 1461 unde
1365 1410 1520 1460 tantis
1550 1410 1784 1463 allicere-

255 1501 349 1545 tur
394 1492 650 1545 lamentis.
697 1492 763 1543 At
809 1493 895 1545 ille
924 1495 1128 1545 tandem
1157 1494 1473 1558 exclamans,
1501 1496 1783 1547 consolanti

251 1592 316 1631 se
344 1580 634 1633 Cudbercto
666 1597 681 1631 :
716 1598 733 1629 t
770 1580 921 1645 Quid,
949 1583 1135 1649 inquit,
1186 1581 1313 1643 hac,
1341 1582 1666 1635 sanctissime
1689 1598 1786 1635 an-

252 1662 409 1721 tistes
431 1678 483 1721 et
510 1669 781 1735 presbyter
800 1670 1113 1735 Cudbercte,
1136 1679 1190 1725 et
1207 1678 1401 1724 natum
1422 1680 1475 1725 et
1498 1671 1674 1739 gradui
1698 1682 1787 1727 tuo

255 1758 523 1810 contraria
550 1759 724 1825 geris?
753 1759 954 1813 Ludere
976 1770 1025 1813 te
1044 1760 1179 1814 inter
1204 1763 1449 1829 parvulos
1480 1778 1583 1815 non
1611 1764 1781 1828 decet,

254 1857 420 1910 quem
452 1844 695 1897 Dominus
719 1847 873 1898 etiam
900 1846 1181 1911 majoribus
1212 1857 1332 1900 natu
1355 1849 1653 1914 magistrum
1678 1852 1779 1903 vir-
1810 1846 1854 1904 Β

254 1932 383 1983 tutis
404 1935 744 1985 consecravit.
782 1953 801 1985 ι
837 1935 1067 1989 Audiens
1097 1934 1209 1988 haec
1238 1935 1385 1988 bona:
1412 1936 1602 1990 indolis
1632 1953 1779 2005 puer,

261 2017 363 2070 ﬂxa
397 2019 681 2074 intentione
727 2021 973 2089 suscepit,
1020 2031 1365 2090 mmstumque
1411 2023 1656 2077 infantem
1688 2025 1785 2092 piis

248 2109 556 2161 demulcens
586 2110 873 2174 blanditiis,
910 2111 1087 2165 relicta
1133 2112 1379 2180 continuo
1406 2111 1613 2165 ludendi
1642 2112 1787 2165 vani-

254 2203 387 2259 tate,
414 2197 625 2250 dnmum
652 2198 824 2261 rediit,
858 2212 918 2251 ac
946 2199 1183 2252 stabilior
1205 2199 1313 2267 jam
1340 2215 1401 2253 ex
1425 2201 1514 2253 illo
1554 2211 1787 2267 tempore

252 2286 535 2353 animoque
555 2287 936 2340 adolescentior
961 2289 1187 2343 existere
1217 2291 1403 2354 cepit;
1428 2289 1515 2342 illo
1544 2290 1783 2344 nimirum

252 2368 452 2433 Spiritu
496 2374 712 2426 interius
749 2376 862 2441 ejus
903 2377 1186 2441 prateordia
1231 2378 1472 2438 ducente,
1504 2378 1589 2445 qui
1619 2393 1787 2445 peros

254 2457 465 2509 infantis
516 2460 840 2514 extrinsecus
882 2462 996 2529 ejus
1040 2464 1252 2515 auribus
1280 2464 1529 2515 insonuit.
1561 2465 1661 2517 Nec
1691 2466 1787 2516 mi.

257 2548 477 2599 randum
501 2550 736 2615 cuiquam
770 2552 969 2617 parvuli
1001 2553 1263 2605 lasciviam
1294 2568 1384 2620 per
1404 2554 1669 2619 parvulum
1696 2569 1785 2619 νος

258 2636 420 2688 tuisse
452 2636 669 2690 Domino
695 2650 880 2706 agente
904 2640 1156 2704 cohiberi,
1187 2642 1275 2707 qui
1304 2641 1368 2693 ad
1410 2642 1781 2709 prohibendam

262 2724 539 2792 Propheta:
564 2729 578 2757 ¹
611 2728 958 2797 insipientiam
990 2732 1038 2783 in
1069 2744 1160 2783 ore
1197 2730 1483 2799 subjugalis
1530 2732 1656 2783 muti
1709 2745 1784 2784 ra-

261 2816 528 2877 tionabiha
558 2818 735 2881 verba,
766 2833 885 2872 cum
938 2819 1118 2882 voluit,
1146 2819 1328 2882 edidit,
1374 2822 1425 2872 in
1454 2820 1600 2885 cujus
1631 2819 1783 2873 laude

256 2907 511 2960 veraciter
525 2908 715 2961 dictum
744 2920 854 2962 est:
878 2910 1009 2974 Quia
1036 2926 1096 2962 ea:
1120 2926 1205 2963 ore
1224 2911 1490 2977 infantium
1517 2923 1559 2962 et
1583 2911 1783 2962 lacten-

252 2998 376 3049 tiunt
403 2999 651 3065 perfecisti
679 2998 899 3052 laudem.

1892 628 2024 678 genu
2056 615 2298 664 tumentis
2343 626 2641 677 oppressus,
2693 613 2827 663 nulla
2882 612 3154 679 cujuslibet
3180 613 3407 666 medico-

1894 716 2006 753 rum
2040 703 2290 754 industria
2324 716 2531 766 possum
2563 702 2753 753 sanari.
2788 717 2805 749 ι
2842 700 2938 763 Qui
2991 702 3235 754 desiliens
3273 716 3409 769 equo

1890 804 1951 841 ac
1978 804 2113 857 genu
2144 790 2441 855 languidum
2464 790 2761 857 diligentius
2778 790 3109 842 considerans
3132 807 3142 840 :
3166 807 3184 839 ι
3208 790 3407 856 Coque,

1890 879 2079 944 inquit,
2114 881 2367 931 triticeam
2398 879 2445 930 iu
2480 879 2615 931 laete
2640 876 2947 941 farinam,et
2969 877 3065 929 hac
3089 877 3411 931 confectione

1888 966 2053 1019 calida
2102 976 2355 1020 tumorem
2402 981 2752 1033 superungue,
2800 977 2850 1017 ct
2879 967 3160 1020 sanaberis.
3194 985 3212 1018 ι
3246 968 3308 1019 Et
3334 968 3409 1020 liis

1889 1055 2044 1108 dictis
2073 1055 2360 1108 ascendens
2389 1069 2576 1122 equum
2603 1056 2747 1108 abiit.
2774 1054 2861 1107 Ille
2880 1057 3037 1121 jussis
3052 1058 3409 1123 obtemperans

1890 1151 2010 1208 post
2060 1142 2171 1195 dies
2227 1158 2419 1205 paucos
2464 1156 2677 1195 sanatus
2707 1154 2807 1206 est,
2839 1145 3147 1211 agnovitque
3170 1149 3410 1214 angelum

1892 1228 2056 1281 fuisse
2081 1231 2165 1296 qui
2198 1231 2305 1281 ha'c
2334 1231 2431 1281 sibi
2460 1232 2653 1283 manita
2681 1230 2925 1293 dedisset,
2948 1232 3181 1286 mittente
3211 1235 3297 1287 illo
3326 1236 3411 1301 qui

1890 1316 2148 1381 quondam
2179 1315 2498 1383 Rapbaelem
2528 1318 2891 1385 archangelum
2921 1320 2983 1371 ad
3024 1323 3279 1373 sanandos
3306 1323 3408 1375 To-

1892 1404 1991 1456 biae
2020 1409 2158 1458 visus
2174 1406 2435 1459 destinare
2464 1408 2707 1476 dignatus
2736 1417 2835 1461 est.
2862 1408 3007 1472 Quod
3037 1412 3079 1462 si
3102 1410 3181 1463 cui
3213 1413 3410 1465 videtur

1893 1494 2201 1547 incredibi'e
2234 1496 2474 1561 angelum
2508 1496 2556 1547 in
2579 1511 2713 1561 equo
2741 1499 3065 1563 apparuisse,
3093 1499 3225 1565 legat
3248 1500 3409 1552 histo-

1888 1578 2017 1630 riam
2064 1582 2495 1645 Macliahaeorum,
2529 1584 2578 1635 in
2606 1596 2703 1650 qua
2739 1586 2905 1650 angeli
2958 1586 3006 1637 in
3048 1588 3213 1653 equis,
3255 1597 3307 1640 et
3345 1590 3410 1641 ad

1886 1666 2032 1721 Judte
2063 1669 2339 1723 Machabtei
2368 1681 2420 1723 et
2447 1670 2509 1723 ad
2539 1673 2701 1741 ipsius
2728 1673 2906 1740 templi
2938 1674 3295 1729 defensionem
3317 1676 3408 1728 ad-

1884 1758 2094 1811 venisse
2123 1769 2496 1813 memorantur.

1882 1888 2027 1944 CAP.
2070 1889 2151 1942 ΙΙΙ.
2195 1890 2453 1951 Quomodo
2504 1892 2659 1942 ventis
2698 1892 2944 1949 inratione
2998 1894 3227 1956 mutatis,
3270 1904 3403 1946 rates

2114 1958 2134 1987 ⁵
2159 1958 2354 2011 Oceano
2383 1959 2610 2026 delapsus
2638 1962 2878 2011 revocavit
2906 1961 2972 2011 ad
3001 1962 3159 2013 littus.

1954 2068 2034 2121 Ab
2062 2066 2162 2121 hoc
2187 2076 2358 2121 autem
2390 2077 2622 2135 tempore
2637 2068 2851 2122 devotus
2876 2071 3091 2123 Domino
3112 2086 3258 2138 puer,
3279 2071 3409 2124 sicut

1892 2155 2003 2221 ipse
2036 2164 2211 2220 postea
2240 2155 2578 2208 familiaribus
2620 2157 2727 2208 suis
2770 2160 2998 2210 attestari
3028 2158 3239 2221 solebat,
3274 2172 3410 2224 saepe

1887 2242 1937 2295 in
1969 2241 2217 2309 anguSIiis
2246 2255 2303 2295 se
2328 2243 2635 2297 vallantibus
2657 2257 2811 2295 orans
2847 2244 2909 2296 ad
2941 2245 3230 2307 Dominum,
3254 2262 3405 2311 ange-

1886 2330 1982 2382 lica
2013 2330 2561 2396 meruitopitulatione
2610 2332 2851 2395 defendi,
2892 2346 3089 2385 necnon
3117 2335 3271 2386 etiam
3314 2350 3407 2400 pro

1884 2418 1999 2470 aliis
2028 2418 2079 2470 in
2112 2419 2341 2483 periculo
2372 2421 2691 2483 constitutis,
2734 2421 2754 2451 ⁸
2793 2422 2912 2489 quia
2957 2422 3172 2491 benigna
3220 2424 3408 2489 pietate

1883 2508 2215 2575 Supplicabat
2242 2510 2620 2563 exaudiebatur
2646 2510 2711 2563 ab
2739 2511 2831 2563 illo
2851 2512 2933 2577 qui
2954 2512 3259 2565 clamantem
3292 2528 3407 2579 pau-

1884 2610 2058 2662 perem
2085 2596 2329 2649 exaudire
2354 2606 2408 2650 et
2448 2612 2510 2651 ex
2557 2599 2802 2651 omnibus
2850 2599 3267 2653 tribulationibus
3290 2600 3404 2668 ejus

1884 2684 2156 2737 consuevit
2206 2684 2427 2752 eripere.
2486 2686 2576 2739 Est
2616 2687 2839 2755 denique
2892 2690 3259 2741 monasterium
3306 2704 3407 2745 non

1883 2775 2035 2841 longe
2061 2773 2127 2826 ab
2154 2776 2289 2827 ostio
2335 2783 2360 2810 ι
2394 2774 2507 2828 Tini
2537 2775 2762 2828 ﬂuminis
2809 2776 2872 2828 ad
2922 2777 3181 2831 Meridiem
3224 2779 3403 2844 situm,

1884 2872 2003 2917 tunc
2030 2865 2237 2931 quidem
2268 2866 2517 2929 virorum,
2550 2880 2686 2919 nunc
2712 2874 2885 2921 autem
2933 2876 3128 2921 mutato
3175 2878 3229 2921 ut
3270 2872 3405 2923 solet

1883 2968 1976 3019 per
2020 2962 2248 3021 tempora
2273 2969 2444 3021 rerum
2476 2964 2632 3017 statu,
2665 2957 2916 3022 virginum
2942 2956 3145 3011 Christo
3174 2960 3406 3010 servien-

1882 3040 2007 3093 tium
2057 3042 2212 3093 nobili
2244 3042 2489 3095 examine
2517 3042 2735 3107 pollens.
2767 3043 2885 3108 Qui,
2928 3043 3185 3106 videlicet,
3230 3045 3405 3101 famuli

253 3128 401 3183 CAP.
442 3131 502 3185 ll.
546 3131 814 3217 Quomodo.
839 3149 966 3217 genu
1014 3134 1214 3217 dolente
1239 3134 1447 3217 claudus
1466 3133 1670 3201 e/fectus
1692 3137 1776 3202 sit,
1806 3156 1852 3217 ο
1881 3126 2072 3181 Christi
2101 3129 2224 3181 dum
2254 3130 2385 3197 ligna
2414 3128 2712 3184 munasterii
2738 3131 2912 3183 usibus
2936 3142 3074 3200 apta,
3097 3148 3185 3197 per
3208 3148 3405 3187 memo-

594 3210 641 3253 et
670 3202 851 3267 angelo
869 3204 887 3231 ¹
914 3202 1189 3254 medicante
1206 3212 1432 3255 sanatus.

330 3307 519 3360 Verum
546 3308 663 3377 quia
693 3309 830 3361 omni
857 3308 1062 3362 babenti
1098 3310 1304 3362 dabitur
1329 3319 1383 3363 et
1407 3310 1705 3377 abundabit,
1732 3313 1779 3365 id

260 3408 364 3459 est,
414 3397 622 3451 habenti
680 3399 998 3466 propositum
1028 3414 1362 3469 amoremque
1392 3400 1659 3462 virtutum,
1691 3401 1780 3454 ba-

255 3499 371 3535 rum
403 3483 548 3549 c0pia
582 3498 810 3551 superno
834 3500 1048 3538 munere
1066 3486 1365 3549 donabitur,
1388 3489 1628 3553 quoniam
1653 3502 1781 3555 puer

253 3574 457 3626 Domini
485 3574 804 3628 Cudberctus
831 3574 851 3605 ⁸
874 3590 989 3642 qua:
1020 3590 1110 3642 per
1135 3576 1397 3628 hominem
1440 3575 1639 3643 accepit
1662 3578 1780 3628 lior-

256 3673 502 3728 tamenta,
523 3665 705 3716 sedulo
727 3666 885 3717 corde
913 3665 1188 3728 retinebat,
1221 3664 1377 3718 etiam
1408 3666 1638 3731 angelico
1663 3666 1777 3717 visu

252 3759 302 3801 et
333 3751 488 3803 aﬂ'atu
530 3750 813 3804 confortari
866 3755 1169 3817 promeruit.
1200 3752 1326 3804 Nam
1380 3753 1552 3805 subito
1596 3754 1777 3807 dolore

251 3854 386 3906 genu
416 3852 713 3905 correptum
744 3841 877 3892 illius
896 3841 1000 3893 acri
1018 3843 1177 3908 carpit
1202 3850 1402 3895 tumore
1424 3856 1775 3909 grossescere.

251 3929 320 3979 ita
350 3938 406 3979 ut
436 3929 607 3981 nervis
638 3928 686 3980 in
744 3928 936 3995 poplite
978 3931 1257 3982 contractis
1307 3931 1488 3998 pedem
1535 3932 1701 3999 primo
1744 3945 1773 3983 a

253 4026 391 4067 terra
422 4032 734 4083 suspensqu
766 4018 1064 4071 claudicans
1108 4028 1357 4083 p0rtaret,
1387 4020 1575 4074 dehinc
1604 4023 1774 4089 ingra-

254 4111 493 4155 vescente
519 4106 753 4157 molestia
783 4106 923 4156 omni
955 4105 1243 4173 privaretur
1291 4106 1515 4160 incessu.
1545 4110 1642 4174 Qui
1688 4111 1773 4165 die

252 4193 469 4258 quadam
495 4194 796 4261 deportatus
842 4193 979 4247 foras
1008 4208 1037 4247 a
1064 4195 1315 4248 ministris
1343 4205 1497 4264 atque
1525 4198 1622 4249 sub
1648 4199 1771 4253 divo

254 4282 581 4346 recumbens,
616 4282 740 4335 vidit
763 4294 977 4350 repente
1004 4284 1298 4337 venientem
1339 4283 1405 4337 de
1446 4284 1595 4352 longe
1620 4288 1770 4354 equi-

257 4380 355 4421 tem
385 4370 514 4423 albis
544 4369 772 4422 indutum
797 4370 1115 4424 vestimentis
1138 4381 1191 4424 et
1221 4372 1575 4425 honorabilem
1602 4376 1766 4439 vultu,

1886 3217 1983 3269 rati
2013 3218 2216 3270 alveum
2247 3219 2473 3271 ﬂuminis
2503 3220 2567 3271 de
2597 3218 2746 3286 longe
2770 3222 2966 3272 ratibus
2987 3222 3254 3287 veherent,
3274 3224 3404 3290 jam-

1881 3320 1981 3371 que
2001 3320 2030 3358 e
2056 3306 2266 3373 regione
2287 3306 2522 3373 ejusdem
2556 3310 2857 3361 monasterii
2895 3311 3129 3363 vehendo
3151 3311 3170 3339 ⁷
3195 3312 3405 3366 deveni-

1880 3405 2015 3455 reut,
2062 3407 2121 3445 ac
2172 3403 2309 3445 rates
2349 3394 2411 3446 ad
2443 3405 2628 3446 terram
2656 3394 2878 3448 educere
2923 3408 3254 3462 conarentur,
3283 3413 3406 3454 ecce

1879 3482 2051 3533 subito
2108 3490 2292 3535 ventus
2342 3482 2406 3533 ab
2449 3495 2633 3533 occasu
2680 3482 2701 3512 ⁸
2744 3485 3081 3549 tempestivus
3129 3498 3407 3551 assurgens

1877 3568 2106 3633 abripuit
2134 3578 2291 3633 rates,
2322 3577 2475 3636 atque
2495 3570 2561 3621 ab
2583 3570 2716 3621 ostio
2738 3568 2965 3622 ﬂuminis
2994 3571 3199 3625 trahere
3230 3576 3403 3640 erepit.

1876 3660 2021 3724 Quod
2054 3659 2285 3711 videntes
2310 3673 2340 3710 c.
2371 3659 2687 3711 monasterio
2736 3659 2944 3724 fratres,
2976 3662 2995 3692 ’
3019 3660 3219 3714 emissis
3247 3661 3400 3715 ﬂuvio

1876 3748 2128 3801 naviculis
2152 3762 2241 3800 eos
2263 3747 2349 3813 qui
2380 3748 2429 3799 in
2460 3748 2658 3799 ratibus
2688 3747 2987 3801 laborabant
3007 3751 3251 3817 adjuvare
3271 3758 3423 3833 niteo,

1876 3838 2083 3901 bantur,
2114 3838 2203 3890 sed
2236 3837 2283 3887 vi
2316 3836 2543 3889 ﬂuminis
2573 3851 2632 3889 ac
2661 3848 2931 3890 ventorum
2977 3840 3214 3893 violentia
3244 3857 3397 3909 snpe-

1875 3928 1995 3988 rati,
2029 3940 2349 3995 nequaquam
2377 3926 2689 3978 "valebant.
2724 3925 2869 3980 Unde
2893 3927 3019 3981 facta
3043 3928 3401 3996 desperatione

1876 4015 2086 4066 humani
2109 4015 2350 4081 adjutorii
2378 4015 2615 4081 fugerunt
2640 4016 2701 4067 ad
2738 4015 2986 4069 divinum.
3022 4018 3223 4085 Egressi
3256 4037 3400 4075 nam-

1873 4120 1975 4171 que
2000 4105 2066 4157 de
2093 4104 2430 4166 monasterio,
2450 4111 2502 4155 et
2529 4104 2815 4155 labentibus
2837 4105 2886 4156 in
2913 4105 3171 4159 Oceanum
3201 4112 3396 4165 ratibus

1872 4193 2071 4245 collecti
2102 4193 2151 4243 in
2176 4193 2217 4223 ¹¹
2244 4192 2474 4259 proxima
2505 4190 2656 4243 obice
2685 4191 2957 4243 ﬂectebant
2984 4207 3172 4261 genua,
3196 4199 3394 4263 suppli-

1870 4290 2046 4333 cantes
2073 4280 2287 4331 Domino
2306 4294 2396 4346 pro
2424 4278 2505 4330 his
2528 4292 2658 4345 quos
2686 4279 2736 4331 in
2770 4288 2965 4332 tantum
2997 4281 3177 4335 mortis
3206 4284 3394 4338 discri-

1872 4386 1987 4421 men
2013 4368 2331 4436 jamjamque
2372 4367 2569 4420 irruere
2613 4367 2913 4421 cernebant.
2959 4368 3062 4423 Sed
3096 4372 3392 4437 provisione

249 4458 337 4510 sed
366 4467 417 4512 et
441 4474 629 4525 equum
676 4460 698 4490 ‘
740 4460 819 4513 cui
867 4460 1079 4514 sedebat
1125 4461 1510 4528 incomparandi
1540 4463 1765 4517 decoris.
1799 4497 1849 4555 υ
1873 4459 2045 4509 divina
2067 4458 2301 4523 quamvis
2330 4456 2419 4509 diu
2468 4457 2787 4555 precantium
2820 4468 2933 4509 vota
2965 4469 3085 4511 sunt
3112 4459 3289 4525 dilata,
3316 4471 3390 4523 ut.

251 4548 347 4612 Qui
403 4564 518 4601 cum
566 4550 847 4603 adveniens
888 4562 1161 4604 mansueto
1189 4550 1331 4603 illum
1359 4552 1606 4604 salutaret
1638 4553 1767 4604 allo-

247 4636 388 4703 quio,
434 4636 633 4689 addidit
657 4638 802 4705 quasi
832 4651 924 4703 per
967 4639 1139 4703 jocum
1170 4637 1453 4705 inquirere,
1483 4640 1525 4690 si
1550 4640 1758 4705 aliquod

254 4723 339 4774 tali
366 4722 553 4790 hospiti
577 4726 809 4790 praebere
836 4726 989 4777 vellet
1006 4725 1330 4793 obsequium.
1350 4726 1415 4778 At
1440 4726 1528 4779 ille
1553 4743 1565 4777 :
1591 4744 1609 4776 r
1632 4727 1764 4789 Jam,

255 4814 435 4879 inquit,
466 4814 851 4881 promptissime
899 4828 1142 4880 cuperem
1192 4814 1293 4866 tuis
1337 4823 1509 4867 astare
1554 4815 1770 4868 devotus

247 4901 524 4969 obsequiis,
552 4902 594 4957 si
619 4918 743 4969 non,
760 4904 1084 4970 exigentibus
1109 4903 1297 4969 culpis,
1323 4901 1475 4969 bujus
1506 4903 1767 4972 languoris

1873 4546 2136 4609 videlicet,
2166 4554 2355 4611 quanta
2380 4552 2522 4597 esset
2549 4546 2599 4598 in
2628 4542 2919 4597 Cudbercto
2951 4547 3111 4600 virtus
3150 4550 3389 4613 precandi

1871 4641 2181 4701 patesceret.
2208 4632 2391 4685 Stabat
2412 4632 2549 4685 enim
2574 4632 2623 4684 in
2648 4634 2805 4686 altera
2831 4634 2999 4685 amnis
3024 4633 3131 4700 ripa
3163 4637 3391 4703 vulgaris

1869 4724 2013 4775 turba
2039 4738 2140 4774 non
2191 4723 2414 4789 modica,
2448 4724 2497 4775 itt
2527 4737 2628 4789 qua
2656 4723 2824 4776 stabat
2851 4731 2901 4775 et
2944 4724 3073 4791 ipse.
3120 4725 3243 4792 Quae
3270 4742 3385 4781 cum

1869 4814 2256 4875 aspectantibus
2298 4829 2412 4866 cum
2462 4813 2665 4865 tristitia
2711 4812 2978 4868 monachis
3020 4826 3188 4883 raptas
3234 4830 3389 4882 porro

1870 4919 1965 4971 per
1991 4921 2132 4958 mare
2153 4914 2390 4957 cerneret
2413 4914 2571 4966 rates,
2603 4903 2733 4957 adeo
2762 4914 2816 4957 ttt
2840 4906 2985 4974 quasi
3015 4904 3237 4975 quinque
3260 4922 3389 4963 aves

1161 5013 1621 5071 VULGATORUM
1663 5016 2039 5071 VARIAN'I‘ES
2078 5017 2457 5071 LECTIONES.

315 5108 328 5136 '
360 5103 699 5159 Insim'entiam
735 5120 837 5158 ore.

313 5175 333 5204 ’
364 5173 639 5227 Medieante
655 5173 761 5224 sine
785 5190 920 5227 mora
947 5181 1170 5229 sanatus.

312 5243 331 5272 ³
363 5244 458 5307 Qui
483 5258 569 5309 per
594 5240 858 5295 hominem.

311 5310 331 5340 ’⁵
359 5312 449 5363 Cui
468 5310 730 5362 insidebat.

310 5379 330 5410 ⁸
360 5380 432 5431 De
455 5378 652 5431 Oceano
674 5386 723 5429 in
748 5377 1014 5431 Oceanum.

310 5448 331 5479 ‘
364 5448 471 5514 Qua
494 5449 721 5515 benigna.

1929 5110 1949 5138 "
1989 5110 2296 5161 Advenirent.

1928 5179 1950 5209 ⁸
1988 5176 2378 5244 Ιηινννηρεδιὶυιη.

1927 5248 1947 5278 9
1990 5244 2193 5297 [inlinis
2215 5248 2263 5297 in
2286 5246 2510 5313 ﬂuvium.

1931 5316 1973 5345 ¹⁰
2018 5313 2273 5365 Velabant.

1931 5380 1970 5414 ἰ
2012 5380 2251 5435 Proxima
2286 5383 2440 5434 abire.

1533 5532 1874 5590 VARIORUM
1913 5532 2129 5586 NOT/E.

310 5636 333 5664 ι
368 5626 503 5680 ἰ’ἱοιὶ.
550 5629 641 5681 llic
692 5627 1057 5694 intelligendus
1084 5624 1244 5679 Tinus
1272 5624 1533 5678 hodiernae
1560 5626 1752 5679 Scotite

238 5701 291 5755 iu
330 5699 587 5766 provincia
618 5698 893 5751 Laudonizc
940 5694 1125 5761 amnis,
1156 5695 1218 5747 ad
1246 5708 1399 5764 quem
1442 5698 1597 5749 situm
1640 5709 1757 5754 erat

1855 5623 2059 5677 celebre
2089 5624 2453 5675 monasterium
2486 5622 2753 5679 Tinieliam
2780 5634 2791 5667 :
2820 5633 2919 5672 non
2950 5631 3072 5675 vero
3097 5621 3221 5677 Tim
3276 5624 3378 5678 bo.

1855 5693 2046 5748 diei-ua)
2071 5691 2449 5745 Nortltumbrite
2481 5692 2683 5744 ﬂuvius.
2715 5687 2900 5740 Sinni.
