  <div class='ocr_page' id='page_1' title='image "/cluster/home/n/w/nwhite01/storage/ocr_20150623/94/uva.x000827077/377.png"; bbox 0 0 3862 6364; ppageno 0'>
   <div class='ocr_carea' id='block_1_1' title="bbox 456 334 554 449">
    <p class='ocr_par' dir='ltr' id='par_1_1' title="bbox 456 334 554 449">
     <span class='ocr_line' id='line_1_1' title="bbox 456 334 554 449; baseline 0.041 -4"><span class='ocrx_word' id='word_1_1' title='bbox 456 334 554 449; x_wconf 54' lang='lat' dir='ltr'><strong>is;</strong></span> 
     </span>
    </p>
   </div>
   <div class='ocr_carea' id='block_1_2' title="bbox 1161 388 2845 445">
    <p class='ocr_par' dir='ltr' id='par_1_2' title="bbox 1161 388 2845 445">
     <span class='ocr_line' id='line_1_2' title="bbox 1161 388 2845 445; baseline -0.001 0"><span class='ocrx_word' id='word_1_2' title='bbox 1161 392 1353 445; x_wconf 65' lang='lat' dir='ltr'><strong>REDIE</strong></span> <span class='ocrx_word' id='word_1_3' title='bbox 1396 390 1827 445; x_wconf 75' lang='lat' dir='ltr'><strong>\‘ENERABILIS</strong></span> <span class='ocrx_word' id='word_1_4' title='bbox 1861 389 2004 444; x_wconf 85' lang='lat' dir='ltr'><strong>OPP.</strong></span> <span class='ocrx_word' id='word_1_5' title='bbox 2046 388 2214 442; x_wconf 78' lang='lat' dir='ltr'><strong>PARS</strong></span> <span class='ocrx_word' id='word_1_6' title='bbox 2252 388 2336 443; x_wconf 80' lang='lat' dir='ltr'><strong>IV.</strong></span> <span class='ocrx_word' id='word_1_7' title='bbox 2375 418 2443 429; x_wconf 89' lang='lat'><strong>-—</strong></span> <span class='ocrx_word' id='word_1_8' title='bbox 2479 389 2845 444; x_wconf 84' lang='lat' dir='ltr'><strong>HISTORICA.</strong></span> 
     </span>
    </p>
   </div>
   <div class='ocr_carea' id='block_1_3' title="bbox 3276 0 3789 285">
    <p class='ocr_par' dir='ltr' id='par_1_3' title="bbox 3276 0 3789 285">
     <span class='ocr_line' id='line_1_3' title="bbox 3276 0 3789 285; baseline 0 -256"><span class='ocrx_word' id='word_1_9' title='bbox 3317 0 3789 285; x_wconf 10' lang='lat' dir='ltr'><strong>ira,</strong></span> 
     </span>
    </p>
   </div>
   <div class='ocr_carea' id='block_1_4' title="bbox 3497 383 3601 434">
    <p class='ocr_par' dir='ltr' id='par_1_4' title="bbox 3497 383 3601 434">
     <span class='ocr_line' id='line_1_4' title="bbox 3497 383 3601 434; baseline -0.019 0"><span class='ocrx_word' id='word_1_10' title='bbox 3497 383 3601 434; x_wconf 64' lang='lat'><strong>750</strong></span> 
     </span>
    </p>
   </div>
   <div class='ocr_carea' id='block_1_5' title="bbox 456 497 3594 570">
    <p class='ocr_par' dir='ltr' id='par_1_5' title="bbox 456 497 3594 570">
     <span class='ocr_line' id='line_1_5' title="bbox 456 497 3594 570; baseline -0.002 -15"><span class='ocrx_word' id='word_1_11' title='bbox 456 503 705 570; x_wconf 75' lang='lat' dir='ltr'><strong>parvulae,</strong></span> <span class='ocrx_word' id='word_1_12' title='bbox 737 502 753 533; x_wconf 85' lang='grc'>¹</span> <span class='ocrx_word' id='word_1_13' title='bbox 776 502 997 570; x_wconf 90' lang='lat' dir='ltr'><strong>quinque</strong></span> <span class='ocrx_word' id='word_1_14' title='bbox 1024 503 1159 555; x_wconf 91' lang='lat' dir='ltr'><strong>enim</strong></span> <span class='ocrx_word' id='word_1_15' title='bbox 1183 514 1318 557; x_wconf 88' lang='lat' dir='ltr'><strong>rates</strong></span> <span class='ocrx_word' id='word_1_16' title='bbox 1369 506 1516 557; x_wconf 86' lang='lat' dir='ltr'><strong>undis</strong></span> <span class='ocrx_word' id='word_1_17' title='bbox 1559 504 1843 557; x_wconf 76' lang='lat' dir='ltr'><strong>insidentes</strong></span> <span class='ocrx_word' id='word_1_18' title='bbox 1875 517 1966 569; x_wconf 91' lang='lat' dir='ltr'><strong>ap-</strong></span> <span class='ocrx_word' id='word_1_19' title='bbox 1996 502 2044 559; x_wconf 77' lang='grc' dir='ltr'><strong>Α</strong></span> <span class='ocrx_word' id='word_1_20' title='bbox 2071 515 2285 567; x_wconf 89' lang='lat' dir='ltr'><strong>rumque</strong></span> <span class='ocrx_word' id='word_1_21' title='bbox 2328 501 2554 555; x_wconf 78' lang='lat' dir='ltr'><strong>referens</strong></span> <span class='ocrx_word' id='word_1_22' title='bbox 2587 502 2838 564; x_wconf 77' lang='lat' dir='ltr'><strong>actiones,</strong></span> <span class='ocrx_word' id='word_1_23' title='bbox 2870 499 2961 552; x_wconf 86' lang='lat' dir='ltr'><strong>sed</strong></span> <span class='ocrx_word' id='word_1_24' title='bbox 2998 508 3054 551; x_wconf 90' lang='lat' dir='ltr'><strong>et</strong></span> <span class='ocrx_word' id='word_1_25' title='bbox 3078 498 3253 551; x_wconf 88' lang='lat' dir='ltr'><strong>socios</strong></span> <span class='ocrx_word' id='word_1_26' title='bbox 3280 497 3344 550; x_wconf 88' lang='lat' dir='ltr'><strong>ad</strong></span> <span class='ocrx_word' id='word_1_27' title='bbox 3376 497 3594 551; x_wconf 82' lang='lat' dir='ltr'><strong>laudan-</strong></span> 
     </span>
    </p>
   </div>
   <div class='ocr_carea' id='block_1_6' title="bbox 458 590 1968 657">
    <p class='ocr_par' dir='ltr' id='par_1_6' title="bbox 458 590 1968 657">
     <span class='ocr_line' id='line_1_6' title="bbox 458 590 1968 657; baseline -0.001 -15"><span class='ocrx_word' id='word_1_28' title='bbox 458 599 717 657; x_wconf 87' lang='lat' dir='ltr'><strong>parerent,</strong></span> <span class='ocrx_word' id='word_1_29' title='bbox 742 592 893 655; x_wconf 65' lang='lat' dir='ltr'><strong>erepit</strong></span> <span class='ocrx_word' id='word_1_30' title='bbox 912 590 1127 645; x_wconf 85' lang='lat' dir='ltr'><strong>irridere</strong></span> <span class='ocrx_word' id='word_1_31' title='bbox 1149 593 1303 644; x_wconf 89' lang='lat' dir='ltr'><strong>vitam</strong></span> <span class='ocrx_word' id='word_1_32' title='bbox 1334 593 1742 646; x_wconf 75' lang='lat' dir='ltr'><strong>conversationis</strong></span> <span class='ocrx_word' id='word_1_33' title='bbox 1767 606 1968 655; x_wconf 89' lang='lat' dir='ltr'><strong>eorum,</strong></span> 
     </span>
    </p>
   </div>
   <div class='ocr_carea' id='block_1_7' title="bbox 456 678 1973 746">
    <p class='ocr_par' dir='ltr' id='par_1_7' title="bbox 456 678 1973 746">
     <span class='ocr_line' id='line_1_7' title="bbox 456 678 1973 746; baseline 0.002 -17"><span class='ocrx_word' id='word_1_34' title='bbox 456 679 601 745; x_wconf 89' lang='lat' dir='ltr'><strong>quasi</strong></span> <span class='ocrx_word' id='word_1_35' title='bbox 633 678 817 731; x_wconf 91' lang='lat' dir='ltr'><strong>merito</strong></span> <span class='ocrx_word' id='word_1_36' title='bbox 846 679 967 731; x_wconf 90' lang='lat' dir='ltr'><strong>talia</strong></span> <span class='ocrx_word' id='word_1_37' title='bbox 1000 690 1321 745; x_wconf 84' lang='lat' dir='ltr'><strong>paterentur,</strong></span> <span class='ocrx_word' id='word_1_38' title='bbox 1345 682 1431 746; x_wconf 94' lang='lat' dir='ltr'><strong>qui</strong></span> <span class='ocrx_word' id='word_1_39' title='bbox 1457 683 1752 735; x_wconf 91' lang='lat' dir='ltr'><strong>communia</strong></span> <span class='ocrx_word' id='word_1_40' title='bbox 1783 689 1973 732; x_wconf 87' lang='lat' dir='ltr'><strong>morta-</strong></span> 
     </span>
    </p>
   </div>
   <div class='ocr_carea' id='block_1_8' title="bbox 457 764 1969 837">
    <p class='ocr_par' dir='ltr' id='par_1_8' title="bbox 457 764 1969 837">
     <span class='ocr_line' id='line_1_8' title="bbox 457 764 1969 837; baseline 0.002 -20"><span class='ocrx_word' id='word_1_41' title='bbox 457 765 579 817; x_wconf 90' lang='lat' dir='ltr'><strong>lium</strong></span> <span class='ocrx_word' id='word_1_42' title='bbox 607 764 718 833; x_wconf 86' lang='lat' dir='ltr'><strong>jura</strong></span> <span class='ocrx_word' id='word_1_43' title='bbox 750 777 1075 832; x_wconf 73' lang='lat' dir='ltr'><strong>spernentes,</strong></span> <span class='ocrx_word' id='word_1_44' title='bbox 1116 783 1247 820; x_wconf 84' lang='lat' dir='ltr'><strong>nova</strong></span> <span class='ocrx_word' id='word_1_45' title='bbox 1274 779 1326 822; x_wconf 89' lang='lat' dir='ltr'><strong>et</strong></span> <span class='ocrx_word' id='word_1_46' title='bbox 1357 768 1529 837; x_wconf 87' lang='lat' dir='ltr'><strong>ignota</strong></span> <span class='ocrx_word' id='word_1_47' title='bbox 1572 770 1756 820; x_wconf 86' lang='lat' dir='ltr'><strong>darent</strong></span> <span class='ocrx_word' id='word_1_48' title='bbox 1782 776 1969 821; x_wconf 86' lang='lat' dir='ltr'><strong>statuta</strong></span> 
     </span>
    </p>
   </div>
   <div class='ocr_carea' id='block_1_9' title="bbox 458 854 1966 922">
    <p class='ocr_par' dir='ltr' id='par_1_9' title="bbox 458 854 1966 922">
     <span class='ocr_line' id='line_1_9' title="bbox 458 854 1966 922; baseline 0.004 -19"><span class='ocrx_word' id='word_1_49' title='bbox 458 854 681 907; x_wconf 79' lang='lat' dir='ltr'><strong>vivendi.</strong></span> <span class='ocrx_word' id='word_1_50' title='bbox 708 855 979 908; x_wconf 88' lang='lat' dir='ltr'><strong>Prohibuit</strong></span> <span class='ocrx_word' id='word_1_51' title='bbox 1003 856 1329 910; x_wconf 89' lang='lat' dir='ltr'><strong>Cudberctus</strong></span> <span class='ocrx_word' id='word_1_52' title='bbox 1358 858 1542 922; x_wconf 89' lang='lat' dir='ltr'><strong>probra</strong></span> <span class='ocrx_word' id='word_1_53' title='bbox 1574 857 1918 911; x_wconf 90' lang='lat' dir='ltr'><strong>deridentium</strong></span> <span class='ocrx_word' id='word_1_54' title='bbox 1954 875 1966 908; x_wconf 88' lang='lat'>:</span> 
     </span>
    </p>
   </div>
   <div class='ocr_carea' id='block_1_10' title="bbox 461 940 1970 1011">
    <p class='ocr_par' dir='ltr' id='par_1_10' title="bbox 461 940 1970 1011">
     <span class='ocr_line' id='line_1_10' title="bbox 461 940 1970 1011; baseline 0.005 -20"><span class='ocrx_word' id='word_1_55' title='bbox 461 959 479 991; x_wconf 71' lang='grc' dir='ltr'><strong><em>ι</em></strong></span> <span class='ocrx_word' id='word_1_56' title='bbox 507 940 637 1007; x_wconf 82' lang='lat' dir='ltr'><strong>Quid</strong></span> <span class='ocrx_word' id='word_1_57' title='bbox 685 945 856 1011; x_wconf 85' lang='lat' dir='ltr'><strong>agitis,</strong></span> <span class='ocrx_word' id='word_1_58' title='bbox 913 944 1174 1011; x_wconf 85' lang='lat' dir='ltr'><strong>inquiens,</strong></span> <span class='ocrx_word' id='word_1_59' title='bbox 1224 943 1428 1007; x_wconf 79' lang='lat' dir='ltr'><strong>fratres,</strong></span> <span class='ocrx_word' id='word_1_60' title='bbox 1475 945 1844 999; x_wconf 83' lang='lat' dir='ltr'><strong>maledicentes</strong></span> <span class='ocrx_word' id='word_1_61' title='bbox 1890 945 1970 998; x_wconf 85' lang='lat' dir='ltr'><strong>his</strong></span> 
     </span>
    </p>
   </div>
   <div class='ocr_carea' id='block_1_11' title="bbox 454 1030 1973 1098">
    <p class='ocr_par' dir='ltr' id='par_1_11' title="bbox 454 1030 1973 1098">
     <span class='ocr_line' id='line_1_11' title="bbox 454 1030 1973 1098; baseline 0.003 -18"><span class='ocrx_word' id='word_1_62' title='bbox 454 1043 583 1091; x_wconf 89' lang='lat' dir='ltr'><strong>quos</strong></span> <span class='ocrx_word' id='word_1_63' title='bbox 611 1032 661 1081; x_wconf 94' lang='lat' dir='ltr'><strong>in</strong></span> <span class='ocrx_word' id='word_1_64' title='bbox 690 1030 1004 1098; x_wconf 87' lang='lat' dir='ltr'><strong>lethnmjam</strong></span> <span class='ocrx_word' id='word_1_65' title='bbox 1039 1032 1168 1083; x_wconf 83' lang='lat' dir='ltr'><strong>trahi</strong></span> <span class='ocrx_word' id='word_1_66' title='bbox 1193 1031 1414 1085; x_wconf 80' lang='lat' dir='ltr'><strong>videtis?</strong></span> <span class='ocrx_word' id='word_1_67' title='bbox 1441 1046 1611 1083; x_wconf 87' lang='lat' dir='ltr'><strong>nonne</strong></span> <span class='ocrx_word' id='word_1_68' title='bbox 1632 1031 1814 1083; x_wconf 86' lang='lat' dir='ltr'><strong>melius</strong></span> <span class='ocrx_word' id='word_1_69' title='bbox 1834 1042 1973 1084; x_wconf 84' lang='lat' dir='ltr'><strong>esset</strong></span> 
     </span>
    </p>
   </div>
   <div class='ocr_carea' id='block_1_12' title="bbox 454 1112 1970 1185">
    <p class='ocr_par' dir='ltr' id='par_1_12' title="bbox 454 1112 1970 1185">
     <span class='ocr_line' id='line_1_12' title="bbox 454 1112 1970 1185; baseline 0.003 -17"><span class='ocrx_word' id='word_1_70' title='bbox 454 1125 508 1168; x_wconf 91' lang='lat' dir='ltr'><strong>et</strong></span> <span class='ocrx_word' id='word_1_71' title='bbox 535 1116 803 1170; x_wconf 85' lang='lat' dir='ltr'><strong>humanius</strong></span> <span class='ocrx_word' id='word_1_72' title='bbox 853 1118 1121 1171; x_wconf 90' lang='lat' dir='ltr'><strong>Dominum</strong></span> <span class='ocrx_word' id='word_1_73' title='bbox 1170 1134 1260 1183; x_wconf 84' lang='lat' dir='ltr'><strong>pro</strong></span> <span class='ocrx_word' id='word_1_74' title='bbox 1310 1133 1489 1172; x_wconf 83' lang='lat' dir='ltr'><strong>eorum</strong></span> <span class='ocrx_word' id='word_1_75' title='bbox 1533 1112 1695 1171; x_wconf 89' lang='lat' dir='ltr'><strong>salute</strong></span> <span class='ocrx_word' id='word_1_76' title='bbox 1722 1121 1741 1150; x_wconf 79' lang='lat'><strong>’</strong></span> <span class='ocrx_word' id='word_1_77' title='bbox 1772 1113 1970 1185; x_wconf 83' lang='lat' dir='ltr'><strong>precari</strong></span> 
     </span>
    </p>
   </div>
   <div class='ocr_carea' id='block_1_13' title="bbox 454 1207 1970 1274">
    <p class='ocr_par' dir='ltr' id='par_1_13' title="bbox 454 1207 1970 1274">
     <span class='ocr_line' id='line_1_13' title="bbox 454 1207 1970 1274; baseline 0.004 -19"><span class='ocrx_word' id='word_1_78' title='bbox 454 1218 606 1269; x_wconf 89' lang='lat' dir='ltr'><strong>quam</strong></span> <span class='ocrx_word' id='word_1_79' title='bbox 637 1207 701 1258; x_wconf 89' lang='lat' dir='ltr'><strong>de</strong></span> <span class='ocrx_word' id='word_1_80' title='bbox 724 1207 929 1259; x_wconf 89' lang='lat' dir='ltr'><strong>illorum</strong></span> <span class='ocrx_word' id='word_1_81' title='bbox 960 1209 1187 1274; x_wconf 87' lang='lat' dir='ltr'><strong>gaudere</strong></span> <span class='ocrx_word' id='word_1_82' title='bbox 1213 1208 1489 1273; x_wconf 80' lang='lat' dir='ltr'><strong>periculis?</strong></span> <span class='ocrx_word' id='word_1_83' title='bbox 1527 1227 1545 1258; x_wconf 74' lang='grc' dir='ltr'>ι</span> <span class='ocrx_word' id='word_1_84' title='bbox 1574 1210 1639 1261; x_wconf 83' lang='lat' dir='ltr'><strong>At</strong></span> <span class='ocrx_word' id='word_1_85' title='bbox 1662 1210 1733 1261; x_wconf 89' lang='lat' dir='ltr'><strong>illi</strong></span> <span class='ocrx_word' id='word_1_86' title='bbox 1758 1210 1970 1271; x_wconf 88' lang='lat' dir='ltr'><strong>rustico,</strong></span> 
     </span>
    </p>
   </div>
   <div class='ocr_carea' id='block_1_14' title="bbox 455 1293 1974 1348">
    <p class='ocr_par' dir='ltr' id='par_1_14' title="bbox 455 1293 1974 1348">
     <span class='ocr_line' id='line_1_14' title="bbox 455 1293 1974 1348; baseline 0.003 -7"><span class='ocrx_word' id='word_1_87' title='bbox 455 1301 506 1341; x_wconf 90' lang='lat' dir='ltr'><strong>et</strong></span> <span class='ocrx_word' id='word_1_88' title='bbox 535 1293 708 1344; x_wconf 88' lang='lat' dir='ltr'><strong>animo</strong></span> <span class='ocrx_word' id='word_1_89' title='bbox 736 1305 787 1345; x_wconf 93' lang='lat' dir='ltr'><strong>et</strong></span> <span class='ocrx_word' id='word_1_90' title='bbox 807 1308 898 1346; x_wconf 90' lang='lat' dir='ltr'><strong>ore</strong></span> <span class='ocrx_word' id='word_1_91' title='bbox 928 1297 1311 1348; x_wconf 79' lang='lat' dir='ltr'><strong>stomachantes</strong></span> <span class='ocrx_word' id='word_1_92' title='bbox 1342 1295 1589 1347; x_wconf 88' lang='lat' dir='ltr'><strong>adversus</strong></span> <span class='ocrx_word' id='word_1_93' title='bbox 1617 1311 1768 1348; x_wconf 90' lang='lat' dir='ltr'><strong>eum:</strong></span> <span class='ocrx_word' id='word_1_94' title='bbox 1799 1313 1817 1345; x_wconf 74' lang='grc' dir='ltr'>ι</span> <span class='ocrx_word' id='word_1_95' title='bbox 1850 1295 1974 1347; x_wconf 81' lang='lat' dir='ltr'><strong>Nul-</strong></span> 
     </span>
    </p>
   </div>
   <div class='ocr_carea' id='block_1_15' title="bbox 460 1378 1970 1454">
    <p class='ocr_par' dir='ltr' id='par_1_15' title="bbox 460 1378 1970 1454">
     <span class='ocr_line' id='line_1_15' title="bbox 460 1378 1970 1454; baseline 0.004 -25"><span class='ocrx_word' id='word_1_96' title='bbox 460 1378 562 1443; x_wconf 88' lang='lat' dir='ltr'><strong>lus,</strong></span> <span class='ocrx_word' id='word_1_97' title='bbox 584 1379 837 1446; x_wconf 91' lang='lat' dir='ltr'><strong>inquiunt,</strong></span> <span class='ocrx_word' id='word_1_98' title='bbox 860 1380 1125 1433; x_wconf 83' lang='lat' dir='ltr'><strong>hominum</strong></span> <span class='ocrx_word' id='word_1_99' title='bbox 1159 1398 1251 1448; x_wconf 85' lang='lat' dir='ltr'><strong>pro</strong></span> <span class='ocrx_word' id='word_1_100' title='bbox 1280 1384 1355 1435; x_wconf 88' lang='lat' dir='ltr'><strong>eis</strong></span> <span class='ocrx_word' id='word_1_101' title='bbox 1385 1390 1549 1448; x_wconf 76' lang='lat' dir='ltr'><strong>roget,</strong></span> <span class='ocrx_word' id='word_1_102' title='bbox 1576 1383 1766 1435; x_wconf 89' lang='lat' dir='ltr'><strong>nullius</strong></span> <span class='ocrx_word' id='word_1_103' title='bbox 1793 1398 1970 1454; x_wconf 88' lang='lat' dir='ltr'><strong>eorum</strong></span> 
     </span>
    </p>
   </div>
   <div class='ocr_carea' id='block_1_16' title="bbox 453 1465 1973 1535">
    <p class='ocr_par' dir='ltr' id='par_1_16' title="bbox 453 1465 1973 1535">
     <span class='ocr_line' id='line_1_16' title="bbox 453 1465 1973 1535; baseline 0.005 -19"><span class='ocrx_word' id='word_1_104' title='bbox 453 1465 758 1520; x_wconf 85' lang='lat' dir='ltr'><strong>misereatur</strong></span> <span class='ocrx_word' id='word_1_105' title='bbox 791 1469 943 1532; x_wconf 90' lang='lat' dir='ltr'><strong>Deus,</strong></span> <span class='ocrx_word' id='word_1_106' title='bbox 972 1478 1024 1521; x_wconf 90' lang='lat' dir='ltr'><strong>et</strong></span> <span class='ocrx_word' id='word_1_107' title='bbox 1051 1472 1134 1535; x_wconf 91' lang='lat' dir='ltr'><strong>qui</strong></span> <span class='ocrx_word' id='word_1_108' title='bbox 1159 1480 1361 1525; x_wconf 86' lang='lat' dir='ltr'><strong>veteres</strong></span> <span class='ocrx_word' id='word_1_109' title='bbox 1404 1472 1632 1525; x_wconf 89' lang='lat' dir='ltr'><strong>culturas</strong></span> <span class='ocrx_word' id='word_1_110' title='bbox 1673 1471 1973 1524; x_wconf 91' lang='lat' dir='ltr'><strong>hominibus</strong></span> 
     </span>
    </p>
   </div>
   <div class='ocr_carea' id='block_1_17' title="bbox 454 1554 1975 1624">
    <p class='ocr_par' dir='ltr' id='par_1_17' title="bbox 454 1554 1975 1624">
     <span class='ocr_line' id='line_1_17' title="bbox 454 1554 1975 1624; baseline 0.006 -21"><span class='ocrx_word' id='word_1_111' title='bbox 454 1554 639 1619; x_wconf 82' lang='lat' dir='ltr'><strong>tulere,</strong></span> <span class='ocrx_word' id='word_1_112' title='bbox 690 1564 780 1607; x_wconf 64' lang='lat' dir='ltr'><strong>et!</strong></span> <span class='ocrx_word' id='word_1_113' title='bbox 810 1568 952 1609; x_wconf 74' lang='lat' dir='ltr'><strong>novae</strong></span> <span class='ocrx_word' id='word_1_114' title='bbox 979 1558 1198 1624; x_wconf 87' lang='lat' dir='ltr'><strong>qualiter</strong></span> <span class='ocrx_word' id='word_1_115' title='bbox 1238 1558 1505 1611; x_wconf 84' lang='lat' dir='ltr'><strong>observari</strong></span> <span class='ocrx_word' id='word_1_116' title='bbox 1553 1558 1773 1611; x_wconf 85' lang='lat' dir='ltr'><strong>debeant</strong></span> <span class='ocrx_word' id='word_1_117' title='bbox 1824 1574 1975 1612; x_wconf 94' lang='lat' dir='ltr'><strong>nemo</strong></span> 
     </span>
    </p>
   </div>
   <div class='ocr_carea' id='block_1_18' title="bbox 453 1642 1975 1712">
    <p class='ocr_par' dir='ltr' id='par_1_18' title="bbox 453 1642 1975 1712">
     <span class='ocr_line' id='line_1_18' title="bbox 453 1642 1975 1712; baseline 0.004 -20"><span class='ocrx_word' id='word_1_118' title='bbox 453 1643 615 1695; x_wconf 86' lang='lat' dir='ltr'><strong>novit.</strong></span> <span class='ocrx_word' id='word_1_119' title='bbox 652 1659 671 1692; x_wconf 81' lang='grc'><strong>›</strong></span> <span class='ocrx_word' id='word_1_120' title='bbox 697 1642 808 1708; x_wconf 80' lang='lat' dir='ltr'><strong>Quo</strong></span> <span class='ocrx_word' id='word_1_121' title='bbox 830 1656 1041 1710; x_wconf 81' lang='lat' dir='ltr'><strong>accepto</strong></span> <span class='ocrx_word' id='word_1_122' title='bbox 1063 1660 1336 1712; x_wconf 85' lang='lat' dir='ltr'><strong>responso,</strong></span> <span class='ocrx_word' id='word_1_123' title='bbox 1374 1646 1483 1711; x_wconf 88' lang='lat' dir='ltr'><strong>ipse</strong></span> <span class='ocrx_word' id='word_1_124' title='bbox 1511 1656 1753 1699; x_wconf 89' lang='lat' dir='ltr'><strong>oraturus</strong></span> <span class='ocrx_word' id='word_1_125' title='bbox 1801 1646 1975 1699; x_wconf 87' lang='lat' dir='ltr'><strong>Domi-</strong></span> 
     </span>
    </p>
   </div>
   <div class='ocr_carea' id='block_1_19' title="bbox 454 1730 1978 1798">
    <p class='ocr_par' dir='ltr' id='par_1_19' title="bbox 454 1730 1978 1798">
     <span class='ocr_line' id='line_1_19' title="bbox 454 1730 1978 1798; baseline 0.006 -19"><span class='ocrx_word' id='word_1_126' title='bbox 454 1743 575 1780; x_wconf 90' lang='lat' dir='ltr'><strong>num</strong></span> <span class='ocrx_word' id='word_1_127' title='bbox 600 1744 764 1795; x_wconf 80' lang='lat' dir='ltr'><strong>genua</strong></span> <span class='ocrx_word' id='word_1_128' title='bbox 790 1730 952 1793; x_wconf 78' lang='lat' dir='ltr'><strong>flexit,</strong></span> <span class='ocrx_word' id='word_1_129' title='bbox 975 1742 1128 1797; x_wconf 88' lang='lat' dir='ltr'><strong>caput</strong></span> <span class='ocrx_word' id='word_1_130' title='bbox 1150 1734 1198 1785; x_wconf 93' lang='lat' dir='ltr'><strong>in</strong></span> <span class='ocrx_word' id='word_1_131' title='bbox 1231 1744 1422 1786; x_wconf 90' lang='lat' dir='ltr'><strong>terram</strong></span> <span class='ocrx_word' id='word_1_132' title='bbox 1454 1735 1752 1798; x_wconf 85' lang='lat' dir='ltr'><strong>declinavit,</strong></span> <span class='ocrx_word' id='word_1_133' title='bbox 1775 1736 1978 1788; x_wconf 76' lang='lat' dir='ltr'><strong>statim-</strong></span> 
     </span>
    </p>
   </div>
   <div class='ocr_carea' id='block_1_20' title="bbox 2071 586 3596 651">
    <p class='ocr_par' dir='ltr' id='par_1_20' title="bbox 2071 586 3596 651">
     <span class='ocr_line' id='line_1_20' title="bbox 2071 586 3596 651; baseline -0.003 -10"><span class='ocrx_word' id='word_1_134' title='bbox 2071 589 2190 641; x_wconf 89' lang='lat' dir='ltr'><strong>dum</strong></span> <span class='ocrx_word' id='word_1_135' title='bbox 2246 588 2516 641; x_wconf 89' lang='lat' dir='ltr'><strong>Dominum</strong></span> <span class='ocrx_word' id='word_1_136' title='bbox 2560 589 2783 640; x_wconf 90' lang='lat' dir='ltr'><strong>fraterna</strong></span> <span class='ocrx_word' id='word_1_137' title='bbox 2842 586 3203 640; x_wconf 81' lang='lat' dir='ltr'><strong>exhortatione</strong></span> <span class='ocrx_word' id='word_1_138' title='bbox 3264 599 3596 651; x_wconf 75' lang='lat' dir='ltr'><strong>provocans:</strong></span> 
     </span>
    </p>
   </div>
   <div class='ocr_carea' id='block_1_21' title="bbox 2075 670 3596 743">
    <p class='ocr_par' dir='ltr' id='par_1_21' title="bbox 2075 670 3596 743">
     <span class='ocr_line' id='line_1_21' title="bbox 2075 670 3596 743; baseline -0.004 -18"><span class='ocrx_word' id='word_1_139' title='bbox 2075 692 2094 725; x_wconf 68' lang='grc' dir='ltr'>ι</span> <span class='ocrx_word' id='word_1_140' title='bbox 2133 675 2259 739; x_wconf 90' lang='lat' dir='ltr'><strong>Heu,</strong></span> <span class='ocrx_word' id='word_1_141' title='bbox 2294 675 2485 736; x_wconf 83' lang='lat' dir='ltr'><strong>miseri,</strong></span> <span class='ocrx_word' id='word_1_142' title='bbox 2518 677 2701 743; x_wconf 82' lang='lat' dir='ltr'><strong>inquit,</strong></span> <span class='ocrx_word' id='word_1_143' title='bbox 2732 674 2818 740; x_wconf 88' lang='lat' dir='ltr'><strong>qui</strong></span> <span class='ocrx_word' id='word_1_144' title='bbox 2859 688 3039 726; x_wconf 84' lang='lat' dir='ltr'><strong>somno</strong></span> <span class='ocrx_word' id='word_1_145' title='bbox 3068 682 3121 725; x_wconf 89' lang='lat' dir='ltr'><strong>et</strong></span> <span class='ocrx_word' id='word_1_146' title='bbox 3157 672 3359 727; x_wconf 72' lang='lat' dir='ltr'><strong>inertiae</strong></span> <span class='ocrx_word' id='word_1_147' title='bbox 3406 670 3596 735; x_wconf 83' lang='lat' dir='ltr'><strong>dediti,</strong></span> 
     </span>
    </p>
   </div>
   <div class='ocr_carea' id='block_1_22' title="bbox 2070 757 3602 827">
    <p class='ocr_par' dir='ltr' id='par_1_22' title="bbox 2070 757 3602 827">
     <span class='ocr_line' id='line_1_22' title="bbox 2070 757 3602 827; baseline -0.004 -15"><span class='ocrx_word' id='word_1_148' title='bbox 2070 758 2169 813; x_wconf 86' lang='lat' dir='ltr'><strong>non</strong></span> <span class='ocrx_word' id='word_1_149' title='bbox 2196 776 2455 814; x_wconf 90' lang='lat' dir='ltr'><strong>meremur</strong></span> <span class='ocrx_word' id='word_1_150' title='bbox 2481 775 2686 826; x_wconf 86' lang='lat' dir='ltr'><strong>semper</strong></span> <span class='ocrx_word' id='word_1_151' title='bbox 2710 759 3027 827; x_wconf 87' lang='lat' dir='ltr'><strong>vigilantium</strong></span> <span class='ocrx_word' id='word_1_152' title='bbox 3061 760 3420 812; x_wconf 86' lang='lat' dir='ltr'><strong>ministrorum</strong></span> <span class='ocrx_word' id='word_1_153' title='bbox 3448 757 3602 811; x_wconf 85' lang='lat' dir='ltr'><strong>Chri-</strong></span> 
     </span>
    </p>
   </div>
   <div class='ocr_carea' id='block_1_23' title="bbox 2070 846 3599 915">
    <p class='ocr_par' dir='ltr' id='par_1_23' title="bbox 2070 846 3599 915">
     <span class='ocr_line' id='line_1_23' title="bbox 2070 846 3599 915; baseline -0.001 -16"><span class='ocrx_word' id='word_1_154' title='bbox 2070 848 2135 900; x_wconf 88' lang='lat' dir='ltr'><strong>sti</strong></span> <span class='ocrx_word' id='word_1_155' title='bbox 2178 863 2395 901; x_wconf 83' lang='lat' dir='ltr'><strong>cernere</strong></span> <span class='ocrx_word' id='word_1_156' title='bbox 2424 850 2611 901; x_wconf 90' lang='lat' dir='ltr'><strong>lucem.</strong></span> <span class='ocrx_word' id='word_1_157' title='bbox 2645 848 2719 900; x_wconf 84' lang='lat' dir='ltr'><strong>En</strong></span> <span class='ocrx_word' id='word_1_158' title='bbox 2750 850 2858 915; x_wconf 86' lang='lat' dir='ltr'><strong>ipse</strong></span> <span class='ocrx_word' id='word_1_159' title='bbox 2885 863 3001 901; x_wconf 91' lang='lat' dir='ltr'><strong>cum</strong></span> <span class='ocrx_word' id='word_1_160' title='bbox 3031 849 3234 900; x_wconf 89' lang='lat' dir='ltr'><strong>modico</strong></span> <span class='ocrx_word' id='word_1_161' title='bbox 3262 846 3430 900; x_wconf 88' lang='lat' dir='ltr'><strong>noctis</strong></span> <span class='ocrx_word' id='word_1_162' title='bbox 3459 856 3599 899; x_wconf 82' lang='lat' dir='ltr'><strong>tem-</strong></span> 
     </span>
    </p>
   </div>
   <div class='ocr_carea' id='block_1_24' title="bbox 2070 933 3595 1002">
    <p class='ocr_par' dir='ltr' id='par_1_24' title="bbox 2070 933 3595 1002">
     <span class='ocr_line' id='line_1_24' title="bbox 2070 933 3595 1002; baseline -0.001 -17"><span class='ocrx_word' id='word_1_163' title='bbox 2070 948 2195 1001; x_wconf 85' lang='lat' dir='ltr'><strong>pore</strong></span> <span class='ocrx_word' id='word_1_164' title='bbox 2235 935 2447 1001; x_wconf 82' lang='lat' dir='ltr'><strong>pervigil</strong></span> <span class='ocrx_word' id='word_1_165' title='bbox 2492 948 2692 989; x_wconf 86' lang='lat' dir='ltr'><strong>orarem</strong></span> <span class='ocrx_word' id='word_1_166' title='bbox 2740 942 2876 985; x_wconf 89' lang='lat' dir='ltr'><strong>tanta</strong></span> <span class='ocrx_word' id='word_1_167' title='bbox 2910 934 2995 986; x_wconf 88' lang='lat' dir='ltr'><strong>Dei</strong></span> <span class='ocrx_word' id='word_1_168' title='bbox 3028 933 3282 1002; x_wconf 80' lang='lat' dir='ltr'><strong>magnalia</strong></span> <span class='ocrx_word' id='word_1_169' title='bbox 3325 933 3595 999; x_wconf 74' lang='lat' dir='ltr'><strong>conspexi.</strong></span> 
     </span>
    </p>
   </div>
   <div class='ocr_carea' id='block_1_25' title="bbox 2070 1023 3600 1090">
    <p class='ocr_par' dir='ltr' id='par_1_25' title="bbox 2070 1023 3600 1090">
     <span class='ocr_line' id='line_1_25' title="bbox 2070 1023 3600 1090; baseline -0.002 -14"><span class='ocrx_word' id='word_1_170' title='bbox 2070 1026 2261 1089; x_wconf 81' lang='lat' dir='ltr'><strong>Aperta</strong></span> <span class='ocrx_word' id='word_1_171' title='bbox 2299 1032 2379 1076; x_wconf 88' lang='lat' dir='ltr'><strong>est</strong></span> <span class='ocrx_word' id='word_1_172' title='bbox 2414 1024 2567 1090; x_wconf 87' lang='lat' dir='ltr'><strong>janua</strong></span> <span class='ocrx_word' id='word_1_173' title='bbox 2613 1023 2753 1086; x_wconf 80' lang='lat' dir='ltr'><strong>cieli,</strong></span> <span class='ocrx_word' id='word_1_174' title='bbox 2782 1035 2833 1076; x_wconf 89' lang='lat' dir='ltr'><strong>ct</strong></span> <span class='ocrx_word' id='word_1_175' title='bbox 2857 1024 2879 1056; x_wconf 87' lang='grc'><em>³</em></span> <span class='ocrx_word' id='word_1_176' title='bbox 2910 1024 3148 1076; x_wconf 91' lang='lat' dir='ltr'><strong>inductus</strong></span> <span class='ocrx_word' id='word_1_177' title='bbox 3192 1023 3311 1077; x_wconf 92' lang='lat' dir='ltr'><strong>illuc</strong></span> <span class='ocrx_word' id='word_1_178' title='bbox 3361 1025 3600 1090; x_wconf 86' lang='lat' dir='ltr'><strong>angelico</strong></span> 
     </span>
    </p>
   </div>
   <div class='ocr_carea' id='block_1_26' title="bbox 2068 1108 3597 1175">
    <p class='ocr_par' dir='ltr' id='par_1_26' title="bbox 2068 1108 3597 1175">
     <span class='ocr_line' id='line_1_26' title="bbox 2068 1108 3597 1175; baseline -0.001 -15"><span class='ocrx_word' id='word_1_179' title='bbox 2068 1109 2315 1161; x_wconf 88' lang='lat' dir='ltr'><strong>comitatu</strong></span> <span class='ocrx_word' id='word_1_180' title='bbox 2360 1109 2573 1171; x_wconf 87' lang='lat' dir='ltr'><strong>spiritus</strong></span> <span class='ocrx_word' id='word_1_181' title='bbox 2609 1108 2872 1175; x_wconf 86' lang='lat' dir='ltr'><strong>cujusdam</strong></span> <span class='ocrx_word' id='word_1_182' title='bbox 2912 1110 3109 1173; x_wconf 84' lang='lat' dir='ltr'><strong>sancti,</strong></span> <span class='ocrx_word' id='word_1_183' title='bbox 3146 1110 3233 1175; x_wconf 91' lang='lat' dir='ltr'><strong>qui</strong></span> <span class='ocrx_word' id='word_1_184' title='bbox 3276 1123 3412 1161; x_wconf 90' lang='lat' dir='ltr'><strong>nunc</strong></span> <span class='ocrx_word' id='word_1_185' title='bbox 3445 1109 3597 1160; x_wconf 86' lang='lat' dir='ltr'><strong>nobis</strong></span> 
     </span>
    </p>
   </div>
   <div class='ocr_carea' id='block_1_27' title="bbox 2073 1194 3595 1261">
    <p class='ocr_par' dir='ltr' id='par_1_27' title="bbox 2073 1194 3595 1261">
     <span class='ocr_line' id='line_1_27' title="bbox 2073 1194 3595 1261; baseline 0.001 -15"><span class='ocrx_word' id='word_1_186' title='bbox 2073 1195 2123 1246; x_wconf 92' lang='lat' dir='ltr'><strong>in</strong></span> <span class='ocrx_word' id='word_1_187' title='bbox 2167 1194 2598 1261; x_wconf 72' lang='lat' dir='ltr'><strong>inlima&#39;caligine</strong></span> <span class='ocrx_word' id='word_1_188' title='bbox 2635 1197 2977 1256; x_wconf 85' lang='lat' dir='ltr'><strong>versantibus,</strong></span> <span class='ocrx_word' id='word_1_189' title='bbox 3020 1210 3258 1260; x_wconf 71' lang='lat' dir='ltr'><strong>superna:</strong></span> <span class='ocrx_word' id='word_1_190' title='bbox 3307 1197 3595 1247; x_wconf 84' lang='lat' dir='ltr'><strong>mansionis</strong></span> 
     </span>
    </p>
   </div>
   <div class='ocr_carea' id='block_1_28' title="bbox 2072 1282 3599 1350">
    <p class='ocr_par' dir='ltr' id='par_1_28' title="bbox 2072 1282 3599 1350">
     <span class='ocr_line' id='line_1_28' title="bbox 2072 1282 3599 1350; baseline 0 -17"><span class='ocrx_word' id='word_1_191' title='bbox 2072 1282 2283 1344; x_wconf 66' lang='lat' dir='ltr'><strong>gloriam</strong></span> <span class='ocrx_word' id='word_1_192' title='bbox 2324 1296 2387 1335; x_wconf 85' lang='lat' dir='ltr'><strong>ac</strong></span> <span class='ocrx_word' id='word_1_193' title='bbox 2428 1296 2600 1350; x_wconf 89' lang='lat' dir='ltr'><strong>regem</strong></span> <span class='ocrx_word' id='word_1_194' title='bbox 2652 1282 2790 1335; x_wconf 88' lang='lat' dir='ltr'><strong>illius</strong></span> <span class='ocrx_word' id='word_1_195' title='bbox 2820 1282 3079 1335; x_wconf 88' lang='lat' dir='ltr'><strong>Christum</strong></span> <span class='ocrx_word' id='word_1_196' title='bbox 3126 1291 3373 1350; x_wconf 86' lang='lat' dir='ltr'><strong>perpetuo</strong></span> <span class='ocrx_word' id='word_1_197' title='bbox 3419 1284 3599 1335; x_wconf 81' lang='lat' dir='ltr'><strong>beatus</strong></span> 
     </span>
    </p>
   </div>
   <div class='ocr_carea' id='block_1_29' title="bbox 2075 1370 3599 1439">
    <p class='ocr_par' dir='ltr' id='par_1_29' title="bbox 2075 1370 3599 1439">
     <span class='ocr_line' id='line_1_29' title="bbox 2075 1370 3599 1439; baseline 0 -18"><span class='ocrx_word' id='word_1_198' title='bbox 2075 1372 2321 1424; x_wconf 87' lang='lat' dir='ltr'><strong>intuetur.</strong></span> <span class='ocrx_word' id='word_1_199' title='bbox 2364 1373 2428 1425; x_wconf 86' lang='lat' dir='ltr'><strong>Et</strong></span> <span class='ocrx_word' id='word_1_200' title='bbox 2467 1373 2671 1439; x_wconf 86' lang='lat' dir='ltr'><strong>quidem</strong></span> <span class='ocrx_word' id='word_1_201' title='bbox 2700 1371 2840 1425; x_wconf 81' lang='lat' dir='ltr'><strong>hunc</strong></span> <span class='ocrx_word' id='word_1_202' title='bbox 2879 1372 2956 1423; x_wconf 87' lang='lat' dir='ltr'><strong>vel</strong></span> <span class='ocrx_word' id='word_1_203' title='bbox 2983 1371 3286 1437; x_wconf 90' lang='lat' dir='ltr'><strong>episcopum</strong></span> <span class='ocrx_word' id='word_1_204' title='bbox 3317 1370 3599 1436; x_wconf 79' lang='lat' dir='ltr'><strong>quemlibet</strong></span> 
     </span>
    </p>
   </div>
   <div class='ocr_carea' id='block_1_30' title="bbox 2071 1458 3595 1522">
    <p class='ocr_par' dir='ltr' id='par_1_30' title="bbox 2071 1458 3595 1522">
     <span class='ocr_line' id='line_1_30' title="bbox 2071 1458 3595 1522; baseline -0.001 -11"><span class='ocrx_word' id='word_1_205' title='bbox 2071 1470 2335 1522; x_wconf 88' lang='lat' dir='ltr'><strong>sanctum,</strong></span> <span class='ocrx_word' id='word_1_206' title='bbox 2376 1458 2457 1512; x_wconf 88' lang='lat' dir='ltr'><strong>vel</strong></span> <span class='ocrx_word' id='word_1_207' title='bbox 2499 1459 2745 1511; x_wconf 78' lang='lat' dir='ltr'><strong>eximium</strong></span> <span class='ocrx_word' id='word_1_208' title='bbox 2781 1459 2845 1511; x_wconf 89' lang='lat' dir='ltr'><strong>de</strong></span> <span class='ocrx_word' id='word_1_209' title='bbox 2886 1458 3111 1511; x_wconf 87' lang='lat' dir='ltr'><strong>fidelium</strong></span> <span class='ocrx_word' id='word_1_210' title='bbox 3158 1473 3375 1512; x_wconf 87' lang='lat' dir='ltr'><strong>numero</strong></span> <span class='ocrx_word' id='word_1_211' title='bbox 3428 1459 3595 1510; x_wconf 85' lang='lat' dir='ltr'><strong>virum</strong></span> 
     </span>
    </p>
   </div>
   <div class='ocr_carea' id='block_1_31' title="bbox 2074 1546 3597 1615">
    <p class='ocr_par' dir='ltr' id='par_1_31' title="bbox 2074 1546 3597 1615">
     <span class='ocr_line' id='line_1_31' title="bbox 2074 1546 3597 1615; baseline -0.002 -15"><span class='ocrx_word' id='word_1_212' title='bbox 2074 1547 2231 1601; x_wconf 87' lang='lat' dir='ltr'><strong>fuisse</strong></span> <span class='ocrx_word' id='word_1_213' title='bbox 2256 1550 2516 1612; x_wconf 72' lang='lat' dir='ltr'><strong>exisnmo,</strong></span> <span class='ocrx_word' id='word_1_214' title='bbox 2548 1562 2699 1615; x_wconf 87' lang='lat' dir='ltr'><strong>quem</strong></span> <span class='ocrx_word' id='word_1_215' title='bbox 2729 1558 2879 1599; x_wconf 73' lang='lat' dir='ltr'><strong>tautte</strong></span> <span class='ocrx_word' id='word_1_216' title='bbox 2909 1546 3185 1613; x_wconf 87' lang='lat' dir='ltr'><strong>splendore</strong></span> <span class='ocrx_word' id='word_1_217' title='bbox 3219 1548 3370 1608; x_wconf 86' lang='lat' dir='ltr'><strong>lucis,</strong></span> <span class='ocrx_word' id='word_1_218' title='bbox 3400 1556 3471 1600; x_wconf 88' lang='lat' dir='ltr'><strong>tot</strong></span> <span class='ocrx_word' id='word_1_219' title='bbox 3500 1550 3597 1597; x_wconf 84' lang='lat' dir='ltr'><strong>du-</strong></span> 
     </span>
    </p>
   </div>
   <div class='ocr_carea' id='block_1_32' title="bbox 2073 1635 3598 1703">
    <p class='ocr_par' dir='ltr' id='par_1_32' title="bbox 2073 1635 3598 1703">
     <span class='ocr_line' id='line_1_32' title="bbox 2073 1635 3598 1703; baseline 0 -14"><span class='ocrx_word' id='word_1_220' title='bbox 2073 1638 2298 1690; x_wconf 86' lang='lat' dir='ltr'><strong>centium</strong></span> <span class='ocrx_word' id='word_1_221' title='bbox 2328 1638 2501 1690; x_wconf 85' lang='lat' dir='ltr'><strong>choris</strong></span> <span class='ocrx_word' id='word_1_222' title='bbox 2529 1637 2827 1703; x_wconf 78' lang='lat' dir='ltr'><strong>angelorum</strong></span> <span class='ocrx_word' id='word_1_223' title='bbox 2856 1637 2998 1690; x_wconf 73' lang='lat' dir='ltr'><strong>caelis</strong></span> <span class='ocrx_word' id='word_1_224' title='bbox 3022 1638 3233 1689; x_wconf 87' lang='lat' dir='ltr'><strong>allatum</strong></span> <span class='ocrx_word' id='word_1_225' title='bbox 3261 1636 3387 1688; x_wconf 87' lang='lat' dir='ltr'><strong>vidi.</strong></span> <span class='ocrx_word' id='word_1_226' title='bbox 3424 1653 3444 1686; x_wconf 73' lang='grc' dir='ltr'>ι</span> <span class='ocrx_word' id='word_1_227' title='bbox 3478 1635 3598 1689; x_wconf 59' lang='lat' dir='ltr'><strong>Hec</strong></span> 
     </span>
    </p>
   </div>
   <div class='ocr_carea' id='block_1_33' title="bbox 2075 1725 3595 1789">
    <p class='ocr_par' dir='ltr' id='par_1_33' title="bbox 2075 1725 3595 1789">
     <span class='ocr_line' id='line_1_33' title="bbox 2075 1725 3595 1789; baseline -0.003 -12"><span class='ocrx_word' id='word_1_228' title='bbox 2075 1726 2253 1779; x_wconf 88' lang='lat' dir='ltr'><strong>dicens</strong></span> <span class='ocrx_word' id='word_1_229' title='bbox 2283 1728 2362 1778; x_wconf 94' lang='lat' dir='ltr'><strong>vir</strong></span> <span class='ocrx_word' id='word_1_230' title='bbox 2388 1727 2587 1778; x_wconf 89' lang='lat' dir='ltr'><strong>Domini</strong></span> <span class='ocrx_word' id='word_1_231' title='bbox 2616 1725 2950 1789; x_wconf 82' lang='lat' dir='ltr'><strong>Cuthbertus,</strong></span> <span class='ocrx_word' id='word_1_232' title='bbox 2984 1740 3084 1776; x_wconf 93' lang='lat' dir='ltr'><strong>non</strong></span> <span class='ocrx_word' id='word_1_233' title='bbox 3116 1739 3291 1789; x_wconf 87' lang='lat' dir='ltr'><strong>parum</strong></span> <span class='ocrx_word' id='word_1_234' title='bbox 3322 1739 3351 1776; x_wconf 90' lang='lat' dir='ltr'><strong>c</strong></span> <span class='ocrx_word' id='word_1_235' title='bbox 3387 1726 3475 1775; x_wconf 86' lang='lat' dir='ltr'><strong>rda</strong></span> <span class='ocrx_word' id='word_1_236' title='bbox 3504 1738 3595 1788; x_wconf 72' lang='lat' dir='ltr'><strong>p1-</strong></span> 
     </span>
    </p>
   </div>
   <div class='ocr_carea' id='block_1_34' title="bbox 452 1803 3593 1889">
    <p class='ocr_par' dir='ltr' id='par_1_34' title="bbox 452 1803 3593 1889">
     <span class='ocr_line' id='line_1_34' title="bbox 452 1803 3593 1889; baseline -0.003 -19"><span class='ocrx_word' id='word_1_237' title='bbox 452 1829 552 1880; x_wconf 79' lang='lat' dir='ltr'><strong>que</strong></span> <span class='ocrx_word' id='word_1_238' title='bbox 580 1827 770 1869; x_wconf 90' lang='lat' dir='ltr'><strong>retorta</strong></span> <span class='ocrx_word' id='word_1_239' title='bbox 795 1819 871 1870; x_wconf 90' lang='lat' dir='ltr'><strong>vis</strong></span> <span class='ocrx_word' id='word_1_240' title='bbox 893 1830 1182 1881; x_wconf 86' lang='lat' dir='ltr'><strong>ventorum,</strong></span> <span class='ocrx_word' id='word_1_241' title='bbox 1209 1830 1343 1873; x_wconf 81' lang='lat' dir='ltr'><strong>rates</strong></span> <span class='ocrx_word' id='word_1_242' title='bbox 1369 1837 1484 1874; x_wconf 83' lang='lat' dir='ltr'><strong>cum</strong></span> <span class='ocrx_word' id='word_1_243' title='bbox 1515 1823 1593 1874; x_wconf 79' lang='lat' dir='ltr'><strong>his</strong></span> <span class='ocrx_word' id='word_1_244' title='bbox 1612 1823 1694 1889; x_wconf 83' lang='lat' dir='ltr'><strong>qui</strong></span> <span class='ocrx_word' id='word_1_245' title='bbox 1719 1824 1975 1877; x_wconf 71' lang='lat' dir='ltr'><strong>ducebam</strong></span> <span class='ocrx_word' id='word_1_246' title='bbox 2006 1803 2048 1860; x_wconf 86' lang='grc' dir='ltr'><strong>Β</strong></span> <span class='ocrx_word' id='word_1_247' title='bbox 2073 1822 2270 1866; x_wconf 87' lang='lat' dir='ltr'><strong>storum</strong></span> <span class='ocrx_word' id='word_1_248' title='bbox 2301 1813 2365 1865; x_wconf 89' lang='lat' dir='ltr'><strong>ad</strong></span> <span class='ocrx_word' id='word_1_249' title='bbox 2398 1813 2743 1865; x_wconf 83' lang='lat' dir='ltr'><strong>reverentiam</strong></span> <span class='ocrx_word' id='word_1_250' title='bbox 2771 1813 2962 1864; x_wconf 75' lang='lat' dir='ltr'><strong>divina:</strong></span> <span class='ocrx_word' id='word_1_251' title='bbox 3007 1811 3317 1864; x_wconf 82' lang='lat' dir='ltr'><strong>laudationis</strong></span> <span class='ocrx_word' id='word_1_252' title='bbox 3344 1814 3593 1864; x_wconf 80' lang='lat' dir='ltr'><strong>accendit.</strong></span> 
     </span>
    </p>
   </div>
   <div class='ocr_carea' id='block_1_35' title="bbox 454 1906 1973 1978">
    <p class='ocr_par' dir='ltr' id='par_1_35' title="bbox 454 1906 1973 1978">
     <span class='ocr_line' id='line_1_35' title="bbox 454 1906 1973 1978; baseline 0.008 -25"><span class='ocrx_word' id='word_1_253' title='bbox 454 1906 798 1972; x_wconf 79' lang='lat' dir='ltr'><strong>gaudentibus</strong></span> <span class='ocrx_word' id='word_1_254' title='bbox 827 1907 1054 1978; x_wconf 85' lang='lat' dir='ltr'><strong>integras</strong></span> <span class='ocrx_word' id='word_1_255' title='bbox 1075 1909 1136 1960; x_wconf 83' lang='lat' dir='ltr'><strong>ad</strong></span> <span class='ocrx_word' id='word_1_256' title='bbox 1156 1918 1345 1962; x_wconf 88' lang='lat' dir='ltr'><strong>terram</strong></span> <span class='ocrx_word' id='word_1_257' title='bbox 1367 1911 1543 1976; x_wconf 86' lang='lat' dir='ltr'><strong>ejecit.</strong></span> <span class='ocrx_word' id='word_1_258' title='bbox 1575 1921 1627 1964; x_wconf 93' lang='lat' dir='ltr'><strong>et</strong></span> <span class='ocrx_word' id='word_1_259' title='bbox 1644 1912 1786 1977; x_wconf 80' lang='lat' dir='ltr'><strong>juxta</strong></span> <span class='ocrx_word' id='word_1_260' title='bbox 1809 1915 1973 1977; x_wconf 87' lang='lat' dir='ltr'><strong>ipsum</strong></span> 
     </span>
    </p>
   </div>
   <div class='ocr_carea' id='block_1_36' title="bbox 455 1994 1975 2063">
    <p class='ocr_par' dir='ltr' id='par_1_36' title="bbox 455 1994 1975 2063">
     <span class='ocr_line' id='line_1_36' title="bbox 455 1994 1975 2063; baseline 0.005 -18"><span class='ocrx_word' id='word_1_261' title='bbox 455 1994 823 2046; x_wconf 88' lang='lat' dir='ltr'><strong>monasterium</strong></span> <span class='ocrx_word' id='word_1_262' title='bbox 869 1997 919 2047; x_wconf 91' lang='lat' dir='ltr'><strong>in</strong></span> <span class='ocrx_word' id='word_1_263' title='bbox 973 1997 1084 2048; x_wconf 87' lang='lat' dir='ltr'><strong>Ieco</strong></span> <span class='ocrx_word' id='word_1_264' title='bbox 1110 2008 1401 2063; x_wconf 81' lang='lat' dir='ltr'><strong>Opportune</strong></span> <span class='ocrx_word' id='word_1_265' title='bbox 1429 1998 1689 2061; x_wconf 81' lang='lat' dir='ltr'><strong>deposuit.</strong></span> <span class='ocrx_word' id='word_1_266' title='bbox 1733 1998 1975 2053; x_wconf 84' lang='lat' dir='ltr'><strong>Videntes</strong></span> 
     </span>
    </p>
   </div>
   <div class='ocr_carea' id='block_1_37' title="bbox 452 2083 1974 2149">
    <p class='ocr_par' dir='ltr' id='par_1_37' title="bbox 452 2083 1974 2149">
     <span class='ocr_line' id='line_1_37' title="bbox 452 2083 1974 2149; baseline 0.005 -17"><span class='ocrx_word' id='word_1_267' title='bbox 452 2092 625 2134; x_wconf 86' lang='lat' dir='ltr'><strong>autem</strong></span> <span class='ocrx_word' id='word_1_268' title='bbox 672 2083 847 2135; x_wconf 85' lang='lat' dir='ltr'><strong>rustici</strong></span> <span class='ocrx_word' id='word_1_269' title='bbox 895 2084 1216 2137; x_wconf 89' lang='lat' dir='ltr'><strong>crubuerunt</strong></span> <span class='ocrx_word' id='word_1_270' title='bbox 1261 2084 1325 2137; x_wconf 91' lang='lat' dir='ltr'><strong>de</strong></span> <span class='ocrx_word' id='word_1_271' title='bbox 1353 2099 1443 2136; x_wconf 86' lang='lat' dir='ltr'><strong>sua</strong></span> <span class='ocrx_word' id='word_1_272' title='bbox 1475 2086 1793 2149; x_wconf 83' lang='lat' dir='ltr'><strong>infidelitate,</strong></span> <span class='ocrx_word' id='word_1_273' title='bbox 1824 2087 1974 2139; x_wconf 86' lang='lat' dir='ltr'><strong>fidem</strong></span> 
     </span>
    </p>
   </div>
   <div class='ocr_carea' id='block_1_38' title="bbox 457 2171 1976 2241">
    <p class='ocr_par' dir='ltr' id='par_1_38' title="bbox 457 2171 1976 2241">
     <span class='ocr_line' id='line_1_38' title="bbox 457 2171 1976 2241; baseline 0.005 -23"><span class='ocrx_word' id='word_1_274' title='bbox 457 2186 583 2222; x_wconf 80' lang='lat' dir='ltr'><strong>vero</strong></span> <span class='ocrx_word' id='word_1_275' title='bbox 610 2172 919 2224; x_wconf 82' lang='lat' dir='ltr'><strong>venerabilis</strong></span> <span class='ocrx_word' id='word_1_276' title='bbox 949 2171 1223 2225; x_wconf 84' lang='lat' dir='ltr'><strong>Cudbercti</strong></span> <span class='ocrx_word' id='word_1_277' title='bbox 1241 2180 1262 2210; x_wconf 70' lang='grc' dir='ltr'><strong>ι</strong></span> <span class='ocrx_word' id='word_1_278' title='bbox 1290 2184 1344 2225; x_wconf 89' lang='lat' dir='ltr'><strong>et</strong></span> <span class='ocrx_word' id='word_1_279' title='bbox 1373 2184 1493 2225; x_wconf 89' lang='lat' dir='ltr'><strong>tunc</strong></span> <span class='ocrx_word' id='word_1_280' title='bbox 1517 2173 1663 2225; x_wconf 88' lang='lat' dir='ltr'><strong>laude</strong></span> <span class='ocrx_word' id='word_1_281' title='bbox 1679 2175 1826 2241; x_wconf 90' lang='lat' dir='ltr'><strong>digna</strong></span> <span class='ocrx_word' id='word_1_282' title='bbox 1848 2190 1976 2238; x_wconf 77' lang='lat' dir='ltr'><strong>pra:-</strong></span> 
     </span>
    </p>
   </div>
   <div class='ocr_carea' id='block_1_39' title="bbox 457 2257 1973 2327">
    <p class='ocr_par' dir='ltr' id='par_1_39' title="bbox 457 2257 1973 2327">
     <span class='ocr_line' id='line_1_39' title="bbox 457 2257 1973 2327; baseline 0.003 -18"><span class='ocrx_word' id='word_1_283' title='bbox 457 2257 715 2317; x_wconf 89' lang='lat' dir='ltr'><strong>dicabant,</strong></span> <span class='ocrx_word' id='word_1_284' title='bbox 743 2267 794 2310; x_wconf 91' lang='lat' dir='ltr'><strong>et</strong></span> <span class='ocrx_word' id='word_1_285' title='bbox 842 2258 1087 2327; x_wconf 79' lang='lat' dir='ltr'><strong>deinceps</strong></span> <span class='ocrx_word' id='word_1_286' title='bbox 1134 2259 1415 2326; x_wconf 61' lang='lat' dir='ltr'><strong>praedicare</strong></span> <span class='ocrx_word' id='word_1_287' title='bbox 1464 2262 1750 2314; x_wconf 88' lang='lat' dir='ltr'><strong>nullatenus</strong></span> <span class='ocrx_word' id='word_1_288' title='bbox 1800 2276 1973 2313; x_wconf 80' lang='lat' dir='ltr'><strong>cessa-</strong></span> 
     </span>
    </p>
   </div>
   <div class='ocr_carea' id='block_1_40' title="bbox 461 2346 1974 2414">
    <p class='ocr_par' dir='ltr' id='par_1_40' title="bbox 461 2346 1974 2414">
     <span class='ocr_line' id='line_1_40' title="bbox 461 2346 1974 2414; baseline 0.001 -16"><span class='ocrx_word' id='word_1_289' title='bbox 461 2346 605 2398; x_wconf 84' lang='lat' dir='ltr'><strong>bant.</strong></span> <span class='ocrx_word' id='word_1_290' title='bbox 637 2347 780 2399; x_wconf 86' lang='lat' dir='ltr'><strong>Adeo</strong></span> <span class='ocrx_word' id='word_1_291' title='bbox 804 2357 858 2398; x_wconf 91' lang='lat' dir='ltr'><strong>ut</strong></span> <span class='ocrx_word' id='word_1_292' title='bbox 881 2348 1035 2399; x_wconf 89' lang='lat' dir='ltr'><strong>frater</strong></span> <span class='ocrx_word' id='word_1_293' title='bbox 1065 2348 1274 2414; x_wconf 88' lang='lat' dir='ltr'><strong>quidam</strong></span> <span class='ocrx_word' id='word_1_294' title='bbox 1304 2350 1463 2399; x_wconf 90' lang='lat' dir='ltr'><strong>nostri</strong></span> <span class='ocrx_word' id='word_1_295' title='bbox 1518 2349 1814 2401; x_wconf 87' lang='lat' dir='ltr'><strong>monasterii</strong></span> <span class='ocrx_word' id='word_1_296' title='bbox 1860 2363 1974 2413; x_wconf 86' lang='lat' dir='ltr'><strong>pro-</strong></span> 
     </span>
    </p>
   </div>
   <div class='ocr_carea' id='block_1_41' title="bbox 460 2435 1976 2502">
    <p class='ocr_par' dir='ltr' id='par_1_41' title="bbox 460 2435 1976 2502">
     <span class='ocr_line' id='line_1_41' title="bbox 460 2435 1976 2502; baseline 0.001 -17"><span class='ocrx_word' id='word_1_297' title='bbox 460 2436 777 2497; x_wconf 84' lang='lat' dir='ltr'><strong>batissimus,</strong></span> <span class='ocrx_word' id='word_1_298' title='bbox 809 2436 955 2501; x_wconf 89' lang='lat' dir='ltr'><strong>cujus</strong></span> <span class='ocrx_word' id='word_1_299' title='bbox 980 2436 1093 2502; x_wconf 90' lang='lat' dir='ltr'><strong>ipse</strong></span> <span class='ocrx_word' id='word_1_300' title='bbox 1121 2435 1230 2487; x_wconf 77' lang='lat' dir='ltr'><strong>luec</strong></span> <span class='ocrx_word' id='word_1_301' title='bbox 1252 2436 1500 2488; x_wconf 86' lang='lat' dir='ltr'><strong>relatione</strong></span> <span class='ocrx_word' id='word_1_302' title='bbox 1524 2436 1703 2496; x_wconf 90' lang='lat' dir='ltr'><strong>didici,</strong></span> <span class='ocrx_word' id='word_1_303' title='bbox 1727 2450 1843 2488; x_wconf 91' lang='lat' dir='ltr'><strong>sese</strong></span> <span class='ocrx_word' id='word_1_304' title='bbox 1866 2436 1976 2487; x_wconf 69' lang='lat' dir='ltr'><strong>lucc</strong></span> 
     </span>
    </p>
   </div>
   <div class='ocr_carea' id='block_1_42' title="bbox 460 2516 1976 2590">
    <p class='ocr_par' dir='ltr' id='par_1_42' title="bbox 460 2516 1976 2590">
     <span class='ocr_line' id='line_1_42' title="bbox 460 2516 1976 2590; baseline -0.001 -15"><span class='ocrx_word' id='word_1_305' title='bbox 460 2523 526 2575; x_wconf 90' lang='lat' dir='ltr'><strong>ab</strong></span> <span class='ocrx_word' id='word_1_306' title='bbox 557 2540 657 2574; x_wconf 88' lang='lat' dir='ltr'><strong>uno</strong></span> <span class='ocrx_word' id='word_1_307' title='bbox 687 2524 913 2590; x_wconf 90' lang='lat' dir='ltr'><strong>ipsorum</strong></span> <span class='ocrx_word' id='word_1_308' title='bbox 944 2516 1150 2574; x_wconf 75' lang='lat' dir='ltr'><strong>rusticae</strong></span> <span class='ocrx_word' id='word_1_309' title='bbox 1180 2522 1526 2589; x_wconf 82' lang='lat' dir='ltr'><strong>simplicitatis</strong></span> <span class='ocrx_word' id='word_1_310' title='bbox 1566 2523 1700 2582; x_wconf 87' lang='lat' dir='ltr'><strong>viro,</strong></span> <span class='ocrx_word' id='word_1_311' title='bbox 1730 2531 1781 2574; x_wconf 91' lang='lat' dir='ltr'><strong>et</strong></span> <span class='ocrx_word' id='word_1_312' title='bbox 1818 2524 1976 2574; x_wconf 90' lang='lat' dir='ltr'><strong>simu-</strong></span> 
     </span>
    </p>
   </div>
   <div class='ocr_carea' id='block_1_43' title="bbox 458 2609 1975 2677">
    <p class='ocr_par' dir='ltr' id='par_1_43' title="bbox 458 2609 1975 2677">
     <span class='ocr_line' id='line_1_43' title="bbox 458 2609 1975 2677; baseline 0 -16"><span class='ocrx_word' id='word_1_313' title='bbox 458 2611 596 2662; x_wconf 90' lang='lat' dir='ltr'><strong>landi</strong></span> <span class='ocrx_word' id='word_1_314' title='bbox 627 2623 836 2675; x_wconf 78' lang='lat' dir='ltr'><strong>prorsus</strong></span> <span class='ocrx_word' id='word_1_315' title='bbox 867 2610 1044 2677; x_wconf 83' lang='lat' dir='ltr'><strong>ignaro</strong></span> <span class='ocrx_word' id='word_1_316' title='bbox 1072 2623 1243 2661; x_wconf 90' lang='lat' dir='ltr'><strong>coram</strong></span> <span class='ocrx_word' id='word_1_317' title='bbox 1301 2609 1477 2662; x_wconf 87' lang='lat' dir='ltr'><strong>multis</strong></span> <span class='ocrx_word' id='word_1_318' title='bbox 1521 2623 1662 2677; x_wconf 77' lang='lat' dir='ltr'><strong>saepe</strong></span> <span class='ocrx_word' id='word_1_319' title='bbox 1687 2612 1975 2663; x_wconf 86' lang='lat' dir='ltr'><strong>assistenti-</strong></span> 
     </span>
    </p>
   </div>
   <div class='ocr_carea' id='block_1_44' title="bbox 464 2700 1126 2752">
    <p class='ocr_par' dir='ltr' id='par_1_44' title="bbox 464 2700 1126 2752">
     <span class='ocr_line' id='line_1_44' title="bbox 464 2700 1126 2752; baseline 0 -2"><span class='ocrx_word' id='word_1_320' title='bbox 464 2700 561 2751; x_wconf 88' lang='lat' dir='ltr'><strong>bus</strong></span> <span class='ocrx_word' id='word_1_321' title='bbox 590 2701 794 2752; x_wconf 86' lang='lat' dir='ltr'><strong>audisse</strong></span> <span class='ocrx_word' id='word_1_322' title='bbox 825 2700 1126 2751; x_wconf 80' lang='lat' dir='ltr'><strong>narraverit.</strong></span> 
     </span>
    </p>
   </div>
   <div class='ocr_carea' id='block_1_45' title="bbox 454 2802 1975 2873">
    <p class='ocr_par' dir='ltr' id='par_1_45' title="bbox 454 2802 1975 2873">
     <span class='ocr_line' id='line_1_45' title="bbox 454 2802 1975 2873; baseline 0 -17"><span class='ocrx_word' id='word_1_323' title='bbox 454 2804 601 2857; x_wconf 86' lang='lat' dir='ltr'><strong>CAP.</strong></span> <span class='ocrx_word' id='word_1_324' title='bbox 636 2804 717 2857; x_wconf 68' lang='grc' dir='ltr'><strong>ιν.</strong></span> <span class='ocrx_word' id='word_1_325' title='bbox 779 2802 1035 2865; x_wconf 81' lang='lat' dir='ltr'><strong>Quomodo</strong></span> <span class='ocrx_word' id='word_1_326' title='bbox 1072 2820 1182 2855; x_wconf 88' lang='lat' dir='ltr'><strong>cum</strong></span> <span class='ocrx_word' id='word_1_327' title='bbox 1218 2805 1493 2873; x_wconf 70' lang='lat' dir='ltr'><strong>pastoribus</strong></span> <span class='ocrx_word' id='word_1_328' title='bbox 1533 2807 1718 2873; x_wconf 79' lang='lat' dir='ltr'><strong>positus</strong></span> <span class='ocrx_word' id='word_1_329' title='bbox 1758 2807 1975 2857; x_wconf 84' lang='lat' dir='ltr'><strong>animam</strong></span> 
     </span>
    </p>
   </div>
   <div class='ocr_carea' id='block_1_46' title="bbox 522 2872 1975 2951">
    <p class='ocr_par' dir='ltr' id='par_1_46' title="bbox 522 2872 1975 2951">
     <span class='ocr_line' id='line_1_46' title="bbox 522 2872 1975 2951; baseline 0.002 -28"><span class='ocrx_word' id='word_1_330' title='bbox 522 2876 675 2923; x_wconf 62' lang='lat' dir='ltr'><strong>sancti</strong></span> <span class='ocrx_word' id='word_1_331' title='bbox 715 2873 741 2951; x_wconf 40' lang='grc'><strong>⁸.</strong></span> <span class='ocrx_word' id='word_1_332' title='bbox 765 2872 945 2923; x_wconf 82' lang='lat' dir='ltr'><strong>A:dnni</strong></span> <span class='ocrx_word' id='word_1_333' title='bbox 988 2873 1198 2939; x_wconf 77' lang='lat' dir='ltr'><strong>episwpi</strong></span> <span class='ocrx_word' id='word_1_334' title='bbox 1227 2872 1290 2921; x_wconf 80' lang='lat' dir='ltr'><strong>ad</strong></span> <span class='ocrx_word' id='word_1_335' title='bbox 1328 2873 1501 2924; x_wconf 80' lang='lat' dir='ltr'><strong>cwlum</strong></span> <span class='ocrx_word' id='word_1_336' title='bbox 1544 2874 1660 2941; x_wconf 75' lang='lat' dir='ltr'><strong>ferri</strong></span> <span class='ocrx_word' id='word_1_337' title='bbox 1693 2874 1754 2925; x_wconf 91' lang='lat' dir='ltr'><strong>ab</strong></span> <span class='ocrx_word' id='word_1_338' title='bbox 1791 2877 1975 2942; x_wconf 64' lang='lat' dir='ltr'><strong>angelis</strong></span> 
     </span>
    </p>
   </div>
   <div class='ocr_carea' id='block_1_47' title="bbox 520 2951 779 3007">
    <p class='ocr_par' dir='ltr' id='par_1_47' title="bbox 520 2951 779 3007">
     <span class='ocr_line' id='line_1_47' title="bbox 520 2951 779 3007; baseline 0.004 -17"><span class='ocrx_word' id='word_1_339' title='bbox 520 2958 621 3007; x_wconf 76' lang='lat' dir='ltr'><strong>asp.</strong></span> <span class='ocrx_word' id='word_1_340' title='bbox 638 2951 779 2992; x_wconf 73' lang='lat' dir='ltr'><strong>xerit.</strong></span> 
     </span>
    </p>
   </div>
   <div class='ocr_carea' id='block_1_48' title="bbox 521 3049 1970 3117">
    <p class='ocr_par' dir='ltr' id='par_1_48' title="bbox 521 3049 1970 3117">
     <span class='ocr_line' id='line_1_48' title="bbox 521 3049 1970 3117; baseline 0.001 -16"><span class='ocrx_word' id='word_1_341' title='bbox 521 3049 585 3101; x_wconf 83' lang='lat' dir='ltr'><strong>At</strong></span> <span class='ocrx_word' id='word_1_342' title='bbox 632 3050 715 3101; x_wconf 90' lang='lat' dir='ltr'><strong>ubi</strong></span> <span class='ocrx_word' id='word_1_343' title='bbox 762 3050 1089 3115; x_wconf 78' lang='lat' dir='ltr'><strong>gubernatrix</strong></span> <span class='ocrx_word' id='word_1_344' title='bbox 1141 3050 1256 3103; x_wconf 75' lang='lat' dir='ltr'><strong>vita:</strong></span> <span class='ocrx_word' id='word_1_345' title='bbox 1302 3051 1527 3104; x_wconf 78' lang='lat' dir='ltr'><strong>fidelium</strong></span> <span class='ocrx_word' id='word_1_346' title='bbox 1576 3052 1735 3117; x_wconf 87' lang='lat' dir='ltr'><strong>gratia</strong></span> <span class='ocrx_word' id='word_1_347' title='bbox 1780 3050 1970 3103; x_wconf 88' lang='lat' dir='ltr'><strong>Christi</strong></span> 
     </span>
    </p>
   </div>
   <div class='ocr_carea' id='block_1_49' title="bbox 1995 3102 3587 3208">
    <p class='ocr_par' dir='ltr' id='par_1_49' title="bbox 1995 3102 3587 3208">
     <span class='ocr_line' id='line_1_49' title="bbox 1995 3102 3587 3208; baseline -0.001 -15"><span class='ocrx_word' id='word_1_348' title='bbox 1995 3102 2269 3208; x_wconf 48' lang='lat' dir='ltr'><strong>C&#39;agerct,</strong></span> <span class='ocrx_word' id='word_1_349' title='bbox 2307 3139 2517 3191; x_wconf 89' lang='lat' dir='ltr'><strong>divertit</strong></span> <span class='ocrx_word' id='word_1_350' title='bbox 2558 3138 2686 3191; x_wconf 86' lang='lat' dir='ltr'><strong>hora</strong></span> <span class='ocrx_word' id='word_1_351' title='bbox 2730 3140 2879 3191; x_wconf 85' lang='lat' dir='ltr'><strong>tertia</strong></span> <span class='ocrx_word' id='word_1_352' title='bbox 2925 3140 2972 3189; x_wconf 93' lang='lat' dir='ltr'><strong>in</strong></span> <span class='ocrx_word' id='word_1_353' title='bbox 3005 3138 3178 3189; x_wconf 87' lang='lat' dir='ltr'><strong>villam</strong></span> <span class='ocrx_word' id='word_1_354' title='bbox 3210 3153 3361 3206; x_wconf 87' lang='lat' dir='ltr'><strong>quam</strong></span> <span class='ocrx_word' id='word_1_355' title='bbox 3398 3143 3587 3191; x_wconf 78' lang='lat' dir='ltr'><strong>emittm</strong></span> 
     </span>
    </p>
   </div>
   <div class='ocr_carea' id='block_1_50' title="bbox 455 3136 1971 3203">
    <p class='ocr_par' dir='ltr' id='par_1_50' title="bbox 455 3136 1971 3203">
     <span class='ocr_line' id='line_1_50' title="bbox 455 3136 1971 3203; baseline 0.001 -18"><span class='ocrx_word' id='word_1_356' title='bbox 455 3137 615 3188; x_wconf 85' lang='lat' dir='ltr'><strong>voluit</strong></span> <span class='ocrx_word' id='word_1_357' title='bbox 640 3136 883 3187; x_wconf 86' lang='lat' dir='ltr'><strong>famulum</strong></span> <span class='ocrx_word' id='word_1_358' title='bbox 912 3151 1057 3188; x_wconf 88' lang='lat' dir='ltr'><strong>suum</strong></span> <span class='ocrx_word' id='word_1_359' title='bbox 1085 3138 1317 3188; x_wconf 87' lang='lat' dir='ltr'><strong>arctioris</strong></span> <span class='ocrx_word' id='word_1_360' title='bbox 1344 3136 1583 3203; x_wconf 88' lang='lat' dir='ltr'><strong>prepositi</strong></span> <span class='ocrx_word' id='word_1_361' title='bbox 1613 3137 1785 3189; x_wconf 88' lang='lat' dir='ltr'><strong>subire</strong></span> <span class='ocrx_word' id='word_1_362' title='bbox 1816 3139 1971 3187; x_wconf 85' lang='lat' dir='ltr'><strong>virtu-</strong></span> 
     </span>
    </p>
   </div>
   <div class='ocr_carea' id='block_1_51' title="bbox 455 3225 1971 3291">
    <p class='ocr_par' dir='ltr' id='par_1_51' title="bbox 455 3225 1971 3291">
     <span class='ocr_line' id='line_1_51' title="bbox 455 3225 1971 3291; baseline 0 -14"><span class='ocrx_word' id='word_1_363' title='bbox 455 3236 580 3288; x_wconf 80' lang='lat' dir='ltr'><strong>tem,</strong></span> <span class='ocrx_word' id='word_1_364' title='bbox 607 3225 807 3277; x_wconf 89' lang='lat' dir='ltr'><strong>altioris</strong></span> <span class='ocrx_word' id='word_1_365' title='bbox 838 3225 1029 3291; x_wconf 72' lang='lat' dir='ltr'><strong>prtemii</strong></span> <span class='ocrx_word' id='word_1_366' title='bbox 1056 3225 1267 3291; x_wconf 81' lang='lat' dir='ltr'><strong>gloriam</strong></span> <span class='ocrx_word' id='word_1_367' title='bbox 1291 3226 1591 3289; x_wconf 88' lang='lat' dir='ltr'><strong>promereri,</strong></span> <span class='ocrx_word' id='word_1_368' title='bbox 1613 3225 1826 3291; x_wconf 82' lang='lat' dir='ltr'><strong>contigit</strong></span> <span class='ocrx_word' id='word_1_369' title='bbox 1854 3239 1971 3277; x_wconf 89' lang='lat' dir='ltr'><strong>eum</strong></span> 
     </span>
    </p>
   </div>
   <div class='ocr_carea' id='block_1_52' title="bbox 454 3308 1969 3377">
    <p class='ocr_par' dir='ltr' id='par_1_52' title="bbox 454 3308 1969 3377">
     <span class='ocr_line' id='line_1_52' title="bbox 454 3308 1969 3377; baseline 0 -14"><span class='ocrx_word' id='word_1_370' title='bbox 454 3313 472 3341; x_wconf 82' lang='lat'>&#39;</span> <span class='ocrx_word' id='word_1_371' title='bbox 496 3313 705 3364; x_wconf 91' lang='lat' dir='ltr'><strong>remotis</strong></span> <span class='ocrx_word' id='word_1_372' title='bbox 734 3313 756 3339; x_wconf 76' lang='grc'><strong>³</strong></span> <span class='ocrx_word' id='word_1_373' title='bbox 789 3312 838 3363; x_wconf 90' lang='lat' dir='ltr'><strong>in</strong></span> <span class='ocrx_word' id='word_1_374' title='bbox 884 3308 1141 3363; x_wconf 90' lang='lat' dir='ltr'><strong>montibus</strong></span> <span class='ocrx_word' id='word_1_375' title='bbox 1184 3313 1573 3363; x_wconf 89' lang='lat' dir='ltr'><strong>commissorum</strong></span> <span class='ocrx_word' id='word_1_376' title='bbox 1602 3312 1699 3364; x_wconf 87' lang='lat' dir='ltr'><strong>sibi</strong></span> <span class='ocrx_word' id='word_1_377' title='bbox 1732 3326 1969 3377; x_wconf 86' lang='lat' dir='ltr'><strong>pecorum</strong></span> 
     </span>
    </p>
   </div>
   <div class='ocr_carea' id='block_1_53' title="bbox 452 3398 1970 3469">
    <p class='ocr_par' dir='ltr' id='par_1_53' title="bbox 452 3398 1970 3469">
     <span class='ocr_line' id='line_1_53' title="bbox 452 3398 1970 3469; baseline -0.001 -17"><span class='ocrx_word' id='word_1_378' title='bbox 452 3415 607 3469; x_wconf 86' lang='lat' dir='ltr'><strong>agere</strong></span> <span class='ocrx_word' id='word_1_379' title='bbox 634 3399 935 3451; x_wconf 82' lang='lat' dir='ltr'><strong>custodiam.</strong></span> <span class='ocrx_word' id='word_1_380' title='bbox 980 3398 1075 3464; x_wconf 87' lang='lat' dir='ltr'><strong>Qui</strong></span> <span class='ocrx_word' id='word_1_381' title='bbox 1104 3400 1224 3450; x_wconf 91' lang='lat' dir='ltr'><strong>dum</strong></span> <span class='ocrx_word' id='word_1_382' title='bbox 1256 3409 1406 3451; x_wconf 91' lang='lat' dir='ltr'><strong>nocte</strong></span> <span class='ocrx_word' id='word_1_383' title='bbox 1430 3399 1673 3466; x_wconf 88' lang='lat' dir='ltr'><strong>quadam,</strong></span> <span class='ocrx_word' id='word_1_384' title='bbox 1705 3400 1970 3452; x_wconf 88' lang='lat' dir='ltr'><strong>dormien-</strong></span> 
     </span>
    </p>
   </div>
   <div class='ocr_carea' id='block_1_54' title="bbox 454 3487 1971 3553">
    <p class='ocr_par' dir='ltr' id='par_1_54' title="bbox 454 3487 1971 3553">
     <span class='ocr_line' id='line_1_54' title="bbox 454 3487 1971 3553; baseline 0.001 -14"><span class='ocrx_word' id='word_1_385' title='bbox 454 3491 589 3540; x_wconf 87' lang='lat' dir='ltr'><strong>tihus</strong></span> <span class='ocrx_word' id='word_1_386' title='bbox 617 3488 795 3552; x_wconf 68' lang='lat' dir='ltr'><strong>soi-iis,</strong></span> <span class='ocrx_word' id='word_1_387' title='bbox 830 3487 939 3551; x_wconf 67' lang='lat' dir='ltr'><strong>ipse</strong></span> <span class='ocrx_word' id='word_1_388' title='bbox 966 3487 1105 3552; x_wconf 71' lang='lat' dir='ltr'><strong>juxta</strong></span> <span class='ocrx_word' id='word_1_389' title='bbox 1150 3501 1342 3539; x_wconf 90' lang='lat' dir='ltr'><strong>morem</strong></span> <span class='ocrx_word' id='word_1_390' title='bbox 1386 3489 1599 3553; x_wconf 80' lang='lat' dir='ltr'><strong>pervigil</strong></span> <span class='ocrx_word' id='word_1_391' title='bbox 1648 3489 1696 3539; x_wconf 93' lang='lat' dir='ltr'><strong>iu</strong></span> <span class='ocrx_word' id='word_1_392' title='bbox 1738 3487 1971 3540; x_wconf 89' lang='lat' dir='ltr'><strong>oratione</strong></span> 
     </span>
    </p>
   </div>
   <div class='ocr_carea' id='block_1_55' title="bbox 454 3574 1969 3637">
    <p class='ocr_par' dir='ltr' id='par_1_55' title="bbox 454 3574 1969 3637">
     <span class='ocr_line' id='line_1_55' title="bbox 454 3574 1969 3637; baseline 0 -10"><span class='ocrx_word' id='word_1_393' title='bbox 454 3577 677 3637; x_wconf 86' lang='lat' dir='ltr'><strong>duraret,</strong></span> <span class='ocrx_word' id='word_1_394' title='bbox 710 3575 835 3626; x_wconf 91' lang='lat' dir='ltr'><strong>vidit</strong></span> <span class='ocrx_word' id='word_1_395' title='bbox 872 3575 1040 3626; x_wconf 90' lang='lat' dir='ltr'><strong>subito</strong></span> <span class='ocrx_word' id='word_1_396' title='bbox 1084 3575 1250 3626; x_wconf 85' lang='lat' dir='ltr'><strong>fusum</strong></span> <span class='ocrx_word' id='word_1_397' title='bbox 1292 3574 1356 3626; x_wconf 89' lang='lat' dir='ltr'><strong>de</strong></span> <span class='ocrx_word' id='word_1_398' title='bbox 1393 3575 1524 3626; x_wconf 74' lang='lat' dir='ltr'><strong>coelo</strong></span> <span class='ocrx_word' id='word_1_399' title='bbox 1566 3576 1734 3626; x_wconf 91' lang='lat' dir='ltr'><strong>lumen</strong></span> <span class='ocrx_word' id='word_1_400' title='bbox 1774 3574 1969 3627; x_wconf 88' lang='lat' dir='ltr'><strong>medias</strong></span> 
     </span>
    </p>
   </div>
   <div class='ocr_carea' id='block_1_56' title="bbox 454 3662 1966 3730">
    <p class='ocr_par' dir='ltr' id='par_1_56' title="bbox 454 3662 1966 3730">
     <span class='ocr_line' id='line_1_56' title="bbox 454 3662 1966 3730; baseline 0.001 -16"><span class='ocrx_word' id='word_1_401' title='bbox 454 3664 617 3730; x_wconf 57' lang='lat' dir='ltr'><strong>longe</strong></span> <span class='ocrx_word' id='word_1_402' title='bbox 646 3662 811 3715; x_wconf 85' lang='lat' dir='ltr'><strong>noctis</strong></span> <span class='ocrx_word' id='word_1_403' title='bbox 842 3662 1176 3727; x_wconf 89' lang='lat' dir='ltr'><strong>interrupisse</strong></span> <span class='ocrx_word' id='word_1_404' title='bbox 1208 3662 1459 3714; x_wconf 89' lang='lat' dir='ltr'><strong>tenebras.</strong></span> <span class='ocrx_word' id='word_1_405' title='bbox 1485 3662 1537 3714; x_wconf 95' lang='lat' dir='ltr'><strong>In</strong></span> <span class='ocrx_word' id='word_1_406' title='bbox 1560 3678 1660 3730; x_wconf 90' lang='lat' dir='ltr'><strong>quo</strong></span> <span class='ocrx_word' id='word_1_407' title='bbox 1683 3664 1966 3716; x_wconf 70' lang='lat' dir='ltr'><strong>caelestium</strong></span> 
     </span>
    </p>
   </div>
   <div class='ocr_carea' id='block_1_57' title="bbox 455 3750 1969 3819">
    <p class='ocr_par' dir='ltr' id='par_1_57' title="bbox 455 3750 1969 3819">
     <span class='ocr_line' id='line_1_57' title="bbox 455 3750 1969 3819; baseline -0.001 -15"><span class='ocrx_word' id='word_1_408' title='bbox 455 3752 640 3805; x_wconf 75' lang='lat' dir='ltr'><strong>Chares</strong></span> <span class='ocrx_word' id='word_1_409' title='bbox 664 3752 918 3819; x_wconf 79' lang='lat' dir='ltr'><strong>agminum</strong></span> <span class='ocrx_word' id='word_1_410' title='bbox 950 3760 1139 3802; x_wconf 90' lang='lat' dir='ltr'><strong>terram</strong></span> <span class='ocrx_word' id='word_1_411' title='bbox 1170 3750 1376 3814; x_wconf 76' lang='lat' dir='ltr'><strong>petisse,</strong></span> <span class='ocrx_word' id='word_1_412' title='bbox 1410 3764 1503 3801; x_wconf 89' lang='lat' dir='ltr'><strong>nec</strong></span> <span class='ocrx_word' id='word_1_413' title='bbox 1534 3766 1701 3814; x_wconf 90' lang='lat' dir='ltr'><strong>mora,</strong></span> <span class='ocrx_word' id='word_1_414' title='bbox 1725 3752 1743 3781; x_wconf 86' lang='grc'><strong>⁷</strong></span> <span class='ocrx_word' id='word_1_415' title='bbox 1769 3762 1969 3816; x_wconf 89' lang='lat' dir='ltr'><strong>sumpta</strong></span> 
     </span>
    </p>
   </div>
   <div class='ocr_carea' id='block_1_58' title="bbox 455 3836 1974 3898">
    <p class='ocr_par' dir='ltr' id='par_1_58' title="bbox 455 3836 1974 3898">
     <span class='ocr_line' id='line_1_58' title="bbox 455 3836 1974 3898; baseline 0 -7"><span class='ocrx_word' id='word_1_416' title='bbox 455 3854 629 3891; x_wconf 81' lang='lat' dir='ltr'><strong>secum</strong></span> <span class='ocrx_word' id='word_1_417' title='bbox 647 3841 817 3888; x_wconf 89' lang='lat' dir='ltr'><strong>anima</strong></span> <span class='ocrx_word' id='word_1_418' title='bbox 844 3836 1345 3898; x_wconf 69' lang='lat' dir='ltr'><strong>charitatisexinuae,</strong></span> <span class='ocrx_word' id='word_1_419' title='bbox 1372 3837 1634 3888; x_wconf 82' lang='lat' dir='ltr'><strong>caelestem</strong></span> <span class='ocrx_word' id='word_1_420' title='bbox 1663 3840 1878 3891; x_wconf 86' lang='lat' dir='ltr'><strong>rediisse</strong></span> <span class='ocrx_word' id='word_1_421' title='bbox 1905 3839 1974 3891; x_wconf 88' lang='lat' dir='ltr'><strong>ad</strong></span> 
     </span>
    </p>
   </div>
   <div class='ocr_carea' id='block_1_59' title="bbox 458 3924 1970 3992">
    <p class='ocr_par' dir='ltr' id='par_1_59' title="bbox 458 3924 1970 3992">
     <span class='ocr_line' id='line_1_59' title="bbox 458 3924 1970 3992; baseline 0.001 -16"><span class='ocrx_word' id='word_1_422' title='bbox 458 3927 694 3992; x_wconf 89' lang='lat' dir='ltr'><strong>patriam.</strong></span> <span class='ocrx_word' id='word_1_423' title='bbox 726 3925 1072 3989; x_wconf 86' lang='lat' dir='ltr'><strong>Compunctus</strong></span> <span class='ocrx_word' id='word_1_424' title='bbox 1110 3934 1190 3976; x_wconf 89' lang='lat' dir='ltr'><strong>est</strong></span> <span class='ocrx_word' id='word_1_425' title='bbox 1230 3924 1445 3985; x_wconf 86' lang='lat' dir='ltr'><strong>multum</strong></span> <span class='ocrx_word' id='word_1_426' title='bbox 1474 3926 1568 3976; x_wconf 91' lang='lat' dir='ltr'><strong>hoc</strong></span> <span class='ocrx_word' id='word_1_427' title='bbox 1595 3925 1708 3977; x_wconf 91' lang='lat' dir='ltr'><strong>visu</strong></span> <span class='ocrx_word' id='word_1_428' title='bbox 1741 3926 1845 3978; x_wconf 92' lang='lat' dir='ltr'><strong>Deo</strong></span> <span class='ocrx_word' id='word_1_429' title='bbox 1890 3927 1970 3978; x_wconf 89' lang='lat' dir='ltr'><strong>di-</strong></span> 
     </span>
    </p>
   </div>
   <div class='ocr_carea' id='block_1_60' title="bbox 457 4010 1971 4079">
    <p class='ocr_par' dir='ltr' id='par_1_60' title="bbox 457 4010 1971 4079">
     <span class='ocr_line' id='line_1_60' title="bbox 457 4010 1971 4079; baseline -0.001 -13"><span class='ocrx_word' id='word_1_430' title='bbox 457 4016 618 4066; x_wconf 82' lang='lat' dir='ltr'><strong>lectus</strong></span> <span class='ocrx_word' id='word_1_431' title='bbox 662 4013 986 4073; x_wconf 85' lang='lat' dir='ltr'><strong>adolescens,</strong></span> <span class='ocrx_word' id='word_1_432' title='bbox 1018 4010 1081 4063; x_wconf 88' lang='lat' dir='ltr'><strong>ad</strong></span> <span class='ocrx_word' id='word_1_433' title='bbox 1128 4010 1448 4065; x_wconf 86' lang='lat' dir='ltr'><strong>subeundam</strong></span> <span class='ocrx_word' id='word_1_434' title='bbox 1498 4011 1712 4079; x_wconf 77' lang='lat' dir='ltr'><strong>gratiam</strong></span> <span class='ocrx_word' id='word_1_435' title='bbox 1742 4013 1971 4066; x_wconf 81' lang='lat' dir='ltr'><strong>exercitii</strong></span> 
     </span>
    </p>
   </div>
   <div class='ocr_carea' id='block_1_61' title="bbox 455 4099 1973 4172">
    <p class='ocr_par' dir='ltr' id='par_1_61' title="bbox 455 4099 1973 4172">
     <span class='ocr_line' id='line_1_61' title="bbox 455 4099 1973 4172; baseline 0 -18"><span class='ocrx_word' id='word_1_436' title='bbox 455 4102 717 4168; x_wconf 80' lang='lat' dir='ltr'><strong>spiritalis,</strong></span> <span class='ocrx_word' id='word_1_437' title='bbox 743 4116 800 4172; x_wconf 89' lang='lat' dir='ltr'><strong>ac</strong></span> <span class='ocrx_word' id='word_1_438' title='bbox 826 4099 1177 4167; x_wconf 63' lang='lat' dir='ltr'><strong>promerendae</strong></span> <span class='ocrx_word' id='word_1_439' title='bbox 1210 4100 1342 4152; x_wconf 89' lang='lat' dir='ltr'><strong>inter</strong></span> <span class='ocrx_word' id='word_1_440' title='bbox 1369 4101 1665 4167; x_wconf 79' lang='lat' dir='ltr'><strong>magnificos</strong></span> <span class='ocrx_word' id='word_1_441' title='bbox 1694 4103 1834 4155; x_wconf 90' lang='lat' dir='ltr'><strong>viros</strong></span> <span class='ocrx_word' id='word_1_442' title='bbox 1856 4102 1973 4154; x_wconf 69' lang='lat' dir='ltr'><strong>vitae</strong></span> 
     </span>
    </p>
   </div>
   <div class='ocr_carea' id='block_1_62' title="bbox 458 4186 1971 4267">
    <p class='ocr_par' dir='ltr' id='par_1_62' title="bbox 458 4186 1971 4267">
     <span class='ocr_line' id='line_1_62' title="bbox 458 4186 1971 4267; baseline -0.001 -24"><span class='ocrx_word' id='word_1_443' title='bbox 458 4192 822 4257; x_wconf 75' lang='lat' dir='ltr'><strong>felicitatisque</strong></span> <span class='ocrx_word' id='word_1_444' title='bbox 853 4187 1091 4267; x_wconf 74' lang='lat' dir='ltr'><strong>perennis</strong></span> <span class='ocrx_word' id='word_1_445' title='bbox 1122 4186 1389 4240; x_wconf 82' lang='lat' dir='ltr'><strong>confestim</strong></span> <span class='ocrx_word' id='word_1_446' title='bbox 1420 4188 1521 4239; x_wconf 82' lang='lat' dir='ltr'><strong>Deo</strong></span> <span class='ocrx_word' id='word_1_447' title='bbox 1550 4189 1745 4251; x_wconf 85' lang='lat' dir='ltr'><strong>laudes,</strong></span> <span class='ocrx_word' id='word_1_448' title='bbox 1778 4192 1971 4256; x_wconf 86' lang='lat' dir='ltr'><strong>gratia-</strong></span> 
     </span>
    </p>
   </div>
   <div class='ocr_carea' id='block_1_63' title="bbox 2075 1897 3595 1971">
    <p class='ocr_par' dir='ltr' id='par_1_63' title="bbox 2075 1897 3595 1971">
     <span class='ocr_line' id='line_1_63' title="bbox 2075 1897 3595 1971; baseline -0.003 -16"><span class='ocrx_word' id='word_1_449' title='bbox 2075 1904 2400 1971; x_wconf 82' lang='lat' dir='ltr'><strong>Agnovitque</strong></span> <span class='ocrx_word' id='word_1_450' title='bbox 2450 1916 2601 1954; x_wconf 89' lang='lat' dir='ltr'><strong>mane</strong></span> <span class='ocrx_word' id='word_1_451' title='bbox 2649 1901 2781 1954; x_wconf 88' lang='lat' dir='ltr'><strong>facto</strong></span> <span class='ocrx_word' id='word_1_452' title='bbox 2828 1899 3113 1953; x_wconf 86' lang='lat' dir='ltr'><strong>antistitem</strong></span> <span class='ocrx_word' id='word_1_453' title='bbox 3160 1897 3595 1952; x_wconf 77' lang='lat' dir='ltr'><strong>Lindisfarnensis</strong></span> 
     </span>
    </p>
   </div>
   <div class='ocr_carea' id='block_1_64' title="bbox 2075 1987 3592 2055">
    <p class='ocr_par' dir='ltr' id='par_1_64' title="bbox 2075 1987 3592 2055">
     <span class='ocr_line' id='line_1_64' title="bbox 2075 1987 3592 2055; baseline -0.005 -12"><span class='ocrx_word' id='word_1_454' title='bbox 2075 1991 2319 2043; x_wconf 72' lang='lat' dir='ltr'><strong>Ecclesia:</strong></span> <span class='ocrx_word' id='word_1_455' title='bbox 2347 1989 2622 2050; x_wconf 88' lang='lat' dir='ltr'><strong>Aidanum,</strong></span> <span class='ocrx_word' id='word_1_456' title='bbox 2642 2001 2839 2055; x_wconf 61' lang='lat' dir='ltr'><strong>magna</strong></span> <span class='ocrx_word' id='word_1_457' title='bbox 2864 1987 3040 2055; x_wconf 90' lang='lat' dir='ltr'><strong>utique</strong></span> <span class='ocrx_word' id='word_1_458' title='bbox 3062 1987 3270 2041; x_wconf 90' lang='lat' dir='ltr'><strong>virtutis</strong></span> <span class='ocrx_word' id='word_1_459' title='bbox 3287 1987 3472 2047; x_wconf 81' lang='lat' dir='ltr'><strong>virum,</strong></span> <span class='ocrx_word' id='word_1_460' title='bbox 3502 2001 3592 2051; x_wconf 80' lang='lat' dir='ltr'><strong>per</strong></span> 
     </span>
    </p>
   </div>
   <div class='ocr_carea' id='block_1_65' title="bbox 2074 2075 3592 2144">
    <p class='ocr_par' dir='ltr' id='par_1_65' title="bbox 2074 2075 3592 2144">
     <span class='ocr_line' id='line_1_65' title="bbox 2074 2075 3592 2144; baseline -0.004 -15"><span class='ocrx_word' id='word_1_461' title='bbox 2074 2077 2123 2129; x_wconf 91' lang='lat' dir='ltr'><strong>id</strong></span> <span class='ocrx_word' id='word_1_462' title='bbox 2156 2080 2401 2144; x_wconf 87' lang='lat' dir='ltr'><strong>temporis</strong></span> <span class='ocrx_word' id='word_1_463' title='bbox 2431 2092 2533 2144; x_wconf 92' lang='lat' dir='ltr'><strong>quo</strong></span> <span class='ocrx_word' id='word_1_464' title='bbox 2560 2076 2756 2129; x_wconf 83' lang='lat' dir='ltr'><strong>viderat</strong></span> <span class='ocrx_word' id='word_1_465' title='bbox 2798 2084 2996 2142; x_wconf 89' lang='lat' dir='ltr'><strong>raptum</strong></span> <span class='ocrx_word' id='word_1_466' title='bbox 3027 2075 3092 2128; x_wconf 93' lang='lat' dir='ltr'><strong>de</strong></span> <span class='ocrx_word' id='word_1_467' title='bbox 3122 2088 3341 2140; x_wconf 81' lang='lat' dir='ltr'><strong>corpore</strong></span> <span class='ocrx_word' id='word_1_468' title='bbox 3364 2076 3592 2127; x_wconf 73' lang='lat' dir='ltr'><strong>ccelestia</strong></span> 
     </span>
    </p>
   </div>
   <div class='ocr_carea' id='block_1_66' title="bbox 2075 2164 3591 2234">
    <p class='ocr_par' dir='ltr' id='par_1_66' title="bbox 2075 2164 3591 2234">
     <span class='ocr_line' id='line_1_66' title="bbox 2075 2164 3591 2234; baseline -0.004 -16"><span class='ocrx_word' id='word_1_469' title='bbox 2075 2180 2229 2233; x_wconf 83' lang='lat' dir='ltr'><strong>regna</strong></span> <span class='ocrx_word' id='word_1_470' title='bbox 2260 2172 2475 2234; x_wconf 87' lang='lat' dir='ltr'><strong>petisse,</strong></span> <span class='ocrx_word' id='word_1_471' title='bbox 2499 2179 2558 2219; x_wconf 82' lang='lat' dir='ltr'><strong>ac</strong></span> <span class='ocrx_word' id='word_1_472' title='bbox 2588 2164 2613 2203; x_wconf 70' lang='grc' dir='ltr'>δ</span> <span class='ocrx_word' id='word_1_473' title='bbox 2642 2167 2814 2219; x_wconf 82' lang='lat' dir='ltr'><strong>statim</strong></span> <span class='ocrx_word' id='word_1_474' title='bbox 2861 2168 3233 2220; x_wconf 87' lang='lat' dir='ltr'><strong>commendans</strong></span> <span class='ocrx_word' id='word_1_475' title='bbox 3274 2165 3378 2218; x_wconf 85' lang='lat' dir='ltr'><strong>suis</strong></span> <span class='ocrx_word' id='word_1_476' title='bbox 3408 2179 3591 2231; x_wconf 74' lang='lat' dir='ltr'><strong>pecora</strong></span> 
     </span>
    </p>
   </div>
   <div class='ocr_carea' id='block_1_67' title="bbox 2072 2254 3590 2322">
    <p class='ocr_par' dir='ltr' id='par_1_67' title="bbox 2072 2254 3590 2322">
     <span class='ocr_line' id='line_1_67' title="bbox 2072 2254 3590 2322; baseline 0.001 -19"><span class='ocrx_word' id='word_1_477' title='bbox 2072 2270 2186 2322; x_wconf 73' lang='lat' dir='ltr'><strong>quae</strong></span> <span class='ocrx_word' id='word_1_478' title='bbox 2209 2256 2448 2321; x_wconf 84' lang='lat' dir='ltr'><strong>pascebat</strong></span> <span class='ocrx_word' id='word_1_479' title='bbox 2477 2256 2719 2317; x_wconf 84' lang='lat' dir='ltr'><strong>dominis,</strong></span> <span class='ocrx_word' id='word_1_480' title='bbox 2751 2254 3119 2307; x_wconf 87' lang='lat' dir='ltr'><strong>monasterium</strong></span> <span class='ocrx_word' id='word_1_481' title='bbox 3143 2264 3318 2320; x_wconf 89' lang='lat' dir='ltr'><strong>petere</strong></span> <span class='ocrx_word' id='word_1_482' title='bbox 3346 2255 3590 2306; x_wconf 69' lang='lat' dir='ltr'><strong>decrevit.</strong></span> 
     </span>
    </p>
   </div>
   <div class='ocr_carea' id='block_1_68' title="bbox 2072 2361 3591 2430">
    <p class='ocr_par' dir='ltr' id='par_1_68' title="bbox 2072 2361 3591 2430">
     <span class='ocr_line' id='line_1_68' title="bbox 2072 2361 3591 2430; baseline -0.001 -15"><span class='ocrx_word' id='word_1_483' title='bbox 2072 2363 2217 2415; x_wconf 86' lang='lat' dir='ltr'><strong>CAP.</strong></span> <span class='ocrx_word' id='word_1_484' title='bbox 2247 2362 2304 2413; x_wconf 86' lang='lat' dir='ltr'><strong>V.</strong></span> <span class='ocrx_word' id='word_1_485' title='bbox 2331 2363 2585 2426; x_wconf 75' lang='lat' dir='ltr'><strong>Quomodo</strong></span> <span class='ocrx_word' id='word_1_486' title='bbox 2606 2366 2697 2415; x_wconf 85' lang='lat' dir='ltr'><strong>iter</strong></span> <span class='ocrx_word' id='word_1_487' title='bbox 2716 2364 2900 2429; x_wconf 76' lang='lat' dir='ltr'><strong>faciens</strong></span> <span class='ocrx_word' id='word_1_488' title='bbox 2920 2363 3053 2414; x_wconf 77' lang='lat' dir='ltr'><strong>cibos</strong></span> <span class='ocrx_word' id='word_1_489' title='bbox 3077 2361 3285 2414; x_wconf 84' lang='lat' dir='ltr'><strong>Domino</strong></span> <span class='ocrx_word' id='word_1_490' title='bbox 3306 2375 3591 2430; x_wconf 75' lang='lat' dir='ltr'><strong>procurante</strong></span> 
     </span>
    </p>
   </div>
   <div class='ocr_carea' id='block_1_69' title="bbox 2512 2432 2935 2498">
    <p class='ocr_par' dir='ltr' id='par_1_69' title="bbox 2512 2432 2935 2498">
     <span class='ocr_line' id='line_1_69' title="bbox 2512 2432 2935 2498; baseline -0.007 -14"><span class='ocrx_word' id='word_1_491' title='bbox 2512 2448 2521 2461; x_wconf 86' lang='lat'><strong>&#39;</strong></span> <span class='ocrx_word' id='word_1_492' title='bbox 2701 2432 2935 2498; x_wconf 78' lang='lat' dir='ltr'><strong>percepit.</strong></span> 
     </span>
    </p>
   </div>
   <div class='ocr_carea' id='block_1_70' title="bbox 2138 2514 3589 2591">
    <p class='ocr_par' dir='ltr' id='par_1_70' title="bbox 2138 2514 3589 2591">
     <span class='ocr_line' id='line_1_70' title="bbox 2138 2514 3589 2591; baseline 0.001 -20"><span class='ocrx_word' id='word_1_493' title='bbox 2138 2514 2367 2589; x_wconf 81' lang='lat' dir='ltr'><strong>Cumque</strong></span> <span class='ocrx_word' id='word_1_494' title='bbox 2431 2538 2619 2575; x_wconf 87' lang='lat' dir='ltr'><strong>novum</strong></span> <span class='ocrx_word' id='word_1_495' title='bbox 2684 2527 2801 2575; x_wconf 66' lang='lat' dir='ltr'><strong>vitae</strong></span> <span class='ocrx_word' id='word_1_496' title='bbox 2861 2522 3252 2576; x_wconf 81' lang='lat' dir='ltr'><strong>continentioris</strong></span> <span class='ocrx_word' id='word_1_497' title='bbox 3311 2526 3589 2591; x_wconf 77' lang='lat' dir='ltr'><strong>ingressum</strong></span> 
     </span>
    </p>
   </div>
   <div class='ocr_carea' id='block_1_71' title="bbox 2070 2609 3587 2679">
    <p class='ocr_par' dir='ltr' id='par_1_71' title="bbox 2070 2609 3587 2679">
     <span class='ocr_line' id='line_1_71' title="bbox 2070 2609 3587 2679; baseline -0.003 -16"><span class='ocrx_word' id='word_1_498' title='bbox 2070 2609 2249 2663; x_wconf 85' lang='lat' dir='ltr'><strong>sedulo</strong></span> <span class='ocrx_word' id='word_1_499' title='bbox 2274 2612 2373 2676; x_wconf 77' lang='lat' dir='ltr'><strong>iam</strong></span> <span class='ocrx_word' id='word_1_500' title='bbox 2413 2611 2570 2664; x_wconf 87' lang='lat' dir='ltr'><strong>corde</strong></span> <span class='ocrx_word' id='word_1_501' title='bbox 2608 2612 2955 2675; x_wconf 87' lang='lat' dir='ltr'><strong>meditaretur,</strong></span> <span class='ocrx_word' id='word_1_502' title='bbox 2994 2609 3157 2663; x_wconf 78' lang='lat' dir='ltr'><strong>adfuit</strong></span> <span class='ocrx_word' id='word_1_503' title='bbox 3184 2613 3344 2679; x_wconf 82' lang='lat' dir='ltr'><strong>gratia</strong></span> <span class='ocrx_word' id='word_1_504' title='bbox 3372 2627 3587 2677; x_wconf 78' lang='lat' dir='ltr'><strong>superna</strong></span> 
     </span>
    </p>
   </div>
   <div class='ocr_carea' id='block_1_72' title="bbox 2071 2698 3590 2764">
    <p class='ocr_par' dir='ltr' id='par_1_72' title="bbox 2071 2698 3590 2764">
     <span class='ocr_line' id='line_1_72' title="bbox 2071 2698 3590 2764; baseline 0.003 -16"><span class='ocrx_word' id='word_1_505' title='bbox 2071 2713 2187 2764; x_wconf 69' lang='lat' dir='ltr'><strong>quae</strong></span> <span class='ocrx_word' id='word_1_506' title='bbox 2215 2698 2445 2749; x_wconf 89' lang='lat' dir='ltr'><strong>animum</strong></span> <span class='ocrx_word' id='word_1_507' title='bbox 2476 2698 2585 2764; x_wconf 84' lang='lat' dir='ltr'><strong>ejus</strong></span> <span class='ocrx_word' id='word_1_508' title='bbox 2612 2701 2633 2731; x_wconf 82' lang='lat'><strong>’</strong></span> <span class='ocrx_word' id='word_1_509' title='bbox 2662 2700 2853 2749; x_wconf 87' lang='lat' dir='ltr'><strong>arctius</strong></span> <span class='ocrx_word' id='word_1_510' title='bbox 2883 2714 2976 2750; x_wconf 88' lang='lat' dir='ltr'><strong>suo</strong></span> <span class='ocrx_word' id='word_1_511' title='bbox 3003 2700 3051 2750; x_wconf 92' lang='lat' dir='ltr'><strong>in</strong></span> <span class='ocrx_word' id='word_1_512' title='bbox 3082 2702 3345 2763; x_wconf 83' lang='lat' dir='ltr'><strong>proposito</strong></span> <span class='ocrx_word' id='word_1_513' title='bbox 3374 2706 3590 2753; x_wconf 61' lang='lat' dir='ltr'><strong>tirninret</strong></span> 
     </span>
    </p>
   </div>
   <div class='ocr_carea' id='block_1_73' title="bbox 2072 2784 3588 2853">
    <p class='ocr_par' dir='ltr' id='par_1_73' title="bbox 2072 2784 3588 2853">
     <span class='ocr_line' id='line_1_73' title="bbox 2072 2784 3588 2853; baseline -0.001 -16"><span class='ocrx_word' id='word_1_514' title='bbox 2072 2800 2133 2837; x_wconf 89' lang='lat' dir='ltr'><strong>ac</strong></span> <span class='ocrx_word' id='word_1_515' title='bbox 2174 2784 2468 2838; x_wconf 85' lang='lat' dir='ltr'><strong>manifestis</strong></span> <span class='ocrx_word' id='word_1_516' title='bbox 2514 2786 2757 2838; x_wconf 82' lang='lat' dir='ltr'><strong>edoceret</strong></span> <span class='ocrx_word' id='word_1_517' title='bbox 2806 2785 3042 2846; x_wconf 89' lang='lat' dir='ltr'><strong>indiciis,</strong></span> <span class='ocrx_word' id='word_1_518' title='bbox 3086 2788 3204 2853; x_wconf 89' lang='lat' dir='ltr'><strong>quia</strong></span> <span class='ocrx_word' id='word_1_519' title='bbox 3255 2791 3588 2853; x_wconf 60' lang='lat' dir='ltr'><strong>quaer-utilius</strong></span> 
     </span>
    </p>
   </div>
   <div class='ocr_carea' id='block_1_74' title="bbox 2072 2874 3589 2943">
    <p class='ocr_par' dir='ltr' id='par_1_74' title="bbox 2072 2874 3589 2943">
     <span class='ocr_line' id='line_1_74' title="bbox 2072 2874 3589 2943; baseline 0 -16"><span class='ocrx_word' id='word_1_520' title='bbox 2072 2889 2282 2941; x_wconf 80' lang='lat' dir='ltr'><strong>regnum</strong></span> <span class='ocrx_word' id='word_1_521' title='bbox 2315 2874 2402 2927; x_wconf 89' lang='lat' dir='ltr'><strong>Dei</strong></span> <span class='ocrx_word' id='word_1_522' title='bbox 2442 2884 2489 2928; x_wconf 90' lang='lat' dir='ltr'><strong>et</strong></span> <span class='ocrx_word' id='word_1_523' title='bbox 2529 2874 2778 2943; x_wconf 88' lang='lat' dir='ltr'><strong>justitiam</strong></span> <span class='ocrx_word' id='word_1_524' title='bbox 2818 2874 2951 2942; x_wconf 86' lang='lat' dir='ltr'><strong>ejus,</strong></span> <span class='ocrx_word' id='word_1_525' title='bbox 2982 2884 3035 2928; x_wconf 93' lang='lat' dir='ltr'><strong>et</strong></span> <span class='ocrx_word' id='word_1_526' title='bbox 3069 2888 3127 2928; x_wconf 83' lang='lat' dir='ltr'><strong>ea</strong></span> <span class='ocrx_word' id='word_1_527' title='bbox 3158 2890 3274 2942; x_wconf 73' lang='lat' dir='ltr'><strong>qua:</strong></span> <span class='ocrx_word' id='word_1_528' title='bbox 3313 2876 3375 2927; x_wconf 91' lang='lat' dir='ltr'><strong>ad</strong></span> <span class='ocrx_word' id='word_1_529' title='bbox 3404 2878 3589 2928; x_wconf 82' lang='lat' dir='ltr'><strong>victum</strong></span> 
     </span>
    </p>
   </div>
   <div class='ocr_carea' id='block_1_75' title="bbox 2070 2964 3589 3030">
    <p class='ocr_par' dir='ltr' id='par_1_75' title="bbox 2070 2964 3589 3030">
     <span class='ocr_line' id='line_1_75' title="bbox 2070 2964 3589 3030; baseline 0 -13"><span class='ocrx_word' id='word_1_530' title='bbox 2070 2965 2303 3027; x_wconf 87' lang='lat' dir='ltr'><strong>corporis</strong></span> <span class='ocrx_word' id='word_1_531' title='bbox 2361 2966 2618 3030; x_wconf 66' lang='lat' dir='ltr'><strong>pertinent</strong></span> <span class='ocrx_word' id='word_1_532' title='bbox 2678 2964 2929 3017; x_wconf 86' lang='lat' dir='ltr'><strong>beneficio</strong></span> <span class='ocrx_word' id='word_1_533' title='bbox 2991 2964 3179 3016; x_wconf 69' lang='lat' dir='ltr'><strong>divinae</strong></span> <span class='ocrx_word' id='word_1_534' title='bbox 3243 2966 3589 3030; x_wconf 66' lang='lat' dir='ltr'><strong>promissionis</strong></span> 
     </span>
    </p>
   </div>
   <div class='ocr_carea' id='block_1_76' title="bbox 2073 3051 3588 3118">
    <p class='ocr_par' dir='ltr' id='par_1_76' title="bbox 2073 3051 3588 3118">
     <span class='ocr_line' id='line_1_76' title="bbox 2073 3051 3588 3118; baseline -0.003 -13"><span class='ocrx_word' id='word_1_535' title='bbox 2073 3053 2407 3118; x_wconf 86' lang='lat' dir='ltr'><strong>adjiciuntur.</strong></span> <span class='ocrx_word' id='word_1_536' title='bbox 2460 3051 2689 3115; x_wconf 86' lang='lat' dir='ltr'><strong>Quadam</strong></span> <span class='ocrx_word' id='word_1_537' title='bbox 2739 3065 2961 3118; x_wconf 88' lang='lat' dir='ltr'><strong>namque</strong></span> <span class='ocrx_word' id='word_1_538' title='bbox 3010 3051 3093 3104; x_wconf 88' lang='lat' dir='ltr'><strong>die</strong></span> <span class='ocrx_word' id='word_1_539' title='bbox 3141 3052 3261 3103; x_wconf 91' lang='lat' dir='ltr'><strong>dum</strong></span> <span class='ocrx_word' id='word_1_540' title='bbox 3312 3053 3406 3105; x_wconf 91' lang='lat' dir='ltr'><strong>iter</strong></span> <span class='ocrx_word' id='word_1_541' title='bbox 3454 3053 3588 3107; x_wconf 75' lang='lat' dir='ltr'><strong>solus</strong></span> 
     </span>
    </p>
   </div>
   <div class='ocr_carea' id='block_1_77' title="bbox 2074 3226 3585 3296">
    <p class='ocr_par' dir='ltr' id='par_1_77' title="bbox 2074 3226 3585 3296">
     <span class='ocr_line' id='line_1_77' title="bbox 2074 3226 3585 3296; baseline -0.001 -17"><span class='ocrx_word' id='word_1_542' title='bbox 2074 3230 2292 3296; x_wconf 85' lang='lat' dir='ltr'><strong>positam</strong></span> <span class='ocrx_word' id='word_1_543' title='bbox 2324 3226 2455 3281; x_wconf 81' lang='lat' dir='ltr'><strong>forte</strong></span> <span class='ocrx_word' id='word_1_544' title='bbox 2483 3226 2692 3293; x_wconf 84' lang='lat' dir='ltr'><strong>reperit.</strong></span> <span class='ocrx_word' id='word_1_545' title='bbox 2726 3226 3040 3292; x_wconf 87' lang='lat' dir='ltr'><strong>lntravitque</strong></span> <span class='ocrx_word' id='word_1_546' title='bbox 3066 3227 3278 3280; x_wconf 88' lang='lat' dir='ltr'><strong>domum</strong></span> <span class='ocrx_word' id='word_1_547' title='bbox 3323 3230 3585 3292; x_wconf 79' lang='lat' dir='ltr'><strong>cujusdam</strong></span> 
     </span>
    </p>
   </div>
   <div class='ocr_carea' id='block_1_78' title="bbox 2072 3314 3589 3382">
    <p class='ocr_par' dir='ltr' id='par_1_78' title="bbox 2072 3314 3589 3382">
     <span class='ocr_line' id='line_1_78' title="bbox 2072 3314 3589 3382; baseline -0.002 -13"><span class='ocrx_word' id='word_1_548' title='bbox 2072 3315 2323 3382; x_wconf 66' lang='lat' dir='ltr'><strong>religiosae</strong></span> <span class='ocrx_word' id='word_1_549' title='bbox 2355 3314 2531 3367; x_wconf 89' lang='lat' dir='ltr'><strong>matris</strong></span> <span class='ocrx_word' id='word_1_550' title='bbox 2555 3314 2800 3376; x_wconf 85' lang='lat' dir='ltr'><strong>familias,</strong></span> <span class='ocrx_word' id='word_1_551' title='bbox 2831 3315 3087 3379; x_wconf 89' lang='lat' dir='ltr'><strong>paululum</strong></span> <span class='ocrx_word' id='word_1_552' title='bbox 3119 3314 3304 3365; x_wconf 87' lang='lat' dir='ltr'><strong>ibidem</strong></span> <span class='ocrx_word' id='word_1_553' title='bbox 3334 3316 3487 3379; x_wconf 65' lang='lat' dir='ltr'><strong>quiest</strong></span> <span class='ocrx_word' id='word_1_554' title='bbox 3504 3331 3589 3366; x_wconf 83' lang='lat' dir='ltr'><strong>ere</strong></span> 
     </span>
    </p>
   </div>
   <div class='ocr_carea' id='block_1_79' title="bbox 2072 3398 3587 3467">
    <p class='ocr_par' dir='ltr' id='par_1_79' title="bbox 2072 3398 3587 3467">
     <span class='ocr_line' id='line_1_79' title="bbox 2072 3398 3587 3467; baseline -0.003 -12"><span class='ocrx_word' id='word_1_555' title='bbox 2072 3402 2394 3462; x_wconf 86' lang='lat' dir='ltr'><strong>desiderans,</strong></span> <span class='ocrx_word' id='word_1_556' title='bbox 2436 3409 2488 3451; x_wconf 91' lang='lat' dir='ltr'><strong>et</strong></span> <span class='ocrx_word' id='word_1_557' title='bbox 2522 3399 2759 3466; x_wconf 88' lang='lat' dir='ltr'><strong>jumento</strong></span> <span class='ocrx_word' id='word_1_558' title='bbox 2798 3400 2967 3464; x_wconf 81' lang='lat' dir='ltr'><strong>potius</strong></span> <span class='ocrx_word' id='word_1_559' title='bbox 2991 3398 3071 3450; x_wconf 84' lang='lat' dir='ltr'><strong>cui</strong></span> <span class='ocrx_word' id='word_1_560' title='bbox 3106 3400 3147 3430; x_wconf 77' lang='lat'><strong>“</strong></span> <span class='ocrx_word' id='word_1_561' title='bbox 3175 3399 3406 3463; x_wconf 72' lang='lat' dir='ltr'><strong>sedebat,</strong></span> <span class='ocrx_word' id='word_1_562' title='bbox 3446 3415 3587 3467; x_wconf 79' lang='lat' dir='ltr'><strong>quam</strong></span> 
     </span>
    </p>
   </div>
   <div class='ocr_carea' id='block_1_80' title="bbox 2070 3490 3587 3555">
    <p class='ocr_par' dir='ltr' id='par_1_80' title="bbox 2070 3490 3587 3555">
     <span class='ocr_line' id='line_1_80' title="bbox 2070 3490 3587 3555; baseline 0.001 -13"><span class='ocrx_word' id='word_1_563' title='bbox 2070 3491 2166 3543; x_wconf 89' lang='lat' dir='ltr'><strong>sibi</strong></span> <span class='ocrx_word' id='word_1_564' title='bbox 2204 3490 2502 3542; x_wconf 87' lang='lat' dir='ltr'><strong>alimentum</strong></span> <span class='ocrx_word' id='word_1_565' title='bbox 2544 3502 2757 3553; x_wconf 87' lang='lat' dir='ltr'><strong>poscere</strong></span> <span class='ocrx_word' id='word_1_566' title='bbox 2799 3502 3014 3549; x_wconf 89' lang='lat' dir='ltr'><strong>curans;</strong></span> <span class='ocrx_word' id='word_1_567' title='bbox 3064 3497 3175 3540; x_wconf 90' lang='lat' dir='ltr'><strong>erat</strong></span> <span class='ocrx_word' id='word_1_568' title='bbox 3221 3490 3359 3541; x_wconf 89' lang='lat' dir='ltr'><strong>enim</strong></span> <span class='ocrx_word' id='word_1_569' title='bbox 3398 3500 3587 3555; x_wconf 81' lang='lat' dir='ltr'><strong>tempus</strong></span> 
     </span>
    </p>
   </div>
   <div class='ocr_carea' id='block_1_81' title="bbox 2074 3575 3583 3644">
    <p class='ocr_par' dir='ltr' id='par_1_81' title="bbox 2074 3575 3583 3644">
     <span class='ocr_line' id='line_1_81' title="bbox 2074 3575 3583 3644; baseline -0.001 -15"><span class='ocrx_word' id='word_1_570' title='bbox 2074 3578 2364 3644; x_wconf 86' lang='lat' dir='ltr'><strong>incipientis</strong></span> <span class='ocrx_word' id='word_1_571' title='bbox 2410 3578 2625 3631; x_wconf 69' lang='lat' dir='ltr'><strong>brumae.</strong></span> <span class='ocrx_word' id='word_1_572' title='bbox 2666 3575 2909 3643; x_wconf 88' lang='lat' dir='ltr'><strong>Suscepit</strong></span> <span class='ocrx_word' id='word_1_573' title='bbox 2938 3591 3062 3643; x_wconf 80' lang='lat' dir='ltr'><strong>ergo</strong></span> <span class='ocrx_word' id='word_1_574' title='bbox 3088 3590 3205 3629; x_wconf 89' lang='lat' dir='ltr'><strong>eum</strong></span> <span class='ocrx_word' id='word_1_575' title='bbox 3238 3576 3421 3629; x_wconf 85' lang='lat' dir='ltr'><strong>mulier</strong></span> <span class='ocrx_word' id='word_1_576' title='bbox 3452 3578 3583 3630; x_wconf 81' lang='lat' dir='ltr'><strong>beni-</strong></span> 
     </span>
    </p>
   </div>
   <div class='ocr_carea' id='block_1_82' title="bbox 2024 3663 3588 3733">
    <p class='ocr_par' dir='ltr' id='par_1_82' title="bbox 2024 3663 3588 3733">
     <span class='ocr_line' id='line_1_82' title="bbox 2024 3663 3588 3733; baseline -0.002 -17"><span class='ocrx_word' id='word_1_577' title='bbox 2024 3722 2027 3723; x_wconf 23' lang='grc' dir='ltr'><em>ν</em></span> <span class='ocrx_word' id='word_1_578' title='bbox 2070 3682 2189 3733; x_wconf 82' lang='lat' dir='ltr'><strong>gne,</strong></span> <span class='ocrx_word' id='word_1_579' title='bbox 2220 3666 2518 3732; x_wconf 78' lang='lat' dir='ltr'><strong>rogavitque</strong></span> <span class='ocrx_word' id='word_1_580' title='bbox 2560 3664 2785 3715; x_wconf 88' lang='lat' dir='ltr'><strong>sollicite</strong></span> <span class='ocrx_word' id='word_1_581' title='bbox 2823 3673 2875 3714; x_wconf 92' lang='lat' dir='ltr'><strong>ut</strong></span> <span class='ocrx_word' id='word_1_582' title='bbox 2915 3663 3186 3729; x_wconf 85' lang='lat' dir='ltr'><strong>prandium</strong></span> <span class='ocrx_word' id='word_1_583' title='bbox 3228 3678 3407 3729; x_wconf 84' lang='lat' dir='ltr'><strong>parare</strong></span> <span class='ocrx_word' id='word_1_584' title='bbox 3446 3676 3588 3729; x_wconf 81' lang='lat' dir='ltr'><strong>atque</strong></span> 
     </span>
    </p>
   </div>
   <div class='ocr_carea' id='block_1_83' title="bbox 2072 3750 3585 3817">
    <p class='ocr_par' dir='ltr' id='par_1_83' title="bbox 2072 3750 3585 3817">
     <span class='ocr_line' id='line_1_83' title="bbox 2072 3750 3585 3817; baseline -0.005 -11"><span class='ocrx_word' id='word_1_585' title='bbox 2072 3755 2217 3807; x_wconf 89' lang='lat' dir='ltr'><strong>illum</strong></span> <span class='ocrx_word' id='word_1_586' title='bbox 2262 3755 2478 3807; x_wconf 88' lang='lat' dir='ltr'><strong>reficere</strong></span> <span class='ocrx_word' id='word_1_587' title='bbox 2526 3752 2723 3804; x_wconf 90' lang='lat' dir='ltr'><strong>liceret.</strong></span> <span class='ocrx_word' id='word_1_588' title='bbox 2768 3750 2979 3817; x_wconf 72' lang='lat' dir='ltr'><strong>Negavit</strong></span> <span class='ocrx_word' id='word_1_589' title='bbox 3024 3751 3100 3800; x_wconf 90' lang='lat' dir='ltr'><strong>vir</strong></span> <span class='ocrx_word' id='word_1_590' title='bbox 3133 3750 3375 3802; x_wconf 82' lang='lat' dir='ltr'><strong>Domini:</strong></span> <span class='ocrx_word' id='word_1_591' title='bbox 3434 3769 3452 3799; x_wconf 80' lang='grc' dir='ltr'>σ</span> <span class='ocrx_word' id='word_1_592' title='bbox 3487 3750 3585 3801; x_wconf 70' lang='lat' dir='ltr'><strong>Non</strong></span> 
     </span>
    </p>
   </div>
   <div class='ocr_carea' id='block_1_84' title="bbox 2074 3821 3587 3905">
    <p class='ocr_par' dir='ltr' id='par_1_84' title="bbox 2074 3821 3587 3905">
     <span class='ocr_line' id='line_1_84' title="bbox 2074 3821 3587 3905; baseline -0.003 -14"><span class='ocrx_word' id='word_1_593' title='bbox 2074 3854 2304 3905; x_wconf 89' lang='lat' dir='ltr'><strong>possum,</strong></span> <span class='ocrx_word' id='word_1_594' title='bbox 2336 3839 2593 3904; x_wconf 84' lang='lat' dir='ltr'><strong>inquiens.</strong></span> <span class='ocrx_word' id='word_1_595' title='bbox 2618 3821 2796 3888; x_wconf 79' lang='lat' dir='ltr'><strong>adhuc</strong></span> <span class='ocrx_word' id='word_1_596' title='bbox 2830 3836 3160 3898; x_wconf 86' lang='lat' dir='ltr'><strong>manducare,</strong></span> <span class='ocrx_word' id='word_1_597' title='bbox 3182 3836 3299 3904; x_wconf 89' lang='lat' dir='ltr'><strong>quia</strong></span> <span class='ocrx_word' id='word_1_598' title='bbox 3328 3837 3439 3887; x_wconf 85' lang='lat' dir='ltr'><strong>dies</strong></span> <span class='ocrx_word' id='word_1_599' title='bbox 3464 3836 3587 3902; x_wconf 69' lang='lat' dir='ltr'><strong>jeju-</strong></span> 
     </span>
    </p>
   </div>
   <div class='ocr_carea' id='block_1_85' title="bbox 2078 3921 3588 3989">
    <p class='ocr_par' dir='ltr' id='par_1_85' title="bbox 2078 3921 3588 3989">
     <span class='ocr_line' id='line_1_85' title="bbox 2078 3921 3588 3989; baseline -0.003 -12"><span class='ocrx_word' id='word_1_600' title='bbox 2078 3928 2145 3978; x_wconf 92' lang='lat' dir='ltr'><strong>nii</strong></span> <span class='ocrx_word' id='word_1_601' title='bbox 2173 3938 2273 3988; x_wconf 89' lang='lat' dir='ltr'><strong>est,</strong></span> <span class='ocrx_word' id='word_1_602' title='bbox 2305 3945 2321 3974; x_wconf 73' lang='grc' dir='ltr'><strong>ι</strong></span> <span class='ocrx_word' id='word_1_603' title='bbox 2355 3938 2459 3976; x_wconf 90' lang='lat' dir='ltr'><strong>erat</strong></span> <span class='ocrx_word' id='word_1_604' title='bbox 2496 3937 2714 3989; x_wconf 88' lang='lat' dir='ltr'><strong>namque</strong></span> <span class='ocrx_word' id='word_1_605' title='bbox 2746 3933 2895 3975; x_wconf 68' lang='lat' dir='ltr'><strong>sexta</strong></span> <span class='ocrx_word' id='word_1_606' title='bbox 2923 3921 3133 3975; x_wconf 89' lang='lat' dir='ltr'><strong>Sabbati</strong></span> <span class='ocrx_word' id='word_1_607' title='bbox 3159 3936 3259 3987; x_wconf 87' lang='lat' dir='ltr'><strong>qua</strong></span> <span class='ocrx_word' id='word_1_608' title='bbox 3287 3922 3511 3987; x_wconf 76' lang='lat' dir='ltr'><strong>plerique</strong></span> <span class='ocrx_word' id='word_1_609' title='bbox 3536 3925 3588 3972; x_wconf 86' lang='lat' dir='ltr'><strong>li—</strong></span> 
     </span>
    </p>
   </div>
   <div class='ocr_carea' id='block_1_86' title="bbox 2076 4010 3587 4076">
    <p class='ocr_par' dir='ltr' id='par_1_86' title="bbox 2076 4010 3587 4076">
     <span class='ocr_line' id='line_1_86' title="bbox 2076 4010 3587 4076; baseline -0.003 -10"><span class='ocrx_word' id='word_1_610' title='bbox 2076 4016 2265 4071; x_wconf 86' lang='lat' dir='ltr'><strong>dclium</strong></span> <span class='ocrx_word' id='word_1_611' title='bbox 2310 4013 2376 4065; x_wconf 92' lang='lat' dir='ltr'><strong>ob</strong></span> <span class='ocrx_word' id='word_1_612' title='bbox 2423 4014 2761 4065; x_wconf 90' lang='lat' dir='ltr'><strong>reverentiam</strong></span> <span class='ocrx_word' id='word_1_613' title='bbox 2812 4010 3391 4076; x_wconf 61' lang='lat' dir='ltr'><strong>Dominicaz-passiouis</strong></span> <span class='ocrx_word' id='word_1_614' title='bbox 3438 4025 3587 4075; x_wconf 63' lang='lat' dir='ltr'><strong>usque</strong></span> 
     </span>
    </p>
   </div>
   <div class='ocr_carea' id='block_1_87' title="bbox 2078 4099 3585 4167">
    <p class='ocr_par' dir='ltr' id='par_1_87' title="bbox 2078 4099 3585 4167">
     <span class='ocr_line' id='line_1_87' title="bbox 2078 4099 3585 4167; baseline -0.005 -11"><span class='ocrx_word' id='word_1_615' title='bbox 2078 4106 2140 4156; x_wconf 87' lang='lat' dir='ltr'><strong>ad</strong></span> <span class='ocrx_word' id='word_1_616' title='bbox 2208 4118 2397 4155; x_wconf 90' lang='lat' dir='ltr'><strong>nouam</strong></span> <span class='ocrx_word' id='word_1_617' title='bbox 2467 4114 2487 4139; x_wconf 71' lang='grc' dir='ltr'>ε</span> <span class='ocrx_word' id='word_1_618' title='bbox 2542 4104 2719 4154; x_wconf 90' lang='lat' dir='ltr'><strong>horam</strong></span> <span class='ocrx_word' id='word_1_619' title='bbox 2783 4101 2951 4153; x_wconf 91' lang='lat' dir='ltr'><strong>solent</strong></span> <span class='ocrx_word' id='word_1_620' title='bbox 3018 4100 3275 4167; x_wconf 86' lang='lat' dir='ltr'><strong>protelare</strong></span> <span class='ocrx_word' id='word_1_621' title='bbox 3324 4099 3585 4167; x_wconf 77' lang='lat' dir='ltr'><strong>jejunium.</strong></span> 
     </span>
    </p>
   </div>
   <div class='ocr_carea' id='block_1_88' title="bbox 2085 4190 3586 4258">
    <p class='ocr_par' dir='ltr' id='par_1_88' title="bbox 2085 4190 3586 4258">
     <span class='ocr_line' id='line_1_88' title="bbox 2085 4190 3586 4258; baseline -0.003 -13"><span class='ocrx_word' id='word_1_622' title='bbox 2085 4193 2315 4246; x_wconf 82' lang='lat' dir='ltr'><strong>l’erstitit</strong></span> <span class='ocrx_word' id='word_1_623' title='bbox 2362 4194 2413 4245; x_wconf 92' lang='lat' dir='ltr'><strong>in</strong></span> <span class='ocrx_word' id='word_1_624' title='bbox 2458 4191 2687 4257; x_wconf 85' lang='lat' dir='ltr'><strong>rogando</strong></span> <span class='ocrx_word' id='word_1_625' title='bbox 2734 4191 2956 4254; x_wconf 88' lang='lat' dir='ltr'><strong>mulier,</strong></span> <span class='ocrx_word' id='word_1_626' title='bbox 3015 4190 3378 4258; x_wconf 85' lang='lat' dir='ltr'><strong>hOSpitalitatis</strong></span> <span class='ocrx_word' id='word_1_627' title='bbox 3424 4190 3586 4242; x_wconf 88' lang='lat' dir='ltr'><strong>studio</strong></span> 
     </span>
    </p>
   </div>
   <div class='ocr_carea' id='block_1_89' title="bbox 1344 4271 2637 4333">
    <p class='ocr_par' dir='ltr' id='par_1_89' title="bbox 1344 4271 2637 4333">
     <span class='ocr_line' id='line_1_89' title="bbox 1344 4271 2637 4333; baseline 0.005 -11"><span class='ocrx_word' id='word_1_628' title='bbox 1344 4271 1791 4327; x_wconf 71' lang='lat' dir='ltr'><strong>VULGATURUM</strong></span> <span class='ocrx_word' id='word_1_629' title='bbox 1842 4275 2215 4333; x_wconf 77' lang='lat' dir='ltr'><strong>VARIANTES</strong></span> <span class='ocrx_word' id='word_1_630' title='bbox 2253 4277 2637 4331; x_wconf 70' lang='lat' dir='ltr'><strong>LECTIONES.</strong></span> 
     </span>
    </p>
   </div>
   <div class='ocr_carea' id='block_1_90' title="bbox 529 4361 1425 4428">
    <p class='ocr_par' dir='ltr' id='par_1_90' title="bbox 529 4361 1425 4428">
     <span class='ocr_line' id='line_1_90' title="bbox 529 4361 1425 4428; baseline -0.002 -17"><span class='ocrx_word' id='word_1_631' title='bbox 529 4373 542 4399; x_wconf 83' lang='grc' dir='ltr'>ι</span> <span class='ocrx_word' id='word_1_632' title='bbox 588 4364 713 4425; x_wconf 79' lang='lat' dir='ltr'><strong>Quin</strong></span> <span class='ocrx_word' id='word_1_633' title='bbox 729 4378 807 4428; x_wconf 69' lang='lat' dir='ltr'><strong>[ne</strong></span> <span class='ocrx_word' id='word_1_634' title='bbox 837 4364 962 4412; x_wconf 86' lang='lat' dir='ltr'><strong>enim</strong></span> <span class='ocrx_word' id='word_1_635' title='bbox 983 4371 1110 4411; x_wconf 82' lang='lat' dir='ltr'><strong>rates</strong></span> <span class='ocrx_word' id='word_1_636' title='bbox 1135 4361 1425 4418; x_wconf 48' lang='lat' dir='ltr'><strong>insidentes,</strong></span> 
     </span>
    </p>
   </div>
   <div class='ocr_carea' id='block_1_91' title="bbox 526 4432 866 4497">
    <p class='ocr_par' dir='ltr' id='par_1_91' title="bbox 526 4432 866 4497">
     <span class='ocr_line' id='line_1_91' title="bbox 526 4432 866 4497; baseline -0.009 -15"><span class='ocrx_word' id='word_1_637' title='bbox 526 4434 545 4462; x_wconf 83' lang='grc'>⁸</span> <span class='ocrx_word' id='word_1_638' title='bbox 586 4432 866 4497; x_wconf 78' lang='lat' dir='ltr'><strong>Deprecari.</strong></span> 
     </span>
    </p>
   </div>
   <div class='ocr_carea' id='block_1_92' title="bbox 526 4495 1286 4562">
    <p class='ocr_par' dir='ltr' id='par_1_92' title="bbox 526 4495 1286 4562">
     <span class='ocr_line' id='line_1_92' title="bbox 526 4495 1286 4562; baseline -0.007 -10"><span class='ocrx_word' id='word_1_639' title='bbox 526 4500 547 4530; x_wconf 86' lang='grc'><strong><em>⁸</em></strong></span> <span class='ocrx_word' id='word_1_640' title='bbox 588 4495 751 4551; x_wconf 76' lang='lat' dir='ltr'><strong>Nouus</strong></span> <span class='ocrx_word' id='word_1_641' title='bbox 779 4495 988 4562; x_wconf 85' lang='lat' dir='ltr'><strong>qualiter</strong></span> <span class='ocrx_word' id='word_1_642' title='bbox 1017 4495 1286 4547; x_wconf 80' lang='lat' dir='ltr'><strong>observare.</strong></span> 
     </span>
    </p>
   </div>
   <div class='ocr_carea' id='block_1_93' title="bbox 528 4565 973 4618">
    <p class='ocr_par' dir='ltr' id='par_1_93' title="bbox 528 4565 973 4618">
     <span class='ocr_line' id='line_1_93' title="bbox 528 4565 973 4618; baseline -0.011 0"><span class='ocrx_word' id='word_1_643' title='bbox 528 4568 549 4597; x_wconf 74' lang='grc'><strong>⁸</strong></span> <span class='ocrx_word' id='word_1_644' title='bbox 590 4568 780 4618; x_wconf 76' lang='lat' dir='ltr'><strong>Extunc</strong></span> <span class='ocrx_word' id='word_1_645' title='bbox 807 4565 973 4615; x_wconf 83' lang='lat' dir='ltr'><strong>laude.</strong></span> 
     </span>
    </p>
   </div>
   <div class='ocr_carea' id='block_1_94' title="bbox 530 4630 1228 4697">
    <p class='ocr_par' dir='ltr' id='par_1_94' title="bbox 530 4630 1228 4697">
     <span class='ocr_line' id='line_1_94' title="bbox 530 4630 1228 4697; baseline -0.007 -12"><span class='ocrx_word' id='word_1_646' title='bbox 530 4636 549 4665; x_wconf 85' lang='lat'><strong>&#39;</strong></span> <span class='ocrx_word' id='word_1_647' title='bbox 585 4635 763 4686; x_wconf 78' lang='lat' dir='ltr'><strong>Aidani</strong></span> <span class='ocrx_word' id='word_1_648' title='bbox 786 4630 1228 4697; x_wconf 70' lang='lat' dir='ltr'><strong>Lindisfarnensis.</strong></span> 
     </span>
    </p>
   </div>
   <div class='ocr_carea' id='block_1_95' title="bbox 2001 4366 2698 4428">
    <p class='ocr_par' dir='ltr' id='par_1_95' title="bbox 2001 4366 2698 4428">
     <span class='ocr_line' id='line_1_95' title="bbox 2001 4366 2698 4428; baseline -0.013 -7"><span class='ocrx_word' id='word_1_649' title='bbox 2001 4372 2049 4428; x_wconf 80' lang='grc' dir='ltr'><strong>Ι)</strong></span> <span class='ocrx_word' id='word_1_650' title='bbox 2141 4367 2161 4395; x_wconf 76' lang='grc'>⁸</span> <span class='ocrx_word' id='word_1_651' title='bbox 2202 4366 2416 4418; x_wconf 83' lang='lat' dir='ltr'><strong>Remotis</strong></span> <span class='ocrx_word' id='word_1_652' title='bbox 2437 4366 2698 4415; x_wconf 79' lang='lat' dir='ltr'><strong>montibus.</strong></span> 
     </span>
    </p>
   </div>
   <div class='ocr_carea' id='block_1_96' title="bbox 2140 4431 2562 4497">
    <p class='ocr_par' dir='ltr' id='par_1_96' title="bbox 2140 4431 2562 4497">
     <span class='ocr_line' id='line_1_96' title="bbox 2140 4431 2562 4497; baseline -0.002 -15"><span class='ocrx_word' id='word_1_653' title='bbox 2140 4434 2159 4497; x_wconf 67' lang='grc' dir='ltr'>ἶ</span> <span class='ocrx_word' id='word_1_654' title='bbox 2201 4431 2362 4497; x_wconf 86' lang='lat' dir='ltr'><strong>Rapta</strong></span> <span class='ocrx_word' id='word_1_655' title='bbox 2383 4448 2562 4483; x_wconf 82' lang='lat' dir='ltr'><strong>secum.</strong></span> 
     </span>
    </p>
   </div>
   <div class='ocr_carea' id='block_1_97' title="bbox 2143 4494 2601 4551">
    <p class='ocr_par' dir='ltr' id='par_1_97' title="bbox 2143 4494 2601 4551">
     <span class='ocr_line' id='line_1_97' title="bbox 2143 4494 2601 4551; baseline -0.002 -2"><span class='ocrx_word' id='word_1_656' title='bbox 2143 4494 2163 4522; x_wconf 82' lang='grc'><strong>⁸</strong></span> <span class='ocrx_word' id='word_1_657' title='bbox 2201 4494 2442 4551; x_wconf 78' lang='lat' dir='ltr'><strong>Inductus</strong></span> <span class='ocrx_word' id='word_1_658' title='bbox 2476 4500 2601 4549; x_wconf 58' lang='lat' dir='ltr'><strong>illic.</strong></span> 
     </span>
    </p>
   </div>
   <div class='ocr_carea' id='block_1_98' title="bbox 2145 4566 2767 4633">
    <p class='ocr_par' dir='ltr' id='par_1_98' title="bbox 2145 4566 2767 4633">
     <span class='ocr_line' id='line_1_98' title="bbox 2145 4566 2767 4633; baseline -0.002 -15"><span class='ocrx_word' id='word_1_659' title='bbox 2145 4570 2165 4599; x_wconf 83' lang='grc'><strong>⁹</strong></span> <span class='ocrx_word' id='word_1_660' title='bbox 2204 4569 2395 4619; x_wconf 76' lang='lat' dir='ltr'><strong>Arctius</strong></span> <span class='ocrx_word' id='word_1_661' title='bbox 2420 4569 2468 4617; x_wconf 85' lang='lat' dir='ltr'><strong>in</strong></span> <span class='ocrx_word' id='word_1_662' title='bbox 2492 4566 2767 4633; x_wconf 73' lang='lat' dir='ltr'><strong>proposito.</strong></span> 
     </span>
    </p>
   </div>
   <div class='ocr_carea' id='block_1_99' title="bbox 2148 4635 2496 4687">
    <p class='ocr_par' dir='ltr' id='par_1_99' title="bbox 2148 4635 2496 4687">
     <span class='ocr_line' id='line_1_99' title="bbox 2148 4635 2496 4687; baseline -0.006 0"><span class='ocrx_word' id='word_1_663' title='bbox 2148 4637 2187 4666; x_wconf 86' lang='grc'><strong>¹⁰</strong></span> <span class='ocrx_word' id='word_1_664' title='bbox 2226 4635 2496 4687; x_wconf 77' lang='lat' dir='ltr'><strong>Insidebat.</strong></span> 
     </span>
    </p>
   </div>
   <div class='ocr_carea' id='block_1_100' title="bbox 1753 4722 2353 4779">
    <p class='ocr_par' dir='ltr' id='par_1_100' title="bbox 1753 4722 2353 4779">
     <span class='ocr_line' id='line_1_100' title="bbox 1753 4722 2353 4779; baseline 0.005 -7"><span class='ocrx_word' id='word_1_665' title='bbox 1753 4722 2096 4779; x_wconf 79' lang='lat' dir='ltr'><strong>VARIORUM</strong></span> <span class='ocrx_word' id='word_1_666' title='bbox 2134 4724 2353 4776; x_wconf 67' lang='grc' dir='ltr'><strong>ΝΟΤιΕ.</strong></span> 
     </span>
    </p>
   </div>
   <div class='ocr_carea' id='block_1_101' title="bbox 536 4809 1975 4877">
    <p class='ocr_par' dir='ltr' id='par_1_101' title="bbox 536 4809 1975 4877">
     <span class='ocr_line' id='line_1_101' title="bbox 536 4809 1975 4877; baseline -0.003 -10"><span class='ocrx_word' id='word_1_667' title='bbox 536 4824 561 4853; x_wconf 78' lang='grc'><strong><em>⁸</em></strong></span> <span class='ocrx_word' id='word_1_668' title='bbox 595 4816 658 4867; x_wconf 71' lang='grc' dir='ltr'><em>λη</em></span> <span class='ocrx_word' id='word_1_669' title='bbox 696 4818 957 4865; x_wconf 81' lang='lat' dir='ltr'><strong>manubiis.</strong></span> <span class='ocrx_word' id='word_1_670' title='bbox 1005 4812 1197 4877; x_wconf 79' lang='lat' dir='ltr'><strong>Nempe</strong></span> <span class='ocrx_word' id='word_1_671' title='bbox 1237 4810 1378 4875; x_wconf 77' lang='lat' dir='ltr'><strong>juxta</strong></span> <span class='ocrx_word' id='word_1_672' title='bbox 1429 4810 1635 4861; x_wconf 88' lang='lat' dir='ltr'><strong>fluvium</strong></span> <span class='ocrx_word' id='word_1_673' title='bbox 1672 4809 1855 4873; x_wconf 87' lang='lat' dir='ltr'><strong>Leder,</strong></span> <span class='ocrx_word' id='word_1_674' title='bbox 1904 4813 1975 4863; x_wconf 92' lang='lat' dir='ltr'><strong>uti</strong></span> 
     </span>
    </p>
   </div>
   <div class='ocr_carea' id='block_1_102' title="bbox 461 4877 1967 4942">
    <p class='ocr_par' dir='ltr' id='par_1_102' title="bbox 461 4877 1967 4942">
     <span class='ocr_line' id='line_1_102' title="bbox 461 4877 1967 4942; baseline -0.005 -4"><span class='ocrx_word' id='word_1_675' title='bbox 461 4885 642 4938; x_wconf 82' lang='lat' dir='ltr'><strong>scribit</strong></span> <span class='ocrx_word' id='word_1_676' title='bbox 683 4882 811 4935; x_wconf 87' lang='lat' dir='ltr'><strong>Sint.</strong></span> <span class='ocrx_word' id='word_1_677' title='bbox 845 4879 998 4933; x_wconf 85' lang='lat' dir='ltr'><strong>Dun.,</strong></span> <span class='ocrx_word' id='word_1_678' title='bbox 1050 4894 1097 4942; x_wconf 93' lang='lat' dir='ltr'><strong>p.</strong></span> <span class='ocrx_word' id='word_1_679' title='bbox 1130 4882 1182 4928; x_wconf 68' lang='lat'><strong>2.</strong></span> <span class='ocrx_word' id='word_1_680' title='bbox 1227 4880 1322 4939; x_wconf 78' lang='lat' dir='ltr'><strong>Qui</strong></span> <span class='ocrx_word' id='word_1_681' title='bbox 1363 4878 1549 4930; x_wconf 61' lang='lat' dir='ltr'><strong>Sentiat</strong></span> <span class='ocrx_word' id='word_1_682' title='bbox 1591 4877 1771 4931; x_wconf 83' lang='lat' dir='ltr'><strong>fluvius</strong></span> <span class='ocrx_word' id='word_1_683' title='bbox 1813 4880 1967 4931; x_wconf 85' lang='lat' dir='ltr'><strong>hodie</strong></span> 
     </span>
    </p>
   </div>
   <div class='ocr_carea' id='block_1_103' title="bbox 464 4946 1976 5011">
    <p class='ocr_par' dir='ltr' id='par_1_103' title="bbox 464 4946 1976 5011">
     <span class='ocr_line' id='line_1_103' title="bbox 464 4946 1976 5011; baseline -0.003 -8"><span class='ocrx_word' id='word_1_684' title='bbox 464 4953 660 5003; x_wconf 77' lang='lat' dir='ltr'><strong>Lauder</strong></span> <span class='ocrx_word' id='word_1_685' title='bbox 684 4952 872 5001; x_wconf 88' lang='lat' dir='ltr'><strong>dicitur</strong></span> <span class='ocrx_word' id='word_1_686' title='bbox 902 4948 949 4997; x_wconf 91' lang='lat' dir='ltr'><strong>in</strong></span> <span class='ocrx_word' id='word_1_687' title='bbox 989 4946 1135 4996; x_wconf 85' lang='lat' dir='ltr'><strong>Tvidi</strong></span> <span class='ocrx_word' id='word_1_688' title='bbox 1167 4960 1363 4996; x_wconf 85' lang='lat' dir='ltr'><strong>amnem</strong></span> <span class='ocrx_word' id='word_1_689' title='bbox 1392 4946 1571 4997; x_wconf 85' lang='lat' dir='ltr'><strong>fluens.</strong></span> <span class='ocrx_word' id='word_1_690' title='bbox 1605 4946 1729 4997; x_wconf 89' lang='lat' dir='ltr'><strong>llinc</strong></span> <span class='ocrx_word' id='word_1_691' title='bbox 1752 4948 1976 5011; x_wconf 87' lang='lat' dir='ltr'><strong>intellige</strong></span> 
     </span>
    </p>
   </div>
   <div class='ocr_carea' id='block_1_104' title="bbox 464 5012 1976 5079">
    <p class='ocr_par' dir='ltr' id='par_1_104' title="bbox 464 5012 1976 5079">
     <span class='ocr_line' id='line_1_104' title="bbox 464 5012 1976 5079; baseline -0.004 -8"><span class='ocrx_word' id='word_1_692' title='bbox 464 5019 804 5072; x_wconf 83' lang='lat' dir='ltr'><strong>Cudberctum</strong></span> <span class='ocrx_word' id='word_1_693' title='bbox 856 5016 905 5067; x_wconf 89' lang='lat' dir='ltr'><strong>in</strong></span> <span class='ocrx_word' id='word_1_694' title='bbox 948 5012 1186 5066; x_wconf 91' lang='lat' dir='ltr'><strong>orientali</strong></span> <span class='ocrx_word' id='word_1_695' title='bbox 1236 5013 1493 5064; x_wconf 73' lang='lat' dir='ltr'><strong>hodierna:</strong></span> <span class='ocrx_word' id='word_1_696' title='bbox 1535 5014 1723 5066; x_wconf 74' lang='lat' dir='ltr'><strong>Scotize</strong></span> <span class='ocrx_word' id='word_1_697' title='bbox 1767 5014 1976 5079; x_wconf 81' lang='lat' dir='ltr'><strong>regione</strong></span> 
     </span>
    </p>
   </div>
   <div class='ocr_carea' id='block_1_105' title="bbox 465 5082 1004 5141">
    <p class='ocr_par' dir='ltr' id='par_1_105' title="bbox 465 5082 1004 5141">
     <span class='ocr_line' id='line_1_105' title="bbox 465 5082 1004 5141; baseline -0.015 0"><span class='ocrx_word' id='word_1_698' title='bbox 465 5098 635 5141; x_wconf 79' lang='lat' dir='ltr'><strong>natum</strong></span> <span class='ocrx_word' id='word_1_699' title='bbox 664 5097 796 5136; x_wconf 86' lang='lat' dir='ltr'><strong>esse.</strong></span> <span class='ocrx_word' id='word_1_700' title='bbox 819 5082 1004 5135; x_wconf 78' lang='lat' dir='ltr'><strong>Slt&#39;ru.</strong></span> 
     </span>
    </p>
   </div>
   <div class='ocr_carea' id='block_1_106' title="bbox 531 5145 1975 5214">
    <p class='ocr_par' dir='ltr' id='par_1_106' title="bbox 531 5145 1975 5214">
     <span class='ocr_line' id='line_1_106' title="bbox 531 5145 1975 5214; baseline -0.007 -7"><span class='ocrx_word' id='word_1_701' title='bbox 531 5154 558 5190; x_wconf 65' lang='grc' dir='ltr'>δ</span> <span class='ocrx_word' id='word_1_702' title='bbox 599 5152 803 5206; x_wconf 84' lang='lat' dir='ltr'><strong>Statim.</strong></span> <span class='ocrx_word' id='word_1_703' title='bbox 832 5153 929 5202; x_wconf 87' lang='lat' dir='ltr'><strong>An.</strong></span> <span class='ocrx_word' id='word_1_704' title='bbox 968 5164 1042 5201; x_wconf 87' lang='lat' dir='ltr'><strong>sc.</strong></span> <span class='ocrx_word' id='word_1_705' title='bbox 1071 5147 1190 5208; x_wconf 74' lang='grc'><strong>651,</strong></span> <span class='ocrx_word' id='word_1_706' title='bbox 1213 5160 1315 5213; x_wconf 90' lang='lat' dir='ltr'><strong>quo</strong></span> <span class='ocrx_word' id='word_1_707' title='bbox 1348 5145 1515 5198; x_wconf 67' lang='lat' dir='ltr'><strong>Edan</strong></span> <span class='ocrx_word' id='word_1_708' title='bbox 1540 5148 1809 5214; x_wconf 89' lang='lat' dir='ltr'><strong>episcopus</strong></span> <span class='ocrx_word' id='word_1_709' title='bbox 1829 5147 1975 5209; x_wconf 88' lang='lat' dir='ltr'><strong>obiit,</strong></span> 
     </span>
    </p>
   </div>
   <div class='ocr_carea' id='block_1_107' title="bbox 464 5215 1973 5287">
    <p class='ocr_par' dir='ltr' id='par_1_107' title="bbox 464 5215 1973 5287">
     <span class='ocr_line' id='line_1_107' title="bbox 464 5215 1973 5287; baseline -0.006 -10"><span class='ocrx_word' id='word_1_710' title='bbox 464 5221 649 5287; x_wconf 66' lang='lat'><strong>1&quot;,“,</strong></span> <span class='ocrx_word' id='word_1_711' title='bbox 687 5218 1049 5287; x_wconf 84' lang='lat' dir='ltr'><strong>monasterium</strong></span> <span class='ocrx_word' id='word_1_712' title='bbox 1098 5216 1259 5287; x_wconf 90' lang='lat' dir='ltr'><strong>petiit.</strong></span> <span class='ocrx_word' id='word_1_713' title='bbox 1310 5215 1550 5287; x_wconf 29' lang='lat' dir='ltr'><strong>Sequ‘uo</strong></span> <span class='ocrx_word' id='word_1_714' title='bbox 1593 5230 1727 5267; x_wconf 86' lang='lat' dir='ltr'><strong>anno</strong></span> <span class='ocrx_word' id='word_1_715' title='bbox 1766 5227 1973 5287; x_wconf 75' lang='lat' dir='ltr'><strong>sanctus</strong></span> 
     </span>
    </p>
   </div>
   <div class='ocr_carea' id='block_1_108' title="bbox 462 5282 1976 5346">
    <p class='ocr_par' dir='ltr' id='par_1_108' title="bbox 462 5282 1976 5346">
     <span class='ocr_line' id='line_1_108' title="bbox 462 5282 1976 5346; baseline -0.006 -2"><span class='ocrx_word' id='word_1_716' title='bbox 462 5282 781 5343; x_wconf 81' lang='lat' dir='ltr'><strong>Cudberctus</strong></span> <span class='ocrx_word' id='word_1_717' title='bbox 810 5296 959 5339; x_wconf 89' lang='lat' dir='ltr'><strong>natus</strong></span> <span class='ocrx_word' id='word_1_718' title='bbox 984 5285 1071 5346; x_wconf 85' lang='lat' dir='ltr'><strong>sit,</strong></span> <span class='ocrx_word' id='word_1_719' title='bbox 1102 5286 1312 5338; x_wconf 90' lang='lat' dir='ltr'><strong>inventu</strong></span> <span class='ocrx_word' id='word_1_720' title='bbox 1339 5282 1594 5335; x_wconf 82' lang='lat' dir='ltr'><strong>difficilius</strong></span> <span class='ocrx_word' id='word_1_721' title='bbox 1622 5294 1729 5343; x_wconf 89' lang='lat' dir='ltr'><strong>est;</strong></span> <span class='ocrx_word' id='word_1_722' title='bbox 1757 5286 1847 5336; x_wconf 90' lang='lat' dir='ltr'><strong>sed</strong></span> <span class='ocrx_word' id='word_1_723' title='bbox 1871 5282 1976 5336; x_wconf 86' lang='lat' dir='ltr'><strong>for-</strong></span> 
     </span>
    </p>
   </div>
   <div class='ocr_carea' id='block_1_109' title="bbox 462 5350 1972 5421">
    <p class='ocr_par' dir='ltr' id='par_1_109' title="bbox 462 5350 1972 5421">
     <span class='ocr_line' id='line_1_109' title="bbox 462 5350 1972 5421; baseline -0.005 -12"><span class='ocrx_word' id='word_1_724' title='bbox 462 5373 554 5411; x_wconf 87' lang='lat' dir='ltr'><strong>san</strong></span> <span class='ocrx_word' id='word_1_725' title='bbox 580 5360 712 5410; x_wconf 91' lang='lat' dir='ltr'><strong>circa</strong></span> <span class='ocrx_word' id='word_1_726' title='bbox 738 5366 957 5421; x_wconf 89' lang='lat' dir='ltr'><strong>tempus,</strong></span> <span class='ocrx_word' id='word_1_727' title='bbox 986 5366 1084 5417; x_wconf 89' lang='lat' dir='ltr'><strong>quo</strong></span> <span class='ocrx_word' id='word_1_728' title='bbox 1105 5350 1272 5421; x_wconf 66' lang='lat' dir='ltr'><strong>[Edan</strong></span> <span class='ocrx_word' id='word_1_729' title='bbox 1300 5353 1362 5421; x_wconf 84' lang='lat' dir='ltr'><strong>ad</strong></span> <span class='ocrx_word' id='word_1_730' title='bbox 1386 5352 1575 5421; x_wconf 87' lang='lat' dir='ltr'><strong>Anglos</strong></span> <span class='ocrx_word' id='word_1_731' title='bbox 1594 5352 1861 5421; x_wconf 79' lang='lat' dir='ltr'><strong>episcOpus</strong></span> <span class='ocrx_word' id='word_1_732' title='bbox 1881 5366 1972 5402; x_wconf 88' lang='lat' dir='ltr'><strong>or-</strong></span> 
     </span>
    </p>
   </div>
   <div class='ocr_carea' id='block_1_110' title="bbox 463 5419 1965 5485">
    <p class='ocr_par' dir='ltr' id='par_1_110' title="bbox 463 5419 1965 5485">
     <span class='ocr_line' id='line_1_110' title="bbox 463 5419 1965 5485; baseline -0.005 -8"><span class='ocrx_word' id='word_1_733' title='bbox 463 5427 715 5477; x_wconf 86' lang='lat' dir='ltr'><strong>dinandus</strong></span> <span class='ocrx_word' id='word_1_734' title='bbox 739 5419 897 5485; x_wconf 83' lang='lat' dir='ltr'><strong>venit,</strong></span> <span class='ocrx_word' id='word_1_735' title='bbox 925 5422 1059 5473; x_wconf 89' lang='lat' dir='ltr'><strong>circa</strong></span> <span class='ocrx_word' id='word_1_736' title='bbox 1083 5434 1168 5471; x_wconf 89' lang='lat' dir='ltr'><strong>an.</strong></span> <span class='ocrx_word' id='word_1_737' title='bbox 1190 5419 1424 5470; x_wconf 84' lang='lat' dir='ltr'><strong>videlicet</strong></span> <span class='ocrx_word' id='word_1_738' title='bbox 1450 5419 1571 5478; x_wconf 79' lang='lat'><strong>655,</strong></span> <span class='ocrx_word' id='word_1_739' title='bbox 1597 5433 1675 5482; x_wconf 88' lang='lat' dir='ltr'><strong>Ill,</strong></span> <span class='ocrx_word' id='word_1_740' title='bbox 1701 5420 1750 5470; x_wconf 78' lang='grc'><strong>5.</strong></span> <span class='ocrx_word' id='word_1_741' title='bbox 1780 5421 1965 5471; x_wconf 75' lang='lat' dir='ltr'><strong>Sami.</strong></span> 
     </span>
    </p>
   </div>
   <div class='ocr_carea' id='block_1_111' title="bbox 470 5486 1969 5552">
    <p class='ocr_par' dir='ltr' id='par_1_111' title="bbox 470 5486 1969 5552">
     <span class='ocr_line' id='line_1_111' title="bbox 470 5486 1969 5552; baseline -0.003 -11"><span class='ocrx_word' id='word_1_742' title='bbox 470 5493 645 5544; x_wconf 78' lang='lat' dir='ltr'><strong>iAuno</strong></span> <span class='ocrx_word' id='word_1_743' title='bbox 669 5492 937 5545; x_wconf 66' lang='lat' dir='ltr'><strong>dominicae</strong></span> <span class='ocrx_word' id='word_1_744' title='bbox 960 5489 1064 5540; x_wconf 91' lang='lat' dir='ltr'><strong>lnc.</strong></span> <span class='ocrx_word' id='word_1_745' title='bbox 1092 5486 1212 5549; x_wconf 81' lang='lat' dir='ltr'><strong>65l,</strong></span> <span class='ocrx_word' id='word_1_746' title='bbox 1239 5486 1403 5550; x_wconf 86' lang='lat' dir='ltr'><strong>inquit</strong></span> <span class='ocrx_word' id='word_1_747' title='bbox 1430 5487 1661 5545; x_wconf 86' lang='lat' dir='ltr'><strong>Simeon.</strong></span> <span class='ocrx_word' id='word_1_748' title='bbox 1694 5489 1773 5539; x_wconf 88' lang='lat' dir='ltr'><strong>vel</strong></span> <span class='ocrx_word' id='word_1_749' title='bbox 1802 5492 1969 5552; x_wconf 82' lang='lat' dir='ltr'><strong>potius</strong></span> 
     </span>
    </p>
   </div>
   <div class='ocr_carea' id='block_1_112' title="bbox 463 5554 1967 5625">
    <p class='ocr_par' dir='ltr' id='par_1_112' title="bbox 463 5554 1967 5625">
     <span class='ocr_line' id='line_1_112' title="bbox 463 5554 1967 5625; baseline -0.005 -13"><span class='ocrx_word' id='word_1_750' title='bbox 463 5562 760 5625; x_wconf 83' lang='lat' dir='ltr'><strong>&#39;l&#39;urgottus,</strong></span> <span class='ocrx_word' id='word_1_751' title='bbox 804 5559 853 5608; x_wconf 92' lang='lat' dir='ltr'><strong>in</strong></span> <span class='ocrx_word' id='word_1_752' title='bbox 882 5556 971 5608; x_wconf 89' lang='lat' dir='ltr'><strong>lib.</strong></span> <span class='ocrx_word' id='word_1_753' title='bbox 1012 5571 1027 5607; x_wconf 85' lang='grc' dir='ltr'>ι</span> <span class='ocrx_word' id='word_1_754' title='bbox 1056 5555 1184 5608; x_wconf 88' lang='lat' dir='ltr'><strong>Hist.</strong></span> <span class='ocrx_word' id='word_1_755' title='bbox 1214 5555 1472 5625; x_wconf 81' lang='lat' dir='ltr'><strong>Duneltn.,</strong></span> <span class='ocrx_word' id='word_1_756' title='bbox 1498 5570 1609 5620; x_wconf 89' lang='lat' dir='ltr'><strong>cap.</strong></span> <span class='ocrx_word' id='word_1_757' title='bbox 1636 5554 1689 5625; x_wconf 80' lang='lat'><strong>3,</strong></span> <span class='ocrx_word' id='word_1_758' title='bbox 1716 5568 1816 5625; x_wconf 86' lang='lat' dir='ltr'><strong>quo</strong></span> <span class='ocrx_word' id='word_1_759' title='bbox 1843 5570 1967 5620; x_wconf 84' lang='lat' dir='ltr'><strong>pon-</strong></span> 
     </span>
    </p>
   </div>
   <div class='ocr_carea' id='block_1_113' title="bbox 477 5622 1967 5691">
    <p class='ocr_par' dir='ltr' id='par_1_113' title="bbox 477 5622 1967 5691">
     <span class='ocr_line' id='line_1_113' title="bbox 477 5622 1967 5691; baseline -0.001 -15"><span class='ocrx_word' id='word_1_760' title='bbox 477 5622 595 5679; x_wconf 70' lang='lat' dir='ltr'><strong>tifci</strong></span> <span class='ocrx_word' id='word_1_761' title='bbox 634 5627 855 5679; x_wconf 83' lang='lat' dir='ltr'><strong>Aidanus</strong></span> <span class='ocrx_word' id='word_1_762' title='bbox 894 5624 955 5676; x_wconf 84' lang='lat' dir='ltr'><strong>ad</strong></span> <span class='ocrx_word' id='word_1_763' title='bbox 990 5626 1216 5677; x_wconf 72' lang='lat' dir='ltr'><strong>cwlestia</strong></span> <span class='ocrx_word' id='word_1_764' title='bbox 1255 5622 1473 5687; x_wconf 86' lang='lat' dir='ltr'><strong>transiit,</strong></span> <span class='ocrx_word' id='word_1_765' title='bbox 1501 5624 1703 5691; x_wconf 88' lang='lat' dir='ltr'><strong>juvenis</strong></span> <span class='ocrx_word' id='word_1_766' title='bbox 1740 5624 1821 5676; x_wconf 83' lang='lat' dir='ltr'><strong>ille</strong></span> <span class='ocrx_word' id='word_1_767' title='bbox 1849 5637 1967 5676; x_wconf 83' lang='lat' dir='ltr'><strong>sau-</strong></span> 
     </span>
    </p>
   </div>
   <div class='ocr_carea' id='block_1_114' title="bbox 2076 4810 3581 4874">
    <p class='ocr_par' dir='ltr' id='par_1_114' title="bbox 2076 4810 3581 4874">
     <span class='ocr_line' id='line_1_114' title="bbox 2076 4810 3581 4874; baseline 0.002 -10"><span class='ocrx_word' id='word_1_768' title='bbox 2076 4815 2369 4874; x_wconf 76' lang='lat' dir='ltr'><strong>ctissiunis,</strong></span> <span class='ocrx_word' id='word_1_769' title='bbox 2414 4811 2619 4864; x_wconf 82' lang='lat' dir='ltr'><strong>Christo</strong></span> <span class='ocrx_word' id='word_1_770' title='bbox 2662 4811 2755 4863; x_wconf 88' lang='lat' dir='ltr'><strong>soli</strong></span> <span class='ocrx_word' id='word_1_771' title='bbox 2800 4810 3172 4872; x_wconf 84' lang='lat' dir='ltr'><strong>famulaturus,</strong></span> <span class='ocrx_word' id='word_1_772' title='bbox 3224 4824 3581 4867; x_wconf 80' lang='lat' dir='ltr'><strong>monasterium</strong></span> 
     </span>
    </p>
   </div>
   <div class='ocr_carea' id='block_1_115' title="bbox 2078 4879 3582 4944">
    <p class='ocr_par' dir='ltr' id='par_1_115' title="bbox 2078 4879 3582 4944">
     <span class='ocr_line' id='line_1_115' title="bbox 2078 4879 3582 4944; baseline -0.001 -12"><span class='ocrx_word' id='word_1_773' title='bbox 2078 4882 2408 4933; x_wconf 72' lang='lat' dir='ltr'><strong>Mailrosense</strong></span> <span class='ocrx_word' id='word_1_774' title='bbox 2437 4879 2664 4937; x_wconf 77' lang='lat' dir='ltr'><strong>intravit,</strong></span> <span class='ocrx_word' id='word_1_775' title='bbox 2695 4889 2967 4944; x_wconf 86' lang='lat' dir='ltr'><strong>susceptus</strong></span> <span class='ocrx_word' id='word_1_776' title='bbox 2994 4893 3023 4930; x_wconf 86' lang='lat' dir='ltr'><strong>a</strong></span> <span class='ocrx_word' id='word_1_777' title='bbox 3055 4880 3472 4932; x_wconf 84' lang='lat' dir='ltr'><strong>reverentissimo</strong></span> <span class='ocrx_word' id='word_1_778' title='bbox 3497 4892 3582 4931; x_wconf 75' lang='lat' dir='ltr'><strong>ati-</strong></span> 
     </span>
    </p>
   </div>
   <div class='ocr_carea' id='block_1_116' title="bbox 2078 4946 3581 5011">
    <p class='ocr_par' dir='ltr' id='par_1_116' title="bbox 2078 4946 3581 5011">
     <span class='ocr_line' id='line_1_116' title="bbox 2078 4946 3581 5011; baseline -0.001 -12"><span class='ocrx_word' id='word_1_779' title='bbox 2078 4949 2193 4999; x_wconf 86' lang='lat' dir='ltr'><strong>bate</strong></span> <span class='ocrx_word' id='word_1_780' title='bbox 2225 4949 2404 4999; x_wconf 82' lang='lat' dir='ltr'><strong>Eatha.</strong></span> <span class='ocrx_word' id='word_1_781' title='bbox 2441 4965 2458 4996; x_wconf 72' lang='grc' dir='ltr'>ι</span> <span class='ocrx_word' id='word_1_782' title='bbox 2496 4946 2654 4998; x_wconf 88' lang='lat' dir='ltr'><strong>Porro</strong></span> <span class='ocrx_word' id='word_1_783' title='bbox 2682 4946 2887 4997; x_wconf 78' lang='lat' dir='ltr'><strong>Mailros</strong></span> <span class='ocrx_word' id='word_1_784' title='bbox 2912 4949 3101 4999; x_wconf 77' lang='lat' dir='ltr'><strong>Scotia:</strong></span> <span class='ocrx_word' id='word_1_785' title='bbox 3130 4946 3392 4999; x_wconf 78' lang='lat' dir='ltr'><strong>hodierna:</strong></span> <span class='ocrx_word' id='word_1_786' title='bbox 3422 4949 3581 5011; x_wconf 57' lang='lat' dir='ltr'><strong>locus,</strong></span> 
     </span>
    </p>
   </div>
   <div class='ocr_carea' id='block_1_117' title="bbox 2078 5012 3585 5081">
    <p class='ocr_par' dir='ltr' id='par_1_117' title="bbox 2078 5012 3585 5081">
     <span class='ocr_line' id='line_1_117' title="bbox 2078 5012 3585 5081; baseline 0.001 -16"><span class='ocrx_word' id='word_1_787' title='bbox 2078 5016 2131 5067; x_wconf 88' lang='lat' dir='ltr'><strong>in</strong></span> <span class='ocrx_word' id='word_1_788' title='bbox 2176 5018 2279 5081; x_wconf 83' lang='lat' dir='ltr'><strong>ripa</strong></span> <span class='ocrx_word' id='word_1_789' title='bbox 2310 5016 2458 5067; x_wconf 86' lang='lat' dir='ltr'><strong>&#39;l‘indi</strong></span> <span class='ocrx_word' id='word_1_790' title='bbox 2504 5014 2725 5065; x_wconf 86' lang='lat' dir='ltr'><strong>fluminis</strong></span> <span class='ocrx_word' id='word_1_791' title='bbox 2763 5014 2934 5080; x_wconf 84' lang='lat' dir='ltr'><strong>(vulgo</strong></span> <span class='ocrx_word' id='word_1_792' title='bbox 2959 5012 3149 5078; x_wconf 73' lang='lat' dir='ltr'><strong>Tende)</strong></span> <span class='ocrx_word' id='word_1_793' title='bbox 3186 5016 3380 5077; x_wconf 86' lang='lat' dir='ltr'><strong>positus</strong></span> <span class='ocrx_word' id='word_1_794' title='bbox 3408 5018 3585 5068; x_wconf 82' lang='lat' dir='ltr'><strong>dicitur</strong></span> 
     </span>
    </p>
   </div>
   <div class='ocr_carea' id='block_1_118' title="bbox 2077 5081 3385 5148">
    <p class='ocr_par' dir='ltr' id='par_1_118' title="bbox 2077 5081 3385 5148">
     <span class='ocr_line' id='line_1_118' title="bbox 2077 5081 3385 5148; baseline 0 -15"><span class='ocrx_word' id='word_1_795' title='bbox 2077 5084 2209 5148; x_wconf 87' lang='lat' dir='ltr'><strong>apud</strong></span> <span class='ocrx_word' id='word_1_796' title='bbox 2240 5086 2424 5134; x_wconf 79' lang='lat' dir='ltr'><strong>Bedam</strong></span> <span class='ocrx_word' id='word_1_797' title='bbox 2456 5084 2504 5132; x_wconf 92' lang='lat' dir='ltr'><strong>in</strong></span> <span class='ocrx_word' id='word_1_798' title='bbox 2530 5081 2660 5133; x_wconf 87' lang='lat' dir='ltr'><strong>llist.</strong></span> <span class='ocrx_word' id='word_1_799' title='bbox 2694 5081 2780 5132; x_wconf 88' lang='lat' dir='ltr'><strong>lib.</strong></span> <span class='ocrx_word' id='word_1_800' title='bbox 2813 5097 2883 5145; x_wconf 89' lang='lat' dir='ltr'><strong>tv,</strong></span> <span class='ocrx_word' id='word_1_801' title='bbox 2907 5095 3020 5147; x_wconf 86' lang='lat' dir='ltr'><strong>cap.</strong></span> <span class='ocrx_word' id='word_1_802' title='bbox 3052 5082 3139 5136; x_wconf 70' lang='grc'><strong>27.</strong></span> <span class='ocrx_word' id='word_1_803' title='bbox 3167 5082 3385 5135; x_wconf 51' lang='lat' dir='ltr'><strong>Mantua</strong></span> 
     </span>
    </p>
   </div>
   <div class='ocr_carea' id='block_1_119' title="bbox 2149 5148 3585 5211">
    <p class='ocr_par' dir='ltr' id='par_1_119' title="bbox 2149 5148 3585 5211">
     <span class='ocr_line' id='line_1_119' title="bbox 2149 5148 3585 5211; baseline 0.001 -11"><span class='ocrx_word' id='word_1_804' title='bbox 2149 5162 2170 5187; x_wconf 76' lang='grc' dir='ltr'>ε</span> <span class='ocrx_word' id='word_1_805' title='bbox 2211 5149 2422 5201; x_wconf 81' lang='lat' dir='ltr'><strong>Horam.</strong></span> <span class='ocrx_word' id='word_1_806' title='bbox 2458 5148 2615 5209; x_wconf 84' lang='lat' dir='ltr'><strong>Beda,</strong></span> <span class='ocrx_word' id='word_1_807' title='bbox 2648 5150 2696 5200; x_wconf 91' lang='lat' dir='ltr'><strong>in</strong></span> <span class='ocrx_word' id='word_1_808' title='bbox 2727 5149 2856 5201; x_wconf 87' lang='lat' dir='ltr'><strong>Hist.</strong></span> <span class='ocrx_word' id='word_1_809' title='bbox 2899 5150 2988 5199; x_wconf 87' lang='lat' dir='ltr'><strong>lib.</strong></span> <span class='ocrx_word' id='word_1_810' title='bbox 3019 5165 3092 5211; x_wconf 88' lang='lat' dir='ltr'><strong>Ill,</strong></span> <span class='ocrx_word' id='word_1_811' title='bbox 3120 5163 3236 5211; x_wconf 84' lang='lat' dir='ltr'><strong>cap.</strong></span> <span class='ocrx_word' id='word_1_812' title='bbox 3264 5150 3318 5209; x_wconf 86' lang='lat'><strong>5,</strong></span> <span class='ocrx_word' id='word_1_813' title='bbox 3349 5149 3397 5200; x_wconf 86' lang='lat' dir='ltr'><strong>id</strong></span> <span class='ocrx_word' id='word_1_814' title='bbox 3430 5150 3585 5202; x_wconf 72' lang='lat' dir='ltr'><strong>laudis</strong></span> 
     </span>
    </p>
   </div>
   <div class='ocr_carea' id='block_1_120' title="bbox 2079 5165 3585 5283">
    <p class='ocr_par' dir='ltr' id='par_1_120' title="bbox 2079 5165 3585 5283">
     <span class='ocr_line' id='line_1_120' title="bbox 2149 5165 3585 5267; baseline 0.001 -67"><span class='ocrx_word' id='word_1_815' title='bbox 2149 5165 2170 5187; x_wconf 77' lang='grc' dir='ltr'>ε</span> <span class='ocrx_word' id='word_1_816' title='bbox 2211 5165 2422 5201; x_wconf 81' lang='lat' dir='ltr'><strong>Moram.</strong></span> <span class='ocrx_word' id='word_1_817' title='bbox 2459 5165 2615 5209; x_wconf 82' lang='lat' dir='ltr'><strong>ueua,</strong></span> <span class='ocrx_word' id='word_1_818' title='bbox 2648 5165 2696 5200; x_wconf 90' lang='lat' dir='ltr'><strong>In</strong></span> <span class='ocrx_word' id='word_1_819' title='bbox 2727 5165 2856 5201; x_wconf 83' lang='lat' dir='ltr'><strong>ﬂlSl.</strong></span> <span class='ocrx_word' id='word_1_820' title='bbox 2899 5165 2988 5199; x_wconf 85' lang='lat' dir='ltr'><strong>no.</strong></span> <span class='ocrx_word' id='word_1_821' title='bbox 3019 5165 3092 5211; x_wconf 88' lang='lat' dir='ltr'><strong>Ill,</strong></span> <span class='ocrx_word' id='word_1_822' title='bbox 3120 5165 3236 5267; x_wconf 52' lang='lat' dir='ltr'><strong>cap.</strong></span> <span class='ocrx_word' id='word_1_823' title='bbox 3264 5165 3318 5209; x_wconf 77' lang='grc' dir='ltr'><strong>ο,</strong></span> <span class='ocrx_word' id='word_1_824' title='bbox 3349 5165 3397 5200; x_wconf 82' lang='grc' dir='ltr'><strong>ια</strong></span> <span class='ocrx_word' id='word_1_825' title='bbox 3430 5165 3585 5202; x_wconf 77' lang='lat' dir='ltr'><strong>ianuis</strong></span> 
     </span>
     <span class='ocr_line' id='line_1_121' title="bbox 2079 5215 3585 5283; baseline 0.001 -16"><span class='ocrx_word' id='word_1_826' title='bbox 2079 5217 2255 5267; x_wconf 77' lang='lat' dir='ltr'><strong>tribuit</strong></span> <span class='ocrx_word' id='word_1_827' title='bbox 2281 5226 2459 5271; x_wconf 87' lang='lat' dir='ltr'><strong>sancto</strong></span> <span class='ocrx_word' id='word_1_828' title='bbox 2483 5216 2703 5279; x_wconf 88' lang='lat' dir='ltr'><strong>Aidano,</strong></span> <span class='ocrx_word' id='word_1_829' title='bbox 2732 5216 2797 5267; x_wconf 87' lang='lat' dir='ltr'><strong>de</strong></span> <span class='ocrx_word' id='word_1_830' title='bbox 2819 5229 2922 5282; x_wconf 89' lang='lat' dir='ltr'><strong>quo</strong></span> <span class='ocrx_word' id='word_1_831' title='bbox 2948 5232 3101 5283; x_wconf 89' lang='lat' dir='ltr'><strong>supra</strong></span> <span class='ocrx_word' id='word_1_832' title='bbox 3118 5257 3133 5279; x_wconf 97' lang='lat'><strong>,</strong></span> <span class='ocrx_word' id='word_1_833' title='bbox 3225 5215 3585 5270; x_wconf 76' lang='lat' dir='ltr'><strong>indisfaroensi</strong></span> 
     </span>
    </p>
   </div>
   <div class='ocr_carea' id='block_1_121' title="bbox 2073 5283 3586 5351">
    <p class='ocr_par' dir='ltr' id='par_1_121' title="bbox 2073 5283 3586 5351">
     <span class='ocr_line' id='line_1_122' title="bbox 2073 5283 3586 5351; baseline 0.001 -16"><span class='ocrx_word' id='word_1_834' title='bbox 2073 5286 2335 5351; x_wconf 78' lang='lat' dir='ltr'><strong>episcopo,</strong></span> <span class='ocrx_word' id='word_1_835' title='bbox 2364 5284 2501 5351; x_wconf 89' lang='lat' dir='ltr'><strong>quod</strong></span> <span class='ocrx_word' id='word_1_836' title='bbox 2530 5301 2577 5351; x_wconf 16' lang='lat' dir='ltr'><strong>rt</strong></span> <span class='ocrx_word' id='word_1_837' title='bbox 2613 5283 2726 5349; x_wconf 89' lang='lat' dir='ltr'><strong>ejus</strong></span> <span class='ocrx_word' id='word_1_838' title='bbox 2763 5286 3013 5351; x_wconf 80' lang='lat' dir='ltr'><strong>exemplis</strong></span> <span class='ocrx_word' id='word_1_839' title='bbox 3060 5283 3318 5337; x_wconf 83' lang='lat' dir='ltr'><strong>intormati</strong></span> <span class='ocrx_word' id='word_1_840' title='bbox 3361 5292 3586 5351; x_wconf 83' lang='lat' dir='ltr'><strong>tempore</strong></span> 
     </span>
    </p>
   </div>
   <div class='ocr_carea' id='block_1_122' title="bbox 2072 5350 3583 5420">
    <p class='ocr_par' dir='ltr' id='par_1_122' title="bbox 2072 5350 3583 5420">
     <span class='ocr_line' id='line_1_123' title="bbox 2072 5350 3583 5420; baseline -0.001 -17"><span class='ocrx_word' id='word_1_841' title='bbox 2072 5352 2163 5403; x_wconf 92' lang='lat' dir='ltr'><strong>illo</strong></span> <span class='ocrx_word' id='word_1_842' title='bbox 2205 5350 2426 5420; x_wconf 82' lang='lat' dir='ltr'><strong>religiosi</strong></span> <span class='ocrx_word' id='word_1_843' title='bbox 2454 5350 2645 5416; x_wconf 85' lang='lat' dir='ltr'><strong>quique</strong></span> <span class='ocrx_word' id='word_1_844' title='bbox 2674 5351 2767 5402; x_wconf 92' lang='lat' dir='ltr'><strong>viri</strong></span> <span class='ocrx_word' id='word_1_845' title='bbox 2815 5367 2874 5404; x_wconf 89' lang='lat' dir='ltr'><strong>ac</strong></span> <span class='ocrx_word' id='word_1_846' title='bbox 2915 5350 3117 5404; x_wconf 66' lang='lat' dir='ltr'><strong>feminae</strong></span> <span class='ocrx_word' id='word_1_847' title='bbox 3160 5350 3583 5420; x_wconf 78' lang='lat' dir='ltr'><strong>consuetudinem</strong></span> 
     </span>
    </p>
   </div>
   <div class='ocr_carea' id='block_1_123' title="bbox 2072 5418 3581 5484">
    <p class='ocr_par' dir='ltr' id='par_1_123' title="bbox 2072 5418 3581 5484">
     <span class='ocr_line' id='line_1_124' title="bbox 2072 5418 3581 5484; baseline -0.001 -14"><span class='ocrx_word' id='word_1_848' title='bbox 2072 5418 2317 5471; x_wconf 75' lang='lat' dir='ltr'><strong>fecerunt</strong></span> <span class='ocrx_word' id='word_1_849' title='bbox 2332 5435 2420 5484; x_wconf 85' lang='lat' dir='ltr'><strong>per</strong></span> <span class='ocrx_word' id='word_1_850' title='bbox 2449 5427 2608 5469; x_wconf 92' lang='lat' dir='ltr'><strong>totum</strong></span> <span class='ocrx_word' id='word_1_851' title='bbox 2638 5433 2825 5471; x_wconf 91' lang='lat' dir='ltr'><strong>annum</strong></span> <span class='ocrx_word' id='word_1_852' title='bbox 2857 5428 3068 5484; x_wconf 67' lang='lat' dir='ltr'><strong>escepta</strong></span> <span class='ocrx_word' id='word_1_853' title='bbox 3099 5418 3406 5471; x_wconf 88' lang='lat' dir='ltr'><strong>remissione</strong></span> <span class='ocrx_word' id='word_1_854' title='bbox 3428 5420 3581 5481; x_wconf 79' lang='lat' dir='ltr'><strong>Qu&#39;n-</strong></span> 
     </span>
    </p>
   </div>
   <div class='ocr_carea' id='block_1_124' title="bbox 2069 5486 3583 5555">
    <p class='ocr_par' dir='ltr' id='par_1_124' title="bbox 2069 5486 3583 5555">
     <span class='ocr_line' id='line_1_125' title="bbox 2069 5486 3583 5555; baseline 0 -19"><span class='ocrx_word' id='word_1_855' title='bbox 2069 5503 2135 5554; x_wconf 90' lang='lat' dir='ltr'><strong>qu</strong></span> <span class='ocrx_word' id='word_1_856' title='bbox 2156 5503 2377 5553; x_wconf 67' lang='lat' dir='ltr'><strong>igesimre</strong></span> <span class='ocrx_word' id='word_1_857' title='bbox 2409 5486 2683 5553; x_wconf 85' lang='lat' dir='ltr'><strong>paschalis,</strong></span> <span class='ocrx_word' id='word_1_858' title='bbox 2712 5496 2893 5554; x_wconf 89' lang='lat' dir='ltr'><strong>quarta</strong></span> <span class='ocrx_word' id='word_1_859' title='bbox 2922 5495 2976 5537; x_wconf 86' lang='lat' dir='ltr'><strong>et</strong></span> <span class='ocrx_word' id='word_1_860' title='bbox 3000 5496 3149 5555; x_wconf 13' lang='lat' dir='ltr'><strong>sexta,</strong></span> <span class='ocrx_word' id='word_1_861' title='bbox 3170 5488 3294 5555; x_wconf 80' lang='lat' dir='ltr'><strong>feria</strong></span> <span class='ocrx_word' id='word_1_862' title='bbox 3337 5488 3583 5555; x_wconf 81' lang='lat' dir='ltr'><strong>jejunium</strong></span> 
     </span>
    </p>
   </div>
   <div class='ocr_carea' id='block_1_125' title="bbox 2072 5554 3354 5623">
    <p class='ocr_par' dir='ltr' id='par_1_125' title="bbox 2072 5554 3354 5623">
     <span class='ocr_line' id='line_1_126' title="bbox 2072 5554 3354 5623; baseline 0.001 -17"><span class='ocrx_word' id='word_1_863' title='bbox 2072 5560 2131 5607; x_wconf 85' lang='lat' dir='ltr'><strong>ad</strong></span> <span class='ocrx_word' id='word_1_864' title='bbox 2164 5572 2348 5609; x_wconf 84' lang='lat' dir='ltr'><strong>nonam</strong></span> <span class='ocrx_word' id='word_1_865' title='bbox 2379 5568 2535 5623; x_wconf 86' lang='lat' dir='ltr'><strong>usque</strong></span> <span class='ocrx_word' id='word_1_866' title='bbox 2566 5557 2741 5608; x_wconf 86' lang='lat' dir='ltr'><strong>horam</strong></span> <span class='ocrx_word' id='word_1_867' title='bbox 2775 5556 3047 5621; x_wconf 80' lang='lat' dir='ltr'><strong>protelare.</strong></span> <span class='ocrx_word' id='word_1_868' title='bbox 3084 5571 3101 5603; x_wconf 74' lang='grc' dir='ltr'><strong><em>ι</em></strong></span> <span class='ocrx_word' id='word_1_869' title='bbox 3138 5554 3354 5607; x_wconf 73' lang='grc' dir='ltr'><strong>Μηιιι..</strong></span> 
     </span>
    </p>
   </div>
  </div>
