3862 6356
142 436 248 491 7H

799 435 995 498 ,SEtL'I‘.
1039 438 1075 489 Ι.
1122 466 1181 475 -ο
1227 435 1583 491 ιιιιιλιοοιιλι
1612 434 1688 488 illi

1822 460 1887 470 _
1930 430 2080 482 VITA
2124 429 2177 481 ς.
2220 426 2615 482 CUTIIDERTI.

3216 418 3319 471 ’ΝΞ

141 548 361 605 devota.
393 556 404 583 ι
438 564 453 595 ι
487 545 633 607 Ecce,
662 546 841 610 ἱησμιίι,
876 546 924 594 in
957 544 1139 594 itinere
1168 558 1269 610 quo
1299 544 1459 605 vadis,
1491 542 1681 593 uullmn
1717 548 1757 599 Α
1788 535 1975 593 ctihus,
2007 534 2072 585 ab
2109 536 2218 599 ipso
2243 532 2534 585 Cudbercto
2560 532 2663 596 jaui
2707 537 2825 581 tunc
2867 528 3111 595 episcopo
3141 541 3196 581 se
3227 542 3315 578 au-

142 610 408 700 \icitluiii,
441 637 576 687 nulla
610 636 873 695 hominum
905 635 1190 685 habitacula
1220 634 1473 699 reperies;
1502 643 1551 683 et
1578 632 1683 697 qui-

146 726 277 778 dem
313 728 523 794 longum
558 737 717 779 restat
748 728 862 785 iter,
898 740 1063 793 neque
1093 735 1211 777 ante
1241 725 1366 776 solis
1397 722 1687 777 accubitum

144 816 295 868 valet
319 818 690 870 consummari.
726 816 872 868 Unde
897 831 1079 882 precor
1106 826 1382 880 antequam
1411 812 1689 880 egrediaris

148 906 389 971 accipias
430 906 596 965 cibos,
640 920 704 959 ne
744 913 849 956 tota
886 905 970 956 die
1004 904 1259 971 jejunium
1302 904 1578 964 susxinere,
1610 900 1689 953 vel

144 991 320 1042 etiam
349 993 728 1057 procrastinare
756 990 976 1059 cogaris.
1015 1009 1033 1041 ι
1064 991 1129 1041 At
1159 990 1265 1056 ille,
1296 990 1531 1057 quamvis
1560 989 1692 1040 mul-

148 1086 268 1131 tum
307 1090 521 1148 rogante
569 1080 774 1142 femina,
821 1079 1048 1145 rogantis
1091 1077 1387 1130 instantiam
1427 1075 1691 1143 religionis

144 1175 340 1216 amore
396 1165 697 1227 devincens,
744 1165 953 1231 jejunus
1010 1165 1145 1216 diem
1202 1164 1349 1216 duxit
1385 1164 1449 1215 ad
1500 1177 1686 1229 vespe-

140 1266 291 1305 rum.
965 1255 969 1260 ’

220 1340 459 1405 Cumque
502 1342 727 1394 instante
762 1340 867 1408 jam
907 1354 1121 1406 vespera
1163 1351 1399 1393 cerneret
1438 1354 1495 1393 se
1538 1348 1559 1372 δ
1592 1339 1690 1392 iter

139 1427 295 1491 quod
326 1436 665 1494 proposuerat
693 1431 873 1480 eodem
903 1430 987 1481 die
1017 1444 1114 1479 non
1146 1443 1294 1493 posse
1322 1429 1489 1491 finire,
1522 1442 1689 1495 neque

141 1514 263 1566 ulla
292 1517 342 1566 in
366 1518 601 1582 proximo
627 1516 888 1568 hominum
918 1516 1136 1581 hospitia
1166 1516 1247 1566 tibi
1280 1531 1490 1567 manere
1519 1526 1692 1582 posset

136 1600 342 1656 adesse
366 1641 381 1665 ,
426 1617 547 1655 ecce
575 1602 743 1655 subito
772 1604 865 1655 iter
898 1603 1090 1659 faciens
1110 1603 1243 1670 ,vidit
1259 1604 1400 1670 juxta
1428 1611 1687 1669 pastorum

140 1692 385 1757 tuguria,
419 1706 533 1757 quae
570 1700 752 1745 aestate
791 1692 1061 1745 inlirmiter
1093 1691 1254 1759 posita
1297 1700 1414 1744 tunc
1444 1691 1551 1759 jam
1591 1691 1688 1745 de-

136 1787 292 1830 serta
327 1779 586 1845 patebant.
623 1780 732 1832 lluc
764 1790 976 1846 propter
1015 1780 1336 1857 manendum.
1370 1780 1685 1848 ingrediens,

138 1878 353 1931 equum
385 1868 433 1917 in
464 1870 567 1933 quo
596 1875 808 1920 venerat
852 1868 1080 1935 alligavit
1120 1869 1183 1922 ad
1227 1853 1492 1934 parietem,
1522 1869 1683 1922 colle-
1718 1853 1760 1909 Β

134 1966 401 2025 ctumque
430 1958 529 2011 feni
561 1957 859 2011 fasciculum
904 1974 1056 2023 quem
1090 1968 1226 2013 lecto
1256 1970 1434 2011 ventus
1459 1960 1685 2013 abstule-

135 2053 231 2097 rat
272 2046 532 2099 edendum
580 2047 650 2099 illi
693 2048 950 2114 apposuit.
993 2048 1106 2114 Ipse
1142 2047 1338 2099 orando
1370 2048 1547 2100 horam
1594 2049 1685 2100 du-

132 2146 270 2187 cere
294 2135 471 2201 carpit.
496 2135 565 2188 At
590 2135 760 2187 subito
781 2136 802 2165 ²
824 2134 957 2187 inter
984 2135 1318 2201 psalmodiam
1346 2135 1472 2187 vidit
1498 2151 1684 2203 equum

134 2221 292 2273 elato
322 2236 524 2275 sursum
554 2224 722 2288 capite
771 2233 899 2275 tecta
945 2237 1078 2275 casae
1124 2224 1423 2290 carpentem
1453 2238 1543 2276 ore
1564 2264 1578 2287 ,
1606 2223 1689 2289 jo-

131 2323 373 2377 suntque
420 2309 728 2374 trahentem,
776 2319 931 2377 atque
979 2312 1112 2362 inter
1138 2312 1372 2364 cadentia
1419 2311 1534 2364 fena
1565 2313 1687 2364 tecti

136 2399 443 2452 involutum
484 2401 676 2467 pariter
713 2400 954 2454 decidere
978 2402 1235 2473 linteum;
1279 2403 1561 2469 volensque
1610 2403 1689 2454 di-

134 2500 405 2552 gnoscere
432 2487 622 2540 certius
655 2489 774 2553 quid
803 2498 970 2546 esset.
1006 2490 1143 2539 finita
1175 2492 1405 2542 oratione
1451 2492 1687 2559 accessit,

134 2581 197 2623 et
251 2573 448 2624 invenit
493 2574 779 2625 involutum
828 2574 983 2626 linteo
1029 2574 1294 2626 dimidium
1351 2578 1492 2641 panis
1539 2574 1689 2627 calidi

136 2672 197 2715 et
227 2677 461 2723 carnem,
494 2678 607 2731 quae
649 2663 712 2715 ad
749 2679 901 2715 unam
942 2665 1039 2717 sibi
1082 2665 1417 2717 refectionem
1450 2665 1691 2721 sufficere

138 2763 394 2820 possent,
429 2753 734 2818 laudemque
761 2753 1041 2805 decantatis
1072 2753 1334 2806 beneficiis
1361 2755 1685 2807 caelestibus:

141 2859 163 2889 ι
208 2841 337 2903 Deo,
372 2843 562 2907 inquit,
595 2841 614 2871 ³
643 2844 833 2908 gratias
871 2856 986 2907 ago,
1017 2842 1105 2908 qui
1135 2852 1188 2895 et
1235 2844 1359 2894 mihi
1392 2859 1484 2909 pro
1515 2858 1690 2897 amore

137 2928 264 2981 esui
278 2927 291 2996 [
307 2928 371 2981 1".
388 2928 804 2998 ejus]jejunanti,
818 2942 867 2982 et
883 2944 996 2996 meo
1008 2930 1180 2982 comiti
1193 2920 1391 2983 ccedam
1408 2934 1692 2997 pra-videre

136 3018 392 3086 dignatus
418 3029 515 3071 est.
544 3037 559 3068 ι
587 3018 767 3071 Divisit
795 3033 921 3086 ergo
952 3019 1179 3086 fragmen
1207 3021 1351 3085 panis
1379 3022 1513 3086 quod
1546 3021 1687 3072 inve-

137 3109 245 3169 riit,
279 3119 585 3173 partemque
614 3106 725 3172 ejus
752 3106 1015 3157 dimidiam
1058 3122 1191 3173 equo
1232 3107 1393 3171 dedit,
1430 3107 1679 3173 reliquam

138 3208 248 3246 suo
294 3193 409 3247 esui
438 3194 735 3257 reservavit,
770 3204 921 3260 atque
950 3207 1012 3245 ex
1044 3194 1128 3245 illo
1150 3196 1255 3259 jam
1295 3193 1378 3246 die
1409 3196 1691 3261 promptior

136 3282 323 3333 lactus
353 3290 430 3332 est
459 3281 521 3331 ad
548 3279 910 3346 jejunauduin,
942 3280 961 3308 ⁸
989 3279 1106 3346 quia
1155 3278 1393 3330 nimirum
1443 3281 1713 3334 intellexit

136 3371 267 3436 ejus
289 3369 432 3422 dono
459 3368 557 3421 sibi
588 3368 922 3421 refectionem
957 3379 1281 3433 procuratam
1315 3368 1363 3418 in
1388 3368 1687 3429 solitudine,

139 3460 242 3527 qui
268 3462 536 3527 quondam
569 3459 733 3511 Eliam
762 3458 1045 3510 solitarium
1072 3458 1192 3523 quia
1222 3456 1391 3508 nullus
1423 3458 1688 3509 hominum

140 3549 336 3602 aderat
368 3550 453 3616 qui
492 3550 833 3611 ministraret,
864 3546 886 3578 '
912 3546 1286 3614 ejusdemmodi
1318 3547 1437 3599 cibo
1469 3562 1559 3613 per
1601 3564 1690 3599 vo-

143 3639 322 3691 lucres
354 3652 453 3691 non
495 3652 656 3705 pauco
697 3646 930 3701 tempore
971 3637 1134 3701 pavit;
1171 3635 1319 3702 cujus
1359 3636 1494 3687 oculi
1530 3650 1690 3702 super

144 3729 402 3781 timentes
429 3744 569 3791 eum,
595 3737 863 3794 sperantes
892 3739 1063 3779 autem
1094 3726 1142 3778 in
1174 3726 1522 3779 misericordia
1553 3728 1689 3792 ejus,

145 3825 211 3867 ut
235 3816 423 3880 eripiat
447 3828 473 3864 a
499 3826 663 3867 morte
688 3815 891 3867 animas
910 3828 1111 3877 eorum,
1134 3824 1186 3866 et
1214 3815 1316 3865 alat
1341 3829 1432 3867 eos
1461 3816 1509 3866 in
1536 3816 1689 3868 fame.

148 3906 278 3959 llaec
316 3906 442 3957 mihi
486 3904 757 3972 religiosus
795 3907 956 3958 nostri
998 3907 1294 3959 monasterii
1340 3906 1477 3972 quod
1513 3915 1593 3962 est
1628 3909 1691 3961 ad

145 3997 350 4051 ostium
380 3996 522 4049 \‘iuri
548 3995 774 4048 fluminis
802 3996 821 4024 ⁸
845 3996 1114 4064 presbyter
1134 3998 1199 4049 de
1225 3998 1431 4050 nomine
1460 3998 1691 4066 Inguald,

144 4086 241 4153 qui
273 4100 407 4138 nunc
430 4085 595 4152 longze
616 4083 774 4151 gratia
803 4078 1103 4143 sedectutis,
1129 4084 1290 4151 magis
1318 4085 1474 4138 corde
1501 4087 1693 4139 mundo

1790 624 1929 675 di~se
1960 622 2213 688 perhibuit
2240 619 2285 670 δ.

1787 729 1937 785 CAP.
1981 730 2061 782 Vl.
2082 739 2100 768 τ
2142 730 2286 792 Quod
2314 731 2357 782 ei
2385 720 2711 782 testimonium
2742 729 2947 781 venienti
2975 730 3040 779 ad
3067 737 3315 781 monum-

1884 802 2013 851 rium
2043 798 2202 850 Boisil
2232 801 2303 849 t'if
2332 812 2530 850 sanctus
2560 801 2607 848 iu
2638 799 2812 865 spiritu
2837 798 3219 864 pi‘ophetaverit.

1860 889 2062 941 Interea
2102 887 2412 941 venerabilis
2455 887 2654 938 Domini
2694 901 2872 939 servus
2910 887 3099 939 relictis
3136 888 3312 940 sazculi

1792 980 1944 1031 rebus
1966 976 2376 1029 monasterialem
2407 984 2643 1041 properat
2662 976 2833 1027 subire
2864 974 3205 1040 disciplinam,
3232 984 3315 1026 ut—

1796 1076 1913 1133 pote
1941 1065 2138 1120 cmlesti
2168 1066 2363 1117 visione
2402 1065 2464 1115 ad
2508 1063 2791 1130 appetenda
2836 1072 3094 1129 perpetuae
3134 1065 3315 1129 gaudia

1793 1154 2129 1207 beatitudinis
2173 1153 2443 1214 incitatus,
2494 1154 2557 1203 ad
2607 1153 2922 1203 tolerandam
2970 1167 3060 1215 pro
3101 1152 3319 1203 Domino

1795 1244 2018 1295 esuriem
2049 1244 2289 1307 sitimque
2320 1240 2653 1305 temporalem
2686 1242 2849 1305 epulis
2887 1240 3125 1292 invitatus
3163 1240 3319 1292 carie-

1790 1330 2052 1383 Stibu~.Et
2075 1331 2278 1396 quidem
2314 1329 2780 1382 Lindisfarnensem
2816 1328 3097 1380 Eccesiam
3131 1328 3320 1379 multos

1794 1421 1983 1471 habere
2020 1430 2227 1470 sanctos
2266 1420 2403 1469 viros
2450 1406 2937 1484 quorum'doctrina
2977 1427 3029 1470 et
3067 1417 3321 1484 exemplis

1794 1508 1979 1559 instrui
2025 1514 2200 1573 posset
2243 1515 2483 1569 noverat,
2523 1506 2611 1558 sed
2646 1506 3117 1576 famapraeventus
3148 1505 3323 1557 Boisili

1792 1596 2090 1649 sublimium
2123 1596 2371 1649 virtutum
2403 1596 2637 1646 monachi
2669 1605 2720 1648 et
2750 1594 3037 1648 sacerdotis
3069 1604 3091 1631 ε
3115 1593 3321 1647 Mailros

1792 1692 1970 1750 petere
2009 1682 2211 1735 maluit.
2254 1682 2491 1748 Casuque
2524 1683 2739 1749 contigit
2780 1689 2835 1733 ut
2873 1696 2989 1735 cum
3021 1682 3111 1734 illo
3140 1697 3323 1750 prove-

1792 1772 1938 1824 niens
1973 1785 2107 1837 equo
2146 1770 2471 1837 desiluisset,
2512 1771 2941 1837 ingressurusque
2980 1772 3042 1823 ad
3071 1772 3322 1825 orandum

1788 1862 2080 1924 ecclesiam,
2110 1863 2279 1928 ipsum
2307 1860 2494 1927 pariter
2518 1875 2727 1927 equum,
2766 1872 2817 1913 et
2841 1860 3037 1913 hastam
3061 1877 3213 1927 quam
3244 1872 3323 1915 Ie-

1786 1962 1967 2004 uuerat
1999 1950 2149 2003 manu
2182 1950 2422 2002 ministro
2452 1950 2699 2013 dedisset,
2732 1950 2945 2022 necdum
2994 1952 3132 2004 enim
3174 1953 3322 2005 habi-

1788 2050 1892 2093 tum
1918 2042 2229 2107 deposuerat
2253 2039 2581 2102 szecularem,
2613 2039 2832 2092 Boisilus
2861 2040 2970 2107 ipse
3001 2055 3102 2105 pra:
3127 2040 3325 2094 foribus

1786 2128 2086 2181 monasrerii
2109 2130 2421 2189 consiStens,
2451 2128 2590 2193 prior
2615 2114 2757 2179 illum
2786 2128 3002 2180 videret.
3034 2129 3325 2180 l‘raavidens

1787 2217 1837 2269 in
1875 2218 2058 2283 spiritu
2098 2231 2319 2284 quantus
2356 2218 2755 2269 conversatione
2782 2229 2917 2269 esset
2948 2217 3149 2269 futurus
3174 2225 3325 2285 quem

1787 2309 2050 2371 cernebat,
2084 2308 2179 2359 huc
2209 2322 2362 2358 unum
2391 2307 2520 2360 dixit
2557 2306 2842 2358 astantibus
2877 2326 2886 2357 :
2934 2324 2951 2355 ε
2987 2307 3117 2361 Ecca
3148 2321 3327 2359 servus

1794 2396 1906 2458 Dei,
1944 2414 1962 2446 ι
2007 2397 2233 2448 imitatus
2271 2396 2411 2446 illum
2449 2396 2533 2462 qni
2570 2397 2959 2464 venientem_ad
3001 2410 3056 2447 se
3087 2398 3107 2426 ⁸
3136 2396 3326 2447 Natha-

1793 2485 1904 2537 nael
1936 2483 2169 2547 intuitus,
2207 2482 2351 2545 Ecce,
2379 2482 2563 2550 inquit,
2593 2486 2611 2513 ⁹
2632 2483 2703 2534 rir
2721 2481 2968 2541 Israelita,
2992 2484 3039 2533 in
3061 2500 3155 2550 quo
3182 2485 3327 2535 dolus

1791 2587 1888 2623 non
1916 2582 2028 2633 est;
2055 2562 2189 2623 siéut
2218 2571 2489 2637 religiosus
2512 2584 2571 2621 ac
2596 2580 2868 2622 veteranus
2895 2568 2981 2622 Dei
3012 2568 3251 2631 famulus,
3278 2582 3330 2623 ct

1792 2665 2065 2733 presbyter
2095 2664 2118 2700 ἀ
2142 2663 2398 2731 Sigfridus
2427 2669 2557 2716 solet
2597 2666 2826 2717 attestari
2850 2703 2866 2727 ,
2903 2664 2986 2729 qui
3016 2664 3180 2717 eidem
3215 2665 3331 2717 Boi-

1789 2755 1887 2807 silo
1927 2754 2037 2807 haec
2079 2754 2265 2807 dicenti
2313 2754 2449 2807 inter
2490 2756 2618 2806 alios
2650 2754 2914 2817 adstabat,
2962 2765 3080 2807 tunc
3126 2760 3176 2809 in
3222 2757 3332 2822 ipso

1793 2846 2116 2897 monasterio
2145 2846 2447 2897 adolescens
2479 2846 2655 2911 primis
2686 2844 2851 2896 adhuc
2881 2846 3194 2898 monachicae
3218 2847 3332 2898 vitae

1792 2934 2096 2985 rudimentis
2119 2933 2403 2995 institutus,
2430 2948 2565 2984 nunc
2598 2935 2645 2983 in
2681 2942 2877 2994 nostro,
2907 2934 2953 2983 id
2982 2942 3057 2984 est
3081 2934 3332 3000 Gyrveusi

1798 3025 2114 3075 mOnasterio
2146 3022 2430 3088 perfectum
2462 3022 2512 3072 in
2540 3021 2614 3072 Ch
2650 3023 2746 3072 isto
2774 3036 2929 3088 agt-ns
2960 3024 3143 3084 virum,
3174 3033 3223 3075 ιιι
3253 3023 3333 3075 in-

1795 3122 1873 3165 ter
1899 3128 2031 3179 wgra
2064 3112 2281 3178 spiritus
2313 3112 2529 3164 extremi
2574 3111 2797 3176 suSpiria
2842 3111 3013 3162 latum
3058 3113 3175 3163 vitae
3200 3111 3333 3163 alte-

1797 3204 1905 3255 rius
1951 3202 2135 3254 sitiens
2180 3201 2469 3253 introitum.
2517 3200 2621 3251 Nec
2670 3200 2812 3264 plina
2861 3200 3073 3266 loquens
3119 3200 3335 3252 Boisilns

1796 3293 2178 3355 pervenientem
2212 3305 2329 3341 mox
2360 3290 2422 3342 ad
2453 3305 2509 3343 se
2538 3290 2883 3341 Cudbercmm
2912 3289 3126 3356 benigne
3159 3304 3335 3342 susce-

1797 3382 1886 3444 pit,
1917 3395 2231 3446 causamque
2261 3381 2339 3432 sui
2373 3381 2569 3432 itineris
2598 3389 2967 3444 cxpOnentem,
3001 3382 3119 3446 quia
3150 3379 3335 3432 Viduli-

1793 3475 1869 3519 cel
1902 3470 2273 3521 monaSterium
2299 3469 2490 3519 saeculo
2510 3468 2867 3533 pra-tulerit,“
2886 3468 3135 3535 benignus
3160 3484 3335 3521 secum

1794 3556 2025 3606 retinuit.
2063 3558 2184 3608 Erat
2223 3557 2359 3609 enim
2391 3562 2699 3623 pra-positus
2740 3556 2974 3622 ejusdem
3014 3557 3333 3608 monasterii.

1863 3644 1926 3695 Et
1964 3654 2078 3711 pust
2105 3645 2215 3697 dies
2254 3660 2448 3711 paucos
2491 3646 2796 3696 adveniente
2827 3645 2936 3696 viro
2968 3644 3129 3696 beatae
3161 3661 3337 3696 recoi-

1792 3732 2018 3785 dationis
2052 3734 2208 3797 Eata,
2244 3744 2364 3785 tunc
2404 3734 2705 3801 presbytero
2740 3741 2791 3785 et
2825 3733 3007 3785 abbate
3038 3733 3337 3785 monaSterii

1794 3823 1991 3889 ipsius,
2050 3835 2225 3890 p05iea
2277 3820 2711 3873 Lindisfarnensis
2764 3820 3036 3884 Ecclesiae,
3092 3819 3244 3872 simul
3287 3828 3338 3873 rt

1800 3909 2031 3976 ejusdem
2063 3910 2158 3962 loci
2190 3910 2456 3971 antistite,
2492 3910 2736 3961 iudicavit
2773 3909 2819 3960 ei
2852 3912 2916 3960 de
2944 3908 3254 3972 Cudbercto,
3284 3918 3337 3960 ct

1742 4050 1746 4053 Α
1802 4000 1919 4067 quia
1953 4000 2075 4052 boni
2119 4000 2369 4066 propositi
2400 4000 2628 4052 animum
2656 4009 2859 4065 gereret
2889 3998 3152 4063 exposuit,
3196 3998 3333 4050 obti-

1804 4089 2015 4155 nuitque
2043 4091 2176 4154 apud
2207 4105 2323 4141 eum
2356 4098 2407 4140 ut
2429 4098 2641 4153 accepta
2675 4096 2881 4139 tonsura
2914 4096 2933 4121 ε
2967 4088 3178 4137 [ιθιῒυηι
3207 4101 3333 4139 con-

145 4174 387 4227 cmlestia
417 4187 569 4239 quam
591 4180 793 4225 terrena
814 4172 1104 4225 carnalibus
1132 4173 1511 4237 contemplatur
1538 4187 1689 4239 aSpe-
1722 4164 1769 4220 D
1797 4176 1961 4228 sortio
2004 4178 2222 4243 iungere
2250 4193 2329 4230 nr.
2374 4178 2410 4206 “
2443 4176 2589 4241 Quod
2645 4178 2905 4242 ingressus
2967 4176 3331 4228 monasterium

1051 4258 1509 4314 VULGATURUM
1553 4260 1932 4318 VARIANTES
1968 4265 2250 4319 LECTION
2262 4267 2359 4320 ES.

224 4358 237 4385 '
288 4354 433 4415 Ecce,
460 4354 699 4418 inquiens,
730 4352 923 4406 itinere.

222 4427 243 4455 '
285 4422 422 4475 Inter
450 4424 777 4486 psallendum.

224 4501 246 4530 ³
284 4492 502 4555 Gratias,
532 4494 638 4558 qui.

222 4561 245 4590 ⁸
287 4563 383 4622 Qui
406 4562 661 4612 nimirum.

221 4632 245 4660 ⁵
288 4629 568 4698 Ejusmodi.

228 4700 249 4729 ⁸
288 4697 585 4766 Presbyteri.

1867 4358 1885 4385 ⁷
1928 4358 2083 4419 Quale
2112 4361 2153 4410 ei
2184 4360 2513 4411 testinwnium
2544 4398 2578 4413 ..
2608 4360 2856 4427 quomodo
2882 4359 2988 4411 ri...

1867 4427 1887 4456 ⁸
1930 4429 2207 4479 Nat/mune!
2232 4431 2429 4481 inritus.

1864 4498 1883 4525 τ’
1931 4495 2054 4548 Vere
2083 4497 2333 4549 Israelita.

1870 4566 1909 4633 Ψ
1948 4564 2213 4633 Βθιιέςμιὶιιδ
2244 4567 2334 4618 »ιω
2364 4570 2585 4619 retinuit.

1872 4632 1908 4664 ¹¹
1950 4635 2010 4685 Et
2041 4632 2306 4703 ingressus.

1474 4761 1815 4818 VARIORUM
1856 4760 2072 4815 NOT.£.

225 4871 251 4897 ει
296 4858 417 4911 Iter.
464 4858 610 4923 Apud
645 4860 970 4925 Anonymum
1019 4857 1162 4910 locus
1209 4858 1501 4911 declaratur
1541 4858 1609 4909 iib
1643 4872 1684 4909 ιε

157 4952 178 4984 ι
216 4931 473 4995 Pergente
517 4933 734 4993 namque
772 4944 835 4978 eo
876 4928 1159 4987 abAustro
1203 4928 1265 4978 ad
1312 4927 1501 4980 ﬂumen
1553 4927 1685 4992 quod

156 5002 276 5054 Wir
314 4997 625 5055 nominatur,
660 4996 709 5046 in
746 5010 808 5048 eo
838 4995 950 5047 loco
981 4996 1065 5047 ubi
1099 4996 1445 5049 Lcunckester
1482 4996 1685 5056 dicitur,

156 5082 210 5124 et
242 5068 571 5119 transvadato
595 5078 677 5127 eo,
698 5065 760 5116 ad
786 5064 1070 5117 habitacula
1098 5066 1322 5117 veru-alia
1348 5075 1397 5117 et
1417 5066 1686 5128 aestivalia,

157 5130 376 5207 propter
397 5131 612 5183 imbrem
625 5140 1046 5207 ettempestatem
1068 5148 1308 5207 reversus
1323 5143 1419 5207 est.
1436 5152 1453 5183 ›
1468 5135 1510 5185 Μ
1522 5148 1686 5207 Αωω..

227 5206 256 5243 b
296 5206 601 5270 Anonymus
618 5202 862 5253 miracula
880 5203 1185 5268 compendio
1214 5216 1327 5263 peis
1355 5204 1561 5268 ringens
1581 5206 1690 5254 lunc

158 5275 305 5327 addit
327 5274 376 5326 in
401 5268 500 5323 line
531 5268 619 5321 lib.
652 5282 668 5319 t
700 5287 712 5319 :
750 5293 766 5318 ι
795 5270 986 5321 Omitto
1008 5270 1267 5337 quomodo
1295 5272 1546 5322 incastris
1569 5287 1691 5323 cou-

166 5357 243 5395 tra
279 5345 477 5393 hostem
509 5352 624 5390 cum
655 5339 883 5390 exercitu
913 5340 1123 5399 sedens,
1166 5340 1338 5405 ibique
1372 5342 1564 5391 habens
1592 5340 1689 5391 sti—

164 5412 351 5477 pendia
383 5421 566 5473 paria,
610 5418 783 5457 tamen
821 5422 973 5477 omne
1011 5410 1233 5473 Spatium
1263 5408 1583 5460 abundanter
1613 5409 1691 5460 vi-

166 5476 295 5532 vens
322 5477 494 5529 divine
518 5486 697 5527 auctus
722 5483 820 5535 est,
845 5476 975 5527 sicut
1004 5477 1181 5529 Daniel
1201 5488 1254 5529 et
1282 5486 1385 5529 tres
1414 5478 1554 5543 pueri
1577 5479 1695 5529 cibo

164 5548 323 5616 regali
365 5559 465 5596 non
496 5545 947 5616 contentitservili
979 5555 1172 5607 tamen,
1204 5555 1252 5596 et
1275 5560 1338 5598 eo
1369 5547 1694 5612 parvissima,

164 5614 295 5669 mue
322 5615 536 5680 saginati
564 5625 704 5667 sunt.
738 5614 841 5666 Nec
871 5627 971 5664 non
1004 5625 1253 5678 pr:ctereo
1289 5615 1548 5679 quomodo
1580 5616 1695 5665 aui-

162 5703 300 5738 mam
335 5682 560 5748 pra-lecti
593 5682 642 5732 in
674 5684 815 5734 obitu
847 5697 940 5734 suo
970 5684 1031 5732 atl
1062 5685 1251 5735 cmlum
1273 5684 1469 5739 elevari
1496 5683 1640 5737 Vidit.
1678 5700 1696 5732 ι

160 5762 286 5819 Quae
314 5770 343 5807 a
372 5752 440 5805 lle
460 5755 503 5802 la
533 5752 829 5806 reticentur.
864 5752 1081 5805 MARILL.

1865 4864 1887 4891 ε
1930 4854 2160 4905 Mailros.
2214 4854 2283 4904 lle
2316 4853 2411 4905 hoc
2440 4854 2755 4907 monasterio
2783 4855 2896 4908 vide
2925 4871 2993 4915 IV,
3022 4855 3109 4908 27.
3142 4856 3330 4917 Sirmi,

1862 4923 1887 4960 ί¹
1926 4925 2203 4990 Sigfriilus.
2234 4922 2630 4989 Distiuguetulns
2655 4926 2909 4991 Sigl'ridus
2933 4927 3029 4976 iSte
3056 4939 3083 4974 a
3111 4926 3335 4991 Sigfrqu

1791 4994 1975 5045 abbate
2006 4991 2407 5043 \Vircinutlu-nsi
2454 5003 2504 5044 et
2549 4993 2809 5055 Girveusi,
2842 5008 2991 5054 quem
3024 5008 3105 5044 an.
3138 4994 3239 5046 689
3271 5012 3331 5047 ex

1794 5060 2014 5114 llistoria
2047 5061 2165 5111 abb.
2202 5058 2333 5112 ινιτ.
2365 5071 2418 5111 et
2463 5061 2605 5113 Girv.
2640 5062 2769 5114 infra
2800 5064 2937 5115 edita
2985 5062 3176 5115 obiisse
3203 5078 3333 5115 cun-

1791 5140 1908 5183 stat.
1940 5129 2123 5181 Sirmi.

1865 5208 1886 5234 ο
1927 5197 2166 5247 Tanaum:
2196 5194 2335 5249 Petri
2372 5198 2581 5261 formant
2618 5200 2667 5250 in
2707 5200 2905 5250 modum
2933 5215 3125 5263 corona:
3152 5200 3262 5264 spin
3292 5216 3337 5252 σε

1793 5276 1939 5337 caput
1971 5264 2154 5337 Christi
2179 5268 2437 5335 ringentis,
2469 5268 2678 5319 Domino
2706 5269 3332 5337 adjuvuiite,susceperat,

1796 5336 1954 5401 inquit
2000 5336 2300 5401 Atioztytttus
2349 5338 2498 5388 initio
2549 5338 2641 5389 lib.
2692 5336 2935 5388 ILCerte
2980 5336 3333 5390 NurtliUsnhrii

1796 5403 2111 5458 catholicum
2142 5404 2337 5456 Pascha
2359 5415 2410 5457 et
2439 5406 2720 5458 Romanam
2749 5415 3010 5456 tonsuram
3043 5420 3177 5456 anno
3203 5404 3331 5469 (itii,

1798 5474 1903 5526 imo
1955 5480 2106 5524 antea
2156 5474 2393 5526 monachi
2444 5475 2723 5541 llripeuses
2772 5484 3139 5541 susceperant,
3200 5484 3333 5527 teste

1804 5543 1937 5595 Beda
1980 5541 2029 5592 in
2082 5543 2181 5595 ιη).-
2224 5556 2282 5594 ιιι
2330 5543 2461 5595 Hist.
2531 5540 2646 5609 cap.
2694 5540 2785 5594 25.
2834 5541 2963 5591 lliuc
3015 5540 3337 5595 Cuthbertus

1801 5613 1963 5684 inuiti
1981 5612 2244 5684 proximus
2273 5614 2552 5684 discipulos
2582 5608 2757 5669 monet
2791 5610 2857 5664 de
2886 5608 3141 5679 fugiendis
3170 5612 3333 5665 schis-

1797 5682 2017 5733 maticis.
2044 5680 2261 5736 ΜΑηιιι..
