3862 6322
518 416 624 469 765
1226 406 1424 461 ΒΕυιλΕ
1466 401 1901 458 VENERABILIS
1937 401 2081 456 OPP.
2124 401 2295 456 FAllS
2334 401 2420 455 IV.
2460 428 2527 440 --
2566 375 2950 454 IIISTORICA.’
3610 402 3699 453 τιι

519 525 796 580 confestim
818 519 1065 586 aqualem
1083 517 1284 570 caneris
1307 515 1548 568 fratribus
1573 516 1688 566 vitae
1711 513 1954 580 regularis
1968 513 2061 565 ob-
2087 523 2136 579 Α
2159 511 2264 576 jam
2292 507 2315 538 δ
2340 510 2470 560 cocti
2515 518 2637 560 sunt
2671 508 2846 560 modo.
2881 527 2898 558 s
2951 511 3016 560 At
3045 509 3128 561 ubi
3161 508 3336 572 rediit,
3372 523 3475 560 non
3513 509 3700 562 iurent

518 612 836 669 servantiam
869 621 1064 668 tenere,
1089 605 1167 657 Vel
1196 606 1349 656 etiam
1377 604 1617 656 arctioris
1644 602 1928 667 disciplina
1954 609 2064 651 stu-
2166 600 2421 665 hospitem
2451 613 2606 663 quem
2644 598 2883 649 edentem
2913 597 3200 664 reliquerat
3225 616 3240 660 ;
3281 600 3520 662 explorat
3555 603 3702 651 vesti-

529 706 646 763 diis,
667 697 966 765 supergredi
994 693 1235 754 curabat,
1275 691 1476 757 legendi
1507 691 1767 753 videlicet,
1791 686 2062 754 operandi,
2162 689 2246 754 gia
2272 687 2293 718 ⁶
2321 703 2422 751 quo
2453 689 2567 749 iret,
2609 687 2698 738 sed
2725 687 2862 737 nulla
2894 687 3096 753 uspiam
3126 687 3328 747 cernit,
3363 685 3386 716 ⁸
3418 702 3599 738 recens
3621 703 3703 737 aa-

531 786 795 852 vigilandi,
823 794 975 848 atque
999 780 1181 832 orandi
1211 780 1473 833 solertior.
1503 778 1606 831 Sed
1637 789 1689 829 et
1713 777 1856 844 juxta
1886 790 2064 827 exem—
2164 785 2268 829 tem
2298 776 2433 828 nivis
2469 785 2656 828 terram
2685 785 2914 836 texerat,
2954 789 3069 841 quae
3110 775 3357 827 facillime
3401 775 3590 827 viantis
3615 777 3703 828 iter

532 879 670 942 plum
701 873 970 926 Samsonis
992 869 1256 922 fortissimi
1284 869 1540 933 quondam
1572 865 1806 924 Nazarei,
1835 867 1901 914 ab
1924 864 2063 914 omni
2164 865 2430 931 proderet,
2460 873 2513 915 et
2534 879 2635 930 quo
2657 861 2964 925 declinaret,
3007 872 3348 915 monstraret.
3381 861 3701 927 Stupefactos

521 963 655 1027 quod
701 960 969 1014 inebriare
1015 965 1184 1021 potest
1228 956 1436 1007 sedulus
1475 953 1766 1006 abstinebat
1802 970 1813 1002 :
1843 966 1943 1003 non
1974 967 2065 1002 au-
2163 966 2287 1018 ergo
2317 952 2392 1003 vir
2421 952 2646 1014 Domini,
2676 961 2727 1003 et
2756 965 2933 1003 secum
2961 966 3205 1018 quatrens
3232 951 3298 1004 de
3321 953 3458 1004 facto
3479 966 3702 1018 reposuit

531 1059 630 1102 tem
662 1057 855 1101 tantam
882 1059 1124 1098 escarum
1153 1044 1354 1094 valebat
1381 1042 1555 1093 subire
1584 1041 1973 1100 continentiam,
2002 1054 2065 1092 ne
2167 1057 2399 1094 mensam
2430 1043 2478 1093 in
2503 1042 2758 1094 conclavi.
2783 1042 2930 1106 Quod
2953 1043 3216 1109 ingressus
3233 1043 3484 1096 continuo
3505 1044 3700 1095 obvias:

525 1138 836 1194 necessariis
865 1140 1035 1190 minus
1062 1135 1277 1186 idoneus
1307 1133 1600 1183 efﬁceretur
1629 1131 1900 1196 operibus.
1944 1129 2066 1180 Erat
2167 1129 2345 1182 habuit
2365 1131 2479 1182 miri
2502 1130 2675 1181 odoris
2701 1130 3053 1197 fragrantiam.
3076 1130 3517 1198 Circumspicicns
3540 1143 3700 1183 autem

521 1229 661 1280 enim
697 1227 942 1281 robustus
965 1237 1182 1290 corpore
1205 1231 1256 1273 et
1278 1223 1473 1285 integer
1507 1218 1720 1280 viribus,
1752 1228 1804 1270 et
1830 1219 1893 1269 ad
1925 1231 2064 1284 qute-
2169 1217 2304 1268 unde
2334 1226 2471 1267 esset
2501 1226 2613 1268 orta
2648 1227 2786 1266 tanta
2841 1217 3014 1270 odoris
3043 1219 3292 1280 suavitas,
3325 1220 3453 1270 vidit
3475 1218 3700 1283 juxtapo-

525 1334 730 1386 cunque
766 1317 972 1368 volebat
1001 1324 1149 1380 aptus
1179 1293 1431 1364 exercitia
1472 1311 1686 1361 laboris.
2167 1303 2294 1354 sitos
2325 1312 2428 1354 trcs
2466 1318 2626 1370 panes
2665 1303 2864 1357 calidos
2910 1306 3101 1358 insoliti
3140 1307 3382 1358 candoris
3420 1318 3473 1358 et
3510 1308 3698 1374 gratis.

532 1426 676 1479 CAP.
703 1422 804 1475 Vll.
831 1419 1110 1484 Quomodo,
1132 1417 1362 1485 angelum
1389 1415 1602 1478 hospitio
1629 1415 1922 1485 suscipiens,
1946 1420 2066 1464 dum
2169 1391 2472 1485 ila-verisque
2502 1392 2620 1443 talia
2646 1406 2824 1485 secum
2846 1395 3098 1460 loquitur:
3120 1396 3320 1449 (Cerno
3335 1400 3474 1485 quod
3497 1401 3700 1465 angelus

595 1509 770 1559 partem
799 1480 974 1556 quierit
1005 1480 1284 1559 ministrare
1306 1494 1573 1548 terrenum,
1603 1480 1782 1536 ctrlesti
1811 1486 1872 1534 ab
1892 1485 2064 1534 eodem
2170 1480 2258 1532 Dei
2290 1489 2401 1532 erat
2430 1495 2580 1546 quem
2608 1481 2833 1545 suscepi,
2885 1497 3121 1548 pascere,
3159 1497 3259 1536 non
3305 1484 3447 1550 pasci
3479 1499 3698 1537 ven:ens.

593 1556 894 1612 remunerari
921 1556 1173 1608 meruerit.
2172 1568 2247 1620 En
2279 1583 2438 1635 panes
2461 1570 2636 1622 attulit
2663 1573 2679 1600 τ
2708 1574 2890 1638 quales
2931 1582 3066 1626 terra
3095 1575 3308 1642 gignere
3338 1575 3539 1640 nequit.
3580 1576 3621 1628 Ν
3641 1593 3699 1628 ιω

598 1673 828 1736 Cumque
859 1678 973 1735 post
997 1666 1190 1732 aliquot
1219 1677 1383 1716 annos
1407 1662 1512 1730 regi
1540 1661 1805 1713 Alchfrido
1833 1662 2066 1727 placeret
2168 1668 2222 1710 et
2251 1659 2354 1710 lilia
2386 1660 2636 1723 candore,
2669 1671 2721 1714 et
2749 1676 2894 1714 rosas
2921 1664 3101 1728 odore,
3133 1671 3186 1716 et
3217 1663 3368 1717 mella
3401 1663 3701 1729 praecellunt

537 1777 628 1827 pro
667 1757 1022 1822 redemptione
1053 1754 1237 1804 animae
1274 1768 1379 1803 suae
1424 1751 1593 1803 locum
1621 1752 1892 1816 quemdam
1925 1750 2066 1816 regni
2170 1763 2376 1816 sapore.
2403 1749 2551 1803 Unde
2579 1760 2788 1804 constat
2810 1753 2926 1817 quia
2958 1769 3058 1806 non
3082 1757 3239 1807 densa
3269 1755 3455 1808 tellure
3480 1756 3598 1814 orti,
3623 1761 3698 1808 sed

538 1849 638 1910 sui,
667 1847 752 1914 qui
775 1856 798 1885 ι
832 1852 1041 1896 vocatur
1068 1841 1341 1908 Inhrypum
1368 1839 1428 1890 ad
1458 1829 1857 1890 construendum
1879 1838 2067 1889 ibidem
2100 1849 2145 1905 Β
2172 1839 2235 1891 de
2263 1839 2501 1904 paradiso
2530 1840 2810 1907 voluptatis
2849 1843 2989 1893 allati
3030 1854 3172 1896 sunt.
3224 1844 3332 1897 Nec
3363 1843 3547 1896 mirum
3579 1847 3700 1909 quod

537 1935 946 1990 monasterium‘
990 1933 1151 1984 Eatan
1187 1931 1357 1982 abbati
1399 1929 1661 1992 Iidonare,
1697 1929 1884 1980 tollens
1927 1928 2061 1980 idem
2171 1927 2352 1989 epulas
2409 1928 2458 1976 itt
2505 1928 2658 1979 terris
2715 1943 2923 1980 sumere
2969 1933 3229 1997 respuerit
3290 1931 3578 1993 humanas,
3628 1946 3702 1996 qm

536 2026 697 2076 abbas
722 2023 974 2089 quosdam
1007 2034 1035 2071 e
1066 2016 1312 2070 fratribus
1338 2030 1536 2074 secum,
1571 2018 1618 2067 in
1649 2016 1837 2081 quibus
1862 2025 1914 2065 et
1941 2015 2074 2067 Cud-
2172 2012 2406 2065 'aiterno
2433 2015 2550 2066 vita:
2577 2030 2710 2080 pane
2733 2016 2979 2069 fruituriu
2998 2019 3165 2070 cretis.
3183 2036 3200 2068 ι
3224 2020 3399 2084 Itaque
3421 2019 3497 2070 vir
3513 2019 3702 2071 Dotni-tt

533 2115 754 2173 bettum,
792 2107 1024 2161 condidit
1060 2108 1128 2158 ibi
1169 2105 1306 2172 quod
1354 2106 1628 2170 petebatur
1667 2106 2068 2167 monasterium,
2173 2105 2238 2156 de
2260 2115 2468 2158 ostensa
2503 2107 2738 2159 miraculi
2772 2110 2961 2160 virtute
2988 2121 3355 2175 compunctus,
3379 2109 3627 2175 majorem
3650 2124 3700 2158 ex

536 2212 686 2264 atque
723 2198 919 2249 eisdem
964 2196 1154 2262 quibus
1192 2204 1342 2246 antea
1385 2194 1595 2246 Mailros
1626 2195 1873 2245 institutis
1911 2195 2071 2246 disci-
2174 2210 2238 2248 eo
2267 2200 2514 2250 virtutum
2555 2197 2802 2264 operibus
2834 2213 3010 2250 curam
3045 2199 3395 2263 impendebat.
3425 2202 3702 2251 arescent:-

539 2289 690 2354 pltua:
731 2284 987 2352 regularis
1028 2282 1230 2336 imbuit.
1279 2282 1374 2336 Ubi
1416 2283 1640 2335 famulus
1689 2281 1889 2334 Domini
1933 2282 2075 2333 Cud-
2176 2288 2274 2340 bus
2313 2297 2484 2340 autem
2514 2288 2790 2341 virtutibus
2816 2288 2979 2340 crevit
3009 2298 3060 2338 et
3089 2290 3250 2354 gratia
3278 2289 3523 2341 caelestis.
3563 2288 3702 2339 Deni-

535 2382 744 2431 beretus
772 2375 1220 2440 suscipiendorum
1251 2373 1427 2426 officio
1455 2373 1763 2440 prmpositus
1795 2375 2074 2441 hospitum,
2177 2392 2275 2442 que
2295 2378 2486 2442 saepius
2509 2390 2568 2429 ex
2583 2391 2645 2428 eo
2663 2385 2897 2442 tempore
2917 2376 3127 2443 angelos
3151 2378 3323 2430 videre
3344 2377 3700 2444 etalloqui,sed

539 2467 816 2532 probanda:
862 2479 970 2516 suae
1015 2465 1181 2529 gratia
1229 2461 1526 2515 devotionis
1573 2461 1812 2529 angelum
1873 2461 2075 2513 Domini
2178 2476 2231 2519 et
2263 2467 2500 2519 esuriens
2523 2465 2652 2517 cibis
2678 2467 2698 2496 '
2726 2466 3038 2532 specialibus
3066 2466 3160 2516 sibi
3190 2483 3216 2515 a
3266 2466 3479 2517 Domino
3517 2480 3701 2530 perpa-

537 2569 630 2604 suo
661 2553 954 2618 suscepisse
978 2552 1138 2604 fertur
1161 2551 1406 2619 hospitio.
1431 2553 1450 2581 ¹
1480 2550 1670 2604 Exiens
1697 2552 1888 2604 etenim
1913 2552 2078 2618 primo
2178 2559 2308 2611 ratis
2332 2557 2518 2609 meruit
2541 2557 2705 2610 refici.
2729 2555 2855 2607 Nam
2878 2558 2997 2624 quia
3018 2557 3240 2609 affabilis
3262 2568 3312 2609 et
3334 2558 3582 2623 jucundus
3613 2573 3704 2606 nn-

540 2658 688 2695 tuane
717 2646 781 2697 de
812 2643 1144 2696 interioribus
1172 2644 1470 2696 monasterii
1499 2643 1698 2695 :edibus
1721 2644 1781 2694 ad
1817 2644 2076 2708 hospitum
2179 2648 2325 2699 ribus
2363 2657 2508 2710 erat,
2564 2647 2866 2714 plerumque
2911 2648 3035 2698 dum
3074 2650 3136 2698 ad
3183 2649 3473 2712 exemplum
3515 2647 3702 2696 vivendi

539 2734 801 2796 eellulam,
839 2733 1033 2784 invenit
1065 2733 1190 2784 inibi
1219 2733 1493 2798 quemdam
1523 2736 1789 2785 sedentem
1814 2735 2078 2798 juvenem,
2185 2737 2530 2799 priesentibus
2587 2750 2788 2802 patrum
2840 2737 3242 2802 praecedentium
3288 2749 3426 2804 gesta
3466 2736 3701 2794 referret,

540 2837 690 2891 quem
747 2821 1008 2873 hominem
1061 2823 1352 2885 mstimans,
1383 2824 1537 2874 solito
1588 2837 1705 2873 mox
1747 2823 2080 2875 humanitatis
2181 2826 2336 2878 etiam
2371 2825 2492 2892 quid
2523 2824 2618 2876 sibi
2646 2824 2766 2877 doni
2799 2824 3048 2891 spiritalis
3086 2839 3311 2890 superna
3352 2826 3513 2890 pietas
3539 2835 3702 2875 contu-

543 2925 688 2962 more
717 2909 964 2977 suSrepit.
995 2908 1122 2962 Nam
1155 2909 1387 2963 lavandis
1427 2911 1664 2962 manibus
1702 2925 1886 2977 aquam
1913 2911 2076 2974 dedit,
2181 2915 2299 2967 lerit
2335 2913 2604 2966 humiliter
2635 2914 2948 2967 interserere
2977 2914 3199 2966 solebat.
3238 2911 3305 2964 Et
3330 2911 3594 2979 aliquando
3626 2926 3706 2961 au-

541 3002 696 3067 pedes
728 2999 836 3067 ipse
859 3001 1039 3065 abluit,
1071 2999 1229 3053 linteo
1257 3002 1494 3066 extersit,
1537 3002 1786 3056 fovendos
1817 3004 2078 3056 ltutniliter
2178 3013 2283 3056 tem
2315 3003 2484 3056 velate
2512 3003 2659 3069 quasi
2686 3002 2784 3056 sub
2817 3017 3037 3070 persona
3069 3003 3282 3054 alterius
3315 3003 3362 3052 id
3393 3001 3558 3053 facere
3575 3015 3708 3057 ciris,

541 3090 778 3142 manibus
807 3104 900 3141 suo
922 3089 972 3142 in
1001 3091 1115 3142 sinu
1145 3091 1458 3156 composuit,
1500 3101 1653 3158 atque
1682 3102 1732 3142 ut
1766 3092 1944 3143 boiam
1972 3091 2074 3144 diei
2181 3091 2288 3142 bat.
2320 3091 2466 3153 Quod
2501 3098 2672 3143 tamen
2702 3089 2788 3157 qui
2816 3091 3051 3155 audiere,
3084 3089 3201 3156 quia
3231 3093 3297 3141 de
3336 3089 3508 3156 seipso
3533 3088 3709 3140 dixerit

538 3182 743 3231 tertiam
783 3179 942 3248 etiam
981 3179 1098 3232 cibo
1126 3179 1438 3231 reliciendns
1475 3190 1822 3245 exspectaret.
1858 3183 2073 3246 rogavit,
2102 3160 2149 3222 ο
2181 3177 2570 3244 intelligebant,
2605 3179 2751 3243 juxta
2789 3165 3086 3243 exemplum
3116 3178 3347 3245 Magistri
3380 3179 3421 3217 ι·
3467 3189 3704 3244 gentium,

539 3285 606 3321 ne
647 3272 689 3321 si
715 3269 924 3335 jejunus
963 3269 1058 3320 iret
1088 3269 1221 3320 fame
1253 3269 1445 3334 pariter
1482 3278 1534 3321 et
1575 3270 1763 3337 frigore
1799 3274 2080 3324 lassaretur
2182 3268 2268 3335 qui
2326 3267 2478 3319 modo
2530 3278 2711 3334 averte
2749 3281 2870 3320 suas
2913 3269 3131 3321 νίΐίυιεε
3159 3269 3402 3332 τεινιίεει,
3445 3270 3589 3318 ωοάυ
3619 3267 3709 3316 “Iit

543 3361 785 3414 hiberno.
822 3360 1039 3412 Putabat
1073 3375 1294 3428 namque
1323 3361 1586 3414 hominem
1617 3373 1867 3415 nocturno
1897 3363 2081 3415 itinere
2185 3367 2439 3424 pmlexlu
2479 3358 2692 3410 alterius
2731 3372 2966 3425 personae
2994 3366 3033 3394 ¹¹
3070 3361 3314 3426 loquitur,
3363 3375 3382 3407 ε
3412 3358 3528 3411 Scio
3563 3356 3710 3407 humi-

542 3449 781 3502 simulet
820 3447 1024 3500 flatibus
1054 3449 1310 3502 d«~lessum
1351 3449 1547 3510 niveis,
1591 3449 1676 3501 illo
1724 3449 2082 3515 requiescendi
2185 3463 2304 3501 nem
2347 3449 2395 3502 in
2435 3447 2664 3510 Christo,
2713 3458 2835 3499 ante
2878 3462 3045 3500 annos
3092 3457 3248 3514 quatu
3289 3449 3485 3501 rdecitu
3524 3458 3708 3513 raptu

542 3538 704 3605 gratia
727 3538 951 3590 diluculo
977 3537 1286 3590 devertisse.
1321 3537 1533 3604 Negavit
1569 3538 1672 3600 ille,
1695 3548 1748 3589 et
1775 3553 1828 3589 se
1857 3541 1962 3590 cito
1991 3541 2083 3594 itu-
2187 3552 2347 3602 usque
2374 3537 2439 3588 ad
2471 3538 2676 3589 tertium
2709 3538 2750 3566 "
2781 3537 2988 3590 caelum.
3022 3555 3039 3587 ι

540 3643 677 3689 rum,
709 3630 823 3694 quia
852 3628 1051 3694 longius
1080 3637 1220 3679 esset
1250 3629 1448 3678 mansio
1477 3627 1540 3678 ad
1570 3642 1722 3692 quam
1755 3637 2079 3694 properaret,
2184 3649 2332 3703 CAP.
2367 3647 2489 3700 om.
2537 3647 2685 3712 Quod
2710 3649 2901 3701 εαιυαιο
2930 3665 2959 3700 α
2988 3648 3227 3716 languore
3249 3648 3292 3687 ιι
3316 3646 3581 3700 Cudbemo
3609 3645 3712 3696 δα,

543 3718 838 3783 τεειιοιιάἰι.
873 3718 936 3769 At
965 3717 1290 3769 Cudberctus
1319 3717 1405 3769 diu
1437 3717 1456 3746 ³
1489 3718 1704 3769 nmltum
1738 3733 1944 3785 rogans,
1972 3728 2086 3770 tan-
2287 3718 2352 3770 sil
2389 3719 2659 3770 moriturus
2687 3718 2728 3748 “
2747 3734 2858 3784 qua
2887 3728 3044 3770 essent
3073 3729 3280 3770 uentura
3322 3719 3619 3785 pradixerit.

541 3808 662 3859 dem
691 3805 1017 3874 adiuratione
1039 3805 1212 3858 addita
1236 3804 1394 3858 divini
1419 3807 1659 3868 nominls,
1686 3806 1745 3856 ad
1775 3807 2084 3858 niam-udum
2259 3808 2457 3861 Interea
2502 3809 2619 3876 quia
2651 3809 2848 3876 fragilis
2880 3809 2923 3848 ι’
2946 3819 3020 3861 est
3060 3818 3111 3861 et
3157 3821 3303 3860 more
3350 3807 3465 3858 freti
3494 3805 3714 3857 volubilis

543 3899 746 3964 coegit;
777 3898 1058 3963 statimque
1097 3905 1153 3947 ut
1186 3897 1406 3962 expletis
1439 3897 1576 3948 liora:
1610 3898 1773 3948 tertiae
1795 3907 1816 3932 ο
1844 3899 2084 3963 precibus
2187 3899 2359 3952 omnis
2390 3901 2565 3952 seaculi
2613 3909 2799 3962 status,
2835 3901 3061 3952 instante
3110 3898 3284 3952 subito
3315 3899 3520 3950 turbine
3552 3899 3713 3962 prs-fs-

544 3988 783 4038 vescendi
810 3997 1010 4051 tempus
1037 3986 1236 4046 aderat,
1265 3986 1502 4051 apposuit
1526 4001 1781 4048 mensam,
1806 3991 2086 4040 sumendas
2191 3996 2274 4039 tus
2302 3987 2461 4040 abbas
2507 3988 2630 4041 Eata
2658 4003 2774 4041 cum
2819 3988 3114 4042 Cudbercto
3145 3998 3197 4041 et
3245 3988 3452 4039 (ueteris
3479 3999 3604 4050 qnos
3642 3998 3711 4034 se-

545 4075 736 4128 obtulit
767 4091 935 4138 escas,
959 4084 1009 4127 et
1043 4093 1060 4124 ι
1090 4074 1318 4127 Obsecro
1343 4085 1409 4138 te,
1438 4074 1620 4140 inquit,
1649 4072 1826 4137 frater,
1859 4077 2082 4138 relicias,
2190 4087 2307 4128 cum
2350 4075 2637 4129 adduxerat
2683 4077 2926 4130 fratribus
2967 4076 3180 4128 domum
3203 4072 3230 4110 ⁸
3255 4074 3498 4142 repulsus
3542 4084 3634 4126 est.
3672 4081 3714 4120 ει

542 4165 665 4216 dum
701 4164 907 4218 rediens
937 4178 1120 4231 panem
1151 4162 1592 4219 calidumaﬂ'cro:
1619 4178 1772 4230 spero
1801 4165 1938 4216 enim
1968 4164 2087 4232 quia
2193 4163 2339 4219 locus
2386 4166 2691 4220 monasterii
2737 4166 2876 4235 quod
2909 4166 3217 4220 condiderat
3245 4165 3365 4219 aliis
3410 4165 3477 4219 ad
3508 4162 3714 4216 incolat-

1480 4274 1887 4328 VULGATUIEU
1901 4275 1946 4328 Μ
1993 4273 2378 4331 VARIANTES
2416 4275 2813 4331 LECTIONES.

615 4367 629 4394 ¹
677 4363 883 4434 lintre...
914 4361 1064 4418 Eata.
2117 4377 2168 4434 D
2265 4370 2283 4399 ⁸
2324 4369 2542 4432 Speciali
2571 4384 2776 4420 munere
2799 4383 2829 4418 α
2865 4365 3095 4417 Domino.

613 4435 632 4462 ²
676 4433 858 4482 Εςιεὲεηι
889 4435 1035 4483 enim.
2118 4433 2138 4434 ί
2268 4437 2313 4467 ὀ
2348 4435 2605 4499 Ccntinm,
2641 4438 2726 4500 qui
2755 4437 2900 4486 modo
2926 4439 3012 4484 sub
3040 4444 3307 4499 pretextu.

615 4501 632 4530 ³
679 4501 993 4571 Multumque
1019 4516 1221 4570 rogans.
2273 4509 2306 4537 ¹¹
2354 4506 2590 4571 Loquitur
2616 4507 2803 4555 dicens.

616 4570 635 4599 ⁸
674 4570 812 4620 Cocti
841 4581 972 4620 sunt.
1001 4572 1131 4623 At...
2273 4571 2312 4604 "
2352 4570 2558 4632 Cretum,
2589 4584 2632 4624 et
2662 4582 2838 4624 (cetera
2863 4573 2996 4624 illius
3028 4573 3144 4624 lori.

618 4641 638 4670 ³
681 4640 790 4703 Qua
819 4640 930 4690 iret.
2273 4637 2314 4672 ⁸⁸
2339 4644 2597 4706 Quomodo
2624 4652 2800 4694 sanato
2827 4659 2857 4692 a
2887 4642 3145 4709 languore.

619 4709 642 4739 ⁸
683 4710 914 4759 lfeccntes
934 4717 1100 4761 autem
1124 4709 1320 4761 nives...
1348 4716 1590 4773 texerant,
1613 4723 1779 4763 recens
1801 4720 1967 4763 autem
1990 4712 2095 4764 nix.
2273 4708 2313 4741 "
2343 4713 2467 4772 Qua:
2491 4713 2536 4763 ei
2560 4721 2699 4763 erant
2720 4721 2945 4763 ventura.

619 4779 638 4850 ξ
681 4777 840 4850 Quale
865 4787 1012 4850 terra.
2272 4782 2285 4809 ⁸
2298 4776 2316 4804 ⁵
2341 4782 2518 4832 Amore
2540 4782 2672 4850 freti.

621 4848 640 4876 '
677 4844 905 4898 Afterna:
934 4848 1063 4898 vite.

1865 4939 2218 4994 VARIORUM
2257 4938 2460 4992 NOTAE

624 5040 648 5067 ⁸
691 5032 989 5100 Inhrypum.
1025 5029 1267 5096 Rippam,
1299 5031 1465 5100 inquit
1490 5031 1808 5094 Camdenus,
1838 5029 2094 5084 Saxonico
2266 5029 2291 5064 δ
2318 5028 2576 5100 portare:
2595 5029 2728 5081 Ante
2756 5043 2854 5100 an.
2876 5024 2996 5081 suo.
3026 5026 3218 5080 Sim-tt.

562 5095 991 5169 llrippumfinter
1017 5095 1171 5153 Urum
1204 5095 1414 5150 lluviuiu
1445 5114 1506 5152 ac
1535 5101 1746 5151 limitem
1777 5101 2094 5169 septentrio-
2271 5110 2292 5135 ε
2317 5096 2513 5169 Tertiae.
2542 5098 2743 5164 Ergone
2757 5099 2971 5169 vetitum
2989 5105 3098 5169 erat
3121 5095 3722 5169 tunctemporisaatelto-

555 5163 704 5227 nalis
734 5181 784 5222 et
830 5169 1170 5221 occidentalis
1217 5170 1434 5220 ducatus
1479 5169 1822 5220 Eboracensis
1840 5163 1912 5220 ἐι
1948 5168 2093 5220 Skell
2199 5183 2309 5220 ram
2359 5167 2565 5218 tertiam
2615 5163 2823 5217 sumere
2865 5163 3075 5215 cibum?
3116 5165 3271 5217 Certe
3313 5163 3589 5218 meum...
3611 5164 3722 5218 Car-

556 5242 820 5295 fluviolum
843 5240 1062 5290 locatum
1091 5247 1222 5289 erat.
1243 5238 1315 5290 De
1339 5253 1402 5289 eo
1431 5237 1566 5289 Beda
1601 5250 1700 5287 non
1730 5241 1888 5288 semel
1922 5239 1972 5288 in
2017 5238 2098 5287 tli-
2202 5237 2526 5301 tbaginense,
2545 5249 2658 5299 cap.
2680 5233 2766 5295 12,
2790 5231 3023 5284 convivia
3048 5241 3170 5286 ante
3197 5233 3381 5286 horam
3406 5239 3608 5286 tertiam
3630 5235 3721 5286 ﬁeri

559 5314 715 5364 storia
742 5324 831 5360 sua
863 5305 1119 5374 loquitur;
1149 5306 1198 5357 in
1231 5308 1320 5358 lib.
1353 5319 1596 5374 nt,_cap.
1625 5304 1716 5366 25,
1749 5305 1819 5355 ait
1839 5305 2098 5374 iWilfrido
2201 5312 2355 5374 cavet
2381 5305 2516 5374 apud
2541 5301 2892 5374 Burcltardum
2923 5301 3012 5351 lib.
3039 5315 3239 5374 n,_cap.
3275 5302 3396 5374 165.
3422 5303 3634 5374 Πλωιῂ

557 5383 799 5430 domuum
831 5378 894 5427 ab
923 5369 1193 5427 Alchfrido
1222 5390 1344 5440 rege
1384 5369 1557 5429 fuisse
1583 5373 1935 5442 monasterium
1962 5391 2093 5442 qua-
2270 5371 2302 5442 (ξ
2325 5371 2568 5442 Repulsus
2599 5381 2690 5423 est.
2724 5372 2796 5421 De
2843 5369 2937 5442 hac
2964 5371 3275 5442 expulsioug
3313 5371 3434 5422 vide
3459 5369 3658 5442 -,tn,35,
3681 5379 3723 5422 ct

556 5449 788 5513 draginta
815 5445 1124 5510 familiarum
1151 5445 1202 5494 in
1243 5439 1349 5495 loco
1387 5445 1470 5509 qui
1495 5442 1676 5513 dicitur
1707 5439 2091 5513 In-Ilripp'um,
2202 5455 2254 5513 v,
2280 5440 2367 5491 20.
2397 5440 2813 5513 S._Cudberctus
2843 5439 2997 5504 igitur
3026 5441 3196 5492 adhuc
3243 5439 3520 5513 Scoton
3551 5440 3720 5513 Pascit:

556 5507 700 5583 quem
727 5507 875 5578 paulo
901 5519 1014 5565 ante
1042 5515 1110 5565 eis
1140 5514 1225 5581 qui
1258 5507 1434 5583 Scotos
1451 5511 1804 5583 sequebantur,
1830 5512 1879 5562 in
1905 5507 2096 5583 posses-
2135 5574 2144 5583 ι
2204 5509 2524 5583 observavit,
2553 5521 2841 5583 eorumque
2881 5518 3148 5583 tonsuram
3180 5509 3412 5583 retinuit.
3448 5507 3566 5560 Ideo
3587 5507 3722 5583 fait-

558 5575 744 5636 ἐιοηεηι
776 5585 1058 5634 monasterii
1085 5575 1308 5634 dederat.
1340 5582 1493 5634 Istlric
1520 5575 1669 5632 annis
1701 5581 1872 5632 tribus
1902 5575 2097 5632 vixisse
2135 5575 2144 5583 ”
2201 5577 2804 5640 cedebant,thfridoque
2826 5575 2996 5628 locum
3023 5577 3238 5642 dabant,
3259 5575 3380 5643 quia
3406 5577 3633 5632 suam.irt
3658 5587 3724 5625 rat

559 5669 620 5706 ac
649 5654 853 5703 demum
881 5654 1115 5716 sepultus
1151 5653 1313 5708 fuisse
1342 5649 1609 5706 Wilfridus
1637 5648 1825 5704 dicitur
1850 5650 1900 5704 in
1930 5648 2022 5703 lib.
2046 5664 2096 5713 v,
2203 5649 2502 5716 Scotorum,
2535 5656 2733 5716 mutare
2758 5645 3190 5716 consuetudinem
3223 5644 3720 5716 ttoluerunt,_ut,i-.

558 5738 676 5793 Cap.
705 5721 792 5777 ‘20.
821 5713 1040 5773 MABlLL.
2206 5731 2257 5781 v,
2287 5714 2371 5768 l9.
2402 5715 2531 5771 Hinc
2560 5713 2890 5769 Mabillonius
2919 5714 2974 5769 in
3013 5713 3124 5769 suis
3153 5713 3365 5774 prmviia
3401 5716 3468 5768 ad
3496 5714 3650 5766 Vitam
3675 5717 3722 5766 ὃ.
