3862 6356
149 452 263 505 ⁸143

802 442 996 503 8ηϋΤ.
1040 450 1077 501 l.
1118 478 1179 488 —
1227 447 1788 503 llAGlOGRAPllICA.
1831 475 1894 485 —
1937 445 2087 498 VITA
2127 446 2181 498 S.
2221 439 2625 497 CUTHBEliTl.

3221 443 3315 499 746

145 561 281 610 dum
317 559 584 611 monachis
609 568 622 597 ι
649 556 817 609 datur.
850 557 953 608 Nec
980 565 1295 609 memoratus
1318 556 1507 609 athleta
1535 554 1686 608 Cbri-
1720 563 1760 616 Α
1791 555 2007 622 singulis
2062 554 2243 607 diebus
2268 554 2286 583 ‘
2307 552 2536 619 singulas
2581 562 2874 615 possumus,
2904 543 3118 597 Domino
3164 544 3313 608 adju-

146 647 227 696 sli
270 647 556 698 mutatione
589 646 818 697 IOCOI'IIIII
869 644 1083 695 mutavit
1125 654 1347 696 mentem
1390 646 1456 694 alt
1480 653 1687 710 arrepto

149 738 326 785 seuiel
360 734 623 799 proposito
659 733 743 783 mil
770 732 851 784 the
880 731 1123 784 cmlestis.
1167 731 1354 783 Verum
1397 732 1687 796 diligentis-

147 821 317 879 sime,
344 821 487 885 juxta
517 820 653 885 quod
702 829 753 869 et
801 830 920 869 ante
950 820 1117 869 facere
1162 827 1521 880 consueverat,
1555 818 1688 869 beati

156 907 350 957 lioisili
380 909 529 957 αἰαὶ,
562 910 751 971 pariter
778 906 1101 956 auscuitabat
1128 913 1181 955 et
1228 907 1379 955 actis.
1414 908 1525 967 Quo
1563 913 1689 954 teni-

153 1007 313 1056 pore,
346 996 479 1044 sicut
527 992 824 1043 llerelridus
854 991 1118 1042 faniiiiaris
1159 992 1271 1057 ejus
1311 993 1598 1057 presbyter,
1642 1001 1693 1040 et

152 1082 334 1132 abbas
384 1080 642 1145 quondam
696 1079 994 1129 monasterii
1045 1079 1475 1131 Lindisfarnensis
1524 1079 1689 1143 ipsum

154 1178 369 1221 reteire
396 1168 602 1220 solitum
628 1176 864 1229 testatur,
896 1170 1077 1217 morbo
1107 1167 1415 1232 pestilentia:
1444 1181 1543 1230 quo
1572 1174 1693 1217 tunc

156 1257 375 1319 plurimi
428 1269 516 1321 per
567 1254 880 1305 Britanniam
936 1257 1082 1322 longe
1137 1255 1338 1319 lateque
1386 1255 1693 1305 deliciebaut

153 1355 436 1411 Cori-eptus
465 1354 562 1395 est.
594 1347 655 1395 At
684 1342 872 1395 fratres
902 1343 1199 1394 monasterii
1234 1344 1368 1393 illius
1398 1352 1575 1403 totam,
1603 1356 1693 1408 pro

155 1436 280 1499 ejus
313 1438 413 1486 vita
442 1442 497 1485 et
524 1439 686 1485 salute
706 1445 998 1499 precantes,
1025 1442 1225 1484 noctem
1249 1431 1443 1485 duxere
1474 1436 1692 1497 pervigi-

159 1528 293 1574 lem.
322 1524 514 1578 Omnes
537 1526 673 1575 enim
702 1524 849 1589 quasi
883 1524 1107 1574 hominis
1151 1524 1315 1574 sancti
1348 1524 1691 1573 necessariam

170 1613 276 1681 sibi
310 1612 423 1676 ejus
444 1612 610 1661 adhuc
641 1612 689 1660 iii
710 1624 865 1661 carne
891 1613 1213 1672 praesentiam
1253 1610 1516 1661 rebantur.
1548 1609 1694 1672 Quod

158 1702 293 1749 dum
324 1700 417 1764 ipsi
464 1714 613 1749 inane
639 1701 849 1764 quidam
890 1701 955 1750 de
986 1698 1083 1748 illis
1126 1697 1397 1762 indicaret,
1449 1712 1563 1747 nam
1605 1712 1696 1748 ne-

159 1788 368 1837 sciente
402 1800 475 1837 eo
504 1790 750 1845 fecerant,
802 1784 1120 1848 respondens
1166 1787 1338 1834 statim
1373 1802 1386 1836 :
1415 1800 1433 1831 ι
1470 1785 1532 1835 Et
1570 1784 1691 1849 quid

1792 652 1963 702 vante,
1982 641 2215 707 legendo,
2239 647 2290 691 et
2311 646 2559 704 quantum
2591 650 2720 701 opus
2741 646 2819 686 est
2851 634 2984 685 inter
3014 647 3106 683 nos
3130 632 3313 684 confc-

1790 727 1951 780 rcndo
1976 742 2297 795 percurrere.
2329 724 2537 777 Factum
2568 732 2724 775 estut
2748 723 2968 775 dixerat.
2998 723 3160 786 Quam
3192 720 3310 773 ideo

1789 814 2059 867 lectionem
2090 823 2191 864 tam
2224 810 2475 864 citissime
2504 810 2769 876 complere
2788 810 3045 868 valebant,
3079 809 3199 876 quia
3227 825 3312 860 so.

1791 903 1890 953 lam
1922 901 1971 953 in
2013 916 2072 953 ea
2126 886 2241 953 fidei
2271 914 2387 968 qua:
2416 914 2505 964 per
2544 898 2870 949 dilectionem
2914 908 3160 965 operatur
3188 898 3319 949 sim-

1794 990 2098 1055 plicitatem,
2132 1002 2232 1040 non
2266 997 2437 1040 autem
2466 988 2807 1053 quaestionum
2836 988 3086 1051 profunda
3120 998 3312 1038 tracta-

1797 1078 1937 1128 bant.
1961 1076 2225 1142 COmpleta
2256 1090 2379 1143 ergo
2409 1086 2521 1139 pOSI
2567 1084 2764 1139 septem
2793 1074 2903 1126 dies
2936 1074 3175 1136 lectione,
3206 1089 3315 1126 tuc-

1793 1176 1993 1217 niorato
2021 1175 2257 1231 arreptus
2287 1164 2465 1215 morbo
2490 1165 2568 1214 vir
2594 1164 2793 1213 Domini
2822 1163 2973 1215 Boisil
3003 1163 3137 1214 diem
3161 1176 3178 1197 ο
3198 1176 3314 1227 per-

1794 1254 1931 1305 venit
1980 1254 2043 1305 ad
2099 1253 2372 1313 ultimum,
2425 1260 2477 1303 et
2528 1254 2624 1302 hoc
2666 1252 2684 1279 '
2732 1266 2914 1317 magna
2975 1253 3319 1303 exsultatione

1794 1350 2114 1404 transcenso,
2163 1341 2185 1371 ⁸
2214 1341 2393 1407 gaudia
2443 1349 2701 1405 perpetua:
2730 1341 2858 1391 lucis
2902 1337 2926 1374 ἀ
2957 1341 3181 1393 intravit.
3216 1341 3315 1393 Fe-

1797 1438 1917 1480 runt
1948 1430 2088 1480 illum
2121 1431 2199 1481 bis
2227 1438 2426 1495 septem
2454 1430 2656 1489 diebus,
2680 1432 2851 1481 omnia
2881 1430 3173 1484 Cudbercto
3198 1447 3314 1498 qua:

1795 1518 1840 1568 ei
1864 1522 2033 1568 lutura
2064 1516 2647 1581 restabantexposuisse
2674 1532 2688 1568 :
2713 1518 3042 1583 praplieticus
3074 1534 3315 1586 namque,

1795 1614 1848 1653 ut
1880 1606 2009 1666 dixi,
2039 1614 2089 1656 ct
2118 1604 2263 1655 mira:
2283 1602 2569 1675 sanctitatis
2589 1612 2702 1655 erat
2729 1605 2901 1656 homo.
2932 1605 3159 1670 Denique
3182 1623 3312 1671 pra:-

1796 1694 1914 1745 l’atze
1944 1694 2281 1745 acerbitatem
2312 1692 2622 1759 pestilentiae
2650 1692 2873 1743 triennio
2902 1694 3195 1761 priusquam
3229 1711 3317 1747 ie-

1796 1784 1929 1832 mret
1969 1782 2128 1833 Eatau
2171 1780 2345 1833 abbati
2376 1782 2396 1812 ⁹
2422 1796 2517 1833 suo
2562 1782 2798 1844 praedixit
2844 1782 3001 1833 fuisse
3053 1783 3270 1833 futuram
3298 1822 3312 1841 ,

154 1874 361 1936 jacet-1'
393 1873 592 1936 inquit:
623 1874 640 1900 ’
666 1886 830 1937 neque
856 1872 992 1922 enim
1023 1866 1300 1933 putandum
1342 1879 1441 1929 est,
1472 1871 1590 1935 quia
1623 1878 1695 1919 tot
1732 1879 1770 1933 Β
1803 1881 1896 1918 nec
1922 1881 1980 1919 se
2020 1868 2100 1919 illa
2134 1868 2412 1920 tollendum
2460 1867 2643 1919 celavit
2672 1885 2683 1917 ε
2712 1869 2877 1935 ipsum
2918 1883 3041 1921 vero
3080 1870 3314 1921 abbatem

162 1965 456 2027 taliumque
501 1961 726 2011 virorum
774 1972 950 2023 preces
999 1959 1134 2010 Deus
1160 1956 1498 2022 ’dcspexerit
1532 1975 1542 2007 :
1576 1958 1693 2008 date

164 2048 414 2097 baculum
442 2056 495 2097 et
521 2048 713 2113 caligas
740 2062 753 2108 ;
783 2065 802 2096 ι
834 2045 1208 2113 confestimque
1228 2061 1515 2113 exsurgens
1537 2048 1694 2111 (:(Bplt

164 2143 377 2186 tentare
407 2136 685 2196 incessum,
735 2134 916 2189 baculo
957 2136 1203 2197 innitens,
1224 2145 1277 2187 et
1310 2146 1576 2189 crescente
1608 2152 1697 2201 per

163 2220 287 2271 dies
319 2229 503 2273 inclute
549 2222 820 2273 sanitatem
853 2220 1059 2288 quidem
1103 2224 1318 2288 recepit,
1348 2227 1436 2273 sed
1465 2224 1581 2289 quia
1612 2233 1692 2272 tu-

164 2322 289 2358 mor
319 2310 403 2374 qui
434 2309 484 2359 in
515 2306 535 2336 ‘
561 2308 754 2360 femore
780 2307 893 2374 ejus
918 2309 1149 2374 parebat,
1185 2311 1425 2374 paulatim
1456 2324 1484 2361 a
1513 2325 1696 2375 super-

162 2394 290 2445 ticie
342 2394 699 2446 dctutnescens
745 2397 978 2459 corporis
1026 2395 1093 2446 ad
1145 2398 1402 2447 viscerum
1449 2396 1692 2449 interiora

162 2486 442 2551 prolapsus
470 2496 571 2549 est,
603 2496 706 2539 toto
733 2502 862 2554 pene
891 2489 1007 2539 vita:
1036 2504 1144 2540 sua:
1192 2496 1424 2555 tempore
1453 2491 1693 2557 aliquan-

167 2575 338 2622 tnluni
370 2574 747 2625 interaneorum
778 2590 878 2625 non
926 2576 1163 2627 cessabat
1201 2579 1397 2630 sentire
1436 2578 1691 2641 dolorem,

162 2661 430 2722 videlicet,
470 2673 542 2723 ut,
577 2660 721 2726 juxta
748 2662 1075 2728 Apostolum,
1103 2663 1274 2715 Virtus
1319 2667 1368 2716 itt
1400 2666 1696 2718 infirmitate

168 2750 536 2814 perficeretur.

242 2842 402 2899 Quem
446 2850 563 2887 cum
594 2833 814 2888 famulus
867 2837 1066 2890 Domini
1090 2846 1112 2871 ⁸
1139 2838 1297 2891 Boisil
1336 2854 1366 2891 a
1403 2840 1696 2893 valetudine

162 2936 408 2977 sanatum
445 2936 704 2993 cerneret,
740 2930 811 2979 ait
842 2945 854 2978 ι
892 2946 910 2977 ι
944 2929 1115 2991 Vides,
1150 2930 1326 2993 frater,
1359 2933 1477 2997 quia
1508 2932 1697 2985 libera-

164 3026 256 3064 tns
301 3028 356 3065 es
382 3029 409 3063 a
453 3016 687 3065 molestia
727 3032 823 3080 qua
856 3016 1148 3079 laborabas,
1198 3027 1253 3073 et
1288 3019 1403 3071 dico
1437 3019 1524 3071 tibi
1558 3022 1694 3088 quod

158 3118 229 3153 ea
252 3101 360 3167 jam
392 3107 521 3153 ultra
553 3104 835 3170 tangendos
865 3118 1067 3167 nones,
1099 3122 1265 3172 neque
1289 3107 1386 3159 hoc
1415 3110 1696 3160 moriturus

1796 1974 1945 2010 suum
1965 1973 2065 2009 non
2092 1972 2154 2009 ea
2184 1959 2512 2021 moriturum,
2539 1958 2629 2009 sed
2660 1958 2748 2011 illo
2778 1961 2943 2024 potius
2966 1960 3144 2011 inorbo
3165 1976 3316 2025 quem

1794 2048 2141 2115 dysenteriam
2192 2047 2375 2099 medici
2419 2048 2696 2113 appellant,
2745 2049 2884 2099 vcrid
2908 2062 3003 2107 co,
3050 2059 3101 2099 ut
3148 2064 3317 2100 rerum

1800 2138 1976 2189 exitus
2006 2136 2200 2199 docuit,
2243 2149 2484 2188 sermone
2516 2137 2842 2202 praemonuit.
2873 2136 2973 2187 Sed
3009 2146 3062 2188 et
3090 2137 3321 2188 Cudber-

1795 2235 1883 2277 cto
1918 2225 2052 2276 inter
2077 2224 2199 2290 alia,
2231 2225 2348 2292 quia
2376 2225 2650 2291 episcopus
2682 2234 2820 2277 esset
2851 2224 3167 2277 ordinandus
3199 2229 3321 2277 iusi-

1796 2314 1990 2366 unavit.
2043 2313 2188 2367 Unde
2216 2314 2351 2367 idem
2393 2314 2715 2370 Cudberctus
2766 2316 3091 2380 postmodum
3134 2320 3181 2368 in
3232 2332 3315 2369 se—

1794 2414 1946 2451 cessu
1998 2403 2382 2455 anachoreseos
2429 2406 2659 2468 positus,
2707 2404 2882 2457 dicere
2929 2406 3139 2469 quidem
3194 2407 3319 2457 nulli

1798 2489 2005 2539 volebat
2044 2490 2160 2554 quia
2212 2490 2508 2554 episcopum
2548 2504 2666 2541 eum
2716 2490 3009 2556 praedixerit
3053 2491 3318 2544 futurum:

1792 2579 1883 2627 sed
1916 2586 2086 2628 tamen
2118 2577 2443 2628 visitantilius
2485 2590 2542 2637 se
2581 2578 2852 2644 aliquoties
2882 2576 3147 2641 fratribus,
3181 2581 3318 2631 sole-

1795 2668 1880 2718 bat
1904 2669 2067 2720 multo
2096 2682 2213 2720 cum
2239 2668 2420 2721 dolore
2443 2669 2717 2733 protestari
2744 2687 2754 2719 :
2788 2668 2914 2734 Quia
2936 2670 3092 2721 etiam
3134 2669 3176 2720 si
3207 2672 3319 2723 lieri

1796 2759 1977 2823 possit,
2007 2765 2063 2808 ut
2087 2756 2131 2796 ιθ
2151 2756 2203 2809 in
2247 2766 2396 2810 caute
2428 2761 2774 2824 permodicam
2820 2759 3185 2811 domunculam
3228 2763 3320 2810 ba-

1795 2848 1923 2898 bcns
1948 2847 2214 2907 deliteam,
2249 2847 2334 2900 ubi
2386 2848 2814 2900 circmnfeieotes
2838 2863 2921 2900 me
2961 2850 3184 2914 undique
3224 2848 3314 2901 llu-

1794 2946 1909 2988 ctus
1955 2937 2147 2990 Oceani
2186 2938 2538 2999 tumescentis,
2590 2952 2617 2989 a
2669 2928 2970 2991 cunctorum
3019 2944 3313 2991 mortalium

1802 3026 1919 3075 visu
1952 3026 2146 3091 pariter
2165 3033 2217 3077 et
2243 3026 2534 3091 cognitione
2560 3013 2827 3078 recludant
2851 3042 2864 3077 :
2890 3040 2983 3078 nec
3004 3029 3081 3078 sic
3109 3027 3314 3093 quidem

1796 3112 2017 3164 liberum
2065 3127 2147 3165 me
2177 3113 2241 3166 ab
2262 3114 2461 3165 insidiis
2493 3114 2668 3165 mundi
2700 3113 2924 3167 fallentis
2962 3117 3184 3177 testimo,
3225 3118 3316 3167 sed

161 3189 222 3237 in
255 3198 524 3253 tempore;
556 3192 811 3253 simulque
854 3204 1058 3252 moneo,
1090 3202 1144 3242 ut
1180 3194 1299 3259 quia
1341 3209 1427 3248 me
1458 3212 1598 3248 tnors
1632 3196 1696 3247 vi-
1719 3181 1763 3242 ε
1796 3200 1863 3251 ibi
1905 3214 2109 3267 quoque
2146 3200 2269 3267 quia
2316 3200 2541 3267 qualibet
2581 3212 2643 3252 ex
2682 3214 2835 3252 causa
2868 3202 3179 3270 philargyria
3233 3220 3315 3255 me

161 3277 286 3325 cina
314 3276 660 3341 praestolatur,
691 3278 891 3328 discere
918 3293 946 3328 a
994 3294 1076 3332 me
1121 3280 1311 3345 aliquid
1348 3284 1573 3348 quandiu
1600 3287 1693 3337 do-

158 3377 289 3416 cere
316 3365 507 3414 valeam
552 3378 652 3415 uou
696 3366 923 3418 omittas.
955 3365 1067 3417 Non
1109 3369 1246 3419 enim
1278 3370 1391 3435 plus
1420 3385 1575 3437 quam
1607 3388 1691 3426 se«

164 3465 315 3517 ptem
360 3451 471 3504 dies
500 3461 639 3514 sunt,
672 3452 859 3519 quibus
906 3454 1031 3506 mihi
1079 3456 1142 3507 ad
1169 3456 1459 3509 docendum
1500 3462 1692 3512 sanitas

159 3548 440 3611 corporis,
495 3556 548 3597 et
602 3546 785 3612 lingua:
830 3556 1069 3613 suppetat
1112 3552 1295 3602 virtus.
1327 3567 1346 3601 ι
1408 3551 1694 3616 Respondit

158 3630 517 3697 Cudberctus,
547 3630 673 3683 nihil
705 3632 949 3686 haesitans
996 3634 1062 3688 de
1089 3640 1309 3690 veritate
1349 3639 1607 3693 dictorum
1637 3642 1696 3693 il—

158 3720 336 3771 liusu
368 3720 431 3771 Et
455 3719 597 3787 quid,
630 3734 773 3787 rogo,
799 3721 1049 3799 optimum
1081 3725 1204 3777 mihi
1232 3736 1310 3778 est
1332 3727 1523 3795 legere,
1557 3732 1691 3797 quod

167 3817 348 3859 tamen
404 3823 513 3869 una
550 3808 749 3862 valeam
799 3808 1155 3864 consum‘mare
1209 3818 1541 3880 septimana?
1574 3837 1592 3869 ι
1630 3823 1695 3871 At

168 3894 263 3944 ille
296 3910 307 3943 :
337 3911 355 3943 ι
383 3893 654 3958 Joannem,
706 3897 888 3964 inquit,
917 3901 1308 3968 evangelistam.
1340 3922 1359 3953 ι
1396 3905 1484 3958 Est
1517 3920 1692 3961 autem

162 3983 296 4036 mihi
342 3984 503 4036 codex
534 3982 560 4019 δ
584 3984 779 4037 habens
834 3992 1200 4052 quaterniones
1253 4004 1449 4059 septem
1476 4036 1489 4059 ,
1515 3996 1536 4026 ⁸
1563 4014 1690 4064 quas

1795 3296 2001 3341 tcutans
2028 3289 2265 3356 abripere
2295 3290 2455 3356 possit
2475 3304 2676 3341 vereor.

1794 3396 1945 3449 CAP.
1994 3396 2082 3448 IX.
2161 3397 2320 3457 Quam
2384 3396 2585 3447 sedulus
2639 3413 2755 3464 erga
2810 3399 3136 3451 ministerium
3188 3403 3320 3453 verbi

2259 3465 2560 3517 Cudberctus
2587 3468 2843 3517 eistt’terit.

1864 3555 1984 3607 Post
2015 3558 2053 3586 ¹¹
2080 3554 2275 3608 obitum
2317 3570 2440 3622 ergo
2482 3556 2653 3607 diiecti
2689 3557 2789 3607 Deo
2824 3559 3106 3611 sacerdotis
3141 3561 3314 3615 Boisili

1799 3654 2137 3696 memoratum
2166 3643 2426 3710 pricpositi
2456 3641 2685 3694 officium
2710 3643 3033 3697 Cudberctus
3064 3650 3317 3713 Suscepit,

1795 3742 1848 3783 et
1877 3746 1968 3798 per
1996 3732 2192 3798 aliquot
2229 3745 2395 3783 annos
2441 3731 2682 3798 spiritali,
2722 3742 2775 3784 ut
2808 3741 3042 3787 sanctum
3082 3736 3313 3793 decebat,

1795 3836 2045 3873 exercens
2076 3808 2349 3881 industria,
2386 3827 2409 3854 θ
2442 3834 2541 3871 non
2571 3821 2739 3871 solum
2770 3822 2864 3887 ipsi
2898 3825 3209 3875 monasterio
3239 3841 3318 3875 re-

1793 3908 1983 3974 gularis
2013 3907 2127 3960 vita
2156 3907 2372 3969 monita,
2424 3908 2575 3960 simul
2622 3918 2674 3960 et
2715 3910 2953 3977 exempla
2986 3910 3315 3973 praiferebat,

1792 3994 1882 4048 sed
1913 4007 1965 4048 et
2007 3996 2192 4065 vulgus
2240 3995 2668 4063 circumpositum
2718 3996 2868 4063 longe
2909 3998 3111 4066 lateque
3150 4016 3178 4051 a
3215 4015 3317 4051 vna

1096 4094 1545 4179 νυιςᾼτυιιωι
1592 4101 1671 4153 VA
1684 4100 1970 4155 RIANTES
2009 4101 2399 4155 LECTIONES.

249 4180 261 4207 '
292 4175 464 4227 Datus.

241 4245 261 4272 ¹
292 4246 326 4292 .\
340 4262 457 4309 eque
480 4246 610 4295 enim
638 4246 979 4300 dubitandum.

245 4320 262 4344 ~‘
292 4310 407 4360 Non
425 4314 710 4373 ἄμμι-κενὴ.

239 4377 259 4403 ⁸
289 4375 493 4428 ι’ἐιιιονε
515 4383 793 4444 αρριιι-ριὺειι.

236 4445 257 4473 ⁸
281 4447 429 4507 Quos.

240 4513 261 4541 ⁸
285 4511 537 4580 Singulos.

1864 4191 1883 4219 ⁷
1909 4189 2094 4255 Magna
2124 4206 2252 4239 cum.

1865 4259 1883 4283 ⁸
1907 4260 1979 4307 τιτι
2008 4260 2261 4325 gaudium.

1867 4328 1885 4354 τ’
1910 4327 2012 4374 Suo
2033 4327 2136 4386 [ilio
2165 4330 2403 4388 loturam.

1868 4392 1908 4420 ¹⁰
1930 4391 2151 4443 luraule-

1774 4460 1777 4461 ν
1867 4463 1901 4488 ”
1930 4465 2125 4510 Ubitmtt
2153 4476 2281 4510 vero.

1444 4610 1782 4664 VARIORUM
1821 4610 2042 4663 ΝΟἸίΕ.

1444 4612 1782 4664 νΑιιιυιιωι
1821 4612 2042 4663 ΝΟΤιΕ.

158 4670 922 4767 Οιιέιιςιοιῖηοὺςεινιιιὶορίιιιιε
967 4696 1103 4759 apud
1143 4697 1258 4751 Act.
1308 4698 1432 4751 Ben.
1476 4714 1584 4752 sec.
1632 4715 1689 4761 ιι,
1724 4708 1771 4763 ι)
1796 4706 1911 4748 ctus
1939 4699 2199 4763 priPPOSlll
2238 4698 2586 4751 Mailrosensis
2613 4699 2839 4767 nl'ltcium
2873 4702 3118 4764 suscepit.
3150 4712 3203 4755 et
3223 4719 3315 4767 per

162 4774 217 4822 p.
248 4757 369 4815 878,
396 4756 658 4830 afﬁrmans
688 4758 743 4809 S.
768 4756 1111 4830 Cudberctum
1141 4767 1403 4830 accepisse
1432 4782 1534 4818 non
1566 4756 1693 4819 Sco;

162 4836 340 4883 ticam,
362 4824 451 4873 sed
489 4824 644 4883 l’etri,
676 4839 879 4878 errasse
905 4828 1122 4890 videtur,
1162 4841 1214 4883 et
1264 4824 1291 4883 ὲ
1316 4840 1495 4885 contra
1524 4835 1690 4886 conti—

162 4902 417 4962 ιιιιειιιιιὈςΔ
458 4890 687 4962 liollantli
734 4904 874 4962 recte
928 4900 1276 4962 suspicantur,
1320 4909 1513 4952 textum
1561 4918 1688 4953 ano-

162 4959 303 5023 nyini
334 4958 418 5026 qui
458 4956 616 5009 Vitam
644 4959 699 5011 S.
725 4960 993 5013 Cudbercti
1021 4956 1419 5026 'scrinsit,'idem
1444 4983 1686 5024 asseren-

161 5022 289 5082 tem.
322 5022 526 5077 eO‘loco
553 5027 914 5091 interpolatum
943 5046 1076 5083 esse.
1110 5022 1297 5088 sumit.

238 5104 260 5165 ς·
286 5091 464 5165 Boisil.
597 5097 834 5165 hocgvide
864 5113 935 5158 tv,
961 5101 1047 5157 '27,
1078 5110 1128 5151 et
1158 5118 1205 5165 v,
1238 5106 1289 5156 9.
1320 5104 1393 5157 lo.

235 5158 260 5237 ιζ
290 5163 340 5211 lii
364 5159 462 5237 lib.
493 5162 659 5237 Mirac.
788 5165 1059 5237 Cuthberti
1089 5158 1205 5235 cap;
1238 5173 1331 5222 ult.
1374 5174 1561 5225 dicitur
1586 5175 1683 5228 iste

158 5229 325 5280 codex
363 5230 411 5278 in
441 5229 659 5295 ecclesia
692 5231 1020 5286 Dunelmensi
1050 5229 1325 5290 asservari.
1358 5241 1572 5295 Manum.

236 5306 256 5331 ε
284 5295 529 5347 Pmeuit.
559 5283 713 5375 lioisil
742 5283 1183 5375 οιξίιιρἷιιοβξιέί

160 5378 483 5440 suorumque
510 5378 536 5412 ι
572 5363 1181 5440 lIri_peusi_innriasterio,
1210 5376 1293 5440 qni
1328 5378 1512 5427 accidit
1542 5380 1680 5430 circa

160 5445 250 5479 an.
281 5428 572 5498 66t,jnxta
624 5432 763 5485 Matt.
810 5433 1027 5488 Westin.
1064 5428 1188 5492 Vide
1228 5428 1384 5492 etiam
1418 5453 1589 5497 notam
1622 5428 1688 5498 dc

162 5507 405 5575 tempore
431 5500 722 5575 donationis
753 5502 904 5565 hujus
935 5510 1233 5560 monasterii
1280 5512 1341 5560 ad
1393 5512 1683 5575 Vilfridum,

161 5580 213 5624 v,
244 5566 324 5615 l9.
361 5566 681 5618 Mabillonius
706 5570 753 5620 in
784 5584 878 5619 suo
908 5577 1097 5625 saeculo
1118 5591 1153 5627 ιι
1182 5589 1229 5628 et
1258 5579 1483 5629 liollandi
1510 5566 1681 5631 cauti;

161 5641 410 5684 nuatores
448 5633 516 5683 2t)
563 5635 727 5688 Martii
778 5638 1020 5690 "Olsllllm
1080 5642 1265 5695 flustra
1317 5648 1458 5697 aiunt
1500 5649 1684 5701 delun-

159 5712 302 5753 ctum
329 5714 411 5751 an.
443 5702 562 5751 664.
594 5705 719 5764 Quia
749 5719 859 5768 cap.
894 5709 922 5757 ll
953 5718 1066 5771 post
1100 5712 1341 5765 lioisilom
1364 5716 1417 5767 S.
1449 5716 1681 5774 Cudber-

480 5792 738 5849 l‘n'tmL.
781 5794 980 5853 XCIV.

1792 4760 1992 4832 aliquot
2033 4760 2197 4817 annos
2234 4771 2424 4835 tenuit;
2451 4768 2541 4818 sed
2591 4768 2688 4818 hoc
2736 4760 2836 4817 non
2880 4760 3047 4835 potuit
3090 4760 3316 4825 tenui-sse.

1794 4848 1884 4898 per
1928 4834 2124 4897 aliquot
2167 4848 2349 4894 annos,
2384 4834 2426 4885 si
2476 4836 2524 4885 id
2573 4834 2891 4893 suscepisset
2936 4850 3019 4887 an.
3074 4839 3207 4897 6m;
3252 4858 3314 4891 eo

1788 4903 2071 4971 enimipso
2098 4916 2235 4953 anno
2264 4902 2429 4971 factus
2477 4910 2556 4953 est
2606 4902 3038 4971 LiiidiJarncneis
3069 4912 3314 4971 prsepmi-

1789 4977 1871 5021 tus
1900 4969 1965 5020 ab
1998 4970 2121 5021 Eata
2149 4971 2234 5036 qui
2278 4970 2411 5037 idem
2444 4970 2811 5022 monasterium
2844 4974 3044 5023 abbatis
3066 4969 3187 5037 iure
3208 4986 3312 5025 'um

1789 5039 1941 5107 rexit.
1979 5038 2105 5090 Vide
2133 5051 2246 5103 cap.
2274 5036 2366 5107 εξ.
2396 5046 2443 5107 et
2477 5052 2552 5100 ιιι,
2584 5040 2672 5103 9.6,
2696 5050 2746 5091 et
2778 5041 2915 5091 Flor.
2948 5036 3163 5107 Wig.'ct
3184 5048 3218 5096 ζ)
3246 5063 3312 5095 ιιι.

1788 5105 1923 5157 Duo.
1950 5121 2003 5171 p.
2031 5108 2082 5168 5,
2105 5116 2155 5155 et
2182 5119 2249 5165 tv,
2276 5103 2363 5171 27.
2396 5104 2584 5159 Sitne.

1854 5174 1880 5210 ἀ
1902 5180 2057 5243 Anno
2082 5172 2221 5243 circa
2247 5170 2427 5243 664d
2455 5175 2659 5240 quidem
2693 5190 2720 5222 v
2750 5172 2864 5243 ldus
2889 5175 3177 5241 Scplemb.,
3216 5196 3317 5243 qua

1782 5243 1867 5295 die
1898 5242 1946 5293 in
1995 5242 2159 5311 Fastis
2204 5241 2393 5311 Belled.
2426 5243 2737 5311 celebratur.
2781 5242 2850 5291 De
2898 5257 2961 5295 c0
3012 5247 3113 5311 agit
3159 5241 3312 5298 etiam

1784 5311 1921 5362 Beda
1966 5311 2017 5359 in
2048 5310 2137 5361 lib.
2170 5324 2220 5360 tv
2264 5309 2393 5361 Hist.
2444 5324 2561 5374 cap.
2588 5308 2675 5366 27,
2715 5311 2797 5359 lilii
2844 5312 3022 5365 statuit
3046 5308 3311 5364 'mnnaslc-

1783 5380 1909 5448 rium
1935 5377 2145 5428 Mailros
2165 5379 2217 5427 tu
2239 5378 2349 5448 ripa
2378 5376 2767 5448 Tuidi/luminis
2788 5384 3005 5444 positum
3030 5383 3078 5432 in
3111 5386 3307 5448 Anglic

1783 5445 2077 5510 Sco-tiaeqae
2126 5446 2408 5505 coofiniis,
2462 5446 2609 5509 cujus
2661 5451 2960 5499 monasterii
3016 5445 3305 5511 poste:i"al

1783 5516 2155 5581 Cistercienses
2186 5513 2414 5581 devoluti
2462 5512 2673 5579 vestigii
2723 5515 2958 5579 qumdam
3008 5532 3306 5581 supersunt,

1790 5590 2010 5633 testante
2040 5579 2229 5632 Davide
2257 5581 2565 5633 camerario.
2597 5582 2815 5637 ΜΑηιιιη

1861 5658 1881 5683 ο
1910 5649 2029 5721 Non
2064 5650 2243 5721 solum.
2277 5646 2461 5700 Totum
2492 5647 2599 5701 fere
2648 5662 2801 5715 caput
2850 5651 2964 5704 vide
2990 5654 3309 5721 exscriptun

1790 5717 1837 5769 in
1867 5731 1937 5781 tv,
1964 5716 2053 5768 ‘27.
2080 5717 2263 5767 Sitne.

2745 5802 2865 5882 2i
