3862 6400
508 421 604 471 ΉἹ

1195 424 1387 478 ΒΕῡιΕ
1432 422 1859 478 VENEllABlLIS
1894 424 2037 478 OPP.
2075 422 2244 478 PARS
2280 422 2365 477 IV.
2403 452 2470 464 —
2506 421 2875 478 HISTORICA.

3541 413 3637 467 ’ἷξε

509 532 674 584 stultae
698 533 1089 588 consuetudinis
1135 536 1196 586 ad
1226 536 1513 589 etelestium
1554 524 1852 604 gaudiorum
1887 550 2020 589 con-
2049 539 2094 595 Α
2127 549 2250 602 gens
2286 534 2657 588 monasterium
2687 536 2706 564 ⁸
2734 533 2870 601 quod
2918 533 3071 585 situm
3110 543 3192 588 est
3233 532 3283 585 in
3324 532 3436 585 loco
3486 547 3639 598 Quem

510 632 713 675 vertere
740 625 956 677 curabat
995 639 1243 681 amorem.
1274 627 1398 678 Nam
1428 635 1481 679 et
1505 627 1653 680 multi
1682 628 1833 681 iidem
1873 642 2023 694 quam

514 710 768 763 habebant
820 712 1003 779 iniquis
1050 714 1389 779 profanabant
1436 716 1715 778 cperibns;
1763 725 1815 767 et
1868 714 2024 781 aliqui

519 801 672 851 etiam
714 810 943 863 tempore
973 802 1321 865 mortalitatis,
1374 804 1606 869 neglecto
1650 802 1767 853 ﬁdei
1804 816 1905 868 quo
1932 801 2027 852 ini-

513 888 619 941 buti
648 900 791 940 erant
811 902 1154 951 sacramento,
1184 891 1247 943 ad
1277 892 1498 944 erratica
1522 898 1547 924 ει
1578 889 1828 940 idolatria:
1856 888 2024 940 medi-

510 977 705 1028 camina
734 979 1140 1042 concurrebant,
1167 977 1309 1046 quasi
1339 980 1544 1030 missam
1576 993 1602 1028 a
1630 977 1739 1042 Deo
1761 978 2028 1029 conditore

515 1067 708 1132 plagam
741 1082 832 1133 per
877 1070 1251 1122 incantationes
1279 1069 1356 1121 vel
1380 1065 1746 1134 ltalligaturas,
1794 1066 1877 1119 vel
1926 1066 2023 1116 alia

514 1158 753 1221 qua‘libel
801 1156 1130 1209 daemoniacae
1174 1157 1299 1208 artis
1343 1170 1547 1220 arcana,
1599 1155 1841 1208 cohibere
1887 1155 2025 1211 vale—

514 1255 647 1296 rt-nt.
701 1242 787 1297 Ad“
829 1254 1162 1311 utrorumque
1210 1257 1336 1313 ergo
1390 1245 1748 1312 corrigendum
1798 1257 2026 1295 errorem

509 1335 697 1384 crebro
728 1334 837 1400 ipse
866 1333 931 1386 de
960 1334 1281 1385 monasterio
1310 1347 1568 1399 egressus,
1596 1331 1871 1399 aliquoties
1896 1346 2028 1399 equo

513 1406 725 1485 sedens,
759 1420 848 1471 sed
877 1420 1067 1487 saepius
1096 1420 1316 1487 pedibus
1346 1420 1610 1481 incedens,
1632 1419 2029 1486 circumpositas

517 1507 758 1560 veniebat
782 1508 843 1559 ad
887 1507 1053 1569 villas,
1085 1516 1139 1559 et
1173 1506 1308 1557 viam
1351 1505 1580 1558 veritatis
1608 1496 1917 1571 praedicabat
1950 1520 2031 1557 er-

519 1598 766 1657 rantibus,
819 1595 955 1662 quod
999 1596 1163 1659 ipsum
1211 1593 1361 1645 etiam
1411 1594 1628 1646 Boisilns
1665 1608 1761 1661 suo
1799 1602 2032 1659 tempore

518 1684 686 1734 facere
723 1690 1079 1733 consueverat.
1116 1679 1240 1732 Erat
1277 1681 1466 1748 quippe
1497 1683 1655 1731 moris
1696 1693 1759 1731 eo
1804 1688 2032 1744 tempore

519 1770 717 1837 populis
771 1770 1073 1837 Anglorum,
1123 1779 1177 1820 ut
1218 1769 1459 1821 veniente
1503 1767 1681 1819 villam
1722 1767 1911 1819 clerico
1948 1768 2030 1817 vel

2125 622 2148 658 ἀ
2172 622 2355 676 Coludi
2383 624 2558 675 urbem
2582 629 2900 687 nuncupant,
2923 621 3169 689 religione
3198 622 3386 688 pariter
3406 632 3461 674 et
3492 622 3639 671 nobi-

2124 709 2267 761 litate
2294 710 2491 761 cunctis
2512 708 2860 770 honorabilis;
2885 724 3107 775 namque
3127 718 3240 760 erat
3265 723 3411 760 soror
3435 717 3641 759 uternis

2124 799 2261 863 regis
2300 796 2321 826 ³
2349 797 2525 849 Osvin.
2568 796 2687 849 llaec
2724 797 2785 847 ad
2825 796 2988 849 virum
3021 797 3109 849 Dei
3165 797 3397 857 mittens,
3444 810 3642 863 τος-ατη

2128 895 2177 935 ιιι
2210 898 2266 937 se
2291 898 2544 951 suumque
2571 885 2939 937 monasterium
2972 886 3134 952 gratia
3163 885 3544 936 exhortationis
3572 886 3643 931 in-

2127 973 2293 1024 visere
2340 974 2655 1040 dignaretur.
2707 972 2812 1025 Nec
2862 988 3049 1040 negare
3086 975 3251 1039 potuit
3289 975 3425 1040 quod
3466 977 3537 1025 ab
3578 990 3637 1025 eo

2124 1061 2347 1112 charitas
2369 1076 2429 1113 ex
2459 1061 2658 1113 ancillae
2702 1060 2790 1114 Dei
2824 1061 2980 1114 corde
3018 1063 3269 1127 poposcit.
3307 1062 3455 1114 Venit
3485 1063 3639 1127 igitur

2125 1150 2188 1201 ad
2219 1151 2406 1213 locum,
2445 1151 2655 1217 diesque
2684 1150 2876 1217 aliquot
2910 1151 2975 1204 ibi
3007 1166 3337 1219 permanens,
3366 1151 3504 1203 viam
3529 1153 3637 1217 jus-

2128 1237 2252 1290 titia:
2281 1237 2304 1267 ‘
2340 1252 2494 1302 quam
2544 1236 2876 1303 praedicabat,
2915 1240 3156 1290 omnibus
3200 1248 3319 1291 actu
3361 1240 3557 1304 pariter
3595 1250 3642 1289 et

2124 1339 2364 1377 sermone.
2394 1324 2667 1389 pandebat.

2193 1415 2288 1478 Qui
2319 1430 2435 1467 cum
2454 1428 2617 1493 Imore
2640 1413 2737 1466 sibi
2760 1415 2913 1466 solito
2941 1413 3327 1481 quiescentibus
3361 1425 3513 1467 noctu
3543 1429 3639 1466 cr-

2123 1502 2249 1553 teris
2288 1503 2350 1552 ad
2394 1502 2677 1554 orationem
2718 1501 2865 1563 solus
2902 1504 3087 1566 exiret,
3116 1514 3168 1555 et
3206 1512 3324 1569 post
3362 1504 3540 1570 longas
3570 1505 3642 1554 in.

2129 1601 2393 1658 tempesta:
2423 1593 2586 1645 noctis
2622 1592 2821 1659 vigilias
2851 1593 3056 1644 tandem
3088 1593 3312 1645 instante
3350 1595 3475 1645 hora
3502 1608 3637 1645 com-

2130 1683 2297 1735 munis
2324 1695 2579 1748 synaxeos
2608 1683 2819 1734 domnm
2850 1682 3074 1745 rediret;
3097 1684 3314 1749 quadam
3343 1692 3490 1735 nocte
3515 1698 3638 1733 unus

2130 1786 2159 1822 e
2205 1771 2448 1824 fratribus
2488 1771 2721 1839 ejusdem
2769 1772 3089 1835 monasterii,
3133 1786 3249 1823 cum
3291 1771 3632 1836 egredientem

518 1858 817 1924 presbytero
845 1854 1015 1910 cuncti
1042 1856 1105 1907 ad
1130 1856 1240 1921 ejus
1268 1855 1538 1921 imperium
1563 1854 1773 1906 verbum
1809 1854 2029 1905 audituri
2064 1857 2105 1915 Β
2135 1857 2273 1909 illum
2308 1858 2514 1909 silentio
2552 1866 2811 1919 cerneret,
2840 1858 3073 1910 clanculo
3103 1870 3311 1910 secutus
3349 1856 3461 1924 ejus
3491 1860 3637 1908 vesti-

511 1945 855 2006 conlluerent,
905 1945 1123 1996 libenter
1167 1958 1224 1996 ea
1275 1958 1390 2011 quae
1440 1942 1733 1995 dicerentur
1773 1944 2030 2009 audirent,

521 2035 862 2101 libentinsque
891 2048 1002 2099 quae
1028 2034 1210 2085 audire
1244 2043 1295 2085 et
1342 2033 1627 2098 intelligere
1658 2041 1893 2098 poterant
1912 2048 2037 2098 ope.

523 2124 684 2173 ramlo
710 2132 1069 2189 sequerentur.
1112 2122 1271 2173 Porro
1299 2115 1587 2173 Cudbercio
1617 2129 1753 2172 tanta
1791 2130 1902 2173 erat
1943 2121 2034 2173 do-

516 2212 666 2263 cendi
713 2211 916 2276 peritia,
954 2221 1125 2262 tantus
1171 2224 1314 2260 amor
1332 2209 1683 2275 persuadendi
1713 2224 1829 2276 qua}
1873 2224 2037 2275 cmpe-

526 2309 625 2359 rat,
658 2300 753 2351 tale
778 2300 942 2350 vultus
967 2297 1180 2365 angelici
1210 2298 1405 2357 lumen,
1438 2308 1488 2348 ut
1516 2298 1685 2355 nullus
1710 2299 2037 2363 prementium

533 2388 758 2439 latebras
812 2387 857 2437 ei
904 2386 981 2438 sui
1031 2385 1201 2436 cordis
1247 2387 1416 2438 celare
1464 2395 1817 2450 przesumeret,
1857 2400 2041 2439 omnes

527 2475 692 2541 palam
715 2488 827 2540 qua:
855 2481 1121 2540 gesserant
1145 2471 1436 2525 conﬁtendo
1462 2470 1773 2537 proferrent,
1803 2473 1920 2539 quia
1959 2475 2040 2525 ni-

527 2562 711 2613 mirum
734 2562 843 2613 haec
862 2562 1041 2614 eadem
1065 2560 1205 2613 illum
1238 2560 1399 2612 latere
1427 2560 1570 2613 nullo
1598 2562 1750 2612 modo
1774 2564 2039 2626 putabant,

519 2662 577 2701 et
598 2648 830 2703 confessa
864 2649 1050 2715 dignis,
1083 2656 1138 2699 ut
1183 2646 1489 2714 imperabat,
1533 2647 1847 2711 paenitentia:
1876 2647 2041 2700 fructi-

531 2740 624 2791 bus
650 2739 1039 2805 abstergerent.
1078 2737 1289 2791 Solebat
1321 2747 1502 2788 .autem
1554 2750 1614 2788 ea
1659 2738 1882 2789 maxime
1930 2737 2041 2790 loca

536 2841 829 2894 peragrare,
861 2827 960 2877 illis
991 2825 1271 2891 pradicare
1310 2824 1360 2877 in
1384 2823 1623 2888 vinculis,
1647 2838 1732 2889 qut
1763 2824 1811 2876 in
1842 2825 2042 2885 arduis.

532 2914 832 2980 asperisque
863 2913 1320 2978 morrtibusprocul
1342 2912 1497 2978 positi
1528 2910 1643 2962 aliis
1672 2912 1871 2964 borrori
1895 2924 2041 2966 erant

534 3004 598 3055 ad
631 3002 916 3065 visendum,
941 3011 991 3053 et
1012 3008 1312 3068 paupeitnte
1340 2998 1528 3065 pariter
1551 3010 1611 3049 ac
1645 2999 1783 3049 rusti:
1806 3002 1927 3050 itate
1954 3014 2045 3051 sua

532 3091 799 3143 doctorum
857 3089 1197 3155 prohibebant
1243 3103 1527 3143 accessum.
1558 3091 1697 3157 Quos
1742 3103 1909 3143 tamen
1961 3091 2047 3143 ille

538 3179 622 3245 pio
651 3176 867 3230 libenter
889 3179 1204 3243 mancipatus
1227 3178 1384 3229 labori
1417 3188 1549 3230 tanta
1568 3180 1821 3232 doctrinae
1845 3180 2046 3233 excole-

539 3264 625 3315 bat
654 3263 919 3325 industria,
951 3275 1003 3315 ut
1023 3264 1087 3317 de
1115 3266 1426 3317 monasterio
1454 3267 1744 3335 egrediens,
1766 3282 1904 3335 saepe
1930 3269 2052 3321 lteb-

541 3350 756 3404 domada
794 3352 1010 3417 integra,
1055 3352 1331 3417 aliquando
1365 3356 1563 3414 duabus
1589 3358 1668 3407 vel
1708 3358 1891 3420 tribus,
1924 3370 2051 3407 non-

542 3451 803 3503 nunquam
839 3439 993 3490 etiam
1043 3453 1222 3491 mense
1262 3441 1414 3506 pleno
1440 3440 1646 3495 domum
1694 3458 1795 3494 non
1835 3442 2047 3506 rediret,

538 3527 629 3577 sed
667 3525 1053 3579 demoratusin
1087 3531 1342 3580 montanis
1378 3530 1575 3594 plebem
1606 3531 1850 3583 rusticam
1890 3532 2049 3583 verbo

543 3615 920 3682 prtedicutionis
957 3616 1107 3667 simul
1152 3627 1201 3669 et
1227 3618 1466 3685 exemplo
1496 3618 1695 3671 virtutis
1722 3619 1785 3672 ad
1824 3621 2052 3675 cmlestia

539 3713 765 3756 vocaret.

538 3830 684 3882 CAP.
712 3806 777 3882 ii.
804 3828 1062 3897 Quomodo
1087 3828 1317 3879 animalia
1342 3830 1490 3882 maris
1525 3831 1576 3881 in
1594 3816 1698 3894 quo
1724 3846 1909 3897 pernox
1941 3847 2055 3883 ora-

609 3911 760 3959 verat,
796 3896 814 3928 ⁸
843 3900 916 3948 illi
944 3912 1161 3966 regresso
1190 3897 1479 3964 praebuerint
1508 3896 1804 3965 obsequium,
1834 3910 1880 3951 et
1907 3902 2058 3966 frater

607 3969 687 4029 qui
724 3968 831 4043 llaec
869 3964 1058 4016 videbat
1103 3981 1207 4033 pﬂB
1252 3968 1426 4018 t‘etore
1464 3964 1800 4035 languescens,
1845 3964 1951 4037 ejus
1994 3972 2055 4020 sit

607 4045 825 4084 orattone
852 4043 1115 4084 recreatus.

614 4142 743 4195 Cum
775 4156 899 4195 vero
924 4150 1137 4195 sanctus
1162 4143 1239 4194 vir
1270 4142 1321 4194 in
1351 4144 1530 4195 eodem
1557 4144 1869 4196 monasterio
1896 4143 2057 4194 virtu-

548 4231 683 4283 tibus
714 4231 973 4298 signisque
1010 4238 1383 4294 succresceret,
1430 4230 1663 4297 famaque
1690 4245 1903 4297 operum
1949 4233 2063 4295 ejus

545 4324 940 4388 circumquaque
980 4319 1349 4381 crebresceret,
1382 4328 1493 4371 erat
1534 4318 1937 4371 sanctimonialis
1991 4321 2063 4370 te-

2130 1946 2231 2012 gia,
2260 1961 2361 2013 quo
2394 1947 2488 2010 ire,
2518 1947 2719 2011 quidve
2748 1963 2902 2014 agere
2932 1951 3089 2001 vellet
3115 1948 3417 2015 dignoscere
3446 1964 3637 2014 quaere-

2136 2034 2240 2085 bat.
2281 2034 2454 2086 Atille
2491 2048 2729 2099 egressus
2759 2036 3093 2095 monasterio,
3124 2044 3371 2101 sequente
3404 2038 3638 2102 explora-

2136 2131 2245 2173 tore
2289 2123 2552 2174 descendit
2594 2125 2657 2174 ad
2710 2138 2851 2176 mare
2903 2125 3050 2189 cujus
3097 2126 3223 2190 ripa:
3276 2129 3630 2177 monasterium

2136 2208 2269 2260 idem
2316 2212 2691 2275 Superpositum
2735 2222 2874 2273 erat;
2925 2212 3292 2277 ingressusque
3322 2212 3633 2264 altitudinem

2138 2297 2314 2361 maris,
2352 2298 2516 2351 donec
2556 2300 2617 2351 ad
2648 2300 2836 2352 collum
2880 2315 3043 2367 usque
3069 2316 3128 2353 ac
3168 2301 3377 2354 brachia
3406 2304 3540 2353 unda
3568 2314 3635 2353 tu~

2144 2400 2290 2438 mens
2342 2397 2656 2455 assurgeret,
2709 2390 2990 2457 pervigiles
3032 2390 3300 2442 undisons
3328 2391 3376 2443 in
3421 2391 3642 2445 laudibus

2140 2476 2379 2527 tenebras
2418 2475 2581 2545 noctis
2614 2478 2803 2541 exegit.
2837 2478 3297 2544 Appropinquante
3325 2487 3500 2531 autem
3527 2481 3644 2531 diluo

2142 2565 2259 2614 culo
2305 2563 2587 2617 ascendens
2626 2564 2675 2617 in
2727 2574 2939 2627 terram,
2980 2566 3155 2618 denuo
3197 2570 3353 2635 coepit
3387 2568 3436 2620 in
3485 2568 3641 2621 littore

2142 2651 2295 2703 ﬂexis
2323 2652 2537 2717 genibus
2580 2665 2749 2702 orare.
2775 2653 2919 2716 Quod
2961 2651 3083 2704 dum
3112 2666 3291 2721 ageret
3324 2669 3513 2707 venere
3537 2668 3644 2706 coa-

2147 2739 2290 2789 tinuo
2331 2739 2434 2790 duo
2477 2738 2543 2791 de
2598 2739 2850 2803 profundo
2903 2740 3063 2791 maris
3113 2740 3496 2807 quadrupedia,
3545 2757 3643 2807 qua:

2146 2825 2297 2892 Vulgo
2315 2825 2462 2879 lutra:
2482 2834 2749 2878 vocantur.
2775 2826 2893 2879 Haec
2920 2835 3039 2880 ante
3062 2827 3200 2878 illum
3228 2837 3383 2878 strata
3408 2829 3460 2878 in
3478 2842 3638 2887 ari-na,

2144 2913 2374 2965 anhelitu
2413 2928 2508 2965 suo
2552 2913 2707 2980 pedes
2742 2913 2855 2981 ejus
2899 2913 3075 2965 fovere
3107 2923 3396 2979 cceperunt,
3436 2929 3496 2965 ac
3535 2918 3637 2963 villo

2146 3000 2447 3067 satagebant
2480 3011 2777 3067 extergere;
2819 3004 3180 3068 completoque
3208 3003 3515 3063 ministerio,
3544 3016 3642 3064 per-

2148 3101 2294 3153 cepta
2341 3089 2406 3139 ab
2433 3102 2496 3140 eo
2536 3088 2913 3151 benedictione,
2956 3089 3145 3153 patrias
3190 3098 3312 3141 sunt
3340 3089 3538 3153 relapsa
3565 3093 3645 3139 sub

2154 3179 2338 3230 undas.
2366 3179 2385 3207 ⁸
2416 3178 2527 3241 Ipse
2564 3178 2773 3230 domum
2814 3192 3073 3241 reversus,
3109 3178 3388 3230 canonicos
3424 3194 3535 3230 cum
3561 3178 3647 3228 ira.

2160 3267 2325 3317 tribus
2357 3267 2573 3333 hymnos
2621 3267 2742 3317 hora
2773 3274 3041 3332 competen
3068 3280 3098 3318 e
3124 3267 3423 3332 complevit.
3457 3267 3519 3317 At
3562 3266 3647 3316 lra-

2157 3362 2236 3405 ter
2268 3355 2352 3420 qui
2397 3368 2511 3407 eum
2558 3354 2622 3407 de
2667 3355 2888 3421 speculis
2947 3355 3356 3420 praestolabatur,
3413 3358 3649 3421 perculsas

2162 3456 2349 3509 pavore
2399 3443 2590 3509 ingenti
2630 3443 2707 3495 vix
2756 3459 2857 3508 prae
2887 3443 3121 3509 angustia
3170 3451 3439 3509 premente
3464 3443 3644 3494 domum

2158 3537 2372 3581 nutante
2416 3544 2596 3595 gressu
2628 3529 2887 3595 pervenit;
2936 3528 3207 3594 primoque
3234 3542 3383 3579 mane
3423 3528 3646 3581 accedens

2157 3619 2222 3670 ad
2249 3634 2367 3671 eum
2399 3632 2518 3671 sese
2550 3620 2597 3668 in
2624 3629 2810 3670 terram
2832 3619 3037 3679 stravit,
3061 3618 3262 3669 veniam
3283 3616 3347 3668 de
3370 3627 3512 3667 reatu
3531 3617 3650 3667 stulti

2159 3721 2312 3759 ausus
2356 3720 2471 3759 cum
2522 3706 2761 3773 lacrymis
2830 3705 3106 3772 ﬂagitavit,
3182 3703 3253 3755 nil
3322 3703 3553 3756 dubitans
3603 3702 3652 3754 ii-

2161 3795 2264 3845 lum
2314 3807 2465 3847 nosse
2515 3796 2634 3859 quid
2682 3796 2791 3860 ipse
2847 3801 2997 3845 noctu
3038 3792 3201 3856 egerit
3239 3791 3425 3856 quidve
3473 3800 3648 3857 patere-

2162 3892 2262 3936 tur.
2309 3882 2403 3934 Cui
2457 3883 2541 3934 ille
2591 3898 2605 3932 :
2666 3899 2683 3930 ι
2741 3882 2906 3945 Quid,
2965 3880 3164 3944 inquit,
3222 3881 3415 3942 babes,
3485 3879 3656 3930 frater?

2160 3971 2289 4035 Quid
2343 3972 2539 4023 feciSti?
2592 3972 2723 4022 Num
2770 3978 3003 4021 nostrum
3058 3969 3158 4024 iter
3218 3982 3523 4021 noeturnuin
3572 3970 3656 4021 lus-

2084 4092 2085 4095 η
2160 4064 2346 4116 trando
2387 4064 2660 4129 explorare
2692 4063 2929 4116 tentasd?
2955 4063 3056 4116 Sed
3094 4077 3153 4114 ea
3187 4064 3356 4115 solum
3386 4061 3656 4115 conditione

2172 4152 2262 4203 tibi
2305 4154 2399 4201 hoc
2430 4150 2667 4216 indulgeo
2694 4151 3047 4213 commissum,
3086 4150 3127 4200 si
3161 4148 3458 4215 piounseris
3489 4157 3536 4199 te
3562 4162 3653 4213 qua

2165 4240 2337 4291 vidisti
2370 4239 2495 4291 nulli
2536 4248 2655 4291 ante
2696 4254 2864 4290 meum
2892 4238 3086 4290 obitum
3116 4252 3231 4291 esse
3258 4237 3534 4287 dicturum.
3575 4252 3590 4283 ι
3616 4235 3655 4281 ln

2166 4342 2268 4392 quo
2306 4328 2549 4379 nimirum
2584 4340 2841 4393 praecepto
2876 4326 2990 4391 ejus
3014 4333 3221 4376 secutus
3250 4330 3332 4375 est
3367 4321 3654 4385 exemplum,

548 4413 684 4465 mina
707 4422 757 4464 et
782 4421 943 4464 mater
972 4412 1275 4465 ancillarum
1298 4411 1486 4465 Christi
1517 4412 1724 4463 nomine
1753 4421 1773 4447 ο
1792 4412 1955 4473 Abbe,
1983 4427 2065 4463 re-
2097 4408 2143 4463 D
2167 4416 2250 4479 qui
2282 4414 2548 4479 discipulis
2592 4415 2641 4465 in
2685 4424 2861 4466 monte
2889 4427 2996 4466 suae
3032 4411 3250 4478 gloriam
3290 4409 3569 4462 maiestatis
3590 4420 3657 4459 oa-

1472 4498 1924 4552 \'ULGATORUM
1970 4500 2347 4557 VARIANTES
2387 4500 2773 4579 LEC'l'lUNES.

619 4592 633 4655 ξ
666 4586 755 4640 Illi
780 4603 990 4655 egresso.

616 4652 635 4679 ¹
665 4652 821 4717 Quod
838 4666 907 4706 est
937 4657 987 4707 in
1017 4655 1147 4707 loco.

618 4723 637 4751 ³
678 4725 863 4776 Osuini.

2237 4589 2257 4617 ⁸
2286 4589 2445 4652 Quam
2470 4589 2779 4654 precabatur.

2242 4658 2260 4685 '
2288 4655 2403 4725 Ipse
2423 4670 2611 4722 quoque
2631 4671 2745 4706 mox
2773 4653 2992 4705 domum.

1829 4809 2169 4863 VARlURUM
2209 4806 2427 4861 NOTAE.

621 4914 644 4942 ι
668 4903 945 4956 Idolatriw.
980 4902 1067 4954 Sic
1092 4899 1386 4952 scribebant
1417 4898 1599 4950 mediae
1654 4898 1819 4948 aetatis
1848 4900 2063 4961 scriptu-

556 4989 659 5034 res,
692 4969 1310 5038 quanquamddololatriw
1333 4967 1686 5038 reponendum
1713 4974 1813 5017 est.
1840 4966 2059 5038 Manna.

619 5040 645 5078 ¹³
677 5034 996 5106 Alligaturas.
1030 5037 1467 5099 Alligaturm‘sunt
1495 5035 1714 5085 amuleta
1741 5034 1974 5106 quietiam
1996 5034 2062 5083 ad

551 5104 792 5161 arcendos
826 5106 1039 5165 morbos,
1066 5117 1174 5169 quis
1202 5111 1284 5151 aut
1314 5106 1379 5152 ad
1407 5105 1587 5153 collum
1618 5104 2062 5169 suspendebantur,

551 5191 636 5228 aut
664 5179 793 5226 circa
813 5176 936 5224 alias
958 5172 1175 5235 corporis
1203 5181 1361 5234 partes
1378 5171 1736 5237 alligabuntur.
1768 5170 1891 5221 Vide
1918 5172 2061 5235 plura

551 5249 600 5299 in
631 5244 889 5297 Glossario
915 5241 1180 5300 Dut'rcsu.,
1214 5252 1336 5289 voce
1365 5235 1638 5303 Ligaturte.
1669 5240 1852 5289 δκιτη.

621 5324 642 5351 ο
677 5313 823 5363 Abbe.
862 5308 930 5358 De.
960 5310 1052 5359 bac
1077 5318 1127 5358 et
1154 5308 1335 5358 Coludi
1368 5312 1493 5357 urbe
1519 5306 1633 5357 vide
1674 5320 1741 5367 tv,
1774 5306 1857 5357 l9.

617 5380 640 5416 ά
673 5379 868 5432 Coludi.
890 5375 1187 5440 'l‘urgottus,
1210 5376 1261 5426 in
1286 5375 1373 5426 lib.
1400 5388 1454 5431 ll,
1479 5386 1592 5438 cap.
1625 5374 1705 5435 l7,
1741 5376 1915 5425 urbem
1940 5370 2062 5424 Col-

550 5450 791 5515 dingliam
823 5453 988 5515 voeait.
1045 5442 1172 5494 Urbs
1194 5453 1290 5515 est
1315 5443 1576 5515 hodiernae
1609 5440 1791 5515 Scotia:
1825 5444 1873 5492 in
1924 5441 2056 5491 Mar-

550 5510 666 5569 oni-3
692 5530 783 5569 seu
828 5513 1046 5564 Mersia:
1093 5524 1192 5575 quo
1225 5526 1242 5558 t
1282 5512 1329 5561 in
1375 5512 1489 5562 loco
1516 5510 1732 5560 diversis
1779 5519 1945 5561 tamen
1978 5522 2061 5560 se-

555 5598 740 5649 paratze
780 5580 1147 5641 mansionibus,
1196 5588 1343 5629 erant
1390 5579 1757 5649 monacltorutn
1785 5578 2067 5649 sanctitnn.

554 5646 864 5719 nialiutnque
888 5648 1329 5715 congregatioues,
1362 5648 1446 5711 qui
1481 5646 1721 5712 paulatim
1765 5658 1791 5695 a
1820 5646 2068 5711 regularis

2165 4897 2448 4961 discipline
2472 4902 2611 4961 statu
2642 4891 2963 4961 deﬂuentes,_
2982 4889 3255 4961 inhonesta
3285 4887 3507 4939 invicem
3536 4886 3655 4961 lami-

2171 4955 2392 5016 liaritate
2445 4960 2738 5025 decipiendi
2793 4955 3397 5025 occasionem_inimico
3459 4956 3658 5025 petitae-

2163 5041 2368 5083 runt....
2400 5022 2713 5081 Cuttibertus
2763 5024 3045 5094 episcopali
3085 5022 3397 5094 sublimatus
3421 5022 3656 5094 cathedra,

2166 5113 2230 5151 ne
2250 5099 2327 5151 sui
2352 5098 2433 5151 vel
2464 5106 2746 5161 pressetttes
2770 5089 2846 5147 vel
2876 5089 3031 5145 futuri
3058 5089 3373 5157 quandoque
3403 5090 3491 5142 tali
3520 5103 3659 5161 eum

2169 5168 2249 5229 plu
2278 5168 2363 5218 Dei
2420 5158 2576 5229 super
2620 5179 2678 5216 se
2719 5164 2849 5215 iram
2904 5158 3570 5229 provocarent,_omneAab
3601 5165 3658 5206 eis

2169 5223 2495 5286 leiniuarum'
2523 5231 2784 5300 separavit
2827 5223 3166 5300 consortium.
3188 5244 3221 5300 _r
3272 5223 3659 5300 inegeritsttﬂlj

2167 5304 2335 5354 tiones
2366 5291 2599 5367 praevias:
2635 5299 2706 5351 De
2735 5296 3090 5367 sanctaAbbe
3120 5291 3655 5367 abbatissangoludemt'

2166 5371 2279 5436 lege
2335 5358 2495 5421 Vitam
2553 5380 2744 5419 sancite
2792 5365 3083 5436 Etltildritze
3111 5363 3175 5414 ad
3207 5377 3356 5436 anu.‘
3384 5359 3510 5414 679.
3551 5358 3657 5411 Vixit

2166 5430 2462 5503 aliquandiu
2496 5436 2770 5487 Etbildrita
2792 5437 2841 5486 in
2865 5434 3049 5487 eodem
3072 5430 3414 5503 monasterio,
3440 5440 3494 5503 et
3518 5438 3659 5503 sancto

2168 5496 2453 5558 Cuibberto
2474 5507 2657 5557 Stolam
2683 5516 2743 5570 ac
2768 5503 3083 5570 manipulum
3120 5498 3406 5552 donavisse
3432 5496 3602 5553 dicitur
3621 5508 3658 5543 ιι

2174 5576 2299 5627 Vitae
2330 5574 2551 5642 pt‘0priJ:
2576 5586 2689 5639 cap.
2720 5569 2773 5622 9.

3552 6134 3565 6155 ι
3594 6138 3607 6145 -
3656 6164 3657 6167 Ἰ
3776 6118 3777 6129 l

3402 6198 3419 6225 ι
3482 6194 3485 6201 .

3210 6240 3263 6269 ..1³

3192 6274 3197 6285 Ρ
