3862 6374
133 538 248 593 τω

802 535 984 588 SECT.
1029 534 1066 586 Ι.
1109 562 1175 572 -
1215 527 1784 585 IIAGIOGRAPIIICA.
1827 555 1890 566 —
1932 527 2084 579 VITA
2124 527 2182 579 S.
2224 525 2622 580 CUTIIBERTI.

3205 522 3304 571 750

133 649 389 706 tendens,
417 646 490 698 ait
520 660 533 697 :
568 643 768 695 Nemini
793 643 1014 693 dixeritis
1042 640 1292 698 uisionem,
1325 639 1479 689 donec
1513 634 1672 686 Filius
1701 638 1742 692 Α
1776 635 2024 700 ﬂexisque
2051 633 2266 700 genibus
2297 632 2488 690 gratias
2531 635 2748 695 egerunt
2792 626 2917 680 Deo.
2966 627 3101 678 Dixit
3127 639 3298 678 autem

133 734 364 785 hominis
399 726 438 782 al
473 731 680 783 mortuis
712 739 952 794 resurgat.
985 726 1376 779 l’romittcnlem
1409 738 1532 790 ergo
1562 738 1674 788 qure

128 821 376 886 jusserat
403 822 610 872 fratrem
635 818 916 879 benedixit,
945 815 1240 881 pariterque
1258 813 1462 878 culpam
1487 821 1538 863 et
1567 826 1676 861 ιιιο-

134 908 354 960 lestiam
392 921 543 973 quam
579 906 886 958 temerarius
925 901 1221 955 incurrebat
1261 899 1541 960 abstersit;
1589 898 1674 964 qui

131 994 396 1047 virtutem
427 1009 580 1061 quam
609 992 809 1046 viderat
851 992 962 1058 ipso
985 994 1196 1042 vivente
1235 988 1443 1040 silentio
1475 996 1673 1054 tegens,

137 1092 271 1145 post
299 1081 493 1134 obitum
534 1081 646 1147 ejus
677 1079 914 1142 plurimis
945 1077 1175 1130 indicare
1197 1085 1222 1112 ι
1250 1075 1466 1128 curavit.

129 1189 295 1241 CAP.
336 1189 426 1241 Kl.
470 1188 726 1251 Quomodo
753 1187 917 1238 nautis
968 1194 1248 1248 tempestate
1296 1183 1554 1250 prteclusie
1600 1198 1677 1233 se-

211 1273 390 1308 renum
418 1272 552 1306 mare
596 1259 660 1306 ad
690 1264 873 1307 certum
909 1255 1038 1305 diem
1069 1254 1374 1320 prwdtxerit,
1411 1262 1458 1304 et
1487 1254 1675 1303 orando

208 1327 349 1376 cibos
377 1325 718 1388 impetraverit.

208 1427 388 1496 Coepit
417 1431 551 1483 inter
595 1430 690 1481 ista
727 1428 804 1482 vir
835 1427 923 1479 Dei
964 1431 1118 1480 etiam
1169 1427 1454 1494 prOphetiaa
1494 1425 1676 1491 spiritu

130 1517 372 1580 pollere,
426 1529 643 1586 ventura
699 1516 997 1582 praedicere,
1054 1515 1393 1575 praesentibus
1445 1514 1674 1565 absentia

131 1605 408 1654 nuntiare.
459 1602 688 1666 Quodam
719 1603 910 1653 etenim
958 1610 1188 1666 tempore
1219 1613 1438 1666 pergens
1477 1600 1542 1650 de
1580 1613 1676 1651 suo

131 1691 467 1742 monasterio
523 1704 614 1754 pro
651 1692 664 1721 ‘
699 1687 1021 1742 necessitatis
1065 1702 1220 1740 causa
1267 1687 1570 1746 accidentis,
1610 1687 1674 1738 ad

131 1785 345 1826 terram
376 1775 630 1826 Pictorum
655 1776 676 1804 ¹
705 1791 818 1840 qua:
851 1775 875 1810 δ
907 1774 1118 1826 Niduari
1149 1783 1358 1827 Vocatur
1388 1773 1675 1841 navigando

133 1863 412 1925 pervenit,
438 1862 807 1914 comitantibus
827 1877 944 1913 eum
965 1863 1168 1913 duobus
1189 1877 1219 1914 e
1245 1861 1510 1922 fratribus,
1534 1875 1667 1926 quo-

1773 723 2093 775 Cudberctus
2121 739 2132 773 :
2167 739 2184 770 ι
2225 719 2444 782 Videtis,
2476 718 2825 778 dilectissimi,
2853 734 2967 783 qum
2993 719 3056 769 sit
3089 717 3108 748 °
3139 718 3300 783 gratia

1774 809 1862 862 Dei
1891 809 2170 860 conlidenti
2219 819 2271 860 et
2300 808 2525 873 speranti
2573 808 2621 857 in
2653 806 2891 857 Domino.
2927 806 3061 858 Ecce
3088 817 3140 856 et
3165 807 3302 858 ciba-

1774 897 1849 948 ria
1898 894 2102 946 famulis
2154 894 2262 946 suis
2290 895 2616 960 preparavit,
2648 901 2700 944 et
2727 892 2952 943 ternario
2980 907 3183 958 quoque
3211 908 3294 944 nu-

1775 999 1918 1036 mero
1947 991 2074 1049 quot
2095 981 2278 1035 diebus
2311 982 2391 1033 hic
2422 980 2755 1034 residendum
2783 981 2849 1030 sit
2880 980 3028 1030 nobis
3052 979 3298 1030 ostendit.

1774 1071 1976 1125 Sumite
2021 1083 2145 1136 ergo
2181 1082 2393 1120 munera
2445 1083 2560 1135 qua:
2591 1067 2731 1119 misit
2780 1066 2927 1118 nobis
2957 1066 3216 1128 Christus,
3249 1078 3302 1116 ot

1771 1141 2024 1212 abeuntes
2078 1158 2369 1211 reiiciamus
2424 1171 2536 1218 nos,
2573 1169 2980 1221 maneamusque
3030 1155 3292 1219 intrepidi.

1771 1246 2057 1299 certissima
2084 1245 2224 1312 enim
2255 1244 2400 1295 nobis
2424 1254 2539 1308 post
2566 1243 2794 1294 triduum
2823 1243 3075 1294 serenitas
3101 1242 3216 1294 cmli
3247 1253 3296 1289 (ιι

1773 1335 1930 1386 matis
1983 1333 2243 1386 adveniet.
2282 1351 2300 1382 ι
2338 1332 2547 1384 Factum
2598 1340 2678 1382 est
2723 1341 2779 1381 ut
2806 1330 3026 1389 dixerat,
3063 1342 3301 1379 manente

1775 1422 1944 1472 triduo
1999 1430 2308 1485 tempestate
2351 1422 2368 1448 ⁷
2403 1419 2683 1485 pet-valida,
2733 1427 2917 1482 quarto
2960 1419 3166 1467 deumm
3216 1415 3303 1466 diu.

1775 1508 2121 1574 tranquillitas
2152 1506 2399 1570 promissa
2424 1515 2598 1556 secuta
2629 1514 2727 1570 est,
2759 1517 2873 1571 qua!
2903 1502 3021 1554 illos
3051 1504 3296 1554 secundis

1773 1596 1980 1649 ﬂatibus
2006 1596 2055 1646 in
2087 1594 2304 1660 patriam
2345 1594 2583 1645 referret.

1771 1707 1918 1758 CAP.
1969 1705 2078 1757 XII.
2127 1704 2382 1769 Quomodo
2414 1704 2732 1768 ita-faciens
2772 1705 2832 1752 ab
2860 1703 3030 1767 aquila
3071 1702 3298 1751 ministra

1837 1785 1884 1826 et
1912 1774 2141 1824 viaticum
2181 1784 2520 1839 perceptarum
2545 1788 2596 1823 se
2629 1787 2731 1823 esse
2762 1772 3071 1836 prwdixerit,
3110 1779 3154 1819 et
3184 1786 3295 1835 per-

1836 1843 2034 1906 ceperit.

135 1963 266 2000 tum
309 1963 442 2000 unus
490 1958 664 2011 postea
710 1948 1014 2014 presbyterii
1061 1950 1262 2000 functus
1297 1949 1466 2001 oilicio
1511 1949 1673 2000 virtu~
1707 1949 1750 2005 Β
1843 1947 2069 2012 Quadam
2097 1962 2299 2014 quoque
2323 1947 2407 1998 die
2432 1962 2548 1999 cum
2583 1945 2952 2012 praedicaturus
2989 1946 3136 2008 juxta
3168 1960 3295 1998 con-

131 2046 247 2086 tem
296 2037 526 2087 miraculi
557 2052 708 2103 quam
739 2037 924 2090 ibidem
971 2038 1047 2090 vir
1090 2037 1292 2090 Domini
1340 2042 1668 2102 monstravit,

129 2123 430 2175 multorum
457 2124 651 2176 notitia:
677 2123 934 2190 patefecit.
965 2125 1226 2177 Venerunt
1248 2135 1419 2179 autem
1452 2126 1540 2177 illo
1561 2135 1678 2192 post

132 2210 350 2264 Natalis
398 2211 640 2264 dominici
683 2212 844 2273 diem,
884 2223 1151 2278 sperantes
1179 2228 1256 2277 se,
1282 2215 1399 2280 quia
1423 2217 1674 2268 undarum

127 2299 298 2351 simul
348 2309 398 2351 et
447 2313 688 2352 aurarum
738 2301 1002 2352 arridebat
1047 2303 1341 2367 temperies,
1382 2303 1533 2353 citius
1561 2317 1678 2355 esse

127 2387 438 2449 redituros;
492 2389 709 2453 ideoque
755 2404 851 2440 nec
887 2387 1076 2439 cibaria
1123 2404 1296 2440 secum
1348 2389 1531 2452 tulere,
1562 2401 1674 2441 tan-

127 2493 301 2542 quam
334 2479 481 2530 ocius
533 2478 812 2531 reversuri.
844 2477 946 2530 Sed
976 2478 1128 2544 longe
1163 2478 1313 2530 aliter
1351 2493 1503 2545 quam
1531 2488 1678 2543 puta-

128 2567 268 2616 bant
288 2567 490 2619 evenit.
519 2565 644 2618 Nam
671 2582 789 2619 mox
822 2578 878 2619 ut
904 2578 1094 2619 terram
1121 2570 1362 2634 tetigere,
1396 2576 1678 2632 tempestas

132 2654 250 2704 l'era
290 2654 508 2705 suborta
554 2664 650 2717 est,
682 2669 795 2722 quae
824 2653 920 2706 iter
946 2655 1021 2706 eis
1047 2668 1204 2707 omne
1231 2656 1495 2706 remeandi
1539 2669 1674 2720 pra:-

125 2741 403 2792 cluderet.
445 2739 808 2807 Cumqueper
835 2742 945 2794 dies
973 2741 1170 2809 aliquot
1200 2743 1388 2794 ibidem
1436 2741 1568 2794 inter
1597 2744 1675 2794 la-

128 2830 238 2878 mis
266 2837 323 2879 et
353 2829 560 2894 frigoris
584 2830 605 2857 ³
637 2830 858 2895 pericula
906 2829 1162 2892 taberent,
1201 2843 1305 2896 quo
1339 2842 1507 2882 tamen
1543 2840 1674 2880 tetu-

129 2932 269 2982 pore
326 2919 404 2968 vir
434 2917 522 2969 Dei
572 2933 672 2970 non
725 2918 949 2971 marcida
996 2918 1124 2971 luxu
1169 2919 1270 2970 Otia
1327 2933 1528 2987 gerere,
1577 2933 1674 2972 nec

125 3006 345 3058 somnis
378 3020 560 3057 vacare
586 3007 790 3058 volebat
819 3008 1092 3071 inertibus,
1123 3007 1213 3060 sed
1255 3022 1447 3073 pernox
1483 3010 1531 3060 in
1561 3022 1677 3060 ora-

130 3093 286 3145 tione
347 3105 580 3158 perstare
633 3095 916 3160 satagebat,
969 3096 1542 3149 aderatsacratissima
1583 3098 1676 3148 do-

132 3182 355 3233 minica:
405 3184 756 3248 Apparitionis
784 3184 911 3236 dies.
939 3184 1069 3237 Tum
1115 3185 1202 3238 ille
1247 3187 1416 3238 socios
1461 3187 1670 3248 blando,

1773 2036 2098 2089 Suctndine-n
2128 2050 2271 2084 suam
2296 2035 2500 2100 populis
2529 2035 2591 2085 de
2623 2035 2935 2084 monasterio
2965 2035 3152 2099 exiret,
3195 2049 3298 2084 una

1773 2125 1962 2178 comite
2007 2138 2188 2191 puero,
2227 2124 2439 2191 jzttuquc
2489 2126 2576 2176 diu
2607 2124 2889 2190 gradiendo
2919 2123 3145 2190 fatigatis
3197 2141 3297 2176 uin

1777 2228 1954 2279 parum
1998 2213 2169 2265 adhuc
2196 2219 2415 2264 restaret
2446 2223 2467 2248 ο
2501 2213 2716 2275 itineris,
2748 2227 3013 2280 quozisque
3037 2213 3098 2264 ad
3128 2215 3293 2264 vicum

1775 2317 1878 2366 quo
1908 2300 2192 2352 tendebaut
2245 2302 2594 2366 pervenirent,
2639 2304 2708 2351 ait
2738 2303 2801 2352 ad
2852 2315 3064 2366 puerum
3097 2309 3301 2354 tentans

1775 2405 1892 2440 eum
1933 2406 1944 2440 :
1976 2406 1993 2436 ι
2035 2390 2122 2440 Dic
2151 2403 2266 2454 age,
2297 2389 2514 2452 sodalis,
2545 2389 2630 2440 tibi
2664 2389 2815 2442 hodie
2854 2391 2994 2441 refici
3031 2393 3295 2457 disponas,

1773 2491 1838 2528 an
1871 2475 2062 2528 habeas
2098 2477 2316 2540 aliquem
2363 2476 2412 2527 in
2445 2477 2522 2526 via
2553 2476 2614 2525 ad
2652 2491 2802 2541 quem
2832 2476 3091 2529 divertere
3124 2478 3299 2528 valeas

1776 2565 2071 2630 hospitem?
2098 2568 2161 2615 At
2191 2565 2277 2616 ille
2309 2565 2627 2629 respondens
2654 2582 2664 2615 :
2710 2565 2772 2616 Et
2801 2568 2911 2618 lucc
2943 2566 3074 2632 ipsa,
3106 2567 3289 2634 inquit,

1775 2665 1973 2702 mecum
2008 2650 2179 2703 tacito
2211 2651 2260 2702 in
2291 2652 2449 2704 corde
2493 2651 2731 2714 tractavi,
2764 2655 2883 2718 quia
2923 2667 3018 2704 nec
3048 2654 3290 2706 viaticum

1774 2739 1894 2790 ituri
1921 2739 2126 2790 tulimus
2159 2739 2447 2801 uobiscum,
2473 2753 2638 2805 neque
2669 2741 2888 2807 aliquem
2927 2741 2975 2793 in
3000 2740 3179 2796 itinere
3206 2759 3297 2795 no-

1776 2837 1882 2878 tum
1911 2827 2158 2879 habemus
2185 2829 2271 2894 qui
2296 2842 2399 2879 .nos
2429 2842 2524 2880 suo
2551 2829 2784 2894 recipere
2813 2829 2934 2880 velit
2977 2830 3218 2895 hospitio,
3248 2844 3299 2879 ιιι

1774 2929 1874 2968 non
1905 2931 2082 2983 parum
2113 2917 2280 2968 adhuc
2309 2918 2506 2970 itiner-s
2537 2926 2792 2983 superest,
2822 2918 2957 2982 quod
2983 2919 3144 2983 jejuni
3171 2921 3282 2971 si’nu

1774 3004 2004 3056 molestia
2025 3005 2286 3070 complere
2316 3005 2635 3071 nequimus.»
2661 3005 2682 3035 ⁸
2711 3003 2802 3057 Cui
2824 3005 2898 3056 vir
2926 3005 3012 3058 Dei
3040 3024 3051 3057 :
3079 3024 3096 3055 ι
3125 3007 3290 3061 Disce.

1776 3090 1963 3156 inquit,
1991 3089 2167 3152 ﬁliole,
2215 3091 2365 3142 ﬁdem
2396 3106 2599 3157 semper
2628 3101 2677 3144 et
2717 3106 2860 3158 spem
2895 3091 3084 3145 habere
3112 3093 3161 3145 in
3194 3093 3294 3144 Do-

1777 3179 1940 3240 mino,
1979 3179 2094 3241 quia
2118 3193 2373 3245 nunquam
2403 3179 2534 3230 fame
2557 3181 2687 3245 perit
2715 3182 2798 3246 qui
2825 3181 2926 3232 Deo
2949 3180 3166 3233 ﬁdeliter
3191 3194 3294 3234 ser-

128 3276 190 3318 ut
222 3266 246 3296 ⁸
270 3267 531 3333 jocundus
560 3280 713 3336 atque
740 3261 962 3322 affabilis
1002 3283 1132 3335 erat,
1165 3287 1404 3326 sermone
1453 3275 1673 3340 alloqui-
1700 3254 1745 3316 C
1775 3268 1864 3322 vit.
1906 3287 1923 3317 ι
1959 3269 2019 3321 Ει
2070 3278 2340 3335 aspectans
2388 3284 2611 3330 sursum,
2642 3271 2926 3336 vidensque
2973 3271 3195 3338 aquilam
3243 3273 3293 3324 in
3334 3277 3340 3281 ‘

129 3363 247 3406 tur:
286 3373 306 3404 ‹
343 3355 476 3419 Quid
521 3370 646 3422 rogo
695 3365 832 3409 tanta
881 3358 1079 3422 ignavia
1139 3369 1421 3426 torpemus,
1469 3372 1518 3414 et
1570 3377 1671 3415 non

132 3442 155 3471 ⁵
181 3457 501 3510 quacunque
530 3454 670 3511 parte
700 3448 796 3498 iter
822 3447 1001 3500 salutis
1032 3449 1372 3514 inquirimus?
1416 3451 1490 3502 En
1523 3453 1672 3504 tellus

133 3529 374 3593 nivibus,
408 3531 606 3584 nebulis
655 3534 842 3585 coelum
892 3533 1165 3598 horrescit,
1217 3550 1306 3587 aer
1336 3536 1541 3588 ﬂatibus
1584 3539 1673 3588 ad-

132 3624 312 3674 versis
340 3623 482 3682 furit,
531 3623 768 3675 ﬂuctibus
797 3639 1009 3687 aequor;
1057 3625 1151 3690 ipsi
1184 3626 1352 3692 inopia
1381 3627 1667 3690 delieimus,

131 3725 236 3762 nec
265 3713 418 3762 adest
466 3710 620 3762 homo
658 3712 742 3778 qui
788 3713 1004 3764 reliciat.
1040 3713 1307 3766 Pulsemus
1336 3730 1461 3780 ergo
1493 3713 1670 3766 Domi-

131 3811 265 3847 num
292 3799 552 3862 precibus,
583 3800 667 3863 qui
697 3813 792 3851 suo
817 3798 1072 3865 quondam
1106 3802 1294 3866 populo
1326 3803 1483 3855 maris
1509 3803 1668 3857 llubri

130 3885 282 3935 viam
314 3888 536 3948 aperuit,
566 3901 790 3952 eumque
835 3888 884 3939 in
925 3887 1132 3940 deserto
1177 3889 1482 3941 mirabiliter
1511 3893 1667 3955 pavit,

128 3982 361 4024 orantes
390 3983 446 4023 ut
498 3975 655 4024 nostri
686 3990 913 4040 quoque
938 3977 1241 4028 misereatur
1291 3978 1339 4028 in
1383 3977 1625 4043 periculis
1655 4020 1665 4030 .

127 4059 332 4118 Credo,
367 4060 407 4108 si
439 4074 537 4110 non
563 4069 734 4112 nostra
778 4061 906 4113 ﬂdes
937 4065 1138 4125 titubat,
1173 4080 1273 4115 non
1313 4067 1422 4116 vult
1450 4068 1666 4136 nostin-

127 4146 323 4196 tlierna
357 4147 441 4198 die
467 4147 672 4212 jejunus
702 4162 1026 4214 permanere,
1056 4165 1209 4214 quam
1256 4151 1362 4214 ipse
1395 4167 1483 4216 per
1512 4162 1584 4203 tot
1612 4169 1671 4204 ac

130 4244 284 4284 tanta
340 4247 446 4284 sua:
496 4235 739 4286 miracula
799 4235 1079 4300 majestatis
1138 4226 1396 4288 illuStrai-e
1445 4239 1666 4300 curavit,

128 4336 432 4388 precorque
474 4337 650 4376 eamus
673 4325 858 4376 alicubi
884 4334 1174 4391 qutereotes
1203 4327 1326 4390 quid
1361 4327 1508 4377 nobis
1540 4343 1668 4392 epu-

129 4409 310 4461 larum
366 4409 414 4459 in
440 4411 678 4475 gaudium
726 4426 832 4462 sua:
879 4412 1168 4464 festivitatis
1219 4421 1466 4476 prtestare
1493 4413 1669 4480 digne-

129 4506 241 4550 tur.
285 4513 305 4546 r
339 4495 459 4548 llaec
487 4497 686 4560 dicens,
718 4501 894 4551 eduxit
935 4514 1026 4553 eos
1077 4500 1172 4550 sub
1202 4501 1362 4566 ripam
1410 4515 1513 4564 quo
1560 4500 1668 4567 ipse

1769 3357 1873 3409 alto
1901 3359 2156 3410 volantem
2187 3375 2197 3407 :
2229 3374 2247 3406 ι
2278 3356 2479 3419 Cernis,
2512 3356 2696 3422 inquit,
2726 3357 2947 3424 aquilam
2978 3358 3116 3410 illam
3141 3374 3292 3426 porro

1769 3447 2066 3499 volantem?
2114 3446 2278 3499 Etiam
2331 3461 2420 3510 per
2468 3444 2618 3512 hujus
2665 3448 3006 3500 ministerium
3049 3447 3296 3513 possibile

1769 3547 1848 3588 est
1875 3535 2090 3587 Domino
2119 3551 2210 3586 nos
2239 3535 2390 3586 hodie
2416 3536 2647 3588 reticere.
2681 3553 2697 3583 ι
2733 3535 2873 3586 Tulit]
2897 3536 3288 3588 confahtilantes

1767 3626 1986 3690 agebant
2026 3625 2121 3675 iter
2167 3625 2308 3689 juxta
2339 3625 2546 3674 ﬂuvium
2578 3624 2872 3691 «ptemdam,
2900 3634 2949 3675 et
2977 3641 3098 3678 ecce
3125 3627 3296 3680 subito

1769 3713 1946 3764 v.deut
1995 3713 2215 3776 aquilam
2268 3713 2317 3763 in
2366 3712 2472 3779 ripa
2526 3714 2864 3778 residentem,
2918 3715 3148 3780 dixitque
3206 3719 3284 3768 vir

1773 3787 1858 3854 Dei
1890 3818 1900 3851 :
1930 3819 1948 3850 ι
1981 3799 2136 3853 Vides
2165 3802 2247 3852 ubi
2289 3813 2464 3852 nosu'a
2511 3817 2661 3866 quam
2696 3803 2905 3867 prazdixi
2943 3803 3173 3854 ministra
3204 3819 3288 3854 re-

1768 3887 2136 3946 sidi~t?Curre.
2171 3902 2312 3951 rogo,
2344 3899 2395 3938 et
2425 3888 2544 3953 quid
2583 3891 2730 3940 nobis
2772 3891 3037 3951 epularum
3070 3890 3288 3942 Domino

1770 3980 2002 4030 mittente
2054 3980 2282 4030 attulerit
2329 3979 2524 4046 inspice
2550 3987 2604 4030 et
2641 3981 2795 4032 citius
2821 3981 2986 4033 adfer.
3024 4000 3043 4033 ι
3075 3986 3170 4045 Qui
3207 4001 3294 4035 ac»

1769 4082 1985 4118 currens
2008 4069 2179 4119 attulit
2207 4067 2396 4133 piscem
2421 4082 2521 4119 non
2553 4068 2830 4130 modicum,
2849 4084 2999 4136 quem
3023 4072 3103 4122 illa
3133 4089 3284 4136 Itttpcl

1768 4155 1832 4206 de
1862 4157 1881 4185 ’
1927 4156 2082 4206 ﬂuvio
2131 4153 2474 4218 prendiderat.
2503 4159 2570 4207 At
2597 4158 2676 4207 vir
2706 4156 2794 4208 Dei
2822 4173 2834 4208 :
2871 4174 2888 4205 ε
2923 4159 3071 4223 Quid,
3105 4160 3288 4225 inquit,

1770 4244 1955 4307 fecisti,
2007 4244 2112 4294 lili?
2157 4244 2325 4306 Quare
2373 4243 2620 4295 ministrae
2656 4257 2798 4295 suam
2834 4255 3027 4309 partem
3058 4263 3156 4298 non
3200 4247 3289 4299 dc~

1768 4330 1922 4381 distt?
1951 4330 2079 4381 Seca
2110 4330 2264 4381 citius
2311 4331 2559 4404 medium,
2603 4341 2654 4382 et
2685 4331 2754 4382 illi
2794 4341 2989 4398 partem
3014 4348 3166 4399 quam
3194 4350 3288 4386 nn—

1769 4417 1844 4467 bis
1893 4417 2230 4469 ministrando
2261 4429 2486 4469 meretur
2535 4419 2757 4470 remitte.
2796 4439 2812 4468 ο
2851 4419 2991 4471 Fecit
3035 4420 3285 4489 utjusse-

1767 4516 1864 4569 rat,
1899 4506 1939 4536 ³ο
1967 4507 2179 4570 tulitque
2222 4521 2393 4560 secum
2427 4517 2617 4572 partem
2647 4509 2912 4575 reliquam.
2941 4506 3038 4562 Ubi
3085 4522 3289 4577 tempus

129 4596 299 4639 noctu
343 4587 554 4654 pervigil
604 4602 753 4640 orare
780 4599 1143 4650 consueverat,
1195 4592 1277 4640 ubi
1331 4591 1664 4643 advenientes
1694 4573 1740 4629 D
1767 4594 2026 4646 reliciendi
2059 4596 2259 4656 aderat,
2303 4596 2623 4647 divertcruut
2653 4596 2715 4648 ad
2766 4599 3050 4662 proximum
3095 4603 3284 4661 vicum,

129 4676 454 4726 invenerunt
501 4673 593 4726 tria
625 4673 787 4726 frusta
831 4676 1154 4741 delphinum:
1197 4677 1369 4728 carnis
1397 4682 1541 4742 quasi
1572 4679 1663 4729 litt-

132 4779 302 4815 mauo
349 4765 637 4816 ministerio
681 4774 820 4818 secta
867 4775 920 4817 et
946 4775 1228 4833 praeparata
1269 4768 1332 4817 ad
1363 4780 1663 4829 cocturain;

1768 4693 1820 4733 et
1846 4683 1963 4732 dato
2001 4682 2063 4732 ad
2094 4685 2369 4734 assandum
2418 4685 2664 4749 pisciculo
2691 4701 2746 4737 se
2787 4688 2974 4751 pariter
2999 4696 3059 4737 et'
3090 4702 3180 4738 eos
3221 4693 3281 4738 nd

1769 4784 1898 4835 quos
1930 4771 2190 4822 intrabant
2219 4771 2516 4837 gratissimo
2543 4773 2832 4824 reliciuhnm
2863 4773 3122 4836 mmivio,
3157 4789 3290 4840 prte-

1080 4852 1528 4908 VULGATORUM
1574 4855 1950 4910 VARIANTES
1988 4858 2376 4911 LECTIONES.

209 4942 223 4970 ‘
264 4940 572 4992 Necessitate
595 4958 776 4996 causa.

203 5013 223 5040 ⁸
261 5013 362 5070 Qui
397 5009 604 5059 Mduart
629 5021 882 5063 vorantur.

203 5073 226 5107 ³
262 5079 493 5127 Pericula
521 5080 746 5129 laterent.

205 5144 226 5169 ⁸
255 5144 343 5193 In:
362 5148 540 5194 multis.

206 5210 230 5240 ⁶
263 5212 563 5272 Quacnnque
585 5213 695 5262 iter.

210 5279 231 5305 ‘
260 5276 435 5329 Gratia
459 5280 734 5344 conﬁdendi
762 5290 806 5330 et
831 5285 1084 5346 cperandi.

1837 4950 1855 4978 ⁷
1886 4949 2181 5004 Ρνωυιιιίιίσ.

1839 5019 1864 5058 λα
1884 5018 1974 5070 Cui
1996 5021 2066 5070 vir
2098 5019 2313 5077 Domini.

1835 5089 1854 5116 ³
1885 5085 2057 5138 Flavio
2089 5089 2434 5152 pre/tendenti.

1838 5154 1877 5182 ¹⁰
1909 5154 2140 5220 Τιιέιαᾳαε
2177 5170 2339 5205 secum
2386 5165 2520 5220 parte
2548 5158 2822 5224 t'el.'qtta....
2865 5167 3154 5224 Stttttptaque
3200 5179 3274 5202 ω-

1769 5237 1963 5273 cum....

1415 5351 1753 5405 VARIORUM
1793 5351 2004 5405 ΝΟΤΑΞ.

210 5447 236 5472 ⁸
267 5435 491 5488 Curaoit.
541 5436 866 5490 Praemissum
911 5439 1097 5490 iactum
1151 5441 1312 5492 relatu
1361 5444 1658 5499 multorum,

137 5520 202 5576 es
233 5509 427 5570 quibus
473 5517 550 5558 eat
579 5506 773 5558 Plccull‘
808 5509 1094 5574 presbyter,
1127 5510 1322 5574 accepit
1363 5515 1662 5576 Anonynins

139 5574 532 5708 Ψὶῖιηιῆἶὶιιηανὶ.
589 5641 810 5702 Populus
853 5644 1088 5696 accolens
1133 5642 1268 5708 ripas
1308 5644 1445 5694 lluvii
1490 5643 1584 5695 ΝΜ
1615 5643 1663 5692 in

141 5706 356 5774 Solway
391 5710 572 5760 fretum
609 5708 887 5761 inﬂuentis.

217 5787 238 5809 ε
270 5773 493 5828 Itineris.
545 5777 863 5847 Anonymus,
910 5777 997 5832 lib.
1030 5795 1064 5833 n
1093 5795 1107 5832 :
1144 5796 1162 5830 t
1194 5777 1526 5845 Supradictus
1564 5792 1665 5829 au-

42 6356 48 6362 r
97 6357 362 6374 ,αρν-σιμά.

1768 5453 1867 5494 tem
1904 5443 2181 5510 presbyter
2236 5444 2362 5510 Tydi
2411 5443 2544 5493 aliud
2585 5442 2889 5510 miraculum
2932 5442 3064 5504 quod
3106 5445 3281 5495 mtilllS

1768 5509 2024 5570 οοιξιιίιιιιιι
2074 5521 2153 5562 est
2196 5509 2472 5563 indicavit;
2505 5509 2724 5573 scilicet,
2770 5512 2987 5575 η¹¹⁰¹¹³¹¹¹
3031 5510 3114 5561 die
3163 5526 3284 5572 ⁸’¹’⁴”“

1771 5576 2095 5645 liciscebatur
2130 5579 2274 5644 juxta
2304 5578 2510 5629 ﬂuvium
2562 5578 2775 5645 'l'esgeta
2804 5580 3016 5628 tendens
3046 5579 3093 5625 in
3116 5578 3278 5645 illi-ri-

1768 5643 1926 5705 dietn,
1993 5643 2139 5698 inter
2178 5657 2416 5696 montana
2469 5643 2986 5698 tloccns‘rusticauos
3032 5655 3084 5695 et
3115 5643 3283 5705 bapti-

1769 5713 1938 5772 zabat.
1987 5715 2189 5776 llabcns
2219 5725 2423 5777 quoque
2469 5727 2680 5776 puerum
2711 5715 2760 5766 in
2791 5714 3034 5765 comitatu
3060 5752 3072 5776 ,
3119 5723 3220 5764 cu.
3261 5728 3280 5759 ι
