3862 6318
564 377 655 430 75f

672 448 691 467 .,

1282 376 1475 429 BENE
1520 377 1945 433 vensimuius
1981 375 2126 429 ore.
2168 374 2343 430 mus
2380 374 2464 427 iv.
2506 400 2574 415 -
2609 338 2975 429 ntsrontcs.

3621 381 3707 435 πᾶ

558 471 762 540 dicante
784 484 1073 562 Cudberctp
1104 482 1312 536 verbum
1359 482 1468 545 Dei,
1497 492 1650 548 atque
1675 483 1786 549 ejus
1824 482 2070 535 beneficia
2102 491 2151 549 Α
2178 481 2408 546 pueritiae
2448 481 2709 533 nutriebat
2750 480 2815 532 ab
2860 482 3028 547 anuis,
3067 482 3203 535 unde
3247 492 3297 536 et
3342 492 3512 537 mater
3556 487 3619 539 ab
3653 506 3706 539 eri

557 574 912 634 collaudante;
943 581 993 623 ct
1035 570 1152 636 quia
1180 570 1351 621 beatus
1375 571 1448 621 vir
1492 574 1634 629 cuius
1660 581 1732 622 est
1761 585 1937 621 nomen
1969 569 2077 620 Do-

558 664 680 715 mini
703 676 812 729 spes
834 664 961 728 ejus,
984 668 1029 709 et
1053 675 1149 710 non
1170 658 1383 723 respexit
1399 658 1448 709 in
1469 658 1708 709 vanitates
1727 668 1773 709 et
1789 661 1838 709 in
1858 660 2081 710 insanius

558 759 735 825 falsas.
791 758 867 811 Ac
912 758 985 808 sic
1022 766 1282 823 resumpto
1328 754 1511 805 itinere
1554 748 1620 802 ad
1663 749 1949 802 docendum
1990 760 2113 830 cos.

558 860 688 912 quos
714 857 1028 912 proposuere
1051 842 1263 913 proiecti
1296 843 1435 893 Sunt.

558 924 707 987 CAI’.
741 933 869 986 XIII.
929 933 1185 994 Quomodo
1227 930 1499 995 prwdicam
1531 927 1724 995 populis
1766 923 2083 983 fantasticnm

623 1004 780 1055 subito
804 1002 963 1067 ignem
1002 998 1185 1050 diaboli
1228 1008 1271 1049 et
1312 998 1586 1064 prwviderit
1628 1004 1903 1053 venturum,
1928 1001 1972 1041 ct
2002 1006 2083 1039 re-

623 1072 835 1121 nientem
863 1069 1165 1120 exstinxerit.

627 1159 821 1211 Eodem
850 1167 1080 1222 tempore
1106 1154 1225 1205 dum
1251 1155 1571 1221 congregatis
1594 1153 1644 1203 in
1668 1150 1885 1217 quadam
1908 1148 2078 1215 villula

560 1246 1127 1315 perplurimis‘verbum
1156 1244 1271 1295 vitae
1301 1244 1619 1309 praediciret,
1652 1239 1882 1306 praevidit
1910 1239 2080 1290 subito

559 1340 608 1390 in
644 1337 823 1403 spiritu
866 1334 1129 1400 antiquum
1177 1334 1376 1383 hostem
1423 1332 1487 1381 ad
1538 1329 1897 1381 retardandum
1949 1339 2080 1392 opus

558 1427 737 1478 salutis
762 1424 964 1485 adesse,
994 1435 1213 1487 moxque
1236 1420 1346 1485 ejus
1373 1417 1585 1470 insidias
1613 1430 1739 1484 quas
1775 1415 1970 1467 futuras
1998 1416 2080 1464 in-

562 1514 770 1569 tellexit,
797 1509 1030 1563 docendo
1053 1520 1410 1575 pmoccupare
1434 1505 1653 1557 curavit.
1685 1499 1917 1555 Namaue
1947 1502 2082 1551 inter

505 1608 512 1617 ‘
558 1615 617 1653 ea
645 1614 759 1667 qua:
787 1581 1160 1663 disputaverat,
1209 1602 1418 1661 repente
1448 1590 1741 1659 huiusmodi
1786 1589 1974 1640 monita
2000 1587 2081 1637 iu-

562 1689 762 1741 sernit:
800 1705 817 1737 ι
854 1689 1088 1752 Oportet,
1118 1681 1433 1743 charissimi,
1478 1691 1533 1731 ut
1560 1678 1760 1743 quoties
1786 1676 1929 1726 vobis
1966 1688 2077 1740 my-

562 1776 715 1829 steria
750 1775 890 1841 regni
920 1772 1147 1825 caelestis
1180 1767 1540 1835 praedicantur,
1571 1765 1767 1817 intento
1795 1764 1903 1813 hinc
1927 1761 2082 1812 corde

561 1879 609 1919 et
629 1879 782 1917 sensu
798 1872 1001 1927 semper
1018 1858 1405 1928 vigilantissimo
1420 1854 1656 1917 audiatis,
1675 1870 1703 1903 ιι

560 1958 640 2008 lus
677 1955 761 2023 qui
808 1954 945 2005 inille
997 1950 1211 2003 nocendi
1248 1949 1403 2001 habet
1444 1954 1602 2007 artes,
1629 1940 1957 2008 supervacuis
1993 1953 2083 1990 vos

556 2046 692 2098 curis
736 2045 802 2097 ab
847 2051 1052 2094 internae
1098 2038 1278 2091 salutis
1328 2034 1588 2088 auditione
1630 2030 1928 2095 praipediat.
1968 2045 1985 2076 ι
2022 2027 2084 2077 Et

559 2134 669 2185 haec
694 2132 890 2191 dicens,
920 2130 1086 2181 denuo
1115 2124 1371 2179 sermonis
1413 2135 1566 2187 quem
1618 2118 1964 2170 intermiserat
1993 2129 2082 2189 or-

557 2223 733 2273 dinem
761 2218 984 2284 repetiit,
1002 2214 1277 2279 statimque
1306 2209 1466 2262 hostis
1495 2208 1579 2259 ille
1608 2203 1952 2271 nequiSsimns
1977 2200 2085 2252 fan-

559 2312 793 2362 tasticum
840 2307 1077 2359 deferens
1106 2302 1298 2369 ignem,
1330 2298 1541 2350 domum
1584 2297 1727 2359 juxta
1757 2292 1971 2358 positam
2003 2290 2084 2341 in-

546 2398 746 2458 ‘cendit,
778 2398 844 2448 ita
874 2404 927 2445 ut
970 2392 1262 2445 viderentur
1303 2389 1438 2438 faces
1485 2384 1673 2451 ignium
1710 2389 1866 2433 tutam
1909 2380 2085 2431 volare

559 2499 650 2550 per
678 2482 921 2541 villulam,
946 2491 1005 2529 ac
1028 2476 1241 2543 juvante
1266 2482 1418 2524 vento
1440 2468 1607 2535 fragor
1634 2482 1751 2518 aera
1782 2472 2082 2516 concutere.

558 2572 687 2623 'l'um
730 2568 972 2620 exsiliens
999 2564 1144 2631 quasi
1172 2560 1235 2612 ad
1266 2555 1691 2625 exstinguendum
1722 2553 1890 2620 ignem
1938 2551 2083 2602 turba

560 2672 690 2724 pene
744 2664 847 2707 tota
892 2666 1045 2719 quam
1087 2636 1326 2713 docebat,
1371 2661 1488 2698 nam
1534 2656 1725 2711 paucos
1775 2642 1881 2706 ipse
1930 2654 2083 2691 manu

562 2747 715 2797 inissa
761 2741 990 2802 retinuit,
1017 2736 1253 2790 certatim
1302 2746 1458 2799 aquas
1499 2730 1743 2798 jacnibat,
1794 2742 1890 2780 nec
1913 2735 2083 2779 tamen

562 2835 693 2884 unda
720 2844 837 2883 vera
881 2829 1033 2879 falsas
1063 2825 1227 2892 potuit
1262 2821 1579 2885 restinguere
1608 2818 1863 2878 ﬂammas,
1897 2816 2081 2874 dooec,

558 2929 739 2974 orante
769 2933 877 2970 viro
930 2917 1017 2968 Dei
1060 2912 1349 2966 Cudbercto
1387 2910 1586 2974 fugatus
1631 2914 1808 2958 auctor
1854 2903 2084 2956 fallacia-

559 3010 822 3072 rum,ficta
843 3019 1017 3059 secum
1046 3000 1279 3054 incendia
1302 3012 1488 3050 vacuas
1516 3004 1803 3063 reportaret
1830 2994 1880 3045 in
1908 3007 2077 3045 auras.

557 3102 706 3169 Quod
736 3099 915 3153 videns
941 3095 1086 3148 turba
1132 3091 1347 3145 multum
1392 3087 1666 3140 salubriter
1708 3084 1930 3148 erubuit,
1963 3099 2081 3135 rur-

560 3204 747 3257 susque
773 3187 835 3239 ad
867 3186 1029 3236 virum
1080 3178 1166 3233 Dei
1212 3172 1641 3242 ingressa,ﬂexis
1679 3174 1893 3239 genibus
1921 3171 2081 3221 insta-

562 3279 682 3333 bilis
709 3274 865 3327 auimi
894 3272 1097 3325 veniam
1144 3266 1465 3334 precabatur,
1512 3261 1761 3314 conlitens
1801 3272 1859 3311 se
1886 3258 2083 3310 intelle-

566 3371 705 3421 xisse
729 3368 845 3431 quia
874 3362 1108 3413 diabolus
1132 3358 1197 3407 ab
1234 3350 1555 3420 impedienda
1581 3349 1746 3400 salute
1776 3346 1992 3397 humana
2022 3360 2086 3397 ne

562 3461 626 3513 ad
660 3460 836 3510 horam
862 3460 1087 3505 vacaret.
1117 3450 1183 3501 At
1207 3447 1318 3513 ipse
1359 3443 1667 3496 confirmans
1696 3436 2084 3492 incunstantiam

562 3546 836 3616 fragilium,
868 3556 1042 3596 rursus
1070 3554 1184 3607 qua:
1222 3542 1450 3602 coeperat
1480 3534 1597 3585 vita
1626 3530 1817 3583 menita
1844 3527 2083 3594 exsequi-

744 3716 874 3772 ΚΝ.
908 3712 1164 3777 Quomodo
1206 3709 1432 3778 ﬂammas
1462 3703 1635 3778 domus
1674 3698 1935 3777 cujusdam
1973 3710 2086 3747 vero

501 3784 507 3790 ’
854 3775 966 3851 igne
987 3779 1204 3831 ardentis
1229 3779 1241 3805 ¹
1268 3775 1489 3827 oratione
1507 3775 1802 3821 restinxerit.

632 3877 738 3929 Nec
766 3884 959 3925 tantum
1008 3870 1177 3936 ignem
1220 3861 1565 3921 fantasticum,
1594 3860 1683 3912 sed
1714 3860 1867 3909 etiam
1907 3869 2085 3909 verum

570 3979 723 4033 quem
768 3962 910 4013 multi
940 3956 1142 4024 frigidis
1171 3952 1385 4005 fontium
1432 3948 1580 4000 undis
1610 3946 1819 3997 minime
1854 3945 2089 3996 valebant

568 4050 918 4116 exstinguere,
948 4046 969 4075 ⁸
1000 4046 1109 4111 ipse
1137 4040 1275 4093 solus
1304 4036 1619 4099 ferventibus
1662 4033 1996 4100 Iacrymarum
2020 4033 2089 4083 ri-

565 4138 699 4191 vulis
718 4132 1039 4201 compressit.
1088 4128 1352 4197 Siquidem
1395 4124 1514 4178 dum
1554 4136 1698 4173 more
1738 4120 2086 4187 apostolorum

566 4226 724 4295 gratia
756 4223 1031 4276 salutifera:
1060 4214 1410 4272 instructionis
1452 4212 1685 4264 universa
1730 4210 2087 4295 pertransit-et,

567 4294 774 4368 devenit
794 4313 876 4364 die
902 4310 1118 4377 quadam
1149 4307 1197 4357 in
1228 4304 1434 4356 domum
1460 4298 1723 4365 cujusdam
1759 4298 1957 4347 devone
1986 4294 2088 4346 Deo

571 4415 594 4439 ιι
626 4404 826 4457 feinina:
867 4415 1018 4467 quam
1061 4396 1291 4449 crebrius
1345 4393 1565 4444 invisere
1602 4386 1831 4446 curabat,
1881 4386 1997 4451 quia
2036 4394 2088 4436 et

571 4493 720 4545 bouis
751 4501 769 4530 ³
797 4466 992 4539 actibus
1016 4486 1261 4536 intentam
1291 4483 1521 4539 noverat,
1553 4483 1605 4527 et
1634 4474 1738 4538 ipsa
1769 4486 1887 4523 eum
1916 4472 2095 4535 primis
2124 4466 2176 4525 Ι)

2186 569 2542 634 cognominari
2565 569 2780 622 solebat.
2812 570 3041 623 Habebat
3070 581 3242 625 autem
3274 572 3482 625 domum
3510 575 3562 627 in
3586 582 3703 629 neci-

2184 656 2377 709 dentali
2408 666 2551 722 parte
2574 655 2599 693 δ
2627 657 2797 721 viculi,
2828 673 2980 724 quam
3008 672 3126 712 cum
3157 661 3237 714 vir
3261 661 3462 713 Domini
3486 664 3706 716 Cudber-

2189 754 2304 795 ctus
2330 746 2540 797 verbum
2564 747 2910 798 seminaturns
2939 747 3170 809 intraret,
3205 762 3419 815 repente
3460 751 3512 802 in
3552 756 3705 803 oricu-

2181 833 2268 883 tali
2315 833 2459 899 plaga
2488 832 2719 899 ejusdem
2768 834 2871 887 vici
2918 850 3011 901 per
3052 835 3259 901 culpam
3292 838 3509 889 incuria:
3536 840 3703 891 dorum

2182 925 2387 976 incensa
2413 931 2435 963 δ
2464 926 2914 979 vehementissime
2936 928 3093 993 erepit
3118 928 3326 980 ardere.
3358 927 3489 980 Nam
3520 939 3571 981 et
3600 945 3705 981 ven.

2182 1024 2260 1063 tus
2294 1012 2361 1064 ab
2386 1014 2577 1085 eodem
2603 1014 2809 1067 climate
2832 1030 2934 1067 non
2965 1015 3196 1068 modicus
3246 1031 3551 1082 assurgens,
3582 1022 3703 1070 aer.-

2180 1101 2349 1167 piebat
2376 1100 2559 1168 ignitos
2580 1102 2598 1132 ³
2617 1104 2746 1155 fenei
2769 1104 2888 1156 tecti
2919 1103 3285 1168 fasciculos,et
3307 1115 3469 1156 tatam
3492 1104 3699 1169 iactabat

2181 1194 2282 1244 late
2312 1207 2403 1259 per
2432 1192 2624 1244 villam.
2652 1192 2913 1245 Jactantes
2942 1207 3126 1257 aquam
3153 1194 3239 1259 qui
3285 1193 3509 1245 aderant
3538 1192 3699 1245 feruor

2180 1279 2382 1331 ﬂamma
2432 1282 2654 1347 repulit,
2705 1280 3004 1348 longiusque
3052 1282 3267 1347 fugavit.
3318 1281 3450 1333 Tum
3505 1284 3698 1347 prcfata

2184 1368 2270 1419 Dei
2303 1368 2491 1419 famula
2519 1369 2745 1420 cucurrit
2772 1370 2971 1431 concita
2995 1370 3056 1420 ad
3084 1370 3297 1421 domum
3340 1370 3394 1421 in
3425 1384 3524 1436 qua
3552 1372 3697 1421 virum

2182 1454 2274 1506 Dei
2330 1465 2630 1522 receperat,
2689 1458 2965 1509 obsecrans
3015 1467 3069 1508 ut
3114 1458 3310 1509 orando
3357 1471 3693 1521 succurreret,

2183 1544 2475 1608 priusquam
2504 1544 2689 1595 domus
2716 1544 2882 1610 ipsius
2920 1554 2972 1596 et
3001 1552 3103 1595 tota
3148 1545 3306 1599 simul
3346 1546 3467 1596 villa
3497 1559 3691 1611 periret.

2180 1637 2245 1685 At
2273 1628 2356 1682 ille
2379 1647 2391 1681 :
2417 1647 2435 1679 ι
2466 1630 2537 1682 Ne
2559 1632 2758 1692 timeas,
2783 1632 2965 1698 inquit,
2986 1642 3167 1694 mater,
3190 1632 3529 1698 animaequior
3552 1648 3655 1684 esto
3686 1653 3697 1683 ;

2180 1732 2280 1769 non
2329 1718 2465 1770 enim
2508 1718 2598 1771 tibi
2643 1720 2809 1771 tuisve
2847 1720 2956 1772 haec
2982 1722 3264 1788 quamlibet
3309 1736 3469 1772 voras
3510 1721 3695 1773 ﬂatum;

1708 1810 2081 1905 ξωῖέάὲ
2111 1835 2153 1892 Β
2183 1810 2407 1863 nocebit.
2442 1828 2460 1860 ι
2498 1810 2785 1878 Statimque
2807 1825 3046 1878 egressus
3074 1822 3193 1863 ante
3221 1811 3413 1863 ostium
3436 1810 3458 1840 ‘
3484 1824 3699 1877 praeter-

2186 1897 2325 1949 nitur
2372 1898 2421 1948 in
2468 1905 2695 1971 terram;
2744 1913 2847 1965 quo
2893 1898 3064 1951 adhuc
3097 1908 3282 1951 orante
3309 1908 3539 1950 mutatur
3569 1900 3701 1951 ﬂatus

2187 1994 2477 2049 ventorum,
2504 1988 2807 2053 spiransque
2834 1988 2901 2039 ab
2925 2001 3111 2039 occasu
3138 1997 3308 2039 totum
3338 1988 3467 2039 tanti
3495 1990 3700 2041 incendii

2186 2072 2476 2138 periculum
2507 2075 2572 2124 ab
2601 2071 2866 2126 invasione
2892 2073 3081 2126 villulae
3122 2090 3273 2141 quam
3303 2076 3381 2127 vir
3412 2075 3701 2128 Domini'iu-

2186 2172 2408 2214 traverat
2436 2163 2635 2241 rejecit.
2659 2162 2850 2231 Sicque
2888 2165 2940 2217 in
2981 2165 3181 2218 duobus
3208 2166 3471 2219 miraculis
3504 2168 3701 2220 duorum

2184 2260 2383 2316 patrum
2411 2261 2492 2303 est
2539 2251 2752 2305 virtutes
2777 2254 3010 2306 imitatus
3040 2270 3054 2305 :
3089 2256 3137 2307 in
3186 2254 3475 2307 fantasticis
3517 2258 3701 2322 quidm

2191 2336 2425 2403 pravisis
2448 2345 2501 2389 et
2524 2342 2788 2391 evacuatis
2820 2340 3068 2393 incendiis
3112 2340 3356 2393 virtutem
3400 2345 3701 2395 reverendis-

2187 2426 2303 2477 simi
2339 2434 2391 2478 et
2423 2428 2732 2479 sanctissimi
2759 2427 2926 2479 Patris
2951 2437 2973 2465 ε
2999 2428 3284 2493 Benedicti,
3312 2430 3397 2492 qui
3427 2430 3700 2484 simulatam

2192 2515 2257 2565 ab
2280 2512 2489 2580 antiquo
2514 2513 2662 2567 hoste
2695 2515 2845 2582 quasi
2889 2515 3123 2580 coquinae
3160 2517 3388 2569 ardentis
3425 2517 3696 2571 incendium

2182 2604 2248 2655 ab
2274 2604 2434 2655 oculis
2464 2603 2830 2670 discipulorum
2855 2604 3052 2656 orando
3094 2605 3324 2672 pepulit;
3354 2606 3403 2657 in
3426 2609 3560 2658 veris
3590 2622 3701 2659 vero

2183 2706 2327 2757 teque
2349 2692 2495 2744 victis
2516 2707 2575 2745 ac
2597 2694 2806 2746 retortis
2830 2694 3021 2761 ignium
3045 2692 3229 2761 globis,
3254 2694 3491 2747 virtutem
3512 2696 3603 2748 viri
3626 2711 3698 2749 ve-

2182 2784 2425 2836 nerabilis
2445 2782 2470 2820 ἀ
2495 2784 2775 2836 Marcellini
2797 2785 3101 2837 Anconitani
3124 2786 3370 2838 antistitis
3393 2787 3478 2849 qui
3505 2787 3702 2837 ardente

2182 2869 2358 2923 eadem
2404 2871 2611 2923 civitate
2665 2868 2773 2935 ipse
2819 2880 2994 2922 contra
3054 2872 3219 2937 ignem
3282 2873 3475 2937 positus
3517 2872 3701 2921 animo

2182 2955 2415 3007 ﬂammas
2439 2957 2778 3021 compescuit,
2801 2972 2927 3022 quas
2952 2966 3085 3009 tanta
3108 2958 3299 3010 civium
3329 2973 3506 3010 manus
3529 2972 3700 3026 aquam

2182 3045 2501 3112 projiciendo
2532 3044 2854 3112 nequiverat.
2905 3048 3007 3099 Nec
3050 3046 3338 3099 mirandum
3386 3049 3703 3113 perfer-tesca

2109 3164 2153 3226 ο
2183 3134 2401 3186 ﬂdeliter
2442 3134 2547 3187 Deo
2593 3138 2877 3186 servientes
2923 3136 3059 3188 viros
3111 3144 3304 3187 tantam
3362 3146 3537 3189 contra
3602 3152 3698 3187 na

2182 3222 2501 3273 ﬂammarum
2554 3221 2576 3252 τ
2626 3223 2860 3290 accipere
2909 3223 3229 3291 potentiam,
3295 3225 3383 3291 qui
3424 3226 3701 3291 quotidiana

2184 3308 2429 3359 virtutum
2462 3307 2711 3363 industria
2742 3320 2795 3363 et
2834 3310 3088 3363 incentiva
3118 3326 3225 3363 sua:
3254 3316 3427 3364 carnis
3452 3314 3702 3375 edomare,

2178 3404 2234 3447 et
2256 3398 2427 3449 omnia
2458 3398 2554 3452 tela
2589 3399 2889 3464 nequissimi
2938 3402 3081 3463 ignea
3129 3411 3319 3451 norunt
3365 3402 3703 3470 exstinguere;

2183 3486 2366 3552 quibus
2394 3486 2663 3552 aptissime
2698 3487 2933 3551 congruit
2975 3487 3097 3538 illud
3148 3488 3548 3553 propheticum:
3593 3487 3704 3541 σωκ

2184 3579 2433 3629 transieris
2453 3580 2504 3627 in
2530 3578 2641 3645 igne
2668 3593 2768 3629 non
2791 3577 3107 3639 combureris,
3133 3586 3177 3630 et
3216 3580 3422 3644 ﬂamma
3445 3594 3543 3628 non
3580 3580 3705 3628 arde-

2184 3663 2249 3713 bit
2274 3662 2322 3713 in
2347 3673 2409 3713 te.
2436 3663 2503 3714 At
2530 3677 2625 3737 ego
2654 3671 2706 3716 et
2738 3665 2839 3717 mei
2869 3663 3065 3716 similes
3097 3666 3318 3731 propria:
3348 3663 3639 3732 fragilitatis
3662 3676 3708 3716 et

2184 3750 2379 3802 inertize
2431 3752 2642 3814 conscii,
2691 3753 2817 3805 certi
2864 3753 3071 3819 quidem
3122 3767 3305 3804 sumus
3350 3755 3515 3819 quia'
3545 3762 3707 3806 metra

2182 3841 2351 3907 ignem
2398 3841 2715 3893 materialem
2765 3842 2831 3893 nil
2881 3843 2979 3893 tale
3018 3842 3300 3904 audemus;
3335 3845 3520 3895 incerti
3549 3855 3705 3896 autem

2184 3944 2247 3979 an
2281 3929 2447 3995 ignem
2472 3929 2614 3981 illum
2650 3917 3113 3995 inexs‘tinguibilem
3144 3931 3331 3982 futura:
3370 3932 3707 3998 castigationis

2186 4016 2440 4069 immunes
2480 4018 2699 4069 evadere
2727 4032 2992 4083 queamus.
3031 4018 3133 4072 Sed
3165 4031 3351 4079 p0tens
3383 4030 3463 4069 est
3497 4029 3549 4070 et
3579 4020 3703 4085 larga

2187 4104 2349 4168 pietas
2380 4102 2662 4155 Salvatoris
2711 4105 2892 4167 nostri,
2922 4120 3037 4172 qua:
3065 4104 3291 4171 indignis
3333 4106 3482 4157 nobis
3507 4117 3559 4157 et
3584 4122 3703 4157 nunc

2186 4188 2250 4238 ad
2273 4190 2641 4255 exstinguenda
2673 4190 2909 4244 vitiorum
2944 4191 3211 4252 incendia,
3246 4202 3300 4245 et
3326 4192 3388 4242 ad
3434 4194 3708 4244 evadendas

2189 4276 2238 4326 in
2284 4274 2453 4327 futuro
2499 4287 2765 4341 poenarum
2802 4276 3035 4329 ﬂammas
3062 4278 3285 4346 gratiam
3316 4293 3425 4332 sua:
3452 4281 3708 4347 protectio-

2190 4360 2269 4413 nis
2290 4361 2572 4427 impendat.

1493 4556 1951 4612 VULGATORUM
1994 4559 2370 4614 VARIANTES
2410 4559 2797 4617 LECTIONES.

644 4666 657 4691 ‘
687 4662 889 4715 Orando
910 4654 1207 4712 restinxerit.

642 4736 660 4764 ³
688 4733 803 4795 Ipse
832 4732 969 4780 solis.

646 4802 665 4830 ³
692 4800 929 4863 Uperibns
950 4796 1184 4846 intentam

626 4890 627 4893 π
646 4868 1011 4919 "Vehementer.

2266 4649 2286 4677 ⁸
2312 4645 2439 4699 Frui
2458 4649 2589 4700 tecti.

2265 4718 2284 4746 ⁶
2308 4716 2579 4768 Sternitur.

2262 4786 2280 4812 "
2304 4784 2531 4851 Accipere
2551 4793 2858 4850 potestatem.

2264 4853 2285 4881 ⁸
2309 4851 2405 4902 Per
2428 4854 2608 4918 ignem.

1842 4933 2184 4988 VARIORUM
2224 4937 2447 4990 NOTAE.

572 5048 577 5055 '
633 5050 649 5070 '
682 5042 920 5095 Feminis.
947 5038 1065 5091 llaec
1093 5042 1268 5087 vocata
1305 5040 1386 5081 est
1407 5025 1627 5091 Kenspid
1649 5041 1661 5087 ;
1687 5022 2088 5095 sanctimonialis

583 5092 869 5167 fuit—vidua
918 5124 1029 5174 qua:
1080 5101 1320 5156 enutrivit
1365 5092 2087 5174 sanctmn‘t‘ludberct'uniab

580 5158 899 5236 ἔξειμι-ΜΟ
926 5158 1196 5225 Ἰειιιιοιίιιῐι
1248 5181 1405 5230 usque
1444 5164 1508 5236 _a_d
1558 5170 1757 5235 (etatem
1787 5158 2085 5236 perfectam.

922 5256 1058 5311 mum
1101 5226 1400 5311 scriptorem
1435 5231 1567 5311 'Yita‘e
1594 5229 1753 5311 sancti
1783 5227 1973 5311 Cu‘db.,
1998 5226 2087 5304 fili.

836 5296 1263 5382 Bdllandttttt,_‘20
1304 5298 1498 5382 Martii.

582 5362 943 5439 ὗέτῖιζῖίιιι).
985 5393 1017 5427 ιι
1050 5362 1179 5425 haud
1211 5367 1637 5439 pr:i-teritiitt_einla
1660 5370 1810 5439 sunt:
1843 5384 1859 5409 ι
1900 5362 2089 5439 Eodem

587 5428 827 5517 ἔρξ’ιὶ.ῙῶΕὲ
852 5428 1091 5499 invitatus
1128 5428 1223 5517 esu
1248 5446 1451 5517 sanctus
1471 5428 1779 5517 “IIOIIHLPEIA
1809 5430 2090 5517 tta-quatiant

586 5502 929 5582 muliereane
948 5516 1132 5565 dicitur
1154 5502 1588 5582 henspid,’adhuc
1610 5502 2095 5582 vivfttsj‘sanctimo-

588 5567 976 5642 ⁷γζῖιυςι,
1029 5595 1139 5644 qua:
1194 5567 1437 5627 enutrivit
1480 5583 1600 5644 cum
1654 5567 1718 5614 ab
1772 5571 1888 5644 Octo
1945 5567 2093 5644 antiis

596 5632 749 5725 usque
796 5632 866 5706 ad
905 5632 1175 5719 perlectam
1207 5653 1426 5702 tetatetn,
1478 5637 1528 5690 in
1575 5648 1671 5701 qua
1718 5632 1975 5685 servnium
2007 5633 2094 5685 Dei

2187 5025 2404 5097 arripuit
2429 5042 2442 5087 ;
2476 5024 2590 5078 ideo
2618 5040 2837 5097 natoque
2867 5043 2978 5097 eam
3011 5037 3227 5079 matrem
3258 5029 3549 5095 appellavit,
3578 5046 3704 5097 ωερε

2187 5094 2402 5165 γὶξίιιιιιε
2442 5107 2576 5145 eam.
2622 5094 2771 5165 \‘enit
2798 5096 3011 5165 quadam
3064 5099 3149 5146 die
3181 5097 3259 5165 ad
3305 5094 3476 5150 villam
3520 5101 3572 5152 in
3619 5094 3700 5165 φ.

2192 5159 2471 5230 habitabat,
2518 5176 2631 5226 qua:
2681 5159 2873 5215 dieitur
2920 5164 3319 5230 Ilruringahatn,
3355 5175 3473 5218 tunc
3508 5159 3705 5219 ardente

2190 5229 2488 5294 domoqna:
2527 5230 2576 5281 in
2601 5241 2829 5282 extrema
2863 5241 3005 5294 parte
3035 5229 3151 5293 vici,
3182 5246 3285 5286 etc.
3316 5252 3336 5282 ι
3360 5234 3584 5287 Manu.

2192 5364 2227 5414 δ
2263 5299 2286 5412 ιζ
2325 5293 2505 5349 Viculi.
2554 5296 2763 5350 Viculus
2807 5293 2969 5350 dietus
3014 5308 3096 5352 est
3142 5299 3545 5370 IIruringziham,
3595 5302 3698 5357 ibit

2232 5377 2261 5412 ιιι
2287 5377 2373 5413 τιι.

2232 5376 2373 5413 MITH.

2268 5440 2289 5465 ο
2321 5430 2591 5485 Benedicti.
2617 5432 2689 5482 De
2714 5432 2814 5484 hoc
2841 5434 3003 5486 sancti
3036 5434 3249 5488 Benedit
3264 5439 3301 5489 ti
3332 5434 3581 5490 miraculo
3604 5440 3701 5491 vide

2198 5496 2522 5561 Bollandutn,
2551 5499 2611 5552 ⁸21
2647 5499 2791 5551 Matt.

2268 5566 2290 5599 ιι
2320 5565 2615 5618 Marcellini:
2641 5566 2838 5619 (Iulitur
2859 5581 3066 5620 sanctus
3095 5568 3427 5625 Marcellinus
3467 5572 3503 5628 9
3538 5573 3702 5628 Janu-

2202 5635 2283 5701 rii,
2310 5650 2461 5700 quem
2491 5636 2625 5689 diem
2655 5636 2767 5688 vide
2794 5638 2925 5704 apud
2958 5638 3195 5696 Bulland.
3220 5640 3411 5694 Sitt'ru.

3302 5734 3817 6217 ecl
