3862 6362
194 477 297 534 753

851 477 1035 530 SECT.
1079 477 1116 529 Ι.
1152 507 1218 518 -
1257 458 1819 530 IIAGIOCRAPIIICA.
1862 502 1929 511 -—-
1972 474 2118 527 VITA
2162 474 2215 528 S.
2257 473 2657 528 CUTIIBERTI.

3236 468 3337 521 755

179 587 263 639 CA
277 587 333 638 l‘.
367 586 472 639 XV.
504 586 726 650 Qualiter
748 585 1044 637 daemonium
1079 583 1140 635 ab
1162 599 1314 635 uxore
1334 582 1571 647 prefecti,
1596 595 1712 631 urc-
1746 584 1785 632 Α
1817 578 2105 631 Cudbercto
2134 580 2600 645 appropinquarent
2623 579 2819 637 damni,
2852 577 2977 644 fugit
3005 585 3215 643 repente
3236 578 3345 643 spi-

629 655 745 704 dum
774 656 1036 704 adveniens
1057 655 1271 718 ejecerit.

253 761 447 815 Verum
476 762 591 827 quia
622 760 773 827 paulo
801 759 1047 825 superius
1080 770 1323 825 quantum
1354 757 1517 808 isdem
1558 769 1715 807 vene-

177 853 365 905 rabilis
392 854 712 904 Cudberctus
742 851 990 903 adversus
1011 850 1338 902 simulatitias
1364 847 1551 900 diaboli
1583 848 1719 898 frau-

183 946 284 994 des
308 942 524 994 valuerit
564 942 915 1006 exposuimus,
961 955 1094 993 nunc
1119 940 1273 994 etiam
1315 940 1432 1007 quid
1472 940 1718 991 adversus

190 1047 376 1082 verum
406 1041 744 1095 apertumque
768 1031 883 1093 eius
905 1030 1128 1083 furorem
1176 1030 1342 1083 valeat
1380 1030 1713 1093 explicemus.

184 1121 315 1171 Erat
342 1120 613 1184 praefectus
657 1119 878 1185 Ecgfridi
924 1120 1059 1185 regis
1102 1119 1363 1171 Hildmaer
1388 1119 1617 1183 nomine,
1644 1116 1722 1168 vir

166 1188 439 1274 'rebgiosis
464 1222 578 1259 cum
601 1207 739 1259 omni
766 1208 920 1259 domu
948 1221 1038 1261 sua
1061 1206 1267 1260 deditus
1287 1207 1549 1272 operibus,
1579 1206 1721 1259 ideo-

179 1309 338 1360 quea
379 1296 528 1349 bean
573 1294 857 1349 Cudbercto
894 1296 1186 1363 apecialiter
1229 1297 1466 1359 dilectus,
1507 1304 1577 1359 et,
1605 1310 1720 1347 cum

183 1381 386 1435 itineris
414 1384 765 1452 propinquitas
789 1395 1116 1452 congrueret,
1146 1384 1329 1437 crebro
1353 1384 1417 1437 ab
1454 1398 1517 1437 eo
1545 1384 1723 1436 visita-

192 1481 300 1525 tus.
323 1470 482 1538 Cujus
508 1487 636 1524 uxor
656 1487 771 1524 cum
803 1473 1144 1541 eleemosynis
1171 1480 1225 1525 et
1247 1472 1449 1525 caeteris
1472 1472 1721 1524 virtutum

183 1561 440 1615 fructibus
487 1568 625 1614 esset
672 1562 883 1622 intenta,
916 1560 1092 1614 subito
1139 1571 1375 1627 correpta
1421 1576 1447 1609 a
1489 1563 1726 1613 daemone

179 1651 442 1703 acerrime
468 1650 627 1716 coepit
661 1650 857 1713 vexari,
889 1649 958 1702 ita
987 1658 1041 1702 ut
1065 1648 1329 1702 stridendo
1354 1648 1613 1709 dentibus,
1635 1663 1726 1700 vo—

178 1751 272 1793 ces
314 1737 629 1792 miserabiles
659 1743 674 1772 ί
702 1736 1020 1800 emittendo,
1070 1736 1278 1789 brachia
1320 1738 1397 1789 vel
1428 1744 1615 1788 cietera
1644 1730 1725 1787 sui

170 1820 426 1893 corporis
455 1829 683 1881 membra
714 1829 765 1880 in
791 1828 994 1881 diversa
1024 1827 1298 1893 raptanda,
1327 1840 1428 1878 non
1454 1825 1719 1878 minimum

182 1915 390 1967 cunctis
426 1913 739 1967 intuentibus
780 1914 860 1967 vel
899 1913 1225 1967 audientibus
1252 1913 1505 1965 incuteret
1537 1905 1716 1963 horro-

184 2016 322 2054 rem.
352 2002 584 2070 Cumque
620 2002 817 2070 jaceret
843 2002 1050 2067 explosa
1090 2009 1141 2054 et
1175 1998 1489 2068 jamjamque
1518 1999 1722 2052 videre-

188 2100 276 2142 tur
305 2105 420 2144 esse
446 2093 710 2153 moritura,
738 2090 974 2144 ascendit
992 2090 1069 2142 vir
1095 2089 1206 2157 ejus
1234 2082 1445 2157 equum,
1481 2098 1532 2141 et
1557 2088 1731 2141 conci-

183 2185 272 2232 tus
304 2180 440 2232 venit
477 2180 540 2231 ad
566 2178 824 2231 hominem
866 2177 977 2240 Dei,
1017 2186 1355 2244 precatusque
1379 2184 1460 2229 est
1486 2192 1626 2241 eum,
1648 2176 1727 2227 di-

183 2280 315 2322 cens
347 2285 358 2321 :
393 2286 411 2318 ι
439 2266 665 2322 Obsecro
693 2268 810 2335 quia
840 2280 969 2320 uxOr
993 2280 1106 2319 mea
1130 2266 1265 2319 male
1294 2264 1468 2331 habet,
1501 2274 1553 2318 et
1585 2266 1730 2320 vide-

188 2366 280 2411 tur
302 2358 411 2426 jam
450 2359 682 2427 proxima
726 2359 900 2422 morti,
945 2366 1000 2410 ut
1046 2356 1219 2411 mittas
1258 2356 1610 2425 presbyterum
1640 2358 1727 2423 qui

189 2446 334 2497 illam
359 2445 651 2513 priusquam
698 2445 945 2497 moriatur
988 2443 1181 2509 visitet,
1228 2443 1379 2510 eique
1418 2443 1651 2512 corporis
1679 2452 1733 2497 et

189 2533 459 2598 sanguinis
488 2524 731 2585 dominici
761 2540 1083 2584 Sacramenta
1112 2531 1391 2593 ministret,
1425 2530 1515 2584 sed
1540 2540 1590 2583 et
1616 2545 1731 2585 cor-

190 2634 293 2686 pus
319 2620 481 2687 ipsius
511 2621 593 2672 hic
621 2620 745 2672 locis
772 2618 962 2670 sanctis
990 2618 1197 2685 sepeliri
1223 2619 1508 2685 permittas.
1550 2637 1567 2669 ι
1604 2620 1731 2672 Eru-

187 2707 437 2761 bescebat
463 2709 600 2759 enim
627 2721 741 2761 eam
782 2706 1014 2759 conliteri
1065 2707 1295 2758 insanam
1328 2721 1480 2773 quam
1524 2708 1600 2759 vir
1629 2708 1733 2761 Do-

186 2798 317 2851 mini
366 2798 592 2850 sobriam
642 2802 849 2863 semper
891 2796 1067 2849 videre
1095 2806 1454 2849 consueverat.
1486 2796 1579 2861 Qui
1613 2811 1731 2850 cum

188 2903 472 2956 parumper
500 2887 567 2941 ab
605 2902 669 2941 eo
715 2886 1023 2951 diverterct,
1070 2886 1279 2939 visurus
1322 2901 1474 2953 quem
1507 2888 1732 2940 mitteret

188 2978 552 3046 presbyterum
603 2991 719 3029 cum
752 2977 857 3037 illo,
903 2976 1143 3043 cognovit
1187 2987 1406 3041 repente
1449 2976 1498 3028 in
1546 2978 1730 3042 Spiritu

184 3054 308 3132 quia
342 3081 441 3117 non
486 3066 746 3118 communi
776 3063 1095 3127 inﬁrmitate,
1142 3062 1232 3116 sed
1261 3065 1282 3095 ’
1306 3062 1557 3116 daamonis
1601 3064 1728 3117 infe-

1815 666 1942 717 ritus
1968 681 2209 730 nequam,
2238 666 2511 719 adventum
2558 666 2777 733 Spiritus
2800 669 2983 731 sancti,
3014 684 3113 733 quo
3162 669 3339 733 plenus

1815 763 1925 806 erat
1948 754 2030 806 vir
2063 755 2173 820 Dei,
2207 755 2341 807 ferre
2381 771 2480 809 non
2514 757 2705 808 valens.
2736 755 2893 822 Cujus
2919 757 3089 810 soluta
3124 756 3345 809 vinculis

1819 844 2022 906 mulier,
2052 847 2195 911 quasi
2238 847 2378 912 gravi
2410 846 2762 914 expergefacta
2795 848 2859 899 de
2887 862 3089 907 somno,
3120 852 3348 901 surrexit

1817 932 2061 989 continuo
2087 951 2145 987 ac
2173 938 2283 987 viro
2308 937 2392 988 Dei
2420 936 2789 1002 gratulabunda
2817 952 3112 999 occurrens,
3134 937 3343 1005 jumen-

1821 1034 1923 1075 tum
1954 1038 2057 1092 quo
2082 1025 2291 1077 sedebat
2335 1039 2425 1091 per
2454 1026 2651 1076 frenum
2698 1025 2887 1087 tenuit;
2917 1040 3135 1091 moxque
3163 1025 3223 1075 ad
3258 1026 3341 1075 in-

1818 1118 2016 1177 tegrum
2057 1124 2264 1179 recepto
2295 1115 2467 1178 vigore
2514 1112 2702 1165 mentis
2729 1120 2784 1164 et
2810 1116 3061 1177 corporis,
3093 1128 3207 1165 eum
3242 1114 3347 1163 cito

1819 1203 2154 1270 descendere,
2206 1214 2357 1269 atque
2385 1203 2449 1255 ad
2492 1202 2893 1256 benedicendam
2944 1204 3151 1256 domum
3199 1217 3346 1255 suam

1823 1292 2126 1356 precabatur
2154 1292 2368 1359 ingredi,
2394 1278 2741 1358 devotumque
2763 1293 2836 1345 iUi
2859 1292 3191 1344 ministerium
3220 1308 3350 1359 pra!-

1824 1379 1968 1440 beus,
2016 1381 2299 1432 testabatur
2343 1381 2508 1446 palam
2550 1381 2810 1447 quomodo
2857 1379 2918 1431 ad
2965 1383 3180 1446 primum
3222 1381 3351 1434 freni

1826 1474 2036 1530 tactum,
2065 1468 2205 1519 omni
2250 1482 2307 1521 se
2349 1468 2580 1522 molestia
2624 1471 2805 1537 prTscrc
2836 1470 3117 1522 vexationis
3146 1471 3354 1523 abSulu-

1828 1560 1930 1605 tam
1960 1538 2224 1607 sensisset.

1884 1665 2031 1719 CAP.
2061 1666 2192 1720 XVI.
2236 1666 2455 1731 Qualiter
2482 1668 2533 1720 in
2565 1669 2956 1735 Lindisfarnensi
2980 1672 3276 1723 monasterio

2321 1737 2494 1788 vixerit
2518 1738 2591 1789 uel
2617 1738 2860 1791 docuerit.

1899 1819 2026 1874 Cum
2062 1836 2187 1889 ergo
2228 1824 2534 1877 venerabilis
2575 1825 2775 1878 Domini
2818 1825 3039 1880 famulus
3086 1831 3272 1880 multus
3304 1830 3353 1881 in

1834 1911 2154 1964 Mailrosensi
2206 1913 2523 1965 monasterio
2566 1914 2758 1981 degens
2786 1928 2947 1967 annos
2986 1918 3161 1968 multis
3192 1918 3357 1970 virtu-

1834 2007 1938 2049 tum
1982 1996 2285 2064 spiritalium
2332 1999 2639 2052 claresceret
2667 2000 2846 2066 signis,
2871 2010 2894 2038 ⁸
2928 2004 3181 2055 transtulit
3227 2020 3351 2057 eum

1834 2086 2287 2140 reverentissimus
2326 2087 2485 2140 abbas
2533 2088 2691 2156 ipsius
2735 2088 2860 2142 Eata
2905 2088 2955 2143 in
2987 2094 3349 2146 mOuasterium

1831 2176 1966 2243 quo!
1998 2176 2048 2227 in
2082 2175 2582 2230 Lindisfarnensium
2627 2178 2788 2231 insula
2836 2178 2991 2231 situm
3035 2189 3150 2244 est,
3194 2192 3244 2233 tit
3284 2182 3353 2235 ibi

1829 2278 2036 2332 quoque
2065 2261 2089 2299 δ
2123 2266 2354 2332 regulam
2407 2267 2723 2319 monachica:
2755 2266 3080 2333 perfectionis
3101 2308 3117 2333 ,
3147 2281 3196 2323 et
3225 2287 3356 2338 prm-

1833 2352 1985 2418 positi
2010 2354 2317 2404 auctoritate
2338 2352 2582 2415 doceret,
2610 2362 2663 2405 et
2689 2355 2930 2421 exemplo
2956 2356 3156 2409 virtutis
3183 2371 3356 2412 θείειν.

1829 2441 2011 2506 deret;
2045 2453 2066 2480 ε
2109 2456 2225 2494 nam
2258 2450 2310 2493 et
2351 2441 2515 2506 ipsum
2549 2441 2715 2493 locum
2763 2450 2884 2494 tunc
2934 2442 3066 2493 idem
3115 2458 3359 2496 reveren-

1832 2532 2060 2585 tissimus
2088 2542 2233 2600 pater
2278 2530 2480 2582 abbatis
2523 2529 2643 2598 jure
2687 2532 2917 2597 regebat.
2965 2532 3142 2598 Neque
3166 2534 3351 2599 aliquis

1830 2622 2065 2682 miretur,
2106 2620 2241 2688 quod
2290 2622 2340 2673 in
2383 2620 2564 2673 eadem
2612 2620 2777 2672 insula
2807 2620 3182 2682 Lindisfarnea.
3231 2641 3347 2677 rum

1830 2708 2129 2778 permodica
2165 2709 2254 2769 sit,
2276 2706 2330 2762 et
2355 2722 2509 2775 supra
2539 2709 2799 2774 episcopi,
2828 2718 2891 2773 et
2909 2724 3044 2762 nunc
3068 2711 3267 2765 abbatis
3291 2728 3351 2767 ac

1831 2798 2201 2851 monachorum
2249 2812 2367 2850 esse
2412 2798 2579 2850 locum
2628 2798 2944 2861 dixerimus;
2992 2814 3169 2853 revera
3214 2804 3351 2855 enim

1831 2878 1900 2937 ita
1931 2894 2031 2938 est.
2072 2885 2302 2950 Namque
2344 2900 2443 2937 una
2488 2884 2772 2951 eademque
2792 2900 3057 2949 servorum
3089 2888 3178 2941 Dei
3211 2890 3354 2942 habi-

1832 2976 1956 3027 tatio
1988 2984 2234 3043 utrosque
2254 2976 2414 3028 simul
2440 2984 2579 3029 tenet
2596 3014 2610 3038 ,
2639 2977 2741 3028 imo
2761 2991 2942 3028 omnes
2965 2982 3241 3032 monachos
3272 2990 3350 3034 te-

1836 3071 1943 3115 net.
1983 3065 2147 3117 Aidan
2176 3064 2365 3131 quippe
2392 3064 2477 3131 qui
2526 3065 2720 3130 primus
2759 3064 2990 3130 ejusdem
3023 3066 3116 3118 loci
3144 3068 3348 3133 episco-

185 3155 411 3207 statioue
438 3162 755 3219 premeretur
774 3152 961 3219 conjux
992 3167 1085 3219 pro
1108 3167 1209 3220 qua
1244 3153 1585 3220 supplicabat.
1626 3155 1728 3208 Re-
1754 3197 1798 3253 Ε
1831 3170 1925 3220 pus
1966 3153 2093 3219 fuit,
2139 3156 2421 3207 monachus
2465 3164 2575 3218 erat
2619 3163 2671 3207 et
2712 3156 3064 3208 monachicam
3096 3170 3211 3210 cum
3242 3158 3352 3213 suis

186 3257 469 3309 versusque
505 3242 567 3294 ad
614 3256 772 3296 eum:
809 3260 828 3293 ι
865 3243 997 3305 Non,
1029 3241 1212 3309 inquit,
1242 3242 1264 3273 ³
1293 3243 1450 3296 alium
1501 3246 1725 3310 mittere,

184 3335 277 3386 sed
312 3334 423 3401 ipse
452 3334 514 3386 ad
543 3333 846 3386 visitandam
885 3348 997 3386 eam
1029 3342 1197 3387 tecum
1228 3349 1442 3403 pergvre
1466 3336 1653 3389 debeo.
1691 3356 1712 3393 ι

184 3422 419 3489 Cumque
465 3429 676 3489 agerent
700 3422 816 3485 iter,
864 3420 1024 3485 coepit
1066 3420 1192 3474 flere
1230 3422 1384 3475 homo
1411 3429 1462 3474 et
1490 3422 1722 3475 dolorem

184 3510 362 3562 cordis
389 3507 760 3576 proﬂuentibus
808 3509 857 3560 in
900 3508 1161 3561 maxillam
1192 3508 1432 3577 lacrymis
1457 3510 1719 3577 prodere;

187 3598 405 3652 timebat
434 3602 570 3667 enim
602 3614 666 3651 ne
706 3613 823 3651 cum
869 3613 984 3649 eam
1031 3597 1404 3651 dmmoni‘osam
1450 3597 1724 3663 inveniret,

184 3686 427 3739 arbitrari
474 3689 743 3753 inciperet,
787 3686 906 3754 quia
949 3702 1049 3739 non
1099 3686 1293 3754 integra
1350 3686 1585 3750 Domino,
1634 3687 1727 3740 sed

188 3781 307 3828 ticta
340 3775 441 3828 lide
467 3778 737 3847 servisset.
763 3776 924 3840 Quem
957 3776 1036 3827 vir
1066 3774 1267 3827 Domitii
1315 3775 1502 3828 blande
1543 3790 1729 3829 conso-

190 3868 369 3918 latus:
406 3884 423 3915 ι
460 3865 591 3931 Noli,
627 3865 809 3931 inquit,
842 3864 1066 3929 plorare,
1115 3866 1258 3929 quasi
1310 3865 1603 3917 inventurus
1629 3867 1726 3918 sim

192 3955 466 4022 conjugem
500 3967 635 4007 tuam
663 3954 867 4022 qualem
899 3968 1001 4006 non
1043 3954 1218 4006 velim.
1246 3952 1367 4007 Scio
1409 3954 1546 4007 enim
1595 3955 1725 4022 ipse,

187 4046 421 4110 quamvis
456 4056 506 4096 te
542 4044 717 4096 dicere
749 4043 959 4111 pudeat,
1006 4042 1129 4109 quia
1173 4042 1429 4095 dzemouio
1480 4053 1727 4107 vexatur;

188 4132 298 4185 scio
320 4134 473 4185 etiam
498 4133 614 4199 quia
653 4132 952 4198 priusquam
1003 4130 1093 4182 illo
1145 4129 1530 4197 pervenerimus
1558 4130 1730 4197 fugato

186 4222 449 4274 damouio
494 4220 814 4285 liberabitur,
866 4233 924 4271 ac
974 4218 1123 4271 nobis
1172 4219 1567 4272 advenientibus
1611 4235 1727 4273 Cum

188 4310 379 4379 gaudio
405 4323 702 4371 occurrens,
736 4308 828 4360 has
858 4308 965 4375 ipsa
996 4308 1221 4359 habenas
1249 4309 1521 4359 sanissima
1552 4318 1730 4361 mente

189 4401 435 4467 excipiet,
468 4411 664 4465 nosque
714 4398 906 4451 intrare
943 4399 1097 4450 citius
1144 4396 1448 4461 obsecrans,
1496 4397 1728 4451 ministe-

1829 3245 2070 3295 omnibus
2116 3245 2270 3296 vitam
2320 3258 2524 3311 semper
2562 3258 2714 3311 agere
2743 3244 2960 3297 solebat.
3003 3245 3146 3299 Unde
3177 3248 3351 3300 abillo

1826 3345 2010 3383 omnes
2050 3330 2146 3383 loci
2192 3331 2352 3396 ipsius
2399 3332 2654 3385 antistites
2679 3348 2838 3395 usque
2867 3334 3018 3387 hodie
3052 3335 3125 3388 sic
3148 3337 3352 3405 episco-

1829 3420 1943 3485 pale
2002 3427 2247 3472 exercent
2290 3418 2556 3482 oll'tcium,
2616 3427 2672 3470 ut
2724 3431 2934 3489 regente
2979 3426 3350 3477 monasterium

1829 3506 2016 3559 abbate
2064 3522 2213 3572 quem
2255 3505 2351 3571 ipsi
2399 3523 2513 3558 rum
2561 3508 2778 3560 consilio
2826 3511 3041 3562 fratrum
3078 3512 3351 3579 elegerint,

1827 3595 2353 3662 omnespresbyteri,
2391 3594 2618 3658 diaconi,
2645 3608 2898 3661 cantores,
2927 3598 3162 3665 lectores,
3191 3611 3348 3655 crete-

1828 3685 1976 3751 rique
2016 3684 2202 3750 gradus
2252 3683 2587 3736 ecclesiastici
2635 3686 2991 3758 monachicam
3042 3703 3131 3752 per
3175 3689 3348 3742 omnia

1826 3787 1944 3825 cum
1989 3773 2103 3839 ipso
2143 3771 2388 3839 episcOpo
2434 3772 2659 3837 regulam
2692 3782 2916 3825 servent.
2955 3772 3118 3838 Quam
3146 3776 3350 3830 vivendi

1827 3879 2061 3917 normam
2110 3866 2328 3917 multum
2378 3880 2433 3918 se
2477 3866 2692 3935 diligere
2740 3867 2970 3934 probavit
3010 3869 3192 3925 beatus
3221 3887 3348 3939 papa

1829 3952 2129 4019 Gregorius,
2155 3970 2272 4006 cum
2303 3953 2323 3983 δ
2353 3954 2647 4007 sciscitante
2676 3970 2760 4021 per
2791 3956 3038 4010 litterulas
3070 3960 3353 4027 Augustino

1832 4057 1984 4107 quem
2018 4043 2240 4109 primum
2282 4041 2424 4108 genti
2475 4041 2755 4109 Anglorum
2794 4044 3092 4110 epi~copnm
3119 4048 3348 4109 miserat,

1827 4131 2046 4197 qualiter
2087 4126 2317 4196 episcdpi
2365 4143 2482 4182 cum
2525 4128 2631 4181 suis
2683 4112 2883 4182 cicricis
2926 4134 3219 4184 conversari
3261 4136 3355 4186 de-

1838 4222 2010 4280 beant,
2043 4219 2308 4287 respoudit
2341 4218 2475 4270 inter
2500 4218 2596 4270 alia
2625 4234 2636 4268 :
2683 4236 2699 4267 t
2728 4218 2828 4271 Sed
2859 4218 2975 4284 quia
3008 4230 3090 4273 tua
3121 4223 3356 4275 fraterni-

1831 4320 1907 4362 tas
1953 4308 2255 4362 monasterii
2314 4309 2504 4375 regulis
2562 4307 2760 4360 erudita
2810 4324 3045 4362 seorsum
3098 4313 3206 4364 fieri
3255 4330 3352 4366 non

1828 4400 1978 4452 debet
2002 4413 2029 4449 a
2054 4398 2261 4453 clericis
2288 4399 2396 4451 suis
2438 4399 2487 4451 in
2534 4388 2759 4452 Ecclesia
2790 4400 3091 4467 Anglorum,
3120 4418 3238 4470 qua:
3263 4420 3355 4455 att-

190 4492 321 4540 rium
352 4487 485 4553 quod
515 4493 856 4539 consueverat
902 4486 1049 4537 nobis
1076 4484 1261 4539 sedulo
1306 4484 1596 4553 impendet;
1633 4502 1726 4539 ue-
1761 4520 1808 4580 υ
1832 4498 1977 4540 ctore
2008 4488 2115 4541 Deo
2146 4503 2309 4556 nuper
2336 4489 2504 4541 adhuc
2532 4489 2596 4541 ad
2624 4490 2776 4542 fidem
2810 4491 3055 4556 producta
3082 4503 3191 4557 est,
3218 4492 3352 4547 hanc

189 4590 291 4643 que
320 4577 455 4628 enim
488 4577 574 4628 tali
604 4583 860 4628 tormento
901 4574 994 4627 soli
1048 4575 1389 4641 subjiciuntur
1442 4576 1584 4639 mali,
1635 4578 1725 4629 sed

188 4665 393 4717 occulto
443 4664 531 4717 Dei
580 4664 776 4731 judicio
826 4664 1098 4730 aliquoties
1137 4664 1291 4716 etiam
1333 4664 1634 4716 innocentes
1675 4665 1724 4716 in

193 4759 288 4807 hoc
314 4754 505 4806 szeculo
534 4768 634 4804 non
666 4763 860 4805 tantum
888 4766 1105 4818 corpore
1133 4752 1225 4804 sed
1264 4760 1317 4803 et
1360 4763 1532 4803 mente
1558 4753 1724 4817 capti-

189 4854 378 4896 vantur
401 4858 429 4895 a
457 4842 683 4895 diabolo.
720 4859 738 4890 ι
771 4840 1004 4909 Dumque
1034 4840 1144 4893 haec
1172 4852 1222 4894 et
1254 4841 1541 4908 hujusmodi
1571 4842 1723 4895 verba

192 4934 243 4985 in
268 4932 676 4985 consolationem
723 4939 876 4999 atque
914 4931 1257 4984 eruditionem
1285 4932 1421 4983 illius
1452 4941 1723 4994 perorante

1831 4577 1991 4630 debes
2016 4579 2464 4631 conversationem
2497 4578 2788 4639 instituere,
2818 4596 2931 4647 qum
2961 4580 3109 4634 initio
3139 4596 3356 4635 nascen-

1834 4668 1897 4719 tis
1930 4666 2174 4719 Ecclesim
2204 4667 2300 4719 fuit
2349 4668 2578 4734 patribus
2627 4668 2847 4732 nostris,
2882 4669 2932 4720 in
2963 4669 3149 4736 quibus
3181 4672 3354 4725 nullus

1831 4770 2010 4808 eorum
2050 4770 2112 4807 ex
2160 4754 2240 4807 his
2290 4769 2405 4821 quae
2453 4754 2780 4821 possidebant
2826 4755 3017 4821 aliquid
3065 4773 3213 4811 suum
3238 4776 3355 4814 esse

1828 4845 2067 4910 dicebat,
2119 4844 2209 4897 sed
2255 4850 2404 4896 erant
2450 4844 2553 4896 illis
2598 4846 2767 4895 omnia
2794 4847 3109 4899 communia.
3144 4866 3163 4899 ι
3200 4849 3356 4914 Igitur

1822 4937 1894 4987 ad
1927 4934 2398 4987 Lindisfarnensem
2421 4933 2719 4997 ecclesiam,
2747 4935 2854 4988 sive
2880 4938 3242 4991 monasterium
3277 4941 3354 4993 vir
3387 4998 3394 5004 ,

1120 5019 1581 5077 VULGATORUM
1625 5020 2003 5079 VARIANTES
2042 5022 2425 5077 LECTIONES.

259 5112 275 5143 '
306 5108 688 5165 Committmdo.

265 5180 286 5208 ¹
304 5181 343 5232 Α
362 5182 601 5232 dwmone.

1889 5113 1910 5144 ⁸
1938 5114 2119 5171 Alium,
2144 5113 2248 5163 sed.

1898 5181 1918 5211 "
1957 5182 2266 5234 Sciscitanti.

1464 5268 1811 5325 VAIHORUM
1849 5270 2071 5324 NOTAE.

266 5361 291 5388 ⁸
322 5360 621 5412 Transtulit.
650 5359 779 5412 Sim.
812 5359 942 5417 Duo.
964 5400 977 5420 ,
1010 5374 1045 5423 ι,
1084 5358 1135 5423 6,
1169 5360 1300 5411 hanc
1330 5360 1716 5411 translationem

198 5432 382 5483 factam
431 5432 617 5489 asserit
655 5442 792 5479 anno
830 5426 1022 5479 Christi
1052 5429 1175 5490 (itii,
1202 5442 1320 5480 cum
1349 5437 1559 5479 sanctus
1583 5428 1721 5479 Cud-

194 5502 399 5553 berctus
430 5498 482 5548 in
513 5497 830 5547 monachica:
860 5496 981 5546 vitae
1011 5498 1327 5559 perfectione
1357 5510 1548 5547 annum
1571 5495 1713 5548 deci-

196 5581 333 5622 mum
359 5575 598 5633 quartum
625 5573 822 5634 ageret.
856 5565 1042 5616 Smrn.

263 5635 286 5675 ιι
332 5632 590 5703 Regulum.
621 5632 783 5696 Quam
815 5634 1041 5703 regulam
1072 5633 1263 5686 diserte
1308 5632 1544 5703 exprimit
1581 5634 1720 5703 Ano-

197 5700 478 5772 nymusﬂu
529 5700 617 5772 lib.
652 5716 706 5752 III
747 5717 757 5751 :
793 5718 811 5750 t
850 5701 1283 5772 Viveusquoque
1330 5702 1397 5751 ibi
1429 5701 1709 5772 scentulum

184 5768 426 5825 sanctam
448 5770 789 5837 Scripturam,
808 5769 1255 5837 contetnplativam
1273 5773 1424 5822 vitam
1454 5772 1503 5822 in
1524 5768 1709 5822 actuali

46 6346 167 6362 -ι-
184 6346 263 6357 ειν
298 6354 309 6362 .

1822 5376 1987 5423 agetis
2006 5402 2020 5421 .
2062 5371 2114 5413 et
2141 5362 2291 5413 nobis
2322 5360 2608 5427 regularem
2643 5362 2795 5414 vitam
2825 5378 3137 5428 componens
3164 5370 3351 5422 consti-

1823 5430 1938 5490 tuit,
1972 5445 2122 5495 quam
2152 5445 2314 5497 usque
2339 5430 2490 5481 hodie
2514 5443 2633 5481 cum
2679 5434 2846 5491 regula
2882 5433 3139 5486 Benedicti
3171 5440 3351 5493 obser-

1820 5513 2017 5618 K'amus.
2054 5515 2073 5548 ι
2129 5499 2247 5550 Haec
2297 5498 2581 5550 monachus
2637 5499 3067 5554 Lindisfarnensis
3114 5517 3343 5563 coaavus.

1875 5582 2038 5618 aBlLL.

1875 5582 2038 5618 ΑΒΗΔ...

1820 5703 1857 5757 S
1893 5646 1913 5669 ο
1960 5634 2092 5686 Nam
2135 5645 2179 5686 et
2226 5635 2404 5701 ipsum.
2449 5634 2587 5688 ‘V'ide
2635 5635 2745 5689 it;th
2788 5638 3043 5707 exscripta
3091 5640 3139 5692 in
3169 5642 3349 5704 tv,27.

1862 5718 2007 5756 amt.

1862 5718 2007 5756 SHT".
