3862 6318
586 336 694 392 755

3432 2 3823 351 ’Ἴ

1310 345 1504 400 esum
1549 348 1984 409 VENEBABILIS
2019 352 2165 408 opp.
2209 354 2379 411 mus
2415 357 2503 412 tv.
2539 329 2609 399 ἓ-
2645 359 3013 419 lllSTORlCA.
3666 374 3746 429 τῖλε

591 444 794 497 homini
825 445 1105 501 adveniens
1159 464 1275 502 mox
1319 452 1546 505 instituta
1597 458 1898 511 monachica
1951 459 2128 512 fratri-
2156 460 2203 519 Α
2234 463 2405 516 dinem
2436 464 2535 518 sibi
2566 468 2865 532 psalmodiam
2892 485 2952 524 ac
2982 470 3276 540 vigiliarum
3317 473 3610 531 incedendo
3636 481 3746 532 Ilie-

590 532 685 584 lius
729 532 952 585 vivendo
1008 538 1201 601 pariter
1240 549 1289 591 et
1326 541 1564 595 docendo
1618 544 1871 599 tradebat.
1931 547 2034 599 Sed
2074 556 2127 599 et

587 624 987 691 circumquaque
1036 639 1324 680 morantem
1372 632 1508 697 vulgi
1561 632 1961 699 multitudinem,
2016 651 2126 689 mo-

591 728 646 763 re
689 726 797 764 'suu
826 716 1005 766 crebra
1039 715 1338 769 visitatione
1386 721 1447 770 ad
1492 723 1720 773 ctelestia
1768 723 2042 790 qnmrenda
2074 733 2128 776 et

589 801 929 865 promerenda
964 805 1333 857 succendebat.
1373 805 1481 859 Nec
1511 823 1613 859 non
1643 812 1799 861 etiam
1827 811 1994 877 signis
2014 812 2124 863 cla-

591 891 695 940 iior
718 890 954 954 efl'ectus,
986 892 1238 956 plurimos
1262 895 1417 948 variis
1447 895 1780 965 languoribus
1809 907 1863 951 et
1893 909 2124 954 tormen-

589 980 654 1029 tis
682 978 1094 1045 comprehensos
1136 983 1431 1036 orationum
1476 985 1719 1038 instantia
1751 989 1934 1053 prisca:
1978 990 2123 1041 saui-

588 1067 679 1117 iati
712 1068 964 1131 restituit;
1014 1072 1291 1124 nonnullos
1338 1074 1402 1124 ab
1433 1073 1817 1127 immundornm
1849 1078 2122 1144 spirituum

586 1160 884 1223 vexatione,
919 1162 934 1190 ¹
966 1178 1069 1213 non
1093 1164 1262 1217 solum
1298 1180 1528 1231 praesens
1578 1170 1856 1235 tangendo,
1904 1172 2119 1235 orando,

583 1248 917 1313 imperando,
966 1252 1315 1306 exorcizando
1336 1294 1349 1314 ,
1392 1255 1485 1321 sed
1513 1265 1565 1308 et
1594 1257 1784 1310 absens
1814 1260 1891 1311 vel
1925 1268 2121 1313 tantum

581 1336 801 1401 orando,
835 1339 913 1390 vel
939 1350 1080 1391 certe
1106 1354 1283 1392 eorum
1314 1345 1637 1396 sanationem
1672 1347 2001 1410 praedicendo
2024 1362 2120 1399 cu-

585 1427 752 1488 ravit,
803 1428 850 1477 itt
899 1429 1087 1492 quibus
1129 1439 1243 1482 erat
1282 1439 1333 1483 et
1366 1432 1445 1483 illa
1479 1434 1709 1501 praefecti
1754 1451 1883 1488 uxor
1926 1438 1991 1490 de
2019 1452 2118 1505 qua

580 1516 605 1541 “
632 1528 785 1582 supra
819 1518 1110 1571 retulimus.
1393 1585 1396 1588 Α

649 1606 814 1657 Erant
860 1616 1035 1659 autem
1086 1607 1299 1676 quidam
1347 1610 1397 1662 in
1443 1614 1761 1683 monasterio
1808 1613 1992 1668 fratres
2031 1617 2116 1684 qui

587 1692 773 1758 prisco:
812 1708 921 1745 sua:
970 1698 1367 1760 consuetudini,
1424 1714 1576 1765 quam
1628 1700 1850 1771 regulari
1903 1704 2117 1758 mallent

2238 552 2401 607 vians.
2450 555 2677 623 Denique
2692 575 2909 626 arguere
2931 562 3127 616 solebat
3147 565 3625 631 pusillanimitatem
3654 570 3744 623 fra-

2228 647 2364 690 trum
2415 642 2503 707 qiti
2550 645 2776 711 graviter
2823 648 3054 714 ferrent,
3095 652 3142 702 si
3187 652 3274 716 qui
3302 667 3360 704 se
3389 665 3652 707 nocturna
3679 662 3743 710 vel

2226 728 2535 784 meridianae
2562 733 2751 799 quietis
2781 744 3013 801 tempore
3032 777 3049 801 ,
3081 740 3381 805 importuna
3407 740 3540 796 forte
3563 746 3741 812 inquie-

2227 816 2401 868 tudine
2443 821 2797 875 suscitarent:
2837 843 2863 874 t
2885 825 3070 891 Nemo,
3120 828 3395 897 inquiens,
3439 833 3559 884 mibi
3590 838 3741 888 mole-

2222 904 2375 956 stiam
2415 906 2538 973 facit
2574 923 2657 962 me
2686 913 2961 967 excitando
2982 918 3047 968 de
3072 932 3280 981 somno,
3309 924 3400 973 sed
3436 924 3605 988 potius
3632 925 3739 977 lati-

2223 994 2343 1046 ticat
2382 1010 2466 1048 me
2508 999 2593 1064 qui
2622 1002 2641 1032 ⁵
2670 1004 2993 1069 exsuscitat;
3045 1008 3166 1060 iacit
3204 1011 3344 1063 enim
3393 1027 3479 1065 me
3527 1015 3739 1067 dimisso

2224 1093 2433 1152 torpore
2478 1090 2647 1141 somni
2680 1092 2917 1148 utilitatis
2947 1095 3140 1162 aliquid
3172 1113 3329 1166 agere
3353 1101 3433 1154 vel
3461 1106 3695 1170 cogitare.
3718 1125 3735 1156 ι

2221 1169 2441 1225 Tantum
2490 1185 2659 1229 autem
2709 1182 3095 1247 compunctioni
3138 1196 3249 1239 erat
3288 1187 3496 1241 deditus
3520 1169 3543 1252 ,ί
3560 1200 3737 1244 tantum

2219 1262 2520 1317 cmlestibus
2548 1265 2765 1320 ardebat
2792 1270 3087 1335 desideriis,
3119 1284 3171 1325 ut
3194 1277 3469 1329 missarum
3497 1279 3732 1331 solemnia

2218 1347 2513 1415 celebrans,
2546 1366 2872 1420 nequaquam
2901 1357 3017 1410 sine
3062 1360 3363 1425 profusione
3401 1366 3729 1433 lacrymamn

2221 1434 2439 1503 implere
2485 1450 2659 1504 posset
2703 1442 2953 1497 ofﬁcium.
3014 1444 3115 1500 Sed
3145 1462 3377 1516 congruo
3403 1454 3531 1505 satis
3561 1457 3725 1509 ordine

2215 1524 2339 1578 dum
2364 1528 2622 1592 passionis
2651 1529 2926 1587 dominica
2948 1539 3197 1604 mysteria
3222 1542 3541 1608 celebraret,
3582 1546 3731 1597 imita-

2216 1623 2359 1665 retur
2389 1615 2498 1681 ipse
2524 1620 2660 1684 quod
2692 1630 2887 1687 ageret,
2916 1624 3147 1691 seipsum
3172 1666 3187 1689 ,
3232 1630 3519 1695 videlicet,
3555 1634 3657 1686 Deo
3690 1637 3730 1686 in

2214 1703 2390 1755 cordis
2420 1706 2734 1762 contritione
2761 1712 3069 1776 mactanda,
3098 1715 3191 1768 sed
3212 1726 3267 1769 et
3289 1719 3556 1773 adstantes
3586 1736 3727 1789 popa-

578 1778 945 1846 obtemperare
994 1784 1264 1861 custodite.
1320 1784 1461 1848 Quos
1504 1794 1674 1839 tamen
1707 1788 1796 1842 ille
1823 1790 1843 1818 ²
1874 1791 2110 1844 modesta
2141 1783 2187 1842 Β
2216 1791 2292 1841 los
2314 1804 2518 1845 sursum
2566 1796 2722 1849 corda
2756 1799 2983 1864 habere,
3027 1810 3080 1855 et
3119 1805 3313 1872 gratias
3339 1822 3495 1875 agere
3524 1778 3725 1863 Domino

578 1870 848 1932 patientia:
895 1884 1001 1923 sute
1036 1872 1223 1926 virtute
1251 1876 1526 1939 superabat
1548 1886 1601 1929 et
1626 1878 1928 1944 quotidiano
1964 1891 2117 1935 exer-‘

488 1956 491 1961 ’
577 1958 701 2009 citio
732 1961 975 2023 paulatim
1004 1961 1067 2012 ad
1102 1962 1334 2015 melioris
1362 1963 1610 2030 propositi
1655 1972 1845 2018 statum
1890 1980 2112 2021 conver-

572 2046 731 2122 tebat.
791 2047 1027 2115 Denique
1072 2050 1264 2115 saepius
1308 2051 1359 2103 in
1407 2061 1544 2105 coetu
1593 2054 1805 2105 fratrum
1847 2054 1912 2108 de
1935 2056 2111 2122 regula

578 2116 851 2204 diﬁutans
876 2179 891 2203 ,
937 2154 1053 2191 cum
1085 2142 1351 2195 acerrimis
1376 2137 1842 2197 contratlieentium
1870 2145 2109 2212 fatigare-

579 2237 659 2278 tur
706 2227 943 2295 injuriis,
1004 2230 1318 2297 exsurgebat
1366 2242 1581 2298 repente
1624 2244 1676 2286 et
1732 2236 1920 2301 placito
1967 2236 2107 2288 vultu

578 2323 735 2381 atque
780 2316 953 2368 animo
1000 2318 1270 2384 egrediens
1318 2318 1607 2373 dimittebat
1650 2334 1960 2375 conventum
1987 2361 2003 2386 ,
2046 2338 2108 2377 ac

577 2406 819 2472 sequenti
851 2406 1180 2459 nihilominus
1205 2408 1310 2472 die,
1335 2409 1480 2473 quasi
1506 2410 1577 2462 nil
1600 2410 1909 2477 objectionis
1941 2413 2107 2480 pridie

567 2495 930 2557 sustinuisset,
975 2497 1158 2550 eadem
1197 2513 1312 2563 quae
1336 2498 1475 2565 prius
1501 2502 1691 2553 monita
1717 2501 1917 2555 eisdem
1947 2502 2106 2556 dabat

565 2589 927 2652 auditoribus,
978 2591 1144 2643 donec
1190 2592 1304 2644 illos
1345 2582 1616 2659 paulatim,
1664 2604 1719 2645 ut
1763 2593 2009 2657 diximus,
2035 2597 2100 2647 ad

564 2693 624 2729 en
651 2693 765 2745 qum
794 2678 952 2731 vellet
984 2688 1336 2731 converteret.
1400 2682 1519 2731 Erat
1542 2696 1762 2747 namque
1789 2682 1867 2733 vir
1897 2684 2103 2748 patien-

568 2770 655 2816 tia:
686 2766 874 2819 virtute
918 2768 1225 2832 praecipuus,
1276 2777 1430 2834 atque
1461 2770 1524 2819 ad
1568 2769 1873 2835 perferenda
1903 2771 2105 2824 fortiter

563 2855 735 2907 munia
782 2871 898 2923 qnte
946 2857 1022 2909 vel
1073 2856 1248 2909 animo
1294 2857 1374 2911 vel
1418 2858 1623 2925 corpori
1653 2859 1868 2913 adversa
1899 2860 2103 2928 ingere-

565 2942 751 2993 bantur
798 2942 1171 2997 invictissimus
1198 2983 1214 3006 ,
1263 2960 1359 2997 nec
1407 2946 1579 2999 minus
1624 2948 1761 3000 inter
1789 2948 1952 3001 tristia
1982 2962 2099 3017 qua:

562 3028 900 3097 contigissent
949 3030 1131 3083 faciem
1164 3033 1491 3098 pratendens
1525 3034 1741 3087 hilarem
1766 3074 1778 3094 .
1822 3035 1890 3087 ita
1921 3047 1977 3088 ut
2003 3050 2097 3102 pa-

562 3124 661 3169 iam
691 3119 904 3171 daretur
946 3120 1209 3183 intelligi,
1256 3121 1375 3186 quia
1430 3122 1631 3175 interna
1676 3122 1890 3189 spiritus
1929 3108 2093 3177 sancti

557 3208 918 3261 consolatione
946 3223 1213 3275 pressuras
1238 3218 1595 3263 contemneret
1616 3210 1635 3239 ⁸
1660 3211 2003 3266 extrinsecas.

627 3298 726 3351 Sed
755 3311 802 3351 et
835 3290 1117 3367 vigiliarum
1149 3306 1304 3364 atque
1343 3300 1594 3353 orationis
1622 3299 1642 3329 ⁸
1669 3301 1802 3355 adeo
1825 3301 2091 3356 studiosus

560 3386 852 3451 existebat,
914 3398 967 3439 ut
1013 3387 1286 3455 aliquoties
1338 3398 1444 3441 tres
1484 3391 1592 3442 sive
1646 3400 1866 3457 quatuor
1913 3403 2091 3446 noctes

553 3478 822 3528 continuas
860 3476 1075 3543 pervigil
1126 3480 1443 3544 transegisse
1468 3479 1488 3507 "
1516 3479 1783 3542 credatur,
1828 3494 1945 3532 cum
1997 3496 2089 3546 per

556 3579 753 3618 tantum
784 3568 1033 3632 temporis
1073 3580 1242 3634 neque
1286 3567 1349 3619 ad
1398 3568 1587 3621 lectum
1612 3568 1632 3597 θ
1655 3569 1917 3636 proprium
1948 3574 2091 3625 veni-

552 3666 651 3716 iet,
678 3670 843 3724 neque
872 3666 1015 3708 extra
1036 3656 1395 3708 dormitorium
1428 3654 1641 3708 fratrum
1670 3658 1838 3710 locum
1865 3659 2089 3725 aliquem

554 3752 602 3799 in
633 3762 735 3813 quo
782 3760 999 3812 pausare
1030 3754 1202 3812 posset
1230 3747 1463 3799 haberet.
1521 3746 1642 3800 Sive
1683 3747 1819 3800 enim
1858 3750 1983 3802 locis
2006 3765 2083 3803 sc-

548 3836 857 3888 cretioribus
902 3835 1044 3887 solus
1082 3836 1302 3887 orationi
1337 3835 1550 3889 vacabat
1574 3876 1588 3899 ,
1639 3838 1749 3891 sive
1776 3839 1914 3891 inter
1944 3842 2086 3906 psal~

553 3920 1151 3987 lendum'operabatur
1195 3922 1387 3989 aliquid
1455 3922 1733 3985 manibus,
1794 3933 2086 3994 torporem-

548 4024 648 4075 que
680 4011 701 4041 ⁸
730 4010 1046 4063 dormitandi
1095 4010 1379 4065 laborando
1424 4013 1767 4079 prepellebat,
1818 4030 1912 4070 seu
1940 4028 2085 4073 certe

548 4099 799 4153 circuibat
829 4102 1047 4153 insulam
1074 4140 1090 4164 ,
1144 4103 1405 4169 quomodo
1426 4116 1483 4157 se
1512 4102 1713 4170 singula
1746 4121 1965 4174 qumque
1992 4110 2081 4159 ba-

551 4193 732 4243 berent
760 4191 869 4255 pius
886 4191 1191 4256 explorator
1223 4191 1486 4257 inquirens
1510 4230 1525 4251 ,
1557 4192 1746 4256 pariter
1771 4204 1823 4245 et
1853 4196 2081 4263 longitu-

2210 1879 2318 1931 Deo
2368 1890 2570 1947 nostro,
2618 1886 2782 1951 magis
2812 1887 2922 1953 ipse
2945 1902 3037 1941 cor
3061 1904 3213 1957 quam
3237 1907 3417 1946 vocem
3443 1898 3724 1950 exaltandtn

2212 1970 2383 2033 potius
2409 1972 2677 2037 gemendo
2705 1987 2858 2039 quam
2886 1980 3120 2031 canendo
3143 1980 3466 2034 admoneret.
3494 1984 3614 2036 Erat
3631 1988 3726 2039 zelo

2205 2056 2418 2123 iustitiae
2461 2058 2691 2114 fervidus
2715 2062 2779 2115 ad
2806 2067 3127 2131 argnendum
3160 2081 3453 2134 peccantes,
3500 2082 3611 2123 erat
3634 2075 3722 2138 spi-

2208 2145 2311 2196 ritu
2347 2149 2761 2203 mansuetudinis
2790 2156 3053 2205 modestus
3082 2155 3145 2207 ad
3176 2159 3543 2223 ignoscendum
3575 2162 3719 2224 [lieni-

2208 2234 2472 2299 tentibus,
2524 2238 2591 2288 ita
2639 2246 2696 2288 ut
2737 2253 2839 2291 non
2889 2257 3151 2306 nunquam
3179 2242 3206 2279 δ
3240 2247 3606 2301 conﬁtentibus
3640 2252 3722 2301 sibi

2208 2332 2415 2388 peccata
2459 2337 2548 2376 sua
2597 2325 2682 2377 bis
2720 2327 2809 2394 qui
2850 2328 3223 2395 deliquerant,
3267 2335 3405 2399 prior
3451 2337 3564 2402 ipse
3590 2342 3721 2389 mise-

2206 2424 2329 2461 rans
2362 2410 2618 2475 infirmos,
2651 2414 2909 2484 lacrytnas
2934 2417 3203 2481 funderet.
3248 2430 3300 2473 et
3327 2425 3446 2489 quid
3479 2429 3722 2492 pecratori

2204 2500 2460 2565 agendum
2489 2513 2631 2555 esset
2656 2503 2767 2570 ipse
2793 2504 2967 2572 justus
2990 2521 3088 2560 suo
3113 2523 3534 2575 praemonstraret
3560 2528 3716 2566 exeni-

2205 2592 2310 2656 plo.
2370 2596 2433 2603 Α

2280 2676 2616 2732 Vestimentis
2639 2682 2878 2735 utebatur
2903 2686 3263 2739 communibus
3282 2728 3297 2751 ,
3341 2687 3409 2739 ita
3438 2696 3719 2757 temperan-

2207 2772 2286 2817 ter
2314 2779 2496 2835 agens,
2528 2778 2583 2820 ut
2611 2770 2795 2822 borum
2823 2785 2990 2839 neque
3014 2775 3281 2826 munditiis
3309 2789 3472 2841 neque
3492 2779 3718 2830 sordibus

2201 2865 2344 2909 esset
2378 2857 2646 2911 notabilis.
2692 2859 2836 2913 Unde
2868 2877 3031 2929 usque
3076 2865 3229 2917 hodie
3259 2866 3309 2915 in
3338 2868 3519 2919 eodem
3554 2882 3717 2919 mona-

2200 2944 2363 2996 sterio
2411 2946 2653 3012 exemplo
2694 2949 2808 3013 ejus
2851 2950 3179 3015 observatur,
3225 2967 3292 3006 ne
3336 2956 3453 3019 quis
3495 2957 3717 3009 variiaut

2202 3033 2415 3098 pretiosi
2448 3034 2642 3088 coloris
2674 3035 2861 3090 habeat
2889 3039 3269 3106 indumentum,
3297 3044 3387 3094 sed
3416 3056 3476 3094 ea
3511 3045 3717 3095 inuitus

2124 3104 2173 3167 Ο
2203 3121 2426 3175 vestium
2454 3124 2629 3191 specie
2653 3126 2759 3178 sint
2786 3128 3037 3189 cuntenti,
3086 3143 3239 3196 quam
3265 3131 3511 3182 naturalis
3557 3132 3712 3183 oviull

2200 3209 2315 3262 lana
2340 3211 2622 3267 ministrat.
2662 3213 2753 3266 His
2787 3224 2841 3267 et
2872 3215 3166 3283 bujusmodi
3217 3218 3535 3286 spiritalibus
3575 3234 3710 3273 eser-

2198 3300 2337 3351 citiis
2362 3299 2442 3351 vir
2469 3286 2781 3353 venerabilis
2808 3343 2823 3365 ,
2868 3314 2918 3356 et
2951 3310 3203 3357 bonorum
3231 3321 3556 3373 quorumque
3586 3311 3643 3359 ad
3667 3321 3714 3359 se

2199 3386 2503 3440 imitandum
2534 3392 2844 3454 provocabat
2872 3389 3134 3454 affectum,
3162 3402 3217 3444 et
3240 3394 3502 3459 improbos
3523 3408 3710 3460 quoque

2196 3491 2258 3529 ac
2286 3478 2504 3531 rebelles
2532 3477 2652 3531 vita:
2700 3479 2742 3509 '°
2770 3484 3018 3547 regularis
3044 3498 3070 3532 a
3102 3484 3385 3549 pertinacia
3414 3488 3492 3536 sui
3519 3490 3711 3538 τεθοω-

2196 3566 2283 3617 bat
2310 3569 2525 3619 erroris.

2191 3671 2337 3726 CAP.
2362 3672 2518 3727 XVII.
2545 3683 2583 3713 ιι
2609 3674 2812 3738 Qualem
2834 3676 2926 3727 sibi
2952 3676 3001 3728 iu
3028 3677 3194 3729 insula
3223 3676 3405 3731 Parua:
3432 3680 3584 3745 pulsis
3621 3684 3711 3731 dc-

2538 3747 2761 3797 monibus
2791 3746 3140 3797 habitationem
3169 3750 3360 3813 fecerit.

2263 3836 2338 3886 Ac
2364 3844 2634 3902 postquam
2661 3838 2709 3887 in
2730 3837 2913 3888 eodem
2944 3837 3261 3889 monasterio
3286 3837 3447 3888 multa
3473 3852 3708 3890 annnrnni

2187 3925 2446 3977 curricula
2479 3937 2499 3963 ε
2529 3924 2778 3991 explevit,
2809 3924 3015 3977 tandem
3048 3924 3133 3978 diu
3160 3927 3460 3989 concupita,
3488 3929 3704 3993 qua-sita,

2188 4028 2249 4067 ac
2277 4012 2434 4080 petita
2461 4013 2752 4065 solitudinis
2772 4024 2997 4075 secreta,
3024 4014 3309 4067 comitante
3338 4012 3539 4081 μη)ῐωί
3558 4015 3703 4066 abba-

2187 4107 2256 4157 tis
2284 4107 2363 4157 sui
2391 4104 2545 4157 simul
2581 4114 2635 4158 et
2672 4103 2887 4156 fratrum
2915 4103 3099 4173 gratia,
3150 4105 3371 4156 multum
3402 4104 3707 4157 laetabundus

2186 4196 2330 4247 adiit.
2375 4194 2647 4246 Gaudebat
2690 4208 2914 4260 namque
2955 4177 3077 4263 quia
3118 4194 3186 4247 de
3228 4197 3378 4263 longa
3406 4194 3705 4263 perfectione

1471 4280 1923 4336 VULGATORUM
1975 4285 2351 4338 VAlilAN'I‘ES
2392 4281 2788 4350 LEC'I'IONES.

622 4369 633 4396 ¹
676 4366 793 4419 Non
817 4366 978 4419 solum
1000 4383 1213 4435 prtrsens
1238 4367 1448 4433 orando,
1478 4370 1550 4420 vel
1576 4382 1724 4421 certe.

618 4440 635 4465 ‘
676 4438 719 4485 Μ
732 4438 937 4489 odestiu.

620 4506 638 4532 ³
680 4505 1017 4557 Extriuserus.

620 4575 639 4600 ’⁵
678 4575 753 4625 Ittt
792 4574 1060 4625 sludiostts.

620 4647 637 4667 "
675 4642 995 4693 Credclmmr.

615 4712 637 4741 ⁸
677 4711 965 4777 l’rOprtum,
998 4728 1171 4780 neque.

2237 4375 2258 4404 "
2300 4374 2613 4439 “parabatur
2636 4373 2882 4423 manibus.

2238 4453 2257 4479 ⁸
2302 4444 2610 4493 Dormienui.
3440 4458 3467 4476 ‘

2240 4524 2259 4551 ο
2298 4510 2515 4562 Excitat.

2241 4582 2283 4616 ι’
2324 4581 2573 4646 licgulari.

2242 4651 2279 4678 “
2323 4650 2545 4710 Qualiter
2570 4647 2682 4698 sibi.

1788 4834 1792 4838 .
1819 4780 2161 4837 νΑιιιυιιυΜ
2202 4777 2425 4832 NOTAE.

618 4876 641 4938 ξ’
680 4874 862 4937 Supra.
897 4874 1076 4938 Capite
1111 4872 1452 4937 pr;v:cedente.
1483 4872 1668 4925 Sutru.
1956 4926 1961 4931 ,

618 4936 643 4973 δ
676 4936 1025 4995 Loiil'essionis
1064 4936 1221 5003 utque
1297 4943 1689 4993 Sacranientalis
1752 4942 2066 4993 mentionem

548 5014 778 5079 pluribus
809 5014 856 5062 in
885 5011 1009 5061 locis
1033 5010 1152 5061 facit
1186 5009 1341 5079 Beda,
1375 5011 1614 5079 nimirum
1644 5010 1691 5060 in
1712 5010 1853 5079 VHISl.
1880 5011 1973 5062 lib.
2000 5025 2071 5075 tv,

546 5076 659 5147 έηιιιι.
684 5078 774 5144 ‘25,
808 5089 859 5131 ct
892 5080 979 5131 lib.
1013 5094 1061 5141 v,
1091 5093 1206 5144 cap.
1233 5076 1297 5130 15
1323 5087 1383 5147 et_
1406 5076 1494 5147 14,
1522 5087 1575 5129 ct
1597 5078 1645 5147 in
1675 5078 1787 5144 ejus
1811 5079 1961 5131 dictis
1993 5094 2077 5131 re-

546 5143 662 5204 latis
693 5151 741 5201 in
770 5149 930 5199 Cone.
963 5143 1165 5215 regul.,
1192 5160 1307 5212 cap.
1354 5143 1495 5213 56,'§
1523 5148 1574 5199 6.
1608 5143 1742 5213 Lege
1765 5162 1880 5213 cap.
1908 5147 1959 5211 9,
1990 5163 2077 5199 su-

567 5237 657 5272 n‘a.
682 5220 905 5271 Manum.

548 5240 941 5348 "'1'322'122}.
972 5283 1165 5341 Nempe
1186 5296 1351 5335 annos
1395 5281 1670 5350 duodecim
1698 5299 1710 5345 ;
1742 5293 1938 5335 secreta
1973 5282 2068 5350 igi-

544 5370 629 5412 tur
673 5356 967 5408 Solitudinis
1027 5352 1172 5418 petiit
1216 5368 1301 5403 an.
1350 5350 1453 5404 676
1486 5349 1652 5419 (Flor.
1698 5351 1881 5420 .Wig.;
1939 5349 2069 5403 Sim.

551 5431 681 5477 Utlﬂ.
710 5464 724 5487 ,
772 5441 807 5479 t.
850 5423 913 5485 7;
951 5423 1085 5473 Eccl.
1142 5420 1272 5471 Hist.
1316 5435 1387 5479 iv,
1426 5420 1537 5487 Ξδ).
1583 5421 2072 5485 Suum—Nempe

545 5510 711 5546 annus
756 5494 1048 5551 duodecim,
1081 5490 1162 5541 sic
1198 5491 1333 5541 enim
1374 5489 1657 5557 Turgottus
1703 5493 1751 5539 in
1807 5491 1937 5541 llist.
1972 5489 2073 5557 Du-

547 5566 731 5621 neltn.,
760 5563 845 5612 lib.
880 5576 916 5622 t,
946 5574 1061 5623 cap.
1092 5561 1118 5609 7
1170 5574 1181 5609 :
1236 5575 1253 5606 t
1284 5561 1431 5611 Anno
1469 5556 1534 5609 ab
1584 5559 1685 5609 Inc.
1717 5558 1915 5609 Domini
1947 5556 2068 5617 676,

546 5636 660 5695 qui;
685 5642 763 5681 est
811 5644 973 5681 annus
1006 5627 1203 5692 imperii
1251 5625 1384 5691 regis
1412 5626 1621 5695 _l£gl'ridi
1652 5629 1918 5691 septimus,
1951 5640 2067 5676 cum

552 5693 628 5753 vu'
680 5700 876 5752 Domini
920 5698 1232 5751 Cutlibcrtus
1298 5696 1347 5747 in
1408 5693 1839 5748 Lindisfarnensis
1892 5709 2068 5747 mona-

2107 4920 2110 4925 ,
2173 4869 2317 4921 sterii
2363 4869 2588 4934 priorato
2640 4861 3003 4918 duodecimum
3056 4875 3109 4918 et
3159 4879 3228 4934 eo
3264 4867 3489 4932 amplius
3520 4883 3695 4922 annum

2176 4932 2530 5003 transegisset,
2558 4936 2764 4985 tandem
2786 4935 3065 5003 minitante
3096 4932 3293 4998 praefati
3316 4937 3519 4990 abbatis
3536 4938 3613 4991 sui
3632 4938 3694 4989 si-

2179 5008 2281 5057 mul
2310 5001 2599 5057 et'lratrum
2627 5004 2808 5069 gratia,
2839 5001 3219 5055 anachoretica:
3244 5019 3454 5071 quoque
3478 5014 3694 5058 etinten-

2181 5074 2424 5139 platiOttis
2440 5082 2636 5123 secreta
2663 5072 2864 5123 silentia
2887 5072 3052 5141 petiit.
3076 5088 3093 5120 ι
3126 5072 3256 5124 Hinc
3280 5084 3516 5141 apparet,
3548 5076 3692 5126 bocca

2179 5141 2418 5210 loquendi
2453 5153 2694 5210 genere,
2759 5153 2848 5201 per
2895 5140 3044 5204 longa
3087 5140 3369 5210 annorum;
3406 5140 3689 5202 curricula,

2179 5207 2395 5272 aliisque
2422 5208 2676 5260 similibus
2700 5250 2713 5271 ,
2762 5221 2861 5269 non
2911 5219 3119 5277 semper
3150 5207 3375 5273 exprimi
3400 5211 3688 5277 (utquidau

2182 5279 2481 5346 Opinantur)
2525 5289 2850 5346 numerosam
2892 5276 3174 5346 quarundam
3212 5292 3473 5346 annorum
3518 5276 3688 5331 serie-

2180 5342 2315 5413 apud
2343 5342 2527 5399 mediae
2555 5343 2723 5396 aetatis
2745 5342 3049 5415 scriptores.
3086 5344 3404 5415 GrimlaiCus
3433 5346 3485 5398 in
3515 5346 3687 5415 Hegnh

2175 5411 2395 5478 solitar.,
2428 5429 2548 5479 cap.
2578 5415 2626 5474 l,
2657 5411 2835 5462 scribit
2863 5414 3069 5463 beatum
3098 5412 3375 5466 Amulium
3404 5425 3523 5478 post
3547 5411 3686 5467 multa

2175 5499 2427 5542 annorum
2470 5481 2723 5533 curricula
2762 5480 2815 5530 in
2859 5494 3039 5532 eremo
3070 5492 3253 5533 exacta
3279 5483 3589 5542 decessisse,
3616 5490 3686 5531 ta-

2178 5540 2329 5614 metsi
2361 5548 2606 5603 Aroull'us
2650 5562 2736 5599 vix
2781 5552 3008 5614 integros
3033 5548 3214 5602 decem
3242 5564 3413 5613 annos
3439 5551 3492 5603 in
3515 5540 3684 5604 solitu-

2173 5610 2294 5673 ttine
2336 5618 2488 5671 vixit.
2548 5618 2793 5671 Mittimus
2832 5610 3065 5683 exempla
3112 5618 3163 5670 id
3219 5610 3390 5686 genus
3432 5628 3679 5673 sexcenta.

2175 5691 2387 5741 MABILL.
