  <div class='ocr_page' id='page_1' title='image "/cluster/home/n/w/nwhite01/storage/ocr_20150623/94/uva.x000827077/386.png"; bbox 0 0 3862 6330; ppageno 0'>
   <div class='ocr_carea' id='block_1_1' title="bbox 193 471 311 529">
    <p class='ocr_par' dir='ltr' id='par_1_1' title="bbox 193 471 311 529">
     <span class='ocr_line' id='line_1_1' title="bbox 193 471 311 529; baseline 0 -2"><span class='ocrx_word' id='word_1_1' title='bbox 193 471 311 529; x_wconf 73' lang='grc' dir='ltr'><strong>τὸτ</strong></span> 
     </span>
    </p>
   </div>
   <div class='ocr_carea' id='block_1_2' title="bbox 851 452 2667 523">
    <p class='ocr_par' dir='ltr' id='par_1_2' title="bbox 851 452 2667 523">
     <span class='ocr_line' id='line_1_2' title="bbox 851 452 2667 523; baseline -0.012 0"><span class='ocrx_word' id='word_1_2' title='bbox 851 467 1041 523; x_wconf 81' lang='lat' dir='ltr'><strong>SECT.</strong></span> <span class='ocrx_word' id='word_1_3' title='bbox 1081 465 1121 519; x_wconf 86' lang='lat' dir='ltr'><strong>I.</strong></span> <span class='ocrx_word' id='word_1_4' title='bbox 1160 493 1227 505; x_wconf 89' lang='lat'><strong><em>—</em></strong></span> <span class='ocrx_word' id='word_1_5' title='bbox 1266 456 1822 517; x_wconf 75' lang='lat' dir='ltr'><strong>HAGIOGRAI’IIICA.</strong></span> <span class='ocrx_word' id='word_1_6' title='bbox 1865 483 1929 494; x_wconf 90' lang='lat'><strong>—</strong></span> <span class='ocrx_word' id='word_1_7' title='bbox 1976 454 2129 507; x_wconf 69' lang='lat' dir='ltr'><strong>VITA</strong></span> <span class='ocrx_word' id='word_1_8' title='bbox 2167 454 2223 507; x_wconf 88' lang='lat' dir='ltr'><strong>S.</strong></span> <span class='ocrx_word' id='word_1_9' title='bbox 2266 452 2667 507; x_wconf 78' lang='lat' dir='ltr'><strong>CUTIIBERTI.</strong></span> 
     </span>
    </p>
   </div>
   <div class='ocr_carea' id='block_1_3' title="bbox 3248 440 3353 509">
    <p class='ocr_par' dir='ltr' id='par_1_3' title="bbox 3248 440 3353 509">
     <span class='ocr_line' id='line_1_3' title="bbox 3248 440 3353 509; baseline 0 -12"><span class='ocrx_word' id='word_1_10' title='bbox 3248 440 3353 509; x_wconf 69' lang='grc'><strong>758</strong></span> 
     </span>
    </p>
   </div>
   <div class='ocr_carea' id='block_1_4' title="bbox 197 562 3347 637">
    <p class='ocr_par' dir='ltr' id='par_1_4' title="bbox 197 562 3347 637">
     <span class='ocr_line' id='line_1_4' title="bbox 197 562 3347 637; baseline -0.005 -8"><span class='ocrx_word' id='word_1_11' title='bbox 197 577 622 633; x_wconf 79' lang='lat' dir='ltr'><strong>conversationis</strong></span> <span class='ocrx_word' id='word_1_12' title='bbox 652 575 831 630; x_wconf 67' lang='lat' dir='ltr'><strong>activa:</strong></span> <span class='ocrx_word' id='word_1_13' title='bbox 860 577 923 628; x_wconf 92' lang='lat' dir='ltr'><strong>ad</strong></span> <span class='ocrx_word' id='word_1_14' title='bbox 952 575 1113 629; x_wconf 91' lang='lat' dir='ltr'><strong>otium</strong></span> <span class='ocrx_word' id='word_1_15' title='bbox 1146 572 1331 626; x_wconf 69' lang='lat' dir='ltr'><strong>divina:</strong></span> <span class='ocrx_word' id='word_1_16' title='bbox 1357 565 1729 637; x_wconf 83' lang='lat' dir='ltr'><strong>speculationis</strong></span> <span class='ocrx_word' id='word_1_17' title='bbox 1758 574 1799 626; x_wconf 76' lang='grc' dir='ltr'>Α</span> <span class='ocrx_word' id='word_1_18' title='bbox 1829 572 2059 632; x_wconf 81' lang='lat' dir='ltr'><strong>possent,</strong></span> <span class='ocrx_word' id='word_1_19' title='bbox 2112 577 2206 616; x_wconf 90' lang='lat' dir='ltr'><strong>nec</strong></span> <span class='ocrx_word' id='word_1_20' title='bbox 2231 564 2379 629; x_wconf 87' lang='lat' dir='ltr'><strong>longe</strong></span> <span class='ocrx_word' id='word_1_21' title='bbox 2407 564 2472 615; x_wconf 86' lang='lat' dir='ltr'><strong>ab</strong></span> <span class='ocrx_word' id='word_1_22' title='bbox 2498 578 2557 615; x_wconf 86' lang='lat' dir='ltr'><strong>ea</strong></span> <span class='ocrx_word' id='word_1_23' title='bbox 2586 563 2698 613; x_wconf 77' lang='lat' dir='ltr'><strong>fons</strong></span> <span class='ocrx_word' id='word_1_24' title='bbox 2725 562 3025 614; x_wconf 84' lang='lat' dir='ltr'><strong>eorumdem</strong></span> <span class='ocrx_word' id='word_1_25' title='bbox 3056 565 3230 616; x_wconf 69' lang='lat' dir='ltr'><strong>usibus</strong></span> <span class='ocrx_word' id='word_1_26' title='bbox 3261 579 3347 613; x_wconf 84' lang='lat' dir='ltr'><strong>ac-</strong></span> 
     </span>
    </p>
   </div>
   <div class='ocr_carea' id='block_1_5' title="bbox 197 660 1729 733">
    <p class='ocr_par' dir='ltr' id='par_1_5' title="bbox 197 660 1729 733">
     <span class='ocr_line' id='line_1_5' title="bbox 197 660 1729 733; baseline -0.008 -14"><span class='ocrx_word' id='word_1_27' title='bbox 197 668 310 733; x_wconf 89' lang='lat' dir='ltr'><strong>jam</strong></span> <span class='ocrx_word' id='word_1_28' title='bbox 338 677 625 721; x_wconf 75' lang='lat' dir='ltr'><strong>mereretur</strong></span> <span class='ocrx_word' id='word_1_29' title='bbox 665 666 979 727; x_wconf 82' lang='lat' dir='ltr'><strong>ascendere;</strong></span> <span class='ocrx_word' id='word_1_30' title='bbox 1024 662 1290 715; x_wconf 60' lang='lat' dir='ltr'><strong>laetabatur</strong></span> <span class='ocrx_word' id='word_1_31' title='bbox 1332 660 1395 712; x_wconf 91' lang='lat' dir='ltr'><strong>ad</strong></span> <span class='ocrx_word' id='word_1_32' title='bbox 1440 672 1620 710; x_wconf 91' lang='lat' dir='ltr'><strong>eorum</strong></span> <span class='ocrx_word' id='word_1_33' title='bbox 1671 670 1729 707; x_wconf 88' lang='lat' dir='ltr'><strong>se</strong></span> 
     </span>
    </p>
   </div>
   <div class='ocr_carea' id='block_1_6' title="bbox 202 745 1727 823">
    <p class='ocr_par' dir='ltr' id='par_1_6' title="bbox 202 745 1727 823">
     <span class='ocr_line' id='line_1_6' title="bbox 202 745 1727 823; baseline -0.007 -18"><span class='ocrx_word' id='word_1_34' title='bbox 202 764 403 807; x_wconf 90' lang='lat' dir='ltr'><strong>sortem</strong></span> <span class='ocrx_word' id='word_1_35' title='bbox 452 755 782 823; x_wconf 75' lang='lat' dir='ltr'><strong>pertingere,</strong></span> <span class='ocrx_word' id='word_1_36' title='bbox 830 753 896 805; x_wconf 90' lang='lat' dir='ltr'><strong>de</strong></span> <span class='ocrx_word' id='word_1_37' title='bbox 939 753 1126 819; x_wconf 84' lang='lat' dir='ltr'><strong>quibus</strong></span> <span class='ocrx_word' id='word_1_38' title='bbox 1171 750 1373 803; x_wconf 88' lang='lat' dir='ltr'><strong>canitur</strong></span> <span class='ocrx_word' id='word_1_39' title='bbox 1402 747 1452 800; x_wconf 92' lang='lat' dir='ltr'><strong>in</strong></span> <span class='ocrx_word' id='word_1_40' title='bbox 1486 745 1727 813; x_wconf 87' lang='lat' dir='ltr'><strong>psalmo:</strong></span> 
     </span>
    </p>
   </div>
   <div class='ocr_carea' id='block_1_7' title="bbox 208 835 1729 899">
    <p class='ocr_par' dir='ltr' id='par_1_7' title="bbox 208 835 1729 899">
     <span class='ocr_line' id='line_1_7' title="bbox 208 835 1729 899; baseline -0.008 -6"><span class='ocrx_word' id='word_1_41' title='bbox 208 843 223 870; x_wconf 76' lang='grc' dir='ltr'>ί</span> <span class='ocrx_word' id='word_1_42' title='bbox 251 842 586 894; x_wconf 80' lang='lat' dir='ltr'><strong>Ambulabunt</strong></span> <span class='ocrx_word' id='word_1_43' title='bbox 630 844 793 895; x_wconf 75' lang='lat' dir='ltr'><strong>sancti</strong></span> <span class='ocrx_word' id='word_1_44' title='bbox 832 844 892 894; x_wconf 84' lang='lat' dir='ltr'><strong>de</strong></span> <span class='ocrx_word' id='word_1_45' title='bbox 935 842 1111 893; x_wconf 84' lang='lat' dir='ltr'><strong>virtute</strong></span> <span class='ocrx_word' id='word_1_46' title='bbox 1150 840 1199 890; x_wconf 84' lang='lat' dir='ltr'><strong>in</strong></span> <span class='ocrx_word' id='word_1_47' title='bbox 1221 840 1466 899; x_wconf 82' lang='lat' dir='ltr'><strong>virtutem,</strong></span> <span class='ocrx_word' id='word_1_48' title='bbox 1494 835 1729 887; x_wconf 78' lang='lat' dir='ltr'><strong>videbitur</strong></span> 
     </span>
    </p>
   </div>
   <div class='ocr_carea' id='block_1_8' title="bbox 208 926 1732 997">
    <p class='ocr_par' dir='ltr' id='par_1_8' title="bbox 208 926 1732 997">
     <span class='ocr_line' id='line_1_8' title="bbox 208 926 1732 997; baseline -0.002 -17"><span class='ocrx_word' id='word_1_49' title='bbox 208 926 347 982; x_wconf 76' lang='lat' dir='ltr'><strong>Deus</strong></span> <span class='ocrx_word' id='word_1_50' title='bbox 387 932 589 983; x_wconf 81' lang='lat' dir='ltr'><strong>deorum</strong></span> <span class='ocrx_word' id='word_1_51' title='bbox 631 931 684 983; x_wconf 82' lang='lat' dir='ltr'><strong>in</strong></span> <span class='ocrx_word' id='word_1_52' title='bbox 735 930 881 983; x_wconf 84' lang='lat' dir='ltr'><strong>Sion.</strong></span> <span class='ocrx_word' id='word_1_53' title='bbox 940 931 1005 983; x_wconf 87' lang='lat' dir='ltr'><strong>Et</strong></span> <span class='ocrx_word' id='word_1_54' title='bbox 1056 928 1261 997; x_wconf 87' lang='lat' dir='ltr'><strong>quidem</strong></span> <span class='ocrx_word' id='word_1_55' title='bbox 1305 929 1355 980; x_wconf 91' lang='lat' dir='ltr'><strong>in</strong></span> <span class='ocrx_word' id='word_1_56' title='bbox 1398 926 1575 991; x_wconf 82' lang='lat' dir='ltr'><strong>primis</strong></span> <span class='ocrx_word' id='word_1_57' title='bbox 1617 926 1732 977; x_wconf 63' lang='lat' dir='ltr'><strong>vitae</strong></span> 
     </span>
    </p>
   </div>
   <div class='ocr_carea' id='block_1_9' title="bbox 209 1014 1755 1093">
    <p class='ocr_par' dir='ltr' id='par_1_9' title="bbox 209 1014 1755 1093">
     <span class='ocr_line' id='line_1_9' title="bbox 209 1014 1755 1093; baseline -0.003 -26"><span class='ocrx_word' id='word_1_58' title='bbox 209 1020 463 1071; x_wconf 73' lang='lat' dir='ltr'><strong>solitaria:</strong></span> <span class='ocrx_word' id='word_1_59' title='bbox 493 1019 800 1073; x_wconf 79' lang='lat' dir='ltr'><strong>rudimentis</strong></span> <span class='ocrx_word' id='word_1_60' title='bbox 825 1022 1038 1073; x_wconf 86' lang='lat' dir='ltr'><strong>secessit</strong></span> <span class='ocrx_word' id='word_1_61' title='bbox 1064 1018 1128 1071; x_wconf 85' lang='lat' dir='ltr'><strong>ad</strong></span> <span class='ocrx_word' id='word_1_62' title='bbox 1156 1019 1323 1071; x_wconf 86' lang='lat' dir='ltr'><strong>locum</strong></span> <span class='ocrx_word' id='word_1_63' title='bbox 1345 1015 1615 1083; x_wconf 86' lang='lat' dir='ltr'><strong>quemdam</strong></span> <span class='ocrx_word' id='word_1_64' title='bbox 1646 1014 1755 1093; x_wconf 28' lang='lat' dir='ltr'><strong>qui.</strong></span> 
     </span>
    </p>
   </div>
   <div class='ocr_carea' id='block_1_10' title="bbox 209 1106 1728 1174">
    <p class='ocr_par' dir='ltr' id='par_1_10' title="bbox 209 1106 1728 1174">
     <span class='ocr_line' id='line_1_10' title="bbox 209 1106 1728 1174; baseline -0.001 -17"><span class='ocrx_word' id='word_1_65' title='bbox 209 1106 262 1157; x_wconf 92' lang='lat' dir='ltr'><strong>in</strong></span> <span class='ocrx_word' id='word_1_66' title='bbox 295 1108 637 1161; x_wconf 78' lang='lat' dir='ltr'><strong>exterioribus</strong></span> <span class='ocrx_word' id='word_1_67' title='bbox 666 1108 780 1174; x_wconf 86' lang='lat' dir='ltr'><strong>ejus</strong></span> <span class='ocrx_word' id='word_1_68' title='bbox 800 1107 946 1161; x_wconf 65' lang='lat' dir='ltr'><strong>cellae</strong></span> <span class='ocrx_word' id='word_1_69' title='bbox 973 1106 1200 1173; x_wconf 88' lang='lat' dir='ltr'><strong>partibus</strong></span> <span class='ocrx_word' id='word_1_70' title='bbox 1223 1107 1473 1160; x_wconf 89' lang='lat' dir='ltr'><strong>secretior</strong></span> <span class='ocrx_word' id='word_1_71' title='bbox 1496 1110 1728 1171; x_wconf 84' lang='lat' dir='ltr'><strong>apparet.</strong></span> 
     </span>
    </p>
   </div>
   <div class='ocr_carea' id='block_1_11' title="bbox 210 1192 1735 1261">
    <p class='ocr_par' dir='ltr' id='par_1_11' title="bbox 210 1192 1735 1261">
     <span class='ocr_line' id='line_1_11' title="bbox 210 1192 1735 1261; baseline -0.001 -16"><span class='ocrx_word' id='word_1_72' title='bbox 210 1197 281 1245; x_wconf 80' lang='lat' dir='ltr'><strong>At</strong></span> <span class='ocrx_word' id='word_1_73' title='bbox 309 1208 423 1247; x_wconf 87' lang='lat' dir='ltr'><strong>cum</strong></span> <span class='ocrx_word' id='word_1_74' title='bbox 452 1196 640 1249; x_wconf 86' lang='lat' dir='ltr'><strong>ibidem</strong></span> <span class='ocrx_word' id='word_1_75' title='bbox 668 1196 959 1261; x_wconf 84' lang='lat' dir='ltr'><strong>aliquandiu</strong></span> <span class='ocrx_word' id='word_1_76' title='bbox 987 1195 1244 1249; x_wconf 88' lang='lat' dir='ltr'><strong>solitarius</strong></span> <span class='ocrx_word' id='word_1_77' title='bbox 1285 1209 1401 1248; x_wconf 91' lang='lat' dir='ltr'><strong>cum</strong></span> <span class='ocrx_word' id='word_1_78' title='bbox 1432 1195 1576 1246; x_wconf 92' lang='lat' dir='ltr'><strong>hoste</strong></span> <span class='ocrx_word' id='word_1_79' title='bbox 1604 1192 1735 1245; x_wconf 89' lang='lat' dir='ltr'><strong>invi-</strong></span> 
     </span>
    </p>
   </div>
   <div class='ocr_carea' id='block_1_12' title="bbox 206 1268 1734 1353">
    <p class='ocr_par' dir='ltr' id='par_1_12' title="bbox 206 1268 1734 1353">
     <span class='ocr_line' id='line_1_12' title="bbox 206 1268 1734 1353; baseline -0.001 -17"><span class='ocrx_word' id='word_1_80' title='bbox 206 1283 351 1336; x_wconf 89' lang='lat' dir='ltr'><strong>sibili</strong></span> <span class='ocrx_word' id='word_1_81' title='bbox 378 1268 575 1337; x_wconf 85' lang='lat' dir='ltr'><strong>orando</strong></span> <span class='ocrx_word' id='word_1_82' title='bbox 599 1300 659 1338; x_wconf 88' lang='lat' dir='ltr'><strong>ac</strong></span> <span class='ocrx_word' id='word_1_83' title='bbox 697 1285 980 1353; x_wconf 90' lang='lat' dir='ltr'><strong>jejunaudo</strong></span> <span class='ocrx_word' id='word_1_84' title='bbox 1002 1294 1225 1338; x_wconf 84' lang='lat' dir='ltr'><strong>certaret</strong></span> <span class='ocrx_word' id='word_1_85' title='bbox 1249 1327 1262 1348; x_wconf 90' lang='lat'><strong>,</strong></span> <span class='ocrx_word' id='word_1_86' title='bbox 1309 1286 1514 1337; x_wconf 81' lang='lat' dir='ltr'><strong>tandem</strong></span> <span class='ocrx_word' id='word_1_87' title='bbox 1542 1285 1734 1350; x_wconf 86' lang='lat' dir='ltr'><strong>majora</strong></span> 
     </span>
    </p>
   </div>
   <div class='ocr_carea' id='block_1_13' title="bbox 213 1374 1738 1445">
    <p class='ocr_par' dir='ltr' id='par_1_13' title="bbox 213 1374 1738 1445">
     <span class='ocr_line' id='line_1_13' title="bbox 213 1374 1738 1445; baseline -0.001 -19"><span class='ocrx_word' id='word_1_88' title='bbox 213 1388 536 1437; x_wconf 63' lang='lat' dir='ltr'><strong>praesumens</strong></span> <span class='ocrx_word' id='word_1_89' title='bbox 564 1414 578 1435; x_wconf 91' lang='lat'><strong><em>.</em></strong></span> <span class='ocrx_word' id='word_1_90' title='bbox 632 1376 1038 1445; x_wconf 87' lang='lat' dir='ltr'><strong>longinquiorem</strong></span> <span class='ocrx_word' id='word_1_91' title='bbox 1086 1389 1147 1427; x_wconf 88' lang='lat' dir='ltr'><strong>ac</strong></span> <span class='ocrx_word' id='word_1_92' title='bbox 1190 1376 1522 1428; x_wconf 86' lang='lat' dir='ltr'><strong>remotiorem</strong></span> <span class='ocrx_word' id='word_1_93' title='bbox 1551 1374 1617 1425; x_wconf 91' lang='lat' dir='ltr'><strong>ab</strong></span> <span class='ocrx_word' id='word_1_94' title='bbox 1641 1376 1738 1426; x_wconf 89' lang='lat' dir='ltr'><strong>ho-</strong></span> 
     </span>
    </p>
   </div>
   <div class='ocr_carea' id='block_1_14' title="bbox 215 1464 1736 1529">
    <p class='ocr_par' dir='ltr' id='par_1_14' title="bbox 215 1464 1736 1529">
     <span class='ocr_line' id='line_1_14' title="bbox 215 1464 1736 1529; baseline 0 -15"><span class='ocrx_word' id='word_1_95' title='bbox 215 1465 450 1516; x_wconf 81' lang='lat' dir='ltr'><strong>tninihus</strong></span> <span class='ocrx_word' id='word_1_96' title='bbox 476 1468 641 1516; x_wconf 91' lang='lat' dir='ltr'><strong>locum</strong></span> <span class='ocrx_word' id='word_1_97' title='bbox 660 1466 958 1518; x_wconf 87' lang='lat' dir='ltr'><strong>certaminis</strong></span> <span class='ocrx_word' id='word_1_98' title='bbox 986 1465 1148 1529; x_wconf 86' lang='lat' dir='ltr'><strong>petiit.</strong></span> <span class='ocrx_word' id='word_1_99' title='bbox 1173 1464 1340 1517; x_wconf 85' lang='lat' dir='ltr'><strong>Farne</strong></span> <span class='ocrx_word' id='word_1_100' title='bbox 1360 1464 1546 1517; x_wconf 89' lang='lat' dir='ltr'><strong>dicitur</strong></span> <span class='ocrx_word' id='word_1_101' title='bbox 1572 1464 1736 1515; x_wconf 84' lang='lat' dir='ltr'><strong>insula</strong></span> 
     </span>
    </p>
   </div>
   <div class='ocr_carea' id='block_1_15' title="bbox 218 1550 1743 1618">
    <p class='ocr_par' dir='ltr' id='par_1_15' title="bbox 218 1550 1743 1618">
     <span class='ocr_line' id='line_1_15' title="bbox 218 1550 1743 1618; baseline 0.003 -19"><span class='ocrx_word' id='word_1_102' title='bbox 218 1550 395 1602; x_wconf 90' lang='lat' dir='ltr'><strong>medio</strong></span> <span class='ocrx_word' id='word_1_103' title='bbox 423 1550 473 1602; x_wconf 91' lang='lat' dir='ltr'><strong>in</strong></span> <span class='ocrx_word' id='word_1_104' title='bbox 514 1552 644 1603; x_wconf 90' lang='lat' dir='ltr'><strong>mari</strong></span> <span class='ocrx_word' id='word_1_105' title='bbox 694 1552 881 1616; x_wconf 90' lang='lat' dir='ltr'><strong>posita,</strong></span> <span class='ocrx_word' id='word_1_106' title='bbox 923 1567 1037 1618; x_wconf 72' lang='lat' dir='ltr'><strong>qua:</strong></span> <span class='ocrx_word' id='word_1_107' title='bbox 1066 1566 1168 1603; x_wconf 89' lang='lat' dir='ltr'><strong>non</strong></span> <span class='ocrx_word' id='word_1_108' title='bbox 1194 1552 1327 1603; x_wconf 86' lang='lat' dir='ltr'><strong>sicut</strong></span> <span class='ocrx_word' id='word_1_109' title='bbox 1352 1550 1743 1604; x_wconf 85' lang='lat' dir='ltr'><strong>Lindisfarnen-</strong></span> 
     </span>
    </p>
   </div>
   <div class='ocr_carea' id='block_1_16' title="bbox 214 1638 1740 1705">
    <p class='ocr_par' dir='ltr' id='par_1_16' title="bbox 214 1638 1740 1705">
     <span class='ocr_line' id='line_1_16' title="bbox 214 1638 1740 1705; baseline 0.003 -18"><span class='ocrx_word' id='word_1_110' title='bbox 214 1639 353 1689; x_wconf 74' lang='lat' dir='ltr'><strong>sium</strong></span> <span class='ocrx_word' id='word_1_111' title='bbox 386 1638 666 1690; x_wconf 87' lang='lat' dir='ltr'><strong>incolarum</strong></span> <span class='ocrx_word' id='word_1_112' title='bbox 708 1640 853 1705; x_wconf 80' lang='lat' dir='ltr'><strong>regio</strong></span> <span class='ocrx_word' id='word_1_113' title='bbox 878 1678 892 1699; x_wconf 89' lang='lat'><strong>,</strong></span> <span class='ocrx_word' id='word_1_114' title='bbox 928 1638 1007 1691; x_wconf 91' lang='lat' dir='ltr'><strong>bis</strong></span> <span class='ocrx_word' id='word_1_115' title='bbox 1056 1639 1287 1704; x_wconf 86' lang='lat' dir='ltr'><strong>quotidie</strong></span> <span class='ocrx_word' id='word_1_116' title='bbox 1313 1638 1592 1691; x_wconf 83' lang='lat' dir='ltr'><strong>accedente</strong></span> <span class='ocrx_word' id='word_1_117' title='bbox 1612 1647 1740 1691; x_wconf 78' lang='lat' dir='ltr'><strong>aestu</strong></span> 
     </span>
    </p>
   </div>
   <div class='ocr_carea' id='block_1_17' title="bbox 217 1724 1743 1792">
    <p class='ocr_par' dir='ltr' id='par_1_17' title="bbox 217 1724 1743 1792">
     <span class='ocr_line' id='line_1_17' title="bbox 217 1724 1743 1792; baseline 0 -16"><span class='ocrx_word' id='word_1_118' title='bbox 217 1725 428 1783; x_wconf 63' lang='lat' dir='ltr'><strong>Oceani.</strong></span> <span class='ocrx_word' id='word_1_119' title='bbox 476 1739 630 1792; x_wconf 88' lang='lat' dir='ltr'><strong>quem</strong></span> <span class='ocrx_word' id='word_1_120' title='bbox 674 1725 889 1778; x_wconf 86' lang='lat' dir='ltr'><strong>rheutna</strong></span> <span class='ocrx_word' id='word_1_121' title='bbox 934 1736 1120 1777; x_wconf 88' lang='lat' dir='ltr'><strong>vocant</strong></span> <span class='ocrx_word' id='word_1_122' title='bbox 1148 1724 1336 1789; x_wconf 62' lang='lat' dir='ltr'><strong>Graeci,</strong></span> <span class='ocrx_word' id='word_1_123' title='bbox 1364 1726 1421 1777; x_wconf 84' lang='lat' dir='ltr'><strong>ﬁt</strong></span> <span class='ocrx_word' id='word_1_124' title='bbox 1456 1725 1639 1787; x_wconf 88' lang='lat' dir='ltr'><strong>insula,</strong></span> <span class='ocrx_word' id='word_1_125' title='bbox 1666 1724 1743 1777; x_wconf 87' lang='lat' dir='ltr'><strong>bis</strong></span> 
     </span>
    </p>
   </div>
   <div class='ocr_carea' id='block_1_18' title="bbox 219 1812 1739 1881">
    <p class='ocr_par' dir='ltr' id='par_1_18' title="bbox 219 1812 1739 1881">
     <span class='ocr_line' id='line_1_18' title="bbox 219 1812 1739 1881; baseline 0.001 -19"><span class='ocrx_word' id='word_1_126' title='bbox 219 1812 490 1864; x_wconf 84' lang='lat' dir='ltr'><strong>renudatis</strong></span> <span class='ocrx_word' id='word_1_127' title='bbox 543 1814 768 1865; x_wconf 89' lang='lat' dir='ltr'><strong>abeunte</strong></span> <span class='ocrx_word' id='word_1_128' title='bbox 843 1814 1112 1866; x_wconf 89' lang='lat' dir='ltr'><strong>rheumate</strong></span> <span class='ocrx_word' id='word_1_129' title='bbox 1180 1812 1436 1865; x_wconf 86' lang='lat' dir='ltr'><strong>littoribus</strong></span> <span class='ocrx_word' id='word_1_130' title='bbox 1503 1813 1739 1881; x_wconf 75' lang='lat' dir='ltr'><strong>contigua</strong></span> 
     </span>
    </p>
   </div>
   <div class='ocr_carea' id='block_1_19' title="bbox 1829 653 2150 707">
    <p class='ocr_par' dir='ltr' id='par_1_19' title="bbox 1829 653 2150 707">
     <span class='ocr_line' id='line_1_19' title="bbox 1829 653 2150 707; baseline -0.003 0"><span class='ocrx_word' id='word_1_131' title='bbox 1829 653 2150 707; x_wconf 86' lang='lat' dir='ltr'><strong>commodus.</strong></span> 
     </span>
    </p>
   </div>
   <div class='ocr_carea' id='block_1_20' title="bbox 1830 778 3348 849">
    <p class='ocr_par' dir='ltr' id='par_1_20' title="bbox 1830 778 3348 849">
     <span class='ocr_line' id='line_1_20' title="bbox 1830 778 3348 849; baseline 0.001 -15"><span class='ocrx_word' id='word_1_132' title='bbox 1830 780 1975 834; x_wconf 76' lang='lat' dir='ltr'><strong>CAP.</strong></span> <span class='ocrx_word' id='word_1_133' title='bbox 2006 778 2181 835; x_wconf 80' lang='lat' dir='ltr'><strong>XVIII.</strong></span> <span class='ocrx_word' id='word_1_134' title='bbox 2212 782 2469 843; x_wconf 79' lang='lat' dir='ltr'><strong>Quomodo</strong></span> <span class='ocrx_word' id='word_1_135' title='bbox 2497 782 2717 845; x_wconf 78' lang='lat' dir='ltr'><strong>precibus</strong></span> <span class='ocrx_word' id='word_1_136' title='bbox 2745 800 2920 848; x_wconf 83' lang='lat' dir='ltr'><strong>aquam</strong></span> <span class='ocrx_word' id='word_1_137' title='bbox 2950 786 3045 836; x_wconf 65' lang='lat' dir='ltr'><strong>de”</strong></span> <span class='ocrx_word' id='word_1_138' title='bbox 3068 788 3207 838; x_wconf 71' lang='lat' dir='ltr'><strong>arida</strong></span> <span class='ocrx_word' id='word_1_139' title='bbox 3232 805 3348 849; x_wconf 84' lang='lat' dir='ltr'><strong>pro-</strong></span> 
     </span>
    </p>
   </div>
   <div class='ocr_carea' id='block_1_21' title="bbox 1902 850 3350 928">
    <p class='ocr_par' dir='ltr' id='par_1_21' title="bbox 1902 850 3350 928">
     <span class='ocr_line' id='line_1_21' title="bbox 1902 850 3350 928; baseline 0.006 -29"><span class='ocrx_word' id='word_1_140' title='bbox 1902 850 2096 928; x_wconf 66' lang='lat' dir='ltr'><strong>duxerit</strong></span> <span class='ocrx_word' id='word_1_141' title='bbox 2122 890 2135 913; x_wconf 91' lang='lat'><strong>,</strong></span> <span class='ocrx_word' id='word_1_142' title='bbox 2190 851 2263 903; x_wconf 82' lang='lat' dir='ltr'><strong>vel</strong></span> <span class='ocrx_word' id='word_1_143' title='bbox 2308 853 2517 915; x_wconf 79' lang='lat' dir='ltr'><strong>qualiter</strong></span> <span class='ocrx_word' id='word_1_144' title='bbox 2560 853 2664 919; x_wconf 73' lang='lat' dir='ltr'><strong>ipse</strong></span> <span class='ocrx_word' id='word_1_145' title='bbox 2704 852 2756 902; x_wconf 73' lang='lat' dir='ltr'><strong>iu</strong></span> <span class='ocrx_word' id='word_1_146' title='bbox 2790 855 3077 905; x_wconf 59' lang='lat' dir='ltr'><strong>auat/tired</strong></span> <span class='ocrx_word' id='word_1_147' title='bbox 3123 859 3350 923; x_wconf 67' lang='lat' dir='ltr'><strong>profece-</strong></span> 
     </span>
    </p>
   </div>
   <div class='ocr_carea' id='block_1_22' title="bbox 1900 928 3255 969">
    <p class='ocr_par' dir='ltr' id='par_1_22' title="bbox 1900 928 3255 969">
     <span class='ocr_line' id='line_1_22' title="bbox 1900 928 3255 969; baseline -0.011 0"><span class='ocrx_word' id='word_1_148' title='bbox 1900 928 1982 969; x_wconf 75' lang='grc' dir='ltr'><strong>ΠΙ.</strong></span> <span class='ocrx_word' id='word_1_149' title='bbox 2210 959 2214 962; x_wconf 45' lang='lat'><strong>.</strong></span> <span class='ocrx_word' id='word_1_150' title='bbox 2936 934 2941 943; x_wconf 69' lang='grc' dir='ltr'><strong><em>π</em></strong></span> <span class='ocrx_word' id='word_1_151' title='bbox 3248 947 3255 954; x_wconf 81' lang='lat'><strong>.</strong></span> 
     </span>
    </p>
   </div>
   <div class='ocr_carea' id='block_1_23' title="bbox 1904 1026 3353 1102">
    <p class='ocr_par' dir='ltr' id='par_1_23' title="bbox 1904 1026 3353 1102">
     <span class='ocr_line' id='line_1_23' title="bbox 1904 1026 3353 1102; baseline 0.008 -25"><span class='ocrx_word' id='word_1_152' title='bbox 1904 1029 1966 1078; x_wconf 80' lang='lat' dir='ltr'><strong>At</strong></span> <span class='ocrx_word' id='word_1_153' title='bbox 1996 1040 2121 1078; x_wconf 87' lang='lat' dir='ltr'><strong>vero</strong></span> <span class='ocrx_word' id='word_1_154' title='bbox 2149 1028 2258 1093; x_wconf 86' lang='lat' dir='ltr'><strong>ipsa</strong></span> <span class='ocrx_word' id='word_1_155' title='bbox 2304 1026 2415 1093; x_wconf 82' lang='lat' dir='ltr'><strong>ejus</strong></span> <span class='ocrx_word' id='word_1_156' title='bbox 2456 1029 2657 1087; x_wconf 80' lang='lat' dir='ltr'><strong>mansio</strong></span> <span class='ocrx_word' id='word_1_157' title='bbox 2704 1045 2851 1096; x_wconf 62' lang='lat' dir='ltr'><strong>aqua:</strong></span> <span class='ocrx_word' id='word_1_158' title='bbox 2898 1040 3011 1084; x_wconf 70' lang='lat' dir='ltr'><strong>erat</strong></span> <span class='ocrx_word' id='word_1_159' title='bbox 3052 1032 3245 1102; x_wconf 80' lang='lat' dir='ltr'><strong>indiga,</strong></span> <span class='ocrx_word' id='word_1_160' title='bbox 3298 1045 3353 1089; x_wconf 89' lang='lat' dir='ltr'><strong>ttt</strong></span> 
     </span>
    </p>
   </div>
   <div class='ocr_carea' id='block_1_24' title="bbox 1834 1112 3357 1183">
    <p class='ocr_par' dir='ltr' id='par_1_24' title="bbox 1834 1112 3357 1183">
     <span class='ocr_line' id='line_1_24' title="bbox 1834 1112 3357 1183; baseline 0.01 -19"><span class='ocrx_word' id='word_1_161' title='bbox 1834 1121 1953 1181; x_wconf 92' lang='lat' dir='ltr'><strong>pote</strong></span> <span class='ocrx_word' id='word_1_162' title='bbox 1980 1112 2031 1165; x_wconf 91' lang='lat' dir='ltr'><strong>in</strong></span> <span class='ocrx_word' id='word_1_163' title='bbox 2063 1114 2333 1167; x_wconf 87' lang='lat' dir='ltr'><strong>durissima</strong></span> <span class='ocrx_word' id='word_1_164' title='bbox 2362 1123 2414 1167; x_wconf 92' lang='lat' dir='ltr'><strong>et</strong></span> <span class='ocrx_word' id='word_1_165' title='bbox 2435 1130 2597 1183; x_wconf 84' lang='lat' dir='ltr'><strong>prope</strong></span> <span class='ocrx_word' id='word_1_166' title='bbox 2642 1131 2797 1170; x_wconf 80' lang='lat' dir='ltr'><strong>saxea</strong></span> <span class='ocrx_word' id='word_1_167' title='bbox 2824 1134 2953 1183; x_wconf 85' lang='lat' dir='ltr'><strong>rupe</strong></span> <span class='ocrx_word' id='word_1_168' title='bbox 2979 1122 3205 1177; x_wconf 85' lang='lat' dir='ltr'><strong>condita.</strong></span> <span class='ocrx_word' id='word_1_169' title='bbox 3254 1124 3357 1179; x_wconf 86' lang='lat' dir='ltr'><strong>Ac-</strong></span> 
     </span>
    </p>
   </div>
   <div class='ocr_carea' id='block_1_25' title="bbox 1836 1199 3354 1267">
    <p class='ocr_par' dir='ltr' id='par_1_25' title="bbox 1836 1199 3354 1267">
     <span class='ocr_line' id='line_1_25' title="bbox 1836 1199 3354 1267; baseline 0.007 -16"><span class='ocrx_word' id='word_1_170' title='bbox 1836 1199 1949 1253; x_wconf 82' lang='lat' dir='ltr'><strong>citis</strong></span> <span class='ocrx_word' id='word_1_171' title='bbox 1975 1214 2100 1267; x_wconf 80' lang='lat' dir='ltr'><strong>ergo</strong></span> <span class='ocrx_word' id='word_1_172' title='bbox 2130 1201 2209 1251; x_wconf 91' lang='lat' dir='ltr'><strong>vir</strong></span> <span class='ocrx_word' id='word_1_173' title='bbox 2252 1202 2449 1253; x_wconf 86' lang='lat' dir='ltr'><strong>Domini</strong></span> <span class='ocrx_word' id='word_1_174' title='bbox 2484 1200 2746 1263; x_wconf 80' lang='lat' dir='ltr'><strong>fratribus,</strong></span> <span class='ocrx_word' id='word_1_175' title='bbox 2796 1208 3013 1261; x_wconf 86' lang='lat' dir='ltr'><strong>necdum</strong></span> <span class='ocrx_word' id='word_1_176' title='bbox 3042 1209 3179 1261; x_wconf 88' lang='lat' dir='ltr'><strong>enim</strong></span> <span class='ocrx_word' id='word_1_177' title='bbox 3207 1224 3263 1262; x_wconf 88' lang='lat' dir='ltr'><strong>se</strong></span> <span class='ocrx_word' id='word_1_178' title='bbox 3289 1211 3354 1262; x_wconf 85' lang='lat' dir='ltr'><strong>ab</strong></span> 
     </span>
    </p>
   </div>
   <div class='ocr_carea' id='block_1_26' title="bbox 1838 1290 3353 1359">
    <p class='ocr_par' dir='ltr' id='par_1_26' title="bbox 1838 1290 3353 1359">
     <span class='ocr_line' id='line_1_26' title="bbox 1838 1290 3353 1359; baseline 0.006 -18"><span class='ocrx_word' id='word_1_179' title='bbox 1838 1290 2216 1342; x_wconf 84' lang='lat' dir='ltr'><strong>advenientium</strong></span> <span class='ocrx_word' id='word_1_180' title='bbox 2246 1291 2527 1349; x_wconf 68' lang='lat' dir='ltr'><strong>sociuserat</strong></span> <span class='ocrx_word' id='word_1_181' title='bbox 2567 1293 2894 1358; x_wconf 86' lang='lat' dir='ltr'><strong>aspectibus:</strong></span> <span class='ocrx_word' id='word_1_182' title='bbox 2933 1313 2949 1344; x_wconf 78' lang='grc' dir='ltr'>ι</span> <span class='ocrx_word' id='word_1_183' title='bbox 2982 1294 3221 1359; x_wconf 85' lang='lat' dir='ltr'><strong>Cernitis,</strong></span> <span class='ocrx_word' id='word_1_184' title='bbox 3272 1299 3353 1350; x_wconf 87' lang='lat' dir='ltr'><strong>in-</strong></span> 
     </span>
    </p>
   </div>
   <div class='ocr_carea' id='block_1_27' title="bbox 1838 1380 3351 1453">
    <p class='ocr_par' dir='ltr' id='par_1_27' title="bbox 1838 1380 3351 1453">
     <span class='ocr_line' id='line_1_27' title="bbox 1838 1380 3351 1453; baseline 0.01 -26"><span class='ocrx_word' id='word_1_185' title='bbox 1838 1380 1969 1445; x_wconf 86' lang='lat' dir='ltr'><strong>quit,</strong></span> <span class='ocrx_word' id='word_1_186' title='bbox 2014 1380 2131 1446; x_wconf 86' lang='lat' dir='ltr'><strong>quia</strong></span> <span class='ocrx_word' id='word_1_187' title='bbox 2159 1380 2313 1431; x_wconf 86' lang='lat' dir='ltr'><strong>fontis</strong></span> <span class='ocrx_word' id='word_1_188' title='bbox 2342 1381 2489 1447; x_wconf 90' lang='lat' dir='ltr'><strong>inops</strong></span> <span class='ocrx_word' id='word_1_189' title='bbox 2533 1384 2601 1435; x_wconf 87' lang='lat' dir='ltr'><strong>sit</strong></span> <span class='ocrx_word' id='word_1_190' title='bbox 2647 1387 2845 1436; x_wconf 82' lang='lat' dir='ltr'><strong>mansio</strong></span> <span class='ocrx_word' id='word_1_191' title='bbox 2888 1401 3038 1453; x_wconf 86' lang='lat' dir='ltr'><strong>quam</strong></span> <span class='ocrx_word' id='word_1_192' title='bbox 3067 1389 3165 1441; x_wconf 90' lang='lat' dir='ltr'><strong>adii</strong></span> <span class='ocrx_word' id='word_1_193' title='bbox 3201 1405 3213 1440; x_wconf 91' lang='lat'>:</span> <span class='ocrx_word' id='word_1_194' title='bbox 3262 1392 3351 1442; x_wconf 85' lang='lat' dir='ltr'><strong>sed</strong></span> 
     </span>
    </p>
   </div>
   <div class='ocr_carea' id='block_1_28' title="bbox 1842 1470 3352 1544">
    <p class='ocr_par' dir='ltr' id='par_1_28' title="bbox 1842 1470 3352 1544">
     <span class='ocr_line' id='line_1_28' title="bbox 1842 1470 3352 1544; baseline 0.007 -25"><span class='ocrx_word' id='word_1_195' title='bbox 1842 1482 2100 1535; x_wconf 89' lang='lat' dir='ltr'><strong>rogemus,</strong></span> <span class='ocrx_word' id='word_1_196' title='bbox 2116 1470 2350 1533; x_wconf 75' lang='lat' dir='ltr'><strong>obsecro,</strong></span> <span class='ocrx_word' id='word_1_197' title='bbox 2370 1470 2509 1523; x_wconf 90' lang='lat' dir='ltr'><strong>illum</strong></span> <span class='ocrx_word' id='word_1_198' title='bbox 2537 1472 2623 1535; x_wconf 85' lang='lat' dir='ltr'><strong>qui</strong></span> <span class='ocrx_word' id='word_1_199' title='bbox 2644 1475 2896 1525; x_wconf 81' lang='lat' dir='ltr'><strong>convertit</strong></span> <span class='ocrx_word' id='word_1_200' title='bbox 2919 1476 3133 1528; x_wconf 87' lang='lat' dir='ltr'><strong>solidam</strong></span> <span class='ocrx_word' id='word_1_201' title='bbox 3156 1488 3352 1544; x_wconf 86' lang='lat' dir='ltr'><strong>petram</strong></span> 
     </span>
    </p>
   </div>
   <div class='ocr_carea' id='block_1_29' title="bbox 1842 1555 3358 1631">
    <p class='ocr_par' dir='ltr' id='par_1_29' title="bbox 1842 1555 3358 1631">
     <span class='ocr_line' id='line_1_29' title="bbox 1842 1555 3358 1631; baseline 0.008 -25"><span class='ocrx_word' id='word_1_202' title='bbox 1842 1555 1892 1606; x_wconf 90' lang='lat' dir='ltr'><strong>in</strong></span> <span class='ocrx_word' id='word_1_203' title='bbox 1922 1564 2155 1623; x_wconf 76' lang='lat' dir='ltr'><strong>stagnum</strong></span> <span class='ocrx_word' id='word_1_204' title='bbox 2186 1557 2350 1623; x_wconf 70' lang='lat' dir='ltr'><strong>aqnte,</strong></span> <span class='ocrx_word' id='word_1_205' title='bbox 2396 1567 2449 1611; x_wconf 88' lang='lat' dir='ltr'><strong>et</strong></span> <span class='ocrx_word' id='word_1_206' title='bbox 2479 1574 2631 1624; x_wconf 88' lang='lat' dir='ltr'><strong>rupes</strong></span> <span class='ocrx_word' id='word_1_207' title='bbox 2684 1561 2734 1612; x_wconf 91' lang='lat' dir='ltr'><strong>in</strong></span> <span class='ocrx_word' id='word_1_208' title='bbox 2765 1562 2933 1616; x_wconf 84' lang='lat' dir='ltr'><strong>fontes</strong></span> <span class='ocrx_word' id='word_1_209' title='bbox 2982 1578 3249 1631; x_wconf 81' lang='lat' dir='ltr'><strong>aquarum,</strong></span> <span class='ocrx_word' id='word_1_210' title='bbox 3304 1576 3358 1618; x_wconf 89' lang='lat' dir='ltr'><strong>ut</strong></span> 
     </span>
    </p>
   </div>
   <div class='ocr_carea' id='block_1_30' title="bbox 1844 1646 3362 1717">
    <p class='ocr_par' dir='ltr' id='par_1_30' title="bbox 1844 1646 3362 1717">
     <span class='ocr_line' id='line_1_30' title="bbox 1844 1646 3362 1717; baseline 0.007 -21"><span class='ocrx_word' id='word_1_211' title='bbox 1844 1660 1945 1697; x_wconf 90' lang='lat' dir='ltr'><strong>non</strong></span> <span class='ocrx_word' id='word_1_212' title='bbox 1977 1646 2144 1711; x_wconf 84' lang='lat' dir='ltr'><strong>nobis,</strong></span> <span class='ocrx_word' id='word_1_213' title='bbox 2196 1646 2287 1698; x_wconf 86' lang='lat' dir='ltr'><strong>sed</strong></span> <span class='ocrx_word' id='word_1_214' title='bbox 2338 1648 2528 1698; x_wconf 81' lang='lat' dir='ltr'><strong>nomini</strong></span> <span class='ocrx_word' id='word_1_215' title='bbox 2571 1662 2664 1700; x_wconf 90' lang='lat' dir='ltr'><strong>suo</strong></span> <span class='ocrx_word' id='word_1_216' title='bbox 2714 1648 2843 1700; x_wconf 88' lang='lat' dir='ltr'><strong>dans</strong></span> <span class='ocrx_word' id='word_1_217' title='bbox 2888 1650 3121 1717; x_wconf 79' lang='lat' dir='ltr'><strong>gloriam,</strong></span> <span class='ocrx_word' id='word_1_218' title='bbox 3171 1652 3234 1706; x_wconf 87' lang='lat' dir='ltr'><strong>de</strong></span> <span class='ocrx_word' id='word_1_219' title='bbox 3263 1654 3362 1707; x_wconf 85' lang='lat' dir='ltr'><strong>hac</strong></span> 
     </span>
    </p>
   </div>
   <div class='ocr_carea' id='block_1_31' title="bbox 1842 1738 3359 1810">
    <p class='ocr_par' dir='ltr' id='par_1_31' title="bbox 1842 1738 3359 1810">
     <span class='ocr_line' id='line_1_31' title="bbox 1842 1738 3359 1810; baseline 0.007 -25"><span class='ocrx_word' id='word_1_220' title='bbox 1842 1751 2049 1805; x_wconf 88' lang='lat' dir='ltr'><strong>quoque</strong></span> <span class='ocrx_word' id='word_1_221' title='bbox 2078 1753 2203 1804; x_wconf 93' lang='lat' dir='ltr'><strong>rupe</strong></span> <span class='ocrx_word' id='word_1_222' title='bbox 2229 1752 2413 1790; x_wconf 78' lang='lat' dir='ltr'><strong>saxosa</strong></span> <span class='ocrx_word' id='word_1_223' title='bbox 2432 1738 2588 1790; x_wconf 89' lang='lat' dir='ltr'><strong>.nobis</strong></span> <span class='ocrx_word' id='word_1_224' title='bbox 2615 1754 2794 1791; x_wconf 83' lang='lat' dir='ltr'><strong>venam</strong></span> <span class='ocrx_word' id='word_1_225' title='bbox 2837 1740 2989 1796; x_wconf 87' lang='lat' dir='ltr'><strong>fontis</strong></span> <span class='ocrx_word' id='word_1_226' title='bbox 3018 1744 3219 1809; x_wconf 86' lang='lat' dir='ltr'><strong>aperire</strong></span> <span class='ocrx_word' id='word_1_227' title='bbox 3246 1744 3359 1810; x_wconf 83' lang='lat' dir='ltr'><strong>dig-</strong></span> 
     </span>
    </p>
   </div>
   <div class='ocr_carea' id='block_1_32' title="bbox 1845 1827 3353 1897">
    <p class='ocr_par' dir='ltr' id='par_1_32' title="bbox 1845 1827 3353 1897">
     <span class='ocr_line' id='line_1_32' title="bbox 1845 1827 3353 1897; baseline 0.004 -18"><span class='ocrx_word' id='word_1_228' title='bbox 1845 1837 2012 1880; x_wconf 88' lang='lat' dir='ltr'><strong>netur.</strong></span> <span class='ocrx_word' id='word_1_229' title='bbox 2055 1827 2333 1880; x_wconf 81' lang='lat' dir='ltr'><strong>Fodiamus</strong></span> <span class='ocrx_word' id='word_1_230' title='bbox 2364 1828 2415 1879; x_wconf 89' lang='lat' dir='ltr'><strong>in</strong></span> <span class='ocrx_word' id='word_1_231' title='bbox 2444 1827 2609 1880; x_wconf 90' lang='lat' dir='ltr'><strong>medio</strong></span> <span class='ocrx_word' id='word_1_232' title='bbox 2639 1830 2981 1894; x_wconf 84' lang='lat' dir='ltr'><strong>tuguriunculi</strong></span> <span class='ocrx_word' id='word_1_233' title='bbox 3012 1832 3144 1894; x_wconf 89' lang='lat' dir='ltr'><strong>mei;</strong></span> <span class='ocrx_word' id='word_1_234' title='bbox 3174 1836 3353 1897; x_wconf 81' lang='lat' dir='ltr'><strong>credo,</strong></span> 
     </span>
    </p>
   </div>
   <div class='ocr_carea' id='block_1_33' title="bbox 220 1890 1748 1989">
    <p class='ocr_par' dir='ltr' id='par_1_33' title="bbox 220 1901 1741 1969">
     <span class='ocr_line' id='line_1_33' title="bbox 220 1901 1741 1969; baseline 0.003 -20"><span class='ocrx_word' id='word_1_235' title='bbox 220 1911 377 1954; x_wconf 67' lang='lat' dir='ltr'><strong>terrae</strong></span> <span class='ocrx_word' id='word_1_236' title='bbox 406 1901 655 1962; x_wconf 85' lang='lat' dir='ltr'><strong>redditur.</strong></span> <span class='ocrx_word' id='word_1_237' title='bbox 685 1903 773 1956; x_wconf 84' lang='lat' dir='ltr'><strong>sed</strong></span> <span class='ocrx_word' id='word_1_238' title='bbox 804 1903 999 1969; x_wconf 83' lang='lat' dir='ltr'><strong>aliquot</strong></span> <span class='ocrx_word' id='word_1_239' title='bbox 1034 1904 1261 1957; x_wconf 88' lang='lat' dir='ltr'><strong>millibus</strong></span> <span class='ocrx_word' id='word_1_240' title='bbox 1290 1917 1530 1969; x_wconf 84' lang='lat' dir='ltr'><strong>passuum</strong></span> <span class='ocrx_word' id='word_1_241' title='bbox 1556 1902 1621 1955; x_wconf 91' lang='lat' dir='ltr'><strong>ab</strong></span> <span class='ocrx_word' id='word_1_242' title='bbox 1648 1904 1741 1954; x_wconf 88' lang='lat' dir='ltr'><strong>hac</strong></span> 
     </span>
    </p>
   </div>
   <div class='ocr_carea' id='block_1_34' title="bbox 1853 1890 3361 1989">
    <p class='ocr_par' dir='ltr' id='par_1_34' title="bbox 1853 1910 3361 1989">
     <span class='ocr_line' id='line_1_34' title="bbox 1853 1910 3361 1989; baseline 0.001 -21"><span class='ocrx_word' id='word_1_243' title='bbox 1853 1926 2073 1969; x_wconf 77' lang='lat' dir='ltr'><strong>torrente</strong></span> <span class='ocrx_word' id='word_1_244' title='bbox 2104 1916 2375 1981; x_wconf 77' lang='lat' dir='ltr'><strong>voluptatis</strong></span> <span class='ocrx_word' id='word_1_245' title='bbox 2402 1931 2507 1969; x_wconf 78' lang='lat' dir='ltr'><strong>sua:</strong></span> <span class='ocrx_word' id='word_1_246' title='bbox 2535 1918 2721 1985; x_wconf 82' lang='lat' dir='ltr'><strong>potabit</strong></span> <span class='ocrx_word' id='word_1_247' title='bbox 2757 1932 2868 1970; x_wconf 89' lang='lat' dir='ltr'><strong>nos.</strong></span> <span class='ocrx_word' id='word_1_248' title='bbox 2911 1937 2931 1968; x_wconf 75' lang='grc' dir='ltr'><strong><em>ι</em></strong></span> <span class='ocrx_word' id='word_1_249' title='bbox 2964 1910 3213 1973; x_wconf 75' lang='lat' dir='ltr'><strong>Feceru&#39;tlt</strong></span> <span class='ocrx_word' id='word_1_250' title='bbox 3238 1936 3361 1989; x_wconf 72' lang='lat' dir='ltr'><strong>ergo</strong></span> 
     </span>
    </p>
   </div>
   <div class='ocr_carea' id='block_1_35' title="bbox 218 1992 1748 2057">
    <p class='ocr_par' dir='ltr' id='par_1_35' title="bbox 218 1992 1748 2057">
     <span class='ocr_line' id='line_1_35' title="bbox 218 1992 1748 2057; baseline 0 -15"><span class='ocrx_word' id='word_1_251' title='bbox 218 1992 519 2044; x_wconf 88' lang='lat' dir='ltr'><strong>semiinsula</strong></span> <span class='ocrx_word' id='word_1_252' title='bbox 552 1993 614 2045; x_wconf 89' lang='lat' dir='ltr'><strong>ad</strong></span> <span class='ocrx_word' id='word_1_253' title='bbox 646 1992 839 2045; x_wconf 87' lang='lat' dir='ltr'><strong>Eurum</strong></span> <span class='ocrx_word' id='word_1_254' title='bbox 890 2002 1092 2046; x_wconf 87' lang='lat' dir='ltr'><strong>secreta</strong></span> <span class='ocrx_word' id='word_1_255' title='bbox 1115 2030 1131 2057; x_wconf 92' lang='lat'><strong>,</strong></span> <span class='ocrx_word' id='word_1_256' title='bbox 1173 2002 1224 2046; x_wconf 91' lang='lat' dir='ltr'><strong>et</strong></span> <span class='ocrx_word' id='word_1_257' title='bbox 1247 1993 1367 2045; x_wconf 88' lang='lat' dir='ltr'><strong>hinc</strong></span> <span class='ocrx_word' id='word_1_258' title='bbox 1394 1992 1669 2054; x_wconf 86' lang='lat' dir='ltr'><strong>altissimo,</strong></span> <span class='ocrx_word' id='word_1_259' title='bbox 1696 1999 1748 2043; x_wconf 92' lang='lat' dir='ltr'><strong>et</strong></span> 
     </span>
    </p>
   </div>
   <div class='ocr_carea' id='block_1_36' title="bbox 218 2063 1748 2132">
    <p class='ocr_par' dir='ltr' id='par_1_36' title="bbox 218 2063 1748 2132">
     <span class='ocr_line' id='line_1_36' title="bbox 218 2063 1748 2132; baseline 0.001 -1"><span class='ocrx_word' id='word_1_260' title='bbox 218 2079 343 2131; x_wconf 90' lang='lat' dir='ltr'><strong>inde</strong></span> <span class='ocrx_word' id='word_1_261' title='bbox 389 2079 586 2131; x_wconf 78' lang='lat' dir='ltr'><strong>inﬁnito</strong></span> <span class='ocrx_word' id='word_1_262' title='bbox 619 2078 879 2132; x_wconf 90' lang='lat' dir='ltr'><strong>clauditur</strong></span> <span class='ocrx_word' id='word_1_263' title='bbox 921 2063 1147 2131; x_wconf 79' lang='lat' dir='ltr'><strong>Oceano.</strong></span> <span class='ocrx_word' id='word_1_264' title='bbox 1199 2078 1376 2130; x_wconf 84' lang='lat' dir='ltr'><strong>Nullus</strong></span> <span class='ocrx_word' id='word_1_265' title='bbox 1427 2078 1557 2130; x_wconf 86' lang='lat' dir='ltr'><strong>hanc</strong></span> <span class='ocrx_word' id='word_1_266' title='bbox 1598 2075 1748 2132; x_wconf 82' lang='lat' dir='ltr'><strong>facile</strong></span> 
     </span>
    </p>
   </div>
   <div class='ocr_carea' id='block_1_37' title="bbox 220 2164 1748 2235">
    <p class='ocr_par' dir='ltr' id='par_1_37' title="bbox 220 2164 1748 2235">
     <span class='ocr_line' id='line_1_37' title="bbox 220 2164 1748 2235; baseline -0.003 -15"><span class='ocrx_word' id='word_1_267' title='bbox 220 2170 238 2197; x_wconf 85' lang='grc'>³</span> <span class='ocrx_word' id='word_1_268' title='bbox 258 2177 381 2220; x_wconf 87' lang='lat' dir='ltr'><strong>ante</strong></span> <span class='ocrx_word' id='word_1_269' title='bbox 407 2167 649 2219; x_wconf 84' lang='lat' dir='ltr'><strong>famulum</strong></span> <span class='ocrx_word' id='word_1_270' title='bbox 678 2166 878 2219; x_wconf 77' lang='lat' dir='ltr'><strong>Domini</strong></span> <span class='ocrx_word' id='word_1_271' title='bbox 909 2166 1251 2235; x_wconf 65' lang='lat' dir='ltr'><strong>Cudberctum</strong></span> <span class='ocrx_word' id='word_1_272' title='bbox 1282 2166 1425 2216; x_wconf 89' lang='lat' dir='ltr'><strong>solus</strong></span> <span class='ocrx_word' id='word_1_273' title='bbox 1451 2164 1645 2219; x_wconf 89' lang='lat' dir='ltr'><strong>valebat</strong></span> <span class='ocrx_word' id='word_1_274' title='bbox 1668 2165 1748 2216; x_wconf 91' lang='lat' dir='ltr'><strong>in-</strong></span> 
     </span>
    </p>
   </div>
   <div class='ocr_carea' id='block_1_38' title="bbox 223 2253 1747 2322">
    <p class='ocr_par' dir='ltr' id='par_1_38' title="bbox 223 2253 1747 2322">
     <span class='ocr_line' id='line_1_38' title="bbox 223 2253 1747 2322; baseline 0.001 -19"><span class='ocrx_word' id='word_1_275' title='bbox 223 2255 458 2307; x_wconf 81' lang='lat' dir='ltr'><strong>habitare</strong></span> <span class='ocrx_word' id='word_1_276' title='bbox 500 2254 733 2319; x_wconf 82' lang='lat' dir='ltr'><strong>colonus,</strong></span> <span class='ocrx_word' id='word_1_277' title='bbox 766 2268 957 2322; x_wconf 87' lang='lat' dir='ltr'><strong>proper</strong></span> <span class='ocrx_word' id='word_1_278' title='bbox 986 2253 1225 2306; x_wconf 83' lang='lat' dir='ltr'><strong>videlicet</strong></span> <span class='ocrx_word' id='word_1_279' title='bbox 1271 2253 1648 2306; x_wconf 86' lang='lat' dir='ltr'><strong>detnorantium</strong></span> <span class='ocrx_word' id='word_1_280' title='bbox 1678 2254 1747 2305; x_wconf 88' lang='lat' dir='ltr'><strong>ibi</strong></span> 
     </span>
    </p>
   </div>
   <div class='ocr_carea' id='block_1_39' title="bbox 224 2341 1749 2409">
    <p class='ocr_par' dir='ltr' id='par_1_39' title="bbox 224 2341 1749 2409">
     <span class='ocr_line' id='line_1_39' title="bbox 224 2341 1749 2409; baseline 0.002 -18"><span class='ocrx_word' id='word_1_281' title='bbox 224 2346 524 2409; x_wconf 73' lang='lat' dir='ltr'><strong>phantastas</strong></span> <span class='ocrx_word' id='word_1_282' title='bbox 566 2343 900 2408; x_wconf 78' lang='lat' dir='ltr'><strong>daemonum;</strong></span> <span class='ocrx_word' id='word_1_283' title='bbox 940 2357 1119 2396; x_wconf 88' lang='lat' dir='ltr'><strong>verum</strong></span> <span class='ocrx_word' id='word_1_284' title='bbox 1165 2343 1389 2394; x_wconf 82' lang='lat' dir='ltr'><strong>intrante</strong></span> <span class='ocrx_word' id='word_1_285' title='bbox 1426 2355 1539 2394; x_wconf 87' lang='lat' dir='ltr'><strong>eam</strong></span> <span class='ocrx_word' id='word_1_286' title='bbox 1585 2341 1749 2394; x_wconf 85' lang='lat' dir='ltr'><strong>milite</strong></span> 
     </span>
    </p>
   </div>
   <div class='ocr_carea' id='block_1_40' title="bbox 223 2420 1749 2500">
    <p class='ocr_par' dir='ltr' id='par_1_40' title="bbox 223 2420 1749 2500">
     <span class='ocr_line' id='line_1_40' title="bbox 223 2420 1749 2500; baseline -0.001 -17"><span class='ocrx_word' id='word_1_287' title='bbox 223 2433 418 2485; x_wconf 74' lang='lat' dir='ltr'><strong>Christi</strong></span> <span class='ocrx_word' id='word_1_288' title='bbox 468 2444 668 2485; x_wconf 91' lang='lat' dir='ltr'><strong>armato</strong></span> <span class='ocrx_word' id='word_1_289' title='bbox 709 2433 854 2500; x_wconf 88' lang='lat' dir='ltr'><strong>galea</strong></span> <span class='ocrx_word' id='word_1_290' title='bbox 880 2420 1059 2484; x_wconf 85' lang='lat' dir='ltr'><strong>salutis</strong></span> <span class='ocrx_word' id='word_1_291' title='bbox 1083 2471 1097 2494; x_wconf 91' lang='lat'><strong>,</strong></span> <span class='ocrx_word' id='word_1_292' title='bbox 1146 2439 1293 2484; x_wconf 89' lang='lat' dir='ltr'><strong>scuto</strong></span> <span class='ocrx_word' id='word_1_293' title='bbox 1324 2432 1462 2494; x_wconf 88' lang='lat' dir='ltr'><strong>tidei,</strong></span> <span class='ocrx_word' id='word_1_294' title='bbox 1488 2440 1553 2483; x_wconf 64' lang='grc' dir='ltr'><strong>ρει</strong></span> <span class='ocrx_word' id='word_1_295' title='bbox 1577 2429 1749 2497; x_wconf 89' lang='lat' dir='ltr'><strong>gladio</strong></span> 
     </span>
    </p>
   </div>
   <div class='ocr_carea' id='block_1_41' title="bbox 221 2516 1751 2588">
    <p class='ocr_par' dir='ltr' id='par_1_41' title="bbox 221 2516 1751 2588">
     <span class='ocr_line' id='line_1_41' title="bbox 221 2516 1751 2588; baseline 0 -16"><span class='ocrx_word' id='word_1_296' title='bbox 221 2521 439 2579; x_wconf 77' lang='lat' dir='ltr'><strong>spiritus</strong></span> <span class='ocrx_word' id='word_1_297' title='bbox 462 2561 477 2587; x_wconf 91' lang='lat'><strong>,</strong></span> <span class='ocrx_word' id='word_1_298' title='bbox 514 2520 652 2588; x_wconf 88' lang='lat' dir='ltr'><strong>quod</strong></span> <span class='ocrx_word' id='word_1_299' title='bbox 692 2530 772 2573; x_wconf 88' lang='lat' dir='ltr'><strong>est</strong></span> <span class='ocrx_word' id='word_1_300' title='bbox 801 2522 1012 2573; x_wconf 81' lang='lat' dir='ltr'><strong>verbum</strong></span> <span class='ocrx_word' id='word_1_301' title='bbox 1062 2516 1189 2581; x_wconf 87' lang='lat' dir='ltr'><strong>Dei,</strong></span> <span class='ocrx_word' id='word_1_302' title='bbox 1233 2530 1285 2572; x_wconf 89' lang='lat' dir='ltr'><strong>et</strong></span> <span class='ocrx_word' id='word_1_303' title='bbox 1315 2520 1486 2572; x_wconf 82' lang='lat' dir='ltr'><strong>omnia</strong></span> <span class='ocrx_word' id='word_1_304' title='bbox 1534 2520 1751 2572; x_wconf 72' lang='lat' dir='ltr'><strong>tela»ne-</strong></span> 
     </span>
    </p>
   </div>
   <div class='ocr_carea' id='block_1_42' title="bbox 220 2609 1747 2678">
    <p class='ocr_par' dir='ltr' id='par_1_42' title="bbox 220 2609 1747 2678">
     <span class='ocr_line' id='line_1_42' title="bbox 220 2609 1747 2678; baseline 0 -17"><span class='ocrx_word' id='word_1_305' title='bbox 220 2610 462 2676; x_wconf 87' lang='lat' dir='ltr'><strong>quissimi</strong></span> <span class='ocrx_word' id='word_1_306' title='bbox 491 2610 637 2677; x_wconf 88' lang='lat' dir='ltr'><strong>ignea</strong></span> <span class='ocrx_word' id='word_1_307' title='bbox 680 2612 930 2664; x_wconf 79' lang='lat' dir='ltr'><strong>exstincta</strong></span> <span class='ocrx_word' id='word_1_308' title='bbox 957 2650 972 2673; x_wconf 92' lang='lat'><strong>,</strong></span> <span class='ocrx_word' id='word_1_309' title='bbox 1021 2621 1075 2664; x_wconf 92' lang='lat' dir='ltr'><strong>et</strong></span> <span class='ocrx_word' id='word_1_310' title='bbox 1106 2611 1216 2678; x_wconf 90' lang='lat' dir='ltr'><strong>ipse</strong></span> <span class='ocrx_word' id='word_1_311' title='bbox 1244 2609 1590 2677; x_wconf 88' lang='lat' dir='ltr'><strong>nequissimus</strong></span> <span class='ocrx_word' id='word_1_312' title='bbox 1630 2625 1747 2662; x_wconf 84' lang='lat' dir='ltr'><strong>cum</strong></span> 
     </span>
    </p>
   </div>
   <div class='ocr_carea' id='block_1_43' title="bbox 221 2697 1751 2768">
    <p class='ocr_par' dir='ltr' id='par_1_43' title="bbox 221 2697 1751 2768">
     <span class='ocr_line' id='line_1_43' title="bbox 221 2697 1751 2768; baseline 0.001 -19"><span class='ocrx_word' id='word_1_313' title='bbox 221 2700 366 2751; x_wconf 86' lang='lat' dir='ltr'><strong>omni</strong></span> <span class='ocrx_word' id='word_1_314' title='bbox 416 2699 698 2753; x_wconf 85' lang='lat' dir='ltr'><strong>satellitum</strong></span> <span class='ocrx_word' id='word_1_315' title='bbox 754 2714 964 2765; x_wconf 78' lang='lat' dir='ltr'><strong>suorum</strong></span> <span class='ocrx_word' id='word_1_316' title='bbox 1012 2700 1157 2753; x_wconf 87' lang='lat' dir='ltr'><strong>turba</strong></span> <span class='ocrx_word' id='word_1_317' title='bbox 1203 2713 1357 2768; x_wconf 90' lang='lat' dir='ltr'><strong>porro</strong></span> <span class='ocrx_word' id='word_1_318' title='bbox 1421 2697 1626 2767; x_wconf 79' lang='lat' dir='ltr'><strong>fugatus</strong></span> <span class='ocrx_word' id='word_1_319' title='bbox 1670 2708 1751 2753; x_wconf 88' lang='lat' dir='ltr'><strong>est</strong></span> 
     </span>
    </p>
   </div>
   <div class='ocr_carea' id='block_1_44' title="bbox 224 2789 413 2843">
    <p class='ocr_par' dir='ltr' id='par_1_44' title="bbox 224 2789 413 2843">
     <span class='ocr_line' id='line_1_44' title="bbox 224 2789 413 2843; baseline 0.011 -4"><span class='ocrx_word' id='word_1_320' title='bbox 224 2789 413 2843; x_wconf 82' lang='lat' dir='ltr'><strong>hostis.</strong></span> 
     </span>
    </p>
   </div>
   <div class='ocr_carea' id='block_1_45' title="bbox 1846 2005 3361 2069">
    <p class='ocr_par' dir='ltr' id='par_1_45' title="bbox 1846 2005 3361 2069">
     <span class='ocr_line' id='line_1_45' title="bbox 1846 2005 3361 2069; baseline 0.003 -13"><span class='ocrx_word' id='word_1_321' title='bbox 1846 2005 2066 2067; x_wconf 83' lang='lat' dir='ltr'><strong>foveam,</strong></span> <span class='ocrx_word' id='word_1_322' title='bbox 2114 2018 2265 2069; x_wconf 87' lang='lat' dir='ltr'><strong>quam</strong></span> <span class='ocrx_word' id='word_1_323' title='bbox 2314 2005 2363 2055; x_wconf 89' lang='lat' dir='ltr'><strong>in</strong></span> <span class='ocrx_word' id='word_1_324' title='bbox 2389 2006 2667 2057; x_wconf 87' lang='lat' dir='ltr'><strong>crastinum</strong></span> <span class='ocrx_word' id='word_1_325' title='bbox 2715 2014 2990 2060; x_wconf 88' lang='lat' dir='ltr'><strong>emanante</strong></span> <span class='ocrx_word' id='word_1_326' title='bbox 3033 2008 3098 2060; x_wconf 89' lang='lat' dir='ltr'><strong>ab</strong></span> <span class='ocrx_word' id='word_1_327' title='bbox 3146 2009 3361 2061; x_wconf 85' lang='lat' dir='ltr'><strong>internis</strong></span> 
     </span>
    </p>
   </div>
   <div class='ocr_carea' id='block_1_46' title="bbox 1846 2091 3360 2162">
    <p class='ocr_par' dir='ltr' id='par_1_46' title="bbox 1846 2091 3360 2162">
     <span class='ocr_line' id='line_1_46' title="bbox 1846 2091 3360 2162; baseline 0.001 -17"><span class='ocrx_word' id='word_1_328' title='bbox 1846 2093 1979 2145; x_wconf 87' lang='lat' dir='ltr'><strong>unda</strong></span> <span class='ocrx_word' id='word_1_329' title='bbox 2010 2093 2254 2153; x_wconf 81' lang='lat' dir='ltr'><strong>repletam</strong></span> <span class='ocrx_word' id='word_1_330' title='bbox 2300 2093 2626 2145; x_wconf 85' lang='lat' dir='ltr'><strong>invenerunt.</strong></span> <span class='ocrx_word' id='word_1_331' title='bbox 2672 2091 2818 2146; x_wconf 90' lang='lat' dir='ltr'><strong>Unde</strong></span> <span class='ocrx_word' id='word_1_332' title='bbox 2846 2093 3055 2146; x_wconf 91' lang='lat' dir='ltr'><strong>dubium</strong></span> <span class='ocrx_word' id='word_1_333' title='bbox 3102 2110 3200 2147; x_wconf 90' lang='lat' dir='ltr'><strong>non</strong></span> <span class='ocrx_word' id='word_1_334' title='bbox 3230 2105 3360 2162; x_wconf 84' lang='lat' dir='ltr'><strong>erat,</strong></span> 
     </span>
    </p>
   </div>
   <div class='ocr_carea' id='block_1_47' title="bbox 1848 2179 3360 2236">
    <p class='ocr_par' dir='ltr' id='par_1_47' title="bbox 1848 2179 3360 2236">
     <span class='ocr_line' id='line_1_47' title="bbox 1848 2179 3360 2236; baseline 0.002 -4"><span class='ocrx_word' id='word_1_335' title='bbox 1848 2182 1979 2234; x_wconf 90' lang='lat' dir='ltr'><strong>hanc</strong></span> <span class='ocrx_word' id='word_1_336' title='bbox 2020 2179 2336 2235; x_wconf 86' lang='lat' dir='ltr'><strong>orationibus</strong></span> <span class='ocrx_word' id='word_1_337' title='bbox 2364 2181 2455 2233; x_wconf 90' lang='lat' dir='ltr'><strong>viri</strong></span> <span class='ocrx_word' id='word_1_338' title='bbox 2487 2180 2577 2233; x_wconf 77' lang='lat' dir='ltr'><strong>Dei</strong></span> <span class='ocrx_word' id='word_1_339' title='bbox 2615 2181 2679 2233; x_wconf 90' lang='lat' dir='ltr'><strong>de</strong></span> <span class='ocrx_word' id='word_1_340' title='bbox 2707 2181 2728 2212; x_wconf 82' lang='grc'>⁸</span> <span class='ocrx_word' id='word_1_341' title='bbox 2768 2181 3057 2234; x_wconf 84' lang='lat' dir='ltr'><strong>aridissima</strong></span> <span class='ocrx_word' id='word_1_342' title='bbox 3106 2197 3165 2235; x_wconf 89' lang='lat' dir='ltr'><strong>ac</strong></span> <span class='ocrx_word' id='word_1_343' title='bbox 3189 2186 3360 2236; x_wconf 68' lang='lat' dir='ltr'><strong>duris-</strong></span> 
     </span>
    </p>
   </div>
   <div class='ocr_carea' id='block_1_48' title="bbox 1845 2271 3397 2345">
    <p class='ocr_par' dir='ltr' id='par_1_48' title="bbox 1845 2271 3397 2345">
     <span class='ocr_line' id='line_1_48' title="bbox 1845 2271 3397 2345; baseline 0.001 -21"><span class='ocrx_word' id='word_1_344' title='bbox 1845 2273 1977 2324; x_wconf 82' lang='lat' dir='ltr'><strong>sima</strong></span> <span class='ocrx_word' id='word_1_345' title='bbox 2010 2271 2151 2335; x_wconf 84' lang='lat' dir='ltr'><strong>prius</strong></span> <span class='ocrx_word' id='word_1_346' title='bbox 2180 2282 2314 2325; x_wconf 89' lang='lat' dir='ltr'><strong>terra</strong></span> <span class='ocrx_word' id='word_1_347' title='bbox 2363 2272 2584 2324; x_wconf 87' lang='lat' dir='ltr'><strong>elicitam</strong></span> <span class='ocrx_word' id='word_1_348' title='bbox 2632 2271 2791 2325; x_wconf 83' lang='lat' dir='ltr'><strong>fuisse</strong></span> <span class='ocrx_word' id='word_1_349' title='bbox 2814 2288 3017 2339; x_wconf 85' lang='lat' dir='ltr'><strong>aquam.</strong></span> <span class='ocrx_word' id='word_1_350' title='bbox 3069 2274 3193 2338; x_wconf 75' lang='lat' dir='ltr'><strong>Qua:</strong></span> <span class='ocrx_word' id='word_1_351' title='bbox 3225 2274 3369 2326; x_wconf 88' lang='lat' dir='ltr'><strong>vide-</strong></span> <span class='ocrx_word' id='word_1_352' title='bbox 3396 2342 3397 2345; x_wconf 17' lang='grc' dir='ltr'><strong>η</strong></span> 
     </span>
    </p>
   </div>
   <div class='ocr_carea' id='block_1_49' title="bbox 1845 2358 3366 2427">
    <p class='ocr_par' dir='ltr' id='par_1_49' title="bbox 1845 2358 3366 2427">
     <span class='ocr_line' id='line_1_49' title="bbox 1845 2358 3366 2427; baseline 0.001 -17"><span class='ocrx_word' id='word_1_353' title='bbox 1845 2358 1966 2412; x_wconf 79' lang='lat' dir='ltr'><strong>licet</strong></span> <span class='ocrx_word' id='word_1_354' title='bbox 1991 2373 2121 2425; x_wconf 90' lang='lat' dir='ltr'><strong>aqua</strong></span> <span class='ocrx_word' id='word_1_355' title='bbox 2169 2359 2353 2410; x_wconf 91' lang='lat' dir='ltr'><strong>mirum</strong></span> <span class='ocrx_word' id='word_1_356' title='bbox 2385 2358 2436 2410; x_wconf 92' lang='lat' dir='ltr'><strong>in</strong></span> <span class='ocrx_word' id='word_1_357' title='bbox 2487 2359 2693 2410; x_wconf 89' lang='lat' dir='ltr'><strong>modum</strong></span> <span class='ocrx_word' id='word_1_358' title='bbox 2745 2362 2922 2426; x_wconf 84' lang='lat' dir='ltr'><strong>primis</strong></span> <span class='ocrx_word' id='word_1_359' title='bbox 2948 2370 3186 2414; x_wconf 85' lang='lat' dir='ltr'><strong>contenta</strong></span> <span class='ocrx_word' id='word_1_360' title='bbox 3218 2362 3366 2427; x_wconf 87' lang='lat' dir='ltr'><strong>ripis,</strong></span> 
     </span>
    </p>
   </div>
   <div class='ocr_carea' id='block_1_50' title="bbox 1846 2444 3364 2511">
    <p class='ocr_par' dir='ltr' id='par_1_50' title="bbox 1846 2444 3364 2511">
     <span class='ocr_line' id='line_1_50' title="bbox 1846 2444 3364 2511; baseline 0.001 -13"><span class='ocrx_word' id='word_1_361' title='bbox 1846 2461 1941 2499; x_wconf 89' lang='lat' dir='ltr'><strong>nec</strong></span> <span class='ocrx_word' id='word_1_362' title='bbox 1968 2446 2103 2497; x_wconf 79' lang='lat' dir='ltr'><strong>foras</strong></span> <span class='ocrx_word' id='word_1_363' title='bbox 2131 2444 2421 2497; x_wconf 90' lang='lat' dir='ltr'><strong>ebulliendo</strong></span> <span class='ocrx_word' id='word_1_364' title='bbox 2448 2446 2798 2511; x_wconf 76' lang='lat' dir='ltr'><strong>pavimentum</strong></span> <span class='ocrx_word' id='word_1_365' title='bbox 2824 2448 3088 2511; x_wconf 86' lang='lat' dir='ltr'><strong>invadere,</strong></span> <span class='ocrx_word' id='word_1_366' title='bbox 3121 2463 3213 2501; x_wconf 90' lang='lat' dir='ltr'><strong>nec</strong></span> <span class='ocrx_word' id='word_1_367' title='bbox 3240 2450 3364 2499; x_wconf 86' lang='lat' dir='ltr'><strong>hau-</strong></span> 
     </span>
    </p>
   </div>
   <div class='ocr_carea' id='block_1_51' title="bbox 1846 2534 3365 2606">
    <p class='ocr_par' dir='ltr' id='par_1_51' title="bbox 1846 2534 3365 2606">
     <span class='ocr_line' id='line_1_51' title="bbox 1846 2534 3365 2606; baseline 0 -18"><span class='ocrx_word' id='word_1_368' title='bbox 1846 2534 2025 2589; x_wconf 90' lang='lat' dir='ltr'><strong>riendo</strong></span> <span class='ocrx_word' id='word_1_369' title='bbox 2055 2534 2194 2586; x_wconf 90' lang='lat' dir='ltr'><strong>novit</strong></span> <span class='ocrx_word' id='word_1_370' title='bbox 2219 2536 2459 2597; x_wconf 82' lang='lat' dir='ltr'><strong>deﬁcere,</strong></span> <span class='ocrx_word' id='word_1_371' title='bbox 2507 2536 2576 2586; x_wconf 91' lang='lat' dir='ltr'><strong>ita</strong></span> <span class='ocrx_word' id='word_1_372' title='bbox 2623 2537 2920 2588; x_wconf 86' lang='lat' dir='ltr'><strong>moderante</strong></span> <span class='ocrx_word' id='word_1_373' title='bbox 2950 2537 3111 2603; x_wconf 84' lang='lat' dir='ltr'><strong>gratia</strong></span> <span class='ocrx_word' id='word_1_374' title='bbox 3157 2537 3365 2606; x_wconf 80' lang='lat' dir='ltr'><strong>largito-</strong></span> 
     </span>
    </p>
   </div>
   <div class='ocr_carea' id='block_1_52' title="bbox 1849 2622 3367 2699">
    <p class='ocr_par' dir='ltr' id='par_1_52' title="bbox 1849 2622 3367 2699">
     <span class='ocr_line' id='line_1_52' title="bbox 1849 2622 3367 2699; baseline -0.001 -20"><span class='ocrx_word' id='word_1_375' title='bbox 1849 2628 1941 2688; x_wconf 88' lang='lat' dir='ltr'><strong>ris,</strong></span> <span class='ocrx_word' id='word_1_376' title='bbox 1971 2635 2148 2677; x_wconf 90' lang='lat' dir='ltr'><strong>utnec</strong></span> <span class='ocrx_word' id='word_1_377' title='bbox 2180 2622 2473 2676; x_wconf 80' lang='lat' dir='ltr'><strong>necessitati</strong></span> <span class='ocrx_word' id='word_1_378' title='bbox 2520 2625 2823 2699; x_wconf 76' lang='lat' dir='ltr'><strong>accipientis</strong></span> <span class='ocrx_word' id='word_1_379' title='bbox 2869 2626 3225 2691; x_wconf 75' lang='lat' dir='ltr'><strong>superflueret,</strong></span> <span class='ocrx_word' id='word_1_380' title='bbox 3272 2640 3367 2679; x_wconf 84' lang='lat' dir='ltr'><strong>nec</strong></span> 
     </span>
    </p>
   </div>
   <div class='ocr_carea' id='block_1_53' title="bbox 1847 2710 2936 2780">
    <p class='ocr_par' dir='ltr' id='par_1_53' title="bbox 1847 2710 2936 2780">
     <span class='ocr_line' id='line_1_53' title="bbox 1847 2710 2936 2780; baseline -0.002 -14"><span class='ocrx_word' id='word_1_381' title='bbox 1847 2714 2197 2766; x_wconf 80' lang='lat' dir='ltr'><strong>sustentanda:</strong></span> <span class='ocrx_word' id='word_1_382' title='bbox 2222 2710 2513 2765; x_wconf 86' lang='lat' dir='ltr'><strong>necessitati</strong></span> <span class='ocrx_word' id='word_1_383' title='bbox 2539 2713 2683 2780; x_wconf 80' lang='lat' dir='ltr'><strong>Copia</strong></span> <span class='ocrx_word' id='word_1_384' title='bbox 2712 2713 2936 2765; x_wconf 72' lang='lat' dir='ltr'><strong>deesset.</strong></span> 
     </span>
    </p>
   </div>
   <div class='ocr_carea' id='block_1_54' title="bbox 1918 2798 3370 2866">
    <p class='ocr_par' dir='ltr' id='par_1_54' title="bbox 1918 2798 3370 2866">
     <span class='ocr_line' id='line_1_54' title="bbox 1918 2798 3370 2866; baseline -0.001 -13"><span class='ocrx_word' id='word_1_385' title='bbox 1918 2800 2073 2854; x_wconf 84' lang='lat' dir='ltr'><strong>Facta</strong></span> <span class='ocrx_word' id='word_1_386' title='bbox 2122 2812 2246 2865; x_wconf 83' lang='lat' dir='ltr'><strong>ergo</strong></span> <span class='ocrx_word' id='word_1_387' title='bbox 2287 2799 2586 2866; x_wconf 65' lang='lat' dir='ltr'><strong>juvantibut</strong></span> <span class='ocrx_word' id='word_1_388' title='bbox 2628 2814 2684 2852; x_wconf 89' lang='lat' dir='ltr'><strong>se</strong></span> <span class='ocrx_word' id='word_1_389' title='bbox 2730 2798 2979 2853; x_wconf 80' lang='lat' dir='ltr'><strong>fratribus</strong></span> <span class='ocrx_word' id='word_1_390' title='bbox 3017 2801 3280 2854; x_wconf 87' lang='lat' dir='ltr'><strong>mansione</strong></span> <span class='ocrx_word' id='word_1_391' title='bbox 3308 2814 3370 2852; x_wconf 88' lang='lat' dir='ltr'><strong>ac</strong></span> 
     </span>
    </p>
   </div>
   <div class='ocr_carea' id='block_1_55' title="bbox 295 2874 1748 2956">
    <p class='ocr_par' dir='ltr' id='par_1_55' title="bbox 295 2874 1748 2944">
     <span class='ocr_line' id='line_1_55' title="bbox 295 2874 1748 2944; baseline -0.002 -15"><span class='ocrx_word' id='word_1_392' title='bbox 295 2875 395 2941; x_wconf 85' lang='lat' dir='ltr'><strong>Qui</strong></span> <span class='ocrx_word' id='word_1_393' title='bbox 424 2875 664 2932; x_wconf 88' lang='lat' dir='ltr'><strong>videlicet</strong></span> <span class='ocrx_word' id='word_1_394' title='bbox 693 2878 843 2931; x_wconf 81' lang='lat' dir='ltr'><strong>miles</strong></span> <span class='ocrx_word' id='word_1_395' title='bbox 867 2875 1077 2943; x_wconf 83' lang='lat' dir='ltr'><strong>Christi,</strong></span> <span class='ocrx_word' id='word_1_396' title='bbox 1110 2885 1164 2929; x_wconf 93' lang='lat' dir='ltr'><strong>ut</strong></span> <span class='ocrx_word' id='word_1_397' title='bbox 1184 2874 1386 2930; x_wconf 86' lang='lat' dir='ltr'><strong>devicta</strong></span> <span class='ocrx_word' id='word_1_398' title='bbox 1415 2885 1748 2944; x_wconf 88' lang='lat' dir='ltr'><strong>tyrannorum</strong></span> 
     </span>
    </p>
   </div>
   <div class='ocr_carea' id='block_1_56' title="bbox 1853 2874 3366 2956">
    <p class='ocr_par' dir='ltr' id='par_1_56' title="bbox 1853 2887 3366 2956">
     <span class='ocr_line' id='line_1_56' title="bbox 1853 2887 3366 2956; baseline 0 -15"><span class='ocrx_word' id='word_1_399' title='bbox 1853 2890 2090 2941; x_wconf 89' lang='lat' dir='ltr'><strong>domibus</strong></span> <span class='ocrx_word' id='word_1_400' title='bbox 2121 2887 2366 2954; x_wconf 71' lang='lat' dir='ltr'><strong>prmfatis,</strong></span> <span class='ocrx_word' id='word_1_401' title='bbox 2412 2889 2588 2956; x_wconf 88' lang='lat' dir='ltr'><strong>incipit</strong></span> <span class='ocrx_word' id='word_1_402' title='bbox 2619 2888 2852 2941; x_wconf 86' lang='lat' dir='ltr'><strong>habitare</strong></span> <span class='ocrx_word' id='word_1_403' title='bbox 2885 2890 3027 2942; x_wconf 83' lang='lat' dir='ltr'><strong>solbs</strong></span> <span class='ocrx_word' id='word_1_404' title='bbox 3055 2890 3133 2942; x_wconf 90' lang='lat' dir='ltr'><strong>vir</strong></span> <span class='ocrx_word' id='word_1_405' title='bbox 3166 2889 3366 2941; x_wconf 88' lang='lat' dir='ltr'><strong>Domini</strong></span> 
     </span>
    </p>
   </div>
   <div class='ocr_carea' id='block_1_57' title="bbox 224 2965 1750 3033">
    <p class='ocr_par' dir='ltr' id='par_1_57' title="bbox 224 2965 1750 3033">
     <span class='ocr_line' id='line_1_57' title="bbox 224 2965 1750 3033; baseline -0.002 -16"><span class='ocrx_word' id='word_1_406' title='bbox 224 2968 342 3020; x_wconf 84' lang='lat' dir='ltr'><strong>acie</strong></span> <span class='ocrx_word' id='word_1_407' title='bbox 368 2968 678 3021; x_wconf 89' lang='lat' dir='ltr'><strong>monarchus</strong></span> <span class='ocrx_word' id='word_1_408' title='bbox 708 2977 857 3021; x_wconf 70' lang='lat' dir='ltr'><strong>terra:</strong></span> <span class='ocrx_word' id='word_1_409' title='bbox 896 2983 1047 3033; x_wconf 86' lang='lat' dir='ltr'><strong>quam</strong></span> <span class='ocrx_word' id='word_1_410' title='bbox 1078 2968 1275 3021; x_wconf 87' lang='lat' dir='ltr'><strong>adierat</strong></span> <span class='ocrx_word' id='word_1_411' title='bbox 1305 2965 1467 3019; x_wconf 83' lang='lat' dir='ltr'><strong>factus</strong></span> <span class='ocrx_word' id='word_1_412' title='bbox 1493 2973 1593 3022; x_wconf 87' lang='lat' dir='ltr'><strong>est.</strong></span> <span class='ocrx_word' id='word_1_413' title='bbox 1622 2978 1750 3015; x_wconf 92' lang='lat' dir='ltr'><strong>con-</strong></span> 
     </span>
    </p>
   </div>
   <div class='ocr_carea' id='block_1_58' title="bbox 224 3050 1754 3125">
    <p class='ocr_par' dir='ltr' id='par_1_58' title="bbox 224 3050 1754 3125">
     <span class='ocr_line' id='line_1_58' title="bbox 224 3050 1754 3125; baseline 0.001 -16"><span class='ocrx_word' id='word_1_414' title='bbox 224 3050 360 3110; x_wconf 76' lang='lat' dir='ltr'><strong>didit</strong></span> <span class='ocrx_word' id='word_1_415' title='bbox 386 3060 646 3111; x_wconf 88' lang='lat' dir='ltr'><strong>civitatem</strong></span> <span class='ocrx_word' id='word_1_416' title='bbox 674 3074 769 3113; x_wconf 91' lang='lat' dir='ltr'><strong>suo</strong></span> <span class='ocrx_word' id='word_1_417' title='bbox 796 3071 971 3125; x_wconf 88' lang='lat' dir='ltr'><strong>aptam</strong></span> <span class='ocrx_word' id='word_1_418' title='bbox 1014 3060 1250 3123; x_wconf 84' lang='lat' dir='ltr'><strong>imperio,</strong></span> <span class='ocrx_word' id='word_1_419' title='bbox 1284 3069 1334 3111; x_wconf 91' lang='lat' dir='ltr'><strong>et</strong></span> <span class='ocrx_word' id='word_1_420' title='bbox 1362 3059 1544 3112; x_wconf 87' lang='lat' dir='ltr'><strong>domos</strong></span> <span class='ocrx_word' id='word_1_421' title='bbox 1573 3058 1624 3111; x_wconf 89' lang='lat' dir='ltr'><strong>in</strong></span> <span class='ocrx_word' id='word_1_422' title='bbox 1656 3057 1754 3111; x_wconf 88' lang='lat' dir='ltr'><strong>hac</strong></span> 
     </span>
    </p>
   </div>
   <div class='ocr_carea' id='block_1_59' title="bbox 227 3147 1749 3215">
    <p class='ocr_par' dir='ltr' id='par_1_59' title="bbox 227 3147 1749 3215">
     <span class='ocr_line' id='line_1_59' title="bbox 227 3147 1749 3215; baseline -0.001 -18"><span class='ocrx_word' id='word_1_423' title='bbox 227 3162 376 3215; x_wconf 43' lang='lat' dir='ltr'><strong>arque</strong></span> <span class='ocrx_word' id='word_1_424' title='bbox 400 3147 596 3200; x_wconf 84' lang='lat' dir='ltr'><strong>civitati</strong></span> <span class='ocrx_word' id='word_1_425' title='bbox 637 3162 894 3215; x_wconf 86' lang='lat' dir='ltr'><strong>congruas</strong></span> <span class='ocrx_word' id='word_1_426' title='bbox 923 3148 1111 3201; x_wconf 79' lang='lat' dir='ltr'><strong>erexit.</strong></span> <span class='ocrx_word' id='word_1_427' title='bbox 1160 3147 1251 3200; x_wconf 83' lang='lat' dir='ltr'><strong>Est</strong></span> <span class='ocrx_word' id='word_1_428' title='bbox 1274 3154 1447 3199; x_wconf 87' lang='lat' dir='ltr'><strong>autem</strong></span> <span class='ocrx_word' id='word_1_429' title='bbox 1478 3147 1749 3200; x_wconf 67' lang='lat' dir='ltr'><strong>aedilicium</strong></span> 
     </span>
    </p>
   </div>
   <div class='ocr_carea' id='block_1_60' title="bbox 227 3235 1752 3303">
    <p class='ocr_par' dir='ltr' id='par_1_60' title="bbox 227 3235 1752 3303">
     <span class='ocr_line' id='line_1_60' title="bbox 227 3235 1752 3303; baseline -0.001 -16"><span class='ocrx_word' id='word_1_430' title='bbox 227 3236 331 3287; x_wconf 89' lang='lat' dir='ltr'><strong>situ</strong></span> <span class='ocrx_word' id='word_1_431' title='bbox 365 3250 497 3302; x_wconf 90' lang='lat' dir='ltr'><strong>pene</strong></span> <span class='ocrx_word' id='word_1_432' title='bbox 520 3236 824 3303; x_wconf 90' lang='lat' dir='ltr'><strong>rotundum,</strong></span> <span class='ocrx_word' id='word_1_433' title='bbox 852 3250 881 3288; x_wconf 91' lang='lat' dir='ltr'><strong>a</strong></span> <span class='ocrx_word' id='word_1_434' title='bbox 920 3250 1071 3289; x_wconf 91' lang='lat' dir='ltr'><strong>muro</strong></span> <span class='ocrx_word' id='word_1_435' title='bbox 1093 3249 1253 3302; x_wconf 91' lang='lat' dir='ltr'><strong>usque</strong></span> <span class='ocrx_word' id='word_1_436' title='bbox 1279 3235 1342 3287; x_wconf 87' lang='lat' dir='ltr'><strong>ad</strong></span> <span class='ocrx_word' id='word_1_437' title='bbox 1378 3250 1578 3287; x_wconf 90' lang='lat' dir='ltr'><strong>murum</strong></span> <span class='ocrx_word' id='word_1_438' title='bbox 1608 3249 1752 3286; x_wconf 88' lang='lat' dir='ltr'><strong>men-</strong></span> 
     </span>
    </p>
   </div>
   <div class='ocr_carea' id='block_1_61' title="bbox 228 3321 1756 3392">
    <p class='ocr_par' dir='ltr' id='par_1_61' title="bbox 228 3321 1756 3392">
     <span class='ocr_line' id='line_1_61' title="bbox 228 3321 1756 3392; baseline -0.002 -16"><span class='ocrx_word' id='word_1_439' title='bbox 228 3339 349 3377; x_wconf 82' lang='lat' dir='ltr'><strong>sura</strong></span> <span class='ocrx_word' id='word_1_440' title='bbox 376 3334 596 3391; x_wconf 88' lang='lat' dir='ltr'><strong>quatuor</strong></span> <span class='ocrx_word' id='word_1_441' title='bbox 625 3325 785 3379; x_wconf 88' lang='lat' dir='ltr'><strong>ferme</strong></span> <span class='ocrx_word' id='word_1_442' title='bbox 812 3327 919 3378; x_wconf 89' lang='lat' dir='ltr'><strong>slve</strong></span> <span class='ocrx_word' id='word_1_443' title='bbox 957 3324 1182 3392; x_wconf 89' lang='lat' dir='ltr'><strong>quinque</strong></span> <span class='ocrx_word' id='word_1_444' title='bbox 1209 3323 1519 3390; x_wconf 86' lang='lat' dir='ltr'><strong>perticarum</strong></span> <span class='ocrx_word' id='word_1_445' title='bbox 1559 3321 1756 3374; x_wconf 85' lang='lat' dir='ltr'><strong>disten-</strong></span> 
     </span>
    </p>
   </div>
   <div class='ocr_carea' id='block_1_62' title="bbox 229 3410 1753 3480">
    <p class='ocr_par' dir='ltr' id='par_1_62' title="bbox 229 3410 1753 3480">
     <span class='ocr_line' id='line_1_62' title="bbox 229 3410 1753 3480; baseline -0.001 -17"><span class='ocrx_word' id='word_1_446' title='bbox 229 3422 378 3475; x_wconf 90' lang='lat' dir='ltr'><strong>tum;</strong></span> <span class='ocrx_word' id='word_1_447' title='bbox 413 3427 589 3466; x_wconf 89' lang='lat' dir='ltr'><strong>murus</strong></span> <span class='ocrx_word' id='word_1_448' title='bbox 616 3413 728 3480; x_wconf 89' lang='lat' dir='ltr'><strong>ipse</strong></span> <span class='ocrx_word' id='word_1_449' title='bbox 768 3412 964 3467; x_wconf 82' lang='lat' dir='ltr'><strong>deforis</strong></span> <span class='ocrx_word' id='word_1_450' title='bbox 1011 3412 1161 3465; x_wconf 89' lang='lat' dir='ltr'><strong>altior</strong></span> <span class='ocrx_word' id='word_1_451' title='bbox 1205 3412 1523 3478; x_wconf 74' lang='lat' dir='ltr'><strong>longitudine</strong></span> <span class='ocrx_word' id='word_1_452' title='bbox 1568 3410 1753 3463; x_wconf 87' lang='lat' dir='ltr'><strong>stantis</strong></span> 
     </span>
    </p>
   </div>
   <div class='ocr_carea' id='block_1_63' title="bbox 234 3500 1754 3563">
    <p class='ocr_par' dir='ltr' id='par_1_63' title="bbox 234 3500 1754 3563">
     <span class='ocr_line' id='line_1_63' title="bbox 234 3500 1754 3563; baseline -0.001 -12"><span class='ocrx_word' id='word_1_453' title='bbox 234 3502 500 3555; x_wconf 87' lang='lat' dir='ltr'><strong>hominis:</strong></span> <span class='ocrx_word' id='word_1_454' title='bbox 549 3516 669 3555; x_wconf 90' lang='lat' dir='ltr'><strong>nam</strong></span> <span class='ocrx_word' id='word_1_455' title='bbox 714 3502 1027 3557; x_wconf 78' lang='lat' dir='ltr'><strong>intrinsecus</strong></span> <span class='ocrx_word' id='word_1_456' title='bbox 1068 3502 1235 3554; x_wconf 84' lang='lat' dir='ltr'><strong>vivam</strong></span> <span class='ocrx_word' id='word_1_457' title='bbox 1280 3500 1528 3553; x_wconf 70' lang='lat' dir='ltr'><strong>caedendo</strong></span> <span class='ocrx_word' id='word_1_458' title='bbox 1577 3514 1754 3563; x_wconf 90' lang='lat' dir='ltr'><strong>rupem</strong></span> 
     </span>
    </p>
   </div>
   <div class='ocr_carea' id='block_1_64' title="bbox 238 3590 1754 3659">
    <p class='ocr_par' dir='ltr' id='par_1_64' title="bbox 238 3590 1754 3659">
     <span class='ocr_line' id='line_1_64' title="bbox 238 3590 1754 3659; baseline 0 -18"><span class='ocrx_word' id='word_1_459' title='bbox 238 3591 403 3644; x_wconf 87' lang='lat' dir='ltr'><strong>multo</strong></span> <span class='ocrx_word' id='word_1_460' title='bbox 428 3590 569 3643; x_wconf 92' lang='lat' dir='ltr'><strong>illum</strong></span> <span class='ocrx_word' id='word_1_461' title='bbox 601 3591 721 3645; x_wconf 89' lang='lat' dir='ltr'><strong>fecit</strong></span> <span class='ocrx_word' id='word_1_462' title='bbox 755 3593 1013 3654; x_wconf 89' lang='lat' dir='ltr'><strong>altiorem,</strong></span> <span class='ocrx_word' id='word_1_463' title='bbox 1043 3600 1298 3659; x_wconf 80' lang='lat' dir='ltr'><strong>quatenus</strong></span> <span class='ocrx_word' id='word_1_464' title='bbox 1324 3592 1387 3643; x_wconf 87' lang='lat' dir='ltr'><strong>ad</strong></span> <span class='ocrx_word' id='word_1_465' title='bbox 1416 3590 1754 3645; x_wconf 79' lang='lat' dir='ltr'><strong>Cohibendam</strong></span> 
     </span>
    </p>
   </div>
   <div class='ocr_carea' id='block_1_65' title="bbox 234 3678 1756 3748">
    <p class='ocr_par' dir='ltr' id='par_1_65' title="bbox 234 3678 1756 3748">
     <span class='ocr_line' id='line_1_65' title="bbox 234 3678 1756 3748; baseline 0.001 -21"><span class='ocrx_word' id='word_1_466' title='bbox 234 3678 505 3733; x_wconf 86' lang='lat' dir='ltr'><strong>oculorum</strong></span> <span class='ocrx_word' id='word_1_467' title='bbox 536 3679 689 3733; x_wconf 87' lang='lat' dir='ltr'><strong>simul</strong></span> <span class='ocrx_word' id='word_1_468' title='bbox 728 3690 781 3733; x_wconf 89' lang='lat' dir='ltr'><strong>et</strong></span> <span class='ocrx_word' id='word_1_469' title='bbox 808 3680 1122 3748; x_wconf 88' lang='lat' dir='ltr'><strong>cogitatuum</strong></span> <span class='ocrx_word' id='word_1_470' title='bbox 1149 3679 1427 3739; x_wconf 87' lang='lat' dir='ltr'><strong>lasciviam,</strong></span> <span class='ocrx_word' id='word_1_471' title='bbox 1457 3680 1521 3730; x_wconf 88' lang='lat' dir='ltr'><strong>ad</strong></span> <span class='ocrx_word' id='word_1_472' title='bbox 1551 3680 1756 3745; x_wconf 84' lang='lat' dir='ltr'><strong>erigen—</strong></span> 
     </span>
    </p>
   </div>
   <div class='ocr_carea' id='block_1_66' title="bbox 234 3769 1755 3839">
    <p class='ocr_par' dir='ltr' id='par_1_66' title="bbox 234 3769 1755 3839">
     <span class='ocr_line' id='line_1_66' title="bbox 234 3769 1755 3839; baseline -0.003 -15"><span class='ocrx_word' id='word_1_473' title='bbox 234 3773 357 3825; x_wconf 85' lang='lat' dir='ltr'><strong>dam</strong></span> <span class='ocrx_word' id='word_1_474' title='bbox 384 3774 435 3825; x_wconf 92' lang='lat' dir='ltr'><strong>in</strong></span> <span class='ocrx_word' id='word_1_475' title='bbox 464 3786 688 3839; x_wconf 87' lang='lat' dir='ltr'><strong>superna</strong></span> <span class='ocrx_word' id='word_1_476' title='bbox 707 3772 960 3826; x_wconf 85' lang='lat' dir='ltr'><strong>desideria</strong></span> <span class='ocrx_word' id='word_1_477' title='bbox 991 3781 1150 3824; x_wconf 90' lang='lat' dir='ltr'><strong>totam</strong></span> <span class='ocrx_word' id='word_1_478' title='bbox 1180 3769 1366 3823; x_wconf 88' lang='lat' dir='ltr'><strong>mentis</strong></span> <span class='ocrx_word' id='word_1_479' title='bbox 1397 3769 1755 3831; x_wconf 82' lang='lat' dir='ltr'><strong>intentionem,</strong></span> 
     </span>
    </p>
   </div>
   <div class='ocr_carea' id='block_1_67' title="bbox 234 3847 1759 3928">
    <p class='ocr_par' dir='ltr' id='par_1_67' title="bbox 234 3847 1759 3928">
     <span class='ocr_line' id='line_1_67' title="bbox 234 3847 1759 3928; baseline -0.004 -17"><span class='ocrx_word' id='word_1_480' title='bbox 234 3863 352 3928; x_wconf 88' lang='lat' dir='ltr'><strong>pius</strong></span> <span class='ocrx_word' id='word_1_481' title='bbox 393 3859 559 3913; x_wconf 81' lang='lat' dir='ltr'><strong>incola</strong></span> <span class='ocrx_word' id='word_1_482' title='bbox 588 3860 656 3912; x_wconf 90' lang='lat' dir='ltr'><strong>nil</strong></span> <span class='ocrx_word' id='word_1_483' title='bbox 684 3861 749 3913; x_wconf 90' lang='lat' dir='ltr'><strong>de</strong></span> <span class='ocrx_word' id='word_1_484' title='bbox 785 3873 880 3912; x_wconf 88' lang='lat' dir='ltr'><strong>sua</strong></span> <span class='ocrx_word' id='word_1_485' title='bbox 907 3858 1173 3912; x_wconf 87' lang='lat' dir='ltr'><strong>mansione</strong></span> <span class='ocrx_word' id='word_1_486' title='bbox 1202 3864 1386 3925; x_wconf 60' lang='lat' dir='ltr'><strong>preter</strong></span> <span class='ocrx_word' id='word_1_487' title='bbox 1423 3856 1610 3908; x_wconf 67' lang='lat' dir='ltr'><strong>coelum</strong></span> <span class='ocrx_word' id='word_1_488' title='bbox 1638 3847 1759 3921; x_wconf 74' lang='lat' dir='ltr'><strong>&#39;pos-</strong></span> 
     </span>
    </p>
   </div>
   <div class='ocr_carea' id='block_1_68' title="bbox 231 3942 1759 4013">
    <p class='ocr_par' dir='ltr' id='par_1_68' title="bbox 231 3942 1759 4013">
     <span class='ocr_line' id='line_1_68' title="bbox 231 3942 1759 4013; baseline -0.007 -11"><span class='ocrx_word' id='word_1_489' title='bbox 231 3957 315 4002; x_wconf 69' lang='lat' dir='ltr'><strong>set</strong></span> <span class='ocrx_word' id='word_1_490' title='bbox 343 3948 551 4004; x_wconf 88' lang='lat' dir='ltr'><strong>intueri.</strong></span> <span class='ocrx_word' id='word_1_491' title='bbox 594 3948 758 4013; x_wconf 88' lang='lat' dir='ltr'><strong>Quem</strong></span> <span class='ocrx_word' id='word_1_492' title='bbox 803 3947 1040 4001; x_wconf 79' lang='lat' dir='ltr'><strong>videlicet</strong></span> <span class='ocrx_word' id='word_1_493' title='bbox 1071 3962 1302 4007; x_wconf 89' lang='lat' dir='ltr'><strong>murum,</strong></span> <span class='ocrx_word' id='word_1_494' title='bbox 1332 3946 1351 3975; x_wconf 83' lang='grc'><strong><em>³</em></strong></span> <span class='ocrx_word' id='word_1_495' title='bbox 1382 3959 1484 3997; x_wconf 89' lang='lat' dir='ltr'><strong>non</strong></span> <span class='ocrx_word' id='word_1_496' title='bbox 1515 3955 1656 3995; x_wconf 86' lang='lat' dir='ltr'><strong>secto</strong></span> <span class='ocrx_word' id='word_1_497' title='bbox 1684 3942 1759 3994; x_wconf 80' lang='lat' dir='ltr'><strong>Ia-</strong></span> 
     </span>
    </p>
   </div>
   <div class='ocr_carea' id='block_1_69' title="bbox 238 4032 1759 4099">
    <p class='ocr_par' dir='ltr' id='par_1_69' title="bbox 238 4032 1759 4099">
     <span class='ocr_line' id='line_1_69' title="bbox 238 4032 1759 4099; baseline -0.001 -13"><span class='ocrx_word' id='word_1_498' title='bbox 238 4035 381 4099; x_wconf 85' lang='lat' dir='ltr'><strong>pide,</strong></span> <span class='ocrx_word' id='word_1_499' title='bbox 408 4035 493 4088; x_wconf 88' lang='lat' dir='ltr'><strong>vel</strong></span> <span class='ocrx_word' id='word_1_500' title='bbox 522 4033 685 4088; x_wconf 86' lang='lat' dir='ltr'><strong>latere</strong></span> <span class='ocrx_word' id='word_1_501' title='bbox 729 4043 783 4089; x_wconf 91' lang='lat' dir='ltr'><strong>et</strong></span> <span class='ocrx_word' id='word_1_502' title='bbox 808 4044 1083 4095; x_wconf 62' lang='lat' dir='ltr'><strong>cremento,</strong></span> <span class='ocrx_word' id='word_1_503' title='bbox 1135 4033 1225 4087; x_wconf 89' lang='lat' dir='ltr'><strong>sed</strong></span> <span class='ocrx_word' id='word_1_504' title='bbox 1275 4032 1519 4099; x_wconf 91' lang='lat' dir='ltr'><strong>impolitis</strong></span> <span class='ocrx_word' id='word_1_505' title='bbox 1548 4046 1759 4099; x_wconf 87' lang='lat' dir='ltr'><strong>prorsus</strong></span> 
     </span>
    </p>
   </div>
   <div class='ocr_carea' id='block_1_70' title="bbox 238 4118 1759 4188">
    <p class='ocr_par' dir='ltr' id='par_1_70' title="bbox 238 4118 1759 4188">
     <span class='ocr_line' id='line_1_70' title="bbox 238 4118 1759 4188; baseline -0.002 -14"><span class='ocrx_word' id='word_1_506' title='bbox 238 4120 499 4186; x_wconf 87' lang='lat' dir='ltr'><strong>lapidibus</strong></span> <span class='ocrx_word' id='word_1_507' title='bbox 534 4130 589 4174; x_wconf 90' lang='lat' dir='ltr'><strong>et</strong></span> <span class='ocrx_word' id='word_1_508' title='bbox 625 4120 842 4186; x_wconf 85' lang='lat' dir='ltr'><strong>cespite,</strong></span> <span class='ocrx_word' id='word_1_509' title='bbox 874 4135 1026 4188; x_wconf 86' lang='lat' dir='ltr'><strong>quem</strong></span> <span class='ocrx_word' id='word_1_510' title='bbox 1066 4120 1131 4172; x_wconf 89' lang='lat' dir='ltr'><strong>de</strong></span> <span class='ocrx_word' id='word_1_511' title='bbox 1157 4118 1327 4172; x_wconf 88' lang='lat' dir='ltr'><strong>medio</strong></span> <span class='ocrx_word' id='word_1_512' title='bbox 1371 4119 1471 4171; x_wconf 91' lang='lat' dir='ltr'><strong>loci</strong></span> <span class='ocrx_word' id='word_1_513' title='bbox 1494 4119 1759 4172; x_wconf 86' lang='lat' dir='ltr'><strong>-fodiendo</strong></span> 
     </span>
    </p>
   </div>
   <div class='ocr_carea' id='block_1_71' title="bbox 236 4207 1763 4276">
    <p class='ocr_par' dir='ltr' id='par_1_71' title="bbox 236 4207 1763 4276">
     <span class='ocr_line' id='line_1_71' title="bbox 236 4207 1763 4276; baseline 0 -17"><span class='ocrx_word' id='word_1_514' title='bbox 236 4207 447 4275; x_wconf 80' lang='lat' dir='ltr'><strong>tulerat,</strong></span> <span class='ocrx_word' id='word_1_515' title='bbox 477 4210 787 4276; x_wconf 82' lang='lat' dir='ltr'><strong>composuit.</strong></span> <span class='ocrx_word' id='word_1_516' title='bbox 841 4207 879 4260; x_wconf 80' lang='grc' dir='ltr'>Ε</span> <span class='ocrx_word' id='word_1_517' title='bbox 925 4207 1109 4276; x_wconf 88' lang='lat' dir='ltr'><strong>quibus</strong></span> <span class='ocrx_word' id='word_1_518' title='bbox 1158 4207 1365 4274; x_wconf 88' lang='lat' dir='ltr'><strong>quidam</strong></span> <span class='ocrx_word' id='word_1_519' title='bbox 1414 4215 1570 4259; x_wconf 65' lang='lat' dir='ltr'><strong>tanta:</strong></span> <span class='ocrx_word' id='word_1_520' title='bbox 1614 4208 1763 4260; x_wconf 81' lang='lat' dir='ltr'><strong>erant</strong></span> 
     </span>
    </p>
   </div>
   <div class='ocr_carea' id='block_1_72' title="bbox 234 4295 1761 4363">
    <p class='ocr_par' dir='ltr' id='par_1_72' title="bbox 234 4295 1761 4363">
     <span class='ocr_line' id='line_1_72' title="bbox 234 4295 1761 4363; baseline 0 -15"><span class='ocrx_word' id='word_1_521' title='bbox 234 4297 540 4362; x_wconf 77' lang='lat' dir='ltr'><strong>granditatis</strong></span> <span class='ocrx_word' id='word_1_522' title='bbox 571 4308 626 4349; x_wconf 94' lang='lat' dir='ltr'><strong>ut</strong></span> <span class='ocrx_word' id='word_1_523' title='bbox 653 4300 736 4350; x_wconf 80' lang='lat' dir='ltr'><strong>vix</strong></span> <span class='ocrx_word' id='word_1_524' title='bbox 765 4310 794 4349; x_wconf 90' lang='lat' dir='ltr'><strong>a</strong></span> <span class='ocrx_word' id='word_1_525' title='bbox 822 4307 1043 4363; x_wconf 89' lang='lat' dir='ltr'><strong>quatuor</strong></span> <span class='ocrx_word' id='word_1_526' title='bbox 1064 4296 1187 4349; x_wconf 82' lang='lat' dir='ltr'><strong>viris</strong></span> <span class='ocrx_word' id='word_1_527' title='bbox 1209 4295 1506 4348; x_wconf 87' lang='lat' dir='ltr'><strong>viderentur</strong></span> <span class='ocrx_word' id='word_1_528' title='bbox 1528 4297 1761 4362; x_wconf 87' lang='lat' dir='ltr'><strong>potuisse</strong></span> 
     </span>
    </p>
   </div>
   <div class='ocr_carea' id='block_1_73' title="bbox 235 4371 1761 4453">
    <p class='ocr_par' dir='ltr' id='par_1_73' title="bbox 235 4371 1761 4453">
     <span class='ocr_line' id='line_1_73' title="bbox 235 4371 1761 4453; baseline -0.001 -15"><span class='ocrx_word' id='word_1_529' title='bbox 235 4386 416 4446; x_wconf 84' lang='lat' dir='ltr'><strong>levari,</strong></span> <span class='ocrx_word' id='word_1_530' title='bbox 442 4371 573 4452; x_wconf 85' lang='lat' dir='ltr'><strong>quos</strong></span> <span class='ocrx_word' id='word_1_531' title='bbox 598 4392 771 4439; x_wconf 86' lang='lat' dir='ltr'><strong>tamen</strong></span> <span class='ocrx_word' id='word_1_532' title='bbox 804 4384 918 4451; x_wconf 86' lang='lat' dir='ltr'><strong>ipse</strong></span> <span class='ocrx_word' id='word_1_533' title='bbox 936 4385 1170 4453; x_wconf 77' lang='lat' dir='ltr'><strong>angelico</strong></span> <span class='ocrx_word' id='word_1_534' title='bbox 1194 4384 1399 4451; x_wconf 81' lang='lat' dir='ltr'><strong>adjutus</strong></span> <span class='ocrx_word' id='word_1_535' title='bbox 1424 4384 1616 4437; x_wconf 78' lang='lat' dir='ltr'><strong>auxilio</strong></span> <span class='ocrx_word' id='word_1_536' title='bbox 1642 4383 1761 4436; x_wconf 88' lang='lat' dir='ltr'><strong>illuc</strong></span> 
     </span>
    </p>
   </div>
   <div class='ocr_carea' id='block_1_74' title="bbox 233 4472 1751 4542">
    <p class='ocr_par' dir='ltr' id='par_1_74' title="bbox 233 4472 1751 4542">
     <span class='ocr_line' id='line_1_74' title="bbox 233 4472 1751 4542; baseline -0.001 -17"><span class='ocrx_word' id='word_1_537' title='bbox 233 4474 481 4526; x_wconf 84' lang='lat' dir='ltr'><strong>attulisse</strong></span> <span class='ocrx_word' id='word_1_538' title='bbox 501 4472 729 4536; x_wconf 87' lang='lat' dir='ltr'><strong>aliunde,</strong></span> <span class='ocrx_word' id='word_1_539' title='bbox 775 4482 827 4525; x_wconf 89' lang='lat' dir='ltr'><strong>et</strong></span> <span class='ocrx_word' id='word_1_540' title='bbox 857 4487 1004 4525; x_wconf 92' lang='lat' dir='ltr'><strong>muro</strong></span> <span class='ocrx_word' id='word_1_541' title='bbox 1048 4473 1353 4539; x_wconf 89' lang='lat' dir='ltr'><strong>imposuisse</strong></span> <span class='ocrx_word' id='word_1_542' title='bbox 1379 4483 1613 4542; x_wconf 88' lang='lat' dir='ltr'><strong>repertus</strong></span> <span class='ocrx_word' id='word_1_543' title='bbox 1656 4483 1751 4527; x_wconf 90' lang='lat' dir='ltr'><strong>est.</strong></span> 
     </span>
    </p>
   </div>
   <div class='ocr_carea' id='block_1_75' title="bbox 239 4559 1755 4622">
    <p class='ocr_par' dir='ltr' id='par_1_75' title="bbox 239 4559 1755 4622">
     <span class='ocr_line' id='line_1_75' title="bbox 239 4559 1755 4622; baseline 0.001 -11"><span class='ocrx_word' id='word_1_544' title='bbox 239 4561 375 4613; x_wconf 85' lang='lat' dir='ltr'><strong>Duas</strong></span> <span class='ocrx_word' id='word_1_545' title='bbox 401 4560 451 4612; x_wconf 88' lang='lat' dir='ltr'><strong>itt</strong></span> <span class='ocrx_word' id='word_1_546' title='bbox 480 4560 747 4614; x_wconf 86' lang='lat' dir='ltr'><strong>mansione</strong></span> <span class='ocrx_word' id='word_1_547' title='bbox 774 4559 999 4613; x_wconf 88' lang='lat' dir='ltr'><strong>habebat</strong></span> <span class='ocrx_word' id='word_1_548' title='bbox 1047 4560 1251 4622; x_wconf 88' lang='lat' dir='ltr'><strong>domos,</strong></span> <span class='ocrx_word' id='word_1_549' title='bbox 1300 4562 1584 4614; x_wconf 81' lang='lat' dir='ltr'><strong>oratorium</strong></span> <span class='ocrx_word' id='word_1_550' title='bbox 1614 4561 1755 4615; x_wconf 86' lang='lat' dir='ltr'><strong>scili-</strong></span> 
     </span>
    </p>
   </div>
   <div class='ocr_carea' id='block_1_76' title="bbox 235 4647 1754 4714">
    <p class='ocr_par' dir='ltr' id='par_1_76' title="bbox 235 4647 1754 4714">
     <span class='ocr_line' id='line_1_76' title="bbox 235 4647 1754 4714; baseline 0.001 -14"><span class='ocrx_word' id='word_1_551' title='bbox 235 4658 321 4700; x_wconf 87' lang='lat' dir='ltr'><strong>cet</strong></span> <span class='ocrx_word' id='word_1_552' title='bbox 356 4657 411 4701; x_wconf 91' lang='lat' dir='ltr'><strong>et</strong></span> <span class='ocrx_word' id='word_1_553' title='bbox 430 4647 567 4701; x_wconf 90' lang='lat' dir='ltr'><strong>aliud</strong></span> <span class='ocrx_word' id='word_1_554' title='bbox 592 4648 656 4699; x_wconf 89' lang='lat' dir='ltr'><strong>ad</strong></span> <span class='ocrx_word' id='word_1_555' title='bbox 685 4661 985 4701; x_wconf 88' lang='lat' dir='ltr'><strong>communes</strong></span> <span class='ocrx_word' id='word_1_556' title='bbox 1014 4663 1136 4701; x_wconf 89' lang='lat' dir='ltr'><strong>usus</strong></span> <span class='ocrx_word' id='word_1_557' title='bbox 1180 4659 1353 4714; x_wconf 92' lang='lat' dir='ltr'><strong>aptum</strong></span> <span class='ocrx_word' id='word_1_558' title='bbox 1385 4650 1754 4703; x_wconf 88' lang='lat' dir='ltr'><strong>habitaculum.</strong></span> 
     </span>
    </p>
   </div>
   <div class='ocr_carea' id='block_1_77' title="bbox 235 4736 1755 4811">
    <p class='ocr_par' dir='ltr' id='par_1_77' title="bbox 235 4736 1755 4811">
     <span class='ocr_line' id='line_1_77' title="bbox 235 4736 1755 4811; baseline 0.001 -23"><span class='ocrx_word' id='word_1_559' title='bbox 235 4738 466 4799; x_wconf 80' lang='lat' dir='ltr'><strong>Quorum</strong></span> <span class='ocrx_word' id='word_1_560' title='bbox 494 4736 715 4811; x_wconf 78' lang='lat' dir='ltr'><strong>parietes</strong></span> <span class='ocrx_word' id='word_1_561' title='bbox 758 4737 964 4802; x_wconf 90' lang='lat' dir='ltr'><strong>quidem</strong></span> <span class='ocrx_word' id='word_1_562' title='bbox 994 4738 1059 4790; x_wconf 91' lang='lat' dir='ltr'><strong>de</strong></span> <span class='ocrx_word' id='word_1_563' title='bbox 1106 4737 1323 4791; x_wconf 89' lang='lat' dir='ltr'><strong>naturali</strong></span> <span class='ocrx_word' id='word_1_564' title='bbox 1355 4746 1489 4789; x_wconf 88' lang='lat' dir='ltr'><strong>terra</strong></span> <span class='ocrx_word' id='word_1_565' title='bbox 1540 4739 1755 4790; x_wconf 90' lang='lat' dir='ltr'><strong>multum</strong></span> 
     </span>
    </p>
   </div>
   <div class='ocr_carea' id='block_1_78' title="bbox 236 4824 1757 4891">
    <p class='ocr_par' dir='ltr' id='par_1_78' title="bbox 236 4824 1757 4891">
     <span class='ocr_line' id='line_1_78' title="bbox 236 4824 1757 4891; baseline -0.001 -15"><span class='ocrx_word' id='word_1_566' title='bbox 236 4825 375 4876; x_wconf 87' lang='lat' dir='ltr'><strong>intus</strong></span> <span class='ocrx_word' id='word_1_567' title='bbox 400 4824 627 4891; x_wconf 85' lang='lat' dir='ltr'><strong>forisque</strong></span> <span class='ocrx_word' id='word_1_568' title='bbox 654 4824 1115 4888; x_wconf 72' lang='lat' dir='ltr'><strong>circumfiidiendo,</strong></span> <span class='ocrx_word' id='word_1_569' title='bbox 1168 4827 1276 4879; x_wconf 88' lang='lat' dir='ltr'><strong>sive</strong></span> <span class='ocrx_word' id='word_1_570' title='bbox 1304 4824 1549 4877; x_wconf 65' lang='lat' dir='ltr'><strong>credendo</strong></span> <span class='ocrx_word' id='word_1_571' title='bbox 1576 4829 1757 4877; x_wconf 82' lang='lat' dir='ltr'><strong>conte-</strong></span> 
     </span>
    </p>
   </div>
   <div class='ocr_carea' id='block_1_79' title="bbox 236 4911 1756 4979">
    <p class='ocr_par' dir='ltr' id='par_1_79' title="bbox 236 4911 1756 4979">
     <span class='ocr_line' id='line_1_79' title="bbox 236 4911 1756 4979; baseline -0.001 -15"><span class='ocrx_word' id='word_1_572' title='bbox 236 4916 325 4976; x_wconf 78' lang='lat' dir='ltr'><strong>cit,</strong></span> <span class='ocrx_word' id='word_1_573' title='bbox 357 4914 580 4966; x_wconf 87' lang='lat' dir='ltr'><strong>culmina</strong></span> <span class='ocrx_word' id='word_1_574' title='bbox 609 4928 730 4967; x_wconf 89' lang='lat' dir='ltr'><strong>vero</strong></span> <span class='ocrx_word' id='word_1_575' title='bbox 754 4914 816 4965; x_wconf 89' lang='lat' dir='ltr'><strong>de</strong></span> <span class='ocrx_word' id='word_1_576' title='bbox 846 4912 993 4979; x_wconf 81' lang='lat' dir='ltr'><strong>lignis</strong></span> <span class='ocrx_word' id='word_1_577' title='bbox 1021 4913 1326 4966; x_wconf 87' lang='lat' dir='ltr'><strong>informibus</strong></span> <span class='ocrx_word' id='word_1_578' title='bbox 1348 4922 1400 4965; x_wconf 92' lang='lat' dir='ltr'><strong>et</strong></span> <span class='ocrx_word' id='word_1_579' title='bbox 1428 4911 1547 4965; x_wconf 84' lang='lat' dir='ltr'><strong>leno</strong></span> <span class='ocrx_word' id='word_1_580' title='bbox 1575 4927 1756 4977; x_wconf 82' lang='lat' dir='ltr'><strong>super-</strong></span> 
     </span>
    </p>
   </div>
   <div class='ocr_carea' id='block_1_80' title="bbox 238 5000 1753 5067">
    <p class='ocr_par' dir='ltr' id='par_1_80' title="bbox 238 5000 1753 5067">
     <span class='ocr_line' id='line_1_80' title="bbox 238 5000 1753 5067; baseline 0 -17"><span class='ocrx_word' id='word_1_581' title='bbox 238 5002 429 5065; x_wconf 85' lang='lat' dir='ltr'><strong>posuit.</strong></span> <span class='ocrx_word' id='word_1_582' title='bbox 466 5001 623 5052; x_wconf 79' lang='lat' dir='ltr'><strong>Porro</strong></span> <span class='ocrx_word' id='word_1_583' title='bbox 653 5000 672 5029; x_wconf 72' lang='grc'><strong><em>⁵</em></strong></span> <span class='ocrx_word' id='word_1_584' title='bbox 701 5002 764 5052; x_wconf 89' lang='lat' dir='ltr'><strong>ad</strong></span> <span class='ocrx_word' id='word_1_585' title='bbox 796 5011 994 5067; x_wconf 87' lang='lat' dir='ltr'><strong>portum</strong></span> <span class='ocrx_word' id='word_1_586' title='bbox 1026 5001 1207 5053; x_wconf 70' lang='lat' dir='ltr'><strong>insula:</strong></span> <span class='ocrx_word' id='word_1_587' title='bbox 1226 5001 1387 5067; x_wconf 83' lang='lat' dir='ltr'><strong>major</strong></span> <span class='ocrx_word' id='word_1_588' title='bbox 1416 5001 1753 5061; x_wconf 75' lang='lat' dir='ltr'><strong>eratdomus,</strong></span> 
     </span>
    </p>
   </div>
   <div class='ocr_carea' id='block_1_81' title="bbox 238 5088 1755 5158">
    <p class='ocr_par' dir='ltr' id='par_1_81' title="bbox 238 5088 1755 5158">
     <span class='ocr_line' id='line_1_81' title="bbox 238 5088 1755 5158; baseline -0.002 -15"><span class='ocrx_word' id='word_1_589' title='bbox 238 5094 419 5158; x_wconf 84' lang='lat' dir='ltr'><strong>inqua</strong></span> <span class='ocrx_word' id='word_1_590' title='bbox 464 5090 729 5143; x_wconf 78' lang='lat' dir='ltr'><strong>visitantes</strong></span> <span class='ocrx_word' id='word_1_591' title='bbox 769 5105 885 5143; x_wconf 86' lang='lat' dir='ltr'><strong>eum</strong></span> <span class='ocrx_word' id='word_1_592' title='bbox 932 5089 1115 5155; x_wconf 78' lang='lat' dir='ltr'><strong>fratres</strong></span> <span class='ocrx_word' id='word_1_593' title='bbox 1154 5088 1341 5154; x_wconf 88' lang='lat' dir='ltr'><strong>suscipi</strong></span> <span class='ocrx_word' id='word_1_594' title='bbox 1392 5098 1444 5139; x_wconf 90' lang='lat' dir='ltr'><strong>et</strong></span> <span class='ocrx_word' id='word_1_595' title='bbox 1486 5088 1755 5152; x_wconf 81' lang='lat' dir='ltr'><strong>quiescere</strong></span> 
     </span>
    </p>
   </div>
   <div class='ocr_carea' id='block_1_82' title="bbox 1848 2974 3369 3039">
    <p class='ocr_par' dir='ltr' id='par_1_82' title="bbox 1848 2974 3369 3039">
     <span class='ocr_line' id='line_1_82' title="bbox 1848 2974 3369 3039; baseline -0.001 -11"><span class='ocrx_word' id='word_1_596' title='bbox 1848 2975 2187 3031; x_wconf 85' lang='lat' dir='ltr'><strong>Cudberctus.</strong></span> <span class='ocrx_word' id='word_1_597' title='bbox 2218 2974 2278 3026; x_wconf 83' lang='lat' dir='ltr'><strong>Et</strong></span> <span class='ocrx_word' id='word_1_598' title='bbox 2302 2975 2473 3038; x_wconf 88' lang='lat' dir='ltr'><strong>primo</strong></span> <span class='ocrx_word' id='word_1_599' title='bbox 2493 2974 2695 3039; x_wconf 89' lang='lat' dir='ltr'><strong>quidem</strong></span> <span class='ocrx_word' id='word_1_600' title='bbox 2722 2976 3048 3027; x_wconf 89' lang='lat' dir='ltr'><strong>venientibus</strong></span> <span class='ocrx_word' id='word_1_601' title='bbox 3073 2976 3137 3028; x_wconf 86' lang='lat' dir='ltr'><strong>ad</strong></span> <span class='ocrx_word' id='word_1_602' title='bbox 3174 2992 3231 3029; x_wconf 88' lang='lat' dir='ltr'><strong>se</strong></span> <span class='ocrx_word' id='word_1_603' title='bbox 3255 2974 3369 3027; x_wconf 87' lang='lat' dir='ltr'><strong>fra-</strong></span> 
     </span>
    </p>
   </div>
   <div class='ocr_carea' id='block_1_83' title="bbox 1855 3061 3370 3127">
    <p class='ocr_par' dir='ltr' id='par_1_83' title="bbox 1855 3061 3370 3127">
     <span class='ocr_line' id='line_1_83' title="bbox 1855 3061 3370 3127; baseline 0 -12"><span class='ocrx_word' id='word_1_604' title='bbox 1855 3064 2019 3116; x_wconf 90' lang='lat' dir='ltr'><strong>tribus</strong></span> <span class='ocrx_word' id='word_1_605' title='bbox 2043 3063 2109 3115; x_wconf 91' lang='lat' dir='ltr'><strong>de</strong></span> <span class='ocrx_word' id='word_1_606' title='bbox 2130 3061 2149 3090; x_wconf 86' lang='lat'><strong><em>&quot;</em></strong></span> <span class='ocrx_word' id='word_1_607' title='bbox 2182 3075 2272 3113; x_wconf 91' lang='lat' dir='ltr'><strong>sua</strong></span> <span class='ocrx_word' id='word_1_608' title='bbox 2299 3062 2481 3113; x_wconf 88' lang='lat' dir='ltr'><strong>cellula</strong></span> <span class='ocrx_word' id='word_1_609' title='bbox 2503 3062 2675 3127; x_wconf 84' lang='lat' dir='ltr'><strong>egredi</strong></span> <span class='ocrx_word' id='word_1_610' title='bbox 2703 3061 2886 3127; x_wconf 88' lang='lat' dir='ltr'><strong>eisque</strong></span> <span class='ocrx_word' id='word_1_611' title='bbox 2916 3063 3204 3116; x_wconf 86' lang='lat' dir='ltr'><strong>ministrare</strong></span> <span class='ocrx_word' id='word_1_612' title='bbox 3231 3063 3370 3115; x_wconf 86' lang='lat' dir='ltr'><strong>sole-</strong></span> 
     </span>
    </p>
   </div>
   <div class='ocr_carea' id='block_1_84' title="bbox 1856 3149 3373 3215">
    <p class='ocr_par' dir='ltr' id='par_1_84' title="bbox 1856 3149 3373 3215">
     <span class='ocr_line' id='line_1_84' title="bbox 1856 3149 3373 3215; baseline -0.001 -13"><span class='ocrx_word' id='word_1_613' title='bbox 1856 3151 1962 3203; x_wconf 87' lang='lat' dir='ltr'><strong>bat.</strong></span> <span class='ocrx_word' id='word_1_614' title='bbox 2016 3150 2243 3213; x_wconf 88' lang='lat' dir='ltr'><strong>Quorum</strong></span> <span class='ocrx_word' id='word_1_615' title='bbox 2273 3149 2393 3201; x_wconf 91' lang='lat' dir='ltr'><strong>dum</strong></span> <span class='ocrx_word' id='word_1_616' title='bbox 2442 3149 2596 3214; x_wconf 88' lang='lat' dir='ltr'><strong>pedes</strong></span> <span class='ocrx_word' id='word_1_617' title='bbox 2622 3163 2750 3215; x_wconf 86' lang='lat' dir='ltr'><strong>aqua</strong></span> <span class='ocrx_word' id='word_1_618' title='bbox 2796 3149 2962 3202; x_wconf 88' lang='lat' dir='ltr'><strong>calida</strong></span> <span class='ocrx_word' id='word_1_619' title='bbox 2991 3150 3209 3202; x_wconf 88' lang='lat' dir='ltr'><strong>devotus</strong></span> <span class='ocrx_word' id='word_1_620' title='bbox 3235 3151 3373 3202; x_wconf 80' lang='lat' dir='ltr'><strong>lava-</strong></span> 
     </span>
    </p>
   </div>
   <div class='ocr_carea' id='block_1_85' title="bbox 1865 3237 3375 3301">
    <p class='ocr_par' dir='ltr' id='par_1_85' title="bbox 1865 3237 3375 3301">
     <span class='ocr_line' id='line_1_85' title="bbox 1865 3237 3375 3301; baseline -0.002 -9"><span class='ocrx_word' id='word_1_621' title='bbox 1865 3248 1963 3300; x_wconf 89' lang='lat' dir='ltr'><strong>ret,</strong></span> <span class='ocrx_word' id='word_1_622' title='bbox 2009 3248 2219 3291; x_wconf 81' lang='lat' dir='ltr'><strong>coactus</strong></span> <span class='ocrx_word' id='word_1_623' title='bbox 2263 3247 2342 3290; x_wconf 88' lang='lat' dir='ltr'><strong>est</strong></span> <span class='ocrx_word' id='word_1_624' title='bbox 2383 3237 2653 3301; x_wconf 86' lang='lat' dir='ltr'><strong>aliquoties</strong></span> <span class='ocrx_word' id='word_1_625' title='bbox 2681 3237 2745 3289; x_wconf 87' lang='lat' dir='ltr'><strong>ab</strong></span> <span class='ocrx_word' id='word_1_626' title='bbox 2773 3239 2847 3291; x_wconf 86' lang='lat' dir='ltr'><strong>eis</strong></span> <span class='ocrx_word' id='word_1_627' title='bbox 2892 3239 3045 3291; x_wconf 82' lang='lat' dir='ltr'><strong>etiam</strong></span> <span class='ocrx_word' id='word_1_628' title='bbox 3086 3253 3145 3292; x_wconf 89' lang='lat' dir='ltr'><strong>se</strong></span> <span class='ocrx_word' id='word_1_629' title='bbox 3189 3238 3375 3291; x_wconf 87' lang='lat' dir='ltr'><strong>discal-</strong></span> 
     </span>
    </p>
   </div>
   <div class='ocr_carea' id='block_1_86' title="bbox 1855 3324 3373 3393">
    <p class='ocr_par' dir='ltr' id='par_1_86' title="bbox 1855 3324 3373 3393">
     <span class='ocr_line' id='line_1_86' title="bbox 1855 3324 3373 3393; baseline 0 -15"><span class='ocrx_word' id='word_1_630' title='bbox 1855 3340 2026 3388; x_wconf 88' lang='lat' dir='ltr'><strong>ceare,</strong></span> <span class='ocrx_word' id='word_1_631' title='bbox 2077 3338 2301 3388; x_wconf 89' lang='lat' dir='ltr'><strong>suosque</strong></span> <span class='ocrx_word' id='word_1_632' title='bbox 2331 3324 2484 3389; x_wconf 82' lang='lat' dir='ltr'><strong>pedes</strong></span> <span class='ocrx_word' id='word_1_633' title='bbox 2531 3324 2627 3379; x_wconf 88' lang='lat' dir='ltr'><strong>illis</strong></span> <span class='ocrx_word' id='word_1_634' title='bbox 2670 3324 2735 3376; x_wconf 89' lang='lat' dir='ltr'><strong>ad</strong></span> <span class='ocrx_word' id='word_1_635' title='bbox 2782 3325 3088 3377; x_wconf 87' lang='lat' dir='ltr'><strong>ablueudum</strong></span> <span class='ocrx_word' id='word_1_636' title='bbox 3120 3329 3373 3393; x_wconf 73' lang='lat' dir='ltr'><strong>prrebere.</strong></span> 
     </span>
    </p>
   </div>
   <div class='ocr_carea' id='block_1_87' title="bbox 1855 3412 3369 3479">
    <p class='ocr_par' dir='ltr' id='par_1_87' title="bbox 1855 3412 3369 3479">
     <span class='ocr_line' id='line_1_87' title="bbox 1855 3412 3369 3479; baseline 0.001 -15"><span class='ocrx_word' id='word_1_637' title='bbox 1855 3413 2083 3479; x_wconf 73' lang='lat' dir='ltr'><strong>Namque</strong></span> <span class='ocrx_word' id='word_1_638' title='bbox 2110 3412 2160 3463; x_wconf 91' lang='lat' dir='ltr'><strong>in</strong></span> <span class='ocrx_word' id='word_1_639' title='bbox 2188 3421 2381 3463; x_wconf 88' lang='lat' dir='ltr'><strong>tantum</strong></span> <span class='ocrx_word' id='word_1_640' title='bbox 2412 3426 2443 3463; x_wconf 88' lang='lat' dir='ltr'><strong>a</strong></span> <span class='ocrx_word' id='word_1_641' title='bbox 2471 3412 2609 3464; x_wconf 90' lang='lat' dir='ltr'><strong>cultu</strong></span> <span class='ocrx_word' id='word_1_642' title='bbox 2654 3414 2732 3463; x_wconf 87' lang='lat' dir='ltr'><strong>sui</strong></span> <span class='ocrx_word' id='word_1_643' title='bbox 2760 3414 2993 3476; x_wconf 87' lang='lat' dir='ltr'><strong>corporis</strong></span> <span class='ocrx_word' id='word_1_644' title='bbox 3022 3414 3248 3465; x_wconf 85' lang='lat' dir='ltr'><strong>animum</strong></span> <span class='ocrx_word' id='word_1_645' title='bbox 3279 3429 3369 3466; x_wconf 84' lang='lat' dir='ltr'><strong>su-</strong></span> 
     </span>
    </p>
   </div>
   <div class='ocr_carea' id='block_1_88' title="bbox 1854 3499 3370 3566">
    <p class='ocr_par' dir='ltr' id='par_1_88' title="bbox 1854 3499 3370 3566">
     <span class='ocr_line' id='line_1_88' title="bbox 1854 3499 3370 3566; baseline 0 -14"><span class='ocrx_word' id='word_1_646' title='bbox 1854 3500 2090 3563; x_wconf 86' lang='lat' dir='ltr'><strong>stulerat,</strong></span> <span class='ocrx_word' id='word_1_647' title='bbox 2143 3508 2297 3566; x_wconf 88' lang='lat' dir='ltr'><strong>atque</strong></span> <span class='ocrx_word' id='word_1_648' title='bbox 2322 3500 2383 3550; x_wconf 90' lang='lat' dir='ltr'><strong>ad</strong></span> <span class='ocrx_word' id='word_1_649' title='bbox 2413 3499 2596 3551; x_wconf 68' lang='lat' dir='ltr'><strong>animae</strong></span> <span class='ocrx_word' id='word_1_650' title='bbox 2638 3499 2799 3553; x_wconf 87' lang='lat' dir='ltr'><strong>solius</strong></span> <span class='ocrx_word' id='word_1_651' title='bbox 2840 3504 3033 3552; x_wconf 89' lang='lat' dir='ltr'><strong>cultum</strong></span> <span class='ocrx_word' id='word_1_652' title='bbox 3061 3502 3370 3563; x_wconf 83' lang='lat' dir='ltr'><strong>contulerat,</strong></span> 
     </span>
    </p>
   </div>
   <div class='ocr_carea' id='block_1_89' title="bbox 1857 3588 3367 3656">
    <p class='ocr_par' dir='ltr' id='par_1_89' title="bbox 1857 3588 3367 3656">
     <span class='ocr_line' id='line_1_89' title="bbox 1857 3588 3367 3656; baseline 0.001 -17"><span class='ocrx_word' id='word_1_653' title='bbox 1857 3596 1912 3639; x_wconf 94' lang='lat' dir='ltr'><strong>ut</strong></span> <span class='ocrx_word' id='word_1_654' title='bbox 1953 3588 2111 3640; x_wconf 88' lang='lat' dir='ltr'><strong>semel</strong></span> <span class='ocrx_word' id='word_1_655' title='bbox 2142 3588 2401 3641; x_wconf 82' lang='lat' dir='ltr'><strong>calceatus</strong></span> <span class='ocrx_word' id='word_1_656' title='bbox 2444 3588 2679 3639; x_wconf 68' lang='lat' dir='ltr'><strong>tribracis</strong></span> <span class='ocrx_word' id='word_1_657' title='bbox 2707 3588 2733 3615; x_wconf 73' lang='grc'><strong>⁸</strong></span> <span class='ocrx_word' id='word_1_658' title='bbox 2762 3602 2891 3655; x_wconf 87' lang='lat' dir='ltr'><strong>quas</strong></span> <span class='ocrx_word' id='word_1_659' title='bbox 2924 3589 3150 3656; x_wconf 90' lang='lat' dir='ltr'><strong>pellicias</strong></span> <span class='ocrx_word' id='word_1_660' title='bbox 3179 3589 3367 3642; x_wconf 87' lang='lat' dir='ltr'><strong>habere</strong></span> 
     </span>
    </p>
   </div>
   <div class='ocr_carea' id='block_1_90' title="bbox 1859 3674 3376 3744">
    <p class='ocr_par' dir='ltr' id='par_1_90' title="bbox 1859 3674 3376 3744">
     <span class='ocr_line' id='line_1_90' title="bbox 1859 3674 3376 3744; baseline 0.002 -18"><span class='ocrx_word' id='word_1_661' title='bbox 1859 3676 2081 3737; x_wconf 89' lang='lat' dir='ltr'><strong>solebat,</strong></span> <span class='ocrx_word' id='word_1_662' title='bbox 2121 3675 2196 3726; x_wconf 92' lang='lat' dir='ltr'><strong>sic</strong></span> <span class='ocrx_word' id='word_1_663' title='bbox 2229 3688 2433 3727; x_wconf 83' lang='lat' dir='ltr'><strong>menses</strong></span> <span class='ocrx_word' id='word_1_664' title='bbox 2463 3674 2765 3739; x_wconf 86' lang='lat' dir='ltr'><strong>perduraret</strong></span> <span class='ocrx_word' id='word_1_665' title='bbox 2791 3676 3037 3743; x_wconf 83' lang='lat' dir='ltr'><strong>integros.</strong></span> <span class='ocrx_word' id='word_1_666' title='bbox 3088 3676 3376 3744; x_wconf 83' lang='lat' dir='ltr'><strong>Aliquando</strong></span> 
     </span>
    </p>
   </div>
   <div class='ocr_carea' id='block_1_91' title="bbox 1854 3758 3377 3827">
    <p class='ocr_par' dir='ltr' id='par_1_91' title="bbox 1854 3758 3377 3827">
     <span class='ocr_line' id='line_1_91' title="bbox 1854 3758 3377 3827; baseline 0.003 -16"><span class='ocrx_word' id='word_1_667' title='bbox 1854 3760 2014 3811; x_wconf 89' lang='lat' dir='ltr'><strong>etiam</strong></span> <span class='ocrx_word' id='word_1_668' title='bbox 2043 3758 2300 3812; x_wconf 81' lang='lat' dir='ltr'><strong>calceatus</strong></span> <span class='ocrx_word' id='word_1_669' title='bbox 2327 3760 2377 3811; x_wconf 94' lang='lat' dir='ltr'><strong>in</strong></span> <span class='ocrx_word' id='word_1_670' title='bbox 2408 3758 2624 3825; x_wconf 81' lang='lat' dir='ltr'><strong>Pascha,</strong></span> <span class='ocrx_word' id='word_1_671' title='bbox 2656 3774 2759 3812; x_wconf 89' lang='lat' dir='ltr'><strong>non</strong></span> <span class='ocrx_word' id='word_1_672' title='bbox 2787 3762 2883 3812; x_wconf 92' lang='lat' dir='ltr'><strong>nisi</strong></span> <span class='ocrx_word' id='word_1_673' title='bbox 2933 3770 3047 3827; x_wconf 88' lang='lat' dir='ltr'><strong>post</strong></span> <span class='ocrx_word' id='word_1_674' title='bbox 3075 3777 3263 3815; x_wconf 89' lang='lat' dir='ltr'><strong>annum</strong></span> <span class='ocrx_word' id='word_1_675' title='bbox 3295 3780 3377 3816; x_wconf 89' lang='lat' dir='ltr'><strong>rc-</strong></span> 
     </span>
    </p>
   </div>
   <div class='ocr_carea' id='block_1_92' title="bbox 1810 3846 3375 3915">
    <p class='ocr_par' dir='ltr' id='par_1_92' title="bbox 1810 3846 3375 3915">
     <span class='ocr_line' id='line_1_92' title="bbox 1810 3846 3375 3915; baseline 0.001 -14"><span class='ocrx_word' id='word_1_676' title='bbox 1810 3886 1813 3889; x_wconf 55' lang='grc' dir='ltr'><em>ι</em></span> <span class='ocrx_word' id='word_1_677' title='bbox 1856 3847 2046 3901; x_wconf 83' lang='lat' dir='ltr'><strong>deuntc</strong></span> <span class='ocrx_word' id='word_1_678' title='bbox 2074 3846 2285 3899; x_wconf 77' lang='lat' dir='ltr'><strong>Paseltze</strong></span> <span class='ocrx_word' id='word_1_679' title='bbox 2313 3854 2563 3913; x_wconf 88' lang='lat' dir='ltr'><strong>tempore,</strong></span> <span class='ocrx_word' id='word_1_680' title='bbox 2615 3856 2825 3914; x_wconf 89' lang='lat' dir='ltr'><strong>propter</strong></span> <span class='ocrx_word' id='word_1_681' title='bbox 2854 3848 3159 3902; x_wconf 85' lang='lat' dir='ltr'><strong>lavationem</strong></span> <span class='ocrx_word' id='word_1_682' title='bbox 3190 3850 3375 3915; x_wconf 88' lang='lat' dir='ltr'><strong>pedum</strong></span> 
     </span>
    </p>
   </div>
   <div class='ocr_carea' id='block_1_93' title="bbox 1856 3935 3377 4003">
    <p class='ocr_par' dir='ltr' id='par_1_93' title="bbox 1856 3935 3377 4003">
     <span class='ocr_line' id='line_1_93' title="bbox 1856 3935 3377 4003; baseline 0.005 -19"><span class='ocrx_word' id='word_1_683' title='bbox 1856 3952 1970 4003; x_wconf 84' lang='lat' dir='ltr'><strong>quae</strong></span> <span class='ocrx_word' id='word_1_684' title='bbox 1998 3936 2048 3988; x_wconf 93' lang='lat' dir='ltr'><strong>in</strong></span> <span class='ocrx_word' id='word_1_685' title='bbox 2073 3950 2220 3988; x_wconf 73' lang='lat' dir='ltr'><strong>creua</strong></span> <span class='ocrx_word' id='word_1_686' title='bbox 2248 3935 2445 3988; x_wconf 91' lang='lat' dir='ltr'><strong>Domini</strong></span> <span class='ocrx_word' id='word_1_687' title='bbox 2489 3935 2597 3988; x_wconf 82' lang='lat' dir='ltr'><strong>ﬂeri</strong></span> <span class='ocrx_word' id='word_1_688' title='bbox 2623 3938 2776 4001; x_wconf 83' lang='lat' dir='ltr'><strong>solet,</strong></span> <span class='ocrx_word' id='word_1_689' title='bbox 2807 3938 2827 3967; x_wconf 82' lang='grc'><strong><em>⁸</em></strong></span> <span class='ocrx_word' id='word_1_690' title='bbox 2853 3952 2910 3990; x_wconf 88' lang='lat' dir='ltr'><strong>se</strong></span> <span class='ocrx_word' id='word_1_691' title='bbox 2938 3938 3248 3993; x_wconf 87' lang='lat' dir='ltr'><strong>discalceare</strong></span> <span class='ocrx_word' id='word_1_692' title='bbox 3294 3940 3377 3991; x_wconf 88' lang='lat' dir='ltr'><strong>di-</strong></span> 
     </span>
    </p>
   </div>
   <div class='ocr_carea' id='block_1_94' title="bbox 1858 4021 3380 4096">
    <p class='ocr_par' dir='ltr' id='par_1_94' title="bbox 1858 4021 3380 4096">
     <span class='ocr_line' id='line_1_94' title="bbox 1858 4021 3380 4096; baseline 0.005 -23"><span class='ocrx_word' id='word_1_693' title='bbox 1858 4033 2024 4075; x_wconf 89' lang='lat' dir='ltr'><strong>catur.</strong></span> <span class='ocrx_word' id='word_1_694' title='bbox 2057 4021 2204 4076; x_wconf 89' lang='lat' dir='ltr'><strong>Unde</strong></span> <span class='ocrx_word' id='word_1_695' title='bbox 2240 4023 2307 4075; x_wconf 89' lang='lat' dir='ltr'><strong>ob</strong></span> <span class='ocrx_word' id='word_1_696' title='bbox 2335 4023 2544 4076; x_wconf 86' lang='lat' dir='ltr'><strong>crebras</strong></span> <span class='ocrx_word' id='word_1_697' title='bbox 2573 4038 2753 4090; x_wconf 89' lang='lat' dir='ltr'><strong>preces</strong></span> <span class='ocrx_word' id='word_1_698' title='bbox 2778 4024 3265 4093; x_wconf 86' lang='lat' dir='ltr'><strong>incurvatiouesque</strong></span> <span class='ocrx_word' id='word_1_699' title='bbox 3291 4043 3380 4096; x_wconf 82' lang='lat' dir='ltr'><strong>ge-</strong></span> 
     </span>
    </p>
   </div>
   <div class='ocr_carea' id='block_1_95' title="bbox 1860 4110 3377 4181">
    <p class='ocr_par' dir='ltr' id='par_1_95' title="bbox 1860 4110 3377 4181">
     <span class='ocr_line' id='line_1_95' title="bbox 1860 4110 3377 4181; baseline 0.006 -22"><span class='ocrx_word' id='word_1_700' title='bbox 1860 4124 2016 4160; x_wconf 90' lang='lat' dir='ltr'><strong>nuum</strong></span> <span class='ocrx_word' id='word_1_701' title='bbox 2046 4123 2174 4175; x_wconf 77' lang='lat' dir='ltr'><strong>quas</strong></span> <span class='ocrx_word' id='word_1_702' title='bbox 2216 4110 2477 4163; x_wconf 84' lang='lat' dir='ltr'><strong>calceatus</strong></span> <span class='ocrx_word' id='word_1_703' title='bbox 2502 4112 2808 4175; x_wconf 80' lang='lat' dir='ltr'><strong>exercebat,</strong></span> <span class='ocrx_word' id='word_1_704' title='bbox 2856 4113 3043 4166; x_wconf 79' lang='lat' dir='ltr'><strong>callum</strong></span> <span class='ocrx_word' id='word_1_705' title='bbox 3096 4116 3377 4181; x_wconf 78' lang='lat' dir='ltr'><strong>oblongum</strong></span> 
     </span>
    </p>
   </div>
   <div class='ocr_carea' id='block_1_96' title="bbox 1858 4199 3380 4268">
    <p class='ocr_par' dir='ltr' id='par_1_96' title="bbox 1858 4199 3380 4268">
     <span class='ocr_line' id='line_1_96' title="bbox 1858 4199 3380 4268; baseline 0.007 -18"><span class='ocrx_word' id='word_1_706' title='bbox 1858 4213 1955 4251; x_wconf 89' lang='lat' dir='ltr'><strong>nec</strong></span> <span class='ocrx_word' id='word_1_707' title='bbox 1999 4199 2185 4250; x_wconf 77' lang='lat' dir='ltr'><strong>exilem</strong></span> <span class='ocrx_word' id='word_1_708' title='bbox 2227 4199 2278 4251; x_wconf 92' lang='lat' dir='ltr'><strong>iu</strong></span> <span class='ocrx_word' id='word_1_709' title='bbox 2302 4199 2528 4251; x_wconf 87' lang='lat' dir='ltr'><strong>conlinio</strong></span> <span class='ocrx_word' id='word_1_710' title='bbox 2558 4200 2740 4268; x_wconf 71' lang='lat' dir='ltr'><strong>pedum</strong></span> <span class='ocrx_word' id='word_1_711' title='bbox 2771 4212 2823 4255; x_wconf 90' lang='lat' dir='ltr'><strong>et</strong></span> <span class='ocrx_word' id='word_1_712' title='bbox 2851 4202 3091 4267; x_wconf 86' lang='lat' dir='ltr'><strong>tihiarum</strong></span> <span class='ocrx_word' id='word_1_713' title='bbox 3140 4206 3380 4260; x_wconf 87' lang='lat' dir='ltr'><strong>habuisse</strong></span> 
     </span>
    </p>
   </div>
   <div class='ocr_carea' id='block_1_97' title="bbox 1858 4288 3380 4360">
    <p class='ocr_par' dir='ltr' id='par_1_97' title="bbox 1858 4288 3380 4360">
     <span class='ocr_line' id='line_1_97' title="bbox 1858 4288 3380 4360; baseline 0.003 -19"><span class='ocrx_word' id='word_1_714' title='bbox 1858 4288 2213 4354; x_wconf 84' lang='lat' dir='ltr'><strong>deprehensus</strong></span> <span class='ocrx_word' id='word_1_715' title='bbox 2242 4296 2342 4340; x_wconf 89' lang='lat' dir='ltr'><strong>est.</strong></span> <span class='ocrx_word' id='word_1_716' title='bbox 2395 4289 2586 4341; x_wconf 87' lang='lat' dir='ltr'><strong>Deinde</strong></span> <span class='ocrx_word' id='word_1_717' title='bbox 2636 4289 2955 4346; x_wconf 84' lang='lat' dir='ltr'><strong>increscente</strong></span> <span class='ocrx_word' id='word_1_718' title='bbox 2995 4291 3165 4346; x_wconf 89' lang='lat' dir='ltr'><strong>studio</strong></span> <span class='ocrx_word' id='word_1_719' title='bbox 3208 4292 3380 4360; x_wconf 81' lang='lat' dir='ltr'><strong>perfe-</strong></span> 
     </span>
    </p>
   </div>
   <div class='ocr_carea' id='block_1_98' title="bbox 1858 4377 3377 4448">
    <p class='ocr_par' dir='ltr' id='par_1_98' title="bbox 1858 4377 3377 4448">
     <span class='ocr_line' id='line_1_98' title="bbox 1858 4377 3377 4448; baseline 0.003 -18"><span class='ocrx_word' id='word_1_720' title='bbox 1858 4377 2043 4430; x_wconf 86' lang='lat' dir='ltr'><strong>ctionis</strong></span> <span class='ocrx_word' id='word_1_721' title='bbox 2069 4377 2344 4429; x_wconf 87' lang='lat' dir='ltr'><strong>includitur</strong></span> <span class='ocrx_word' id='word_1_722' title='bbox 2372 4377 2420 4429; x_wconf 90' lang='lat' dir='ltr'><strong>in</strong></span> <span class='ocrx_word' id='word_1_723' title='bbox 2451 4390 2548 4429; x_wconf 88' lang='lat' dir='ltr'><strong>suo</strong></span> <span class='ocrx_word' id='word_1_724' title='bbox 2574 4382 2908 4441; x_wconf 78' lang='lat' dir='ltr'><strong>m&#39;ouasterio,</strong></span> <span class='ocrx_word' id='word_1_725' title='bbox 2934 4389 3088 4448; x_wconf 83' lang='lat' dir='ltr'><strong>atque</strong></span> <span class='ocrx_word' id='word_1_726' title='bbox 3115 4382 3181 4433; x_wconf 90' lang='lat' dir='ltr'><strong>ab</strong></span> <span class='ocrx_word' id='word_1_727' title='bbox 3210 4383 3377 4434; x_wconf 91' lang='lat' dir='ltr'><strong>homi-</strong></span> 
     </span>
    </p>
   </div>
   <div class='ocr_carea' id='block_1_99' title="bbox 1861 4465 3382 4536">
    <p class='ocr_par' dir='ltr' id='par_1_99' title="bbox 1861 4465 3382 4536">
     <span class='ocr_line' id='line_1_99' title="bbox 1861 4465 3382 4536; baseline 0.003 -18"><span class='ocrx_word' id='word_1_728' title='bbox 1861 4482 1981 4518; x_wconf 91' lang='lat' dir='ltr'><strong>num</strong></span> <span class='ocrx_word' id='word_1_729' title='bbox 2008 4474 2239 4518; x_wconf 81' lang='lat' dir='ltr'><strong>remotus</strong></span> <span class='ocrx_word' id='word_1_730' title='bbox 2266 4465 2580 4531; x_wconf 85' lang='lat' dir='ltr'><strong>aspectibus.</strong></span> <span class='ocrx_word' id='word_1_731' title='bbox 2611 4466 2973 4526; x_wconf 70' lang='lat' dir='ltr'><strong>solitariamin</strong></span> <span class='ocrx_word' id='word_1_732' title='bbox 2994 4467 3225 4536; x_wconf 88' lang='lat' dir='ltr'><strong>jejuniis,</strong></span> <span class='ocrx_word' id='word_1_733' title='bbox 3266 4485 3382 4523; x_wconf 79' lang='lat' dir='ltr'><strong>ora—</strong></span> 
     </span>
    </p>
   </div>
   <div class='ocr_carea' id='block_1_100' title="bbox 1863 4552 3381 4625">
    <p class='ocr_par' dir='ltr' id='par_1_100' title="bbox 1863 4552 3381 4625">
     <span class='ocr_line' id='line_1_100' title="bbox 1863 4552 3381 4625; baseline 0.002 -18"><span class='ocrx_word' id='word_1_734' title='bbox 1863 4554 2087 4608; x_wconf 87' lang='lat' dir='ltr'><strong>tionibus</strong></span> <span class='ocrx_word' id='word_1_735' title='bbox 2131 4565 2184 4607; x_wconf 87' lang='lat' dir='ltr'><strong>et</strong></span> <span class='ocrx_word' id='word_1_736' title='bbox 2212 4555 2396 4621; x_wconf 79' lang='lat' dir='ltr'><strong>vigiliis</strong></span> <span class='ocrx_word' id='word_1_737' title='bbox 2425 4552 2581 4608; x_wconf 79' lang='lat' dir='ltr'><strong>discit</strong></span> <span class='ocrx_word' id='word_1_738' title='bbox 2605 4570 2757 4625; x_wconf 83' lang='lat' dir='ltr'><strong>agere</strong></span> <span class='ocrx_word' id='word_1_739' title='bbox 2785 4558 2961 4619; x_wconf 88' lang='lat' dir='ltr'><strong>vitam,</strong></span> <span class='ocrx_word' id='word_1_740' title='bbox 2996 4574 3114 4611; x_wconf 88' lang='lat' dir='ltr'><strong>raro</strong></span> <span class='ocrx_word' id='word_1_741' title='bbox 3142 4574 3261 4612; x_wconf 91' lang='lat' dir='ltr'><strong>cum</strong></span> <span class='ocrx_word' id='word_1_742' title='bbox 3291 4564 3381 4613; x_wconf 81' lang='lat' dir='ltr'><strong>ad-</strong></span> 
     </span>
    </p>
   </div>
   <div class='ocr_carea' id='block_1_101' title="bbox 1859 4642 3380 4715">
    <p class='ocr_par' dir='ltr' id='par_1_101' title="bbox 1859 4642 3380 4715">
     <span class='ocr_line' id='line_1_101' title="bbox 1859 4642 3380 4715; baseline 0.004 -20"><span class='ocrx_word' id='word_1_743' title='bbox 1859 4643 2183 4697; x_wconf 84' lang='lat' dir='ltr'><strong>venientibus</strong></span> <span class='ocrx_word' id='word_1_744' title='bbox 2208 4642 2275 4696; x_wconf 88' lang='lat' dir='ltr'><strong>de</strong></span> <span class='ocrx_word' id='word_1_745' title='bbox 2321 4645 2459 4696; x_wconf 87' lang='lat' dir='ltr'><strong>intus</strong></span> <span class='ocrx_word' id='word_1_746' title='bbox 2487 4645 2676 4697; x_wconf 87' lang='lat' dir='ltr'><strong>habens</strong></span> <span class='ocrx_word' id='word_1_747' title='bbox 2705 4644 3039 4712; x_wconf 83' lang='lat' dir='ltr'><strong>colloquium,</strong></span> <span class='ocrx_word' id='word_1_748' title='bbox 3085 4657 3138 4699; x_wconf 90' lang='lat' dir='ltr'><strong>et</strong></span> <span class='ocrx_word' id='word_1_749' title='bbox 3164 4648 3258 4701; x_wconf 90' lang='lat' dir='ltr'><strong>hoc</strong></span> <span class='ocrx_word' id='word_1_750' title='bbox 3289 4663 3380 4715; x_wconf 91' lang='lat' dir='ltr'><strong>per</strong></span> 
     </span>
    </p>
   </div>
   <div class='ocr_carea' id='block_1_102' title="bbox 1859 4732 3385 4801">
    <p class='ocr_par' dir='ltr' id='par_1_102' title="bbox 1859 4732 3385 4801">
     <span class='ocr_line' id='line_1_102' title="bbox 1859 4732 3385 4801; baseline 0.002 -15"><span class='ocrx_word' id='word_1_751' title='bbox 1859 4734 2137 4786; x_wconf 57' lang='lat' dir='ltr'><strong>lienestram</strong></span> <span class='ocrx_word' id='word_1_752' title='bbox 2162 4749 2175 4784; x_wconf 87' lang='lat'>:</span> <span class='ocrx_word' id='word_1_753' title='bbox 2208 4746 2309 4800; x_wconf 88' lang='lat' dir='ltr'><strong>qua</strong></span> <span class='ocrx_word' id='word_1_754' title='bbox 2337 4733 2569 4800; x_wconf 90' lang='lat' dir='ltr'><strong>primitus</strong></span> <span class='ocrx_word' id='word_1_755' title='bbox 2590 4742 2764 4798; x_wconf 84' lang='lat' dir='ltr'><strong>aperta</strong></span> <span class='ocrx_word' id='word_1_756' title='bbox 2794 4742 2846 4785; x_wconf 89' lang='lat' dir='ltr'><strong>et</strong></span> <span class='ocrx_word' id='word_1_757' title='bbox 2875 4732 3035 4788; x_wconf 86' lang='lat' dir='ltr'><strong>videri</strong></span> <span class='ocrx_word' id='word_1_758' title='bbox 3064 4748 3092 4785; x_wconf 89' lang='lat' dir='ltr'><strong>a</strong></span> <span class='ocrx_word' id='word_1_759' title='bbox 3122 4735 3385 4801; x_wconf 89' lang='lat' dir='ltr'><strong>fratribus,</strong></span> 
     </span>
    </p>
   </div>
   <div class='ocr_carea' id='block_1_103' title="bbox 1858 4822 3377 4893">
    <p class='ocr_par' dir='ltr' id='par_1_103' title="bbox 1858 4822 3377 4893">
     <span class='ocr_line' id='line_1_103' title="bbox 1858 4822 3377 4893; baseline 0.003 -18"><span class='ocrx_word' id='word_1_760' title='bbox 1858 4834 1910 4875; x_wconf 86' lang='lat' dir='ltr'><strong>et</strong></span> <span class='ocrx_word' id='word_1_761' title='bbox 1936 4826 2121 4877; x_wconf 78' lang='lat' dir='ltr'><strong>fratres</strong></span> <span class='ocrx_word' id='word_1_762' title='bbox 2164 4837 2295 4889; x_wconf 89' lang='lat' dir='ltr'><strong>quos</strong></span> <span class='ocrx_word' id='word_1_763' title='bbox 2342 4822 2693 4889; x_wconf 88' lang='lat' dir='ltr'><strong>alloquebatur</strong></span> <span class='ocrx_word' id='word_1_764' title='bbox 2743 4822 2852 4888; x_wconf 88' lang='lat' dir='ltr'><strong>ipse</strong></span> <span class='ocrx_word' id='word_1_765' title='bbox 2881 4825 3058 4879; x_wconf 73' lang='lat' dir='ltr'><strong>videre</strong></span> <span class='ocrx_word' id='word_1_766' title='bbox 3085 4828 3377 4893; x_wconf 85' lang='lat' dir='ltr'><strong>gaudebat:</strong></span> 
     </span>
    </p>
   </div>
   <div class='ocr_carea' id='block_1_104' title="bbox 1858 4910 3378 4979">
    <p class='ocr_par' dir='ltr' id='par_1_104' title="bbox 1858 4910 3378 4979">
     <span class='ocr_line' id='line_1_104' title="bbox 1858 4910 3378 4979; baseline 0.001 -15"><span class='ocrx_word' id='word_1_767' title='bbox 1858 4914 1974 4964; x_wconf 83' lang='lat' dir='ltr'><strong>exin</strong></span> <span class='ocrx_word' id='word_1_768' title='bbox 2001 4912 2311 4978; x_wconf 89' lang='lat' dir='ltr'><strong>procedente</strong></span> <span class='ocrx_word' id='word_1_769' title='bbox 2332 4918 2561 4975; x_wconf 89' lang='lat' dir='ltr'><strong>tempore</strong></span> <span class='ocrx_word' id='word_1_770' title='bbox 2585 4920 2637 4964; x_wconf 91' lang='lat' dir='ltr'><strong>et</strong></span> <span class='ocrx_word' id='word_1_771' title='bbox 2664 4910 2825 4979; x_wconf 89' lang='lat' dir='ltr'><strong>ipsam</strong></span> <span class='ocrx_word' id='word_1_772' title='bbox 2852 4916 3089 4979; x_wconf 87' lang='lat' dir='ltr'><strong>occlusit,</strong></span> <span class='ocrx_word' id='word_1_773' title='bbox 3120 4930 3213 4967; x_wconf 90' lang='lat' dir='ltr'><strong>nec</strong></span> <span class='ocrx_word' id='word_1_774' title='bbox 3238 4918 3260 4950; x_wconf 79' lang='grc'><strong>⁹</strong></span> <span class='ocrx_word' id='word_1_775' title='bbox 3283 4917 3378 4967; x_wconf 89' lang='lat' dir='ltr'><strong>nisi</strong></span> 
     </span>
    </p>
   </div>
   <div class='ocr_carea' id='block_1_105' title="bbox 1864 4998 3382 5067">
    <p class='ocr_par' dir='ltr' id='par_1_105' title="bbox 1864 4998 3382 5067">
     <span class='ocr_line' id='line_1_105' title="bbox 1864 4998 3382 5067; baseline 0.005 -18"><span class='ocrx_word' id='word_1_776' title='bbox 1864 5002 1946 5053; x_wconf 80' lang='lat' dir='ltr'><strong>vel</strong></span> <span class='ocrx_word' id='word_1_777' title='bbox 1976 5000 2157 5051; x_wconf 67' lang='lat' dir='ltr'><strong>dandae</strong></span> <span class='ocrx_word' id='word_1_778' title='bbox 2187 4998 2577 5065; x_wconf 87' lang='lat' dir='ltr'><strong>benedictionis,</strong></span> <span class='ocrx_word' id='word_1_779' title='bbox 2604 5003 2678 5051; x_wconf 87' lang='lat' dir='ltr'><strong>vel</strong></span> <span class='ocrx_word' id='word_1_780' title='bbox 2700 5001 2914 5056; x_wconf 86' lang='lat' dir='ltr'><strong>alterius</strong></span> <span class='ocrx_word' id='word_1_781' title='bbox 2935 5001 3207 5067; x_wconf 87' lang='lat' dir='ltr'><strong>cujuslibet</strong></span> <span class='ocrx_word' id='word_1_782' title='bbox 3226 5018 3382 5059; x_wconf 69' lang='lat' dir='ltr'><strong>certae</strong></span> 
     </span>
    </p>
   </div>
   <div class='ocr_carea' id='block_1_106' title="bbox 1859 5085 3022 5151">
    <p class='ocr_par' dir='ltr' id='par_1_106' title="bbox 1859 5085 3022 5151">
     <span class='ocr_line' id='line_1_106' title="bbox 1859 5085 3022 5151; baseline 0 -13"><span class='ocrx_word' id='word_1_783' title='bbox 1859 5085 2181 5138; x_wconf 78' lang='lat' dir='ltr'><strong>necessitatis</strong></span> <span class='ocrx_word' id='word_1_784' title='bbox 2208 5086 2249 5124; x_wconf 76' lang='lat' dir='ltr'><strong>I°</strong></span> <span class='ocrx_word' id='word_1_785' title='bbox 2279 5086 2441 5151; x_wconf 80' lang='lat' dir='ltr'><strong>gratia</strong></span> <span class='ocrx_word' id='word_1_786' title='bbox 2473 5095 2715 5151; x_wconf 89' lang='lat' dir='ltr'><strong>poscente</strong></span> <span class='ocrx_word' id='word_1_787' title='bbox 2743 5088 3022 5141; x_wconf 82' lang='lat' dir='ltr'><strong>reserabat.</strong></span> 
     </span>
    </p>
   </div>
   <div class='ocr_carea' id='block_1_107' title="bbox 1169 5189 2461 5257">
    <p class='ocr_par' dir='ltr' id='par_1_107' title="bbox 1169 5189 2461 5257">
     <span class='ocr_line' id='line_1_107' title="bbox 1169 5189 2461 5257; baseline -0.003 -10"><span class='ocrx_word' id='word_1_788' title='bbox 1169 5192 1628 5247; x_wconf 77' lang='lat' dir='ltr'><strong>VULGATORIJM</strong></span> <span class='ocrx_word' id='word_1_789' title='bbox 1663 5191 2037 5257; x_wconf 75' lang='lat' dir='ltr'><strong>VABIANTES</strong></span> <span class='ocrx_word' id='word_1_790' title='bbox 2076 5189 2461 5243; x_wconf 71' lang='lat' dir='ltr'><strong>LECTIUNES.</strong></span> 
     </span>
    </p>
   </div>
   <div class='ocr_carea' id='block_1_108' title="bbox 310 5282 803 5336">
    <p class='ocr_par' dir='ltr' id='par_1_108' title="bbox 310 5282 803 5336">
     <span class='ocr_line' id='line_1_108' title="bbox 310 5282 803 5336; baseline -0.004 1"><span class='ocrx_word' id='word_1_791' title='bbox 310 5286 326 5314; x_wconf 84' lang='grc'>¹</span> <span class='ocrx_word' id='word_1_792' title='bbox 366 5284 695 5336; x_wconf 75' lang='lat' dir='ltr'><strong>Ambulabunt</strong></span> <span class='ocrx_word' id='word_1_793' title='bbox 720 5282 803 5335; x_wconf 85' lang='lat' dir='ltr'><strong>de.</strong></span> 
     </span>
    </p>
   </div>
   <div class='ocr_carea' id='block_1_109' title="bbox 307 5344 831 5419">
    <p class='ocr_par' dir='ltr' id='par_1_109' title="bbox 307 5344 831 5419">
     <span class='ocr_line' id='line_1_109' title="bbox 307 5344 831 5419; baseline 0.002 -16"><span class='ocrx_word' id='word_1_794' title='bbox 307 5344 328 5419; x_wconf 64' lang='grc' dir='ltr'><strong>ξ</strong></span> <span class='ocrx_word' id='word_1_795' title='bbox 368 5354 493 5404; x_wconf 77' lang='lat' dir='ltr'><strong>Ante</strong></span> <span class='ocrx_word' id='word_1_796' title='bbox 517 5352 831 5419; x_wconf 74' lang='lat' dir='ltr'><strong>famulatum.</strong></span> 
     </span>
    </p>
   </div>
   <div class='ocr_carea' id='block_1_110' title="bbox 307 5409 741 5472">
    <p class='ocr_par' dir='ltr' id='par_1_110' title="bbox 307 5409 741 5472">
     <span class='ocr_line' id='line_1_110' title="bbox 307 5409 741 5472; baseline -0.002 0"><span class='ocrx_word' id='word_1_797' title='bbox 307 5409 329 5472; x_wconf 67' lang='lat'><strong>.&#39;</strong></span> <span class='ocrx_word' id='word_1_798' title='bbox 362 5420 475 5470; x_wconf 80' lang='lat' dir='ltr'><strong>Non</strong></span> <span class='ocrx_word' id='word_1_799' title='bbox 504 5409 565 5471; x_wconf 76' lang='lat' dir='ltr'><strong>de</strong></span> <span class='ocrx_word' id='word_1_800' title='bbox 590 5428 741 5472; x_wconf 72' lang='lat' dir='ltr'><strong>secto.</strong></span> 
     </span>
    </p>
   </div>
   <div class='ocr_carea' id='block_1_111' title="bbox 305 5467 668 5603">
    <p class='ocr_par' dir='ltr' id='par_1_111' title="bbox 305 5467 668 5603">
     <span class='ocr_line' id='line_1_111' title="bbox 305 5467 668 5568; baseline 0.003 -31"><span class='ocrx_word' id='word_1_801' title='bbox 305 5467 327 5568; x_wconf 83' lang='grc'>;</span> <span class='ocrx_word' id='word_1_802' title='bbox 361 5467 432 5537; x_wconf 64' lang='lat' dir='ltr'><strong>In</strong></span> <span class='ocrx_word' id='word_1_803' title='bbox 458 5467 668 5553; x_wconf 52' lang='lat' dir='ltr'><strong>pairs;</strong></span> 
     </span>
     <span class='ocr_line' id='line_1_112' title="bbox 365 5554 570 5603; baseline 0 0"><span class='ocrx_word' id='word_1_804' title='bbox 365 5554 395 5603; x_wconf 71' lang='grc' dir='ltr'><strong><em>γ</em></strong></span> <span class='ocrx_word' id='word_1_805' title='bbox 404 5554 547 5603; x_wconf 66' lang='lat' dir='ltr'><strong>merit</strong></span> <span class='ocrx_word' id='word_1_806' title='bbox 555 5591 570 5603; x_wconf 90' lang='lat'><strong>.</strong></span> 
     </span>
    </p>
   </div>
   <div class='ocr_carea' id='block_1_112' title="bbox 404 5566 570 5606">
    <p class='ocr_par' dir='ltr' id='par_1_112' title="bbox 404 5566 570 5606">
     <span class='ocr_line' id='line_1_113' title="bbox 404 5566 570 5606; baseline 0.006 -2"><span class='ocrx_word' id='word_1_807' title='bbox 404 5566 570 5606; x_wconf 63' lang='lat' dir='ltr'><strong>merit.</strong></span> 
     </span>
    </p>
   </div>
   <div class='ocr_carea' id='block_1_113' title="bbox 1933 5278 2452 5343">
    <p class='ocr_par' dir='ltr' id='par_1_113' title="bbox 1933 5278 2452 5343">
     <span class='ocr_line' id='line_1_114' title="bbox 1933 5278 2452 5343; baseline 0.004 -18"><span class='ocrx_word' id='word_1_808' title='bbox 1933 5278 1953 5307; x_wconf 82' lang='grc'>⁸</span> <span class='ocrx_word' id='word_1_809' title='bbox 1984 5279 2271 5329; x_wconf 78' lang='lat' dir='ltr'><strong>Aridissima</strong></span> <span class='ocrx_word' id='word_1_810' title='bbox 2294 5279 2452 5343; x_wconf 69' lang='lat' dir='ltr'><strong>prius.</strong></span> 
     </span>
    </p>
   </div>
   <div class='ocr_carea' id='block_1_114' title="bbox 1931 5344 2255 5397">
    <p class='ocr_par' dir='ltr' id='par_1_114' title="bbox 1931 5344 2255 5397">
     <span class='ocr_line' id='line_1_115' title="bbox 1931 5344 2255 5397; baseline 0.006 -4"><span class='ocrx_word' id='word_1_811' title='bbox 1931 5344 1949 5374; x_wconf 87' lang='grc'><strong>⁷</strong></span> <span class='ocrx_word' id='word_1_812' title='bbox 1981 5346 2087 5395; x_wconf 80' lang='lat' dir='ltr'><strong>Sua</strong></span> <span class='ocrx_word' id='word_1_813' title='bbox 2112 5348 2255 5397; x_wconf 67' lang='lat' dir='ltr'><strong>cella.</strong></span> 
     </span>
    </p>
   </div>
   <div class='ocr_carea' id='block_1_115' title="bbox 1932 5412 2415 5464">
    <p class='ocr_par' dir='ltr' id='par_1_115' title="bbox 1932 5412 2415 5464">
     <span class='ocr_line' id='line_1_116' title="bbox 1932 5412 2415 5464; baseline 0.01 -5"><span class='ocrx_word' id='word_1_814' title='bbox 1932 5414 1953 5442; x_wconf 78' lang='grc'><strong>³⁸</strong></span> <span class='ocrx_word' id='word_1_815' title='bbox 1984 5416 2047 5462; x_wconf 60' lang='lat' dir='ltr'><strong>Se</strong></span> <span class='ocrx_word' id='word_1_816' title='bbox 2071 5412 2415 5464; x_wconf 71' lang='lat' dir='ltr'><strong>discalccasse.</strong></span> 
     </span>
    </p>
   </div>
   <div class='ocr_carea' id='block_1_116' title="bbox 1930 5479 2320 5532">
    <p class='ocr_par' dir='ltr' id='par_1_116' title="bbox 1930 5479 2320 5532">
     <span class='ocr_line' id='line_1_117' title="bbox 1930 5479 2320 5532; baseline 0.003 -3"><span class='ocrx_word' id='word_1_817' title='bbox 1930 5485 1949 5513; x_wconf 78' lang='lat'><strong>’</strong></span> <span class='ocrx_word' id='word_1_818' title='bbox 1981 5479 2093 5530; x_wconf 75' lang='lat' dir='ltr'><strong>Nisi</strong></span> <span class='ocrx_word' id='word_1_819' title='bbox 2122 5484 2320 5532; x_wconf 69' lang='lat' dir='ltr'><strong>danda.</strong></span> 
     </span>
    </p>
   </div>
   <div class='ocr_carea' id='block_1_117' title="bbox 1933 5548 2457 5601">
    <p class='ocr_par' dir='ltr' id='par_1_117' title="bbox 1933 5548 2457 5601">
     <span class='ocr_line' id='line_1_118' title="bbox 1933 5548 2457 5601; baseline 0.004 -2"><span class='ocrx_word' id='word_1_820' title='bbox 1933 5549 1972 5581; x_wconf 81' lang='grc'><strong>¹⁰</strong></span> <span class='ocrx_word' id='word_1_821' title='bbox 1998 5549 2036 5599; x_wconf 71' lang='grc' dir='ltr'><strong>(ἐ</strong></span> <span class='ocrx_word' id='word_1_822' title='bbox 2042 5548 2165 5599; x_wconf 82' lang='lat' dir='ltr'><strong>ratio</strong></span> <span class='ocrx_word' id='word_1_823' title='bbox 2192 5548 2457 5601; x_wconf 68' lang='lat' dir='ltr'><strong>reserabat.</strong></span> 
     </span>
    </p>
   </div>
   <div class='ocr_carea' id='block_1_118' title="bbox 1332 5636 2106 5715">
    <p class='ocr_par' dir='ltr' id='par_1_118' title="bbox 1332 5636 2106 5715">
     <span class='ocr_line' id='line_1_119' title="bbox 1332 5636 2106 5715; baseline -0.009 -21"><span class='ocrx_word' id='word_1_824' title='bbox 1332 5712 1337 5715; x_wconf 21' lang='grc'><em>1</em></span> <span class='ocrx_word' id='word_1_825' title='bbox 1507 5637 1848 5693; x_wconf 77' lang='lat' dir='ltr'><strong>VAlthRUM</strong></span> <span class='ocrx_word' id='word_1_826' title='bbox 1886 5636 2106 5691; x_wconf 63' lang='grc' dir='ltr'><strong>Νυτιιε.</strong></span> 
     </span>
    </p>
   </div>
   <div class='ocr_carea' id='block_1_119' title="bbox 310 5719 2495 5795">
    <p class='ocr_par' dir='ltr' id='par_1_119' title="bbox 310 5719 2495 5795">
     <span class='ocr_line' id='line_1_120' title="bbox 310 5719 2495 5795; baseline -0.003 -10"><span class='ocrx_word' id='word_1_827' title='bbox 310 5736 334 5764; x_wconf 78' lang='grc'><strong><em>⁸</em></strong></span> <span class='ocrx_word' id='word_1_828' title='bbox 367 5732 419 5785; x_wconf 88' lang='lat' dir='ltr'><strong>ld</strong></span> <span class='ocrx_word' id='word_1_829' title='bbox 444 5739 543 5795; x_wconf 86' lang='lat' dir='ltr'><strong>est,</strong></span> <span class='ocrx_word' id='word_1_830' title='bbox 579 5727 851 5795; x_wconf 71' lang='lat' dir='ltr'><strong>tibialibus,</strong></span> <span class='ocrx_word' id='word_1_831' title='bbox 878 5743 1002 5794; x_wconf 82' lang='lat' dir='ltr'><strong>quas</strong></span> <span class='ocrx_word' id='word_1_832' title='bbox 1030 5728 1159 5782; x_wconf 61' lang='lat' dir='ltr'><strong>Gaili</strong></span> <span class='ocrx_word' id='word_1_833' title='bbox 1183 5737 1465 5794; x_wconf 78' lang='lat' dir='ltr'><strong>nostrates,</strong></span> <span class='ocrx_word' id='word_1_834' title='bbox 1492 5729 1645 5782; x_wconf 82' lang='lat' dir='ltr'><strong>etiam</strong></span> <span class='ocrx_word' id='word_1_835' title='bbox 1672 5742 1805 5781; x_wconf 87' lang='lat' dir='ltr'><strong>nunc</strong></span> <span class='ocrx_word' id='word_1_836' title='bbox 1844 5728 1927 5779; x_wconf 83' lang='lat' dir='ltr'><strong>dcs</strong></span> <span class='ocrx_word' id='word_1_837' title='bbox 1958 5727 2194 5777; x_wconf 74' lang='lat' dir='ltr'><strong>tricouscs</strong></span> <span class='ocrx_word' id='word_1_838' title='bbox 2220 5719 2495 5793; x_wconf 79' lang='lat' dir='ltr'><strong>appellant.</strong></span> 
     </span>
    </p>
   </div>
  </div>
