3862 6326
559 345 657 399 759

1263 357 1451 410 liliDJ‘l
1497 361 1930 417 \‘ENLRABlLIS
1968 366 2109 418 Oi'l’.
2156 366 2324 419 l’AliS
2363 370 2444 422 ιν.
2486 402 2549 412 —-
2592 374 2961 431 lllSTUIilCA.

3626 386 3707 435 766

558 463 707 518 (LW.
736 461 872 517 XIX.
907 466 1130 557 Qualitlt’
1166 487 1195 519 α
1234 486 1393 557 [utesse
1429 490 1688 557 quantum:
1717 491 1867 529 manu
1904 489 2089 531 seuerat
2118 487 2161 540 Α
2193 481 2357 533 fuerat
2384 484 2445 535 ad
2488 483 2735 539 fabricam
2777 490 2880 540 nidi
2909 505 2999 542 ore
3030 489 3170 545 ferre
3191 495 3541 557 conspiceret,
3570 510 3683 549 coer

1002 536 1143 587 verba
1170 541 1383 591 volucres
1406 536 1639 610 abegerit.

631 638 692 689 Et
719 641 937 705 primum
964 644 1169 707 quidem
1202 648 1551 711 permodicum
1582 651 1647 703 ab
1672 652 1745 705 eis
1773 669 1957 720 panem
1985 671 2088 724 quo

557 737 851 781 vescerctur
888 731 1195 797 accipiebat,
1228 750 1289 786 ac
1332 751 1426 788 suo
1449 738 1656 792 bibebat
1684 757 1713 793 e
1742 742 1915 796 fonte.
1950 756 2086 810 pust-

559 817 764 870 modum
790 834 915 871 vero
954 825 1165 889 proprio
1191 842 1433 881 manuum
1460 831 1641 885 labore
1675 833 1823 900 juxta
1849 840 2083 904 exempla

555 916 755 968 patrum
783 908 977 962 vivere.
1003 913 1167 980 magis
1197 926 1372 980 aptum
1402 918 1645 975 ducebat.
1700 922 1917 990 Rogavit
1959 943 2084 995 ergo

550 992 725 1047 allerri
750 996 852 1048 sibi
900 997 1238 1055 instrumenta
1265 1006 1451 1071 quibus
1479 1015 1668 1061 terram
1698 1026 1984 1076 exerceret,
2024 992 2082 1068 et

552 1080 778 1134 triticum
818 1086 952 1151 quod
983 1100 1204 1141 sereret.
1232 1092 1333 1144 Sed
1366 1096 1613 1148 seminam
1641 1113 1801 1151 verno
1849 1110 2081 1168 tempore

549 1179 685 1222 terra
717 1173 886 1226 nullis
916 1190 1078 1239 usque
1106 1179 1167 1229 ad
1200 1181 1429 1234 medium
1474 1186 1667 1237 a'statis
1718 1190 1945 1241 reddidit
1975 1191 2079 1242 frn-

546 1272 681 1329 ctus.
735 1262 882 1317 Unde
913 1265 1238 1319 visitantihus
1284 1284 1341 1321 se
1383 1270 1764 1337 juxtamorem
1813 1277 2075 1340 fratribus,

544 1350 714 1403 aiebat
735 1353 811 1404 vir
842 1352 965 1405 Dei:
1010 1373 1027 1404 ι
1068 1355 1301 1410 Forsitan
1351 1370 1441 1413 aut
1486 1362 1686 1416 telluris
1732 1364 1946 1430 hujusce
1980 1384 2075 1418 na.

546 1452 676 1503 tura,
705 1453 794 1495 aut
826 1444 1062 1498 voluntas
1091 1446 1178 1499 Dei
1222 1464 1321 1501 non
1350 1460 1451 1517 est,
1474 1460 1534 1503 ut
1581 1454 1677 1504 hoc
1706 1455 1755 1507 itt
1788 1456 1902 1508 loco
1948 1458 2073 1509 mihi

544 1532 769 1585 triticum
800 1542 1074 1585 nascatur:
1126 1534 1309 1589 allerte
1350 1552 1475 1603 rogo
1526 1540 1798 1603 hordeum,
1852 1542 1895 1595 si
1943 1542 2075 1597 forte

544 1622 620 1673 vel
649 1622 770 1673 illml
803 1624 1021 1674 fructum
1055 1623 1225 1676 facere
1256 1629 1435 1690 possit.
1462 1627 1610 1690 Quod
1640 1630 1682 1680 si
1712 1644 1805 1682 nec
1834 1630 1902 1683 illi
1938 1631 2072 1684 Deus

464 1734 465 1737 η
540 1709 915 1761 incrementum
942 1708 1067 1763 dare
1097 1710 1336 1774 voluerit,
1377 1713 1539 1764 satius
1566 1723 1644 1767 est
1680 1731 1764 1769 me
1798 1717 1863 1769 ad
1890 1733 2069 1771 emno-

2184 569 2293 621 cuit
2332 584 2424 622 eos
2467 572 2568 625 levi
2615 575 2953 642 protensioue
2981 577 3231 640 dexterae,
3278 592 3433 644 atque
3476 598 3505 632 a
3536 582 3701 637 lrsura

2187 658 2398 710 fratrum
2443 659 2547 727 jam
2596 678 2801 717 cessare
2845 668 3107 733 praecepit.
3161 670 3177 700 ‘
3230 670 3700 741 Spernenlibttsqm

2184 749 2478 816 imperium,
2531 772 2549 804 σ
2586 756 2637 805 In
2688 758 2918 821 nomine,
2964 760 3149 826 inquit,
3194 762 3318 814 .lesu
3348 764 3544 817 Christi
3582 770 3701 819 abite

2180 841 2502 904 quantocius,
2536 858 2702 910 neque
2732 847 2779 897 in
2807 846 2921 898 loco
2947 862 3100 914 quem
3129 849 3313 903 lzeditis
3339 852 3471 904 ultra
3507 870 3698 907 manere

2182 929 2529 991 prmsumatis.
2558 948 2576 979 ι
2636 930 2731 983 Vix
2765 932 2916 984 verba
2944 937 3313 1002 compleverat,
3357 950 3409 992 et
3438 941 3695 995 cunfestim

2180 1015 2350 1069 tristes
2375 1018 2570 1071 abiere.
2616 1020 2829 1074 Peracto
2858 1033 3028 1076 autem
3075 1027 3247 1080 triduo
3285 1045 3416 1080 unus
3443 1047 3479 1082 e
3516 1033 3696 1085 duobus

2178 1103 2350 1167 rediit,
2379 1113 2431 1157 et
2460 1102 2739 1160 fodientem
2765 1111 3032 1175 reperiens
3054 1112 3303 1167 famulum
3329 1114 3547 1181 Christi,
3576 1135 3679 1182 ερατ

2175 1192 2247 1245 sis
2289 1192 2686 1248 lamentabiliter
2719 1200 2924 1264 pennis,
2968 1211 3017 1253 et
3040 1203 3303 1257 submisso
3327 1206 3389 1256 ad
3419 1211 3580 1272 pedes
3601 1212 3694 1275 ejus

2174 1280 2363 1347 capite,
2395 1290 2551 1349 atque
2577 1283 2845 1339 lmmiliata
2866 1302 3014 1350 voce,
3060 1292 3246 1357 quibus
3271 1294 3481 1347 valebat
3512 1296 3693 1351 iudiciis

2174 1372 2374 1423 veniam
2406 1383 2426 1411 ι
2452 1376 2757 1438 precabatur
2784 1375 3020 1431 admissi.
3050 1378 3199 1443 Quod
3229 1380 3530 1448 intelligens
3556 1400 3689 1438 rene-

2174 1459 2352 1513 rabilis
2380 1460 2535 1515 Pater
2561 1463 2702 1517 dedit
2730 1462 3024 1520 facultatem
3069 1470 3355 1524 remeandi.
3404 1473 3477 1525 At
3509 1476 3591 1528 ille
3614 1476 3689 1528 im.

2172 1556 2368 1613 petrata
2412 1549 2660 1604 redeundi
2691 1553 2922 1617 licentia,
2968 1570 3083 1607 mox
3130 1556 3360 1611 sodalem
3388 1561 3687 1617 adducturus

2169 1638 2310 1691 abiit.
2330 1637 2433 1693 Nec
2461 1655 2625 1702 mora,
2649 1643 2867 1695 redeunt
2887 1645 3059 1707 ambo,
3084 1655 3136 1699 et
3163 1645 3186 1677 ³
3213 1646 3575 1717 secum.di'gua
3596 1669 3689 1705 ωηο

2169 1743 2292 1781 nera
2332 1729 2528 1795 ferunt,
2571 1731 2843 1784 dimidiam
2872 1732 3111 1787 videlicet
3160 1740 3439 1804 axungiam
3475 1749 3501 1775 ι
3534 1743 3684 1804 porci.

540 1797 676 1848 bium
725 1796 912 1849 reverti
961 1812 1115 1863 quam
1166 1798 1334 1851 alieno
1366 1800 1448 1853 hic
1494 1802 1672 1856 labore
1718 1810 2018 1861 sustentari.
2047 1825 2066 1858 ι
2106 1807 2144 1862 Β
2174 1834 2291 1871 nam
2317 1835 2332 1883 ;
2360 1834 2515 1883 quam
2547 1820 2623 1872 vir
2661 1819 2864 1874 Domini
2903 1796 3511 1895 adventantibusvpostea
3534 1796 3687 1884 tum-

537 1886 863 1953 multumque
911 1884 1160 1939 hordeum
1209 1887 1330 1940 dum
1378 1891 1507 1943 ultra
1550 1905 1707 1945 omne
1755 1898 1958 1960 tempus
1983 1910 2067 1947 se-

536 1971 703 2033 rendi,
749 1974 877 2023 ultra
914 1986 1120 2024 omnem
1148 1986 1291 2039 spem
1338 1974 1681 2029 fructificandi
1733 1989 1884 2031 terrae
1922 1996 2069 2033 enm-

537 2059 826 2123 mendarct,
873 2075 992 2112 mox
1041 2061 1368 2114 abundanter
1397 2073 1635 2115 exortum
1681 2063 1803 2117 fecit
1847 2066 2068 2121 fructmn

533 2147 823 2213 copiosum.
873 2146 970 2211 Qui
1016 2147 1137 2200 dum
1180 2158 1533 2203 maturescere
1571 2153 1833 2218 ctepisset,
1882 2170 2071 2208 venere

534 2235 767 2288 volucres
795 2244 847 2290 et
876 2236 993 2290 huic
1015 2237 1343 2304 depascenda
1367 2242 1603 2294 certatim
1629 2241 1952 2297 insistebant.
1989 2246 2064 2297 Ad

530 2341 663 2391 quos
691 2327 951 2393 piissimus
974 2325 1163 2380 Christi
1191 2343 1371 2382 servus
1412 2330 1747 2398 appropians,
1778 2332 1913 2385 sicut
1952 2344 2067 2399 post

531 2436 641 2485 ipse
669 2422 948 2484 referebat,
996 2422 1198 2474 solrbat
1238 2423 1377 2476 enim
1417 2439 1576 2491 sa'pe,
1618 2427 1735 2493 quia
1765 2426 1865 2478 laeti
1898 2429 2067 2481 vultus

529 2521 576 2562 ιιι
602 2509 821 2562 all'abilis
846 2520 975 2573 erat,
1021 2513 1085 2562 ad
1131 2512 1537 2566 conﬁrmandam
1570 2513 1720 2566 fidem
1748 2516 2063 2569 audientium

532 2599 697 2667 aliqua
720 2600 879 2653 etiam
907 2600 973 2653 de
1000 2602 1076 2653 eis
1104 2615 1222 2668 quae
1268 2604 1377 2669 ipse
1407 2603 1668 2656 credendo
1690 2605 1972 2657 obtinuerit
2013 2607 2063 2657 in

531 2690 754 2744 medium
786 2688 1017 2756 proferre
1046 2707 1057 2740 :
1115 2708 1133 2740 t
1164 2691 1294 2755 Quid
1326 2693 1557 2758 tangitis,
1587 2692 1775 2760 inquit,
1808 2706 1918 2745 sata
1949 2710 2064 2759 qua:

529 2797 629 2833 non
659 2779 893 2833 seruistis
919 2780 942 2830 ?
985 2784 1062 2831 An
1094 2781 1229 2833 forte
1257 2796 1349 2834 vos
1379 2783 1497 2849 plus
1520 2797 1601 2835 me
1645 2784 1724 2836 his
1747 2798 1877 2850 opus
1908 2786 2064 2837 hahe-

531 2874 593 2923 tis
614 2872 637 2922 ‘l
662 2868 716 2923 Si
749 2880 921 2923 tamen
950 2885 977 2922 a
1005 2869 1110 2923 Deo
1138 2870 1397 2924 licentiam
1422 2872 1714 2938 accepistis,
1744 2873 1897 2925 facite
1919 2875 2056 2941 quod

526 2966 633 3028 ipse
662 2960 931 3029 permisit:
963 2962 1043 3013 sin
1092 2970 1288 3027 autem,
1333 2958 1583 3024 reCedite,
1634 2977 1802 3027 neque
1843 2963 2060 3015 ulterius

524 3052 690 3106 aliena
720 3050 940 3103 Izedatis.
972 3068 990 3100 ι
1027 3049 1256 3114 Dixerat,
1288 3060 1340 3102 et
1369 3048 1433 3102 ad
1460 3051 1678 3117 primam
1700 3050 1935 3117 jubentis
1964 3066 2057 3102 vo-

523 3158 632 3195 cem
661 3182 676 3205 ,
707 3142 946 3193 universa
980 3141 1245 3192 volucrum
1296 3139 1575 3192 multitudo
1621 3140 1854 3201 recessit,
1897 3156 2054 3206 seque
2085 3136 2129 3197 (ἶ

527 3248 615 3289 μετ’
660 3232 832 3284 omnia
876 3232 1125 3297 deinceps
1172 3232 1236 3283 ab
1277 3230 1508 3299 ejusdem
1560 3232 1746 3285 messis
1792 3224 2060 3286 invasione

532 3321 805 3375 rontinuit.
856 3318 919 3373 Et
950 3321 1033 3374 hic
1058 3335 1264 3389 quoque
1293 3321 1601 3374 venerabilis
1622 3321 1813 3377 Christi
1838 3322 2060 3377 famulus

525 3431 572 3465 ιη
597 3412 797 3467 duobus
841 3413 1104 3467 miraculis
1141 3413 1360 3465 duorum
1391 3423 1594 3482 patrum
1635 3426 1713 3468 est
1743 3415 1873 3467 facta
1902 3431 2054 3470 secu-

524 3515 641 3557 tus:
693 3506 743 3556 in
789 3518 919 3569 aqua
948 3502 1187 3555 videlicet
1230 3503 1401 3555 elicita
1428 3504 1494 3555 de
1520 3518 1647 3570 rupe
1690 3505 1877 3557 factum
1924 3507 2056 3560 beati

525 3593 691 3647 l‘alris
719 3592 1000 3656 Benedicti,
1030 3594 1115 3660 qui
1139 3593 1271 3646 idem
1298 3607 1432 3659 pene
1459 3585 1512 3647 et
1543 3595 1724 3647 eodem
1757 3597 1913 3649 modo
1937 3597 2057 3665 legi-

520 3698 602 3738 tur
626 3678 810 3739 fecissé
831 3685 1132 3739 miraculum
1160 3702 1173 3746 ;
1204 3683 1297 3738 sed
1326 3685 1517 3738 idcirco
1541 3686 1768 3746 uberius,
1796 3688 1910 3753 quia
1945 3691 2057 3756 plu-

520 3788 603 3826 res
628 3782 781 3827 erant
808 3775 895 3841 qui
928 3780 1086 3840 ‘aqum
1126 3773 1297 3840 inopia
1344 3766 1658 3827 laborarent.
1712 3774 1871 3827 Porro
1900 3777 1949 3828 iu
1974 3793 2058 3829 ar-

520 3878 580 3916 t-e
608 3863 721 3914 sitis
750 3878 775 3912 a
808 3876 977 3915 messe
999 3862 1298 3915 volatilibus
1321 3866 1723 3916 reverentissimi
1754 3875 1806 3917 et
1832 3868 2055 3919 sanctis-

522 3952 636 4002 simi
670 3952 831 4018 patris
858 3950 1069 4002 Antonii
1098 3954 1409 4017 sequebatur
1436 3952 1750 4017 exemplum,
1790 3953 1877 4020 qui
1905 3968 1933 4004 a
1967 3954 2049 4006 la:-

520 4043 664 4093 sinne
706 4040 895 4093 hortuli
932 4055 1084 4109 quem
1135 4041 1244 4107 ipse
1293 4040 1628 4107 plantaverat,
1680 4057 1783 4094 uno
1831 4057 2054 4110 onagros

522 4142 761 4181 sermone
786 4131 1127 4195 compescuit.

522 4237 667 4293 ll.\l‘.
700 4238 815 4293 XX.
870 4239 1131 4302 Quomodo
1175 4242 1304 4292 corvi
1334 4241 1573 4299 iniuriam
1617 4258 1761 4304 qumu
1810 4244 1915 4294 viro
1960 4241 2052 4293 Dei

710 4309 1002 4372 intulerant,
1043 4311 1264 4373 precibus
1290 4321 1333 4360 ει
1363 4326 1557 4361 munere
1579 4311 1858 4378 purgarint.

602 4395 743 4446 Libet
789 4396 942 4447 etiam
991 4396 1245 4461 quoddam
1297 4396 1429 4447 beati
1474 4395 1748 4447 Cudbercti
1799 4396 1846 4446 in
1877 4410 2050 4448 exem-

2169 1908 2265 1959 bus
2306 1908 2497 1974 smpius
2542 1908 2820 1963 ostendere
2845 1950 2862 1975 ,
2904 1922 3061 1976 atque
3107 1915 3170 1965 ad
3204 1917 3475 1980 augendas
3520 1921 3687 1987 caligas

2170 1995 2401 2061 praebere
2426 1997 2664 2061 solebat;
2713 2007 3017 2063 contestans
3055 2001 3129 2055 eis
3169 2012 3365 2070 quanta
3409 2004 3686 2063 hominibus

2167 2084 2496 2150 ohedientiaa,
2522 2096 2710 2152 quanta
2739 2089 2807 2139 sit
2826 2101 2949 2140 cura
2974 2089 3279 2144 humilitatis
3300 2092 3560 2157 habenda,
3582 2111 3682 2151 eum

2166 2177 2275 2225 av's
2302 2174 2667 2239 superbissima
2698 2176 2938 2242 injuriam
2966 2185 2987 2216 δ
3014 2194 3166 2245 quam
3197 2180 3398 2235 homini
3442 2185 3681 2247 intu‘erat.

2167 2260 2428 2326 precibus,
2458 2262 2698 2314 lamentis
2726 2270 2778 2314 et
2800 2266 3099 2317 muneribus
3120 2274 3140 2302 ⁵
3172 2265 3443 2322 festinaret
3470 2268 3681 2325 abluere.

2169 2350 2402 2416 Denique
2449 2350 2513 2401 ad
2567 2351 2791 2403 dandum
2844 2351 3141 2406 hominibus
3185 2360 3487 2426 exemplum
3531 2375 3683 2413 corre-

2164 2438 2374 2500 ctionis,
2419 2440 2611 2492 multos
2638 2439 2884 2507 deinceps
2922 2457 3085 2495 annos
3116 2444 3167 2496 in
3197 2445 3305 2511 ipsa
3330 2448 3498 2499 insula
3528 2464 3681 2501 mane-

2168 2526 2290 2578 bant
2317 2536 2371 2580 et
2412 2527 2762 2592 nidificabant,
2815 2543 2981 2595 neque
3004 2536 3024 2565 ³
3053 2532 3248 2599 aliquid
3295 2535 3552 2589 molestiae
3590 2540 3680 2589 cui-

2163 2631 2316 2682 quam
2348 2618 2579 2685 irrogare
2624 2619 2901 2675 audebant.
2953 2622 3085 2675 Nulli
3130 2634 3303 2676 autem
3350 2626 3584 2680 videatur
3606 2630 3683 2681 ab.

2163 2704 2379 2756 surdum
2408 2719 2436 2756 a
2468 2706 2761 2758 volatilibus
2802 2709 3016 2760 formam
3061 2710 3269 2764 discere
3304 2714 3536 2777 virtutis,
3580 2730 3678 2768 cum

2162 2793 2408 2846 Salomon
2438 2795 2608 2846 dicat:
2643 2794 2783 2847 Vade
2808 2798 2870 2847 ad
2902 2796 3192 2861 formicam,
3220 2800 3263 2851 0
3295 2799 3465 2870 piger,
3496 2812 3550 2856 et
3574 2817 3677 2855 con-

2160 2885 2330 2938 sidera
2363 2884 2472 2937 vias
2495 2885 2629 2951 ejus,
2657 2895 2709 2938 et
2733 2885 2878 2939 disce
2900 2887 3225 2952 sapientiam.

2158 2999 2307 3055 CAP.
2337 2998 2475 3052 ΧΧΙ.
2535 2999 2761 3062 Qualiter
2803 3002 2910 3069 ejus
2951 3000 3320 3054 necessitatibus
3364 3002 3520 3054 etiam
3560 3019 3679 3054 mare

2805 3070 2945 3121 servit
2959 3074 3043 3123 rit.

2225 3135 2335 3189 Non
2375 3136 2543 3188 solum
2574 3147 2743 3190 autem
2765 3123 2909 3189 aeris
2932 3180 2945 3204 ,
2979 3140 3129 3223 Lact]
3157 3148 3213 3191 et
3238 3139 3398 3192 maris
3426 3140 3672 3200 animalia,

2159 3227 2263 3278 imo
2289 3236 2340 3279 et
2372 3226 2541 3292 ipsum
2568 3240 2730 3288 mare,
2762 3226 2899 3277 sicut
2924 3236 2976 3279 et
2992 3218 3091 3278 aer
3113 3235 3166 3280 et
3196 3227 3349 3295 ignis,
3373 3227 3524 3293 juxta
3554 3228 3673 3293 quod

2157 3316 2206 3366 in
2238 3313 2263 3351 δ
2290 3315 2643 3381 superioribus
2690 3318 3058 3382 exposuimus,
3086 3318 3197 3368 viro
3242 3316 3529 3370 venerabili
3557 3332 3670 3383 pra-

2155 3406 2316 3457 buere
2339 3406 2663 3471 obsequium.
2694 3403 2791 3468 Qui
2818 3407 2954 3457 enim
2984 3407 3183 3457 auctori
3215 3406 3457 3458 omnium
3482 3416 3669 3462 creatu-

2156 3508 2327 3546 rarum
2378 3492 2598 3546 fideliter
2626 3504 2678 3544 et
2710 3494 2914 3559 integro
2942 3495 3106 3546 corde
3151 3494 3451 3554 famulatur,
3483 3507 3579 3543 non
3604 3499 3669 3544 est

2156 3583 2444 3636 mirandum
2474 3584 2516 3636 si
2546 3584 2659 3650 ejus
2691 3583 2923 3649 imperiis
2967 3597 3027 3636 ac
3069 3585 3204 3636 votis
3244 3583 3419 3635 omnis
3448 3592 3665 3635 creatura

2153 3673 2428 3727 deserviat.
2476 3675 2542 3726 At
2568 3689 2664 3736 nos
2688 3674 2989 3741 plerumque
3021 3674 3215 3726 idcirco
3241 3673 3498 3741 subjecta:
3536 3672 3667 3725 nobis

2152 3777 2402 3821 creatura:
2423 3767 2709 3820 dominium
2740 3767 3026 3834 perdimus,
3056 3769 3176 3833 quia
3210 3765 3436 3818 Domino
3457 3774 3511 3816 et
3535 3762 3670 3816 Creao

2155 3859 2256 3911 tori
2283 3861 2512 3912 omnium
2544 3860 2639 3926 ipsi
2670 3860 2870 3911 servire
2899 3855 3223 3924 negligimus.
3273 3856 3338 3906 Et
3366 3856 3533 3919 ipsum
3558 3894 3572 3916 ,
3602 3853 3666 3904 in-

2152 3962 2304 4013 quam
2330 3985 2348 4010 ,
2394 3961 2540 4000 mare
2589 3956 2880 4014 promptum
2925 3944 3116 3995 famulo
3153 3942 3354 3994 Christi
3381 3943 3404 3972 '
3428 3942 3512 3993 ubi
3555 3953 3670 4007 Opus

2154 4036 2333 4089 habuit
2359 4035 2690 4103 impendebat
2717 4033 2965 4086 officium.
2990 4032 3304 4098 Disponebat
3330 4044 3555 4091 namque
3570 4030 3669 4093 par-

2155 4124 2324 4176 vulam
2377 4124 2473 4176 sibi
2522 4123 2574 4175 in
2622 4137 2718 4175 suo
2766 4122 3110 4182 monasterio,
3139 4122 3231 4174 sed
3280 4130 3334 4175 et
3368 4118 3667 4187 quotidianis

2155 4213 2555 4267 necessitatibus
2606 4222 2776 4277 aptam
2824 4212 3047 4263 condere
3075 4212 3299 4263 casulam
3319 4248 3336 4269 ,
3367 4211 3452 4263 cui
3484 4224 3511 4261 a
3543 4219 3666 4273 parte

2155 4307 2334 4368 tuaris,
2356 4319 2455 4370 qua
2484 4303 2748 4355 alluvione
2778 4300 3125 4365 frequentium
3155 4303 3418 4366 gurgitum
3440 4308 3662 4350 excavata

2157 4408 2309 4460 rupes
2340 4392 2649 4443 altissimum
2700 4404 2793 4443 nec
2836 4390 3047 4441 brevem
3079 4386 3271 4439 fecerat
3300 4386 3521 4448 hiatum,
3550 4384 3669 4435 basis

533 4486 668 4549 plum
698 4481 892 4550 ιπωῶιὶ
939 4481 1104 4533 Patris
1136 4481 1393 4535 Benedicti
1431 4481 1618 4534 factum
1660 4498 1867 4537 narrare
1895 4484 2051 4535 mira-
2084 4451 2129 4507 Ι)
2160 4481 2497 4549 supponenda
2545 4488 2676 4543 erat,
2709 4488 2762 4533 et
2806 4478 2916 4531 lucc
2959 4479 3101 4544 juxta
3148 4478 3474 4528 latitudinem
3523 4475 3668 4526 hiatus

529 4574 721 4633 t-ulum,
756 4572 804 4623 in
826 4585 928 4637 quo
957 4570 1126 4622 avium
1154 4570 1441 4623 obedientia
1466 4580 1516 4621 et
1546 4568 1852 4635 humilitate,
1886 4573 2050 4639 palam

534 4661 856 4713 cotttumacia
886 4671 936 4713 et
962 4659 1202 4726 superbia
1224 4660 1593 4712 condemnatur
1621 4661 1861 4712 humana.
1896 4663 2052 4713 Erant

532 4749 785 4813 siquidem
808 4749 948 4800 corvi
974 4750 1131 4799 multo
1155 4763 1215 4800 ex
1244 4758 1475 4815 tempore
1494 4748 1724 4814 ejusdem
1771 4749 1950 4799 insulae
1974 4765 2053 4801 sc-

524 4839 674 4891 dilms
703 4839 893 4891 assueti
920 4855 931 4889 :
977 4854 1106 4903 quos
1133 4854 1247 4890 citati
1278 4839 1363 4891 die
1387 4840 1606 4903 quadam
1639 4839 1716 4890 vir
1761 4839 1845 4890 Dei
1878 4838 2054 4888 nidifi-

529 4935 724 4989 t-antes,
760 4925 1087 4991 hospitiolum
1116 4924 1353 4984 fratrum,
1402 4928 1467 4978 de
1504 4941 1607 4992 quo
1646 4926 1890 4993 pra'fatus
1918 4942 2051 4987 smn,

528 5016 698 5067 rostro
744 5015 992 5079 lacerare,
1044 5014 1344 5080 ablatosque
1391 5014 1587 5065 culmos
1634 5014 1822 5080 quibus
1862 5022 2051 5065 tectum

2158 4571 2431 4624 duodecim
2468 4570 2657 4636 pedum
2701 4568 2872 4637 longa.
2900 4568 3116 4633 Rogavit
3150 4581 3277 4633 ergo
3307 4565 3493 4618 fratres
3520 4564 3597 4628 qui
3621 4578 3669 4615 se

2160 4659 2414 4711 visitaturi
2441 4660 2784 4719 advenerant,
2808 4668 2863 4709 ut
2890 4671 3006 4708 cum
3048 4658 3219 4708 redire
3246 4658 3467 4718 vellent,
3498 4656 3666 4719 lignum

2158 4751 2253 4801 sibi
2286 4748 2619 4816 longitudinis
2644 4746 2917 4799 duodecim
2949 4745 3135 4812 pedum
3177 4745 3242 4795 ad
3269 4743 3559 4795 faciendam
3586 4739 3665 4790 do-

2159 4837 2411 4887 muncula:
2433 4836 2596 4887 basim
2626 4833 2917 4895 deferrent;
2946 4834 3030 4900 qui
3056 4832 3408 4899 promiserunt
3435 4845 3491 4882 se
3521 4830 3668 4881 liben-

2165 4925 2362 4976 tissime
2407 4923 2631 4975 facturos
2659 4927 2792 4989 quod
2827 4923 2989 4988 petiit.
3036 4921 3138 4973 Sed
3173 4918 3259 4971 ubi
3290 4930 3505 4985 accepta
3529 4917 3590 4969 ab
3612 4928 3667 4968 eo

2164 5010 2521 5063 benedictione
2545 5010 2756 5063 domum
2785 5009 2981 5064 reversi
3006 5000 3151 5073 sunt,
3184 5005 3315 5076 fugit
3345 5014 3567 5073 mentem
3592 5016 3666 5069 pc-

1457 5121 1491 5167 γ
1505 5121 1539 5173 U
1552 5122 1629 5173 Lf}
1642 5123 1912 5175 ATOllliM
1956 5124 2035 5195 VA
2050 5123 2336 5176 RMNTES
2376 5124 2759 5177 LISCTIONES.

600 5221 611 5247 ¹
649 5217 750 5267 Sed
771 5214 871 5266 illis
891 5212 1230 5278 spernentibus
1256 5212 1534 5277 imperium.

604 5291 620 5317 ’
650 5284 971 5335 Prrcubatur.
1006 5285 1169 5344 Quod.

608 5357 627 5385 ⁸
648 5355 722 5402 ..ιιι
746 5370 796 5403 se
818 5354 988 5417 dig-ta.

604 5425 621 5451 ‘
651 5424 809 5485 Quam
843 5424 941 5471 uiro
978 5420 1064 5469 Det
1086 5418 1342 5468 intulerat.

2233 5214 2249 5236 "
2285 5209 2575 5263 Festinavit.
2605 5240 2670 5251 -
2690 5215 2791 5264 bat.

2234 5282 2249 5304 "‘
2278 5282 2427 5331 Aliud
2450 5284 2703 5331 ntalestiw.

2232 5350 2245 5375 ⁷
2278 5348 2380 5399 Sed
2400 5358 2616 5413 accepta.

2227 5418 2246 5445 ⁸
2280 5416 2374 5467 ι]ὺὶ
2398 5419 2620 5469 domum.

1802 5501 1831 5549 ν
1850 5499 2141 5555 AllltlllUM
2182 5502 2401 5553 ΝυΤίΕ.

603 5609 625 5633 ⁸
660 5599 708 5650 1‹Ι
738 5608 815 5649 est
838 5598 1064 5659 sagimen
1096 5595 1383 5661 porcinum,
1416 5593 1597 5643 axibus
1620 5590 1884 5647 inmundis,
1923 5590 2054 5641 unde

534 5670 765 5721 vocabuli
798 5677 1004 5731 Mytmll
1034 5665 1266 5717 adhibuit
1298 5668 1521 5715 solitum.
1556 5662 1774 5712 Mantum

2232 5590 2253 5627 ι’
2287 5593 2657 5655 Superioribus.
2689 5591 2847 5658 (λψρ.
2882 5592 2931 5650 5,
2972 5590 3047 5649 i0,
3087 5590 3164 5647 I5,
3198 5589 3279 5641 li.
3309 5587 3491 5641 Sum.

3390 5936 3819 6227 ΑΔ
