3862 6336
180 402 285 454 761

856 399 1041 452 SECT.
1085 400 1120 451 1.
1160 430 1225 438 -
1268 402 1831 483 liAGiUGltAi‘lllCA.
1873 432 1935 442 —
1979 403 2131 456 \‘lTA
2174 403 2229 456 S.
2272 403 2674 457 CUTHBEliTl.

3254 409 3353 460 762

177 509 303 558 tiiio
344 507 531 559 Patris.
588 505 908 572 Reversiqiie
953 506 1035 558 die
1079 507 1253 560 debito
1298 513 1361 561 ad
1407 524 1523 561 eum
1546 550 1561 570 ,
1610 525 1713 562 rion
1743 523 1788 573 Α
1816 511 2025 564 ciuntur
2054 512 2305 579 imperiis,
2340 512 2401 563 ad
2429 514 2541 578 ejus
2566 513 2838 567 arbitrium
2871 524 3052 567 cuncta
3082 516 3350 583 vigilandi,

182 596 413 647 attulere
441 595 576 663 quod
628 597 959 662 rogabantur.
996 594 1194 660 Quibus
1226 598 1312 650 ille
1351 592 1722 667 benignissime

182 688 416 745 receptis
442 694 489 735 et
518 685 753 736 oratione
791 684 942 736 stilita
978 684 1080 737 Deo
1124 688 1535 739 commendatis:
1567 706 1583 735 ι
1626 687 1722 741 Ubi

181 782 288 834 est,
315 772 498 839 inquit,
525 774 712 839 lignum
736 775 872 839 quod
901 787 993 826 vos
1020 775 1205 827 alferre
1235 777 1515 841 rogabam?
1544 796 1561 827 ι
1590 778 1719 830 Tum

181 858 260 911 illi
288 862 683 914 reminiscentes
714 862 1016 928 petitionem
1039 863 1171 928 ejus,
1200 876 1450 930 suamque
1474 866 1723 919 conliten-

185 955 271 999 tes
301 949 632 1010 oblivionem,
660 951 864 1003 veniam
900 952 966 1004 de
999 951 1228 1004 admisso
1259 955 1621 1019 precabantur.
1656 960 1720 1007 At

185 1037 276 1089 vir
291 1037 597 1090 mitissimus
621 1039 808 1089 blando
832 1040 951 1090 illos
971 1054 1213 1092 sermone
1234 1043 1530 1094 consolatus
1557 1058 1719 1110 usque

183 1125 254 1175 ad
289 1139 440 1176 mane
472 1126 519 1176 iii
552 1126 716 1177 insula
746 1142 956 1179 manere
999 1139 1049 1179 et
1086 1129 1413 1195 requiescere
1456 1132 1720 1197 praecepit,

184 1209 412 1273 dicetis;
441 1230 458 1261 ι
489 1213 657 1265 Credo
682 1220 801 1279 quia
850 1204 982 1267 Deus
1030 1232 1132 1268 non
1167 1224 1182 1251 ι
1214 1216 1551 1269 obliviscatur
1592 1235 1721 1272 mea:

187 1300 473 1355 voluntatis
500 1312 551 1355 et
580 1304 924 1356 necessitatis.
956 1321 974 1353 ι
1005 1303 1263 1358 Fecerunt
1305 1317 1359 1359 ut
1406 1306 1643 1370 dixerat;
1674 1316 1725 1360 et

185 1400 529 1456 exsorgentes
559 1406 707 1442 inane
736 1393 1005 1455 viderunt,
1036 1395 1153 1458 quia
1200 1404 1482 1449 nocturnus
1530 1398 1719 1448 Oceani

183 1489 373 1542 aestus,
420 1481 609 1546 lignum
657 1492 954 1533 memorata:
1003 1482 1331 1547 longitudinis
1374 1483 1564 1547 attulit,
1592 1485 1720 1536 etin

186 1568 307 1631 ipso
336 1567 544 1634 insoper
574 1569 686 1621 loco
713 1569 973 1636 deposuit,
1000 1572 1084 1623 ubi
1112 1572 1162 1624 in
1192 1573 1465 1625 aedilicium
1497 1574 1722 1639 desuper

185 1666 305 1706 erat
336 1656 722 1723 imponendum.
774 1657 1018 1712 Videntes
1064 1670 1235 1712 autem
1281 1676 1399 1713 mox
1432 1670 1485 1713 et
1512 1660 1609 1713 viri
1640 1677 1723 1714 ve-

187 1744 440 1797 nerabilis
466 1742 790 1799 sanctitatem
817 1748 1157 1809 mirabantur,
1177 1750 1259 1800 cui
1286 1751 1441 1801 etiam
1464 1752 1720 1802 elementa

1824 600 2027 663 orandi,
2052 602 2340 667 jejunandi,
2363 612 2517 669 atque
2544 604 2790 673 operandi
2822 614 3051 668 tempora
3075 606 3350 658 moderati-

1824 697 2184 753 tur:quorum
2218 688 2465 754 plurimos
2504 690 2622 741 novi
2668 704 2832 743 meam
2868 695 3169 757 parvitatem
3203 696 3352 760 longo

1821 786 1873 828 et
1920 777 2169 828 munditia
2215 779 2404 830 mentis
2449 788 2498 830 et
2541 780 2765 831 culmine
2805 781 2983 847 gratia:
3030 782 3349 847 proplietalis

1820 865 2041 915 anteire.
2073 865 2111 916 Ε
2134 865 2319 932 quibus
2346 876 2425 917 est
2452 866 2759 918 venerabilis
2786 876 2837 919 et
2862 881 2978 918 cum
3010 870 3150 919 omni
3183 870 3345 922 hono-

1822 951 2074 1003 rificentia
2127 954 2472 1005 nominandus
2519 969 2701 1007 servus
2754 954 2946 1007 Christi
2996 956 3237 1022 Boisilus,
3267 958 3354 1024 qui

1824 1056 1905 1092 me
1934 1041 1984 1092 in
2013 1042 2335 1095 Mailrosetisi
2378 1046 2695 1095 monasterio
2734 1048 2994 1112 quondam
3026 1063 3184 1100 senex
3231 1050 3357 1101 ado-

1825 1128 2107 1181 lescentem
2155 1130 2449 1191 nutriebat,
2482 1140 2534 1182 et
2564 1131 2583 1159 °
2614 1132 2746 1183 inter
2793 1133 3133 1186 erudiendum
3174 1148 3355 1189 cuneta

1823 1229 1940 1281 qua:
1969 1217 2096 1267 mihi
2122 1225 2271 1268 erant
2290 1228 2503 1270 ventura
2528 1222 2825 1284 prophetica
2851 1223 3065 1275 veritate
3094 1228 3353 1290 praedixit:

1823 1315 1874 1355 et
1902 1320 2059 1357 unum
2090 1310 2449 1360 tantummodo
2480 1318 2639 1361 restat
2677 1325 2739 1363 ex
2767 1313 3007 1364 oiunibus
3046 1316 3111 1365 ab
3140 1328 3202 1366 eo
3232 1316 3358 1367 inihi

1824 1394 2102 1459 praedictis,
2142 1396 2281 1459 quod
2326 1400 2519 1449 utinam
2552 1413 2814 1464 nunquam
2865 1401 3195 1467 impleatur.»
3248 1404 3357 1457 Hoc

1822 1490 1997 1535 autem
2026 1483 2249 1560 dicebat,
2279 1487 2394 1550 quia
2427 1487 2669 1551 praefatus
2699 1489 2887 1541 Christi
2907 1490 3127 1543 famulus
3152 1492 3355 1560 episco-

1826 1580 1970 1632 patus
1998 1586 2119 1624 eum
2148 1558 2307 1639 gradu
2335 1573 2660 1641 signiﬁcabat
2700 1590 2817 1628 esse
2847 1580 3167 1641 functorum,
3190 1558 3357 1646 cujus

1827 1661 2213 1728 perceptionem
2255 1662 2366 1729 ipse
2404 1677 2507 1715 non
2534 1658 2711 1730 parum
2748 1666 3009 1720 desiderio
3039 1670 3154 1722 vita:
3182 1683 3354 1724 secre—

1830 1755 1975 1807 tioris
2005 1756 2266 1808 horrebat.

184 1833 449 1933 servirent
473 1850 485 1882 :
511 1844 563 1886 et
593 1848 701 1886 sua:
735 1834 921 1886 mentis
949 1835 1246 1933 tarditatem
1277 1837 1455 1933 debito
1485 1852 1603 1889 cuni
1630 1853 1718 1902 pu-
1751 1835 1795 1892 B
1826 1861 1971 1914 CAP,
2014 1862 2193 1916 χχιιι,
2235 1863 2493 1925 Quomodo
2556 1864 2748 1931 Αειμρά
2796 1866 3047 1919 “bouum,
3091 1878 3139 1920 ει
3184 1872 3355 1933 puella

185 1919 320 1973 dore
347 1923 640 1988 culpabant,
670 1926 687 1952 ²
718 1938 847 1989 quos
887 1926 1041 1975 etiam
1070 1924 1376 1978 insensibile
1404 1926 1722 1978 elementum

183 2023 344 2073 quam
370 2014 432 2062 sit
461 2012 654 2063 sanctis
681 2013 1147 2076 obtemperantium
1175 2016 1405 2067 doceret.

183 2095 340 2152 CAP.
376 2098 532 2150 XXII.
570 2100 825 2163 Quomodo
874 2103 1040 2151 multis
1078 2104 1144 2151 ad
1165 2119 1215 2153 se
1262 2104 1567 2155 venientibus
1613 2121 1720 2154 mo-

264 2170 525 2285 riitadrtaus
552 2168 756 2230 salutis,
788 2170 988 2236 [rogites
1024 2174 1302 2238 exposuerit
1339 2175 1530 2240 antiqui
1570 2175 1725 2225 hostis

264 2250 354 2285 tusi
395 2252 485 2285 ias.
1252 2274 1255 2275 ν

259 2250 485 2287 insultas.
1252 2274 1255 2275 ν

260 2320 550 2376 Vetiiebatit
574 2335 744 2377 autem
790 2327 934 2378 multi
978 2326 1041 2379 ad
1086 2326 1250 2379 virum
1282 2326 1394 2394 Dei,
1427 2344 1529 2383 non
1557 2330 1721 2381 solum

182 2411 255 2463 de
287 2412 538 2476 proximis
571 2412 1072 2467 Lindisfarnensium
1117 2415 1325 2479 finibus,
1350 2417 1440 2468 sed
1473 2418 1628 2469 etiam
1660 2419 1724 2470 de

184 2501 555 2550 remotioribus
588 2500 864 2552 llritautiia:
887 2504 1138 2567 partibus,
1172 2504 1304 2554 fama
1335 2505 1579 2556 nimirum
1613 2519 1723 2556 vir-

181 2593 355 2635 tutum
395 2584 508 2651 ejus
557 2586 856 2652 accitizqui
908 2588 983 2640 vel
1032 2601 1123 2640 sua
1173 2604 1288 2655 qua:
1337 2592 1723 2643 commisissent

178 2684 361 2726 errata
388 2717 402 2739 ,
437 2676 517 2728 vel
564 2676 859 2729 daemonum
906 2692 1022 2744 quae
1053 2687 1354 2744 paterentur
1405 2690 1721 2735 teiitaiiierita

186 2765 534 2829 profitentes,
560 2767 639 2818 vel
681 2778 822 2819 certe
862 2769 1153 2819 communia
1198 2770 1491 2822 mortalium
1536 2770 1722 2838 quibus

182 2850 542 2919 affligerentur
556 2855 769 2907 adversa
797 2857 1184 2922 patefacientes,
1201 2873 1227 2908 a
1244 2857 1264 2887 ³
1279 2869 1419 2911 tanto
1434 2861 1720 2913 sanctitatis

182 2940 303 2993 viro
333 2955 389 2993 se
416 2942 760 2996 consolandos
786 2946 1084 3011 sperabant.
1115 2946 1221 2999 Nec
1248 2962 1337 2999 eos
1367 2947 1551 3001 fefellit
1578 2963 1717 3015 spes.

180 3031 421 3096 Namque
452 3031 621 3083 nullus
663 3033 729 3084 ab
757 3048 819 3084 eo
858 3036 972 3085 sine
1002 3035 1186 3101 gaudio
1211 3038 1583 3090 consolationis
1612 3039 1721 3091 abi-

178 3117 302 3181 bat,
337 3118 533 3169 nullum
562 3120 708 3171 dolor
734 3123 890 3172 animi
921 3138 1074 3187 quem
1107 3123 1193 3175 illo
1222 3126 1469 3177 attulerat
1498 3128 1718 3180 redeuu-

177 3213 290 3255 tem
318 3208 597 3257 comitatus
624 3217 726 3258 est.
774 3208 1000 3260 Noverat
1041 3212 1232 3278 quippe
1275 3223 1490 3266 iniustos
1520 3217 1600 3280 pia
1627 3231 1720 3267 eii-

177 3296 478 3347 hortatione
520 3296 776 3360 refovere,
804 3298 1002 3350 sciebat
1042 3301 1346 3366 aiigustiatis
1385 3302 1571 3368 gaudia
1600 3306 1719 3356 vita:
1750 3350 1757 3354 .

172 3385 413 3435 ccelesiis
442 3384 504 3435 ad
530 3385 839 3443 memoriam
886 3399 1149 3451 revocare,
1180 3388 1381 3455 fragilia
1411 3385 1588 3441 saeculi
1619 3390 1716 3441 hu-

171 3470 268 3537 jus
294 3480 346 3524 et
378 3486 625 3540 prospera
652 3473 803 3525 simul
834 3486 883 3527 ei
913 3476 1131 3528 adversa
1162 3493 1455 3534 monstrare
1483 3500 1493 3533 :
1523 3480 1719 3535 didice-

175 3569 267 3611 rat
297 3564 504 3614 tertiatis
536 3562 843 3615 multil'arias
867 3567 1061 3633 antiqui
1092 3568 1255 3622 hostis
1284 3572 1513 3637 pandere
1539 3587 1718 3624 versu-

176 3652 306 3713 tias,
336 3650 523 3714 quibus
548 3652 695 3704 facile
722 3666 992 3718 ciiperetur
1017 3657 1239 3719 animus,
1268 3660 1353 3724 qui
1382 3660 1462 3709 vel
1487 3661 1718 3712 fraterno

178 3740 266 3791 vel
310 3739 487 3793 divino
524 3756 703 3793 amore
744 3745 969 3796 nudatus
997 3748 1277 3809 existeret;
1309 3758 1360 3799 at
1405 3751 1489 3815 qui
1523 3751 1717 3817 integra

178 3828 288 3880 tide
317 3829 586 3881 roboratus
619 3830 917 3895 incederet,
948 3833 1161 3885 insidias
1190 3836 1469 3888 adversarii
1504 3838 1718 3889 Domino

176 3919 467 3970 auxiliante
510 3920 656 3985 quasi
685 3934 859 3971 casses
888 3922 1133 3974 transiret
1161 3938 1385 3976 araiie'e.
1421 3942 1437 3974 ‹
1478 3925 1711 3989 Quoties,

180 4011 374 4075 inquit,
406 4015 658 4077 nteipsum
698 4012 764 4062 de
791 4012 892 4064 alta
932 4028 1059 4078 rupe
1105 4028 1197 4081 per
1227 4031 1457 4083 praeceps
1490 4018 1720 4070 misere?

176 4099 389 4162 quoties
413 4102 558 4165 quasi
583 4102 645 4151 ad
668 4101 1084 4154 iiiterficienduiti
1110 4121 1189 4155 me
1213 4105 1411 4170 lapides
1433 4107 1720 4172 iactabant?

176 4187 289 4239 Sed
330 4197 381 4239 et
419 4190 535 4239 aliis
579 4189 795 4256 aliisque
825 4188 845 4218 ⁸
874 4190 1206 4244 fantasiaruni
1259 4199 1590 4247 tentaiiieiitis
1637 4210 1719 4248 me

176 4284 494 4341 appetentes
539 4278 823 4341 deterrere,
855 4292 914 4330 ac
953 4280 1018 4330 de
1061 4282 1175 4332 loco
1220 4281 1372 4349 liujns
1418 4286 1719 4337 certaminis

178 4363 513 4415 conabantur
540 4364 830 4430 eliminare,
864 4383 956 4419 nec
1001 4380 1170 4421 tamen
1204 4372 1461 4424 ullatenus
1493 4376 1568 4426 vel
1599 4391 1716 4426 eor-

1893 1934 2001 2000 ejus
2029 1948 2114 1999 per
2139 1948 2316 1982 zonam
2343 1934 2497 1996 ipsius
2526 1935 2541 1962 ⁷
2567 1936 2664 1984 siut
2686 1938 2745 1983 ab
2766 1936 3053 1999 iii/inuitata
3075 1950 3284 1991 sanatw.

1892 2038 2071 2106 Neque
2099 2053 2224 2093 vero
2249 2042 2528 2092 sanitatum
2558 2042 2802 2094 miracula
2836 2057 2925 2107 per
2952 2043 3217 2097 hominem
3242 2045 3352 2111 Dei,

1826 2130 2031 2180 tametsi
2060 2129 2210 2196 longe
2233 2129 2299 2183 ab
2329 2130 2623 2182 hominibus
2653 2138 2896 2197 pOSllum,
2929 2131 3034 2184 lieri
3066 2135 3355 2186 Cessabatit.

1824 2216 2090 2282 Siquidem
2139 2218 2447 2269 venerabilis
2494 2221 2675 2269 ancilla
2723 2220 2913 2272 Christi
2943 2223 2967 2248 δι
2996 2220 3214 2285 Aellled,
3242 2237 3353 2288 (μευ

1825 2303 1960 2356 iutcr
1976 2306 2160 2370 gaudia
2187 2307 2492 2372 virginitatis
2511 2320 2612 2358 ii0u
2639 2311 2814 2372 paucis
2838 2310 3143 2360 tantularum
3166 2309 3355 2361 Christi

1822 2393 2110 2458 agminibus
2156 2404 2406 2445 materna:
2456 2394 2658 2460 pietatis
2703 2411 2880 2447 curaui
2931 2398 3247 2461 adhibebat,
3292 2416 3352 2451 ac

1824 2483 2009 2546 regalis
2033 2492 2303 2534 stemmata
2330 2483 2614 2535 nobilitatis
2638 2485 2820 2551 potiori
2848 2484 3113 2538 nobilitate
3134 2501 3349 2537 summa:

1824 2571 2027 2621 virtutis
2056 2572 2436 2634 accumulabat,
2466 2575 2628 2624 multo
2658 2575 2822 2626 virtiiii
2853 2575 2943 2626 Dei
2966 2589 3171 2641 semper
3199 2590 3351 2628 exeo.

1822 2660 1958 2712 lebat
1987 2676 2183 2714 amore.
2229 2662 2349 2713 Hinc
2373 2676 2437 2714 eo
2478 2673 2731 2729 tempore,
2760 2670 2892 2716 sicut
2919 2664 3026 2731 ipsa
3061 2675 3232 2731 postea
3262 2664 3345 2718 re-

1826 2750 2185 2801 iereittissiuto
2249 2749 2686 2805 Lindisfarnensis
2751 2754 2995 2806 Ecclesia:
3052 2756 3352 2823 presbytero

1821 2839 2112 2901 llerelrido,
2135 2852 2185 2891 et
2218 2839 2303 2892 ille
2333 2841 2459 2893 itiihi
2488 2843 2766 2904 referebat,
2786 2848 2927 2909 gravi
2960 2858 3200 2909 percussa
3234 2844 3341 2895 lan-

1818 2944 1979 2995 guore
2019 2943 2080 2981 ac
2109 2930 2196 2981 diu
2230 2940 2448 2995 vexata,
2491 2946 2621 2995 pene
2668 2931 2773 2982 visa
2814 2940 2893 2983 est
2945 2947 3239 2997 perieiiisse
3290 2934 3354 2983 ad

1822 3029 2063 3071 mortem.
2091 3018 2183 3070 Cui
2204 3034 2319 3072 eum
2346 3020 2415 3071 nil
2437 3001 2720 3072 curationis
2745 3026 2767 3055 ⁸
2793 3022 3071 3073 valuissent
3100 3020 3351 3073 adhibere

1824 3108 2027 3173 medici,
2050 3112 2220 3163 subito
2248 3111 2422 3163 divina
2454 3111 2764 3163 intrinsecus
2793 3114 2953 3178 gratia
2983 3123 3196 3163 curante
3223 3128 3350 3179 pau-

1824 3199 1964 3248 latini
1995 3200 2150 3260 morti
2174 3201 2437 3253 subtracta
2475 3210 2574 3267 est,
2620 3188 2713 3252 nec
2758 3211 2929 3253 tamen
2972 3206 3122 3267 plene
3151 3211 3351 3255 satiata.

1820 3287 1949 3337 Nam
1999 3288 2148 3340 dolor
2188 3289 2394 3355 quidem
2441 3288 2824 3353 interaneorum
2863 3290 3138 3355 absceSsit,
3184 3306 3347 3343 meiu-

1825 3378 2032 3428 broruni
2058 3379 2201 3445 vigor
2242 3380 2429 3444 rediit,
2456 3382 2547 3432 sed
2590 3378 2805 3432 facultas
2846 3381 3013 3432 standi
3060 3382 3139 3433 vel
3180 3385 3355 3433 ambuo

1822 3471 1957 3537 luridi
1988 3465 2009 3494 ’
2042 3482 2256 3536 prorsus
2300 3470 2483 3529 abfuit,
2510 3468 2629 3535 quia
2674 3482 2769 3520 nec
2809 3469 2871 3520 ad
2917 3471 3156 3521 standum
3201 3470 3351 3536 erigi,

1822 3574 1917 3611 nec
1943 3557 2042 3609 nisi
2062 3558 2357 3625 quadrupes
2386 3558 2589 3609 valebat
2613 3558 2827 3625 ingredi.
2850 3558 3017 3622 C(Bpit
3042 3572 3165 3624 ergo
3190 3560 3350 3611 tristis

1821 3660 2065 3699 teteriiam
2097 3650 2283 3701 timere
2327 3647 2645 3699 debilitatem
2672 3685 2690 3713 ,
2717 3662 2833 3699 nam
2863 3656 2916 3699 et
2941 3649 3004 3699 de
3030 3648 3348 3699 medicorum

1820 3739 2012 3788 auxilio
2039 3736 2083 3769 ¹⁰
2105 3736 2208 3803 jam
2230 3738 2429 3801 pridem
2453 3736 2619 3788 fuerat
2637 3737 2767 3787 facta
2792 3740 3103 3801 desperatio.
3122 3737 3213 3787 Cui
3234 3751 3348 3787 cuiu

1820 3828 1905 3879 die
1946 3828 2173 3894 quadam
2220 3828 2352 3879 inter
2398 3826 2660 3893 angustias
2705 3825 2927 3877 tristium
2978 3825 3347 3891 cogitationum

1822 3918 2026 3971 veniret
2055 3917 2104 3969 iti
2134 3927 2360 3970 mentem
2393 3917 2542 3969 beata
2571 3926 2623 3969 et
2651 3921 2822 3983 quieta
2849 3920 3174 3968 conversatio
3202 3930 3348 3967 reve-

1821 4005 2102 4059 rentissimi
2128 4006 2295 4057 Patris
2319 4004 2595 4057 Cudbercti
2621 4018 2639 4056 .'
2666 4022 2682 4052 ι
2722 4006 2945 4065 btttiatii,
2978 4006 3161 4069 inquit,
3195 4004 3352 4055 babe-

1822 4110 1929 4146 rein
1968 4096 2157 4159 aliquid
2181 4094 2247 4144 de
2293 4094 2445 4144 rebus
2487 4092 2908 4151 Cudbercti'iiiei,
2940 4094 3107 4142 scio“
3135 4102 3275 4142 eerte
3300 4102 3355 4144 et

1820 4184 2023 4234 eoiilido
2052 4185 2101 4233 iii
2127 4183 2345 4234 Domitio
2372 4184 2487 4248 quia
2517 4184 2620 4233 cito
2647 4196 2879 4233 Satiarer.
2916 4200 2933 4230 i
2964 4182 3027 4233 At
3057 4195 3159 4232 non
3190 4185 3352 4233 multo

1823 4282 1936 4338 iost
1962 4274 2172 4325 advenit
2199 4278 2284 4340 qui
2314 4272 2360 4323 ei
2401 4288 2581 4324 zonam
2612 4274 2801 4323 lineam
2827 4274 2893 4323 ab
2921 4287 2985 4324 eo
3014 4276 3227 4325 missam
3260 4274 3352 4324 de-

1822 4367 1997 4416 terret.
2023 4365 2148 4427 Quae
2168 4366 2382 4415 multum
2407 4363 2580 4429 gavisa
2606 4364 2670 4414 de
2698 4377 2929 4423 munere,
2955 4373 3006 4414 et
3035 4362 3348 4415 desiderium

178 4464 281 4515 pus
308 4466 477 4503 meum
509 4454 692 4503 ιωδυιυει
714 4456 906 4520 aliqua,
935 4460 1015 4510 νει
1062 4472 1286 4511 mentem
1323 4464 1507 4513 ιίιιιυιιθ
1536 4474 1714 4513 conia-
1742 4486 1792 4543 Β
1818 4466 1965 4503 suum
1999 4467 2109 4501 Vll’u
2128 4441 2314 4502 isaiicto
2332 4453 2434 4516 jam
2463 4453 2668 4503 ςωηιυε
2695 4454 3006 4518 patefactum
3038 4452 3346 4518 intelligens,

178 4540 383 4590 titiriat'e
411 4541 665 4593 valebant.
700 4560 717 4591 ι

256 4626 365 4678 iloc
410 4644 612 4695 quoque
659 4630 902 4685 fratribus
941 4634 1142 4685 solebat
1184 4637 1419 4689 crebrius
1450 4638 1710 4706 intimare,

177 4731 251 4767 tie
269 4717 719 4770 conversationem
741 4722 852 4786 ejus
881 4726 1026 4789 quasi
1050 4725 1068 4752 ³
1092 4725 1424 4789 singulariter
1452 4729 1712 4778 excelsam

180 4810 516 4869 mirarentur,
548 4808 664 4872 quiti
709 4813 1018 4874 contemptis
1062 4813 1397 4864 saecularibus
1445 4818 1585 4866 euris
1627 4831 1713 4868 se-

178 4905 359 4947 cretus
389 4898 559 4950 vivere
589 4897 781 4951 mallet.
813 4916 829 4946 ι
858 4897 960 4951 Sed
982 4900 1118 4963 jure,
1155 4902 1337 4967 inquit,
1370 4914 1449 4954 est
1476 4906 1714 4957 cienohi-

180 4993 353 5036 tarum
394 4972 492 5036 vita
534 4986 783 5049 miranda,
806 4987 893 5053 qui
936 4988 1135 5038 abbatis
1193 5002 1284 5053 per
1328 4994 1501 5042 omnia
1547 4993 1719 5061 subji-

1822 4544 2073 4594 siiecinxit
2103 4558 2159 4595 se
2200 4543 2286 4594 illa
2314 4560 2324 4592 :
2350 4552 2402 4593 et
2430 4560 2580 4595 mane
2629 4560 2747 4595 mox
2793 4543 2962 4597 erecta
2993 4546 3056 4595 ad
3087 4548 3349 4607 standum,

1823 4632 1971 4681 tertia
2002 4645 2123 4681 vero
2161 4631 2244 4682 die
2291 4632 2439 4695 plene
2483 4644 2561 4684 est
2598 4634 2790 4684 reddita
2836 4632 3063 4684 sanitati.
3097 4633 3216 4687 Post
3241 4635 3351 4687 dies

1820 4731 1992 4770 autem
2024 4735 2211 4784 pauCos
2240 4724 2397 4786 erepit
2426 4734 2680 4787 wgrutare
2708 4722 2943 4786 quaedam
2974 4723 3039 4775 de
3066 4724 3349 4787 virginibus

1824 4813 2118 4861 monasterii
2139 4811 2299 4873 ipsius
2316 4808 2497 4859 dolore
2517 4809 2700 4875 capitis
2732 4812 3061 4863 intolerabili.
3087 4814 3209 4873 Qua:
3231 4826 3347 4862 cum

1823 4901 2213 4966 ingravescente
2262 4903 2440 4952 inorbo
2471 4917 2562 4969 per
2591 4904 2700 4954 dies
2732 4904 2990 4956 videretur
3033 4920 3149 4957 esse
3190 4910 3346 4956 mori-

1816 5003 1948 5055 tura,
1999 4994 2205 5043 intravit
2233 4992 2296 5043 ad
2343 4986 2649 5047 visitaiidaiti
2678 5013 2789 5047 eain
2828 4995 2865 5023 ”
2893 4996 3202 5048 venerabilis
3236 4996 3348 5062 ejus

1122 5074 1576 5131 VULGATUliUM
1627 5081 2000 5135 VARIANTILS
2041 5079 2425 5134 LEUI'IUNES.

254 5162 268 5191 ¹
304 5160 645 5214 Ubliuisretur.

254 5233 272 5259 ’
309 5235 454 5291 Quod
481 5240 649 5281 etiam.

253 5297 276 5326 ³
306 5301 493 5351 Tantm.

253 5366 273 5394 ⁵
310 5367 661 5418 Fantasiarum
688 5369 1007 5419 testamentis.

257 5432 277 5459 ⁵
305 5434 638 5501 δηιθιιέανὲιεν
667 5439 865 5486 celsum.

257 5504 277 5531 ⁸
297 5502 433 5555 [uter
462 5505 808 5555 muniendum
830 5515 1028 5559 cuncta.

1886 5168 1904 5197 ⁷
1936 5168 2047 5219 Sint
2077 5178 2287 5219 satiatis.

1888 5237 1909 5264 ⁸
1935 5236 2141 5287 Possem
2171 5240 2424 5290 adlabere.

1887 5307 1905 5335 ⁹
1938 5304 2150 5355 Prorsus
2173 5308 2350 5371 defuit.

1892 5376 1930 5403 ¹⁰
1958 5374 2074 5423 Jaiu
2104 5376 2220 5439 [idsi
2252 5374 2430 5439 fuerat.

1894 5448 1927 5473 ιι
1960 5444 2097 5491 Certe
2127 5452 2170 5490 τι
2197 5447 2339 5491 credo
2366 5453 2409 5490 et
2434 5443 2655 5507 con/ida.

1893 5516 1933 5543 η
1970 5510 1987 5557 ι
2011 5511 2270 5560 morabilis
2290 5508 2553 5563 abbatissa.

1494 5594 1837 5649 VAlilUliUM
1877 5594 2094 5647 NUT/E.

256 5692 277 5719 ⁸
301 5684 511 5753 Aet/led.
562 5682 630 5738 De
671 5682 763 5737 hac
795 5682 905 5738 vide
933 5700 1005 5749 iii,
1037 5683 1123 5736 ‘24.
1154 5684 1351 5738 Colitur
1398 5684 1502 5736 lucc
1546 5687 1577 5735 δ
1610 5686 1889 5739 i'ebi'uaiii.
1931 5688 2111 5739 Sinin.
