3862 6388
576 448 679 502 76⁵5

1261 444 1456 497 DED/E
1494 442 1926 498 VENERADILIS
1960 442 2127 529 OPP.‘
2165 437 2329 493 PARS
2367 440 2449 493 IV.
2489 471 2558 483 —
2597 441 2960 496 ﬂlSTORlCA.

3286 0 3822 417 βννἾ

3632 437 3726 486 τα

575 559 855 613 abbatissa.
893 556 1121 621 Cumque
1158 570 1270 607 cam
1303 556 1526 620 graviter
1554 554 1793 606 afﬂictam
1824 551 2093 615 cunspice-
2124 559 2169 609 Α
2197 549 2368 600 lomon
2402 568 2413 599 :
2445 551 2503 603 Si
2524 554 2667 602 annis
2692 553 2860 604 multis
2884 553 3059 604 vixerit
3084 558 3263 615 homo,
3300 556 3427 606 etin
3460 556 3540 608 liis
3571 560 3726 606 οπω-

576 657 672 709 ret,
696 646 808 698 tulit
832 655 1162 697 memoratam
1191 644 1281 694 viri
1306 644 1391 694 Dei
1416 654 1618 703 zonam,
1642 651 1691 692 et
1713 642 1809 692 hac
1839 639 1908 691 illi
1942 648 2097 702 caput

574 738 929 803 circumligare
959 735 1155 787 curavit
1183 750 1193 784 :
1221 748 1335 799 quzc
1380 732 1564 784 eodem
1596 744 1711 781 mox
1744 729 1828 781 die
1874 729 2096 779 abeunte

576 835 590 862 ¹
622 827 799 879 dolore
851 834 1028 877 sanata
1071 833 1171 884 est,
1204 823 1491 880 tollensque
1519 833 1698 871 zonam
1729 833 1817 869 sua
1864 816 2099 871 condidit

572 915 621 965 in
653 928 822 979 capsa.
857 912 1018 978 Quam
1050 926 1165 962 cum
1213 923 1322 975 post
1354 910 1463 959 dies
1492 908 1685 972 aliquot
1721 905 1978 956 abbatissa
2010 919 2093 953 re-

569 1001 817 1065 quireret,
835 1016 997 1066 neque
1022 1001 1070 1052 in
1089 1014 1239 1063 capsa
1256 998 1454 1061 eadem,
1474 1010 1639 1063 neque
1662 995 1856 1057 us;iiam
1885 1010 2110 1059 prorsus

570 1088 737 1154 potuit
778 1087 1012 1138 inveniri.
1055 1086 1199 1149 Quod
1248 1085 1421 1136 divina
1469 1084 1854 1149 dispensatione
1906 1085 2091 1135 factum

569 1174 884 1239 intelligitur,
919 1174 1157 1225 videlicet
1206 1180 1259 1223 ut
1305 1186 1396 1236 per
1425 1172 1529 1222 duo
1566 1171 1801 1241 sanitatis
1845 1172 2090 1222 miraCula

570 1261 677 1313 Deo
706 1261 875 1312 dilecti
908 1261 1070 1310 Patris
1097 1261 1339 1310 sanctitas
1366 1265 1635 1323 appareret
1671 1257 2019 1318 credentibus.
2042 1268 2097 1310 et

572 1350 817 1412 deinceps
846 1348 1110 1399 dubitandi
1151 1346 1215 1397 de
1244 1353 1517 1397 sanctitate
1553 1343 1687 1396 illius
1712 1344 1915 1397 occasio
1948 1347 2093 1399 tolle-

571 1444 711 1484 retur
731 1432 1021 1484 incredulis.
1042 1432 1093 1486 Si
1122 1431 1257 1483 enim
1280 1430 1458 1483 eadem
1488 1444 1614 1481 zona
1638 1445 1842 1496 semper
1864 1418 2089 1496 adesset,

568 1534 776 1586 semper
820 1522 882 1571 ad
928 1522 1057 1571 banc
1102 1533 1414 1571 concurrere
1463 1519 1747 1572 voluissent
1787 1521 1963 1587 aegroti
1999 1532 2092 1575 :et

569 1609 687 1657 dum
718 1608 901 1674 aliquis
931 1612 950 1640 ³
980 1608 1152 1663 ex,his
1181 1610 1313 1659 forte
1343 1622 1442 1657 non
1473 1608 1745 1659 meruisset
1774 1623 1801 1658 a
1832 1623 1921 1659 sua
1949 1608 2090 1660 infir-

569 1695 746 1745 mitate
787 1695 1275 1760 curari,dcrogaret
1323 1692 1638 1759 impotentia!
1672 1710 1779 1755 ,nnn
1822 1695 2087 1767 salvantis,

567 1797 683 1833 cum
714 1783 823 1846 ipse
847 1783 1013 1847 potius
1034 1792 1173 1834 esset
1197 1782 1377 1834 salutis
1397 1781 1654 1847 indignus.
1682 1782 1826 1835 Unde
1854 1786 2083 1850 provida,

2196 640 2285 690 bus
2314 640 2455 691 (artus
2483 642 2651 706 luerit,
2678 642 2955 692 meminisse
2980 642 3117 693 debet
3146 643 3391 695 tenebrosi
3419 648 3660 709 temporis
3685 656 3727 694 et

2195 727 2385 777 dierum
2414 731 2711 789 multorum;
2739 728 2824 793 qui
2851 743 2961 779 cum
2980 732 3214 793 venerint,
3246 732 3475 782 vanitatis
3498 748 3722 797 argue-

2195 822 2276 863 tur
2317 820 2593 877 prwterita;
2640 826 2832 880 quanto
2880 816 3037 881 magis
3085 818 3129 867 is
3169 816 3251 868 cui
3298 816 3323 852 δ
3375 819 3526 869 unius
3558 817 3725 869 solum

2193 902 2311 951 anui
2354 902 2453 951 vita
2495 910 2749 966 superest,
2788 902 2928 955 brevi
2972 904 3178 955 videtur
3217 915 3456 970 tempore
3503 906 3719 967 vixisse,

2194 986 2277 1037 tibi
2308 1002 2446 1039 mors
2474 990 2696 1039 astiterit
2739 988 2788 1041 in
2815 990 3021 1054 januis?
3052 991 3170 1043 llaec
3206 993 3421 1045 audiens
3465 994 3553 1045 illa
3606 994 3725 1047 fusa

2193 1073 2434 1140 lacrymis
2484 1075 2729 1141 prmsagia
2774 1076 2884 1127 dira
2932 1077 3175 1141 deﬂebat,
3219 1090 3532 1148 eversaque
3576 1084 3719 1143 (acie,

2192 1174 2372 1211 rursus
2416 1161 2627 1215 audacia
2679 1162 2899 1214 feminea
2947 1165 3204 1231 adjuravit
3252 1181 3344 1232 per
3399 1169 3719 1233 maiestatem

2191 1262 2409 1300 summa:
2440 1249 2754 1311 Divinitalis,
2783 1261 2837 1303 ut
2867 1252 3063 1305 diceret
3094 1268 3246 1319 quem
3279 1255 3552 1307 habiturus
3590 1270 3721 1307 es~et

2192 1338 2449 1390 heredem
2479 1340 2643 1407 regni,
2671 1354 2788 1392 cum
2823 1340 2963 1393 Filiis
3001 1353 3204 1394 careret
3240 1352 3294 1394 et
3330 1343 3598 1396 fratribus.
3627 1348 3717 1408 Qui

2191 1440 2369 1492 parum
2396 1426 2556 1480 silens
2588 1445 2600 1478 :
2633 1445 2661 1477 ι-
2687 1427 2779 1493 Ne,
2812 1428 2999 1496 inquit,
3033 1430 3176 1482 dicas
3220 1431 3337 1496 quia
3361 1433 3384 1463 ⁸
3413 1442 3588 1495 caret;
3634 1436 3721 1484 ha-

2190 1515 2335 1567 bebit
2374 1517 2513 1569 enim
2562 1531 2937 1583 successorem,
2970 1534 3122 1585 quem
3161 1536 3403 1588 germana
3449 1533 3505 1574 ut
3552 1525 3712 1587 ipsum

2193 1603 2490 1669 Ecgfridum
2530 1604 2805 1663 dilectione
2836 1607 3212 1670 complectaris.
3245 1626 3263 1657 ι
3301 1609 3475 1661 Atilla
3508 1630 3521 1660 :
3559 1627 3579 1658 ι
3616 1613 3713 1664 Ob-

2190 1705 2361 1755 secro,
2393 1693 2579 1757 inquit,
2609 1694 2752 1745 dicas
2790 1695 2976 1761 quibus
3024 1694 3074 1746 in
3122 1695 3249 1749 locis
3297 1696 3362 1749 sit
3410 1697 3533 1751 ille?
3571 1716 3591 1748 ι
3626 1701 3713 1765 Qui

2190 1779 2262 1831 ait
2294 1796 2307 1831 :
2344 1797 2363 1830 t
2398 1779 2579 1834 Cernis
2608 1780 2706 1834 hoc
2735 1797 2876 1835 mare
2903 1797 3143 1848 magnum
3171 1794 3224 1837 et
3256 1789 3567 1851 spatiosum,
3599 1804 3713 1855 quot

569 1879 623 1920 ut
651 1869 842 1920 dictum
872 1879 973 1932 est,
1015 1870 1398 1932 disnensationc
1424 1884 1663 1934 superum
1693 1871 1914 1935 pietatis,
1942 1883 2082 1937 post.
2117 1856 2163 1915 Β
2189 1868 2643 1921 abundet'insulis?
2666 1870 2834 1924 Facile
2870 1880 2950 1923 est
2974 1871 3077 1924 Deo
3105 1872 3168 1924 de
3197 1873 3364 1940 aliqua
3402 1875 3595 1928 barum
3624 1879 3709 1929 sibi

565 1973 718 2022 quam
760 1958 884 2011 ﬁdes
915 1958 1231 2010 credentium
1261 1958 1563 2009 confirmata
1589 1968 1696 2019 est,
1737 1973 1853 2010 mox
1884 1961 2090 2014 invidia:

568 2046 876 2109 perlidorum
914 2048 1126 2095 materia
1151 2043 1457 2096 detrahendi
1483 2054 1563 2096 est
1592 2058 1805 2110 prorsus
1826 2046 2018 2099 ablata.

564 2150 713 2202 cat).
754 2151 911 2202 xxw
979 2134 1113 2214 Quid
1145 2152 1412 2203 sciscitanti
1447 2152 1603 2201 eidem
1633 2152 1883 2217 Aet/ledte,
1908 2154 1967 2204 de
1991 2155 2089 2207 vita

684 2218 914 2286 Ergfridi
958 2220 1107 2286 regis,
1139 2229 1183 2270 et
1225 2222 1509 2287 episcopatu
1536 2236 1625 2270 suo
1655 2223 1958 2285 prtcttixerit.

635 2306 653 2323 ’
681 2308 795 2358 Alio
826 2317 1055 2373 tempore
1087 2308 1225 2359 misit
1250 2309 1429 2361 eadem
1479 2310 1895 2362 reverentissima
1944 2313 2088 2379 virgo

564 2406 617 2449 et
648 2405 810 2449 mater
837 2398 1089 2465 virginum
1132 2398 1327 2450 Christi
1377 2398 1624 2461 Aelﬂeda,
1677 2402 1977 2467 rcgavitque
2015 2403 2089 2454 vi-

566 2503 675 2538 rum
710 2487 797 2538 Dei
823 2488 1062 2553 adjuraus
1092 2492 1139 2538 in
1172 2489 1381 2540 nomine
1412 2487 1636 2550 Domini,
1670 2499 1722 2538 ut
1762 2504 1881 2540 cum
1914 2490 2088 2541 videre

563 2584 615 2625 et
649 2576 713 2627 de
753 2576 1055 2628 necessariis
1095 2586 1378 2627 mereretur
1413 2575 1641 2641 adloqui.
1690 2574 1712 2605 ’⁵
1746 2578 1841 2639 Qui
1874 2591 2087 2629 ascensa

568 2678 684 2714 cum
718 2664 961 2716 fratribus
988 2664 1125 2725 navi,
1156 2663 1295 2715 venit
1318 2664 1381 2714 ad
1414 2663 1631 2715 insulam
1659 2679 1771 2728 qua:
1803 2673 1827 2700 ⁸
1858 2664 2085 2729 Coqucdi

562 2752 791 2805 ﬂuminis
817 2752 951 2803 ostio
981 2752 1280 2818 prmjacens,
1313 2752 1378 2801 ab
1403 2753 1584 2802 eodem
1614 2751 1634 2780 '
1662 2753 1858 2816 accepit
1883 2766 2088 2819 cogno-

563 2856 703 2905 men,
752 2849 805 2892 et
850 2840 959 2906 ipsa
1007 2838 1374 2892 monachorum
1422 2838 1639 2891 C(Blibus
1684 2837 1918 2905 insignis.
1957 2839 2084 2892 Nam

563 2924 1053 2993 prtcfntl'abbatissa
1086 2928 1176 2979 illo
1217 2940 1336 2979 eum
1362 2926 1459 2977 sibi
1489 2926 1509 2956 ⁶
1538 2940 1813 2979 occurrere
1838 2928 2078 2994 rogabat;

560 2998 712 3083 cujus
738 3017 897 3083 poma
922 3015 1213 3081 colloquiis,
1242 3028 1358 3067 cum
1393 3012 1550 3065 multa
1579 3015 1642 3063 ab
1668 3028 1733 3067 eo
1759 3028 1875 3080 quae
1902 3014 2083 3067 scisci-

561 3108 764 3158 labatur
789 3107 1011 3167 audiret,
1038 3119 1161 3157 ecce
1191 3114 1403 3171 repente
1434 3104 1483 3154 in
1516 3103 1687 3155 medio
1715 3118 1957 3156 sermone
1985 3104 2078 3155 ad-

556 3196 727 3247 Vquta
762 3194 975 3261 pedibus
1012 3194 1142 3259 ejus,
1173 3193 1428 3258 adjuravit
1452 3206 1568 3243 eum
1600 3206 1691 3256 per
1724 3206 1912 3244 nomen
1955 3193 2079 3246 illud

560 3282 788 3334 terribile
831 3296 893 3333 ac
940 3281 1231 3346 venerabile
1267 3280 1477 3346 superni
1520 3280 1673 3345 Regis
1700 3290 1750 3330 et
1779 3280 2077 3347 angelorum

556 3368 691 3434 ejus,
722 3379 775 3419 ut
821 3368 1015 3421 diceret
1060 3367 1135 3419 illi
1184 3382 1336 3434 quam
1381 3366 1535 3432 longo
1580 3376 1811 3431 tempore
1852 3370 2079 3423 victurus

554 3466 695 3509 esset
726 3458 991 3522 Ecgfridus
1032 3456 1188 3509 frater
1226 3454 1385 3520 illius,
1431 3464 1483 3508 et
1510 3454 1742 3521 Regnum
1767 3456 2081 3521 gubernatu-

556 3560 643 3597 rus
686 3544 992 3611 Anglorum.
1048 3562 1064 3591 ι
1104 3543 1221 3597 Scio
1266 3545 1422 3607 enim,
1464 3542 1648 3607 inquit,
1693 3542 1810 3607 quia
1859 3543 2081 3609 protihe-

522 3694 525 3695 ν
555 3636 685 3684 lim"
713 3633 899 3693 Still‘iltl
929 3646 1029 3696 quo
1074 3629 1327 3693 abundas,
1359 3632 1514 3682 etiam
1564 3630 1663 3703 hoc
1704 3631 1876 3681 dicere
1914 3639 2077 3694 potes,

553 3721 599 3771 si
628 3720 724 3772 vis.
762 3737 780 3769 ι
814 3724 879 3771 Αι
922 3720 1011 3771 ille
1038 3731 1298 3786 expaveris
1346 3717 1409 3769 ad
1453 3718 1826 3783 juramentnm,
1860 3732 1956 3770 nec
2002 3730 2075 3769 ta-

552 3821 671 3859 men
718 3816 895 3873 aperte
942 3806 1124 3858 volens
1164 3806 1301 3872 quod
1346 3807 1613 3872 petebatur
1641 3806 1870 3859 revelare
1911 3821 2083 3860 secre-

554 3906 703 3947 tum:
740 3913 756 3944 ι
797 3895 997 3956 Mirum,
1029 3896 1211 3959 inquit,
1257 3910 1417 3961 quare
1460 3898 1669 3961 sapiens
1714 3895 1899 3946 femina
1943 3905 1995 3948 et
2032 3898 2081 3948 in

553 3985 747 4036 sanctis
776 3984 975 4035 erudita
1008 3983 1309 4047 Scripturis,
1360 3984 1506 4050 longa
1552 3997 1738 4034 vocare
1785 3983 1911 4035 velis
1956 3994 2084 4036 tem-

555 4087 679 4137 pora
702 4072 818 4125 vita:
847 4073 1102 4133 humanae,
1129 4072 1334 4123 dicente
1373 4072 1643 4124 Psalmista
1685 4071 1803 4139 quia
1833 4074 1964 4124 Anni
1988 4088 2080 4125 no-

550 4164 637 4214 s:ri
665 4165 792 4215 sicut
823 4179 1006 4216 aranea
1038 4164 1434 4226 meditabantur;
1471 4172 1525 4216 et
1566 4178 1683 4215 cum
1734 4174 1936 4217 moneat
1983 4166 2078 4219 Sa-

2190 1955 2463 2020 providere
2501 1972 2664 2024 quem
2708 1972 2865 2024 regno
2894 1960 3137 2022 praeﬁciat
3165 1959 3472 2027 Anglorum.
3504 1981 3523 2013 ι
3562 1964 3707 2017 Intel-

2189 2043 2312 2095 lexit
2355 2058 2479 2110 ergo
2523 2046 2643 2111 quia
2693 2045 2759 2097 de
2804 2045 3038 2098 Aldfrido
3080 2046 3294 2109 diceret,
3328 2050 3412 2110 qui
3453 2048 3710 2103 ferPhaiur

2188 2132 2323 2185 filius
2352 2133 2508 2186 fuisse
2535 2134 2695 2199 patris
2722 2134 2883 2198 illius,
2907 2146 2959 2187 et
3000 2145 3120 2188 tunc
3148 2136 3197 2187 in
3231 2139 3412 2189 insulis
3438 2138 3702 2191 Scotorqu

2187 2226 2254 2275 ob
2280 2223 2508 2276 studium
2538 2223 2824 2277 litterarum
2853 2224 3140 2277 exsulabat.
3170 2224 3376 2279 Sciebat
3401 2241 3579 2280 autem
3601 2233 3705 2295 quia

2188 2324 2499 2377 praponeret
2542 2311 2810 2378 Ecgfridus
2857 2327 2974 2364 eum
3025 2314 3340 2367 constituere
3390 2316 3707 2380 episcopum,

2186 2402 2471 2468 volensque
2498 2402 2804 2478 dignoscere
2833 2402 2876 2455 si
2908 2402 3229 2468 propositum
3259 2393 3569 2471 sequeretur
3598 2407 3706 2459 ede.

2184 2498 2323 2555 ctus,
2365 2489 2433 2541 ita
2466 2490 2748 2555 quaerendo
2776 2504 2956 2542 exorsa
2986 2501 3067 2543 est
3097 2509 3107 2542 2
3147 2510 3166 2542 ι
3197 2490 3238 2544 0
3272 2509 3421 2554 quam
3452 2497 3597 2547 varia
3640 2500 3705 2547 in.

2187 2578 2415 2629 tentione
2441 2577 2739 2629 dividuntur
2776 2580 2932 2630 corda
2965 2580 3299 2632 mortalium!
3326 2584 3547 2645 Quidam
3591 2585 3703 2635 ade-

2186 2665 2287 2729 ptis
2313 2666 2334 2697 ⁹
2363 2665 2588 2732 gaudent
2622 2666 2834 2729 divitiis,
2867 2666 2952 2717 alii
2998 2676 3230 2719 amantes
3278 2668 3480 2721 divitias
3508 2684 3703 2735 semper

2183 2757 2368 2819 egent;
2401 2760 2451 2803 tu
2477 2752 2693 2817 gloriam
2721 2752 2919 2815 mundi,
2942 2755 3179 2818 quamvis
3201 2753 3464 2819 oiferatur,
3490 2771 3701 2822 respuis,

2183 2840 2386 2890 etiamsi
2432 2840 2497 2891 ad
2546 2838 2902 2904 episcOpatum
2945 2842 3239 2907 pertingere
3279 2842 3462 2907 possis,
3493 2858 3601 2909 quo
3626 2860 3698 2894 su-

2183 2925 2391 2977 blimius
2416 2925 2550 2989 apud
2572 2925 2611 2955 "
2635 2927 2877 2978 mortales
2905 2926 3098 2992 aliquid
3139 2942 3239 2980 non
3271 2939 3369 2992 est,
3400 2932 3440 2960 “
3470 2933 3546 2981 tui
3577 2932 3701 2981 elau-

2181 3019 2287 3063 stra
2317 3010 2507 3063 deserti
2536 3011 2652 3064 huic
2677 3011 2853 3079 gradui
2887 3014 2927 3043 ¹²
2957 3014 3193 3080 pricfers.
3229 3034 3247 3065 ι
3282 3019 3347 3067 At
3372 3016 3461 3069 ille
3490 3028 3506 3066 ε
3546 3034 3565 3065 ι
3601 3018 3703 3068 Scio

2184 3115 2290 3161 me,
2324 3101 2510 3168 inquit.
2544 3107 2686 3153 tanto
2709 3103 2871 3169 gradu
2893 3102 3106 3169 dignum
3136 3119 3237 3155 non
3259 3119 3393 3167 esse,
3420 3120 3515 3157 nec
3545 3114 3699 3157 tamen

2180 3185 2429 3253 judicium
2451 3189 2660 3252 superni
2681 3187 3054 3242 Gubernatoris
3075 3193 3275 3254 uspiam
3298 3191 3524 3259 effugere
3547 3208 3704 3259 queo;

2184 3277 2268 3343 qui
2298 3276 2340 3328 si
2373 3288 2517 3329 tanto
2554 3278 2699 3330 oneri
2731 3293 2813 3329 me
2848 3278 3227 3346 subjiciendum
3256 3281 3530 3346 diaposuit,
3559 3285 3700 3333 credo

2184 3366 2303 3429 quia
2350 3374 2465 3430 post
2507 3366 2764 3419 modicum
2809 3366 3029 3437 liberum
3076 3366 3123 3397 ¹²
3164 3368 3369 3433 reddat,
3407 3375 3461 3419 et
3499 3368 3701 3421 fortasse

2187 3467 2291 3504 non
2322 3452 2546 3518 amplius
2576 3469 2728 3518 quam
2757 3454 2960 3507 duobus
2987 3456 3138 3508 annis
3164 3457 3362 3507 exactis
3398 3457 3701 3527 solitamnie

2186 3552 2313 3592 mea
2357 3539 2650 3591 solitudinis
2698 3540 2742 3571 “
2795 3542 3025 3593 remittat
3058 3542 3123 3593 ad
3163 3543 3410 3608 quietem.
3476 3542 3702 3606 Pracipiu

2181 3637 2351 3681 autem
2399 3630 2489 3681 tibi
2540 3633 2589 3681 in
2639 3632 2845 3683 nomine
2889 3632 3090 3683 Domini
3130 3641 3180 3685 et
3208 3634 3498 3686 Salvatoris
3527 3636 3701 3691 nostri,

2183 3732 2247 3768 ne
2276 3719 2357 3771 cui
2385 3728 2508 3771 ante
2532 3733 2703 3772 meum
2735 3718 2930 3771 obitum
2967 3734 3086 3784 qua:
3130 3735 3159 3772 a
3205 3735 3293 3774 me
3340 3721 3532 3775 audisti
3577 3721 3703 3773 refe-

2183 3820 2284 3859 ras.
2324 3824 2343 3857 ι
2393 3806 2625 3871 Cumque
2663 3808 2736 3861 illi
2787 3805 2832 3839 ¹⁶
2878 3808 3040 3860 multa
3089 3815 3143 3859 et
3181 3809 3281 3860 alia
3319 3822 3436 3874 quae
3460 3807 3704 3875 qurrebat

2184 3906 2489 3962 exponeret,
2535 3905 2696 3962 atque
2741 3910 2856 3948 eam
2895 3896 2961 3949 de
3000 3896 3193 3963 quibus
3221 3910 3352 3962 opus
3396 3895 3613 3948 habebat
3640 3896 3701 3946 in-

2186 3994 2432 4043 strueret,
2467 3999 2703 4036 reversus
2731 3987 2793 4035 ad
2827 3984 3046 4036 insulam
3074 3993 3126 4035 et
3154 3985 3525 4035 monasterium
3550 3997 3701 4035 suum.

2185 4075 2471 4125 solitariam
2521 4082 2576 4124 ut
2621 4080 2852 4135 creuerat
2900 4070 3082 4138 agebat
3129 4071 3343 4123 sedulus
3392 4070 3566 4123 vitam.
3613 4070 3703 4120 bet:

2187 4163 2351 4214 nntlto
2400 4169 2513 4223 post
2557 4171 2865 4226 congregata
2913 4168 2935 4195 ε
2984 4157 3187 4226 synodo
3238 4172 3343 4211 non
3387 4171 3571 4225 parva,
3619 4156 3701 4207 sub

1406 4334 1409 4339 I
1481 4254 1941 4354 \ULGATOBUM
1986 4274 2365 4327 VARIANTES
2400 4268 2791 4325 LECTIUNES.

621 4364 633 4391 '
688 4362 870 4413 Dolore
895 4374 1063 4412 curata
1091 4370 1181 4412 est.

617 4425 634 4451 ¹
668 4428 743 4480 Er
768 4429 845 4479 Itis
873 4445 968 4479 non
1001 4439 1277 4479 mereretur.

616 4491 635 4563 θ
663 4500 770 4549 Alio
801 4499 911 4548 item
936 4507 1168 4563 tempore.

617 4560 634 4587 ⁸
667 4569 791 4629 Quae
814 4560 1069 4616 adscensu.

617 4632 635 4700 ’ξ
671 4638 702 4682 .\
719 4650 857 4685 omen
880 4635 1083 4700 accepit.

617 4698 634 4725 ⁸
664 4703 931 4752 Occurrere
955 4698 1230 4765 rogaverat.

614 4772 631 4798 "'
666 4771 854 4829 Spiritu
882 4786 978 4835 quo
1006 4772 1178 4831 polles.

615 4840 634 4866 '
665 4838 835 4901 Cares,
869 4838 1082 4889 habebis.

2247 4364 2268 4392 ’
2297 4359 2528 4410 Gaudeas
2550 4357 2754 4407 divitiis.

2254 4428 2295 4457 ¹⁰
2329 4426 2564 4477 Mortales
2592 4424 2720 4475 nihil
2749 4434 2845 4475 est.

2250 4496 2289 4524 “
2320 4493 2410 4545 Cui
2435 4496 2671 4544 claustra.

2236 4563 2292 4593 "'
2324 4560 2619 4629 Pra’ferres.

2253 4632 2293 4662 ³³
2326 4632 2533 4681 Iieddet.

2250 4700 2292 4732 “
2322 4698 2548 4751 Remittet
2576 4699 2641 4749 ad
2665 4698 2904 4759 requiem.

2250 4770 2291 4799 ³⁸
2323 4767 2445 4820 llarc
2474 4778 2517 4820 et
2540 4770 2692 4819 multa
2714 4768 2836 4817 alia.

1851 4924 2194 4979 VARIORUM
2235 4921 2457 4975 NOT/E.

616 5029 639 5056 η
669 5018 905 5081 (Ῐοηηράί.
929 5016 1202 5074 Coquedus
1244 5015 1295 5067 ﬂ.
1342 5027 1482 5069 secat
1518 5020 1817 5071 comitatum
1864 5016 2070 5067 hodier-

549 5104 667 5143 num
697 5086 1093 5147 Northumbria),
1129 5098 1177 5137 et
1228 5087 1311 5137 ubi
1355 5086 1599 5139 miscetur
1646 5091 1873 5149 Uceano,
1907 5084 2071 5136 insula

547 5158 711 5212 vicina
734 5164 812 5206 est
839 5154 1070 5223 ejusdem
1102 5153 1341 5223 nomini=.
1372 5154 1560 5207 Sirmi.
1783 5212 1791 5223 ,

614 5227 638 5262 ιι
670 5223 849 5276 Unius.
883 5222 987 5272 lloc
1006 5235 1128 5287 ergo
1151 5222 1394 5273 Aelﬂedie
1417 5225 1729 5283 colloinium
1750 5222 1868 5274 cum
1892 5230 2075 5272 sancto

544 5294 838 5347 Cudbercto
885 5288 1064 5340 incid.t
1110 5291 1158 5339 in
1207 5306 1293 5342 an.
1336 5289 1457 5341 681i.
1508 5291 1774 5356 Ecgfridus
1816 5291 1953 5342 enim
1986 5303 2075 5339 rex

548 5363 828 5414 trui-iilatus
856 5366 938 5409 est
962 5370 1047 5408 an.
1080 5359 1334 5421 proximo,
1366 5373 1433 5417 IV,
1464 5359 1553 5412 ‘26.
1584 5360 1656 5411 lo.

618 5444 637 5467 ε
672 5428 896 5495 Synodo.
946 5426 1107 5495 Deda,
1147 5428 1195 5475 in
1242 5425 1370 5479 Hist.
1419 5428 1505 5478 lib.
1555 5442 1630 5485 tv,
1677 5439 1791 5489 cap.
1822 5426 1909 5485 28,
1943 5424 2080 5475 hunc

550 5493 726 5549 locum
748 5497 988 5559 explicat.
1029 5511 1045 5541 ι
1073 5493 1303 5556 Contigit
1331 5504 1386 5545 ut
1413 5504 1723 5559 congregata
1753 5495 1951 5561 synodo
1978 5506 2079 5543 non

549 5579 702 5627 parva
724 5566 819 5615 sub
842 5565 1116 5627 praesentia
1142 5566 1275 5621 regis
1301 5563 1491 5629 ngridi
1512 5566 1656 5627 juxta
1681 5564 1887 5613 ﬂuvium
1913 5561 2079 5619 Alme.
2116 5614 2121 5617 ἠ

550 5635 599 5684 in
636 5638 745 5681 loco
776 5633 860 5696 qui
893 5631 1075 5681 dicitur
1104 5630 1438 5693 Ailtwiforda,
1457 5633 1591 5697 quod
1615 5632 1864 5694 significat
1889 5634 1952 5679 nd
1982 5632 2081 5678 du-

552 5705 664 5763 pfi’x
702 5702 899 5761 vadum,
940 5697 1015 5749 Cui
1068 5699 1227 5751 beatae
1266 5703 1527 5752 tuemur-ia:
1576 5700 1876 5753 Theodorus
1908 5696 2085 5764 przcsi-

2178 5012 2351 5072 debat,
2382 5021 2481 5062 etc.
2514 5010 2623 5062 Non
2655 5020 2825 5061 tamen
2860 5012 3035 5060 statim
3070 5007 3337 5059 ordinatio
3363 5006 3588 5065 decocta,
3614 5004 3686 5054 secl

2180 5090 2381 5147 peracta
2430 5080 2602 5137 hieme
2640 5091 2755 5143 qua:
2795 5077 3116 5147 imminebat,
3147 5076 3216 5147 in_
3240 5076 3352 5141 ipsa
3381 5073 3685 5147 solemnitate

2182 5140 2402 5211 paschali
2430 5140 2695 5211 (nimirum
2731 5159 2797 5196 vit
2828 5143 3043 5195 Kalend.
3076 5140 3271 5208 April.,
3293 5153 3348 5193 ut
3377 5152 3515 5211 recte
3559 5140 3687 5211 habet

2178 5208 2478 5277 Tiirgotttis,
2507 5215 2558 5265 iit
2580 5214 2667 5264 lib.
2699 5228 2737 5275 I,
2765 5226 2881 5276 cap.
2903 5212 2959 5264 9i
2986 5214 3242 5277 completa
3269 5221 3349 5261 est
3374 5209 3587 5260 Eboraci
3609 5208 3686 5277 sol!

2187 5273 2474 5349 praesentis
2508 5273 2731 5349 praelati
2750 5273 2884 5347 regis
2935 5273 3150 5349 ngridi
3175 5278 3597 5349 convenientibus
3610 5273 3684 5349 Δτισί

2183 5344 2625 5404 consecrationem
2675 5347 2785 5411 eius
2816 5344 3023 5413 septem
3074 5347 3374 5415 episcopis,
3425 5345 3477 5415 in
3526 5344 3683 5415 quibus

2185 5420 2348 5472 beatae
2378 5420 2637 5470 memoriae
2665 5410 3276 5486 Theodorusprimatum
3291 5414 3567 5486 latebam
3592 5410 3685 5486 εις-

2183 5500 2297 5539 ctus
2321 5497 2395 5539 est
2421 5496 2592 5538 autem
2626 5487 2788 5548 primo
2829 5484 2878 5536 in
2908 5479 3259 5548 episcopatum
3290 5479 3684 5548 Hagustaldensis

2186 5556 2430 5609 Ecclesia:
2458 5569 2553 5623 pro
2579 5546 2891 5623 Tumhercto
2917 5546 3002 5617 qui
3030 5546 3097 5623 ab
3115 5551 3415 5623 episcopatu
3436 5548 3595 5623 fuerat
3609 5546 3684 5623 de-

2187 5626 2401 5688 positus.
2432 5611 2532 5675 δἐι]
2565 5623 2803 5686 quoniam
2855 5611 2967 5681 ipse
3008 5620 3120 5685 plus
3155 5611 3573 5689 Lindisfarnensi
3606 5611 3687 5689 Fc-

2184 5682 2350 5745 clcsiie
2404 5692 2452 5743 in
2501 5682 2595 5757 qua
2646 5698 2979 5743 cauversatus
3010 5682 3214 5748 fuerat,
3264 5685 3455 5738 dilexit
3502 5682 3679 5751 [it-cici.

3190 6286 3201 6289 _
3238 6140 3822 6289 Δ

3238 6136 3822 6289 Δ
