3862 6362
235 460 263 511 7
274 460 341 511 65

897 459 1079 514 SICUT.
1122 458 1161 510 I.
1201 488 1265 498 --
1307 458 1866 547 llAGlOGfiil’illllA.
1910 487 1975 497 ι-
2014 460 2167 512 VITA
2207 461 2261 513 S.
2305 460 2699 514 flll'l‘llBERTl.

3270 467 3367 519 766

234 569 509 634 prmsentia
542 566 754 627 piissimi
786 580 844 619 ac
876 566 980 618 Ded
1008 566 1178 620 dileCIi
1219 566 1354 633 regis
1386 566 1627 630 Ecgfridi,
1669 566 1749 617 cui
1784 580 1818 627 Α
1856 570 1947 619 bus
1994 571 2168 619 flatum
2220 569 2421 619 trahere
2468 570 2689 619 videtur.
2724 586 2742 618 ι
2777 568 2870 633 Qui
2898 570 3165 622 confestim
3209 575 3366 626 bene-

235 660 403 710 ιιι-δικ
431 659 691 710 memoriae
720 657 1020 707 Theodorus
1060 655 1475 719 archiepiscopus
1514 656 1754 720 praeside-

234 746 347 803 bat,
377 748 620 795 unanimo
644 743 868 796 omnium
893 757 1149 795 consensu
1190 742 1251 794 ad
1282 743 1630 810 episcopatum
1662 744 1758 795 Ec—

232 832 411 884 clesia:
466 832 895 883 Lindisfarnensis
923 832 1117 882 electus
1168 840 1265 881 est.
1295 831 1389 893 Qui
1430 845 1545 881 cum
1585 831 1757 880 multis

236 924 501 990 legatariis
525 938 581 975 ac
612 923 793 975 littt‘ris
822 922 884 976 ad
914 936 967 974 se
996 922 1271 987 praemissis
1306 936 1621 987 nequaquam
1666 935 1757 971 suo

234 1011 355 1063 loc»
386 1020 553 1076 posset
581 1011 712 1072 erui,
743 1010 943 1061 tandem
992 1024 1080 1059 rex
1113 1009 1219 1072 ipse
1250 1009 1488 1073 praefatus
1518 1024 1610 1059 una
1642 1022 1755 1059 cum

208 1084 571 1150 sanctissimo
614 1100 840 1149 antistite
884 1097 1195 1157 'l'rnmvine,
1246 1111 1339 1147 nec
1393 1111 1493 1146 non
1550 1105 1601 1145 et
1647 1096 1759 1145 aliis

235 1186 636 1251 quamplurimis
668 1185 918 1250 religiosis
943 1198 1001 1236 ac
1032 1184 1323 1250 potentibus
1361 1185 1484 1233 viris
1515 1183 1575 1232 ad
1616 1184 1757 1234 insu-

234 1274 341 1325 lam
389 1274 645 1337 navngavit
694 1272 1101 1339 «genuflectunt
1148 1285 1346 1331 omnes,
1393 1270 1629 1335 adjurant
1671 1286 1762 1335 per

240 1363 541 1421 hominum,
577 1364 827 1428 lacrymas
856 1360 1089 1419 fundunt,
1114 1360 1383 1411 obsecrant
1411 1360 1572 1410 donec
1597 1359 1761 1421 ipsum

238 1464 453 1513 qunque
476 1450 715 1517 lacrytnis
740 1450 943 1511 plenum
969 1448 1203 1499 dulcibus
1224 1446 1505 1499 extrahunt
1536 1448 1761 1507 latebris,

239 1549 402 1603 “uiue
434 1538 494 1587 ad
524 1537 775 1603 ⁵Υ¹¹οί¹¹¹ῐη
807 1535 1123 1599 Ρθΐιτθιιυιιι.
1155 1536 1265 1595 Quo
1292 1536 1410 1584 dum
1444 1534 1761 1598 perveniret,

238 1626 481 1687 quamvis
512 1628 723 1676 multum
765 1624 1010 1685 renitens,
1053 1626 1293 1674 unanima
1323 1625 1547 1684 omnium
1581 1624 1762 1671 volun-

243 1726 355 1767 tate
384 1722 670 1781 superatur,
719 1724 871 1779 atque
911 1712 973 1763 ad
1013 1713 1389 1778 suscipiendum
1439 1713 1763 1774 episcopatus

238 1804 474 1855 officium
503 1802 692 1855 collum
723 1801 1024 1852 submittere
1060 1801 1405 1863 compellitur.
1448 1799 1551 1849 Nec
1597 1808 1763 1849 ιιιιιιμιι

1853 656 1981 706 dixit
2009 672 2208 722 aquam,
2239 667 2289 706 et
2316 656 2453 707 dedit
2483 657 2719 708 ministro
2746 661 2949 709 comitis
2989 663 3192 712 nomine
3222 662 3369 711 liabl-

1857 745 2064 805 belmo,
2113 746 2197 810 qtti
2247 760 2381 795 nunc
2420 759 2577 807 usque
2620 756 2891 809 superest,
2942 755 2995 798 et
3041 749 3088 801 in
3141 730 3368 801 Ecclesia

1859 837 2258 889 Lindisfarnensi
2306 838 2324 864 ⁸
2374 837 2669 903 presbyterii
2714 839 2923 902 gradum
2968 838 3137 890 officio
3192 852 3372 891 tenens

1857 925 2083 975 moribus
2130 925 2327 989 implet,
2378 925 2689 988 virtutesque
2733 926 2825 975 viri
2877 924 2961 975 Dei
3000 926 3197 975 cunctis
3239 927 3371 977 scire

1858 1013 2148 1061 volentibus
2191 1012 2383 1062 referre
2429 1012 2579 1062 melle
2627 1012 2822 1061 dulcius
2856 1011 3027 1076 habet,
3058 1013 3137 1077 qui
3168 1023 3217 1064 et
3246 1013 3369 1063 mihi

1859 1100 1955 1150 hoc
2003 1100 2167 1162 ipsttttt
2216 1100 2349 1163 quod
2398 1099 2565 1148 refero
2607 1098 2906 1149 miraculum
2956 1099 3195 1150 narravit.
3247 1098 3373 1149 Huic

1858 1201 1979 1243 ergo
2026 1187 2151 1234 dans
2198 1200 2377 1249 aquam
2426 1184 2741 1235 benedictum
2767 1184 2843 1235 vir
2883 1185 2969 1237 Dei
3004 1202 3015 1233 :
3052 1201 3071 1233 t
3114 1185 3267 1245 Vade,
3298 1187 3372 1235 in-

1860 1278 1987 1339 quit,
2019 1286 2069 1325 et
2090 1278 2394 1351 gustandam
2422 1276 2591 1340 praebe
2618 1276 2892 1339 languenti.
2936 1293 2952 1324 ι
2988 1274 3081 1337 Qui
3108 1274 3257 1324 dictis
3284 1289 3370 1337 pa-

1863 1379 1983 1413 rcus
2023 1364 2189 1415 attulit
2234 1379 2413 1429 aquam
2446 1365 2708 1427 a'grotanti
2741 1379 2753 1411 ε
2785 1378 2935 1429 quam
2966 1364 3083 1413 dum
3117 1365 3265 1414 tertio
3297 1364 3373 1411 mi

1862 1456 1973 1516 ejus
2004 1453 2313 1513 iufunderet,
2347 1452 2589 1503 continuo
2616 1461 2793 1502 contra
2839 1466 3030 1501 morem
3063 1465 3117 1501 se
3142 1452 3370 1513 quietum

1862 1543 2052 1593 dimisit
2079 1543 2127 1593 in
2154 1555 2413 1607 soporem.
2442 1542 2561 1591 Erat
2582 1542 2717 1591 enim
2741 1542 2843 1606 jam
2875 1543 2893 1571 "
2925 1543 3204 1606 VPSpPrllna
3230 1541 3372 1590 hora.

1865 1630 1959 1691 Qui
2006 1628 2157 1679 etiam
2202 1629 2406 1679 silentio
2453 1629 2695 1691 transegit
2728 1639 2947 1685 noctem,
2981 1639 3031 1679 et
3066 1628 3292 1679 visitanti
3321 1642 3376 1679 se

1868 1717 2082 1767 Domino
2108 1730 2201 1767 suo
2230 1717 2398 1766 salvus
2435 1730 2585 1765 mane
2613 1719 2862 1779 apparuit.
2991 1717 2994 1720 ’

2002 1803 2144 1854 CAP.
2182 1801 2359 1854 XXVI.
2394 1802 2615 1865 Qualiter
2641 1803 2691 1853 in
2726 1803 3009 1868 episwpam
3036 1802 3225 1853 vixerit.

239 1894 423 1943 statim
450 1880 720 1947 ordinatio,
771 1888 859 1939 SPd
909 1896 1108 1949 peracta
1159 1887 1326 1938 hieme
1370 1902 1481 1951 qua:
1534 1886 1765 1936 immi-ie—
1804 1890 1842 1945 Β
1942 1888 2248 1949 Susceptum
2272 1899 2440 1939 autem
2466 1889 2788 1953 episcopatus
2810 1891 3042 1939 ordinem
3070 1886 3380 1938 venerabilis

244 1978 367 2037 bat.
417 1977 615 2043 expleta
647 1986 745 2027 est.
780 1975 944 2041 Atque
982 1982 1037 2024 ut
1086 1973 1255 2025 verbis
1296 1973 1407 2039 ejus
1456 1974 1767 2039 propheticis

238 2084 339 2137 per
371 2069 538 2119 omnia
570 2066 861 2124 satisfieret,
895 2062 1162 2131 Ecgfridus
1205 2074 1318 2123 post
1366 2078 1552 2113 annum
1599 2062 1765 2114 l‘icto-

242 2173 363 2208 rum
413 2156 579 2222 gladio
628 2155 925 2211 trucidatur,
966 2160 1019 2203 et
1046 2151 1306 2203 Aldfridus
1336 2150 1384 2201 in
1424 2165 1633 2208 regnum
1666 2150 1769 2201 fra-

242 2254 328 2296 ter
374 2246 486 2307 ejus
525 2245 710 2293 nothus
754 2241 1093 2300 substituitur,
1122 2240 1205 2302 qui
1257 2254 1356 2289 non
1401 2239 1575 2299 paucis
1623 2247 1769 2288 antra

245 2333 565 2395 temporibus
594 2331 643 2380 in
687 2330 979 2395 regionibus
1010 2328 1280 2378 Scotorum
1314 2326 1514 2377 lectioni
1559 2341 1768 2389 operam

243 2424 424 2481 dabat,
457 2426 471 2453 ¹
505 2420 614 2484 ipse
640 2422 704 2470 ob
733 2432 957 2469 amorem
988 2415 1251 2482 sapientia:
1277 2424 1613 2482 Spontanetnn
1659 2428 1772 2477 pas-

239 2524 335 2560 sus
363 2509 619 2561 exsilium.

240 2616 395 2668 CAP.
442 2613 596 2665 XXV.
640 2612 785 2673 Quod
805 2614 984 2663 electus
1011 2612 1077 2662 ad
1103 2612 1433 2671 enisropatum
1473 2628 1662 2663 servum
1691 2627 1774 2662 co-

398 2686 524 2732 mitis
555 2682 861 2749 languentem
890 2682 908 2710 '
935 2696 1061 2746 aqua
1088 2681 1337 2731 benedicta
1363 2684 1623 2731 curaverit.

321 2770 448 2823 Cum
475 2785 599 2837 ergo
629 2770 822 2821 electus
851 2769 913 2819 ad
942 2768 1288 2833 episcopatum
1316 2770 1390 2819 vir
1412 2767 1608 2819 Domini
1635 2767 1775 2821 Cud-

247 2862 460 2912 berctus
489 2873 633 2910 suam
665 2867 947 2910 remeasset
986 2856 1048 2906 ad
1080 2856 1321 2917 insu‘am,
1351 2863 1505 2922 atque
1547 2856 1777 2919 aliquan-

246 2948 412 2999 tulum
460 2945 709 3010 temporis
755 2959 811 2996 se
846 2953 984 2995 retus
1034 2943 1251 2994 Domino
1305 2942 1453 2994 solita
1509 2942 1777 2995 devotione

249 3033 516 3103 militaret,
562 3032 795 3083 evocavit
835 3044 953 3082 eum
1002 3029 1313 3081 venerabilis
1357 3031 1629 3095 episcopus
1667 3032 1777 3095 ejus

248 3120 403 3179 Eata,
435 3129 587 3185 atque
612 3120 675 3170 ad
701 3134 849 3170 suum
876 3119 1187 3182 colloquium
1218 3118 1422 3169 Mailros
1452 3120 1626 3170 venire
1650 3133 1777 3183 pra?-

1868 1981 1945 2026 vir
1994 1975 2190 2027 Domini
2230 1975 2545 2027 Cudberctus
2587 1975 2730 2041 juxta
2776 1984 3023 2041 przccepta
3056 1982 3110 2027 et
3144 1979 3374 2039 exempla

1869 2066 2148 2128 apostolica
2181 2065 2426 2116 virtutum
2474 2066 2691 2115 ornabat
2737 2064 2997 2129 cperihus.
3038 2064 3377 2113 Commissam

1871 2169 2089 2219 namque
2118 2154 2212 2205 sibi
2244 2154 2441 2219 plebem
2484 2161 2536 2203 et
2578 2152 2899 2203 orationibus
2927 2151 3223 2218 protegebat
3247 2151 3380 2199 assi~

1838 2242 2019 2305 duis,
2065 2250 2119 2293 et
2162 2239 2594 2297 admonitionibus
2637 2239 2987 2290 saluberrimis
3032 2238 3093 2288 ad
3149 2238 3378 2290 C(Blestia

1870 2330 2120 2389 vocabat,
2163 2338 2214 2381 et
2262 2330 2395 2395 quod
2445 2329 2665 2379 maxime
2710 2328 2948 2378 doctori-3
2974 2326 3146 2391 juvat,
3173 2342 3230 2377 ea
3269 2340 3381 2389 (μιςῆ

1870 2417 2066 2479 agenda
2094 2417 2344 2476 docebat,
2389 2416 2496 2479 ipse
2524 2410 2682 2479 ‘prius
2710 2416 2909 2478 agendo
2941 2428 3193 2479 p‘aunoas
3221 2414 3385 2463 raliat.

1873 2506 2133 2571 Eripiebat
2163 2506 2366 2567 inopem
2396 2504 2461 2555 dc
2490 2518 2640 2553 manu
2672 2502 2896 2554 fortioris
2927 2500 3057 2566 ejus,
3081 2515 3297 2565 egenum
3329 2512 3382 2551 et

1873 2607 2149 2659 pauperem
2182 2606 2209 2643 a
2233 2590 2550 2656 rapientibus
2567 2590 2917 2641 eum/Tristes
2941 2602 3001 2639 ac
3028 2589 3378 2649 pusillanimes

1872 2681 2160 2741 consolari,
2192 2679 2324 2729 male
2367 2677 2537 2729 autem
2574 2678 2854 2741 gaudentes
2892 2679 2953 2727 ad
2988 2677 3243 2727 tristitiam
3274 2692 3387 2741 qua:

1883 2771 2166 2824 si-cundnm
2197 2769 2357 2821 Deum
2400 2778 2480 2821 est
2520 2782 2763 2819 revocare
2801 2768 3026 2818 curabat.
3053 2766 3265 2818 Solitum
3293 2767 3388 2819 sibi

1880 2860 2249 2927 μαι-ριιιιοιιίιιιῐι
2275 2858 2483 2910 sedulus
2508 2870 2768 2918 exercere,
2808 2866 2861 2908 et
2891 2855 3023 2908 inter
3055 2854 3387 2921 frequentiam

1880 2950 2148 2998 turbarum
2184 2946 2496 2997 monachicae
2533 2945 2653 2995 vita:
2690 2945 2909 3010 rigorem
2939 2944 3187 2996 sollicitus
3215 2945 3393 2995 obser-

1876 3049 1995 3085 vare
2043 3034 2315 3099 gaudi-bat.
2367 3032 2721 3083 Esuricntibus
2763 3032 3006 3082 alimenta
3033 3070 3046 3093 ,
3092 3031 3387 3081 indumenta

1886 3122 2143 3187 prmbebat
2169 3107 2476 3185 algentibus,
2505 3122 2808 3183 ueterisque
2834 3120 2950 3168 vita:
2975 3118 3281 3183 poutilicalis
3309 3119 3385 3168 in-

245 3229 259 3258 t
279 3208 406 3273 cpit.
450 3208 561 3272 Quo
607 3205 813 3269 expleto
856 3205 1139 3270 colloquio,
1190 3204 1325 3256 dum‘
1350 3206 1560 3257 domum
1609 3206 1777 3257 redire
1806 3188 1848 3247 (ἶ
1879 3210 2105 3277 signibus
2134 3210 2228 3260 rite
2256 3213 2529 3260 decoratus
2557 3206 2842 3259 incedebat.
2873 3204 3031 3271 Cujus
3062 3204 3306 3265 internis,
3338 3203 3386 3254 id

245 3296 513 3358 (amissa,
542 3293 769 3346 occurrit
796 3294 868 3344 illi
902 3293 925 3319 "
952 3305 1125 3343 comes
1170 3293 1377 3356 quidam
1425 3291 1643 3357 Ecgfridi
1696 3308 1773 3343 re-

247 3387 351 3450 gis,
382 3385 685 3453 rogavitque
717 3383 904 3434 obnixe
934 3390 989 3434 ut
1018 3381 1080 3432 ad
1122 3381 1524 3433 benedictionem
1556 3380 1774 3432 dandam

250 3476 304 3527 in
354 3473 580 3525 villulam
630 3486 774 3525 suam
828 3471 1140 3537 domumque
1186 3471 1485 3521 diverteret.
1521 3468 1630 3532 Quo
1659 3483 1773 3518 cum

251 3566 617 3632 pervenisset,
658 3573 708 3617 et
757 3563 989 3630 gratifico
1042 3562 1269 3614 omnium
1322 3570 1591 3625 susceptus
1640 3568 1777 3611 esset

246 3652 442 3711 officio,
474 3651 721 3702 indicavit
770 3651 815 3703 ei
864 3650 940 3701 vir
984 3648 1051 3701 de
1094 3647 1392 3700 inﬁrmitate
1434 3646 1605 3698 famuli
1648 3647 1771 3700 sui:

236 3758 273 3804 Α
316 3741 439 3797 Deo,
468 3738 726 3804 inquiens.
748 3739 935 3804 gratias
957 3751 1071 3802 ago,
1096 3737 1418 3787 sanctissime
1442 3734 1607 3795 Pater.
1640 3735 1774 3803 quod

250 3841 349 3877 nos
380 3826 554 3878 videre
585 3837 916 3891 nostramque
944 3824 1152 3875 domum
1201 3816 1391 3874 intrare
1436 3823 1669 3889 dignatus
1697 3838 1773 3883 es,

248 3924 304 3965 et
335 3927 457 3965 vere
502 3913 761 3965 credimus
801 3913 916 3979 quia
967 3910 1243 3963 maximum
1302 3910 1447 3963 nobis
1490 3911 1683 3962 lucrum
1725 3918 1777 3963 et

250 4000 443 4052 mentis
470 4010 521 4053 et
548 4002 779 4067 corporis
812 4010 925 4051 tuus
955 4008 1167 4066 prtcstet
1194 3998 1461 4051 adventus.
1490 3996 1580 4051 Est
1605 4009 1775 4051 autem

252 4088 404 4138 nobis
447 4085 669 4140 famulus
710 4088 928 4153 pessima
954 4087 1146 4139 diutius
1172 4086 1467 4139 infirmitate
1496 4089 1774 4149 cruciatus,

251 4186 304 4225 et
350 4173 398 4225 in
432 4184 627 4226 tantum
671 4176 869 4228 doloris
916 4176 1066 4229 hodie
1111 4176 1401 4243 perductus,
1446 4183 1498 4227 ut
1539 4176 1774 4228 morienti

250 4266 474 4318 similior
497 4282 647 4333 quam
678 4267 698 4298 ³
729 4268 986 4334 languenti
1030 4276 1223 4334 pareat.
1272 4268 1507 4321 Extrema
1555 4282 1775 4333 namque

1878 3311 1974 3358 est,
2000 3299 2182 3350 animae
2210 3296 2506 3357 virtutibus,
2529 3312 2585 3349 ea
2608 3311 2809 3362 quoque
2828 3293 2852 3326 ⁸
2871 3295 3055 3361 quibus
3082 3293 3213 3345 foras
3242 3291 3388 3346 elfnl-

1877 3388 2031 3452 gebat
2070 3389 2436 3438 miraculorum
2480 3388 2624 3451 signa
2675 3385 3022 3435 testimonium
3070 3381 3275 3434 dabant.
3320 3381 3388 3432 Ex

1878 3476 2061 3540 quibus
2092 3477 2257 3542 aliqua
2290 3476 2515 3526 breviter
2547 3464 2811 3524 memoriae
2846 3470 3208 3523 commendare
3236 3484 3389 3521 cura-

1881 3564 2065 3614 vimus.

1873 3670 2019 3723 CAP.
2057 3666 2256 3723 XXVII.
2305 3670 2562 3734 Quomodo
2608 3669 2860 3721 interitum
2902 3666 3123 3733 Ecgfridi
3172 3666 3317 3734 regis,
3347 3673 3394 3715 et

1943 3741 2129 3791 militiw
2153 3740 2305 3799 ipsius
2336 3756 2475 3805 quem
2495 3740 2511 3768 ⁷
2536 3738 2830 3805 prttdiaerat
2874 3738 3092 3803 futurum
3131 3736 3183 3786 in
3219 3734 3397 3802 spiritu

1944 3808 2116 3857 viderit
2145 3807 2335 3858 absens.

1947 3917 2102 3985 igitur
2136 3918 2257 3968 dum
2292 3916 2561 3983 Ecgfridus
2588 3931 2677 3966 rex
2728 3929 2852 3966 ausu
2893 3911 3163 3965 temerario
3207 3910 3400 3964 exerci-

1882 4015 1988 4058 tum
2020 4007 2070 4057 in
2094 4006 2260 4057 Pictos
2281 4005 2489 4057 duceret
2519 4001 2544 4038 δ
2573 4002 2593 4032 ⁸
2622 4016 2906 4066 eorumque
2934 4015 3087 4066 regna
3116 3999 3275 4051 atroci
3304 4013 3401 4049 sre-

1884 4094 1999 4148 vitia
2023 4096 2318 4149 devastaret
2338 4111 2351 4156 ;
2376 4096 2547 4146 sciens
2565 4093 2641 4144 vir
2656 4091 2857 4144 Domini
2881 4090 3198 4141 Cudberctus
3220 4090 3402 4140 adesse

1881 4192 2082 4248 tempus
2112 4184 2176 4235 de
2200 4197 2304 4249 quo
2330 4196 2467 4233 anno
2509 4181 2772 4246 praeterito
2806 4177 3133 4243 interrOganti
3170 4174 3283 4241 ejus
3310 4189 3397 4226 so-

1879 4276 1981 4326 rori
2015 4271 2340 4339 prmdixerat,
2366 4286 2467 4323 non
2497 4285 2614 4323 eum
2647 4269 2864 4334 amplius
2890 4281 3041 4334 quam
3065 4269 3084 4298 '
3104 4280 3207 4319 uno
3226 4266 3394 4317 solum

254 4358 490 4423 corporis
519 4366 665 4423 parte
701 4357 1402 4431 prmtuortua,‘perumdicum
1431 4370 1520 4408 ore
1558 4367 1607 4407 et
1638 4361 1773 4410 nario
1809 4352 1858 4410 D
1891 4378 2026 4415 anno
2070 4377 2187 4417 esse
2227 4362 2514 4425 victurum,
2549 4360 2688 4413 venit
2712 4360 2776 4411 ad
2808 4367 2829 4395 ε
2865 4356 3188 4425 Lugubaliam
3218 4341 3400 4407 civita-

1178 4446 1629 4501 VULGATORUM
1677 4449 2051 4508 VARIANTES
2090 4452 2476 4507 LECTIONES.
2818 4478 2821 4485 ·
3280 4456 3283 4461 ’

326 4542 337 4568 ¹
374 4536 449 4590 1ὺὶ
473 4539 553 4592 ob.

324 4608 343 4635 ¹
379 4616 510 4670 Aqua
535 4622 620 4667 per
644 4622 695 4657 se
720 4606 985 4657 benedicta.

322 4674 342 4701 ³
378 4674 645 4743 ζιαηριιειιιί
672 4683 925 4743 appareat.

322 4743 343 4807 ξ
377 4742 670 4807 Presbyteri.

322 4805 342 4833 ⁵
387 4805 608 4877 Vespera.

1955 4544 1974 4572 ⁸
2007 4545 2195 4605 Quibus
2225 4546 2362 4609 foris.

1953 4612 1973 4640 ⁷
2009 4612 2331 4673 Prmdixerat,
2362 4611 2533 4661 absens
2565 4610 2733 4660 vidui“;
2757 4626 2803 4659 tu
2831 4609 3033 4667 spiritu.

1953 4688 1972 4713 κ
2009 4681 2185 4731 Eorum
2214 4695 2365 4746 regna
2384 4678 2541 4729 atroci
2570 4693 2627 4727 ac
2654 4679 2803 4743 [croci
2825 4678 3025 4727 swritia.

1953 4750 1973 4778 ’
2008 4748 2114 4801 Uno
2141 4763 2269 4800 anno
2292 4764 2411 4799 esse.

1549 4900 1899 4955 VARIORUM
1940 4898 2162 4952 NOTAE.

251 4989 442 5058 placuit
461 4998 536 5048 ut,
561 4990 680 5043 Eata
708 5004 914 5041 reverso
940 4990 1001 5041 ad
1027 4992 1201 5043 sedem
1234 4990 1475 5041 Ecctesite
1504 4991 1777 5050 Hagustal-

253 5058 451 5125 densis,
472 5059 551 5108 cui
577 5058 811 5125 regendze
842 5062 1004 5121 primo
1034 5059 1199 5110 fuerat
1228 5062 1515 5123 ordinatus,
1549 5058 1779 5111 Cudber-

255 5134 371 5176 ctus
419 5123 661 5176 Ecclesia:
692 5126 1120 5178 Lindisfarnensis
1151 5126 1494 5190 gubernacula
1542 5129 1773 5190 suscipe-

258 5202 361 5245 ret.
396 5212 415 5243 ι
451 5194 610 5244 l‘orro
631 5192 951 5246 Cudberctus
982 5196 1244 5247 ordinatus
1267 5206 1346 5247 cst
1378 5196 1491 5258 ipso
1514 5209 1648 5245 anno
1677 5197 1778 5259 quo

254 5263 422 5330 tinem
459 5262 577 5330 vita;
623 5264 819 5327 accepit
867 5278 953 5316 rex
1002 5263 1271 5330 ngridus,
1318 5262 1499 5330 eodem
1544 5274 1773 5323 auctore,

253 5342 369 5393 cap.
402 5328 467 5380 27
494 5328 725 5396 ejusdem
766 5329 901 5393 libri,
946 5328 1156 5391 ltoc'est
1199 5346 1335 5384 anno
1361 5328 1463 5382 (38-3
1490 5345 1553 5383 ex
1593 5342 1778 5382 notan—

253 5396 335 5446 dis
364 5396 513 5450 iufra.
537 5397 749 5450 MABILL.

326 5470 348 5495 ο
391 5464 581 5517 Comes.
612 5468 933 5532 Anonymns,
962 5466 1012 5517 in
1059 5467 1150 5519 lib.
1194 5482 1262 5526 tv.
1293 5466 1501 5519 Sibbam
1537 5468 1778 5519 comitem

256 5532 595 5651 vocatione
626 5532 834 5586 ﬂuvium
864 5532 1027 5599 Opide
1056 5534 1387 5586 habitantem.
1424 5535 1494 5585 lo.

328 5598 352 5635 ιι
386 5616 403 5647 ι
482 5614 583 5651 nuo
612 5603 884 5651 dominica!
908 5602 1277 5651 incarnationis
1300 5600 1420 5651 684.
1453 5602 1494 5651 ἰιι

261 5665 272 5676 _
435 5598 1277 5676 Annodominicmjncarnationis
1300 5600 1420 5676 68b,
1453 5601 1617 5676 inquit
1645 5600 1776 5676 Beda

261 5667 309 5716 in
344 5667 431 5718 lib.
461 5681 510 5718 tv
542 5669 673 5721 Hist.
706 5684 819 5735 cap.
845 5669 932 5731 26,
958 5668 1196 5735 ngridus
1225 5686 1310 5722 rex
1343 5670 1778 5733 Northanytubro-

266 5748 375 5787 rum
406 5736 561 5788 misso
590 5736 640 5788 iu
671 5736 964 5791 Hiberniam
993 5752 1109 5789 cum
1142 5740 1365 5792 exercitu
1393 5738 1524 5791 duce
1556 5738 1775 5801 Bcrtlto,

1882 4992 2100 5041 vastavit
2131 4989 2320 5039 misere
2346 4996 2549 5055 gentem
2580 4986 3087 5055 innoxiam..._Anno
3123 4992 3236 5055 post
3264 4982 3395 5055 hunc

1878 5061 2132 5122 proximo,
2161 5071 2275 5107 cum
2309 5052 2500 5108 temere
2543 5056 2822 5108 exercitum
2864 5053 2925 5102 ad
2976 5053 3273 5103 vastandam
3300 5052 3392 5122 ιιι-

1876 5120 2073 5175 ctornm
2102 5126 2412 5189 provinciam
2444 5124 2711 5177 duxisset.
2740 5122 2953 5172 multum
3003 5120 3391 5186 prohibentibus

1876 5194 2072 5254 amicis,
2102 5200 2148 5243 et
2178 5195 2398 5243 maxime
2423 5192 2581 5243 beatae
2608 5190 2866 5243 memoria!
2888 5189 3168 5241 Cuthberto
3189 5189 3270 5252 qui
3299 5203 3392 5236 uu—

1881 5275 1972 5325 per
2000 5260 2167 5312 fuerat
2194 5260 2458 5311 ordinatus
2486 5259 2783 5324 episcopus,
2834 5272 2949 5307 cum
2997 5260 3219 5308 maxima
3254 5267 3396 5325 parte

1881 5324 2143 5391 copiarum
2174 5343 2298 5390 quas
2329 5328 2609 5379 adduxerat
2656 5325 2910 5378 extinctus
2951 5338 3028 5378 est
3069 5339 3201 5376 anno
3231 5324 3401 5391 artatis

1882 5410 1989 5446 sua!
2020 5412 2105 5455 xc.
2139 5395 2279 5461 regni
2304 5404 2473 5447 autem
2504 5409 2589 5457 xv,
2623 5395 2708 5447 die
2733 5408 2821 5445 χιιι
2856 5393 3194 5445 Kalendarum
3225 5390 3401 5443 Juuia-

1883 5478 2014 5515 rum.
2049 5483 2064 5513 ι
2094 5464 2313 5516 ΜΑιιιι.

1956 5540 1978 5567 ε
2014 5533 2355 5597 Lugubaliam.
2386 5530 2699 5597 Capgravius
2742 5530 2923 5582 scribit
2970 5528 3023 5581 S.
3052 5526 3401 5597 Cudberctum

1882 5599 1980 5651 hoc
2001 5600 2050 5651 in
2071 5596 2181 5652 loco
2200 5596 2652 5665 congregationem
2670 5597 3157 5650 sanctimonialium.
3175 5602 3227 5646 et
3248 5596 3406 5644 abba.

1878 5671 2053 5719 tissam
2073 5670 2357 5728 ordinasse,
2379 5676 2431 5716 et
2446 5666 2649 5718 scholas
2662 5667 2991 5717 antistituisse
3016 5681 3025 5713 :
3045 5680 3109 5714 an
3125 5678 3262 5719 vere,
3284 5674 3405 5710 nec-

1882 5752 1964 5799 ne,
1990 5738 2146 5788 lector
2165 5734 2377 5802 judicet.
2406 5734 2476 5786 De
2504 5734 2598 5785 hac
2628 5733 2741 5787 vide
2771 5735 2909 5801 plura
2932 5733 2981 5785 in
3014 5748 3083 5798 tv,
3105 5733 3191 5784 ΞΕ).
3216 5733 3402 5783 Sirmi.
