3862 6354
540 398 637 453 767

1238 398 1435 452 ΒΕΜΕ
1478 399 1918 455 νΕΝΕιιΑῐιιιιδ
1953 399 2099 469 OPI‘.
2146 399 2312 454 PARS
2350 400 2435 453 IV.
2476 429 2543 441 ο-
2582 398 2952 467 IIISTURICA.
3600 408 3687 457 τω

539 520 663 570 tcm,
689 525 805 576 qua:
826 525 853 563 a
878 510 1078 577 populis
1108 510 1387 579 Anglorum
1410 522 1653 579 corrupte
1676 513 1798 565 Luel
1823 496 2055 569 vocatur,
2087 523 2128 567 Α
2163 522 2272 575 post
2304 512 2411 563 ltmc
2450 512 2742 575 aliquandiu
2785 515 2945 577 epulis
2964 498 3372 577 ,evsultatiani,
3402 529 3469 567 ac
3521 516 3684 571 fabulis

540 611 596 652 ut
617 602 964 665 alloqueretur
985 608 1010 635 ι
1039 601 1288 664 reginam,
1313 617 1429 667 que
1454 603 1640 653 ibidem
1665 602 1715 653 in
1747 603 2064 655 monasterio

538 702 647 739 suae
696 688 892 739 sororis
944 697 1184 740 eventum
1234 689 1350 741 belli
1388 692 1404 720 ¹
1442 698 1743 762 exspcrt.ire
1790 693 2060 757 disposuit.

540 776 751 828 Postera
776 787 949 829 autem
981 778 1063 828 die
1092 778 1463 831 deducentibus
1491 769 1609 832 eitm
1639 780 1839 833 civibus
1859 821 1874 840 ,
1904 792 1958 832 ut
1982 784 2062 833 vi-

537 862 682 914 deret
706 865 894 915 mtenia
917 864 1158 926 civitatis,
1184 863 1210 900 ιι
1233 865 1528 924 fontemutIe
1551 868 1599 917 in
1623 882 1682 918 ea
1700 870 1718 897 ²
1744 870 1874 920 miro
1896 884 2064 933 quon-

530 950 647 1000 dam
672 950 1021 1003 Romanorum
1044 966 1199 1018 opere
1220 952 1556 1012 exstructum,
1578 963 1793 1019 repente
1821 956 2059 1007 turbatus

529 1040 745 1103 spiritu,
795 1050 846 1090 ttt
894 1040 1061 1091 stabat
1110 1056 1269 1106 super
1301 1042 1536 1094 baculum
1564 1083 1578 1104 ,
1609 1053 1844 1096 llltBSIallt
1878 1044 2060 1099 faciem

530 1128 747 1180 deﬂexit
795 1129 1091 1188 admerram
1113 1169 1125 1191 ,
1156 1145 1467 1196 rursumque
1492 1119 1693 1197 erigens
1721 1148 1777 1184 se
1816 1143 1969 1197 atque
1997 1135 2058 1185 ad

528 1219 718 1269 coelum
763 1219 942 1268 oculos
990 1220 1265 1280 attollens,
1313 1220 1563 1285 ingemuit
1600 1222 1844 1286 graviter,
1879 1234 1930 1275 et
1961 1239 2059 1275 non

528 1306 708 1371 grandi
758 1322 916 1367 voce,
945 1309 1057 1358 ait:
1094 1324 1113 1357 ε
1154 1307 1308 1359 Forte
1340 1310 1494 1361 modo
1536 1310 1816 1365 discrimen
1870 1316 2057 1367 factum

527 1405 609 1447 est
635 1392 952 1449 certaminis.
993 1416 1011 1447 ι
1048 1403 1113 1449 At
1136 1400 1406 1466 presbyter
1428 1400 1511 1466 qui
1535 1401 1739 1452 astabat
1762 1402 2058 1471 intelligens

527 1484 592 1536 de
620 1500 721 1551 quo
747 1486 962 1548 diceret,
996 1488 1195 1539 incantrt
1226 1490 1500 1541 velocitate
1552 1491 1738 1543 ductus
1768 1496 2056 1559 respondit,

526 1581 580 1623 et
606 1573 734 1625 dixit
765 1589 776 1623 :
816 1592 831 1623 ι
868 1573 1015 1626 Unde
1042 1576 1180 1627 scis?
1214 1594 1232 1624 ι
1267 1577 1455 1630 Nolens
1494 1588 1665 1630 autem
1710 1581 1797 1633 ille
1834 1584 2059 1645 amplius

527 1662 593 1711 de
620 1661 703 1713 Itis
729 1677 844 1726 qum
872 1663 986 1713 sibi
1034 1665 1436 1714 erantrevelata
1470 1667 1794 1728 patefacere:
1828 1686 1847 1716 ι
1880 1669 2059 1721 Nonne

528 1753 746 1815 videtis,
798 1754 989 1819 inquit,
1031 1769 1182 1820 quam
1223 1756 1354 1807 mire
1388 1766 1616 1809 mutatus
1647 1772 1705 1809 ac
1736 1761 1969 1811 turbatus
1993 1761 2060 1813 sit

2168 600 2579 665 intlnlgeremu's,
2633 613 2809 651 rursus
2853 601 3131 652 admonete
3172 602 3339 666 cmpi,
3394 612 3451 653 ut
3492 605 3683 657 solliciti

2165 690 2504 740 existeremus
2531 690 2580 741 in
2610 690 2930 741 orationibus
2956 698 3006 741 et
3034 690 3259 756 vigiliis,
3290 702 3449 756 atque
3476 694 3541 742 ad
3578 707 3681 745 0m-

2166 789 2258 826 nes
2290 778 2627 826 lettlatinttttm
2659 776 2895 828 incursus
2933 779 3117 840 parati.
3155 778 3217 830 Et
3249 778 3321 831 illi
3357 796 3368 829 :
3400 779 3580 841 Bene,
3613 782 3683 831 in-

2166 879 2228 925 qu
2254 874 2363 924 ttnt,
2397 873 2448 913 et
2487 866 2680 928 optime
2705 864 2883 933 doces.
2923 865 3022 916 Sed
3066 876 3232 918 tamen
3264 866 3385 933 quia
3427 867 3683 919 abundant

2162 951 2274 1001 dies
2292 949 2632 1018 jejuniowm,
2660 954 2932 1015 orationis,
2958 964 3009 1005 et
3038 954 3353 1018 vigiliarum,
3386 956 3543 1006 hodie
3569 970 3679 1023 μοι

2161 1043 2373 1091 dcztttttts
2400 1040 2450 1091 itt
2484 1042 2718 1092 Domino.
2746 1042 2871 1093 Nam
2894 1053 2943 1093 et
2961 1046 3174 1109 angelus
3199 1055 3449 1098 nascente
3474 1046 3681 1099 DOntino

2161 1130 2544 1193 evangefizabat
2591 1132 2878 1193 pastoribus
2922 1134 3161 1198 gaudium
3216 1148 3506 1199 magnum,
3553 1140 3672 1200 quod

2160 1232 2295 1270 esset
2323 1220 2463 1271 omni
2508 1221 2697 1285 populo
2732 1220 3120 1272 celebrandum.
3146 1222 3209 1273 Et
3234 1236 3331 1287 ego
3356 1238 3369 1272 :
3395 1221 3568 1285 Bene,
3604 1223 3674 1275 in-

2162 1306 2314 1373 quam
2339 1348 2353 1369 ,
2396 1307 2647 1360 faciamus
2679 1310 2774 1360 sic.
2804 1310 2903 1361 Sed
2948 1324 3064 1360 cum
3104 1310 3434 1374 epulantibus
3462 1312 3605 1364 nobis
3630 1326 3673 1365 et

2160 1398 2294 1447 dleIl'I
2322 1395 2494 1448 licium
2524 1397 2830 1448 ducentibus
2861 1399 3013 1449 tertio
3047 1397 3276 1464 ejusdem
3317 1399 3673 1452 admonitionis

2161 1487 2314 1536 verba
2366 1493 2689 1549 repeterem,
2742 1487 3040 1539 intellexere
3085 1490 3154 1539 illi
3197 1489 3316 1551 quia
3364 1502 3466 1539 non
3500 1489 3671 1541 frustra

2162 1573 2269 1623 bazc
2291 1583 2393 1623 tam
2422 1575 2650 1625 studiose
2681 1588 3041 1639 suggererem;
3080 1581 3139 1627 et
3169 1584 3573 1639 expavescentes
3601 1576 3669 1627 di-

2159 1663 2373 1713 cebant:
2403 1662 2671 1715 Faciamus
2701 1674 2754 1715 ut
2783 1664 2972 1726 doces,
3009 1665 3126 1729 quia
3173 1665 3459 1716 necessitas
3502 1679 3669 1732 magna

2161 1748 2308 1801 nobis
2333 1751 2606 1825 incumbit,
2633 1759 2687 1802 ut
2710 1760 2889 1804 contra
2918 1752 3132 1803 insidias
3167 1752 3397 1814 diaboli,
3426 1760 3483 1805 et
3511 1755 3667 1806 omnia

524 1845 647 1896 aer?
692 1844 753 1895 Et
794 1847 909 1909 quis
952 1847 1247 1897 mortalium
1292 1843 1484 1897 sufficit
1511 1846 1826 1913 investigare
1861 1848 2055 1915 judicia
2090 1828 2133 1883 Β
2161 1851 2472 1892 lemamellla
2518 1856 2726 1908 semper
2779 1845 2994 1897 “Cincii
3041 1845 3348 1911 spiritaliter
3394 1847 3667 1915 νὶςίιεπιις.

526 1934 650 1986 Dei?
683 1952 701 1983 ι
739 1936 978 1987 Attamen
1025 1936 1295 2001 confestim
1347 1936 1558 1986 intravit
1597 1936 1659 1987 ad
1694 1938 1959 2003 reginam,
2004 1948 2058 1990 et

523 2031 731 2074 secreto
778 2037 890 2074 eam
942 2023 1212 2090 alloquens
1236 2065 1251 2087 ,
1310 2033 1421 2074 erat
1466 2034 1635 2075 autem
1666 2024 1776 2076 dies
1806 2025 2007 2077 sabbati
2040 2043 2053 2078 :

530 2127 547 2157 ι
593 2109 749 2171 Vide,
778 2112 979 2175 inquit,
1008 2119 1211 2162 mature
1241 2111 1576 2164 illucescente
1597 2113 1825 2165 secunda
1855 2113 2055 2166 sabbati

522 2199 771 2251 ascendas
796 2213 1026 2260 currum,
1059 2200 1177 2267 quia
1206 2200 1292 2252 die
1324 2200 1591 2262 Dominico
1634 2215 1788 2253 curru
1837 2199 1913 2255 ire
1953 2216 2055 2255 non

522 2285 663 2347 licet,
686 2285 944 2353 vadasque
964 2296 1015 2339 et
1034 2288 1228 2354 regiam
1249 2288 1508 2339 civitatem
1532 2288 1783 2340 citissime
1800 2289 2049 2353 introeas,

524 2389 590 2426 ne
620 2373 751 2427 forte
779 2375 983 2427 occisus
1008 2375 1075 2428 sit
1098 2389 1209 2427 rex.
1241 2374 1349 2442 Ego
1380 2386 1551 2427 autem
1577 2376 1695 2443 quia
1719 2373 1943 2429 crastina
1972 2376 2056 2429 die

521 2465 586 2516 ad
616 2464 841 2517 vicinum
888 2466 1261 2519 monasterium
1308 2466 1374 2518 ob
1420 2465 1760 2519 dedicandam
1791 2469 1857 2520 ibi
1891 2470 2057 2520 eccle-

522 2556 651 2607 siam
676 2557 854 2608 venire
884 2564 1093 2622 rogatus
1113 2571 1250 2621 sunt,
1278 2556 1480 2623 expleta
1506 2556 1831 2609 dedicatione
1857 2567 1905 2608 te
1931 2573 2059 2609 con-

530 2646 673 2695 tinuo
702 2647 1008 2712 subsequor.
1044 2661 1064 2695 ι

601 2732 849 2784 Veniente
879 2741 1049 2783 autem
1077 2732 1162 2783 die
1184 2731 1454 2782 Dominico
1474 2770 1488 2792 ,
1521 2733 1806 2797 prmdicans
1840 2736 2051 2785 verbum

532 2820 622 2871 Dei
656 2820 898 2871 fratribus
923 2820 1156 2885 ejusdem
1198 2822 1495 2873 monasterii
1518 2861 1529 2883 ,
1565 2822 1709 2873 linito
1736 2836 1977 2875 sermone
2005 2834 2056 2876 et

527 2906 814 2961 faventibus
861 2908 1059 2961 cunctis
1105 2910 1189 2973 qui
1234 2910 1479 2971 aderant,
1504 2909 1523 2938 ³
1555 2925 1733 2961 rursus
1760 2913 1825 2961 ita
1854 2914 2011 2978 coepit
2038 2930 2052 2963 ς

530 3015 548 3046 ι
563 3005 572 3039 t
588 2996 803 3057 ibsecro,
820 2997 1157 3059 dilectissimi,
1171 2999 1313 3064 juxta
1338 2998 1567 3062 Apostoli
1587 2998 1777 3050 monita
1801 3001 2051 3065 vigiletis,

523 3083 670 3137 stetis
700 3084 751 3137 in
782 3086 913 3147 lide,
945 3084 1164 3137 viriliter
1206 3086 1403 3151 agatis,
1452 3094 1505 3137 et
1546 3085 1942 3147 confortomini,
1988 3102 2053 3139 ne

2158 1927 2276 1980 Ila'c
2304 1929 2503 1992 dicens,
2540 1946 2635 1996 ego
2669 1933 2958 1983 nesciebam
2987 1933 3120 1985 sicut
3148 1950 3240 1985 nec
3270 1933 3342 1986 illi
3373 1936 3564 2001 aliquid
3589 1952 3667 1986 uo-

2156 2017 2234 2069 bis
2277 2032 2610 2070 occursurnm
2659 2034 2803 2070 nova:
2851 2021 3304 2076 tentationiszsed
3358 2036 3555 2077 tantum
3595 2028 3663 2077 itt-

2155 2106 2340 2156 stinctu
2359 2109 2543 2158 mentis
2558 2108 2975 2162 admonitussutn
3008 2112 3257 2165 adversus
3286 2114 3483 2165 subitas
3511 2124 3658 2166 tenta-

2157 2196 2353 2247 tionum
2383 2197 2633 2261 procellas
2662 2207 2851 2251 statum
2892 2201 3062 2253 cordis
3084 2216 3289 2265 semper
3308 2216 3426 2255 esse
3445 2204 3660 2256 munien-

2155 2284 2300 2337 dum.
2332 2288 2398 2337 At
2442 2285 2526 2337 ubi
2573 2290 2769 2340 reversi
2818 2303 2851 2341 a
2885 2304 2995 2354 me,
3027 2305 3180 2342 mane
3208 2291 3272 2342 ad
3301 2307 3477 2353 suum,
3506 2292 3552 2344 id
3577 2304 3663 2351 est,

2165 2372 2590 2427 Lindisfarnense
2619 2376 2986 2428 monasterium
3016 2378 3312 2440 redierunt,
3355 2393 3481 2432 ecce
3503 2396 3661 2445 quem-

2154 2462 2270 2513 d.im
2291 2462 2355 2514 de
2379 2464 2485 2515 suis
2508 2466 2689 2515 morbo
2719 2465 3020 2529 pestilentire
3042 2468 3235 2521 obiiSse
3258 2478 3559 2535 repererunt
3582 2486 3594 2519 :
3620 2480 3661 2520 et

2156 2562 2423 2604 crescente
2453 2568 2512 2603 ac
2538 2555 2783 2605 saeviente
2809 2569 2898 2619 per
2928 2556 3069 2617 dies,
3099 2556 3206 2607 imo
3229 2558 3382 2609 etiam
3421 2573 3511 2622 per
3536 2574 3661 2609 men-

2156 2659 2237 2696 ses
2260 2651 2313 2694 et
2338 2659 2529 2694 annum
2559 2659 2687 2708 pene
2715 2655 2874 2696 totum
2906 2646 3087 2698 eadem
3111 2646 3294 2708 clade,
3328 2648 3661 2700 nobilissimus

2157 2731 2242 2783 ille
2269 2741 2466 2796 patrum
2502 2734 2821 2796 fratrumque
2859 2744 3027 2786 cretus
3065 2734 3373 2795 spiritalium
3406 2750 3534 2799 pene
3561 2736 3660 2785 uni.

2156 2836 2336 2872 versus
2365 2821 2602 2886 migravit
2630 2820 2692 2872 ad
2728 2821 3021 2872 Dominum.
3052 2822 3113 2873 Et
3139 2836 3274 2873 nunc
3300 2836 3452 2887 ergo,
3476 2822 3657 2881 fratres,

2154 2911 2362 2974 vigilate
2390 2921 2441 2960 et
2465 2924 2553 2961 vos
2583 2911 2631 2962 in
2664 2911 3009 2972 orationibus,
3041 2914 3159 2963 utsi
3196 2912 3314 2977 quid
3347 2914 3492 2963 vobis
3520 2913 3655 2963 trilin-

2156 2999 2361 3049 lationis
2390 2999 2667 3065 ingruerit,
2696 3014 2787 3051 vos
2818 3000 2838 3029 ⁸
2866 3000 2969 3063 jam
3000 3010 3207 3065 paratos
3234 3001 3479 3051 inveniat.
3512 3018 3529 3049 ι
3557 3001 3657 3054 lla‘c

2154 3086 2358 3139 dicente
2383 3086 2662 3138 venerabili
2691 3086 2920 3140 antiSIitc
2963 3087 3283 3149 Cudbercto,
3318 3091 3577 3149 rebantur,
3614 3100 3656 3141 nt

525 3176 654 3224 torte
682 3173 1051 3235 superveniens
1083 3172 1248 3239 aliqua
1283 3172 1499 3223 tentatio
1528 3186 1620 3222 vos
1654 3174 1932 3236 imparatos
1971 3175 2050 3224 in-
2079 3143 2125 3203 Ο
2156 3173 2398 3239 praefatus
2420 3189 2554 3236 sum,
2580 3176 2697 3241 quia
2725 3175 2789 3226 de
2814 3174 2977 3227 reditu
3006 3175 3313 3242 pestilentiae
3335 3178 3545 3229 diceret.
3569 3177 3655 3227 Sed

525 3262 694 3313 veniat
723 3278 734 3310 :
765 3260 854 3313 sed
885 3276 1144 3312 memores
1175 3263 1348 3325 potius
1392 3276 1600 3325 semper
1638 3262 1774 3313 illius
1801 3261 2051 3316 Dominici

527 3353 790 3415 prmcepti,
812 3352 1016 3419 vigilate
1038 3360 1088 3403 et
1104 3360 1249 3403 orate
1274 3366 1338 3403 ne
1360 3350 1561 3404 intretis
1583 3351 1634 3403 in
1660 3353 2011 3404 tentationcm.
2028 3370 2046 3402 ι

526 3441 777 3492 Putabant
804 3452 973 3493 autem
1001 3441 1117 3507 quia
1151 3456 1251 3491 non
1283 3442 1442 3491 multo
1469 3451 1589 3493 ante
1621 3440 1927 3504 pestilentia:
1947 3443 2053 3493 cla-

526 3530 617 3581 des
637 3538 689 3583 et
709 3544 800 3582 eos
829 3541 880 3581 et
909 3530 1098 3581 multos
1126 3530 1528 3595 circumquaque
1561 3531 1661 3581 lata
1690 3531 1829 3579 caede
1850 3542 2052 3582 strave-

523 3629 623 3682 rat,
651 3634 767 3673 eunt
793 3622 856 3670 de
888 3619 1178 3684 ltujusmodi
1213 3620 1356 3684 plaga
1399 3617 1506 3684 jam
1532 3619 1760 3670 reditura
1792 3617 1947 3670 fuisse
1978 3619 2052 3670 Io-

523 3723 720 3765 cntum.
742 3714 803 3763 At
827 3710 911 3763 ille
933 3724 1111 3762 rursus
1134 3692 1395 3770 assumpto
1416 3724 1656 3761 sermone
1683 3726 1695 3759 :
1718 3726 1736 3757 ι
1760 3708 2049 3773 Quondam,

525 3802 705 3869 inquit,
739 3816 854 3854 cum
882 3800 1050 3852 adhuc
1080 3801 1129 3851 in
1160 3814 1273 3852 mea
1308 3800 1609 3851 demorarer
1660 3798 1824 3849 insula
1868 3799 2049 3848 solita-

526 3894 651 3954 rius,
678 3897 929 3949 venerunt
955 3891 1016 3939 ad
1047 3903 1129 3940 me
1155 3889 1361 3952 quidam
1392 3888 1455 3939 de
1488 3888 1731 3938 fratribus
1765 3878 1857 3938 die
1872 3896 2053 3937 sancto

529 3977 798 4029 dominicae
828 3974 1130 4035 nativitatis,
1153 3975 1505 4043 rogabantque
1545 3985 1601 4026 ut
1629 3976 1691 4026 de
1723 3988 1832 4025 mea
1878 3973 2051 4025 casula

526 4074 579 4116 et
607 4062 874 4116 mansione
901 4064 1210 4129 egrediens.
1243 4064 1526 4115 solemnem
1558 4078 1674 4116 cum
1702 4064 1777 4115 eis
1803 4072 1856 4115 et
1884 4062 2050 4114 laetum

526 4152 661 4205 diem
695 4160 849 4204 tanta:
879 4153 1230 4205 venerationis
1253 4154 1613 4227 transigerent,
1647 4153 1667 4182 ⁵
1695 4168 1911 4218 quorum
1937 4166 2053 4219 prc-

526 4247 672 4297 t-ihus
699 4245 899 4295 devotis
924 4246 1258 4309 acquiescens
1286 4245 1609 4311 egrediebar,
1643 4254 1695 4297 et
1723 4246 2053 4296 consedimus

524 4335 586 4384 ad
618 4334 818 4399 epulas.
847 4338 911 4385 At
942 4336 989 4385 in
1023 4335 1190 4386 media
1227 4334 1360 4386 forte
1383 4335 1662 4386 refectimte
1694 4335 1797 4384 dixi
1829 4334 1891 4383 ad
1919 4348 2048 4385 eos:

525 4422 775 4485 Obsecro,
806 4420 1010 4482 fratres,
1041 4432 1189 4474 caute
1221 4436 1431 4486 agamus
1463 4435 1557 4472 nos
1583 4431 1634 4473 et
1664 4420 1954 4487 vigilanter,
1987 4435 2048 4471 ne

529 4527 620 4576 per
650 4512 895 4563 ineutiam
929 4511 1058 4563 forte
1085 4521 1137 4563 et
1160 4513 1491 4562 securitatem
1528 4511 1831 4561 inducantur
1862 4511 1910 4559 in
1940 4519 2050 4561 ten-

2155 3273 2263 3328 post
2297 3277 2450 3314 unum
2479 3263 2614 3312 diem
2654 3263 2939 3315 adveniens
2982 3263 3068 3319 qui
3116 3262 3317 3329 fugerat
3347 3280 3375 3314 e
3401 3265 3560 3327 bello,
3586 3278 3658 3316 nc-

2151 3350 2287 3401 culta
2319 3351 2413 3402 viri
2442 3350 2531 3402 Dei
2571 3350 2809 3410 vaticinia
2852 3350 3056 3401 miseris
3098 3352 3392 3415 exponebat
3440 3352 3653 3413 eloquiis.

2153 3439 2537 3504 Probatumque
2566 3451 2641 3489 est
2672 3440 2779 3501 ipsa
2811 3438 2893 3489 die
2920 3438 3209 3503 eademque
3240 3440 3365 3489 liora
3384 3477 3399 3497 .
3427 3452 3525 3503 qua
3555 3439 3655 3488 viro

2155 3527 2242 3577 Dei
2288 3526 2437 3590 juxta
2481 3537 2687 3590 puteum
2738 3528 2891 3576 stanti
2943 3527 3227 3578 revelatum
3271 3537 3382 3589 est,
3411 3535 3555 3577 ursis
3575 3527 3656 3576 cir-

2152 3614 2547 3677 rumtutoribus,
2574 3628 2746 3681 regem
2802 3614 2973 3666 bosdli
3018 3616 3190 3681 gladio
3221 3616 3376 3667 fuisse
3403 3626 3426 3653 ⁸
3453 3626 3655 3682 prostra-

2155 3712 2279 3753 tum.
2922 3718 2927 3723 '

2151 3812 2297 3865 CAP.
2326 3809 2550 3863 XXVIII.
2584 3810 2842 3872 Quomodo
2861 3806 2885 3845 δ
2916 3808 3214 3865 Ilerebcrcto
3237 3808 3535 3858 auarum-itm
3568 3806 3656 3857 obi-

2221 3893 2321 3931 tum
2346 3894 2487 3928 suum
2513 3882 2813 3941 pra’dtl‘crll,
2840 3878 3223 3946 comitatumque
3249 3877 3385 3927 illius
3409 3892 3440 3925 α
3469 3874 3656 3925 Domina

2221 3950 2442 4016 precibus
2464 3946 2484 3976 ⁸
2509 3948 2792 3998 olitionem.

2221 4057 2332 4109 Non
2381 4057 2542 4107 multo
2588 4063 2701 4119 post
2749 4065 3011 4118 tempore,
3052 4051 3190 4103 idem
3229 4050 3447 4103 famulus
3478 4050 3653 4102 Domini

2152 4142 2471 4197 Cudberctus
2499 4142 2560 4192 ad
2591 4142 2825 4192 eamdem
2868 4140 3199 4204 Lugubaliam
3230 4142 3492 4191 civitatum
3530 4154 3654 4203 roga-

2157 4244 2238 4285 tus
2260 4236 2487 4291 advenit,
2518 4246 2770 4299 quatenus
2799 4232 2984 4283 ibidem
3010 4231 3309 4282 sacerdotes
3338 4245 3650 4286 cuttsecrate,

2152 4325 2241 4375 scd
2268 4333 2319 4374 et
2349 4324 2509 4388 ipsam
2543 4324 2774 4387 reginam
2800 4320 2930 4372 dato
2953 4320 3124 4369 babitu
3161 4328 3358 4370 sancta:
3403 4332 3652 4369 conversa-

2154 4413 2306 4463 tionis
2333 4410 2637 4462 benedicere
2661 4410 2893 4459 deberet.
2922 4406 3042 4458 Erat
3064 4416 3233 4457 autem
3266 4406 3533 4471 presbyter
3554 4404 3650 4452 vita

2160 4502 2465 4555 venerabilis
2508 4500 2717 4551 nomine
2752 4497 3095 4549 Ilereberctus
3120 4494 3422 4562 jamdudum
3456 4495 3556 4543 viro
3580 4490 3651 4542 Dei

532 4600 799 4653 tationem.
832 4602 899 4652 At
939 4600 1011 4650 illi
1060 4601 1471 4664 reSponderunt,
1517 4600 1861 4651 Obsecramus
1908 4598 2058 4647 bodi».
2163 4594 2454 4644 Cudbercto
2480 4589 2731 4652 spiritalis
2759 4587 3000 4639 amicitia:
3030 4585 3223 4679 ftrdere
3249 4583 3538 4650 copulatus.
3573 4579 3651 4643 Qui

2162 4684 2210 4734 itt
2241 4684 2404 4733 insula
2429 4680 2593 4748 stagni
2627 4679 2765 4729 illius
2792 4674 3092 4743 pergrandis
3126 4673 3324 4740 de‘quo
3356 4683 3379 4707 ε
3417 4673 3651 4725 Diorvren-

2163 4770 2315 4822 liottis
2343 4768 2481 4821 ﬂuvii
2510 4764 2792 4834 primordia
2820 4771 3137 4828 erumpunt,
3185 4762 3343 4814 vitam
3395 4758 3652 4814 solitariam

531 4688 701 4738 laetum
732 4701 941 4751 agamus
967 4688 1101 4739 diem
1127 4725 1141 4748 ,
1182 4686 1297 4752 quia
1340 4688 1509 4735 natale
1531 4698 1610 4735 est
1646 4686 1845 4737 Domini
1898 4685 2058 4736 nostri

528 4776 649 4825 .lvsu
678 4774 890 4827 Christi.
912 4775 972 4825 Et
995 4790 1090 4841 ego
1113 4793 1122 4825 :
1146 4774 1254 4836 Sic,
1280 4776 1507 4841 inquam,
1530 4774 1797 4826 faciamus.
1823 4774 2060 4839 Cumque

1434 4902 1603 4956 VULG
1616 4868 1891 4955 ATURIIM
1934 4899 2315 4954 VARIANTES
2353 4896 2741 4951 LECTIONES.

602 4998 615 5027 ¹
654 4995 987 5057 Exspectant,
1018 4994 1281 5062 disposuit.

599 5068 616 5095 ²
654 5063 781 5114 Miro
803 5064 1033 5125 quodam.

603 5134 620 5163 ³
654 5132 717 5184 Ut
742 5133 827 5183 ille
852 5149 1043 5183 rursus.

2226 4986 2248 5018 ⁵
2276 4990 2496 5050 Quorum
2516 5003 2605 5053 ego
2635 4985 2878 5050 precibus.

2228 5059 2247 5086 ³
2280 5057 2437 5106 Etiam
2470 5067 2689 5119 paratos.

2226 5126 2245 5155 ‘
2278 5127 2551 5176 Ubtinuerit
2575 5124 2679 5175 sine
2707 5139 2863 5175 mora.

1839 5236 2181 5291 VAIilORUM
2218 5236 2441 5289 NOT/E.

602 5343 623 5399 τ·
657 5329 1337 5399 Reginam.,Ertttenbnrgam
1360 5328 1570 5399 dictum.
1593 5327 1777 5399 Stttru.

605 5397 629 5433 ιι
666 5397 893 5450 Famem,
926 5398 1261 5450 Doctissimns
1289 5397 1531 5447 (jztetlinl.
1567 5398 1723 5459 opisc.
1769 5398 2052 5447 llomanttm

539 5466 636 5519 Imc
662 5483 789 5531 opus
813 5470 955 5531 juxta
978 5467 1248 5517 ecclesiam
1280 5464 1627 5515 catbedialem
1660 5480 1865 5515 ιιιςιιιιῚρ
1887 5465 2054 5516 adhuc

539 5539 813 5585 νιιιιοιιιιιιιιι
833 5539 1121 5598 suSpicalur
1150 5551 1159 5583 :
1189 5532 1375 5583 fatetur
1397 5548 1585 5594 tamen,
1617 5537 1749 5597 quod
1775 5547 1855 5583 res
1884 5536 2051 5598 vulga-

542 5620 611 5653 rts
641 5619 739 5653 non
771 5605 855 5665 sit,
887 5603 1078 5654 fontrtn
1104 5606 1236 5650 hunc
1261 5602 1451 5651 sorvari
1479 5616 1627 5662 posse
1657 5613 1755 5650 tant
1776 5602 2048 5667 integrum,

537 5687 649 5722 cunt
680 5672 860 5723 civitas
893 5674 996 5736 ipsa
1046 5689 1073 5721 ιι
1126 5671 1277 5721 Danis
1318 5670 1424 5722 solo
1467 5668 1570 5720 fotc
1600 5670 1664 5720 sit
1710 5683 1923 5735 tcjuata.
1978 5670 2045 5720 in.

2232 5338 2252 5361 ε
2294 5327 2617 5377 Ρνοιιιγηιιοιιι.
2655 5327 2751 5376 An.
2776 5322 2909 5385 685;
2940 5340 3011 5387 tv,
3035 5323 3123 5375 9.6.
3153 5321 3229 5376 lo.

2227 5395 2249 5428 ά
2289 5395 2598 5445 lferebercto.
2635 5398 2705 5446 lle
2728 5395 2823 5445 Itoc
2851 5396 2966 5444 vide
2987 5408 3056 5454 tv,
3088 5394 3175 5443 ‘39.
3201 5391 3275 5443 In.

2229 5474 2249 5497 θ
2284 5464 2671 5515 υίοτιοειιιὶοηοε.
2700 5467 2859 5514 Aliter
2899 5462 3251 5513 υςνιυειιιὶοιιὶε
3274 5472 3365 5509 seti
3394 5455 3648 5511 Doro-ottin-

2157 5534 2251 5586 nis.
2282 5534 2366 5593 qui
2402 5534 2587 5582 lluvius
2610 5532 2922 5598 provinciam
2954 5531 3027 5581 Cu
3051 5529 3211 5579 t-hria:
3238 5528 3461 5582 alluens.
3490 5530 3537 5579 in
3558 5542 3642 5577 uta-

2158 5618 2210 5654 re
2240 5600 2565 5654 llibernicttm
2596 5600 2905 5651 devolvi'ur.
2942 5599 3156 5651 Mutua
3302 5598 3317 5615 ‘

3382 5841 3816 6256 Α
