3862 6348
219 419 324 471 16'.)

857 415 1050 473 SECT.
1097 415 1132 468 Ι.
1175 442 1238 452 -
1279 409 1767 466 llAGIOGRAPlllC

1885 435 1954 448 —
1990 407 2146 460 VITA
2192 407 2248 462 S.
2291 406 2691 461 CUTIIBERTI.

3282 408 3382 460 770

207 525 438 582 (lucens.
468 523 618 574 annis
644 521 859 588 singulis
889 520 955 574 ad
985 536 1105 574 eum
1135 519 1345 584 venire,
1376 527 1430 572 et
1460 519 1655 572 monita
1685 516 1751 567 ab
1779 521 1827 574 Α
1855 515 2061 568 devenit
2105 515 2167 566 ad
2212 514 2439 566 villulam
2472 515 2741 582 cujusdam
2771 517 2978 569 comitis
3002 557 3015 577 ,
3063 517 3211 583 cujus
3256 535 3383 570 uxor

211 628 287 665 eo
335 621 597 680 perpetuae
630 609 812 661 salutis
856 609 1091 674 accipere
1120 615 1482 661 consueverat.
1519 606 1611 658 llic
1637 619 1754 656 cum

214 703 454 752 audisset
495 714 614 750 eum
664 699 749 750 illa
799 697 850 748 in
880 697 1090 749 civitate
1126 699 1448 750 demoratum
1476 737 1488 756 ,
1524 698 1663 748 venit
1691 711 1757 748 ex

221 803 376 840 more
401 787 615 855 cupiens
645 786 954 838 salutaribus
975 785 1087 850 ejus
1113 771 1555 836 exhortationibus
1579 785 1642 836 ad
1671 801 1756 836 su-

219 891 386 940 perna
414 875 671 928 desideria
695 876 856 939 magis
878 874 1140 940 magisque
1163 871 1490 924 inflammari.
1517 871 1611 936 Qui
1633 872 1755 923 dum

217 981 345 1018 sese
387 967 689 1018 alterutrum
735 963 961 1016 caelestis
1007 962 1279 1028 sapientia:
1323 961 1519 1025 poculis
1557 961 1760 1014 debria-

215 1063 366 1117 rent,
395 1051 523 1103 dixit
552 1051 685 1100 inter
717 1049 818 1099 alia
848 1048 1168 1099 Cudberctus
1194 1065 1205 1098 :
1242 1064 1259 1095 t
1299 1048 1574 1109 Memento,
1604 1047 1762 1099 frater

221 1137 561 1197 Ilerebercte,
589 1146 642 1187 ut
673 1136 825 1186 modo
852 1135 1096 1200 quidquid
1127 1151 1256 1199 opus
1291 1136 1451 1187 habes
1482 1151 1563 1188 me
1595 1137 1758 1187 inter-

224 1243 402 1293 roges,
430 1241 732 1291 mecumque
764 1226 1026 1291 loquaris,
1060 1226 1177 1287 quia
1211 1235 1480 1292 postquam
1528 1226 1594 1276 ab
1623 1226 1760 1276 invi-

219 1329 344 1368 cem
371 1313 592 1383 digressi
623 1311 894 1375 fuerimus,
924 1329 1023 1363 noo
1051 1313 1183 1364 ultra
1217 1328 1309 1364 nos
1339 1313 1557 1364 invicem
1585 1315 1635 1364 iti
1665 1315 1762 1364 hoc

220 1403 421 1455 saeculo
465 1403 669 1454 carneis
716 1400 882 1452 oculis
916 1399 1228 1452 videbimus.
1257 1400 1441 1452 Certus
1479 1415 1592 1451 sum
1621 1403 1759 1452 enim

219 1495 351 1556 quia
403 1496 606 1552 tempus
655 1503 784 1540 meae
835 1487 1164 1540 resolutionis
1203 1490 1389 1551 instat,
1423 1496 1476 1539 et
1505 1489 1651 1538 velox
1685 1497 1764 1540 est

231 1577 494 1644 depositio
523 1577 839 1628 tabernaculi
864 1579 981 1628 mei.
1005 1593 1023 1626 ι
1058 1577 1152 1639 Qui
1181 1579 1289 1627 lia-c
1315 1577 1549 1638 audiens,
1579 1593 1764 1640 provo-

223 1665 370 1718 lutus
395 1666 506 1730 ejus
530 1665 760 1730 pedibus,
786 1661 911 1715 fusis
936 1679 1052 1714 cum
1076 1665 1266 1729 gemitu
1297 1665 1536 1731 Iacrymis
1558 1681 1569 1714 ;
1605 1681 1624 1713 ι
1660 1665 1762 1716 Ub-

231 1769 410 1814 secro,
436 1755 619 1820 inquit,
648 1768 736 1817 per
763 1751 1056 1815 Dominum,
1089 1770 1153 1806 ne
1180 1769 1262 1805 me
1288 1754 1638 1820 derelinquas,
1668 1757 1759 1806 sed

1857 604 1991 654 male
2022 603 2217 654 habens
2248 601 2397 668 quasi
2426 603 2577 652 morti
2612 604 2841 667 proxima
2877 603 3100 669 jacebat.
3148 604 3240 656 Ctii
3276 605 3381 673 jam

1854 691 2081 742 venienti
2116 705 2398 742 occurrens
2427 693 2537 753 ipse
2564 688 2589 726 ιι
2613 705 2809 752 comes,
2839 693 2986 744 flexis
3015 697 3231 759 genibus
3259 712 3380 761 gra-

1857 781 1955 830 tias
1982 782 2082 845 egit
2119 780 2341 831 Domino
2365 780 2431 830 de
2459 781 2684 831 adventu
2733 781 2901 841 illitis,
2951 793 3004 833 et
3049 784 3387 836 introducens

1857 883 1973 921 eum
2006 869 2230 935 benigno
2259 868 2452 932 recepit
2501 867 2746 933 hospitio.
2799 870 3030 929 Cumque.
3081 872 3198 923 lotis
3244 888 3389 926 inore

1859 958 2219 1023 hospitalitatis
2251 958 2489 1008 manibus
2515 972 2576 1008 ac
2603 960 2816 1023 pedibus
2845 961 3122 1012 resedisset
3149 965 3386 1025 antistes,

1859 1047 2020 1111 etrpit
2051 1049 2242 1098 referre
2271 1046 2340 1096 illi
2369 1046 2445 1097 vir
2465 1048 2530 1096 de
2552 1045 2798 1112 languore
2828 1049 3058 1113 conjugis
3080 1053 3389 1116 desperatm,

1859 1136 2138 1184 obsecrans
2168 1142 2221 1184 nt
2247 1132 2309 1185 ad
2335 1135 2356 1164 ⁸
2377 1135 2748 1200 aSpcrgeudam
2794 1150 2906 1186 eam
2954 1153 3134 1202 aquam
3169 1137 3390 1190 benedi—

1858 1234 2018 1273 ceret.
2053 1239 2072 1271 t
2106 1223 2293 1283 Credo,
2330 1221 2529 1289 inquit,
2574 1224 2690 1287 quia
2736 1238 2854 1274 mox
2899 1233 2988 1274 aut
3030 1228 3237 1275 sanitati
3286 1225 3390 1277 Deo

1859 1311 2087 1364 donante
2115 1314 2440 1376 restituatur,
2484 1321 2573 1363 aut
2600 1315 2643 1364 si
2673 1313 2923 1364 moritura
2968 1322 3068 1376 est,
3093 1324 3390 1380 perpetuam

1860 1401 1924 1454 de
1974 1413 2140 1452 morte
2171 1410 2399 1453 transeat
2447 1403 2513 1454 ad
2559 1403 2758 1465 vitam,
2813 1402 3068 1467 citiusque
3120 1406 3390 1455 moriendo

1861 1487 2223 1553 compendium
2258 1499 2357 1540 tam
2405 1490 2720 1542 miserabilis
2763 1506 2823 1542 ac
2865 1493 3077 1542 diutime
3109 1495 3396 1544 vexationis

1861 1577 2102 1649 accipiat.
2140 1595 2156 1626 ι
2201 1577 2390 1628 Adnuit
2416 1577 2715 1641 deprecanti
2746 1579 2821 1628 vir
2847 1579 2957 1643 Dei,
2988 1589 3039 1630 et
3066 1580 3134 1630 all
3154 1594 3272 1630 nam
3308 1582 3398 1632 be-

1863 1665 2112 1715 nedicens
2155 1677 2340 1729 aquam
2373 1665 2514 1716 dedit
2545 1675 2564 1696 '-
2595 1666 2898 1729 presbytero
2923 1706 2937 1728 ,
2986 1667 3294 1732 prmcipiens
3341 1680 3397 1718 ut

1862 1766 2020 1817 super
2053 1751 2345 1818 languidam
2375 1762 2696 1817 aspergeret.
2743 1755 2835 1813 Qui
2871 1755 3217 1821 introgressus
3248 1756 3395 1804 cubi-

223 1843 304 1894 tui
335 1841 530 1893 sodalis
558 1841 874 1902 memineris,
907 1855 1162 1907 rogesque
1187 1855 1464 1908 supernam
1491 1841 1757 1905 pietatem,
1794 1820 1837 1877 Β
1869 1844 2042 1892 culum
2073 1841 2121 1892 iii
2150 1855 2252 1906 quo
2281 1840 2365 1892 illa
2391 1842 2614 1893 exanimi
2643 1841 2902 1894 simillima
2926 1842 3151 1907 jacebat,
3178 1844 3401 1906 aSpersit

224 1937 285 1980 ut
315 1931 396 1980 cui
429 1928 618 1994 pariter
645 1927 694 1978 in
722 1928 874 1979 terris
902 1926 1235 1989 scr'vivimus,
1259 1930 1323 1979 ad
1361 1930 1471 1993 ejus
1494 1930 1763 1981 videndam

225 2021 520 2074 claritatem
551 2021 745 2086 pariter
776 2028 1100 2073 transeamus
1135 2019 1197 2070 ad
1239 2021 1420 2072 cmlos.
1449 2019 1593 2072 Nosti
1629 2020 1764 2071 enirn

223 2113 348 2176 quia
380 2111 442 2160 ad
478 2110 549 2161 tui
578 2111 684 2160 oris
713 2107 984 2173 itnperium
1013 2123 1221 2175 semper
1243 2111 1417 2163 vivere
1464 2111 1634 2162 studui
1663 2151 1676 2174 ,
1715 2121 1769 2163 et

224 2185 480 2266 quidquid
513 2198 800 2265 ignorantia
833 2199 912 2251 vel
943 2198 1216 2265 fragilitate
1245 2200 1474 2266 deliqui,
1514 2217 1661 2268 irque
1700 2198 1764 2252 ad

228 2297 336 2339 tua:
359 2287 637 2338 voluntatis
660 2287 932 2338 arbitrium
960 2287 1214 2352 castigare
1240 2289 1436 2339 curavi.
1477 2307 1495 2337 ι
1532 2289 1764 2341 Incubuit

229 2377 474 2444 precibus
501 2375 800 2442 episcopus,
834 2376 1111 2440 statimque
1137 2375 1352 2426 edoctus
1377 2376 1425 2425 iu
1454 2375 1636 2440 spiritu
1671 2376 1767 2426 im-

228 2473 468 2529 petrasse
489 2478 545 2515 se
567 2462 701 2529 quod
727 2463 945 2528 petierat
963 2478 990 2513 a
1017 2462 1233 2513 Domino
1264 2477 1276 2512 :
1315 2479 1332 2510 ι
1367 2462 1550 2528 Surge,
1580 2465 1765 2530 inquit,

228 2555 395 2605 frater
418 2556 508 2615 mi,
531 2563 582 2603 et
614 2551 720 2604 noli
749 2553 974 2617 plorare,
999 2551 1089 2604 sed
1110 2550 1298 2618 gaudio
1320 2553 1505 2618 gaude,
1535 2554 1652 2619 quia
1677 2555 1770 2603 do-

230 2643 378 2694 navit
400 2641 547 2692 nobis
566 2655 787 2706 superna
817 2641 1086 2692 clementia
1109 2641 1242 2704 quod
1269 2642 1561 2707 rogavimus
1579 2657 1713 2692 eam.
1746 2660 1764 2691 ο

229 2728 393 2796 Cujus
422 2731 438 2760 ³
470 2729 863 2794 promissionem
910 2736 964 2780 et
1010 2728 1293 2793 prophetia:
1332 2732 1635 2791 veritatem,
1686 2745 1768 2780 se-

232 2832 404 2884 quens
433 2831 604 2870 rerum
649 2816 772 2867 finis
821 2816 1041 2870 astruxit
1067 2831 1080 2865 :
1104 2816 1123 2844 ¹
1153 2817 1269 2882 quia
1316 2815 1670 2884 digredientes
1702 2817 1769 2868 ab

235 2909 458 2962 invicem
486 2925 610 2965 ,non
657 2907 877 2976 amplius
924 2923 980 2959 se
1017 2909 1355 2973 corporaliter
1399 2908 1668 2970 viderunt,
1718 2915 1770 2959 et

238 2998 398 3049 unius
442 2995 786 3063 ejusdemque
825 3004 1085 3047 momento
1127 2995 1371 3060 temporis
1395 2996 1714 3061 egredientes
1739 3009 1769 3046 c

234 3096 458 3150 corpore
501 3085 710 3150 spiritus
757 3097 934 3136 eorum
965 3098 1082 3135 mox
1113 3084 1258 3136 beata
1309 3083 1527 3134 invicem
1571 3084 1768 3133 visione

233 3175 502 3240 conjuncti
544 3184 684 3235 sunt,
711 3183 865 3240 atque
889 3174 1122 3239 angelico
1165 3173 1449 3224 ministerio
1481 3173 1670 3238 pariter
1700 3173 1762 3224 ad
1800 3171 1842 3189 "

234 3276 452 3329 regnum
482 3261 693 3314 eteleste
719 3265 747 3292 “
779 3261 1030 3313 translati.
1078 3261 1180 3314 Sed
1209 3262 1554 3315 llereberctus
1575 3264 1768 3316 diutina

238 3353 384 3414 prius
440 3350 738 3403 infirmitate
776 3351 1097 3417 decoquitur,
1147 3352 1228 3403 illa
1273 3352 1508 3405 fortassis
1553 3354 1762 3418 dispen-

237 3438 441 3490 satione
467 3437 743 3491 dominicae
770 3440 1005 3505 pietatis,
1040 3447 1095 3490 ut
1137 3440 1178 3490 si
1225 3442 1344 3506 quid
1391 3446 1562 3492 minus
1607 3440 1768 3492 habe-

239 3537 320 3580 ret
345 3527 366 3557 ³
397 3527 565 3580 meriti
595 3542 624 3580 a
645 3529 795 3581 beato
815 3528 1138 3593 Cudbercto,
1170 3531 1434 3595 suppleret
1460 3531 1611 3582 dolor
1641 3545 1769 3582 con-

239 3614 418 3666 tinuus
461 3615 622 3680 longae
649 3615 1004 3682 aegritudinis:
1037 3627 1290 3680 quatenus
1333 3627 1566 3684 aequatus
1603 3621 1772 3686 gratia

240 3716 338 3755 suo
365 3703 728 3768 intercessori,
753 3705 887 3758 sicut
911 3719 1015 3757 uno
1036 3705 1057 3734 ⁸
1087 3706 1373 3774 eodemque
1398 3707 1500 3762 diei
1538 3719 1774 3777 tempore

243 3805 368 3843 cum
413 3805 476 3843 eo
516 3793 581 3845 de
629 3807 849 3858 corpore
889 3794 1102 3860 egredi,
1153 3797 1217 3846 ita
1266 3795 1420 3847 etiam
1468 3811 1565 3849 una
1622 3808 1775 3864 atque

242 3880 540 3934 mdissimili
569 3881 691 3935 sede
717 3892 976 3950 perpetua
1018 3884 1349 3937 beatitudinis
1375 3897 1664 3939 mereretur
1694 3902 1776 3940 re-

243 3984 374 4035 Cipi.

244 4075 393 4130 CAP.
436 4075 619 4129 XXIX.
663 4076 919 4139 Quomodo
947 4093 1147 4130 uxorem
1176 4079 1368 4130 comitis
1396 4096 1481 4146 per
1508 4080 1762 4148 presbyte-

508 4161 621 4196 rum
647 4162 790 4197 suum
818 4162 948 4209 aqua
977 4148 1226 4198 benedicta
1254 4151 1517 4220 sanaverit.

305 4232 552 4296 'Quadam
569 4245 740 4285 autem
760 4235 843 4285 die
865 4235 986 4286 dum
1012 4237 1307 4302 parochiam
1331 4252 1475 4288 suam
1499 4239 1777 4300 circuiens,

246 4322 444 4374 monita
484 4320 666 4374 salutis
702 4323 944 4374 omnibus
971 4325 991 4354 ⁸
1019 4324 1225 4375 ruribus
1251 4364 1264 4385 ,
1311 4327 1445 4377 casis
1474 4338 1526 4378 et
1555 4329 1776 4380 vinculis

1870 1929 2033 1992 ipsam
2081 1937 2134 1978 et
2181 1927 2428 1980 lectulum
2460 1926 2614 1994 ejus:
2665 1929 2754 1979 sed
2801 1941 2852 1979 et
2899 1945 2958 1979 os
2998 1929 3134 1981 illius
3165 1934 3399 1994 aperiens

1867 2023 2077 2082 gustum
2101 2015 2351 2066 salutiferi
2382 2015 2598 2066 haUstus
2626 2015 2856 2065 immisit.
2894 2015 2994 2067 lies
3024 2019 3150 2066 mira
3176 2027 3227 2067 et
3252 2020 3402 2068 vehe-

1871 2113 2074 2156 menter
2100 2102 2350 2166 stupenda
2377 2103 2390 2154 l
2435 2117 2552 2164 mox
2585 2112 2639 2152 ut
2669 2117 2782 2152 eam
2811 2117 2941 2166 aqua
2975 2103 3246 2153 benedicta
3274 2117 3402 2154 Con-

1871 2193 1984 2256 tigit
2015 2194 2362 2258 languentem,
2391 2199 2442 2242 et
2469 2191 2590 2257 quid
2622 2204 2740 2256 erga
2775 2205 2888 2240 eam
2915 2193 2933 2219 ⁷
2957 2207 3228 2256 gereretur
3255 2209 3401 2258 pror-

1869 2295 1957 2333 Sus
2007 2282 2324 2347 ignorantem
2350 2317 2364 2341 ,
2418 2281 2486 2330 ita
2535 2277 2743 2344 plenam
2783 2286 2834 2329 et
2873 2281 3061 2330 nit-mis
3092 2289 3142 2330 et
3169 2282 3404 2343 corporis

1872 2375 2148 2424 sanitatem
2182 2374 2412 2436 recepit,
2456 2377 2512 2420 ut
2540 2369 2812 2420 ciiiilestitn
2843 2369 3153 2434 resipiscens
3184 2370 3400 2421 benedi-

1869 2469 2012 2514 curet
2041 2460 2334 2519 Dominum,
2367 2458 2664 2523 gratiasque
2695 2454 2911 2506 referret
2937 2458 2982 2506 ei
3015 2457 3098 2520 qui
3133 2455 3259 2508 tales
3291 2467 3404 2508 tati-

1875 2558 2056 2615 tosque
2089 2547 2320 2610 hospites
2364 2547 2425 2594 ad
2467 2556 2525 2593 se
2553 2541 2860 2594 visitandam
2891 2543 3277 2607 curaudamque
3312 2545 3406 2594 de-

1872 2637 2072 2688 stinare
2101 2634 2342 2699 d:gnatns
2363 2641 2460 2682 est.
2499 2629 2603 2682 Nec
2633 2644 2776 2680 mora
2804 2643 3110 2696 essurgens,
3141 2629 3266 2696 ipsis
3297 2643 3405 2681 sua:

1872 2723 2106 2775 sanitatis
2130 2719 2740 2772 ministrisministerium
2767 2733 2890 2769 sana
2912 2716 3148 2782 praebuit,
3166 2717 3408 2782 pulchro-

1872 2826 1971 2879 que
2000 2810 2304 2876 spectaculo
2347 2811 2452 2875 ipsa
2490 2810 2660 2873 prima
2690 2808 2753 2856 de
2787 2815 2890 2857 tota
2924 2809 3048 2857 tanti
3081 2808 3175 2857 viri
3209 2805 3400 2858 familia

1871 2902 2116 2966 episc0po
2147 2909 2328 2965 potum
2361 2898 2662 2950 reti-ctionis
2692 2898 2916 2960 obtulit,
2963 2912 3078 2964 quae
3124 2911 3215 2963 per
3242 2898 3406 2963 ipsius

1873 2990 2285 3042 benedictionem
2319 2987 2555 3052 poculum
2587 2987 2772 3037 mortis
2797 2986 2957 3036 evasit
2984 3003 2996 3034 :
3029 2997 3205 3039 secuta
3234 3003 3411 3037 exem-

1875 3078 2013 3141 pltim
2046 3090 2226 3127 soerus
2256 3074 2476 3140 apostoli
2512 3073 2646 3124 Petri
2671 3113 2683 3132 ,
2735 3089 2847 3135 qua:
2889 3081 3064 3123 curata
3090 3088 3136 3122 ra
3181 3073 3409 3123 febribus

1873 3180 1963 3231 per
1997 3165 2304 3223 Dominum,
2345 3163 2592 3215 continuo
2622 3174 2844 3229 surgens
2875 3160 3200 3210 ministrabat
3245 3160 3314 3209 illi
3358 3168 3411 3209 et

1873 3251 2142 3318 discipulis
2167 3252 2301 3314 ejus.

1872 3363 2022 3417 CAP.
2063 3359 2222 3415 XXX.
2266 3361 2526 3425 Quomodo
2557 3359 2771 3420 puellam
2803 3360 2911 3408 oleo
2946 3369 3230 3417 perunctum
3257 3375 3286 3409 a
3317 3359 3406 3408 do-

2200 3435 2301 3481 lore
2330 3430 2507 3495 capitis
2535 3428 2798 3490 laterisque
2828 3443 2964 3476 curm
2982 3436 3092 3476 em.

1943 3542 2119 3610 Neque
2151 3541 2269 3594 huic
2294 3539 2548 3593 dissimile
2589 3536 2823 3590 sanitatis
2855 3538 3160 3589 miraculum
3192 3553 3219 3589 a
3249 3553 3404 3592 vene-

1876 3631 2038 3684 rabile
2076 3629 2308 3681 antistite
2337 3626 2631 3679 Cudbercto
2661 3623 2850 3676 factum
2879 3663 2892 3684 ,
2943 3623 3087 3674 multi
3131 3624 3215 3687 qui
3263 3639 3408 3690 prie-

1875 3734 2052 3775 sentes
2099 3721 2242 3770 fuere
2286 3717 2458 3769 testati
2503 3724 2657 3766 sunt:
2701 3728 2731 3766 e
2773 3713 2956 3778 quibus
3001 3721 3081 3764 est
3125 3714 3399 3776 religiosus

1879 3811 2146 3877 presbyter
2172 3806 2196 3842 ά
2220 3802 2475 3872 ιέΕιΙίΙνεΙά
2523 3812 2642 3854 tunc
2691 3801 2930 3854 minister
2959 3801 3051 3853 viri
3095 3801 3183 3852 Dei
3209 3839 3224 3860 ,
3272 3816 3407 3853 nunc

1877 3910 2045 3950 autem
2079 3895 2238 3946 abbas
2265 3891 2486 3946 cmnobii
2519 3890 2889 3942 Mailrosensis.
2938 3888 3066 3940 Dum
3094 3890 3230 3940 enim
3261 3905 3408 3941 more

1878 3957 1971 4039 sui)
2003 3983 2380 4053 pertransiret'
2401 3993 2670 4034 universos
2695 3978 2953 4041 docendo,
2979 3980 3181 4030 devenit
3209 3979 3258 4030 in
3288 3985 3310 4008 ⁸
3337 3980 3410 4030 ιίο

1878 4089 1994 4126 cum
2021 4073 2319 4140 quemdam,
2347 4073 2398 4122 in
2425 4085 2526 4136 quo
2549 4075 2698 4120 erant
2723 4067 2929 4118 femina:
2952 4068 2971 4097 ⁹
2993 4066 3409 4118 sanctitnoniales

1882 4177 1984 4213 non
2019 4161 2215 4219 multm,
2241 4159 2429 4224 quibus
2459 4157 2641 4206 timore
2672 4154 2924 4204 barbarici
2955 4156 3214 4203 exercitus
3241 4169 3268 4202 a
3299 4169 3402 4202 mo-

1884 4248 2114 4299 naslerio
2157 4260 2252 4297 suo
2301 4243 2561 4310 profugis,
2608 4241 2800 4292 ibidem
2846 4239 3085 4291 manendi
3129 4241 3304 4289 sedem
3337 4255 3413 4291 tur

1883 4336 2083 4389 Domini
2113 4333 2266 4400 paulo
2293 4341 2413 4382 ante
2439 4330 2738 4382 donaverat.
2771 4329 2994 4391 Quarum
3023 4339 3272 4390 una,qu;e
3297 4335 3412 4376 erat

247 4411 542 4477 largiretur,
592 4426 688 4464 nec
719 4426 822 4462 non
851 4412 1008 4463 etiam
1039 4427 1202 4478 nuper
1234 4414 1504 4478 baptizatis
1539 4417 1603 4468 ad
1632 4419 1767 4470 acci-

1882 4433 2098 4492 cognata
2130 4418 2329 4490 praefati
2358 4417 2644 4472 sacerdotis
2675 4414 2979 4476 Edilvaldi,
2999 4416 3304 4481 gravissimo
3334 4425 3411 4466 te-

249 4499 492 4567 piendam
520 4498 746 4565 Spiritus
777 4504 941 4553 sancti
969 4503 1186 4569 gratiam
1219 4518 1426 4553 manmn
1459 4505 1777 4577 imponeret;

1889 4515 2106 4569 nebatur
2147 4513 2396 4577 languore
2437 4509 2716 4574 depressa;
2766 4520 2856 4572 per
2888 4504 3145 4571 integrum
3193 4520 3414 4570 namque

1158 4612 1614 4670 VULGATORUM
1653 4617 2035 4679 VARIANTES
2077 4617 2472 4672 LECTIU‘NES.

321 4699 333 4727 '
381 4698 623 4754 Promim
651 4711 719 4749 et.

321 4774 341 4802 ²
384 4769 512 4830 Quia
540 4776 604 4817 et.

321 4839 342 4867 ³
383 4835 548 4886 Μενὲιί
575 4837 732 4884 beato.

322 4908 341 4934 ⁸
383 4905 664 4969 Eodemque
692 4909 928 4966 (cuipore.

322 4981 344 5009 ⁵
383 4973 523 5024 Ruri.
740 4988 745 4992 ‘

1953 4716 1972 4742 ⁸
2011 4709 2376 4772 Spargendam.

1948 4778 1965 4805 "
2011 4781 2266 4844 Ageretur.

1952 4845 1973 4873 '
2016 4845 2052 4893 (πί
2063 4849 2248 4895 uivrrsn
2258 4883 2268 4893 .

1954 4916 1972 4942 ’
2014 4911 2170 4962 Erant
2199 4908 2618 4962 sanctimonialem

1565 5064 1910 5124 VABIORUM
1951 5071 2171 5125 ΝΟΤᾸΞ.

325 5165 349 5191 ει
383 5175 402 5206 ι
435 5154 548 5206 Uno
586 5154 871 5223 eodemque
909 5154 992 5205 die
1018 5192 1031 5214 ,
1081 5154 1246 5220 inquit
1288 5155 1423 5206 Beda
1468 5156 1518 5206 in
1565 5157 1656 5208 lib.
1709 5174 1779 5223 iv,

257 5237 370 5288 cap.
394 5224 481 5283 29,
507 5223 602 5272 hoc
627 5233 701 5273 est
728 5222 1070 5274 Kalendarum
1099 5225 1350 5289 Aprilium
1384 5226 1534 5275 tertia
1555 5222 1778 5288 decima,

260 5292 592 5359 egredientes
620 5308 649 5340 e
677 5303 933 5359 corpore,
975 5292 1194 5359 spiritus
1239 5308 1415 5343 eorum
1466 5306 1581 5342 mox
1632 5293 1780 5347 beata

260 5356 477 5410 invicem
506 5357 702 5410 visione
725 5356 985 5423 cenjuncli
1015 5356 1165 5420 sunt,
1204 5367 1356 5425 atque
1402 5359 1638 5424 angelico
1683 5364 1784 5413 mi-

262 5426 496 5495 nisterio,
525 5437 628 5477 etc.
653 5443 671 5475 ι
709 5425 1048 5495 ﬂereberctus
1068 5428 1350 5495 presbyter
1378 5429 1560 5478 endem
1590 5442 1694 5492 quo
1722 5431 1779 5482 S.

261 5492 579 5544 Cntlibertus
605 5496 687 5544 die
714 5493 880 5544 Fastis
911 5492 1256 5545 Benedictiuis
1287 5495 1602 5547 inscribitur.
1646 5496 1778 5548 Mss.

333 5559 357 5596 δ
385 5561 576 5629 Comes,
599 5559 836 5629 _Hennna
867 5565 1105 5623 nomine,
1145 5562 1193 5614 iti
1222 5564 1430 5629 regione
1455 5577 1570 5629 quae
1597 5562 1782 5616 dicitur

266 5625 466 5680 [lenitis
495 5627 748 5679 habitans.
787 5629 974 5680 Sutrtt.

1957 5170 1976 5229 ῗ
2011 5163 2322 5229 Presbytero.
2353 5161 2448 5224 Qui
2480 5169 2690 5211 vocatus
2719 5168 2796 5210 est
2825 5158 2965 5229 fleta.
2993 5156 3076 5229 lo.

1952 5225 1977 5264 ἀ
2005 5224 2286 5282 diditunfd.
2339 5231 2410 5282 lle
2455 5229 2552 5280 hoc
2597 5230 2710 5279 vide
2756 5243 2803 5289 ν,
2854 5224 2938 5276 12.
2989 5224 3172 5276 Suirn.
3213 5255 3268 5264 —
3314 5225 3410 5278 Alii

1886 5300 2267 5352 Ethelwuldmn
2324 5308 2506 5348 vocant
2538 5337 2551 5354 ,
2610 5296 2694 5360 qui
2743 5310 2800 5342 es
2854 5293 3038 5342 abbate
3090 5293 3408 5345 MaElmsensi

1883 5378 2085 5420 ert-atus
2107 5377 2185 5416 est
2210 5363 2643 5417 Limlisfarnensis
2665 5362 2936 5426 episcopus
2960 5371 3073 5427 post
3096 5362 3405 5411 Eadbertum

1883 5449 1928 5488 et
1955 5433 2271 5491 Eadfridnm,
2294 5436 2347 5487 S.
2374 5432 2638 5484 Cutnberli
2669 5444 3020 5485 successores.
3049 5437 3100 5478 et
3130 5429 3177 5478 in
3203 5440 3409 5478 saneto-

1887 5518 1998 5554 rum
2026 5505 2264 5570 (amineo
2296 5505 2462 5570 locum
2494 5501 2680 5570 habere
2709 5499 2916 5570 meruit.
2959 5499 3175 5549 MABILL.

1959 5580 1980 5606 ε
2021 5564 2210 5620 νὶειιηιξ
2245 5571 2369 5624 Scil.
2401 5567 2680 5633 Bedrsfcld.
2711 5564 2898 5618 SMITH.
