3862 6392
130 491 234 545 773

797 494 984 549 δεδι.
1024 494 1062 547 1.
1105 521 1168 533 -—
1208 489 1776 548 IIAGIOGRAPHICA.
1817 519 1884 530 —
1925 491 2081 544 V'ITA
2121 492 2177 545 S.
2220 489 2620 546 CUTleERTl.

3183 485 3284 536 776

128 619 262 671 tem,
285 618 417 671 quae,
441 599 699 655 exstincto
729 603 880 668 paulo
904 611 1025 656 ante
1048 601 1170 661 filio.
1195 601 1404 653 fratrem
1425 601 1536 666 ejus
1559 600 1662 666 jam
1691 605 1738 658 A
1766 596 2050 665 Respondit
2077 615 2090 648 ε
2126 615 2144 648 ι
2177 597 2259 655 De,
2298 607 2384 649 tuo
2433 595 2770 650 monasterio.
2803 615 2820 646 ι
2855 594 2996 665 Adjes
3018 596 3056 647 it
3100 611 3288 648 nomen

128 692 292 746 morti
321 692 614 760 proximum
659 693 867 742 tenebat
913 691 964 742 in
1007 688 1274 751 manibus,
1324 687 1666 754 lacrytnisqtte

125 783 318 836 faciem
350 781 639 849 rigantibus
673 781 987 846 praeteritam
1017 779 1213 843 pariter
1257 791 1311 832 et
1353 788 1662 845 praesentem

129 874 427 925 testabatur
457 887 517 924 te:
533 886 765 923 umnam.
799 872 961 933 Quarti
991 884 1106 921 cum
1140 871 1250 920 viro
1292 868 1382 920 Dei
1426 867 1668 920 ostende-

125 968 247 1021 ret,
282 958 351 1009 ttil
380 968 613 1010 moratus
641 957 731 1009 ille
761 957 980 1010 accessit
1005 957 1068 1010 ad
1097 971 1244 1020 eam,
1276 967 1325 1008 et
1357 956 1667 1008 benedicens

123 1046 288 1100 dedit
313 1047 544 1099 osculum
577 1061 753 1112 puero,
783 1047 1015 1114 dixitque
1052 1046 1116 1099 ad
1157 1060 1374 1099 matrem
1403 1064 1413 1096 :
1452 1066 1469 1096 ι
1500 1046 1571 1099 Ne
1605 1047 1668 1098 ti-

125 1149 283 1186 meas
303 1173 318 1196 ,
349 1147 443 1186 nec
471 1143 653 1186 maesta
683 1136 755 1185 sis
783 1149 798 1196 ;
829 1135 842 1164 ¹
877 1135 1140 1187 sanabitur
1165 1135 1299 1186 enim
1329 1145 1382 1186 et
1422 1135 1561 1185 vivet
1590 1135 1667 1185 irt-

119 1221 252 1276 fans
273 1262 288 1286 ,
322 1237 488 1287 neque
520 1223 654 1274 ullus
685 1222 816 1274 ultra
846 1224 910 1276 de
938 1225 1094 1276 domo
1124 1233 1208 1276 tua
1241 1223 1335 1276 hac
1379 1224 1666 1276 mortalita-

129 1311 206 1362 tis
234 1320 382 1376 peste
405 1311 662 1363 deficiet.)
688 1313 844 1376 Cujus
869 1312 1151 1377 prophetiae
1178 1311 1382 1364 veritati
1409 1311 1518 1376 ipsa
1548 1325 1664 1362 cum

115 1399 241 1452 ﬁlio
270 1408 438 1452 mater
491 1398 657 1452 multo
701 1400 887 1454 exinde
939 1412 1171 1468 tempore
1211 1403 1390 1454 vivens
1438 1401 1669 1453 testimo-

118 1489 273 1540 nium
303 1489 478 1540 dabat.

109 1611 276 1686 CAP.
323 1613 551 1668 XXXIV.
595 1616 819 1680 Qualiter
870 1619 1088 1669 animam
1142 1619 1403 1686 cujusdam
1456 1619 1541 1684 qui
1595 1621 1660 1671 de

193 1683 386 1760 arbore.
420 1686 642 1735 cadendo
681 1697 902 1737 mortuus
942 1696 1014 1738 est
1051 1686 1116 1752 ad
1157 1683 1332 1737 aetum
1376 1690 1499 1754 ferri
1543 1703 1670 1760 con:

190 1760 428 1817 spezertt.

200 1854 407 1908 Interea
437 1855 560 1909 dum
588 1862 835 1925 praescius
863 1859 1016 1910 vicini
1046 1858 1124 1913 sui
1155 1859 1327 1912 obitus
1355 1859 1434 1912 vir
1464 1859 1662 1914 domini

1773 688 2056 754 inquirere.
2095 689 2155 738 Et
2186 687 2270 739 ille
2296 704 2308 738 :
2344 703 2361 734 ι
2392 687 2467 738 Tu
2501 685 2624 738 mihi
2646 725 2661 749 ,
2692 686 2889 752 inquit,
2920 686 3002 736 die
3030 685 3255 736 crastino
3276 723 3290 743 .

1766 781 1952 831 missas
1977 778 2267 831 celebranti
2297 793 2485 830 nomen
2511 777 2623 844 ejus
2645 776 2914 828 iudicabis.
2942 776 3060 827 llaec
3081 774 3292 826 audiens

1766 870 1854 922 illa
1878 909 1893 932 ,
1923 869 2200 921 confestim
2235 869 2376 921 misit
2407 869 2469 920 ad
2501 868 2666 935 majus
2693 881 2842 918 suum
2885 857 3290 923 monasterium,

1767 959 1942 1010 videre
1966 955 2054 1023 qui
2086 971 2252 1022 nuper
2292 965 2468 1023 raptus
2508 963 2648 1008 esset
2681 969 2712 1006 e
2748 967 2985 1017 corpore.
3016 969 3033 1002 ι
3061 953 3126 1003 At
3163 967 3294 1002 nun~

1768 1045 1868 1096 tius
1898 1058 2080 1096 omnes
2120 1043 2310 1096 ibidem
2355 1045 2529 1095 salvos
2570 1042 2956 1107 incolumesque
2995 1041 3293 1107 reperiens,

1721 1177 1728 1180 _
1773 1145 2043 1199 postquam
2099 1147 2250 1185 mane
2291 1130 2426 1184 facto
2458 1133 2646 1184 reverti
2686 1132 2750 1184 ad
2795 1131 3062 1184 Dominam
3102 1131 3293 1194 coepit.

1765 1223 1948 1273 obvius
1978 1221 2155 1274 habuit
2185 1236 2277 1274 eos
2305 1223 2390 1288 qui
2436 1235 2625 1285 corpus
2665 1221 2895 1273 defuncti
2923 1221 3095 1273 fratris
3138 1233 3291 1285 sepe-

1769 1311 1998 1362 liendum
2029 1311 2078 1362 in
2108 1325 2260 1362 carro
2291 1311 2574 1362 deferrent.
2613 1309 3055 1375 lnterrogansque
3084 1307 3172 1375 qui
3215 1321 3295 1358 es-

1765 1411 1875 1462 set,
1922 1399 2101 1451 didicit
2138 1402 2256 1465 quia
2298 1400 2505 1464 quidam
2550 1399 2614 1454 de
2642 1401 2931 1467 pastoribus
2962 1400 3110 1451 bona:
3135 1395 3296 1449 actiu-

1767 1491 1848 1542 nis
1876 1490 1973 1548 vir.
2023 1490 2276 1542 incautius
2320 1490 2369 1542 in
2417 1489 2656 1542 arborem
2706 1489 2994 1542 ascendens
3037 1485 3298 1539 deciderat

1766 1582 2053 1643 deorsum,
2105 1588 2159 1632 et
2202 1580 2428 1630 contrito
2473 1593 2693 1644 corpore
2732 1578 2845 1645 ipsa
2893 1579 3017 1628 hora
3059 1575 3297 1642 spiritum

1764 1669 2059 1731 exhalavit,
2089 1682 2187 1734 qua
2221 1667 2354 1718 hunc
2382 1666 2460 1718 vir
2493 1666 2695 1718 Domini
2725 1665 2789 1716 ad
2819 1662 3052 1718 coelestia
3083 1663 3296 1713 ductum

1766 1760 1996 1812 videbat.
2029 1757 2176 1822 Quod
2209 1757 2330 1810 dum
2363 1756 2572 1809 rediens
2600 1754 2872 1806 abbatissa:
2912 1753 3159 1810 referret,
3188 1759 3297 1800 sta-

1767 1846 1858 1898 tim
1891 1846 1978 1897 illa
2009 1846 2239 1913 ingressa
2271 1843 2334 1895 ad
2361 1844 2657 1909 episcopum
2686 1843 2789 1908 jam
2822 1850 2941 1892 tunc
2968 1840 3294 1892 dedicantem

125 1940 461 1996 Cudberctus
504 1944 612 2010 jam
661 1946 983 2000 decrevisset,
1028 1950 1204 2000 animo
1253 1949 1488 2016 ἀερυείιε,
1540 1966 1659 2003 cum
1692 1925 2073 2016 Becciesiant,
2125 1944 2338 1998 stupore
2399 1931 2623 1984 femineo
2669 1931 2814 1998 quasi
2863 1945 3052 1982 novum
3102 1927 3300 1996 aiiquid

124 2032 410 2094 pastoralis
430 2031 586 2084 officii
610 2034 892 2087 solitariam
917 2036 1086 2088 redire
1107 2037 1171 2087 ad
1195 2037 1382 2099 vitam,
1409 2047 1662 2106 quatenus

123 2131 356 2170 excussa
400 2119 751 2173 sollicitudine
798 2132 1050 2184 externa,
1097 2124 1232 2176 inter
1275 2125 1431 2177 libera
1472 2128 1663 2179 oratio-

130 2219 263 2256 num
290 2202 357 2258 'et
398 2209 696 2274 psalmodiaa
734 2211 903 2263 studia
944 2211 1081 2264 dem
1122 2213 1332 2274 mortis,
1373 2216 1452 2266 vel
1498 2215 1664 2280 potius

124 2295 256 2349 vita:
285 2299 514 2352 caelestis
545 2303 934 2367 praestolaretur
961 2305 1285 2370 ingressum,
1316 2307 1480 2358 voluit
1521 2309 1663 2374 prius

126 2402 236 2438 non
267 2389 437 2440 Solum
467 2391 486 2418 ¹
513 2404 604 2442 sua
635 2392 846 2443 circuitu
877 2392 1154 2454 Parochia,
1183 2394 1274 2445 sed
1303 2404 1356 2448 et
1384 2396 1497 2447 aliis
1526 2391 1662 2448 circa

130 2476 370 2529 tidelium
414 2481 770 2533 mansionibus
820 2482 1073 2547 visitatis,
1117 2491 1330 2535 cunctos
1369 2486 1664 2536 necessario

132 2569 527 2624 exhortationis
556 2575 716 2625 verbo
745 2573 1060 2626 confirmare
1079 2614 1094 2637 ,
1126 2589 1188 2627 ac
1220 2576 1296 2626 sic
1325 2576 1436 2640 ipse
1464 2576 1664 2628 deside-

125 2667 260 2711 ratas
289 2660 590 2713 solitudinis
619 2664 808 2728 gaudio
838 2663 1085 2716 refoveri.
1118 2664 1264 2727 Quod
1295 2664 1418 2716 dum
1449 2674 1626 2730 ageret
1648 2707 1660 2727 ,

121 2755 346 2812 rogatus
377 2761 404 2798 a
438 2748 764 2800 nobilissima
795 2759 848 2801 et
886 2752 1212 2803 sanctissima
1242 2753 1439 2819 virgine
1466 2753 1659 2805 Christi

118 2832 355 2886 Eltleda
395 2833 687 2900 abbatissa,
727 2837 873 2903 cujus
912 2841 1151 2903 superius
1190 2837 1390 2905 (Capp.
1417 2837 1485 2888 23
1507 2878 1521 2900 ,
1551 2841 1615 2891 '24
1644 2841 1659 2901 )

119 2921 438 2974 memoriam
471 2921 606 2986 feci,
636 2925 776 2976 venit
806 2925 866 2976 ad
900 2925 1278 2990 possessionem
1311 2928 1334 2954 ⁸
1365 2928 1660 2980 monasterii

121 3009 294 3074 ipsius
315 3052 330 3075 ,
359 3022 613 3076 quatenus
644 3012 832 3064 ibidem
865 3025 916 3066 et
947 3014 1109 3079 ipsam
1141 3013 1318 3083 videre
1347 3026 1501 3083 atque
1531 3017 1658 3070 allo-

119 3096 251 3161 qui,
299 3107 352 3148 et
390 3099 664 3148 ecclesiam
706 3078 1219 3153 dedicareideberei.
1273 3078 1501 3155 Nant'et
1551 3106 1656 3169 ipsa

1767 2013 2123 2086 incertumque
2169 2022 2462 2072 nuntiatnra
2495 2038 2506 2071 :
2539 2037 2557 2069 ι
2590 2019 2798 2083 Precor,
2844 2020 3036 2085 inquit,
3081 2018 3298 2070 Domine

1766 2109 1836 2160 mi
1871 2107 2119 2173 episcOpe
2141 2145 2155 2170 ,
2190 2106 2492 2158 memineris
2521 2106 2584 2158 ad
2620 2107 2809 2158 missas
2842 2105 3110 2156 Ilatlwaldi
3154 2106 3252 2154 mi-i
3279 2143 3295 2164 ,

1765 2195 1865 2248 hoc
1915 2195 2052 2246 enim
2099 2197 2208 2246 viro
2236 2208 2347 2246 erat
2396 2209 2620 2257 nomen,
2673 2195 2758 2261 qtti
2807 2193 2916 2245 lteri
2964 2192 3195 2245 cadendo
3235 2195 3300 2246 de

1763 2283 1954 2335 arbore
1990 2282 2266 2335 defunctus
2309 2291 2409 2336 est.
2442 2300 2460 2332 ι
2490 2282 2634 2335 Tunc
2682 2283 2878 2350 liquido
2922 2282 3164 2333 omnibus
3213 2300 3299 2344 pa-

1766 2371 1860 2423 tttit
1883 2413 1896 2435 ,
1935 2371 1955 2400 ⁶
1981 2372 2099 2437 quia
2131 2370 2462 2423 multiformis
2492 2370 2773 2436 prophetia:
2804 2370 3139 2437 spiritnsviri
3171 2385 3290 2421 san—

1763 2461 1832 2512 cti
1869 2460 2169 2524 praecordiis
2201 2461 2401 2521 inerat,
2432 2461 2517 2526 qui
2564 2471 2616 2512 et
2662 2461 2712 2511 in
2761 2463 3005 2526 praesenti
3037 2467 3294 2512 occultum

1763 2544 1948 2596 animae
1985 2555 2186 2611 raptum
2218 2545 2418 2606 videre,
2449 2555 2502 2597 et
2529 2547 2648 2611 quid
2679 2547 2774 2597 sibi
2808 2547 2858 2598 itt
2889 2545 3059 2598 futuro
3086 2549 3150 2599 ab
3180 2550 3292 2599 aliis

1766 2635 2096 2687 indicandum
2127 2643 2266 2686 ι’δερι
2297 2636 2461 2700 potuit
2492 2635 2796 2701 praevidere.

1829 2767 1979 2820 CAP.
2020 2765 2228 2818 XXXV.
2264 2765 2521 2829 Quomodo
2558 2781 2740 2832 aquam
2777 2764 3019 2831 gustando
3050 2766 3099 2816 in
3127 2766 3224 2817 vini

2253 2849 2481 2898 saporem
2509 2839 2818 2886 converterit.

1832 2941 1952 2993 Inde
1987 2941 2276 3008 peragratis
2307 2956 2370 2994 ex
2400 2941 2584 2993 ordine
2615 2941 2968 3006 superioribus
3010 2941 3167 3004 locis,
3201 2957 3290 2994 ve-

1762 3035 1839 3085 ttit
1867 3033 1930 3084 ad
1967 3032 2341 3083 monasterium
2390 3032 2681 3097 virginum,
2729 3031 2861 3097 quod
2909 3046 3008 3082 non
3052 3033 3200 3096 longe
3228 3032 3294 3082 ab

1759 3123 1897 3173 Ostio
1954 3121 2063 3171 Tini
2111 3119 2365 3180 fluminis,
2407 3121 2560 3170 situm
2609 3134 2761 3184 supra
2809 3117 2973 3183 (Cap.
3004 3117 3075 3181 ὅ)
3117 3119 3294 3170 docui-

121 3187 394 3250 possessio
446 3198 546 3236 non
603 3201 763 3250 pauco
817 3187 1122 3240 famulorum
1175 3189 1362 3241 Christi
1417 3189 1654 3243 examine

1763 3225 1908 3271 mus,
1942 3208 2025 3258 ubi
2055 3223 2082 3256 a
2115 3207 2358 3272 religiosa
2383 3245 2398 3268 ,
2428 3217 2480 3256 et
2511 3207 2572 3256 ad
2604 3207 2848 3256 saecnfum
2894 3221 3097 3268 quoque
3139 3207 3290 3255 nobi-

123 3273 383 3336 pollebat.
411 3269 507 3326 Ubi
536 3273 656 3325 dum
692 3275 814 3326 hora
845 3276 1142 3329 refectionis
1169 3279 1232 3329 ad
1265 3292 1492 3330 mensam
1525 3293 1652 3330 con-

116 3360 415 3426 sedissent,
447 3364 618 3414 subito
647 3362 668 3392 ³
697 3363 1020 3418 Cudberctus
1045 3379 1275 3417 aversam
1303 3379 1332 3416 a
1357 3367 1656 3419 carnalibus

117 3447 297 3511 epulis
328 3459 552 3500 mentem
583 3451 645 3501 ad
676 3452 923 3515 spiritalia
953 3454 1348 3520 contemplanda
1376 3454 1397 3482 ⁸
1425 3457 1649 3508 sustulit.

122 3535 315 3599 L'nde',
366 3538 571 3590 lassatis
617 3541 680 3592 ab
727 3539 900 3594 officio
945 3558 1040 3595 suo
1088 3547 1337 3595 membris
1384 3559 1652 3610 corporis,

122 3635 330 3678 mutato
359 3628 536 3679 colore
567 3628 748 3690 faciei,
782 3639 836 3682 et
872 3631 1017 3697 quasi
1057 3627 1287 3683 attonitis
1329 3643 1503 3683 contra
1547 3649 1660 3684 mo-

124 3732 243 3769 rem
275 3719 441 3769 oculis
465 3757 478 3780 ,
513 3720 752 3770 cultellus
781 3735 986 3786 quoque
1027 3736 1178 3786 quem
1221 3722 1431 3775 tenebat
1469 3721 1661 3774 decidit

124 3805 181 3855 in
232 3817 492 3854 mensam.
545 3805 690 3868 Quod
737 3806 858 3858 dum
909 3808 1178 3876 presbyter
1207 3808 1318 3875 ejus
1345 3811 1430 3873 qui
1461 3809 1660 3862 astabat

122 3902 178 3944 et
235 3881 560 3943 miniatrabat
591 3897 878 3958 aspiceret,
909 3894 1184 3947 inclinatus
1239 3898 1301 3946 ad
1342 3897 1654 3947 abbatissam

129 3978 269 4030 dixit
297 3979 541 4030 silentio:
581 3997 598 4028 ι
631 3981 888 4047 Interroga
930 3984 1227 4049 episcopum
1269 3984 1388 4050 quid
1419 3985 1438 4014 "
1472 3984 1660 4036 viderit

129 4065 296 4116 modo
323 4081 336 4126 ;
368 4067 475 4117 scio
501 4069 637 4118 enim
667 4069 784 4129 quia
815 4085 914 4119 non
963 4071 1076 4122 sine
1116 4085 1270 4121 causa
1317 4086 1499 4123 manus
1543 4070 1658 4138 ejus

129 4153 442 4204 tremefacta
491 4155 754 4206 cultellum
803 4155 1067 4221 deseruit,
1115 4159 1389 4226 vultusque
1434 4169 1658 4212 mutatur

122 4240 308 4302 illius,
339 4241 430 4291 sed
473 4243 597 4294 vidit
639 4244 830 4310 aliquid
880 4246 1112 4312 spiritale
1153 4241 1291 4312 quod
1339 4262 1432 4300 nos
1475 4249 1651 4300 caeteri

122 4325 313 4378 videre
345 4343 445 4377 non
475 4330 752 4392 quivitnus.
784 4348 801 4380 ι
834 4335 896 4384 At
944 4335 1023 4384 illa
1064 4337 1236 4386 statim
1284 4351 1534 4388 conversa
1581 4337 1646 4387 ad

121 4427 247 4464 eum
283 4428 300 4464 :
336 4430 356 4463 ι
384 4415 611 4466 Obsecro
633 4454 648 4479 ,
681 4418 878 4481 inquit,
908 4420 1114 4473 domine
1158 4421 1226 4473 mi
1267 4421 1543 4488 episcope,
1576 4424 1655 4474 di-

1766 3296 1961 3346 lissitna
2013 3294 2200 3344 famula
2255 3292 2448 3345 Christi
2502 3292 2659 3344 Vcrca
2711 3292 2964 3343 abbatissa
3021 3292 3292 3358 magnifice
3341 3292 3344 3295 ’

1757 3391 2030 3446 susceptus
2055 3421 2070 3443 ,
2105 3389 2372 3445 postquam
2404 3379 2468 3432 de
2513 3380 2790 3431 meridiana
2833 3382 3007 3448 quiete
3044 3394 3290 3431 sort-exe-

1764 3483 1911 3534 runt,
1947 3473 2095 3524 sitire
2123 3487 2180 3522 se
2211 3471 2410 3530 dicens,
2434 3479 2488 3520 ιιι
2509 3471 2708 3522 biberet
2739 3473 2952 3536 rogavit.
2981 3470 3291 3534 Qtnrrebnnt

1764 3561 1884 3625 quid
1915 3560 2094 3611 bibere
2120 3560 2305 3618 vellet,
2336 3569 2576 3624 rogantes
2605 3570 2659 3610 nt
2685 3561 2854 3610 vinum
2883 3563 2991 3612 sive
3017 3559 3287 3611 cervisiant

1760 3649 1932 3700 afferri
1978 3647 2182 3700 liceret.
2219 3663 2238 3697 ι
2268 3649 2498 3711 Aquam,
2545 3647 2736 3711 inquit,
2786 3649 2902 3700 date
2947 3649 3090 3700 mihi.
3128 3668 3146 3699 ι
3191 3651 3288 3712 Qui

1760 3737 1998 3790 bausmm
2029 3736 2097 3788 de
2131 3727 2274 3789 fante
2305 3752 2489 3803 aquant
2521 3737 2815 3790 obtulerunt
2843 3740 2910 3790 ei.
2939 3739 3002 3790 At
3031 3739 3138 3803 ille,
3168 3739 3286 3790 data

1759 3826 2148 3886 benedictione,
2180 3827 2264 3878 ubi
2316 3825 2576 3892 paululum
2617 3828 2869 3894 gustavit,
2915 3827 3056 3879 dedit
3103 3828 3309 3880 a5tauti-

1759 3915 2064 3980 presbytero
2093 3927 2222 3975 suo,
2245 3915 2330 3978 qui
2373 3914 2595 3965 reddidit
2638 3916 2892 3966 ministro.
2939 3915 2999 3964 Et
3030 3915 3284 3976 minister,

1759 4010 1974 4068 accepto
2025 4002 2210 4067 poculo
2243 4018 2255 4053 :
2292 4020 2310 4051 ι
2342 4002 2527 4065 Licet,
2580 4002 2743 4067 inquit
2771 4043 2783 4062 ,
2834 4001 2954 4052 tnilti
3004 4003 3180 4055 bibere
3224 4003 3288 4056 de

1761 4103 1883 4158 potu
1914 4091 1979 4142 de
2008 4105 2112 4156 quo
2139 4089 2270 4142 bibit
2297 4091 2610 4156 episcopus?
2637 4109 2654 4140 ›
2684 4089 2964 4155 Respondit
2994 4108 3006 4139 :
3036 4107 3053 4137 ι
3087 4090 3164 4140 Eti
3187 4105 3249 4140 -ιιι
3270 4131 3284 4151 ,

1764 4193 1924 4246 quare
1953 4191 2056 4227 non
2087 4177 2238 4228 licet?
2263 4196 2280 4226 ι
2311 4177 2433 4228 Erat
2459 4187 2629 4228 autem
2661 4188 2710 4229 et
2742 4178 2827 4229 ille
2859 4179 3128 4244 presbyter
3154 4178 3290 4242 ejus-

1759 4267 1877 4316 dem
1910 4264 2234 4315 monasterii.
2266 4263 2400 4314 Bibit
2425 4279 2565 4330 ergo,
2595 4273 2646 4316 et
2673 4266 2778 4315 visa
2807 4276 2885 4315 est
2911 4265 2956 4315 ei
2985 4278 3113 4329 aqua
3143 4265 3287 4329 quasi

1762 4353 1813 4402 itt
1847 4363 2086 4415 saporem
2117 4349 2220 4400 vini
2251 4363 2501 4401 conversa
2528 4366 2541 4411 ;
2576 4349 2805 4415 tantique
2842 4349 2941 4400 sibi
2985 4357 3166 4400 testem
3199 4364 3289 4399 vo-

1766 4439 1879 4491 lens
1907 4436 2156 4489 adhibere
2184 4436 2418 4488 miraculi
2450 4438 2657 4487 fratrem
2685 4437 2769 4501 qui
2800 4437 3035 4501 proxime
3062 4435 3287 4496 astabat,

127 4515 220 4552 cas
259 4501 398 4578 quid
426 4503 616 4554 videris
655 4505 842 4568 modo,
883 4522 1052 4584 neque
1075 4509 1210 4559 enim
1245 4508 1432 4562 frustra
1469 4511 1653 4564 lassata

1765 4525 1998 4591 porrexit
2027 4523 2073 4574 ei
2107 4524 2368 4588 poculum.
2399 4523 2493 4588 Qui
2525 4538 2641 4574 Cum
2670 4534 2720 4574 et
2761 4525 2870 4588 ipse
2911 4523 3142 4588 biberet,
3175 4525 3288 4587 ejus

127 4600 217 4641 tua
261 4591 474 4644 dextera
519 4593 778 4646 colteilum
808 4611 959 4662 quem
1012 4599 1219 4650 tenebat
1263 4599 1452 4653 amisit.
1488 4619 1506 4651 ι
1560 4603 1657 4667 Qui

121 4677 459 4730 dissimulare
508 4691 723 4733 centius
774 4684 965 4750 vidisse
1017 4700 1076 4737 se
1120 4686 1383 4752 quidpiam
1434 4691 1656 4754 secreti,

120 4769 305 4831 jocOse
335 4769 598 4831 respondit
627 4786 638 4819 :
673 4788 689 4818 ι
721 4770 848 4822 Νυιιι
882 4783 984 4824 tota
1029 4774 1113 4825 die
1160 4775 1473 4829 manducare
1517 4779 1658 4829 vale-

123 4853 294 4906 bam?
329 4854 438 4921 jam
480 4856 755 4922 aliquando
799 4861 1067 4926 quiescere
1106 4862 1278 4914 debui.
1315 4881 1333 4911 ι
1365 4865 1453 4915 llla
1484 4876 1655 4918 autem

125 4943 435 5010 diligentius
475 4944 741 5008 adjurante
769 4961 827 4999 ac
856 4947 1117 5014 flagitante
1159 4959 1212 5001 ut
1251 4965 1532 5015 exponeret
1576 4954 1655 5005 vi-

123 5032 373 5082 sionem:
411 5048 430 5080 t
463 5031 606 5092 \‘idi,
657 5033 857 5100 inquit,
905 5036 1129 5086 animam
1177 5038 1443 5102 cujusdam
1490 5041 1656 5092 sancti

121 5119 373 5170 manibus
402 5122 652 5186 angelicis
680 5125 740 5175 ad
771 5126 914 5191 regni
955 5127 1188 5180 ecclesiis
1223 5129 1408 5195 gaudia
1453 5129 1599 5183 ferri.
1632 5152 1648 5181 ι

121 5207 329 5259 ltursus
361 5206 444 5258 illa
472 5222 486 5259 :
518 5227 534 5257 ι
563 5209 635 5262 De
663 5227 790 5277 quo,
823 5213 1016 5281 inquit,
1050 5216 1162 5266 loco
1189 5219 1456 5282 adsumpta
1490 5220 1607 5271 est?
1631 5239 1649 5270 ›

1757 4627 1962 4680 quoque
1992 4610 2162 4676 palato
2207 4625 2300 4680 pro
2345 4624 2475 4676 aqua
2529 4610 2701 4662 vinum
2747 4612 2996 4677 sapiebat.
3042 4609 3289 4673 Aspecta-

1758 4703 1882 4753 bant
1925 4709 2096 4750 autem
2142 4681 2390 4751 mirantes
2435 4698 2498 4751 ad
2547 4699 2794 4760 invicem,
2846 4708 2895 4750 et
2940 4698 3024 4750 ubi
3071 4711 3286 4748 varuunt

1759 4799 1961 4854 tempus
2006 4790 2069 4839 ad
2119 4787 2437 4854 loquendum
2467 4789 2486 4817 ⁷
2519 4796 2856 4853 receperunt,
2909 4786 3288 4837 confitebantur

1757 4879 2097 4938 alterutrum,
2143 4875 2262 4942 quia
2309 4857 2745 4940 viderentnr'sibi
2791 4891 3052 4942 nunquam
3099 4878 3286 4927 melius

1758 4963 1936 5014 vinum
1976 4963 2169 5015 bibisse
2192 5006 2206 5028 ,
2241 4963 2374 5014 sicut
2403 4978 2532 5013 unus
2561 4978 2622 5014 ex
2654 4962 2781 5027 ipsis
2809 4975 2984 5029 postea
3019 4964 3066 5013 in
3110 4973 3290 5013 nostro

1763 5051 2118 5112 monasterio,
2150 5049 2284 5114 quod
2316 5059 2395 5100 est
2425 5051 2486 5101 ad
2518 5051 2707 5101 ostium
2741 5049 2868 5101 Wiri
2901 5050 3156 5109 fluminis,
3188 5068 3286 5101 non

1762 5152 1920 5201 parvo
1963 5136 2195 5201 tempore
2223 5139 2521 5190 demoratus
2545 5179 2558 5200 ,
2594 5140 2888 5205 ibidemque
2920 5153 3054 5190 nune
3088 5140 3286 5203 placida

1760 5225 1936 5289 quiete
1967 5224 2198 5291 Sepultus
2220 5265 2234 5285 ,
2264 5239 2354 5276 sua
2386 5228 2511 5279 mihi
2546 5228 2799 5279 relatione
2832 5238 3049 5280 testatus
3078 5237 3177 5279 est.

1066 5303 1094 5352 ι’
1109 5301 1143 5355 Ε
1155 5300 1516 5357 ιωίὀιιωι
1562 5306 1689 5358 νΛΒ
1701 5307 1936 5360 ΙᾹΝΤΕΒ
1977 5309 2358 5365 LECTIUNES.

193 5385 208 5412 ‘
256 5383 563 5437 Saluabitur.

190 5452 211 5522 ξ
256 5451 414 5522 ξ-ιιαηι
458 5456 717 5522 circumire
758 5459 1064 5522 parochiam.

192 5519 212 5589 ξ
265 5517 566 5589 Venerabilis
606 5517 1101 5589 pater'Ctttlberctus.

193 5585 211 5612 ⁵
254 5586 493 5638 Contulit.

1833 5399 1851 5425 °
1900 5395 2085 5468 Viderit
2109 5412 2127 5447 :
2156 5415 2192 5449 si
2212 5400 2277 5450 ἱυ.

1835 5465 1854 5493 ο
1896 5465 2044 5527 Quia.

1834 5533 1851 5560 ⁷
1893 5537 2220 5598 Acceperunt.

1440 5682 1784 5737 VARIORUM
1823 5684 2042 5740 NU'l'zE.

196 5761 220 5784 “
263 5758 576 5816 Mommcrt'i.
621 5765 716 5816 Siti
763 5765 811 5817 in
861 5768 1097 5824 parochia
1143 5767 1254 5835 ejus
1294 5785 1408 5836 qua:
1454 5772 1644 5825 dicitur
1681 5775 2014 5842 Usingadum.
2047 5778 2226 5830 Sami.
