3862 6364
536 413 640 467 775

1298 404 1491 458 BED/E
1536 402 1961 479 \‘i‘INl-thlillJS
1997 402 2142 453 ()PP.
2186 400 2353 453 PARS
2392 397 2472 450 IV.
2503 424 2570 438 —-
2608 391 2966 449 HISTORICA.

3604 376 3694 429 776

540 518 691 575 CM‘.
752 515 980 569 XXXVI.
1042 512 1295 576 Quomodo
1346 511 1669 562 inobrdieutrs
1722 510 1765 559 ci
1812 511 2053 576 quosdam
2088 517 2127 565 Λ
2160 507 2408 560 Fecerunt
2437 506 2607 557 statim
2632 503 2941 569 ntjusserat,
2971 495 3293 564 conligitqtle
3314 494 3461 548 ωῖτο
3495 491 3701 552 “fdi”.

814 592 989 648 ,‘ratres
1014 591 1270 647 tempestas
1301 586 1312 611 ‘
1348 581 1499 630 muris
1522 578 1783 628 obsederit.

615 696 640 723 ⁸
670 692 876 745 Duobus
907 690 1055 755 igitur
1082 689 1225 738 anuis
1253 688 1301 736 in
1322 687 1568 747 regimine
1592 685 1866 749 episcopali
1898 694 2062 735 trans-

547 780 695 838 aCIis,
721 777 888 828 sciens
916 776 963 826 in
993 774 1173 840 spiritu
1205 774 1280 823 vir
1308 772 1508 822 Domini
1535 769 1850 821 Cudberctus
1874 786 2059 834 appin—

548 867 790 931 pittqual‘e
833 864 968 915 diem
1017 864 1094 913 sui
1146 863 1408 921 transitus,
1460 858 1649 925 abjecit
1693 860 1891 923 pondus
1931 873 2065 908 cum:

548 952 837 1019 pastoralis,
867 958 1020 1014 atque
1049 950 1109 999 ad
1146 949 1387 1000 dilectuut
1412 946 1691 997 eremiticaa
1713 946 2066 997 conversatio-

549 1044 626 1094 nis
672 1055 888 1108 agonem
945 1040 1246 1105 quantocius
1292 1050 1522 1088 remeare
1569 1037 1788 1095 curavit,
1818 1042 2067 1098 quatenus

549 1129 726 1182 inolita
757 1130 853 1179 sibi
901 1120 1262 1178 sollicitudinis
1307 1124 1577 1174 mundanae
1616 1122 1816 1184 spineta
1863 1121 2068 1171 liberior

550 1218 733 1283 prisca:
756 1216 1168 1279 compttnctionis
1193 1214 1396 1265 ﬂamma
1424 1223 1769 1261 consumeret.
1801 1210 1912 1272 Quo
1940 1218 2067 1259 lt‘lli-

556 1321 678 1372 pore
704 1306 891 1370 smpius
912 1305 975 1356 ad
1013 1303 1279 1353 visitantcs
1306 1316 1361 1352 se
1390 1298 1574 1350 fratres
1597 1299 1659 1348 de
1681 1298 1944 1347 mansione
1971 1311 2061 1348 sua

554 1395 749 1463 egredi,
778 1408 969 1458 eosque
1001 1390 1447 1455 przcsenssolebat
1473 1387 1683 1452 alloqui.
1728 1386 1871 1436 Libet
1899 1397 2066 1435 autem

556 1483 751 1544 referre
788 1482 1040 1546 quoddam
1074 1489 1189 1529 tunc
1217 1479 1281 1528 ab
1309 1491 1373 1527 eo
1398 1474 1591 1527 factum
1623 1475 1942 1533 miraculum,
1972 1488 2071 1536 quo

556 1571 747 1621 clarius
789 1573 1043 1621 elucescat
1069 1576 1314 1630 quantum
1339 1564 1466 1615 viris
1494 1562 1687 1611 sanctis
1712 1561 2070 1623 obtemperan-

562 1660 681 1707 dnm
712 1658 798 1716 sit,
821 1657 974 1706 etiam
1006 1655 1054 1704 in
1096 1654 1173 1703 his
1202 1667 1315 1717 quae
1351 1651 1688 1716 negligentius
1712 1649 1972 1712 imperare
2001 1648 2073 1697 vi-

560 1747 767 1796 dentur.
796 1744 1024 1803 Quadam
1064 1740 1145 1791 die
1185 1742 1305 1789 dum
1336 1740 1595 1790 venissent
1636 1736 1863 1803 quidam.
1894 1750 2071 1800 egres-

2160 606 2358 646 utcum
2407 593 2470 644 ad
2521 599 2829 656 praeceptum
2866 588 2958 639 viri
2992 588 3079 637 Dei
3111 594 3324 635 coctura
3373 582 3433 632 in
3481 579 3701 630 caldaria

2163 682 2275 731 loco
2318 689 2502 744 agente
2532 676 2731 728 fervere
2775 676 3041 739 coepisset,
3084 671 3266 723 eadem
3299 670 3438 721 hora
3488 665 3627 717 unda
3660 666 3702 714 in

2163 766 2291 817 mari
2337 764 2658 817 cessantibus
2688 763 2855 814 ventis
2899 774 2992 812 suo
3040 774 3065 809 a
3122 757 3328 811 fervore
3375 755 3699 823 quiesceret.

2168 853 2378 917 Expleta
2429 852 2600 916 itaque
2654 850 2932 902 refectione
2982 844 3214 897 videntes
3248 859 3396 895 mare
3443 840 3701 907 placidum

2165 939 2506 990 ascenderunt
2532 938 2721 996 navim,
2750 946 2801 988 ct
2831 935 3073 987 secundis
3104 935 3313 986 flatibus
3339 947 3475 984 cum
3518 932 3702 997 gaudio

2166 1026 2319 1077 simul
2346 1034 2394 1076 et
2424 1022 2617 1089 pudore
2641 1023 2849 1076 domum
2878 1034 3229 1073 remeaverunt
3254 1038 3264 1070 :
3293 1022 3541 1087 pudebat
3568 1033 3703 1068 nam-

2164 1128 2263 1180 que
2284 1129 2374 1165 eos
2397 1114 2755 1165 inobedientia:
2779 1122 2827 1164 et
2851 1126 3035 1165 sensus
3066 1112 3332 1171 tardioris,
3363 1124 3483 1176 quo
3515 1108 3539 1137 ⁸
3567 1119 3702 1160 veta.

2168 1202 2351 1266 bantur
2394 1214 2543 1252 suum
2586 1202 2739 1252 etiam
2775 1201 2910 1251 inter
2950 1198 3146 1264 ﬂagella
3193 1196 3493 1249 conditoris
3523 1196 3699 1260 digno.

2167 1304 2314 1342 scere
2360 1300 2413 1342 et
2449 1292 2728 1342 emendare
2758 1300 2990 1350 reatum;
3040 1288 3333 1353 gaudebant
3376 1288 3513 1350 quia
3564 1286 3705 1332 intel-

2170 1378 2340 1428 lexere
2372 1387 2558 1429 tantam
2580 1378 2738 1429 fuisse
2768 1377 2869 1429 Deo
2896 1392 3072 1428 curam
3101 1376 3165 1427 de
3186 1375 3325 1425 ﬁdeli
3354 1386 3459 1423 suo
3488 1372 3695 1429 fat-into.

2170 1478 2224 1517 ut
2252 1467 2739 1533 contemptum‘ejns
2769 1468 2923 1518 etiam
2955 1479 3047 1530 per
3070 1465 3326 1516 elementa
3374 1462 3697 1520 VilldlC-II‘CI;

2171 1556 2458 1620 gaudebant
2504 1555 2625 1620 quia
2678 1554 2853 1605 videre
2900 1561 3091 1605 tantam
3139 1552 3334 1602 suimet
3376 1564 3568 1601 curam
3614 1564 3697 1598 suo

2173 1646 2330 1697 fuisse
2359 1647 2603 1709 creatori,
2631 1654 2683 1695 ut
2703 1646 2858 1695 etiam
2885 1643 3158 1694 manifesto
3187 1639 3447 1691 miraculo
3474 1639 3695 1701 ipsmnn

2174 1742 2341 1783 errata
2371 1735 2671 1798 corrigeret.
2719 1732 2827 1784 Hoc
2868 1746 2990 1784 sane
3018 1731 3152 1797 quod
3182 1728 3333 1780 retuli
3367 1728 3695 1787 miraculum,

560 1846 750 1896 susque
793 1832 875 1880 ille
937 1831 955 1858 ¹
1002 1828 1352 1879 exhortatoria
1396 1840 1486 1877 eos
1533 1837 1771 1876 sermone
1819 1823 2068 1883 reticeret,
2104 1808 2144 1863 Β
2174 1836 2273 1871 non
2326 1820 2558 1886 quolibet
2612 1831 2839 1884 auctore,
2893 1820 2986 1872 sed
3039 1834 3140 1870 uno
3194 1832 3377 1868 eorum
3419 1815 3514 1879 qui
3547 1815 3693 1865 inter.

561 1925 674 1981 post
717 1914 1117 1975 admonitionem
1168 1912 1472 1977 completam
1525 1909 1788 1975 subiunxit
1842 1908 2066 1960 dicens:

565 2021 583 2052 ι
615 2002 722 2053 Jam
756 2002 878 2053 bora
920 2012 998 2053 eat
1028 2011 1079 2051 ut
1107 2000 1169 2050 ad
1214 2000 1528 2050 mansionem
1578 2012 1742 2048 meam
1774 1997 2070 2062 regrediar;

560 2107 651 2144 vos
674 2102 841 2142 autem
884 2093 1002 2156 quia
1052 2088 1300 2155 proﬁcisci
1348 2081 1638 2152 disponitis,
1684 2088 1848 2151 primo
1878 2084 2072 2135 sumite

560 2180 698 2230 cibos
712 2186 763 2226 et
784 2172 1001 2227 haucaui
1023 2174 1181 2235 illam,
1207 2173 1456 2238 pendebat
1476 2173 1611 2222 enim
1639 2184 1761 2220 auca
1782 2172 1829 2220 in
1862 2171 2072 2235 pariete,

560 2263 760 2328 coquite
787 2271 839 2313 et
860 2261 1133 2322 comedite,
1163 2268 1213 2311 et
1243 2258 1314 2309 sic
1342 2258 1390 2310 in
1414 2258 1620 2308 nomine
1650 2256 1848 2308 Domini
1885 2271 2073 2307 navem

561 2350 824 2402 ascendite
862 2365 920 2400 ac
971 2350 1175 2400 domum
1219 2348 1399 2401 redite.
1438 2365 1456 2415 ι
1494 2347 1696 2398 Dixerat
1724 2347 1851 2409 lucc,
1884 2354 1934 2397 et
1961 2346 2075 2397 data

560 2438 791 2488 oratione
822 2452 879 2487 ac
913 2437 1288 2499 benedictione,
1317 2448 1460 2486 suam
1505 2435 1821 2486 mansionem
1861 2434 2073 2486 introiit.

560 2527 632 2577 lili
670 2536 835 2577 autem
864 2537 916 2575 ut
947 2534 1259 2589 praeceperat
1300 2538 1566 2590 sumpsere
1607 2525 1753 2576 cibos
1785 2542 1796 2574 :
1829 2525 1919 2575 sed
1958 2527 2073 2590 quia

561 2615 885 2664 abundabant
910 2613 1039 2665 cibis
1081 2627 1209 2677 quos
1246 2626 1417 2663 secum
1462 2613 1758 2677 attulerant,
1792 2626 1971 2664 aucatn
2014 2613 2077 2664 de

560 2718 653 2767 qua
686 2712 996 2767 pra-ceperat
1035 2711 1243 2767 tangere
1274 2716 1373 2752 non
1396 2702 1663 2754 curabunt.

638 2788 705 2839 At
733 2804 847 2840 cum
878 2789 1053 2840 refecti
1084 2790 1365 2839 naviculam
1401 2788 1589 2841 vellent
1609 2788 1905 2848 ascendere,
1928 2802 2079 2839 exor-

565 2886 611 2926 la
637 2876 804 2927 subito
834 2885 1109 2941 tempestas
1145 2876 1249 2927 fera
1277 2891 1481 2927 onmem
1511 2878 1587 2928 eis
1618 2876 1884 2943 navigandi
1906 2877 2078 2933 facul—

566 2972 719 3014 tatem
750 2963 981 3014 abstulit.
1016 2961 1324 3028 Factumque
1352 2970 1509 3014 estut
1535 2972 1731 3027 septem
1762 2963 1941 3014 diebus
1969 2963 2076 3014 fer—

2173 1909 2316 1961 fuere
2356 1919 2595 1961 narrante
2631 1909 2867 1974 cognovi,
2922 1908 3041 1959 vitae
3091 1907 3335 1959 videlicet
3385 1904 3695 1956 venerabilis

2172 1994 2425 2045 monacho
2469 2006 2523 2045 et
2554 1995 2850 2061 presbytero
2894 1993 3125 2060 ejusdem
3180 1992 3493 2044 monasterii
3542 1991 3689 2055 tiyne

2173 2080 2387 2141 mundo,
2436 2080 2522 2144 qui
2554 2080 2782 2144 plurimis
2826 2081 2928 2132 late
2974 2080 3201 2131 ﬁdelium
3254 2078 3613 2144 longavilatis
3653 2090 3698 2129 et

2172 2170 2289 2219 vita:
2316 2169 2473 2234 gratia
2500 2171 2601 2234 jam
2636 2179 2786 2220 notus
2815 2170 3008 2222 existit.

2171 2281 2320 2333 CAP.
2372 2279 2629 2331 XXXV”.
2672 2280 2868 2344 Quanta
2913 2289 3128 2347 (99mm:
3157 2289 3463 2330 tem/intenta
3495 2276 3693 2344 pertule-

2360 2350 2445 2409 rit,
2474 2349 2648 2415 quidve
2671 2350 2733 2399 de
2767 2366 2858 2399 sua
2883 2350 3136 2414 sepultura
3168 2353 3503 2396 mandarent.

2244 2437 2469 2501 Repetiit
2511 2446 2681 2488 autem
2715 2438 2931 2488 insulam
2980 2437 3409 2498 mansionemque
3456 2450 3605 2485 suam
3630 2434 3694 2481 vir

2176 2524 2264 2576 Dei
2292 2523 2612 2575 Cudberctus
2650 2538 2768 2575 mox
2798 2533 3001 2590 periit-ta
3033 2524 3115 2574 die
3153 2525 3375 2574 solemni
3422 2523 3691 2572 nativitatis

2173 2611 2465 2663 dominicze.
2496 2611 2728 2677 Cumque
2752 2626 2868 2663 eum
2899 2626 3079 2662 navem
3125 2626 3472 2663 ascensuruin
3504 2623 3691 2661 caterva

2174 2702 2390 2755 fratrum
2438 2703 2817 2763 circuittstaret,
2870 2702 3252 2766 interrogavit!3
3306 2716 3440 2751 unus
3497 2714 3557 2749 ea
3610 2700 3689 2757 eis,

2175 2803 2448 2844 veteranus
2488 2801 2538 2842 et
2583 2790 2894 2842 venerabilis
2920 2792 3034 2841 vita:
3067 2791 3372 2849 monachus,
3417 2790 3569 2840 fortis
3591 2793 3691 2853 qni-

2176 2880 2290 2930 dem
2312 2879 2434 2939 ﬁde,
2462 2877 2552 2929 sed
2591 2876 2897 2942 dysenteria:
2926 2877 3109 2927 morbo
3148 2891 3365 2942 corpore
3397 2874 3508 2941 jam
3543 2877 3689 2924 tactus

2178 2966 2486 3019 imbecillis:
2518 2982 2536 3014 ι
2574 2964 2663 3017 Dic
2699 2965 2865 3026 nobis,
2902 2964 3156 3029 inquiens,
3189 2962 3399 3014 domine
3441 2964 3687 3026 episcope,

567 3060 717 3102 vente
762 3052 893 3101 unda
938 3049 1163 3101 conclusi
1220 3051 1392 3101 tristes
1451 3048 1501 3099 in
1544 3050 1709 3100 insula
1762 3050 2076 3109 residerent;
2107 3050 2151 3109 C
2181 3054 2385 3119 quando
2415 3052 2634 3104 reditum
2679 3060 2819 3103 tuum
2851 3066 3061 3118 sperare
3107 3051 3410 3103 debeamus.
3447 3068 3467 3100 ι
3519 3052 3583 3100 At
3620 3050 3692 3099 ille

568 3144 589 3175 ³
616 3151 709 3189 nec
738 3146 903 3189 tanien
931 3138 1130 3199 culpam
1172 3135 1529 3189 inobedientia:
1554 3150 1648 3203 pro
1669 3150 1768 3202 qua
1792 3135 2082 3203 hujusmod't

565 3236 825 3275 carcerem
880 3224 1224 3287 patiebantur,
1276 3222 1337 3273 ad
1388 3226 1687 3272 memoriam
1755 3232 2075 3275 revocarent.

568 3308 665 3370 Qui
695 3322 814 3360 cum
844 3310 1022 3360 sedulo
1046 3310 1108 3360 ad
1139 3307 1305 3360 Patris
1332 3308 1656 3373 colloquium
1690 3310 1903 3370 reversi,
1934 3326 1995 3362 ac
2021 3313 2086 3364 de

573 3397 767 3448 reditus
814 3396 893 3449 sui
932 3396 1201 3461 dispemlio
1247 3395 1536 3461 conquesti,
1584 3398 1842 3462 patientia:
1888 3400 1951 3449 ab
2000 3397 2087 3449 illo

570 3484 761 3534 monita
794 3484 1144 3549 perciperent;
1192 3484 1409 3549 septima
1462 3483 1665 3535 tandem
1713 3484 1798 3536 die
1847 3498 2121 3552 egressus

570 3571 679 3635 ipse
705 3572 766 3621 ad
797 3585 907 3634 eos,
940 3572 1144 3622 volebat
1168 3572 1461 3623 mtestitiam
1490 3585 1669 3622 eorum
1691 3572 1848 3636 gratia
1875 3588 1980 3622 sua:
2010 3576 2088 3622 vi-

570 3658 824 3709 sitationis
853 3666 905 3708 et
944 3658 1310 3708 consolationis
1351 3657 1447 3721 pia:
1474 3658 1633 3708 verbo
1672 3658 1851 3708 letiire.
1882 3658 2091 3724 Ingres-

571 3756 659 3794 sus
688 3750 860 3793 autetu
888 3744 1098 3792 domum
1129 3744 1179 3793 in
1209 3757 1305 3807 qua
1344 3743 1644 3807 manebant,
1676 3749 1730 3794 ut
1761 3744 1885 3795 vidit
1911 3759 2089 3797 aucam

574 3847 673 3881 non
706 3829 868 3882 fuisse
905 3839 1206 3891 comestam,
1240 3828 1443 3896 placido
1478 3832 1615 3882 vultu
1662 3841 1713 3883 et
1758 3832 1875 3884 la-to
1926 3837 2094 3897 potius

575 3933 814 3969 sermone
844 3920 1106 3986 redarguit
1144 3933 1322 3971 eorum
1366 3918 1803 3973 iuobedieutiam:
1841 3939 1859 3970 ι
1892 3922 2091 3985 Nonne,

577 4003 835 4070 inquiens,
868 4005 1147 4056 incomesta
1177 4004 1342 4056 adhuc
1369 4006 1555 4069 pendet
1583 4007 1740 4057 auca?
1766 4016 1817 4059 et
1842 4010 1960 4074 quid
1991 4012 2093 4060 nti-

576 4109 686 4144 rum
715 4092 758 4145 si
805 4106 898 4145 vos
944 4107 1086 4145 mare
1130 4108 1230 4145 non
1282 4093 1400 4145 sivit
1429 4093 1608 4145 abire?
1660 4094 1922 4147 Cilissime
1971 4111 2096 4163 ergo

578 4181 763 4233 mittite
792 4196 906 4233 eam
942 4182 989 4231 in
1014 4179 1034 4209 ⁸
1063 4180 1339 4232 caldariam
1376 4199 1386 4232 :
1414 4181 1619 4247 coquite
1656 4189 1707 4233 et
1735 4183 2008 4244 comedite,
2043 4195 2098 4237 ut

580 4267 741 4331 possit
771 4282 911 4319 mare
940 4267 1232 4332 quiescere,
1278 4278 1330 4320 et
1358 4282 1447 4319 vos
1496 4269 1702 4319 domum
1752 4272 2037 4322 remittere.
2075 4290 2091 4321 ι

2182 3140 2487 3205 simpliciter
2537 3142 2891 3206 interroganti,
2946 3140 3251 3204 simpliciter
3305 3151 3355 3207 et
3407 3139 3521 3201 ipsi:
3572 3140 3687 3202 quod

2189 3244 2367 3281 verum
2400 3238 2611 3281 noverat
2642 3230 2961 3297 pandens”
2996 3230 3251 3294 «Quando,
3302 3231 3489 3295 inquzt,
3538 3244 3688 3279 meum

2181 3329 2371 3380 corpus
2394 3318 2490 3367 huc
2514 3317 2771 3368 referetis.
2810 3334 2829 3367 ι
2864 3316 2959 3380 Qui
2990 3330 3107 3367 cum
3140 3317 3269 3366 duos
3301 3318 3469 3367 ferme
3502 3330 3687 3365 menses

2184 3404 2233 3454 in
2256 3418 2436 3470 magna
2466 3404 2697 3469 repetita:
2737 3419 2843 3456 sua:
2872 3405 3062 3468 quietis
3086 3403 3434 3455 exsultatione
3463 3404 3689 3464 transige-

2184 3502 2285 3554 ret,
2311 3496 2472 3546 multo
2509 3503 2767 3547 consueta:
2788 3494 3127 3545 districtionis
3149 3495 3320 3556 rigore
3349 3507 3542 3555 corpus
3563 3505 3688 3541 meu-

2187 3590 2392 3646 temque
2415 3582 2821 3647 constringeret;
2871 3590 3111 3645 arreptus
3158 3579 3467 3629 inﬁrmitate
3513 3579 3686 3637 subita,

2188 3668 2484 3729 temporalis
2509 3667 2840 3733 igne-doloris
2869 3668 2931 3717 ad
2956 3675 3221 3730 perpetuae
3243 3664 3404 3727 (τωιιίι
3437 3664 3693 3715 beatitudi-

2190 3753 2268 3805 nis
2292 3756 2473 3819 gaudia
2504 3755 2802 3819 praeparari.
2831 3754 2988 3820 Cujus
3010 3754 3204 3805 obitum
3236 3753 3363 3806 libet
3386 3754 3556 3805 verbis
3578 3753 3691 3803 illius

2188 3840 2335 3906 cujus
2366 3842 2615 3893 relatione
2642 3841 2793 3893 didici
2825 3842 3143 3903 describere,
3184 3840 3441 3893 Herefridi
3475 3839 3693 3890 videlicet

2189 3930 2389 3981 devota:
2432 3929 2693 3996 religionis
2716 3929 3024 3996 presbyteri,
3048 3928 3136 3994 qui
3166 3928 3324 3981 etiam
3358 3939 3482 3978 tunc
3512 3926 3690 3977 Lindis-

2193 4018 2414 4069 farnensi
2447 4018 2758 4069 monasterio
2783 4017 2984 4068 abbatis
3007 4018 3125 4081 jure
3168 4015 3399 4079 praefuit.
3451 4032 3469 4061 ι
3503 4013 3690 4069 Tribus.

2193 4104 2375 4169 inquit,
2404 4104 2811 4156 hebdomadibus
2830 4104 3105 4166 continuis,
3129 4104 3433 4155 inﬁrmitate
3453 4104 3692 4160 decoctos,

2206 4192 2280 4243 sic
2306 4192 2367 4243 ad
2394 4203 2620 4243 extrema
2655 4192 2907 4256 pervenit.
2952 4190 3213 4256 Siquidem
3243 4198 3428 4251 quarta
3459 4191 3577 4241 feria
3604 4202 3693 4239 erc-

2200 4279 2266 4344 pit
2293 4278 2316 4315 ἀ
2346 4289 2615 4346 aegrotare.
2646 4290 2695 4331 et
2725 4293 2901 4331 rursus
2929 4288 3111 4347 quarta
3157 4279 3285 4332 feria
3316 4279 3461 4331 finita
3498 4277 3684 4344 :cgtittt-

1508 4352 1905 4407 \‘ULGATORU
1918 4356 1958 4406 Μ
2002 4357 2371 4418 VARIANTES
2409 4365 2792 4418 LECTIONI‘LS.

648 4438 665 4467 ¹
708 4435 863 4488 Maris
890 4452 976 4502 per
1008 4448 1183 4503 srptem
1214 4440 1315 4489 dies
1343 4441 1603 4490 obsederit.

650 4507 669 4534 ²
714 4505 1059 4555 I‘letortatmio
1081 4517 1130 4555 ut
1164 4508 1297 4558 illos.

653 4574 672 4602 ³
712 4573 818 4625 Nec
841 4586 956 4624 tunc
978 4574 1195 4639 culpam.

2264 4454 2282 4480 “
2320 4452 2630 4510 Calcariam.

2265 4518 2285 4545 ⁸
2327 4519 2649 4571 Verebantur.

1880 4662 2221 4721 VARIORUM
2260 4668 2477 4722 ΝΟΤᾹΖ.

654 4755 680 4782 ι
722 4747 941 4798 Duobus.
986 4748 1095 4800 Duo
1118 4749 1235 4800 anni
1263 4746 1331 4800 ab
1356 4750 1608 4801 electione
1633 4748 1766 4811 eius,
1791 4764 1890 4801 non
1919 4767 1945 4801 a
1977 4767 2099 4804 con-

588 4817 871 4867 secratione
896 4827 1013 4866 sunt
1054 4816 1310 4868 sumendi.
1356 4818 1697 4869 Consecratus
1737 4828 1816 4868 est
1841 4821 1977 4870 enim
2007 4836 2096 4875 an.

590 4883 708 4945 685,
741 4895 969 4946 tempore
1006 4883 1346 4935 soli-inuitatis
1377 4885 1656 4950 paschalis;
1690 4888 2098 4950 transigerentur

591 4952 741 5012 igitur
767 4953 868 5001 duo
912 4952 1050 5010 anni,
1089 4953 1129 5001 si
1168 4954 1387 5006 calcules
1429 4968 1457 5004 a
1505 4955 1913 5014 consecratione,
1964 4964 2095 5007 tem-

593 5033 715 5084 pore
745 5020 969 5084 paschali
996 5034 1081 5069 an.
1112 5018 1209 5071 687
1235 5035 1246 5067 :
1274 5022 1363 5070 sed
1387 5031 1586 5073 constat
1608 5036 1720 5082 cap.
1751 5021 1814 5070 57
1837 5036 1954 5073 eum
1984 5034 2102 5076 ante

595 5099 792 5149 tempus
815 5087 1051 5149 paschale
1080 5087 1295 5139 insulam
1324 5088 1608 5151 repetiisse,
1632 5089 1735 5141 vid.
1761 5105 1877 5140 mox
1900 5102 2099 5153 peracto

593 5156 672 5204 die
712 5155 917 5205 solemni
963 5153 1250 5205 Notivitatir
1292 5156 1564 5205 dominica.
1616 5158 1746 5221 Ergo
1796 5158 2101 5209 numerandi

596 5229 716 5272 sunt
762 5221 882 5272 anni
920 5223 999 5289 ab
1035 5224 1285 5274 electione
1332 5238 1448 5289 quae
1498 5224 1625 5273 facta
1673 5234 1749 5274 est
1800 5227 2105 5277 imminente

597 5290 761 5340 hieme
792 5304 877 5340 au.
907 5287 1026 5340 684.
1068 5291 1136 5341 De
1161 5290 1269 5355 ejus
1296 5287 1462 5343 reditu
1489 5291 1551 5342 ad
1582 5290 1735 5341 vitam
1765 5293 2095 5345 anachoreti-

598 5370 709 5407 cam
737 5358 851 5408 vide
879 5372 947 5419 iv,
991 5356 1078 5409 28.
1118 5356 1301 5408 Sinni.

670 5424 695 5459 δ
732 5427 937 5475 Ancum.
977 5426 1131 5476 Aucze
1169 5425 1374 5477 nomine
1407 5424 1789 5491 intelligendum
1810 5440 1924 5479 esse
1948 5441 2099 5479 anse-

604 5505 731 5551 rem,
753 5494 914 5544 Gallis
935 5494 1011 5543 oie
1029 5493 1243 5553 dictum,
1266 5492 1451 5545 clarius
1471 5504 1549 5545 est
1570 5508 1718 5557 quam
1743 5495 1991 5559 exemplis
2012 5494 2105 5544 ad-

601 5560 764 5611 ductis
792 5562 993 5625 probari
1025 5560 1267 5627 indigeat.
1317 5559 1418 5611 Nec
1464 5563 1647 5612 mirum
1679 5561 1720 5611 si
1764 5561 2000 5613 monachi
2036 5562 2109 5612 illi

522 5654 525 5655 ν
601 5628 835 5677 anserina
880 5642 1034 5681 carne
1063 5627 1420 5689 vescebantur,
1452 5630 1537 5693 qui
1582 5629 1684 5695 jam
1735 5636 1841 5679 tum
1895 5628 2109 5681 forsitan

2198 4758 2422 4809 volatilia
2448 4761 2496 4809 in
2523 4758 2735 4823 piscium
2759 4773 2974 4811 numero
2996 4758 3276 4811 habebant.
3303 4759 3463 4811 Certe
3486 4772 3547 4811 ex
3577 4755 3696 4808 Actis

2197 4827 2357 4876 sancti
2388 4826 2716 4889 Columbani,
2745 4829 2864 4879 item
2895 4829 3058 4879 sancti
3101 4826 3315 4879 Berlulﬁ
3344 4827 3588 4877 abbatum
3614 4824 3696 4875 Βοιο

2200 4892 2453 4945 biensium
2478 4896 2829 4960 intelligimus,
2863 4895 3053 4947 licitum
3102 4898 3419 4957 quandoque
3449 4892 3602 4944 fuisse
3625 4890 3692 4940 di-

2200 4961 2408 5025 scipulis
2438 4964 2599 5012 sancti
2625 4962 2927 5014 Columbini
2952 4962 3091 5014 vesci
3120 4962 3372 5014 carnibus
3392 4960 3692 5025 coturnicum;

2201 5036 2252 5077 et
2276 5023 2496 5079 anatiuni
2529 5046 2539 5078 :
2571 5031 2773 5099 tametsi
2797 5030 3147 5099 qutimbantts
3175 5030 3225 5080 in
3259 5028 3493 5099 Hegitlis,
3529 5042 3633 5093 Cap.
3672 5023 3697 5071 5

2204 5102 2400 5147 tantum
2441 5099 2597 5158 olera,
2627 5097 2876 5163 legumine
2897 5106 2941 5146 rt
2969 5097 3184 5158 farinam
3205 5099 3351 5164 aquis
3380 5098 3695 5164 mixta-irin

2202 5177 2350 5231 parvo
2380 5168 2521 5231 panis
2549 5160 2820 5229 paxiiitatio
2847 5164 3108 5228 discipulis
3136 5160 3258 5216 suis
3273 5166 3544 5215 concedit.
3589 5160 3696 5231 Lege

2206 5226 2612 5283 Βειιηιίιιιιηηῖιι
2641 5234 2728 5284 lib.
2761 5247 2810 5283 Iv
2837 5226 3340 5283 etiiitra'Gr:ccorutti
3366 5232 3561 5296 Optima.
3587 5244 3628 5279 c.
3653 5226 3695 5285 1’,

2206 5305 2330 5348 tom.
2365 5300 2401 5348 ll
2434 5299 2611 5359 Spicil.
2658 5298 2949 5350 Acberiani.
2992 5300 3210 5350 Manum.

2276 5375 2297 5401 α
2340 5364 2497 5418 Unus.
2542 5367 2613 5417 De
2653 5368 2750 5417 hoc
2785 5368 3043 5433 quomodo
3089 5369 3378 5418 satiabatur
3409 5382 3437 5416 a
3480 5379 3566 5418 sua
3591 5362 3690 5430 «lys-

2205 5436 2399 5499 enteria
2432 5435 2548 5485 vide
2595 5435 2882 5499 proximum
2912 5446 3083 5496 caput.
3127 5434 3317 5485 Sirmi.

2276 5498 2298 5536 ἀ
2338 5497 2623 5567 zEgrotare.
2652 5500 2789 5552 Obiit
2815 5516 2901 5551 xm
2930 5501 3043 5552 Kal.
3069 5500 3258 5565 April.,
3284 5502 3334 5552 id
3358 5509 3441 5554 est
3468 5500 3537 5551 ‘20
3553 5497 3696 5554 itm»

2207 5569 2365 5634 ccepit
2396 5571 2546 5636 igitur
2572 5578 2824 5634 aegrotare
2851 5568 2915 5620 27
2950 5569 3100 5620 Febr.
3146 5569 3218 5619 lo.

3302 6109 3822 6262 “ut
