3862 6386
158 532 255 589 777

829 519 1015 580 SECT.
1054 518 1094 574 ι.
1131 545 1199 559 -
1235 508 1789 570 IIAGIOGRAPHICA.
1833 536 1897 547 ——
1932 505 2088 561 VITA
2129 502 2185 558 S.
2223 496 2619 556 CUTUBERTI.

3189 486 3293 543 ττι

148 656 271 701 amr
335 639 571 708 migravit
620 634 685 689 ad
724 633 1015 685 Dominum.
1079 627 1147 682 Αι
1193 640 1309 681 cum
1360 622 1509 677 ηιῑηδ
1560 624 1672 689 ΡΓῙ·
1702 630 1748 687 Δ
1777 638 1960 691 fratres
1979 634 2067 703 qui
2092 646 2291 687 mecum
2316 636 2565 683 venerant
2589 624 2889 695 renavigare
2915 624 2975 676 ad
3000 623 3287 689 proximum

151 745 238 784 mo
306 726 557 780 inchoata
601 718 910 775 infirmitatis
963 716 1229 775 venirem,
1279 726 1396 765 nam
1463 718 1515 763 et
1558 718 1676 761 ante

152 820 376 874 triduum
398 822 513 866 cum
549 811 792 863 fratribus
823 804 1042 859 insulam
1071 801 1321 862 adieram,
1353 798 1565 864 cupiens
1594 810 1677 847 so-

154 907 259 960 lita
290 898 664 957 benedictionis
694 906 745 949 ct
772 890 1146 948 exhortationis
1167 888 1232 940 ab
1260 901 1322 939 co
1345 885 1524 939 solatia
1554 897 1675 951 per-

150 997 349 1062 cipere,
384 1003 439 1043 ut
466 990 585 1042 dato
625 986 777 1055 juxta
831 966 1026 1035 morem
1080 981 1231 1044 signa
1276 990 1361 1028 me
1410 974 1678 1026 advenisse

153 1060 382 1155 prodidi,
406 1078 663 1146 processit
692 1074 755 1127 ad
788 1074 1085 1130 fenestram,
1112 1077 1162 1121 et
1191 1064 1432 1119 salutanti
1466 1075 1524 1115 se
1552 1060 1679 1113 mihi

155 1151 435 1238 suspirium
467 1182 559 1232 pro
584 1175 832 1230 responso
860 1157 1103 1213 reddidit.
1130 1155 1224 1208 Cui
1255 1169 1349 1222 ego
1376 1169 1387 1200 :
1420 1151 1554 1217 Quid
1586 1151 1680 1200 ha-

157 1262 267 1321 bes,
300 1259 535 1325 inquam,
566 1252 775 1306 domine
820 1250 888 1302 mi
937 1249 1198 1313 episc0pe,
1241 1259 1305 1295 an
1352 1243 1483 1295 forte
1533 1250 1684 1293 nocte

159 1350 258 1401 hac
283 1357 399 1400 tuus
428 1355 477 1398 te
524 1345 738 1409 languor
765 1338 969 1406 tetigit?
998 1338 1067 1391 At
1109 1336 1195 1388 ille
1221 1350 1236 1386 :
1283 1333 1468 1394 Etiam,
1500 1329 1684 1397 inquit,

157 1440 374 1505 languor
401 1450 483 1487 me
512 1432 681 1500 tetigit
728 1438 877 1481 nocte
910 1429 1024 1479 hac.
1075 1424 1330 1478 Putabam
1367 1422 1487 1490 quia
1513 1422 1574 1472 de
1602 1435 1688 1471 ve-

156 1527 256 1578 teri
286 1539 376 1577 sua
416 1522 713 1575 infirmitate
739 1518 885 1582 cujus
926 1514 1221 1581 quotidiana
1270 1524 1403 1578 pene
1452 1509 1687 1561 molestia

157 1619 497 1666 consueverat
524 1607 765 1673 excoqni,
798 1618 898 1656 non
926 1611 1101 1655 autem
1142 1601 1207 1653 de
1242 1613 1371 1651 nova
1401 1605 1454 1649 et
1483 1595 1689 1647 insolita

158 1705 375 1756 diceret.
409 1699 513 1753 Nec
553 1699 697 1765 plura
739 1695 1066 1758 interrogans
1096 1706 1107 1741 :
1144 1688 1235 1751 Da,
1281 1686 1507 1754 inquam,
1539 1683 1697 1736 bene-

160 1788 436 1842 dictionem
483 1784 672 1845 nobis,
725 1780 844 1849 quia
891 1780 997 1846 jam
1052 1784 1256 1842 tempus
1306 1769 1581 1839 navigandi
1633 1784 1693 1821 ac

162 1877 374 1931 domum
424 1872 689 1939 repetendi
742 1870 911 1922 adest.
969 1867 1158 1928 Facite,
1208 1863 1392 1930 inquit,
1447 1868 1503 1914 ut
1543 1859 1691 1921 dicis,

162 1966 428 2020 ascendite
456 1976 657 2023 navem,
681 1975 740 2011 ac
762 1959 970 2010 domum
992 1955 1122 2008 salvi
1146 1954 1333 2006 redite.
1364 1951 1492 2005 Cum
1519 1958 1687 2001 autem
1724 1953 1762 2009 Β

165 2056 301 2109 Deus
323 2051 607 2118 susceperit
640 2060 864 2101 animam
908 2058 1098 2107 meam,
1134 2040 1348 2108 sepelite
1391 2052 1474 2090 me
1509 2037 1558 2088 in
1601 2037 1695 2089 hac

165 2145 437 2197 mansione
487 2140 636 2208 juxta
693 2136 974 2190 oratorium
1026 2146 1201 2208 meum
1271 2129 1335 2181 ad
1389 2126 1693 2187 meridiem,

166 2232 186 2264 ¹
208 2242 391 2285 contra
433 2207 734 2281 orientalem
768 2227 967 2293 plagam
1007 2207 1202 2275 sancta:
1226 2218 1394 2273 crucis
1422 2231 1574 2285 quam
1604 2214 1697 2267 ibi-

166 2322 290 2375 dem
311 2319 475 2372 erexi.
517 2319 607 2369 Est
645 2326 815 2368 autem
847 2312 910 2364 ad
940 2309 1286 2378 aquilonalem
1324 2305 1555 2373 ejusdem
1584 2318 1698 2356 ora-

168 2411 289 2464 torii
322 2418 517 2476 partem
573 2404 948 2469 sarcophagum
1000 2413 1151 2452 terra:
1199 2398 1394 2464 cespite
1446 2396 1693 2454 abditum,

165 2499 305 2566 quod
330 2499 449 2549 olim
478 2495 604 2548 mihi
632 2492 808 2546 Cudda
835 2489 1145 2543 venerabilis
1170 2486 1328 2539 abbas
1369 2486 1597 2537 donavit.
1646 2484 1697 2536 In

166 2587 270 2640 hoc
296 2600 466 2637 meum
503 2595 688 2648 corpus
731 2578 987 2645 reponite,
1036 2575 1356 2628 involventes
1380 2574 1430 2625 in
1480 2572 1700 2625 sindone

165 2689 323 2742 quam
353 2670 626 2724 invenietis
654 2667 789 2720 istic.
822 2666 967 2717 Nolui
997 2663 1203 2730 quidem
1232 2677 1292 2715 ea
1317 2662 1500 2713 vivens
1532 2660 1693 2722 indui,

168 2762 260 2813 sed
289 2774 379 2825 pro
409 2772 583 2809 amore
630 2756 835 2807 dilecta:
866 2754 970 2805 Deo
1015 2751 1218 2803 femina:
1247 2764 1360 2813 qure
1392 2747 1525 2799 hanc
1565 2748 1697 2799 mihi

170 2851 333 2913 misit,
365 2847 543 2900 Verere
571 2844 811 2897 videlicet
853 2840 1150 2899 abbatissae,
1196 2837 1260 2889 ad
1309 2834 1694 2888 obvolvendum

171 2952 365 3003 corpus
415 2948 583 2987 meum
634 2944 903 2985 reservare
950 2930 1149 2980 curavi.
1192 2928 1211 2957 ²
1269 2925 1498 2978 Audiens
1545 2924 1694 2977 haec:

171 3027 423 3086 Obsecro,
453 3025 680 3091 inquam,
712 3021 882 3083 Pater,
914 3018 1053 3085 quia,
1083 3015 1104 3046 ³
1142 3014 1485 3073 infirmantem
1510 3022 1561 3066 et
1589 3026 1700 3065 mo-

174 3116 395 3168 riturum
425 3123 472 3164 te
502 3110 673 3173 audio,
722 3110 920 3175 aliquos
961 3108 1025 3159 de
1068 3106 1315 3159 fratribus
1347 3105 1427 3157 hic
1456 3103 1517 3154 ad
1549 3102 1701 3155 mini—

178 3202 447 3255 strandum
484 3200 571 3252 tibi
601 3212 869 3253 remanere
899 3194 1187 3264 permittas.
1230 3196 1296 3249 At
1326 3193 1411 3246 ille
1440 3210 1450 3245 :
1486 3192 1572 3254 Ite,
1616 3193 1697 3243 in—

173 3290 309 3357 quit,
336 3289 507 3352 mndo,
537 3296 769 3352 tempore
802 3258 974 3336 autem
1002 3292 1293 3352 opportuno
1327 3282 1508 3335 redite.
1532 3280 1692 3332 Cum-
1722 3258 1767 3317 (ἶ

178 3396 280 3447 que
302 3379 597 3444 diligentius
626 3378 906 3429 obsecrans
934 3389 989 3426 ut
1032 3375 1372 3428 ministerium
1413 3374 1702 3440 susciperet

179 3484 499 3535 nequaquam
540 3467 815 3532 impetrare
858 3466 1107 3527 valerem,
1139 3464 1345 3517 tandem
1394 3464 1702 3532 interrogavi

179 3559 387 3625 quando
432 3558 741 3610 deberemus
790 3556 997 3609 reverti.
1026 3555 1120 3618 Qui
1163 3556 1237 3606 ait
1267 3571 1278 3604 :
1307 3553 1522 3618 Quando
1573 3554 1703 3605 Deus

181 3646 423 3707 viiluetit,
461 3656 512 3698 et
541 3647 653 3705 ipse
678 3643 824 3697 vobis
844 3642 1152 3695 ostenderit.
1188 3640 1428 3694 Fecimus
1460 3650 1513 3691 ut
1538 3642 1707 3709 jusse-

180 3743 283 3799 rat,
311 3735 709 3801 convocatisque
745 3748 859 3784 mox
891 3733 940 3784 in
980 3732 1252 3785 ecclesiam
1285 3732 1529 3784 fratribus
1572 3746 1705 3783 cun-

180 3824 303 3883 ctis,
327 3822 457 3889 jussi
482 3823 769 3875 orationem
799 3822 908 3874 fieri
936 3823 1046 3873 sine
1076 3820 1464 3873 intermissione
1488 3835 1581 3886 pro
1604 3835 1666 3872 eo
1690 3838 1703 3871 :

181 3911 309 3974 Quia
338 3910 560 3970 videtur,
612 3910 872 3976 inquiens,
920 3908 1045 3961 mihi
1096 3922 1158 3959 ex
1203 3908 1508 3972 quibusdam
1540 3908 1709 3959 verbis

183 4000 321 4053 illius
342 3999 752 4065 appropinquare
775 3999 912 4051 diem
940 4012 1044 4066 quo
1066 3997 1133 4049 sit
1161 3998 1395 4050 exiturus
1432 3999 1494 4049 ad
1522 3997 1705 4051 Deum.

262 4104 283 4139 ι
320 4088 471 4141 Eram
500 4097 671 4140 autem
700 4087 949 4139 sollicitus
992 4086 1057 4139 de
1086 4086 1254 4138 reditu
1298 4094 1508 4152 prepter
1556 4086 1713 4138 infir-

187 4176 422 4228 mitatem
454 4175 601 4241 eius;
630 4175 718 4227 sed
747 4177 971 4242 quinque
1000 4174 1178 4227 diebus
1205 4174 1402 4226 obstitit
1432 4182 1711 4240 tempestas

187 4277 257 4316 ne
299 4262 469 4315 redire
525 4276 827 4328 possemus;
885 4263 1022 4328 quod
1068 4262 1313 4316 divinitus
1358 4262 1708 4327 dispensatum

188 4350 348 4403 fuisse
386 4351 455 4400 rei
502 4350 733 4414 probavit
785 4358 1021 4401 eventus.
1076 4348 1141 4401 Ut
1189 4350 1327 4401 enim
1380 4350 1710 4413 omnipotens

191 4435 330 4489 Deus
352 4434 597 4487 famulum
629 4450 775 4487 suum
804 4436 869 4487 ab
897 4436 1036 4487 omni
1062 4435 1176 4488 labe
1207 4435 1480 4487 mundana:
1522 4435 1710 4501 fragili-

190 4524 310 4577 tatis
340 4523 403 4576 ad
446 4538 629 4590 purum
664 4524 959 4593 castigaret,
1010 4534 1167 4591 utque
1214 4525 1522 4577 adversariis
1574 4525 1706 4593 ejus,

1774 729 1931 791 littus,
1960 727 2067 793 ipse
2095 735 2369 776 remanens
2398 720 2447 772 in
2470 715 2930 780 insula,confestim
2966 714 3097 765 Patri
3131 714 3282 764 mini-

1773 816 1981 868 sterium
2023 812 2252 878 praebere
2270 806 2463 861 curavi.
2486 803 2746 871 Siquidem
2782 800 3090 854 calefaciens
3108 812 3291 867 aquam

1775 902 2047 955 abluebam
2077 898 2258 965 pedem
2284 898 2416 963 ejus,
2443 893 2528 961 qui
2558 892 2718 961 gratia
2748 889 2930 943 diutini
2960 886 3174 941 tumoris
3191 888 3295 955 jam

1777 1001 1899 1043 tunc
1953 991 2099 1042 ulcus
2125 988 2148 1014 "
2174 987 2414 1048 habebat,
2448 998 2507 1035 ac
2536 983 2816 1050 profluente
2842 981 2987 1033 sanie
3010 994 3133 1032 cura
3166 978 3296 1031 indi~

1777 1082 1962 1147 gebat;
2011 1077 2101 1129 sed
2129 1084 2182 1129 et
2208 1066 2383 1126 vinum
2418 1072 2728 1124 calefaciens
2756 1068 2920 1130 attuli,
2952 1082 3171 1135 eumque
3200 1082 3298 1134 gn.

1779 1178 1917 1221 stare
1944 1166 2142 1229 rogavi.
2172 1161 2417 1216 Videbam
2460 1172 2681 1225 namque
2730 1158 2779 1209 in
2829 1155 2958 1209 facio
3011 1155 3123 1222 ejus
3178 1156 3296 1221 quia

1788 1256 2002 1308 multum
2030 1254 2195 1305 inedia
2225 1252 2373 1303 simul
2397 1258 2449 1301 et
2468 1248 2711 1315 languore
2738 1254 2846 1299 erat
2868 1244 3122 1299 defessus.
3150 1244 3301 1295 Cum-

1784 1345 1916 1411 pleta
1946 1343 2232 1401 curatione,
2261 1338 2453 1392 resedit
2479 1339 2683 1405 quietus
2714 1339 2762 1389 in
2790 1334 2809 1365 ⁸
2843 1344 3027 1393 stratu,
3057 1334 3221 1386 resedi
3252 1344 3306 1386 ct

1784 1447 1880 1500 ego
1905 1433 2045 1498 juxta
2076 1445 2214 1483 eum.
2265 1428 2495 1493 Cumque
2540 1426 2738 1489 sileret,
2788 1424 2931 1477 dixi:
2986 1423 3164 1486 Video,
3216 1425 3308 1475 du.

1785 1523 1923 1575 mine
1959 1520 2221 1587 episcope,
2262 1518 2379 1584 quia
2423 1516 2639 1569 multum
2668 1523 2886 1567 vexatus
2910 1528 2967 1566 es
2992 1513 3057 1565 ab
3089 1512 3307 1565 infirmi-

1788 1616 1911 1671 tate,
1958 1616 2225 1674 postquam
2276 1604 2583 1657 recessimus
2626 1617 2654 1654 a
2702 1611 2788 1655 te:
2837 1610 2888 1653 et
2934 1601 3121 1653 mirum
3150 1614 3310 1667 quare

1790 1700 2036 1761 nolueris,
2086 1708 2141 1750 ut
2184 1696 2385 1764 aliquos
2414 1706 2646 1749 nostrum
2676 1694 2759 1761 qui
2804 1693 2893 1745 tibi
2938 1693 3310 1757 ministrarent,

1793 1791 1873 1843 hic
1913 1788 2295 1842 dimitteremus
2343 1785 2610 1839 abeuntes.
2660 1785 2727 1837 At
2770 1785 2857 1836 ille
2898 1801 2909 1835 :
2965 1783 3073 1845 Dei,
3126 1783 3311 1850 inquit,

1795 1876 2112 1948 providentia
2152 1886 2203 1929 et
2228 1875 2491 1929 voluntate
2519 1882 2717 1941 geSlnm
2760 1883 2857 1936 est,
2882 1881 2937 1925 ut
2965 1873 3239 1938 praesentia
3264 1880 3317 1923 et

1792 1968 1980 2020 auxilio
2008 1966 2283 2018 destitutus
2336 1966 2581 2020 humano,
2628 1962 2794 2028 aliqua
2827 1969 3028 2028 paterer
3073 1960 3314 2013 adversa.

1793 2055 2065 2119 Postquam
2089 2052 2225 2105 enim
2273 2064 2303 2102 a
2332 2064 2415 2103 me
2444 2049 2663 2117 digressi
2700 2048 2824 2101 eStis
2871 2046 3114 2098 continuo
3156 2045 3316 2111 cmpit

1794 2146 2157 2212 ingravescere
2201 2141 2448 2208 languor:
2502 2138 2722 2205 ideoque
2767 2137 2831 2190 de
2883 2152 2997 2189 mea
3047 2137 3316 2203 mansione

1796 2234 2069 2303 egrediens
2099 2234 2195 2285 huc
2224 2232 2443 2294 intravi,
2473 2236 2530 2283 ut
2574 2230 2863 2296 quicunque
2907 2236 3131 2280 vestrum
3187 2226 3313 2279 mihi

1796 2322 2130 2377 ministraturi
2174 2320 2501 2383 advenirent,
2551 2318 2633 2371 hic
2680 2332 2762 2369 me
2806 2316 3038 2370 invenire
3085 2326 3316 2384 possent,

1796 2426 1891 2466 nec
1914 2424 2083 2465 meam
2114 2409 2434 2462 mansionem
2465 2420 2677 2469 necesse
2707 2405 2957 2458 haberent
2988 2403 3210 2471 ingredi.
3239 2404 3316 2457 Ex

1794 2512 1899 2568 quo
1934 2508 2102 2551 autem
2135 2491 2425 2564 ingrediens
2455 2494 2547 2546 hae
2579 2495 2628 2546 in
2674 2493 2796 2546 sede
2845 2492 3072 2545 membra
3103 2507 3318 2559 compo~

1796 2585 1896 2649 sui,
1926 2599 2027 2638 non
2057 2585 2196 2637 movi
2240 2597 2323 2635 me
2364 2580 2505 2647 hinc,
2534 2580 2623 2633 sed
2664 2579 2887 2647 quinque
2929 2579 3111 2633 diebus
3164 2580 3243 2632 his
3272 2589 3324 2633 ct

1798 2675 2038 2729 noctibus
2087 2673 2171 2726 hic
2218 2672 2418 2740 quietus
2470 2669 2745 2737 permansi.
2790 2668 2887 2722 Cui
2939 2682 3071 2735 ego:
3106 2668 3169 2720 Et
3197 2682 3325 2736 quo-

1798 2764 1969 2825 modo,
2002 2763 2231 2828 inquam,
2264 2761 2469 2813 domine
2515 2760 2582 2810 mi
2613 2759 2873 2825 episcope,
2909 2759 2985 2811 sic
3016 2760 3186 2811 vivere
3233 2774 3326 2825 po-

1800 2852 1974 2905 tuisti?
2002 2851 2130 2904 Num
2158 2852 2352 2917 absque
2397 2849 2496 2903 cibi
2545 2849 2872 2914 perceptione
2919 2856 3058 2900 tanto
3089 2857 3323 2916 tempore

1800 2938 2069 2991 mansisti?
2095 2937 2225 2991 Tum
2257 2937 2343 2991 ille
2382 2945 2575 2990 retecto
2622 2936 2936 2989 lectisternio
2962 2937 3043 2988 cui
3083 2950 3325 3003 superse-

1799 3027 1973 3089 debat,
2006 3025 2227 3079 ostendit
2253 3025 2320 3078 ibi
2344 3039 2497 3091 cepas
2536 3024 2758 3093 quinque
2790 3024 3099 3089 reconditas,
3132 3032 3184 3077 et
3210 3024 3281 3075 ait
3310 3040 3322 3077 :

1801 3112 1894 3166 llic
1927 3112 2049 3165 mihi
2077 3113 2237 3165 victus
2260 3122 2377 3175 erat
2406 3112 2484 3163 his
2512 3112 2712 3164 diebus.
2743 3112 3159 3178 Quotiescunque
3185 3112 3324 3169 enim

1800 3217 1859 3256 os
1887 3202 2121 3256 ariditate
2158 3215 2217 3256 ac
2255 3201 2339 3255 siti
2383 3202 2534 3253 nimia
2587 3201 2606 3230 ⁸
2643 3200 2873 3265 ardebat,
2920 3199 3029 3253 Ιιωε
3070 3202 3323 3270 gustandu

1804 3307 1885 3345 me
1913 3289 2217 3359 refrigerare
2244 3303 2303 3344 ac
2338 3303 2573 3343 recreare
2601 3290 2795 3342 curavi.
2830 3288 3109 3342 Videbatur
3148 3301 3319 3347 autem

1806 3395 1903 3431 una
1938 3380 2001 3432 de
2029 3380 2170 3445 cepis
2216 3378 2387 3431 minus
2437 3392 2588 3443 quam
2637 3376 2848 3431 dimidia
2903 3385 3047 3444 parte
3092 3392 3322 3431 corrosa.

1806 3470 1824 3499 ‘
1855 3470 2066 3536 Insuper
2094 3476 2146 3521 et
2170 3477 2549 3521 concertatores
2593 3467 2689 3519 mei
2743 3480 3003 3533 nunquam
3050 3480 3141 3533 per
3169 3481 3323 3521 omne

1806 3566 2007 3622 tempus
2036 3570 2097 3609 ex
2146 3570 2249 3622 quo
2278 3557 2324 3606 in
2358 3556 2451 3607 bac
2503 3556 2664 3606 insula
2712 3553 3007 3607 conversari
3052 3555 3207 3621 coepi,
3254 3564 3329 3611 tot

1806 3644 1928 3696 mihi
1959 3644 2365 3707 persecutiones,
2394 3651 2517 3708 quot
2545 3643 2593 3693 in
2624 3641 2702 3693 his
2730 3641 2953 3707 quinque
2976 3640 3157 3693 diebus
3189 3642 3325 3694 intuc

1808 3733 1936 3785 lere.
1970 3732 2079 3783 Non
2111 3729 2363 3783 audebam
2414 3730 2731 3797 interrogare
2779 3743 2893 3797 quae
2944 3739 3119 3782 essent
3170 3738 3328 3781 lcnla-

1808 3824 1973 3874 tiones
1998 3821 2062 3873 de
2085 3820 2269 3887 quibus
2299 3820 2523 3881 dixerat,
2556 3829 2752 3871 tantum
2783 3820 2953 3887 rogavi
2984 3828 3039 3869 ut
3066 3818 3333 3874 ministros

1807 3910 2111 3975 susciperet.
2150 3909 2339 3961 Adnuit
2367 3908 2469 3972 ille,
2520 3917 2570 3960 et
2600 3908 2845 3975 quosdam
2878 3914 3106 3958 nostrum
3150 3920 3323 3959 secum

1809 4001 2032 4061 retinuit,
2063 4000 2115 4052 in
2141 3998 2323 4066 quibus
2362 4006 2477 4050 erat
2504 3997 2669 4065 major
2696 3993 2722 4033 ι’
2752 3996 2882 4048 Beda
2908 3996 3207 4064 presbyter,
3236 3997 3321 4061 qui

1811 4088 2097 4141 ministerio
2142 4085 2256 4153 ejus
2302 4084 2619 4143 familiariter
2649 4099 2854 4152 semper
2881 4084 3065 4137 adesse
3103 4096 3327 4136 consue-

1810 4184 1970 4228 verat.
2026 4175 2243 4240 ldeoque
2289 4154 2623 4225 donat’ionum
2673 4173 3182 4238 acceptationumque
3218 4172 3328 4237 ejus

1810 4264 2035 4315 omnium
2068 4262 2299 4314 conscius
2320 4268 2431 4313 erat
2459 4259 2717 4322 indubius,
2746 4273 2896 4325 quem
2924 4261 2990 4311 ob
3017 4260 3065 4312 id
3096 4260 3319 4312 maxime

1809 4365 1981 4403 secum
2008 4364 2215 4402 manere
2237 4349 2417 4412 voluit,
2440 4356 2495 4400 ut
2522 4348 2564 4401 si
2592 4347 2867 4416 cujuslibet
2894 4347 3118 4415 acceptis
3145 4362 3325 4401 mune«

1811 4439 1951 4491 ribus
1980 4438 2129 4506 digna
2154 4439 2637 4504 recompensatione
2667 4450 2768 4489 non
2791 4436 3162 4502 respondisset,
3188 4437 3324 4489 illius

1809 4527 2161 4581 admonitione
2187 4527 2459 4589 recoleret,
2500 4535 2552 4579 et
2580 4526 2875 4591 priusquam
2904 4525 3069 4577 obiret
3098 4537 3186 4577 Sua
3216 4526 3323 4578 cuio

189 4626 345 4680 quam
411 4612 533 4667 nihil
590 4624 769 4667 contra
842 4614 961 4668 fidei
1038 4613 1388 4667 fortitudinem
1443 4615 1711 4676 valerent,
1742 4604 1787 4661 Β
1814 4629 1911 4682 que
1938 4614 2249 4666 restitueret.
2277 4611 2377 4666 Sed
2417 4620 2469 4666 et
2494 4612 2647 4665 alium
2689 4612 2961 4679 quemdam
2985 4612 3051 4665 de
3081 4613 3325 4665 fratribus

191 4700 507 4763 ostenderet,
538 4702 699 4754 voluit
746 4718 861 4755 eum
916 4711 1059 4755 tanto
1109 4712 1341 4769 tempore
1388 4714 1713 4773 segregatum

191 4788 261 4839 ab
288 4786 600 4851 hominibus,
625 4797 677 4841 et
702 4804 809 4841 suae
837 4792 1008 4843 carnis
1037 4790 1216 4844 dolore
1242 4802 1291 4844 et
1317 4792 1510 4858 antiqui
1555 4794 1717 4845 hoStis

192 4874 380 4927 acriori
401 4879 682 4931 certamine
712 4879 934 4944 probari.
964 4881 1031 4934 Ut.
1053 4891 1220 4933 autem
1244 4881 1442 4934 reddita
1472 4882 1719 4943 tranquil-

195 4962 341 5016 litate
378 4964 589 5017 insulam
629 4966 979 5032 repetivimus,
1019 4967 1308 5037 invenimus
1337 4983 1452 5021 eum
1481 4984 1573 5021 suo
1601 4985 1713 5021 mo-

196 5052 422 5101 nasterio
446 5066 731 5119 egressum,
762 5054 944 5107 sedere
974 5055 1024 5106 in
1069 5055 1225 5108 domu
1266 5057 1317 5107 in
1346 5072 1443 5125 qua
1489 5071 1581 5109 nos
1612 5072 1717 5109 ma-

195 5152 323 5192 nere
346 5139 656 5195 solebamus.
683 5142 745 5196 Et
770 5144 888 5211 quia
917 5128 1198 5199 necessitas
1218 5146 1450 5211 quredam
1475 5148 1715 5213 poscebat

1816 4705 2126 4772 specialiter,
2174 4715 2231 4756 ut
2269 4704 2401 4757 inter
2430 4704 2691 4757 ministros
2719 4703 2813 4755 sibi
2845 4703 3048 4755 adesset
3090 4703 3329 4769 designa—

1821 4796 1909 4846 vit.
1957 4794 2053 4857 Qui
2083 4795 2233 4862 longo
2273 4795 2480 4860 quidem
2512 4793 2704 4847 ventris
2732 4792 2869 4847 ﬂuxu
2906 4791 3136 4859 graviter
3163 4805 3329 4861 agro-

1820 4883 1982 4942 tabat,
2032 4897 2195 4950 neque
2247 4897 2276 4935 a
2305 4882 2516 4935 medicis
2546 4891 2741 4948 poterat
2786 4883 2985 4934 curari:
3019 4881 3109 4935 sed
3145 4882 3330 4935 merito

1822 4970 2103 5037 religionis,
2131 4970 2416 5037 prudentia:
2446 4980 2498 5021 et
2523 4970 2787 5037 gravitatis
2817 4970 2999 5037 dignus
3027 4969 3330 5033 exstiterat,

1820 5056 1904 5123 qui
1935 5058 2079 5110 testis
2107 5068 2244 5111 esset
2273 5058 2541 5111 verborum
2582 5073 2695 5125 quae
2725 5058 2804 5111 vir
2845 5058 2932 5110 Dei
2972 5058 3147 5111 ultima
3188 5048 3329 5115 dicev

1824 5158 1921 5215 ret,
1950 5150 2031 5202 vel
2060 5164 2162 5217 quo
2188 5149 2371 5203 ordine
2401 5150 2643 5219 migraret
2667 5151 2730 5205 ad
2759 5151 3050 5204 Dominum.

1126 5251 1577 5307 VULGATORUM
1620 5252 1990 5307 VARIANTES
2028 5255 2411 5311 LECTIONES.

277 5346 291 5373 ι
334 5338 492 5391 Juxta
522 5340 833 5395 orientalem.

273 5406 292 5433 ²
339 5406 456 5475 (hcc
482 5424 569 5475 ego
591 5409 817 5461 audiens.

273 5474 294 5505 ³
333 5472 619 5540 Inﬁt-nium.

1888 5344 1908 5374 ⁸
1936 5347 2128 5400 Strato.

1888 5413 1906 5442 ⁵
1936 5416 2072 5464 Aruit
2103 5424 2149 5467 et
2176 5416 2396 5466 ardebat.

1891 5480 2122 5548 ’lnsuper
2151 5486 2215 5535 ait
2240 5499 2255 5533 :
2289 5484 2367 5534 Et.

1498 5565 1838 5620 VARIORUM
1878 5566 2097 5621 NOTAE.

200 5726 239 5780 S
277 5664 299 5690 °
332 5654 506 5708 Ulcus.
545 5656 613 5708 De
637 5656 835 5725 origine
864 5652 1017 5720 hujus
1046 5657 1232 5709 ulceris
1257 5656 1368 5710 vide
1389 5669 1537 5727 supra
1565 5670 1611 5708 c.
1639 5657 1721 5708 18.

247 5740 393 5776 iit-ru.

247 5740 393 5776 ὶΙΙΤΙΙ.

277 5796 302 5830 b
334 5792 487 5846 Beda.
512 5791 622 5845 Non
646 5792 1038 5844 cdnfundendus
1076 5793 1172 5845 iste
1201 5809 1315 5846 cum
1348 5792 1481 5845 Beda
1501 5791 1721 5848 Venera—

571 5886 831 5945 l’arnos.
857 5884 1065 5944 XCIV.

1832 5658 1915 5780 hitti
1943 5660 2205 5783 quisetiam
2257 5658 2561 5727 discipulum
2602 5658 2952 5729 cognominem
2978 5659 3219 5716 habuisse
3244 5657 3329 5719 di.

1832 5742 1870 5780 Cl
1900 5744 1975 5782 ur.
2058 5744 2195 5781 MITH-

1829 5742 1975 5782 ςιιιιτ.
2016 5742 2195 5782 δωιτιι.

2844 5879 2916 5940 25
