3862 6324
528 329 626 379 ’1⁸79
1282 336 1470 386 “inihi.
1518 336 1945 387 \l,_‘il'.li.\llli.l5
1984 334 2130 387 Ul'i’.
2172 332 2339 386 PARS
2381 334 2463 386 IV.
2506 362 2565 370 -—
2606 331 2969 385 IIISTOIUCA.
3577 337 3675 388 786

608 460 624 489 ι
657 439 851 492 Interea
884 440 1083 493 rediens
1110 442 1315 495 domum
1349 448 1618 497 narrabam
1661 447 1900 499 fratribus
1930 447 2045 510 quia

2159 458 2277 495 cum
2335 444 2398 495 ad
2447 444 2757 504 oratorium,
2804 443 3051 495 continuo
3094 442 3236 495 sensi
3287 456 3373 494 mo
3414 446 3550 495 omni
3596 449 3673 497 iila

533 527 839 580 venerabilis
876 526 1029 580 Pater
1075 530 1123 581 in
1167 545 1258 582 sua
1296 546 1352 584 se
1394 534 1557 585 insula
1587 535 1792 600 sepeliri
1819 534 2047 600 jiiberet.

535 618 595 667 lit
643 615 860 676 videtur,
915 617 1141 681 inquam,
1197 619 1321 670 milii
1364 620 1553 686 justius
1599 636 1714 675 esse
1768 625 1948 685 multo,
1999 631 2053 675 et

531 703 730 768 dignius
769 701 1045 768 impetrare
1096 706 1160 756 ab
1208 721 1291 767 eo,
1340 718 1595 773 quatenus
1646 710 1744 762 huc
1787 712 2051 763 transferri

530 806 715 856 corpus
743 807 909 853 suum,
944 803 996 845 et
1015 795 1163 859 juxta
1209 796 1455 848 honorem
1484 812 1770 865 congruum
1801 800 1851 850 in
1879 800 2051 852 eccle-

530 896 603 931 sia
649 883 798 933 condi
847 885 1125 947 permittat.
1162 884 1467 937 Placuerunt
1513 888 1612 939 illis
1644 902 1760 953 quae
1788 888 2048 952 dixeram,

532 982 581 1021 et
624 971 888 1023 venientes
933 972 996 1022 ad
1050 974 1345 1039 episcopum
1400 975 1727 1040 rogabamus,
1776 975 2045 1028 dicentes:

532 1058 640 1110 Non
673 1059 782 1109 ausi
814 1073 1007 1121 sumus,
1041 1059 1246 1112 domine
1274 1062 1536 1127 episcope,
1577 1073 1919 1115 contemnere
1940 1064 2051 1130 jus-

530 1146 727 1198 sionem
754 1156 911 1209 tuam,
937 1162 1033 1213 qua
1058 1158 1105 1200 te
1127 1148 1209 1200 hic
1233 1150 1471 1201 tuiiiiilari
1496 1152 1774 1216 mandasti,
1804 1162 1855 1204 et
1880 1164 2047 1205 tamen

531 1236 812 1301 rogandum
852 1237 1117 1287 videbatur
1166 1239 1333 1298 nobis,
1379 1250 1430 1289 ut
1473 1250 1519 1289 te
1548 1222 1611 1289 ad
1643 1255 1734 1291 nos
1766 1241 2050 1293 transferre

528 1331 579 1371 et
624 1324 888 1372 nobiscum
940 1322 1231 1373 mereamur
1280 1325 1490 1377 habere.
1538 1328 1600 1375 At
1649 1326 1771 1377 ille:
1807 1326 2045 1386 Etmeae,

533 1410 714 1475 inquit,
764 1412 1039 1461 voluntatis
1067 1420 1176 1461 crat
1209 1411 1290 1463 hic
1320 1414 1643 1478 requiescere
1683 1426 1922 1478 corpore,
1965 1413 2047 1465 tibi

532 1502 1039 1567 quaniiilnniriiiique
1062 1516 1152 1566 pro
1187 1502 1405 1555 Domino
1430 1515 1690 1555 certamen
1720 1503 1932 1562 certavi,
1963 1504 2047 1556 ubi

532 1606 735 1641 cursuui
782 1606 1139 1643 consummare
1186 1592 1444 1657 desidero,
1499 1593 1637 1645 unde
1693 1594 1755 1645 ad
1804 1608 2048 1645 coronam

528 1679 735 1741 illrlliitl'
772 1678 1139 1729 sublevandam
1173 1695 1252 1729 me
1282 1694 1309 1729 a
1342 1684 1424 1743 pio
1449 1679 1623 1745 judice
1656 1694 1831 1744 spero.
1866 1679 1965 1731 Sed
1998 1689 2049 1731 et

2155 529 2320 595 longa:
2360 530 2674 583 infirmitatis
2712 530 2945 582 molestia
2991 543 3193 582 carere.
3242 529 3357 582 Non
3387 541 3555 584 autem
3586 534 3676 585 de-

2159 614 2424 669 bitanduin
2467 632 2703 683 superna:
2749 616 2953 683 pietatis
3001 616 3099 669 hoc
3140 617 3531 683 dispensatione
3560 634 3677 685 pro—

2149 714 2405 771 curatum,
2432 716 2483 758 ut
2509 707 2595 775 qui
2620 707 2807 758 inultos
2829 716 2975 758 antea
3000 719 3183 772 sospes
3204 707 3379 758 adhuc
3402 707 3674 775 valensque

2151 802 2438 859 ciiraverat,
2494 793 2630 846 hunc
2680 808 2883 860 quoque
2928 796 3209 846 moriturus
3237 806 3676 863 curaret:quattiL

2154 899 2251 935 nus
2294 884 2391 936 hoc
2429 898 2636 951 quoque
2692 884 2882 935 indicio
2923 884 3320 950 pateret,etiam
3350 898 3569 952 corpore
3598 890 3673 940 in-

2153 973 2385 1023 firmatus
2414 973 2492 1021 vir
2516 980 2725 1023 sanctus
2752 980 3003 1035 quantum
3030 971 3211 1035 Spiritu
3245 972 3463 1025 valeret.
3496 973 3546 1025 In
3576 990 3671 1042 qua

2149 1058 2382 1126 profecto
2410 1059 2674 1111 curatione
2703 1060 3015 1125 sequebatur
3040 1060 3335 1127 exemplum
3361 1064 3670 1117 sanctissimi

2148 1156 2200 1199 et
2228 1146 2635 1199 revereiiiissimi
2678 1147 2844 1198 Patris
2886 1148 3081 1199 Aurelii
3108 1151 3381 1215 Augustini
3410 1151 3635 1218 episcopi
3660 1171 3671 1203 :

2149 1236 2233 1301 qui
2258 1234 2377 1285 dum
2420 1248 2625 1298 pressus
2652 1234 2954 1287 inlirmitate
2980 1252 3079 1303 qua
3108 1248 3159 1289 et
3188 1247 3425 1289 mortuus
3454 1239 3473 1267 ⁸
3498 1250 3599 1302 est,
3627 1242 3673 1293 in

2151 1324 2280 1376 lecto
2326 1324 2679 1387 deciiinberet,
2735 1325 2875 1375 venit
2927 1325 3135 1391 quidam
3181 1340 3297 1377 cum
3336 1340 3435 1379 suo
3471 1340 3671 1395 agnito,

2150 1426 2334 1477 rogans
2367 1422 2419 1463 ut
2447 1414 2614 1464 eidem
2644 1426 2851 1465 manum
2884 1414 3193 1479 imponeret,
3238 1428 3345 1480 quo
3383 1428 3543 1468 sanus
3565 1431 3672 1471 esse

2151 1512 2339 1564 posset.
2393 1505 2461 1554 At
2506 1502 2627 1555 ille:
2662 1502 2738 1561 Si,
2786 1502 2980 1569 inquit,
3025 1503 3219 1568 aliquid
3253 1505 3306 1554 in
3338 1503 3418 1556 his
3457 1520 3669 1569 possem,

2150 1591 2274 1641 mihi
2326 1591 2424 1643 hoc
2464 1591 2643 1655 utique
2693 1590 2936 1657 primitus
2974 1590 3356 1653 praestitissem.
3406 1590 3598 1645 Rursus
3634 1596 3672 1645 is

2148 1678 2236 1743 qui
2279 1686 2489 1729 venerat
2515 1678 2650 1739 ἣτε,
2696 1676 2861 1743 inquit
2900 1677 2921 1706 ⁸
2961 1676 3170 1730 visitare
3215 1689 3510 1745 przcceptus
3542 1696 3669 1743 sum,

533 1766 677 1815 \‘tiiIlS
721 1780 921 1832 quoque
966 1766 1286 1817 commodius
1329 1782 1444 1818 esse
1493 1767 1717 1819 arbitror
1762 1776 1815 1818 ut
1847 1766 1928 1817 hic
1967 1780 2047 1817 re-
2080 1760 2121 1815 Β
2151 1767 2399 1834 siquidem
2432 1768 2481 1819 in
2511 1767 2707 1819 somnis
2736 1767 2927 1819 dictum
2957 1768 3137 1834 accepi
3167 1784 3182 1821 :
3211 1767 3353 1822 Vade
3389 1770 3456 1822 ad
3501 1774 3667 1839 Augu-

524 1857 826 1922 quiesiani,
887 1865 1094 1921 propter
1150 1856 1495 1908 incursionem
1563 1855 1892 1921 profugerunt
1962 1853 2043 1905 vel

528 1948 794 1997 noxiorum
846 1945 1231 2011 quorumlibet:
1264 1946 1349 2010 qui
1396 1960 1513 1996 cum
1542 1945 1604 1995 ad
1637 1960 1825 2009 corpus
1869 1958 2042 1996 meum

532 2038 659 2085 torte
699 2024 1051 2095 confugerint,
1098 2034 1213 2099 quia
1245 2033 1261 2062 ¹
1292 2034 1664 2099 qualiscunque
1713 2047 1848 2094 sum,
1904 2032 2042 2084 fama

530 2133 699 2173 tanien
728 2122 849 2173 exiit
881 2121 943 2173 de
971 2136 1051 2173 uie
1075 2123 1189 2188 quia
1219 2121 1439 2173 famulus
1464 2121 1651 2174 Christi
1683 2122 1800 2184 siin,
1834 2135 2045 2173 necesse

532 2214 729 2263 habetis
760 2211 948 2278 saepius
991 2227 1081 2278 pro
1111 2212 1295 2262 talibus
1335 2211 1467 2277 apud
1498 2218 1731 2276 potentes
1762 2210 1938 2261 smculi
1970 2210 2047 2261 in-

534 2302 819 2362 tcicedeie,
863 2310 1018 2368 atque
1060 2301 1178 2353 ideo
1226 2300 1290 2353 de
1346 2301 1616 2368 praesentia
1664 2298 1894 2366 corporis
1944 2298 2043 2351 tnei

534 2388 747 2437 multum
806 2386 1027 2439 tolerare
1083 2388 1332 2439 laborem.
1385 2389 1450 2438 At
1497 2387 1645 2439 nobis
1693 2386 1909 2437 inultum
1956 2385 2043 2437 diu

535 2476 885 2539 precantibus,
911 2474 1247 2541 labouenique
1274 2474 1562 2541 hujnsmodi
1587 2484 1784 2541 gratum
1818 2473 1965 2525 nobis
1986 2487 2045 2525 ac

528 2564 691 2613 levem
746 2564 852 2614 [ore
899 2562 1350 2626 aSseverantibus,
1411 2562 1615 2615 tandem
1670 2576 1785 2614 cum
1829 2562 2044 2613 consilio

528 2650 726 2702 locutus
756 2649 831 2701 vir
862 2649 1060 2701 Domini
1089 2666 1102 2700 :
1132 2649 1184 2702 Si
1219 2666 1406 2715 meam,
1438 2652 1619 2717 inquit,
1654 2652 2043 2717 ilispesitioneiii

529 2750 795 2800 superare,
842 2744 893 2787 et
922 2750 1091 2788 meum
1130 2752 1317 2804 cerpiis
1344 2738 1433 2789 illo
1462 2739 1714 2791 reducere
1757 2739 1931 2798 vultis,
1974 2739 2046 2788 vi-

526 2826 677 2877 detur
720 2825 845 2877 mihi
887 2828 1133 2892 optimum
1162 2836 1217 2877 ut
1248 2829 1296 2878 iu
1330 2828 1661 2881 interioribus
1692 2828 1919 2880 basilica:
1950 2842 2044 2880 ve-

529 2924 647 2966 stra:
696 2915 819 2966 illud
870 2917 1151 2976 tumuletis,
1194 2925 1444 2981 quatenus
1491 2926 1543 2970 et
1589 2918 1683 2984 ipsi
1725 2932 1841 2969 cum
1891 2918 2044 2969 vultis

526 3020 693 3057 meum
745 3008 1036 3072 sepulcrum
1087 3008 1295 3059 visitare
1343 3008 1567 3072 possitis,
1613 3016 1665 3059 et
1706 3009 1754 3059 in
1794 3016 2043 3075 potestate

528 3103 694 3146 vestra
723 3094 873 3145 sitan
902 3094 1060 3160 aliqui
1102 3095 1187 3145 illo
1231 3095 1294 3146 de
1339 3095 1737 3147 advenientibus
1778 3097 2042 3147 accedant.
2077 3066 2119 3125 Ο

526 3177 726 3233 Gratias
756 3183 949 3247 egimus
982 3182 1305 3245 permissioni
1348 3192 1398 3233 et
1443 3182 1660 3233 consilio
1704 3182 1860 3244 illius,
1902 3182 2049 3235 flexis

533 3274 584 3321 in
640 3280 776 3322 teria
829 3271 1062 3336 genibus,
1094 3286 1152 3323 ac
1180 3271 1387 3323 domum
1420 3272 1693 3325 redeuntes
1730 3270 2049 3338 frequentius

531 3360 672 3411 illum
700 3360 884 3412 exinde
914 3364 1122 3413 visitare
1152 3376 1250 3413 neu
1282 3362 1587 3414 destitiniiis.
1617 3379 1633 3410 i

597 3469 739 3522 CAP.
784 3470 1057 3522 XXXVIII.
1102 3440 1353 3531 ῥιιοηιοίιο
1385 3471 1669 3519 ministrant
1695 3486 1835 3520 suum
1867 3487 1896 3520 a
1925 3486 2043 3533 pro-

819 3540 965 3603 fluvio
994 3543 1171 3589 ventris
1201 3540 1441 3589 saiiiieciit
1474 3540 1491 3565 '
1522 3549 1753 3605 a'grotus.

608 3667 624 3696 ε
649 3650 874 3713 Cumque
900 3648 1214 3699 increscente
1241 3646 1483 3712 languore
1505 3644 1701 3697 videret
1722 3654 1918 3709 tempus
1940 3658 2048 3695 sum

534 3738 866 3787 resolutionis
916 3740 1126 3796 inStare,
1178 3735 1417 3800 praecepit
1447 3749 1501 3786 se
1532 3734 1580 3784 in
1610 3748 1751 3785 suam
1784 3733 2044 3784 mansiun-

531 3824 699 3874 culani
746 3834 897 3888 atque
938 3823 1214 3874 oratorium
1268 3823 1464 3873 referri.
1521 3821 1643 3871 Erat
1702 3830 1872 3872 autem
1920 3820 2043 3871 hora

532 3915 632 3963 diei
688 3913 850 3964 tertia.
900 3911 1221 3965 Poitavimus
1270 3924 1391 3975 ergo
1420 3910 1601 3968 -illum,
1649 3909 1767 3975 quia
1798 3923 1900 3973 pra:
1933 3923 2045 3959 inoo

529 4002 676 4053 lestia
709 4001 963 4068 languoris
995 4002 1103 4066 ipse
1132 4014 1229 4050 non
1263 3998 1467 4051 valebat
1498 3998 1712 4065 ingredi.
1776 4000 1840 4048 At
1870 3997 1952 4049 ubi
1980 3996 2043 4048 ad

530 4097 727 4151 portam
773 4090 1115 4151 pervenimus,
1164 4088 1467 4151 i'ogzibainus
1511 4096 1563 4135 ut
1610 4084 1759 4137 alicui
1808 4092 2043 4137 nostrum

532 4177 708 4227 liceret
734 4177 793 4226 ad
825 4174 1215 4225 ministranduni
1238 4175 1284 4224 ei
1309 4175 1496 4237 pariter
1527 4174 1737 4225 intrare.
1769 4173 1879 4225 Non
1905 4174 2043 4224 enim

534 4282 624 4333 per
653 4281 815 4317 annos
857 4264 1019 4331 pluriu
1042 4280 1099 4317 os
1131 4263 1381 4331 quispiam
1412 4264 1527 4314 illuc
1555 4276 1738 4329 printer
1765 4262 1928 4325 ipsum
1961 4262 2043 4312 in-

2146 1858 2335 1911 stiiium
2381 1860 2677 1923 episcopum
2736 1866 2790 1909 ut
2829 1858 2914 1909 ille
2966 1858 3055 1910 tibi
3104 1873 3311 1910 manum
3346 1860 3592 1928 imponat,
3623 1874 3671 1915 et

2146 1948 2317 1999 salvus
2363 1948 2486 1998 eris.
2516 1946 2629 2009 Quo
2659 1947 2745 1998 ille
2773 1945 2972 2007 audito,
3008 1959 3127 1998 mox
3164 1950 3435 2012 ωδε-σιτίου
3467 1964 3663 2002 manuni

2148 2036 2457 2087 beiiediceiis
2496 2034 2734 2102 imposuit
2764 2049 2778 2086 :
2805 2047 2897 2087 nec
2925 2048 3091 2097 mora,
3117 2044 3355 2087 sanatum
3381 2035 3443 2088 ad
3474 2039 3666 2103 propria

2146 2122 2359 2174 remisit.
2398 2139 2415 2170 ι

2145 2247 2293 2301 CAP.
2335 2248 2567 2303 XXXIX.
2620 2251 2745 2315 Qua’
2780 2250 2952 2302 ultima
2998 2252 3240 2317 fratribus
3268 2258 3505 2309 mandata
3528 2260 3667 2309 dedc-

2212 2320 2293 2378 ri't,
2321 2329 2363 2369 et
2388 2330 2694 2394 ittupercepto
2720 2320 2892 2371 viatico
2921 2323 3049 2371 inter
3076 2321 3223 2372 verba
3252 2326 3493 2378 orationis
3519 2328 3659 2394 spiri-

2212 2398 2313 2437 tum
2332 2388 2618 2439 reddiderit:

2218 2510 2234 2543 i
2266 2493 2447 2545 lntravi
2474 2503 2670 2559 autem,
2700 2492 2885 2561 inquit,
2930 2494 2997 2547 ad
3040 2509 3159 2549 eum
3197 2496 3335 2549 circa
3364 2497 3543 2550 horam
3570 2497 3664 2553 dici

2144 2580 2349 2634 circiter
2375 2596 2586 2643 nonam,
2630 2582 2905 2648 iuvenique
2934 2597 3051 2634 eum
3082 2585 3469 2637 recumbenteui
3502 2586 3553 2637 iu
3578 2601 3665 2640 att-

2144 2671 2261 2733 guto
2289 2671 2367 2721 sui
2415 2669 2622 2721 oratorii
2669 2678 2849 2721 contra
2899 2671 3101 2732 altare;
3130 2670 3372 2725 adsidere
3411 2675 3577 2739 capi,
3618 2684 3664 2726 et

2146 2758 2253 2821 ipse
2299 2769 2392 2807 nec
2434 2757 2590 2807 multa
2632 2755 2959 2822 loquebatur,
3004 2758 3124 2822 quia
3186 2759 3385 2823 pondus
3409 2758 3663 2826 agriami.

2145 2845 2223 2895 nis
2245 2844 2538 2897 facilitatem
2566 2843 2805 2911 loquendi
2838 2844 3207 2898 iiiiiioraverat.
3236 2846 3423 2899 Verum
3450 2863 3532 2901 tne
3550 2848 3660 2900 dili-

2144 2934 2345 2995 gentius
2393 2933 2700 2998 inquirente,
2732 2948 2884 2999 quem
2926 2935 3315 2987 haereditariuni
3353 2950 3657 3001 sermonem,

2151 3024 2283 3086 quod
2315 3022 2548 3073 ultimum
2579 3023 2688 3072 vale
2718 3021 2959 3075 fratribus
2993 3022 3345 3090 relinqueret,
3379 3029 3537 3092 cmpit
3562 3028 3664 3081 dis-

2149 3121 2320 3160 serere
2366 3122 2544 3171 pauca,
2578 3108 2666 3159 sed
2711 3107 2857 3160 fortia
2883 3110 2946 3162 de
2974 3124 3097 3175 pace
3132 3122 3185 3164 et
3232 3113 3536 3179 humilitate,
3581 3128 3665 3169 ca-

2158 3195 2438 3261 vendisqiie
2482 3211 2556 3247 eis
2585 3198 2669 3262 qui
2703 3198 2777 3248 liis
2806 3198 3056 3250 obluctari
3084 3214 3240 3266 quam
3271 3202 3518 3254 oblectari
3547 3203 3662 3255 mal-

2150 3285 2278 3337 lent.
2312 3284 2511 3345 Pace-ui,
2550 3286 2731 3352 inquit,
2764 3287 2894 3338 inter
2934 3302 3024 3339 vos
3064 3302 3270 3354 semper
3296 3299 3346 3342 et
3366 3290 3660 3345 cltaritateui

2146 3373 2401 3425 custodite
2446 3374 2707 3436 divinam,
2756 3383 2809 3427 et
2854 3389 2969 3427 cum
2995 3377 3059 3429 de
3107 3391 3280 3430 vesuo
3320 3387 3456 3432 statu
3493 3382 3659 3433 censi-

2149 3463 2271 3514 lium
2312 3478 2399 3515 vos
2428 3478 2579 3530 agere
2608 3466 2890 3517 necessitas
2932 3470 3247 3532 peposcerit,
3299 3471 3465 3522 videte
3504 3482 3661 3525 atten-

2150 3552 2249 3603 tius
2282 3562 2335 3601 ut
2362 3552 2632 3604 unanimes
2678 3554 2914 3606 existatis
2960 3555 3011 3606 in
3058 3556 3311 3610 coiisiliis.
3346 3559 3446 3611 Sed
3474 3571 3658 3613 etcum

2147 3640 2259 3690 aliis
2287 3640 2306 3668 ⁶
2336 3640 2525 3691 Chi-isti
2554 3638 2760 3692 famulis
2787 3651 3013 3693 mutuam
3044 3644 3286 3698 habetote
3312 3649 3658 3709 COIIt‘OdeIm,

2146 3741 2243 3780 nec
2271 3729 2532 3781 venientes
2559 3730 2623 3780 ad
2653 3744 2745 3783 vos
2777 3729 3143 3798 hospitalitatis
3161 3734 3327 3801 gratia
3356 3737 3660 3790 domesticos

2146 3818 2262 3869 lidei
2308 3817 2541 3883 habeatis
2586 3824 2932 3887 contemptui,
2979 3822 3071 3876 sed
3120 3825 3443 3877 l‘amiliariter
3488 3840 3548 3878 ac
3576 3828 3660 3878 Ικο

2145 3906 2296 3970 nigiie
2344 3907 2471 3958 tales
2510 3908 2807 3973 suscipere,
2848 3918 3024 3962 tenere
3072 3925 3131 3963 ac
3167 3912 3430 3965 dimittere
3469 3925 3657 3972 curate.

2144 4008 2465 4060 nequaquam
2493 4009 2582 4046 vos
2604 3997 2844 4048 meliores
2872 3998 3178 4050 arbitrantes
3200 4002 3405 4053 caeteris
3434 4001 3657 4068 ejusdem

2142 4081 2261 4133 fidei
2290 4092 2342 4133 et
2374 4084 2494 4134 vita:
2534 4084 2881 4137 consortibus.
2931 4082 3058 4137 Cum
3109 4087 3211 4140 illis
3261 4099 3434 4141 autem
3480 4090 3562 4156 qui
3598 4090 3656 4142 ab

2147 4173 2337 4224 unitate
2380 4171 2644 4224 catholicas
2698 4174 2854 4239 pacis,
2888 4175 2965 4225 vel
3001 4175 3193 4227 Pascha
3246 4189 3351 4227 non
3398 4191 3494 4227 suo
3535 4188 3657 4229 tunc

2149 4274 2273 4325 pore
2320 4258 2649 4322 celebrando,
2698 4261 2775 4311 vel
2826 4275 3065 4325 perverse
3113 4262 3331 4315 vivendo
3381 4263 3652 4325 aberrant,

536 4363 775 4406 traxerat.
810 4353 904 4416 Qui
950 4354 1336 4417 circuniSpectis
1363 4351 1617 4411 omnibus,
1649 4348 1774 4401 vidit
1802 4348 2026 4400 fratrem.
2068 4371 2116 4426 ι)
2144 4347 2284 4398 vobis
2307 4349 2370 4399 sit
2396 4349 2529 4398 nulla
2553 4349 2865 4400 communio.
2888 4348 3171 4414 Sciatisque
3195 4358 3249 4401 et
3277 4350 3524 4400 memoria
3544 4350 3657 4401 rcti-

530 4444 676 4507 cujus
708 4451 730 4474 ⁸³
759 4455 907 4503 supra
937 4440 1164 4498 nicinini,
1198 4439 1387 4490 ventris
1428 4438 1567 4489 fluxu
1612 4439 1959 4504 languentem,
1988 4444 2041 4487 et

527 4532 631 4582 ait:
667 4529 941 4581 Wallistod
984 4528 1295 4593 ingrediatur
1330 4541 1564 4587 mecum,
1615 4526 1710 4577 hoc
1752 4526 1889 4577 enini
1932 4536 2042 4577 erat

532 4638 713 4673 nornen
742 4620 760 4648 ³
792 4620 1080 4691 [ιθιτίηριιί
1112 4634 1225 4669 cum
1258 4617 1318 4668 ad
1351 4630 1534 4667 nonam
1567 4630 1726 4681 usque
1756 4616 1933 4667 horam
1964 4616 2043 4667 iii—

537 4718 615 4759 tiis
654 4723 767 4758 cum
814 4707 899 4757 illo
943 4715 1195 4767 maneret,
1244 4706 1315 4756 sic
1357 4703 1624 4769 cgiediens
1671 4706 1870 4754 vocavit
1917 4718 2037 4754 me:

538 4796 836 4862 Episcopus,
868 4794 1121 4861 inquiens,
1147 4804 1196 4846 te
1221 4792 1375 4860 jussit
1409 4796 1597 4845 intrare
1626 4791 1687 4843 ad
1720 4806 1792 4843 se.
1823 4792 2037 4844 Possum

536 4895 701 4935 autem
746 4885 831 4935 tibi
882 4898 988 4937 rein
1036 4884 1227 4935 referre
1261 4898 1439 4933 novatn
1470 4882 1875 4949 perinirahilem,
1923 4884 2039 4947 quia

536 4988 593 5023 ix
628 4986 726 5035 quo
755 4972 1040 5035 ingrediens
1082 4972 1201 5023 illuc
1228 4971 1366 5036 tetigi
1397 4970 1695 5037 episcoiium
1727 4970 2040 5023 deducturus

2143 4437 2327 4496 iieatis,
2359 4437 2475 4501 quia
2506 4436 2559 4486 si'
2579 4451 2667 4485 vos
2700 4450 2856 4487 unum
2887 4450 2917 4487 e
2953 4436 3150 4488 duobus
3198 4437 3427 4490 adversis
3474 4440 3656 4504 eligere

2143 4527 2425 4575 necessitas
2472 4525 2729 4591 coegerit,
2782 4526 2941 4577 inulto
2974 4525 3086 4590 plus
3114 4526 3290 4594 diligo,
3336 4536 3390 4577 ut
3425 4537 3654 4579 eruentes

2142 4614 2204 4665 de
2235 4614 2428 4665 tumulo
2461 4614 2803 4680 tollentesque
2827 4612 3089 4666 vobiscum
3125 4628 3239 4666 mea
3265 4628 3382 4665 ossa
3411 4615 3656 4667 recedatis

2144 4705 2207 4755 ab
2242 4704 2318 4754 liis
2362 4702 2506 4765 locis,
2549 4712 2601 4755 et
2636 4705 2929 4769 ubii‘unque
2976 4704 3110 4757 Deus
3154 4704 3438 4770 providerit
3482 4704 3653 4755 incol:

2146 4795 2415 4856 maneatis,
2448 4808 2597 4857 quam
2632 4802 2685 4843 ut
2712 4794 2812 4844 ulla
2842 4794 3039 4845 ratione
3069 4791 3454 4843 consentientes
3482 4793 3655 4857 iniqui-

2148 4881 2235 4930 tati
2279 4881 2715 4930 scliisniaticorum
2762 4880 2884 4945 jugo
2931 4878 3058 4930 colla
3105 4876 3358 4928 subdatis.
3403 4876 3649 4928 Catholica

2150 4967 2353 5019 Patrum
2386 4978 2571 5020 statuta
2602 4966 2992 5035 diligelllis‘ImC
3041 4965 3244 5019 discere
3286 4972 3444 5032 atque
3482 4968 3651 5019 obser-

1438 5108 1608 5162 \'UI.G
1624 5112 1890 5165 ATOIIUM
1936 5113 2313 5167 VAIIIANTES
2353 5116 2729 5168 LECTIONES.

596 5224 609 5247 ¹
646 5222 1006 5283 Qualiictiuqtie
1028 5237 1138 5270 siut.
1299 5270 1305 5275 ,

596 5294 612 5355 ξ
646 5288 882 5351 .h‘gt'utus
911 5291 979 5339 t'ir
1008 5288 1197 5338 brutus.
1234 5286 1430 5339 Parem.

595 5352 613 5376 ³
641 5356 857 5406 Fratris.

2212 5225 2230 5253 ⁸
2262 5226 2361 5279 It'st.
2393 5227 2713 5277 decumberct.

2214 5292 2231 5361 ξ
2269 5292 2475 5361 I'isitm'e
2496 5294 2689 5361 jussus.

2216 5350 2234 5377 ⁵
2264 5360 2439 5410 Christi
2467 5350 2531 5409 si":
2550 5364 2630 5411 ris.

1831 5466 2173 5539 VAHIORUM
2217 5469 2431 5523 NOTAE.

596 5584 616 5605 ι’
645 5572 828 5635 Supra.
854 5574 978 5637 (gap.
1007 5569 1189 5633 priore.
1215 5568 1392 5619 SiiiTtt.

3798 4824 3807 4969 ί

3798 5032 3807 5145 ξ
