3862 6378
69 516 180 569 τδι

761 515 949 570 δατ.
992 516 1029 568 l.
1069 545 1130 553 ——
1173 510 1727 569 llAClOGliAl‘lllCA.
1782 537 1835 546 —
1877 507 2029 560 VITA
2067 507 2123 561 S.
2163 504 2561 559 CUTllBEl‘tTl.

3158 499 3260 550 τερ

65 645 217 683 vare
260 627 555 684 contendite
580 646 590 677 :
619 644 675 679 ea
723 641 926 694 quoque
972 642 1087 693 qua:
1133 643 1222 693 per
1252 642 1422 678 meum
1469 624 1625 676 mini-
1656 629 1700 682 Α
1733 628 1846 674 rent
1876 618 2151 686 psalmum.
2176 615 2323 680 Quod
2355 629 2577 679 superna
2606 613 2988 681 dispensatione
3018 627 3256 678 procura-

65 721 310 772 sterium
340 719 484 772 vobis
513 719 681 770 divina
718 718 881 783 pietas
931 717 1163 769 instituta
1209 717 1325 768 vitae
1375 715 1625 782 regularis

64 807 217 860 dare
261 811 466 874 dignata
494 816 593 872 est,
624 816 869 860 exercete
904 806 1130 858 solliciti.
1163 804 1287 858 Scio
1315 805 1448 857 enim
1480 806 1620 872 quia,

62 897 180 948 etsi
231 896 538 962 quibusdam
579 895 990 962 contemptibilis
1025 896 1165 955 vixi,
1201 904 1318 961 post
1349 909 1519 945 meum
1549 903 1625 945 ta-

65 1001 208 1038 men
235 988 250 1015 '
280 987 475 1037 obitum
525 984 752 1052 apertius
791 985 956 1051 qualis
1001 983 1208 1044 fuerim,
1242 994 1291 1036 et
1321 998 1472 1050 quam
1510 997 1623 1034 mea

66 1074 332 1126 doctrina
373 1090 471 1126 non
502 1075 568 1126 sit
597 1075 975 1126 contemnenda
1018 1073 1284 1124 videbitis.
1317 1073 1438 1124 llmc
1465 1082 1518 1124 et
1545 1071 1626 1124 his

65 1164 279 1217 similia
310 1167 384 1216 vir
411 1164 615 1216 Domini
665 1178 754 1228 per
802 1161 1073 1214 intervalla
1115 1162 1343 1225 locutus,
1376 1161 1492 1226 quia
1524 1160 1621 1222 vis,

60 1262 125 1302 ut
163 1252 422 1312 diximus,
452 1251 762 1303 infirmitatis
795 1249 1194 1316 possibilitatem
1239 1247 1483 1313 loquendi
1513 1247 1629 1300 adeo
1668 1286 1672 1288 ἡ

63 1353 279 1405 merat,
335 1341 564 1406 quietum
619 1339 1005 1404 exspectatione
1054 1338 1241 1389 futura:
1286 1335 1627 1389 beatitudinis

61 1429 225 1482 diem
252 1430 400 1484 duxit
419 1430 481 1479 ad
504 1441 799 1494 vesperam,
827 1427 908 1478 cui
933 1425 1086 1479 etiam
1123 1425 1424 1491 pervigzlein
1447 1426 1466 1453 ²
1491 1423 1629 1491 quie-

63 1527 161 1572 tus
195 1519 250 1570 ιιι
284 1518 524 1586 precibus
556 1515 877 1568 continuavit
906 1524 957 1566 et
988 1521 1215 1566 noctem.
1244 1521 1263 1550 ³
1287 1516 1352 1563 At
1383 1511 1465 1563 ubi
1497 1525 1622 1562 con-

62 1616 295 1658 suetum
340 1615 610 1658 nocturna:
657 1603 906 1656 orationis
939 1611 1142 1666 tempus
1170 1601 1375 1660 aderat,
1403 1599 1628 1667 acceptis

65 1708 98 1743 a
128 1708 229 1746 me
255 1702 282 1728 ι
311 1691 647 1746 sacramentis
687 1689 1026 1750 salutaribus,
1055 1690 1252 1740 exitum
1298 1702 1446 1739 suum
1475 1702 1628 1753 quem

61 1778 194 1846 jam
245 1782 446 1833 venisse
492 1780 759 1847 cognovit,
799 1777 1043 1832 dominici
1084 1779 1317 1843 corporis
1344 1785 1391 1828 et
1424 1775 1630 1840 sangui-

65 1873 159 1923 nis
195 1871 567 1925 communione
605 1869 857 1929 munivit;
899 1878 1056 1934 atque
1099 1865 1313 1919 elevatis
1339 1866 1402 1917 ad
1437 1865 1627 1918 caelum

1729 719 1834 762 tum
1868 722 2039 761 rerum
2071 706 2238 759 exitus
2281 703 2527 757 ostendit.
2583 703 2874 770 Siquidem,
2925 705 3125 767 sepulto
3152 702 3262 755 viro

1728 798 1840 860 Dei,
1871 805 2013 849 tanta
2043 795 2313 849 ecclesiam
2345 794 2481 845 illam
2508 793 2804 846 tentationis
2831 807 2953 844 aura
2981 794 3258 852 concussit,

1731 894 1787 938 ut
1817 886 1990 952 plures
2018 899 2048 938 e
2078 883 2318 936 fratribus
2346 883 2462 936 loco
2493 883 2654 949 magis
2678 882 2862 935 cedere
2893 897 3044 949 quam
3075 881 3264 935 talibus

1727 977 1920 1029 vellent
1951 977 2205 1028 interesse
2249 974 2507 1040 periculis.
2560 976 2625 1026 At
2654 982 2822 1026 tamen
2865 981 2978 1039 post
3019 983 3042 1011 ο
3073 987 3264 1028 annum

1726 1064 1961 1116 ordinato
1984 1063 2034 1114 in
2063 1063 2410 1128 episcopatum
2445 1061 2748 1122 Eadbercto,
2777 1074 3073 1128 magnarum
3100 1063 3261 1134 virtu-

1726 1160 1833 1205 tum
1854 1153 1964 1205 viro
1987 1162 2038 1204 et
2068 1152 2116 1203 in
2149 1151 2428 1219 Scripturis
2452 1149 2689 1204 nobiliter
2708 1153 2906 1205 erudito
2934 1154 3262 1220 maximeque

1727 1243 2172 1311 eleemosynarum
2202 1241 2447 1307 Operibus
2467 1240 2662 1302 dedito,
2697 1241 2880 1308 fugitis
2911 1244 3259 1308 perturbatio-

1728 1345 1849 1382 num
1881 1330 2138 1396 procellis,
2164 1337 2220 1381 ut
2250 1317 2530 1396 Scrip'turte
2553 1331 2571 1358 ⁸
2595 1331 2763 1382 verbis
2793 1330 2990 1398 loquar,
3038 1331 3262 1385 teditlca-

1729 1423 1799 1470 vit
1827 1418 2138 1480 Jerusalem,
2173 1420 2221 1471 id
2253 1429 2352 1482 est,
2384 1420 2636 1473 visionem
2690 1423 2850 1488 pacis,
2901 1422 3162 1485 Dominus,
3214 1434 3267 1477 et

1728 1511 2076 1575 dispersioues
2126 1511 2280 1564 lsrael
2346 1513 2697 1580 congregavit.
2749 1513 2960 1566 Sanavit
3016 1515 3267 1569 contritos

1727 1599 1905 1660 corde,
1939 1607 1990 1650 ct
2018 1599 2240 1666 alligavit
2261 1601 2595 1654 contritiones
2623 1612 2893 1666 eorum,ut
2927 1604 3089 1670 palam
3110 1604 3265 1658 dare-

1732 1697 1812 1740 tur
1844 1688 2055 1756 iutelligi
2087 1689 2206 1756 quid
2237 1687 2602 1757 significaverit
2652 1693 2879 1758 psalmus
2921 1708 3036 1746 cum
3066 1696 3264 1764 cegnita

1729 1778 1868 1831 beati
1899 1779 1993 1831 viri
2039 1787 2203 1831 morte
2233 1789 2493 1832 cantatus:
2527 1781 2665 1846 quia,
2723 1782 2976 1844 videlicet,
3009 1795 3120 1850 post
3156 1785 3267 1852 ejus

1729 1866 1924 1918 obitum
1956 1865 2241 1933 repellendi
2265 1881 2326 1919 ac
2358 1867 2656 1921 destruendi
2681 1872 3012 1923 essentcives
3028 1871 3266 1941 ejus,sed

64 1959 258 2011 oculis
283 1997 300 2020 ,
347 1961 675 2025 cxtensisque
722 1957 772 2010 in
831 1956 989 2007 altum
1046 1955 1284 2007 manibus
1307 1992 1322 2016 ,
1378 1955 1626 2006 intentam
1659 1951 1701 2007 Β
1731 1966 1846 2024 post
1867 1956 2215 2010 ostensiunem
2238 1955 2328 2008 ira:
2356 1958 2598 2010 minantis
2627 1961 2823 2012 caelesti
2849 1963 3079 2027 protinus
3109 1962 3266 2015 mise-

72 2049 344 2114 supernis
383 2050 618 2104 laudibus
658 2048 880 2102 animam
912 2048 973 2101 ad
1003 2046 1191 2117 gaudia
1221 2046 1366 2115 regni
1404 2047 1629 2101 cmlestis

66 2135 96 2174 ι’
125 2141 338 2192 emisit.
364 2159 382 2190 ι

61 2248 153 2302 CA
167 2249 231 2302 P.
268 2250 376 2302 XL.
414 2250 667 2314 Quomodo
687 2252 836 2316 juxta
857 2248 1163 2315 prophetiam
1192 2247 1370 2312 psalmi
1395 2261 1541 2312 quem
1572 2261 1629 2316 eo

142 2320 399 2369 moriente
423 2313 749 2379 cantaverunt,
768 2313 1195 2384 Liu‘disfarnenses
1214 2319 1310 2368 sint
1333 2313 1646 2379 impugrtatt',~

140 2391 243 2438 sed
279 2386 494 2438 Domino
516 2390 720 2455 juvaute
746 2387 922 2437 iterum
949 2385 1173 2452 preteeti.

146 2517 167 2548 ι
215 2499 284 2550 At
317 2513 411 2566 ego
439 2499 607 2551 statim
639 2510 895 2565 egressus,
921 2493 1149 2547 nuntiavi
1178 2494 1375 2549 obitum
1400 2493 1512 2560 ejus
1528 2491 1628 2545 fra-

60 2589 246 2641 tribus
269 2590 357 2655 qui
381 2597 432 2640 et
453 2586 549 2653 ipsi
573 2598 773 2638 noctem
799 2584 1053 2650 vigilando
1067 2596 1221 2650 atque
1241 2583 1437 2635 orando
1455 2593 1623 2634 trans-

58 2687 335 2743 egerant,
389 2687 441 2730 et
471 2675 590 2729 tunc
642 2677 772 2728 forte
815 2676 912 2725 sub
951 2674 1132 2725 ordine
1163 2682 1425 2725 nocturnas
1462 2671 1628 2723 laudis

59 2765 328 2817 dicebant
384 2767 635 2831 pSalmunt
683 2764 1162 2830 quinquagesimum
1216 2775 1440 2822 nonum,
1482 2761 1629 2826 cujus

61 2855 286 2906 initium
319 2865 430 2908 est:
461 2855 609 2918 Deus,
641 2853 864 2921 repulisti
892 2868 979 2905 nos
1000 2860 1043 2903 et
1068 2850 1354 2903 destruxisti
1383 2865 1495 2920 nos,
1519 2849 1626 2900 iia-

69 2954 156 2994 tus
194 2961 251 2996 es
284 2955 329 2994 et
361 2947 588 2996 misertus
636 2960 686 2996 es
732 2943 890 2994 nobis.
921 2941 1027 2994 Nec
1056 2955 1222 3002 mora,
1243 2955 1464 3016 currens
1494 2953 1626 2992 unus

59 3049 134 3086 ex
188 3034 313 3099 eis,
354 3032 586 3085 accendit
621 3032 749 3084 duas
789 3029 1061 3091 candelas;
1108 3037 1161 3081 et
1189 3039 1404 3095 utraque
1445 3037 1627 3081 tenens

65 3139 262 3186 manu,
318 3121 550 3184 ascendit
588 3120 978 3174 eminentiorem
1035 3110 1226 3182 locum,
1255 3117 1317 3170 ad
1347 3116 1628 3170 ostendeno

63 3214 200 3266 dum
250 3212 496 3265 fratribus
522 3213 609 3277 qui
643 3213 690 3260 in
726 3207 1134 3262 Lindisfarnensi
1174 3206 1486 3259 monasterio
1512 3221 1626 3260 ma-

1730 2046 1933 2100 ratione
1980 2045 2266 2098 refovendi.
2298 2047 2318 2075 ⁸
2345 2047 2504 2114 Cujus
2555 2051 2819 2116 sequentia
2851 2065 3052 2118 quoque
3081 2051 3264 2116 psalmi

1731 2137 1899 2190 eidem
1926 2135 2098 2188 sensui
2128 2135 2446 2188 concordare
2474 2141 2557 2202 qui
2591 2148 2832 2191 retractat
2860 2139 3134 2206 intelligit._
3165 2139 3268 2192 lm-

1731 2225 1958 2292 positum
1987 2230 2160 2274 autem
2189 2222 2305 2274 navi
2335 2238 2521 2290 corpus
2565 2225 2859 2279 venerabile
2885 2226 3064 2288 Patris,
3090 2226 3152 2279 ad
3186 2228 3267 2281 in-

1730 2314 1900 2366 sulam
1974 2310 2476 2364 Lindisfarnensium
2527 2315 2822 2368 retulimus:
2895 2317 3030 2382 quod
3083 2333 3268 2384 magno

1729 2400 2109 2457 occurrentium
2129 2404 2333 2470 agmine
2360 2403 2638 2470 eborisque
2664 2407 2960 2458 canentium
2989 2404 3014 2441 ἀ
3053 2421 3267 2474 suscep-

1733 2501 1838 2544 tum
1881 2503 1979 2556 est,
2017 2501 2174 2560 atque
2205 2493 2254 2544 in
2283 2490 2500 2544 ecclesia
2542 2489 2674 2543 beati
2727 2491 2959 2557 Apostuli
3002 2491 3138 2545 Petri
3167 2494 3186 2523 ⁷
3215 2495 3264 2547 iu

1730 2582 1939 2636 dextera
1985 2593 2128 2652 parte
2167 2582 2346 2636 altaris
2402 2581 2604 2650 petrino
2647 2579 2698 2634 in
2743 2580 3064 2651 sarcophago
3115 2598 3266 2652 repo-

1729 2673 1905 2725 situm.
1941 2691 1960 2724 ι

1730 2780 1876 2832 CAP.
1909 2780 2039 2834 XLI.
2074 2783 2330 2844 Quamodo
2359 2797 2480 2847 puer
2505 2782 2836 2832 dwmoniacus
2862 2782 2923 2833 sit
2976 2780 3146 2845 humo,
3187 2783 3270 2835 cui

1800 2851 2051 2901 lavacrum
2080 2851 2298 2917 corporis
2327 2852 2432 2918 ejus
2470 2849 2689 2916 infusum
2713 2859 2802 2910 est,
2832 2852 2882 2900 in
2907 2865 3087 2919 aquam
3113 2851 3279 2905 missa

1798 2929 2017 2969 sanatus.

1797 3027 1900 3082 Sed
1930 3043 2026 3082 nec
2053 3027 2296 3083 defuncto
2324 3044 2384 3082 ac
2411 3029 2660 3082 tutnulato
2680 3027 2869 3082 Christi
2902 3027 3094 3082 famulo
3121 3028 3267 3097 signa

1729 3117 2013 3169 sanitatum
2042 3132 2157 3184 qua:
2186 3118 2367 3170 vivens
2388 3125 2706 3179 exercuerat,
2735 3131 2942 3169 cessare
2968 3126 3263 3183 potuerunt.

1731 3202 1962 3272 Contigit
1991 3219 2215 3274 namque
2239 3220 2452 3272 puerum
2480 3205 2754 3272 quemdam
2782 3205 2832 3257 in
2859 3205 3117 3258 territorio
3145 3205 3268 3260 Liu~
3315 3264 3323 3271 κ

63 3306 299 3365 nebant,
332 3302 450 3366 quia
476 3310 650 3352 sancta
675 3298 759 3350 illa
790 3300 960 3350 anima
986 3297 1092 3365 jam
1122 3299 1394 3364 migrasset
1421 3295 1484 3348 ad
1524 3297 1624 3349 Do-
1649 3279 1695 3340 ε
1727 3295 2157 3358 disfarnensium,
2209 3295 2536 3349 atrocissimo
2583 3296 2820 3348 daemone
2847 3295 3056 3358 vexari,
3091 3294 3163 3346 ita
3210 3303 3268 3347 ιιι

61 3391 448 3447 minuat.'l‘ale
475 3403 693 3455 namque
718 3388 848 3440 inter
873 3402 928 3438 se
958 3388 1160 3455 signum
1186 3375 1494 3439 sanctissimi
1512 3387 1626 3455 ejus

60 3483 251 3535 obitus
279 3479 636 3531 condiseraut.
686 3477 832 3540 Quod
860 3491 974 3528 cum
1007 3475 1201 3529 videret
1234 3475 1410 3538 frater,
1457 3476 1542 3542 qui
1575 3492 1623 3527 tn

63 3570 292 3636 specula
349 3567 773 3619 Lindisfarnensis
836 3564 1018 3617 insula:
1065 3562 1216 3628 longe
1265 3566 1286 3595 δ
1336 3563 1398 3615 de
1445 3574 1626 3615 contra

64 3666 307 3711 eventus
335 3655 567 3721 eiusdem
615 3653 824 3719 pervigil
853 3659 1250 3718 exspectaverat
1305 3652 1507 3716 horam,
1537 3667 1626 3704 cu-

64 3744 411 3796 curritcitius
437 3747 500 3792 ad
529 3739 819 3800 ecclesiam,
841 3738 924 3790 ubi
953 3738 1196 3791 collectus
1212 3738 1380 3789 omnis
1409 3737 1623 3790 fratrum

67 3843 251 3888 caesus
277 3840 543 3883 nocturna:
567 3828 866 3894 psalmodia:
893 3827 1142 3880 solemnia
1171 3826 1479 3886 celebrabat,
1497 3841 1624 3879 con-

67 3921 300 3988 tigitque
332 3927 385 3971 ut
411 3916 505 3982 ipsi
534 3929 756 3983 quoque,
794 3915 1018 3968 intrante
1038 3913 1148 3974 illo,
1182 3913 1452 3980 praefatum
1473 3927 1629 3966 caue-

1734 3400 1888 3439 scnsu
1916 3385 2133 3438 rationis
2181 3385 2407 3438 funditus
2434 3385 2625 3438 amisso
2653 3384 2920 3447 clamaret,
2947 3382 3183 3451 ejularet,
3209 3390 3266 3436 et

1729 3475 1811 3526 vel
1841 3488 1932 3526 sua
1957 3474 2183 3526 membra
2218 3473 2294 3526 vel
2320 3472 2567 3540 quidquid
2596 3472 2846 3540 attingere
2874 3481 3051 3540 posset
3081 3469 3269 3527 morsi-

1729 3559 1823 3614 bus
1850 3561 2102 3616 dilauiare
2133 3563 2404 3614 niteretur.
2438 3562 2619 3613 .‘llissus
2646 3570 2725 3613 est
2761 3559 2824 3611 ad
2858 3573 3266 3626 energumenum

1733 3659 1757 3687 ο
1789 3649 2060 3722 presbyter
2111 3649 2177 3704 de
2217 3650 2564 3703 monaSterio:
2615 3649 2699 3717 qui
2731 3662 2847 3702 cum
2874 3647 3054 3701 solitus
3080 3645 3267 3702 fuisset

1730 3753 1822 3805 per
1841 3738 2116 3790 exorcismi
2140 3735 2357 3806 gratiam
2382 3736 2674 3790 immundos
2698 3737 2874 3804 fugare
2895 3735 3124 3802 spiritus,
3145 3735 3265 3789 huic

1728 3835 1899 3880 tamen
1928 3829 2145 3879 obsesso
2176 3825 2421 3893 prodesse
2447 3826 2516 3878 nil
2541 3840 2750 3891 prorsus
2768 3824 2990 3879 valebat.
3012 3824 3158 3879 Unde
3173 3823 3266 3877 de~

1725 3915 1799 3968 dit
1819 3915 2088 3970 consilium
2113 3914 2244 3985 patri
2267 3915 2424 3980 illius,
2455 3927 2511 3968 ut
2536 3914 2833 3984 impositum
2861 3928 3008 3970 carro
3045 3928 3260 3984 puerum

1026 4019 1487 4076 VULGATORUM
1528 4024 1869 4080 VARIANTE
1882 4028 1917 4080 S
1955 4025 2347 4082 LECTIONES.

151 4150 166 4177 ί
203 4138 410 4190 Ubitum
434 4136 591 4206 qualis
613 4135 810 4203 fuerim,
838 4147 1002 4202 quam.

141 4211 164 4238 ’
203 4208 420 4271 Quietis.
892 4222 897 4227 '

144 4276 166 4305 ³
201 4279 268 4326 At
298 4275 386 4327 ibi.

141 4342 168 4377 δ
195 4341 246 4395 E
277 4351 470 4396 contra.

1795 4136 1815 4165 ⁸
1854 4134 2019 4186 Verbis
2047 4145 2177 4187 utar.

1799 4203 1819 4233 ⁶
1846 4202 2000 4263 Cuius
2021 4204 2280 4255 sententia.

1798 4273 1814 4300 ⁷
1846 4272 1922 4321 Ad
1951 4273 2200 4324 dexteram
2222 4271 2411 4323 altaris.

1403 4427 1751 4483 VARIORUM
1791 4429 2013 4486 ΝΟΤᾹΞ.

144 4530 174 4561 ⁸
209 4523 569 4577 Sacr-amentis.
609 4517 858 4575 Nimirum
907 4517 1202 4584 pretiitentia
1251 4526 1300 4570 et
1357 4519 1618 4582 unctione,
1647 4521 1697 4577 1)
1725 4536 1847 4589 pore
1889 4525 2014 4576 socii
2065 4521 2384 4574 nullan-.liani
2413 4522 2691 4589 CtttltigiSsc
2740 4523 2882 4575 aiunt
2928 4521 3127 4576 cladem
3178 4521 3264 4579 hic

69 4609 198 4646 nam
230 4593 297 4643 de
321 4591 506 4642 viatico
535 4600 710 4657 postea
740 4591 862 4656 agit.
889 4589 1108 4657 Manum.

143 4663 168 4696 ιι
207 4661 404 4710 Emisit.
438 4655 648 4711 Scilicet
687 4655 823 4709 anno
877 4655 997 4716 087,
1055 4657 1188 4718 quod
1218 4656 1406 4706 diserte
1438 4655 1620 4715 prohat

70 4730 390 4793 Turgottus,
440 4726 490 4776 in
542 4727 629 4776 lib.
661 4741 697 4787 ι,
724 4740 838 4788 cap.
890 4725 971 4776 Η.
1020 4724 1124 4775 lmo
1153 4725 1304 4775 etiam
1336 4724 1468 4774 Beda
1497 4725 1623 4793 satis

72 4792 298 4849 indicat.
328 4795 451 4844 dum
479 4793 823 4845 Cudberctum
845 4807 980 4843 anno
1010 4795 1084 4856 (ut
1107 4794 1363 4855 superius,
1395 4805 1508 4855 cap.
1533 4792 1617 4852 27,

72 4862 471 4926 :uluotavimus)
496 4861 596 4914 ϐδὸ
625 4861 684 4910 ad
709 4862 932 4924 episcopi
956 4861 1256 4921 dignitatem
1275 4870 1618 4926 assumptum,

71 4944 125 4984 et
157 4942 278 4996 post
310 4933 573 4982 biennium
605 4938 859 4980 mortuum
887 4927 1039 4978 tradit
1061 4943 1209 4986 capp.
1235 4927 1323 4996 ΞΗ,
1354 4925 1438 4987 56,
1470 4941 1624 4989 supra

71 5012 126 5052 et
158 4994 305 5052 alibi.
357 4999 584 5064 Denique
636 5010 863 5048 mortuus
890 5005 1085 5064 eststtt
1131 4994 1348 5047 Kalend.
1377 4997 1542 5059 April.
1574 5007 1626 5047 et

72 5070 294 5133 quidem
326 5068 449 5130 feria
477 5063 672 5128 quarta.
697 5081 757 5116 ex
793 5079 930 5116 num.
977 5063 1062 5122 56,
1096 5079 1233 5133 anno
1259 5063 1469 5133 proinde
1492 5079 1624 5126 pra:-

73 5147 242 5187 cttatu
270 5135 392 5192 687,
426 5150 528 5198 quo
552 5135 662 5186 dies
691 5134 953 5185 Dominica
983 5134 1144 5183 littera
1191 5132 1248 5193 F,
1289 5132 1408 5183 feria
1443 5144 1622 5193 quarta

77 5207 260 5256 littera
313 5205 369 5262 ιι,
402 5202 611 5268 ρι“;Βι1ἱι;ι
642 5213 766 5255 erat.
823 5202 956 5267 Ergo
998 5202 1116 5249 anni
1173 5202 1276 5250 duo
1301 5200 1623 5263 pontiticatns

77 5272 364 5323 Cudbercti
416 5269 573 5336 (quod
609 5279 911 5321 notaverunt
951 5270 1074 5320 socii
1103 5268 1440 5332 Bullandtatti)
1469 5284 1566 5318 non
1595 5285 1622 5318 tt

76 5342 166 5390 diu
198 5339 625 5398 consecrationis,
653 5354 785 5387 anno
803 5338 902 5389 (535
921 5338 1027 5403 ipso
1047 5337 1256 5388 Pascha:
1281 5340 1408 5386 festo
1439 5335 1521 5387 die
1547 5350 1625 5386 (fe-

77 5408 323 5478 lebratze,
373 5408 464 5458 sed
494 5406 558 5456 ab
587 5406 978 5478 ejus‘eleetioue
1009 5407 1102 5458 sub
1131 5406 1282 5456 linem
1323 5403 1441 5454 anni
1469 5419 1622 5470 supe-

76 5475 241 5528 rioris
265 5477 393 5525 facta
417 5473 741 5538 computandi
763 5484 902 5524 sunt.
933 5475 1002 5525 la.

152 5553 175 5579 ε
215 5546 433 5594 Annum.
464 5544 680 5607 Quippe,
712 5550 932 5593 testante
964 5542 1119 5602 Beda,
1159 5541 1209 5594 in
1259 5540 1346 5590 lib.
1379 5553 1428 5590 tv
1467 5540 1620 5605 llist.,

78 5626 128 5662 C.
153 5611 229 5664 29
252 5628 263 5659 :
301 5628 317 5659 ι
353 5610 713 5674 Episcopatum
747 5609 991 5662 Ecclesia:
1014 5611 1147 5661 illius
1169 5625 1302 5659 anno
1326 5623 1426 5659 uno
1449 5623 1624 5660 serva-

78 5684 175 5732 liat
203 5679 516 5729 venerabilis
560 5682 773 5730 antistes
803 5676 1087 5738 Wilfridus,
1136 5678 1298 5730 donec
1346 5678 1623 5742 eligeretur

80 5749 168 5812 qui
205 5760 302 5812 pro
323 5747 609 5798 Cudbercto
636 5749 851 5798 antistes
879 5746 1103 5796 ordinari
1130 5747 1362 5797 deberet.
1391 5748 1624 5797 Ordina-

84 5828 169 5867 tus
201 5824 287 5869 est
316 5825 486 5868 autem
537 5814 761 5880 posthaec
796 5814 1098 5876 Radbertus,
1143 5825 1240 5867 ctc.
1290 5833 1307 5865 ι
1368 5814 1436 5867 Eo
1492 5824 1620 5867 teat-

1723 4591 2055 4650 descriutzuu,
2104 4590 2330 4652 obeam,
2364 4589 2577 4650 scilicet,
2611 4606 2842 4652 causam,
2873 4589 3009 4646 quod
3071 4608 3090 4640 ι
3138 4605 3262 4644 salt-

1723 4671 1835 4710 etus
1859 4658 2124 4709 Wilfridus
2148 4661 2352 4724 antiqua
2387 4669 2572 4710 statuta
2602 4661 2807 4710 l’atrum
2834 4673 2879 4712 et
2907 4660 3063 4722 ipsius
3096 4662 3258 4712 sancti

1722 4725 1995 4777 Cudbercti
2025 4742 2136 4790 qu;e
2169 4730 2416 4779 hactenus
2448 4731 2802 4788 observarunt,
2833 4740 2882 4776 et
2911 4742 3024 4789 qua:
3054 4736 3263 4780 sanctus

1723 4795 2050 4847 Cudberctus
2075 4796 2413 4847 moribundus
2459 4797 2558 4846 illis
2589 4796 2992 4856 commendarat,
3050 4795 3265 4848 voluerit

1725 4863 1992 4928 abrogare.
2031 4874 2078 4915 et
2114 4869 2342 4930 regulam
2373 4865 2536 4914 sancti
2571 4864 2832 4915 Benedicti
2869 4872 2956 4914 aut
2983 4862 3261 4928 introduci,

1724 4942 1811 4982 aut
1851 4932 2013 4983 so'lam
2065 4932 2344 4985 observari.
2409 4953 2425 4979 ι
2472 4931 2658 4984 Verum
2697 4933 2793 4985 ista
2834 4946 3040 4998 prorsus
3071 4931 3262 4985 incerta

1725 5005 1862 5051 sunt.
1899 5001 1968 5051 lo.

1795 5067 1819 5103 ά
1846 5069 2137 5136 Susceptum
2161 5078 2251 5120 est.
2276 5068 2509 5120 Notanda
2533 5069 2766 5132 quaedam
2795 5067 2936 5120 addit
2962 5068 3261 5137 Anonymus

1726 5137 1814 5192 lib.
1849 5153 1923 5187 tv:
1955 5156 1971 5186 ι
2007 5144 2046 5188 Α
2078 5139 2437 5203 navigantibus
2466 5138 2527 5188 ad
2550 5140 3009 5188 ittstllztlnttttaltallt
3037 5138 3262 5203 delatus,

1726 5216 1832 5256 toto
1849 5220 2077 5270 seorpore
2107 5207 2290 5266 lavate,
2321 5207 2487 5262 capite
2512 5206 2718 5256 sudario
2748 5207 3086 5264 circumdato,
3109 5206 3260 5256 obla-

1725 5274 1789 5326 tis
1818 5289 1971 5336 sulier
1995 5284 2228 5325 sanctum
2251 5283 2425 5338 pectus
2455 5275 2658 5336 positis,
2689 5275 2992 5326 vestitiienta
3018 5273 3261 5326 sacerdo-

1728 5342 1845 5392 talia
1903 5343 2136 5401 indutus,
2185 5343 2235 5393 in
2275 5343 2476 5392 obviam
2507 5341 2697 5393 Christi
2737 5346 3099 5394 calceamentis
3152 5342 3260 5392 suis

1724 5408 2063 5474 pl‘utpttf‘alis,
2131 5412 2180 5460 in
2236 5409 2451 5460 sindone
2497 5421 2668 5461 cerata
2728 5424 2935 5462 curatus
2969 5448 2984 5471 ,
3036 5406 3260 5459 animam

1726 5477 1919 5528 habens
1962 5494 2078 5530 cunt
2108 5477 2312 5529 Christo
2339 5479 2670 5542 gaudentem,
2724 5493 2910 5542 corpus
2941 5479 3264 5540 incorrupti-

1723 5546 1847 5606 bile,
1881 5549 2212 5608 requiescens
2239 5555 2291 5595 et
2317 5547 2459 5608 quasi
2483 5547 2746 5597 dormiens
2770 5549 2818 5596 in
2863 5549 3100 5610 sepulcro
3133 5546 3261 5608 lapi-

1724 5615 1821 5665 deo
1849 5615 2216 5666 honorabiliter
2243 5615 2290 5665 in
2343 5615 2549 5665 basilica
2598 5614 2962 5676 deposuerunt.
3003 5631 3020 5661 ι
3054 5613 3263 5665 Oblita-

1726 5700 1835 5734 runt
1865 5683 2071 5750 nomine
2095 5681 2327 5750 intelligit
2354 5685 2566 5750 i‘Uili'ib'll‘lll
2588 5683 2820 5742 caliCent,
2847 5692 2948 5736 etc.
2975 5679 3046 5736 ltt.

1720 5760 1726 5764 '
1797 5757 1817 5781 ο
1849 5749 2126 5817 Presbyter.
2161 5749 2376 5805 Nomine
2401 5749 2535 5800 Tidi.
2568 5750 2752 5804 Sutru.
