3862 6324
576 397 676 451 785

1357 394 1550 448 BENE
1595 389 2027 447 VENERABILIS
2071 391 2218 444 OPP.
2263 390 2430 443 PARS
2470 390 2552 443 IV.
2582 417 2648 429 —
2684 389 3054 446 HISTORICA.

2859 18 2870 26 ι
2943 0 3833 320 ’ἥβῃ

3647 388 3740 438 ἷ84

575 516 637 568 ad
668 511 1031 567 monasterium
1057 509 1299 568 deferret,
1331 517 1482 574 atque
1511 507 1574 560 ad
1624 507 1870 574 reliquias
1921 507 2099 560 beato-
2128 508 2178 566 Α
2202 504 2347 571 cujus
2374 516 2491 559 ante
2527 515 2744 561 mortem
2775 508 2873 560 vita
2904 507 3142 560 sublimis
3169 505 3370 560 crebris
3396 505 3554 560 etiam
3585 505 3742 556 mira-

576 619 684 656 rum
714 611 994 667 martyrum
1023 613 1137 666 qua:
1183 597 1247 648 ibi
1279 607 1395 648 sunt
1434 595 1714 652 Dominum
1745 611 1837 663 pro
1869 597 1955 648 illo
1987 611 2105 663 pre-

574 699 798 743 caretur.
858 687 1001 740 Fecit
1029 697 1083 740 ut
1123 694 1410 746 monuerat,
1439 686 1530 737 sed
1564 684 1776 737 noluere
1802 685 1967 736 sancti
2013 684 2101 736 Dei

575 779 900 848 martyresei
925 777 1131 846 petitam
1163 778 1380 829 reddere
1409 775 1707 837 sanitatem,
1739 785 1792 827 ut
1818 791 1971 840 quam
1999 779 2106 828 cel-

574 871 848 924 sum.inter
873 880 929 919 se
951 868 1121 918 locum
1147 865 1467 918 Cudberctus
1493 863 1722 926 haberet,
1745 863 2103 917 ostenderent.

573 958 696 1010 Cum
735 971 858 1023 ergo
887 957 1098 1007 insanus
1137 953 1400 1017 ululando,
1434 953 1836 1019 ingetniscendo,
1885 962 1937 1004 et
1965 949 2105 1005 fren-

573 1051 743 1102 dendo
799 1050 1038 1102 dentibus
1081 1047 1239 1099 nitnio
1286 1056 1588 1100 cunctorum
1647 1045 1786 1098 visus
1816 1056 1868 1098 et
1895 1045 2102 1098 auditus

574 1141 787 1192 horrore
837 1147 1156 1201 concuteret,
1211 1152 1304 1190 nec
1343 1145 1479 1190 esset
1506 1137 1590 1203 qui
1638 1136 1841 1202 aliquod
1888 1135 2103 1190 remedii

571 1242 730 1294 genus
782 1227 1078 1294 excogitare
1121 1225 1403 1293 quivisset,
1454 1235 1562 1275 tum
1617 1237 1738 1275 ecce
1770 1219 1980 1287 quidam
2036 1223 2103 1274 de

575 1317 890 1385 presbyteris
911 1316 1125 1368 edoctus
1149 1316 1198 1367 in
1227 1314 1409 1381 spiritu
1441 1329 1528 1380 per
1551 1312 1939 1380 opitulationem
1965 1311 2099 1363 beati

573 1410 738 1462 Patris
759 1409 1030 1462 Cudbercti
1065 1410 1206 1461 illum
1235 1424 1384 1473 posse
1407 1409 1599 1472 sanari,
1628 1408 1767 1460 venit
1794 1408 2026 1460 clanculo
2039 1408 2100 1459 ad

571 1501 758 1561 locum,
785 1499 868 1550 tibi
894 1509 1108 1551 noverat
1137 1497 1349 1551 efiusam
1385 1497 1539 1550 fuisse
1569 1512 1773 1563 aquam,
1793 1512 1888 1561 qua
1916 1511 2102 1561 corpus

568 1589 683 1657 ejus
727 1589 1017 1642 defunctum
1051 1589 1214 1641 fuerat
1245 1589 1440 1651 lotum;
1484 1589 1767 1654 tollensque
1797 1587 1913 1639 inde
1939 1587 2103 1639 modi-

567 1693 681 1730 cam
714 1677 850 1731 ltumi
884 1678 1186 1743 partiettlam
1217 1677 1431 1729 immisit
1475 1677 1524 1728 in
1556 1691 1774 1740 aquam;
1819 1691 1973 1743 quam
2002 1675 2104 1732 de—

572 1769 740 1822 ferens
767 1769 828 1820 ad
861 1769 1138 1831 patientem
1169 1767 1357 1819 infudit
1386 1769 1433 1818 in
1459 1781 1549 1820 ore
1569 1765 1817 1833 ejus.quo
1847 1764 2104 1818 horribili-

2204 595 2434 646 culorum
2491 596 2695 659 patebat
2738 594 2959 658 indiciis,
2992 591 3266 647 transacu's
3302 595 3585 658 sepultura:
3629 596 3739 659 ejus

2203 686 2350 736 annis
2378 683 2640 750 undecim,
2659 685 2871 738 immisit
2901 687 2949 736 in
2977 686 3150 737 animo
3175 683 3392 736 fratrum
3427 698 3478 735 ut
3507 685 3740 736 tol'ereat

2204 786 2318 823 ossa
2353 773 2508 838 illius,
2537 782 2558 810 δ
2589 788 2723 840 qua},
2756 788 2902 826 more
2931 783 3272 833 mortuorum,
3303 783 3614 838 consumpto
3639 774 3744 838 jam‘

2203 871 2255 913 et
2281 861 2330 913 in
2360 862 2621 927 pulverem
2652 862 2865 914 redacto
2895 876 3114 927 corpore
3165 862 3386 928 reliquo,
3437 864 3572 913 sicca
3603 861 3738 912 inve-

2207 947 2389 1001 nienda
2426 949 2690 1012 rebantur,
2720 960 2875 1016 atque
2905 951 2953 1001 in
2988 949 3082 1002 levi
3113 965 3230 1001 arca
3262 951 3550 1012 recondita,
3585 950 3634 1002 in
3657 965 3738 1001 eo-

2202 1036 2320 1087 dem
2343 1035 2548 1100 quidem
2574 1037 2707 1099 loco,
2730 1039 2818 1089 sed
2843 1053 2994 1102 supra
3021 1037 3369 1104 pavimentum
3393 1039 3564 1106 digna:
3591 1053 3737 1089 vene-

2203 1122 2415 1176 rationis
2461 1123 2620 1190 gratia
2677 1123 2929 1175 locarent.
2986 1124 3132 1186 Quod
3183 1125 3305 1174 dum
3359 1124 3460 1175 sibi
3491 1125 3738 1190 placuisse

2207 1210 2499 1264 Eadbercto
2542 1212 2756 1263 antistiti
2803 1225 2899 1264 suo
2939 1212 3108 1265 medio
3139 1211 3301 1264 ferme
3327 1212 3736 1279 Quadragesimz

2212 1310 2444 1366 tempore
2485 1302 2756 1363 referrent,
2797 1300 2976 1352 adnuit
3005 1301 3219 1353 consilio
3243 1316 3444 1362 eorum,
3489 1301 3736 1368 jussitque

2207 1398 2261 1440 ut
2289 1388 2373 1442 die
2397 1390 2733 1455 depositionis
2754 1389 2885 1456 ejus,
2914 1405 3029 1456 qua:
3057 1401 3134 1442 est
3158 1390 3307 1443 tertia
3331 1393 3535 1444 decima
3564 1391 3737 1446 Kalen-

2205 1477 2386 1528 darum
2440 1479 2716 1542 Aprilium,
2748 1479 2845 1529 hoc
2873 1478 3042 1530 facere
3072 1479 3452 1532 meminissent.
3490 1479 3735 1532 Fecerunt

2204 1575 2372 1618 autem
2401 1565 2488 1618 ita.
2509 1567 2568 1618 Et
2594 1566 2886 1633 aperientes
2905 1567 3220 1632 sepulcrum,
3237 1569 3734 1636 invenemntcorpus

2208 1663 2371 1706 totum
2395 1656 2540 1723 quasi
2570 1657 2739 1709 adhuc
2769 1657 2966 1709 viveret
2991 1655 3016 1692 δ
3049 1657 3326 1724 integrum,
3359 1669 3412 1711 et
3433 1659 3733 1712 ﬂexibilibus

2205 1756 2407 1796 artuum
2454 1746 2786 1813 compagibus
2818 1745 2980 1796 multo
3008 1744 3284 1798 dormienti
3326 1761 3482 1812 quam
3537 1755 3734 1798 mortuo

572 1868 650 1910 ter
679 1856 850 1909 hiante
881 1869 1032 1908 voces
1080 1854 1217 1907 diras
1247 1869 1305 1906 ac
1345 1853 1541 1906 flebiles
1588 1853 1876 1905 emittebat.
1910 1852 2097 1905 Statim

2206 1831 2442 1884 similius.
2475 1832 2576 1886 Sed
2614 1841 2666 1884 et
2707 1832 3010 1884 vestimenta
3059 1834 3227 1886 omnia
3271 1837 3462 1901 quibus
3511 1835 3730 1887 indutum

487 1981 496 1988 .
567 1956 739 1999 autem
771 1956 823 1998 ut
849 1945 1015 2013 attigit
1041 1958 1246 2010 aquam.
1277 1942 1531 1996 continuit
1559 1943 1572 1971 ⁸
1604 1942 1880 2000 clamores,
1913 1941 2102 1995 clausit

568 2049 648 2098 os,
669 2035 850 2086 clausit
880 2041 932 2084 et
953 2032 1151 2094 oculos,
1181 2032 1268 2097 qui
1296 2029 1560 2095 sanguinei
1585 2038 1639 2082 et
1667 2029 1922 2081 furibundi
1951 2038 2097 2096 pate-

571 2125 710 2185 bant,
734 2128 889 2188 caput
909 2128 960 2173 et
979 2132 1168 2186 corpus
1197 2126 1357 2170 totum
1383 2116 1716 2170 reclinavitin
1741 2115 2098 2183 requiem.Qui

569 2215 722 2266 etiam
754 2210 951 2279 placido
979 2221 1164 2275 scpore
1197 2215 1400 2259 noctem
1450 2205 1720 2272 transegit,
1765 2213 1818 2258 et
1847 2219 2000 2257 mane
2037 2203 2104 2258 de

570 2315 751 2352 somno
778 2297 931 2350 simul
974 2306 1025 2349 et
1055 2296 1262 2348 vesania
1293 2308 1632 2361 consurgens,
1677 2292 1946 2346 liberatum
1989 2306 2045 2346 se
2072 2307 2102 2346 a

568 2388 825 2442 dmmonio
856 2402 958 2454 quo
989 2385 1315 2453 premebatur
1343 2384 1474 2436 beati
1506 2382 1776 2435 Cudbercti
1827 2382 2023 2435 meritis
2051 2391 2104 2436 et

571 2477 952 2532 intercessione
994 2476 1256 2542 cognovit.
1289 2473 1571 2525 Mirandum
1603 2481 1655 2524 et
1680 2471 1828 2522 bonis
1857 2471 2102 2523 omnibus

572 2566 879 2620 delectabile
905 2563 1272 2631 spectaculum,
1301 2575 1416 2613 cum
1447 2561 1645 2612 videres
1673 2558 1830 2610 filium
1853 2573 1973 2610 cum
2011 2573 2102 2625 pa-

571 2664 650 2707 tre
678 2653 923 2718 sospitem
956 2653 1063 2703 loca
1087 2661 1260 2703 sancta
1288 2650 1527 2710 circuire,
1557 2661 1616 2698 ac
1635 2656 1930 2698 sanctorum
1957 2647 2101 2699 anxio

573 2744 643 2794 lio
673 2742 863 2810 gratias
910 2740 1183 2793 sanissitna
1215 2749 1388 2790 mente
1428 2734 1640 2799 referre,
1673 2736 1756 2800 qui
1803 2735 1963 2802 pridie
1994 2750 2099 2802 prae

571 2831 766 2886 insania
814 2832 1004 2884 mentis
1035 2843 1128 2881 nec
1178 2828 1402 2891 seipsum
1430 2827 1544 2892 quis
1568 2835 1704 2877 esset
1732 2825 1810 2877 vel
1853 2825 1934 2876 ubi
1963 2831 2104 2876 esset

574 2929 774 2988 poterat
814 2931 1116 2985 agnoscere.
1170 2916 1264 2978 Qui
1319 2914 1433 2978 ubi,
1475 2921 1578 2963 tota
1637 2909 1849 2962 fratrum
1893 2920 2100 2962 caterva

571 3017 794 3070 astante,
823 3008 1026 3060 vidente
1053 3016 1104 3058 et
1147 3002 1552 3072 congratulante,
1583 3001 1645 3052 ad
1675 3001 1917 3066 reliquias
1963 3016 2098 3053 mar-

572 3111 738 3168 tyrum
789 3097 1005 3163 genibus
1038 3093 1183 3147 flexis
1212 3091 1352 3144 dedit
1395 3091 1595 3144 laudem
1637 3089 1741 3142 Deo
1788 3090 2002 3141 Domino
2048 3099 2099 3142 et

572 3189 822 3240 Salvatori
857 3194 1033 3237 nostro
1081 3183 1203 3236 Iesu
1231 3181 1455 3241 Christo,
1482 3179 1586 3246 jam
1616 3189 1668 3232 et
1703 3181 1766 3230 ab
1795 3179 1957 3231 hostis
1983 3193 2095 3232 ver-

573 3277 695 3329 bere
725 3276 1056 3332 liberatus,ct
1083 3271 1130 3323 in
1165 3270 1260 3322 fide
1283 3270 1478 3321 llrmior
1499 3284 1650 3336 quam
1671 3268 1833 3319 fuerat
1861 3268 2097 3330 effectus,

572 3366 634 3418 ad
677 3363 878 3430 propria
910 3360 1081 3414 rediit.
1125 3358 1427 3412 Ostenditur
1458 3372 1617 3423 usque
1670 3356 1823 3408 hodie
1852 3356 1984 3408 fossa
2019 3357 2102 3409 illa

575 3455 657 3507 cui
706 3451 1046 3506 memorabile
1091 3448 1313 3503 infusum
1376 3455 1455 3499 est
1504 3446 1760 3498 lavacrum
1791 3485 1805 3508 ,
1854 3445 2104 3512 quadrato

573 3548 835 3599 schemate
857 3545 1008 3607 facta,
1025 3542 1164 3611 ligno
1187 3540 1409 3607 undique
1431 3539 1768 3602 circumdata,
1792 3550 1843 3591 et
1872 3547 1891 3576 ²
1919 3539 2103 3606 lapillis

575 3638 709 3689 intus
734 3633 962 3700 impleta.
993 3632 1076 3684 Est
1112 3641 1283 3682 autem
1303 3627 1446 3696 juxta
1473 3626 1745 3680 ecclesiam
1778 3625 1827 3678 in
1857 3640 1954 3692 qua
1983 3640 2105 3679 cor-

577 3738 669 3791 pus
696 3722 807 3790 ejus
828 3721 1126 3789 requiescit,
1158 3718 1221 3770 ad
1244 3728 1438 3784 partem
1473 3716 1825 3769 Meridianam.
1863 3711 2104 3768 Factum-

573 3827 674 3881 que
695 3821 774 3866 est
821 3827 880 3865 ex
923 3825 986 3863 eo
1031 3819 1286 3874 tempore,
1317 3817 1374 3860 ut
1415 3807 1590 3874 plures
1614 3806 1889 3858 sanitatum
1918 3819 2104 3873 opera-

577 3901 741 3952 tiones
763 3913 850 3965 per
869 3899 1079 3950 eosdem
1101 3897 1295 3963 lapides
1311 3895 1390 3948 vel
1404 3894 1639 3948 eamdem
1655 3905 1865 3958 terram,
1886 3895 2106 3950 Domino

579 3988 819 4049 donante,
856 3984 1059 4038 fierent.

580 4139 718 4192 CAP.
768 4137 920 4191 XLII.
955 4137 1210 4202 Quomodo
1235 4153 1414 4204 corpus
1443 4138 1598 4201 ipsius
1629 4148 1735 4204 post
1766 4140 1992 4191 undecim
2043 4141 2105 4192 sit

846 4223 998 4257 annos
1027 4208 1132 4256 sine
1157 4207 1472 4270 corruptione
1494 4207 1512 4236 ⁸
1541 4216 1803 4274 repertum.

650 4336 675 4362 ⁸
701 4332 885 4386 Volens
909 4344 1077 4385 autem
1098 4333 1247 4385 latius
1265 4340 1554 4384 monstrare
1575 4332 1745 4384 divina
1767 4334 2103 4400 dispensatio,

2200 1935 2312 1978 erat
2353 1912 2455 1979 non
2484 1926 2652 1978 solum
2684 1925 3008 1988 intemerata,
3057 1941 3234 1979 verum
3265 1926 3420 1980 etiam
3452 1927 3619 1995 prisca
3650 1945 3731 1981 no-

2203 2014 2358 2066 vitate
2403 2024 2456 2066 et
2507 2013 2816 2066 claritudine
2865 2015 3094 2067 miranda
3142 2016 3408 2080 parebant.
3468 2017 3614 2081 Quod
3656 2019 3728 2069 ubi

2205 2102 2224 2131 ⁶
2254 2101 2490 2155 viderunt
2515 2099 2722 2166 fratres,
2755 2102 2914 2155 nimio
2946 2120 3061 2155 mox
3093 2104 3276 2157 timore
3297 2118 3415 2158 sunt
3437 2115 3492 2158 et
3522 2117 3730 2159 tremore

2204 2189 2462 2256 perculsi,
2510 2190 2642 2243 adeo
2687 2198 2742 2243 ut
2785 2191 2867 2243 vix
2913 2191 3104 2259 aliquid
3148 2193 3314 2258 loqui,
3360 2193 3440 2245 vix
3493 2194 3729 2246 auderent

2203 2279 2388 2332 intueri
2420 2279 2722 2334 miraculum
2753 2281 2888 2349 quod
2921 2283 3152 2350 parebat,
3171 2285 3253 2335 vix
3276 2285 3371 2351 ipsi
3393 2285 3517 2353 quid
3534 2295 3728 2353 agerent

2203 2379 2436 2422 nossent.

2275 2476 2572 2530 Extremam
2615 2487 2785 2531 autem
2827 2477 3246 2533 indumentorum
3275 2480 3389 2546 ejus
3419 2490 3617 2548 partem
3645 2494 3728 2547 pro

2202 2565 2522 2619 ostendendo
2551 2568 2952 2635 incorruptionis
2979 2568 3126 2635 signo
3164 2569 3441 2636 tollentes,
3477 2584 3598 2621 nam
3626 2585 3726 2635 qua:

2202 2653 2344 2705 carni
2388 2654 2523 2706 illius
2563 2655 2795 2722 proxima
2836 2655 3049 2710 aderant
3097 2672 3306 2723 prorsus
3337 2667 3552 2722 tangere
3598 2659 3730 2710 time-

2203 2741 2344 2802 bant,
2379 2740 2692 2795 festinarunt
2722 2746 2918 2797 referre
2947 2745 3160 2798 antistiti
3213 2747 3350 2813 quod
3400 2745 3725 2798 invenerant:

2204 2827 2324 2893 “qui
2350 2840 2456 2880 tum
2481 2830 2613 2882 forte
2637 2831 2685 2882 in
2705 2831 2987 2884 rem0tiore
3007 2846 3036 2883 a
3065 2834 3380 2885 monasterio
3404 2834 3541 2894 loco,
3569 2831 3728 2885 reﬂuis

2205 2917 2429 2985 undique
2459 2920 2617 2971 maris
2645 2919 2886 2972 ﬂuctibus
2914 2919 3085 2972 cincto
3113 2921 3374 2972 solitarius
3402 2921 3661 2973 manebat.
3684 2920 3728 2972 In

2205 3005 2300 3060 hoc
2329 3004 2518 3060 etenim
2550 3022 2756 3074 semper
2785 3007 3205 3076 Quadragesimze
3235 3018 3438 3075 tempus
3466 3023 3646 3074 agere.
3683 3009 3726 3060 in

2205 3094 2300 3146 hoc
2329 3094 2664 3161 quadraginta
2695 3106 2814 3146 ante
2841 3096 3159 3152 dominicum
3199 3100 3370 3148 natale
3400 3095 3513 3148 dies
3544 3097 3592 3149 iu
3623 3113 3726 3149 rna-

2203 3194 2301 3247 gna
2331 3182 2662 3234 continentia:
2685 3220 2698 3244 ,
2739 3183 2988 3236 orationis
3015 3193 3066 3237 et
3098 3184 3444 3252 lacrymarum
3469 3186 3726 3238 devotitme

2201 3270 2389 3322 ducere
2418 3281 2782 3325 consueverat.
2825 3272 2879 3324 In
2919 3287 3020 3340 quo
3059 3274 3215 3325 etiam
3254 3274 3570 3326 venerabilis
3607 3290 3725 3340 pra--

2203 3374 2380 3412 cessor
2419 3359 2532 3426 ejus
2573 3363 2915 3424 Cudberctus,
2959 3361 3253 3430 priusquam
3300 3362 3467 3416 Farne
3515 3374 3725 3428 peteret.

2203 3449 2334 3501 sicut
2360 3458 2411 3502 et
2439 3465 2599 3518 supra
2631 3450 2920 3516 docuimus,
2943 3451 3242 3520 aliquandiu
3267 3461 3503 3506 secretus
3527 3452 3726 3504 Domia

2204 3539 2472 3591 militabat.
2521 3540 2822 3592 Attulerunt
2864 3548 3034 3593 autem
3074 3550 3127 3593 et
3167 3551 3366 3608 partem
3411 3541 3723 3594 indumento;

2205 3642 2318 3680 rum
2340 3666 2357 3692 ,
2387 3642 2500 3696 quis
2529 3643 2718 3697 corpus
2743 3639 2978 3684 sanctum
3009 3630 3317 3684 ambierant.
3351 3630 3476 3696 Qu:
3505 3645 3621 3682 cum
3649 3631 3725 3683 illa

2205 3726 2257 3770 et
2285 3730 2497 3775 munera
2525 3725 2792 3786 gratanter
2828 3719 3118 3783 acciperet,
3161 3727 3216 3772 et
3242 3716 3489 3771 miracula
3521 3718 3726 3771 libenter

2205 3805 2435 3872 audiret,
2468 3820 2586 3859 nam
2627 3814 2679 3860 et
2725 3807 2833 3874 ipsa
2863 3806 3162 3860 indumenta
3191 3805 3340 3874 quasi
3380 3805 3549 3859 Patris
3576 3806 3726 3860 adhuc

2206 3896 2408 3961 corpori
2471 3897 2790 3948 circumdata
2847 3897 2980 3948 miro
3031 3896 3433 3949 deosculabatur
3487 3894 3666 3948 εσθαι
3711 3908 3726 3944 :

2211 4004 2228 4033 ι
2265 3985 2428 4047 Nova,
2462 3987 2656 4053 inquit,
2689 3987 2988 4039 indumenta
3017 3988 3220 4054 corpori
3251 4002 3347 4054 pro
3376 3988 3457 4040 bis
3485 4001 3597 4054 qua
3624 3987 3727 4038 tuli-

2206 4077 2297 4127 stis
2323 4085 2343 4112 ε
2367 4076 2702 4139 circumdate,
2733 4087 2784 4128 et
2810 4077 2884 4128 sic
2913 4078 3145 4143 reponite
3172 4076 3224 4128 in
3247 4075 3269 4110 ³
3293 4077 3450 4130 theca
3478 4091 3628 4146 quam
3653 4089 3728 4143 pa-

2209 4165 2382 4217 rastis.
2429 4165 2548 4218 Scio
2591 4173 2766 4218 autem
2794 4165 3086 4218 certissime
3123 4163 3241 4232 quia
3283 4180 3387 4218 non
3429 4168 3515 4221 diu
3554 4181 3726 4221 vacuas

2210 4254 2493 4307 remanebit
2535 4253 2679 4307 locus
2704 4254 2790 4320 qui
2830 4263 2967 4307 tanta
3009 4254 3245 4308 caelestis
3281 4257 3520 4309 miraculi
3557 4255 3726 4309 virtu:

2209 4351 2538 4395 consecratus
2565 4351 2664 4396 est.
2699 4342 2762 4394 Et
2789 4342 2970 4397 beatus
2996 4350 3077 4396 est
3104 4342 3346 4405 multum,
3379 4345 3463 4396 cui
3493 4344 3543 4397 in
3571 4358 3632 4396 eo
3655 4357 3724 4395 se»

583 4432 768 4489 quanta
821 4422 870 4473 itt
912 4421 1077 4490 gloria
1138 4423 1212 4474 vir
1238 4433 1443 4476 sanctus
1474 4429 1589 4488 post
1625 4432 1844 4476 mortem
1891 4426 2105 4490 viveret,
2142 4448 2188 4503 ο
2213 4432 2328 4483 dem
2375 4430 2672 4498 quiescendi
2719 4431 2965 4485 Dominus
3001 4446 3139 4486 verat
3181 4431 3524 4486 beatitudinis
3564 4439 3722 4486 auctor

1506 4530 1955 4587 VULGATORUM
2001 4537 2384 4597 VARIANTES
2425 4539 2811 4596 LECTIONES.
2868 4559 2897 4573 δ

653 4623 668 4651 ⁸
692 4617 983 4672 Clamorem.

647 4691 666 4718 ³
695 4690 898 4751 Lapillis
920 4690 1130 4756 impleta.

648 4757 668 4786 ⁸
695 4756 719 4806 Ι
727 4769 967 4810 nveniam.

649 4819 669 4845 ⁵
698 4826 792 4889 Qui
811 4841 961 4878 more.
981 4871 984 4873 _

2277 4633 2296 4662 ⁸
2342 4631 2577 4683 Viderunt
2605 4631 2776 4684 nimio.

2275 4703 2295 4732 ⁸
2337 4701 2433 4762 Qui
2460 4717 2589 4752 cum.

2278 4771 2297 4802 ⁷
2335 4770 2493 4822 Theca
2501 4786 2564 4823 m.

1881 4921 2217 4977 VARIOR‘JM
2257 4922 2478 4976 NOTaE.

652 5008 921 5129 ‘SVolens.
966 5007 1092 5060 Vide
1129 5008 1224 5060 hoc
1266 5019 1420 5076 caput
1461 5026 1588 5079 pene
1633 5024 1974 5080 essenptum,
2019 5029 2103 5080 tv,

655 5116 664 5126 .
741 5090 886 5129 utru.

581 5079 664 5131 50.
699 5079 886 5129 Sutrn.

649 5145 674 5180 δ
714 5145 990 5213 Integmm.
1042 5147 1142 5202 Au.
1193 5144 1323 5199 1284
1373 5146 1660 5200 Willelmus
1709 5149 2102 5204 Dumblanens‘ls

581 5216 852 5282 episcopus
877 5213 1189 5268 visinntibus
1215 5216 1563 5270 inc0rru:ttum
1586 5231 1770 5282 corpus
1788 5224 1947 5271 sancti
1967 5221 2103 5271 Cud-

582 5285 742 5336 bercti
772 5282 1137 5348 indulgentiam
1165 5285 1302 5333 dedit
1323 5286 1388 5337 40
1409 5287 1625 5336 dierum.
1653 5287 1812 5349 Quam
1835 5304 1894 5339 ex
1923 5290 2099 5341 charta

587 5352 820 5424 originali
852 5352 1086 5424 Dunelmi
1121 5363 1379 5403 asservata
1421 5354 1740 5422 desumptam
1773 5356 1887 5408 vide
1917 5357 1966 5409 in
2000 5363 2102 5424 Ap-

583 5421 735 5486 pend.
768 5419 825 5470 Ν.
862 5435 1002 5472 xxvr.
1033 5422 1099 5471 In.

655 5500 674 5524 ε
700 5487 1026 5540 Circnmdate.
1051 5495 1098 5538 In
1121 5489 1406 5542 deiectione
1423 5492 1550 5545 sacri
1574 5492 1801 5557 corporis
1820 5507 1951 5543 anno
1971 5505 1987 5545 ι
2007 5495 2099 5545 ιΟι

584 5554 732 5627 facta,
762 5567 943 5627 pneter
969 5573 986 5605 ι
1009 5558 1236 5621 pallium,
1260 5560 1583 5611 dalmaticam
1607 5554 1676 5612 ex'
1694 5576 1910 5627 purpura
1936 5573 1984 5613 et
2009 5565 2101 5614 lin-

585 5625 822 5696 teamina.
848 5642 866 5674 ι
894 5626 1194 5677 invenerunt
1225 5647 1239 5675 ι
1267 5631 1516 5692 pectinem
1538 5625 1838 5690 eburneum,
1863 5631 2098 5696 forcipes,

580 5693 1067 5758 altareargenteutn,
1085 5699 1364 5764 corporalia
1379 5713 1491 5750 cum
1505 5707 1706 5765 pateua,
1723 5698 1873 5751 etiam
1888 5693 2100 5754 Culicem

2207 5031 2416 5089 parvum
2436 5017 2661 5089 quidem,
2679 5031 2770 5070 sea
2793 5017 3004 5089 materia
3027 5025 3248 5087 etopere
3265 5020 3547 5086 pretiosum
3562 5040 3574 5073 :
3589 5019 3718 5089 cuius

2207 5087 2419 5156 inferior
2449 5101 2563 5149 pars
2593 5087 2808 5154 figuram
2848 5087 3010 5156 leonis
3047 5103 3109 5140 ex
3156 5103 3284 5141 auro
3328 5091 3602 5156 purissimo
3637 5087 3715 5142 lia-

2205 5152 2332 5224 bens
2351 5193 2364 5216 ,
2397 5163 2562 5220 gestat
2590 5152 2744 5224 dorso
2766 5154 2984 5224 lapidem
3012 5152 3468 5224 ooycbinum'arte
3498 5161 3712 5224 pulcher-

2206 5222 2331 5293 rima
2362 5233 2618 5288 cavatum,
2655 5242 2673 5274 ι
2708 5220 2778 5273 uti
2809 5223 2859 5274 in
2907 5223 3036 5276 libro
3075 5220 3279 5279 Trans].
3328 5227 3394 5278 Et
3429 5220 3711 5293 Anonymu

2204 5291 2387 5362 addit:
2428 5311 2445 5342 ι
2479 5293 2601 5344 Nam
2632 5293 2893 5343 sudarium
2924 5293 3252 5347 revolventes
3290 5310 3394 5360 quo
3433 5291 3596 5361 caput
3620 5295 3712 5362 ejus

2204 5360 2520 5430 cingebatur.
2537 5361 2761 5425 pristinae
2776 5361 3101 5430 canditlitatis
3117 5360 3709 5430 pulchritudinem”

2219 5427 2352 5478 liens
2372 5470 2384 5489 ,
2417 5441 2468 5480 et
2498 5431 2684 5481 [leones
2714 5431 2834 5480 novi
2865 5429 3049 5494 quibus
3074 5427 3338 5484 calceatus
3365 5440 3480 5492 est,
3512 5433 3564 5485 in
3589 5433 3712 5485 bsi-

2206 5497 2298 5545 lica
2330 5507 2500 5549 nostra
2528 5499 2659 5550 inter
2685 5499 2924 5563 reliquias
2945 5513 3037 5565 pro
3063 5499 3372 5551 testimoniis
3395 5515 3558 5563 usque
3581 5499 3708 5552 Indis

2199 5563 2468 5617 liabeutur.
2509 5584 2526 5615 ι
2563 5567 2688 5617 Infra
2718 5567 2871 5618 etiam
2898 5605 2912 5625 .
2947 5563 3048 5619 sub
3095 5566 3249 5620 ﬁnem
3295 5568 3389 5622 lib.
3435 5582 3508 5630 tv.
3545 5571 3711 5620 calcea-

2197 5642 2366 5708 manm
2387 5649 2476 5708 seu
2504 5636 2680 5708 ﬁcones
2707 5634 3004 5708 Cutbbereti
3029 5635 3090 5686 ad
3117 5637 3386 5708 paralytict
3415 5637 3707 5694 curatio-ul

2197 5701 2426 5756 adhibita
2459 5705 2611 5759 fuisse
2641 5711 2872 5758 testatur.
2904 5703 3126 5758 MABILL.
