3862 6322
150 480 264 538 783

837 480 1021 534 SECT.
1063 482 1100 533 1.
1138 508 1205 520 -—-
1245 474 1793 530 HAUIOGRAPIIICA.
1835 474 2091 527 ——'VlTA
2126 473 2183 526 S.
2224 473 2622 528 CUTHBERTI.

3092 490 3151 503 ’·-
3196 474 3302 527 786

143 606 313 659 atque
362 592 567 659 largitor
606 590 887 643 concedere
926 592 1182 657 dignatur.
1230 588 1530 654 Atljecitque
1578 583 1670 635 mi-
1699 586 1745 640 A
1773 579 1987 632 adorare
2023 578 2085 631 ad
2125 594 2312 647 corpus
2348 580 2678 633 sacratissimi
2712 579 2805 632 viri
2847 579 2967 635 Dei.
3010 588 3120 632 crat
3160 582 3296 633 enini

144 681 341 748 rando,
375 695 487 747 qum
514 680 766 748 quondam
798 679 1027 731 versibus
1057 678 1184 741 dixi,
1214 688 1266 729 et
1292 677 1393 728 ait:

278 804 307 833 ι
332 789 447 843 Quis
469 786 648 834 Domini
674 787 903 843 expediet
934 786 1145 833 cmlestla
1169 798 1361 831 munera
1396 783 1545 839 dictis,

341 848 428 895 Vel
455 849 759 905 paradisiacas
779 860 883 904 qua:
904 848 1027 905 capit
1049 848 1174 892 auris
1196 846 1345 899 apes?

316 907 439 955 Doni
465 909 567 966 pius
587 908 736 952 infesti
761 908 968 964 disrupta
993 908 1199 966 pondere
1224 906 1357 961 Icilii,

339 964 512 1013 Vivere
532 968 717 1013 siderea
736 978 926 1020 semper
950 967 994 1010 in
1017 977 1124 1011 arce
1146 964 1291 1020 dabit;

280 1028 462 1075 Mortua
488 1039 608 1072 nunc
638 1035 764 1071 tanto
787 1028 863 1083 qui
888 1026 1054 1071 membi
1071 1038 1094 1068 a
1119 1024 1309 1069 dectirat
1332 1023 1530 1078 honore,

342 1084 634 1139 Pulchraque
660 1094 898 1143 perpetuae.
925 1088 1115 1141 pignora
1141 1092 1320 1140 prastat
1343 1083 1457 1143 Opis.

280 1146 524 1203 Quamque
549 1140 681 1190 beata
708 1143 869 1203 domus
890 1140 975 1188 snh
1001 1150 1221 1203 tantoque
1242 1144 1422 1203 hospite
1448 1140 1616 1201 fulges,

336 1200 503 1251 Nescia
526 1216 631 1261 quze
658 1206 773 1249 nam
802 1202 974 1248 lumine
998 1202 1102 1247 laeta
1126 1202 1288 1248 micas!

278 1262 380 1310 Nec
403 1265 482 1310 tibi
506 1262 711 1318 dillicile,
736 1261 1063 1321 Omnipotens,
1090 1261 1309 1307 mandare
1333 1261 1420 1308 sub
1442 1270 1571 1319 arvo,

340 1322 413 1369 Ne
437 1324 455 1352 ¹
479 1326 668 1381 depasta
693 1329 825 1367 voret
845 1319 1007 1368 funera
1033 1319 1161 1366 labes
1182 1320 1319 1377 edax;

278 1385 369 1440 Qui
397 1382 549 1429 triduo
572 1393 732 1427 servas
752 1382 841 1427 ceti
863 1381 949 1427 sub
970 1382 1150 1427 viscere
1177 1386 1348 1435 vatem,

340 1443 478 1487 Lucis
498 1444 588 1486 iter
623 1440 831 1497 pandens
853 1443 1015 1486 mortis
1039 1442 1095 1486 ab
1118 1451 1201 1485 ore
1225 1447 1321 1497 tuo;

266 1500 367 1557 Qui
394 1502 637 1558 ignibusiu
672 1498 779 1544 med
801 1501 839 1545 is
862 1501 880 1530 ³
906 1501 1099 1545 iusontia
1134 1499 1340 1544 membra
1365 1499 1530 1550 tueris,

338 1558 410 1605 Ne
428 1562 449 1588 δ
473 1559 724 1606 Hebraeum
752 1558 776 1585 ⁸
803 1566 969 1606 noceat
990 1558 1190 1604 tilialdea
1226 1559 1405 1605 flamma
1427 1559 1597 1611 decus;

276 1616 411 1665 Dena
434 1626 601 1677 quater
627 1631 820 1664 renovas
855 1630 936 1675 per
959 1617 1128 1675 frigora
1154 1617 1303 1675 plebis
1326 1620 1541 1664 amictum

340 1679 456 1733 Quae
482 1679 650 1723 variam
674 1679 860 1737 fugiens
883 1678 998 1722 invia
1019 1684 1177 1722 servat
1198 1679 1417 1737 humum;

278 1738 367 1794 Qui
392 1738 595 1784 rediviva
632 1734 787 1783 levem
823 1738 990 1781 fortnas
1011 1739 1056 1782 in
1079 1737 1286 1782 membra
1312 1734 1530 1793 favil'am,

339 1795 453 1844 Cum
476 1801 650 1844 tremet
670 1796 897 1855 angelicis
916 1797 1117 1842 mundus
1139 1799 1197 1841 ab
1225 1807 1317 1842 axe
1336 1796 1475 1842 tubis.
1502 1811 1523 1837 it

145 1897 171 1929 ⁸
199 1898 327 1952 Hzec
355 1909 402 1951 et
435 1898 723 1965 bnjusmodi
766 1898 905 1964 plura
936 1898 1020 1950 ubi
1060 1898 1234 1949 multis
1262 1912 1376 1951 cum
1417 1897 1674 1963 lacrymis,
1713 1887 1755 1944 Β

144 2002 215 2039 ac
268 2001 449 2054 magna
497 1988 889 2053 compunctione
936 1986 1161 2051 pontifex
1212 1993 1463 2037 tremente
1510 1984 1680 2049 lingua

144 2077 454 2144 complevit,
480 2077 711 2129 fecerunt
739 2077 919 2129 fratres
946 2085 999 2129 ut
1022 2078 1247 2143 iusserat
1274 2092 1289 2130 :
1320 2085 1370 2129 et
1399 2076 1679 2128 involutum

148 2179 296 2216 novo
337 2165 525 2216 amictu
571 2179 756 2231 corpus
803 2166 1005 2229 levique
1050 2168 1099 2217 in
1144 2165 1291 2218 theca
1339 2165 1679 2232 reconditum,

146 2268 317 2319 super
342 2254 685 2318 pavimentum
715 2252 990 2305 sanctuarii
1019 2262 1435 2319 composuerunt.

143 2360 306 2413 CAP.
348 2358 519 2411 XLIII.
565 2360 821 2423 Quomodo
863 2374 1039 2423 corpus
1087 2358 1345 2411 Eadbercti
1383 2359 1597 2427 episcopi
1632 2360 1683 2411 in

224 2428 528 2506 tumultiviri
552 2429 639 2479 Dei
658 2437 911 2495 ponentes,
934 2428 1290 2496 sarcopltagunt
1317 2428 1448 2479 illius
1474 2430 1683 2496 desuper

221 2506 498 2561 posuerint.

224 2604 427 2655 Interea
476 2604 578 2655 Deo
606 2602 821 2656 dilectus
861 2604 1075 2656 antistes
1100 2601 1128 2638 δ
1162 2603 1475 2656 Eadberctus
1505 2603 1685 2657 morbo

146 2693 433 2761 corripitur
461 2695 667 2753 acerbo,
709 2700 760 2745 et
787 2702 1053 2745 crescente
1092 2706 1183 2759 per
1218 2693 1330 2744 dies
1368 2692 1685 2760 multumque

151 2786 547 2850 ingravescente
582 2782 771 2834 ardore
800 2781 1087 2848 languoris,
1120 2795 1220 2833 non
1261 2780 1421 2832 multo
1456 2788 1602 2846 post,
1635 2778 1684 2830 id

147 2881 258 2933 cst,
292 2871 314 2899 °
348 2871 507 2938 pridie
555 2869 726 2935 Nonas
770 2870 945 2933 Maias,
991 2870 1146 2922 etiam
1186 2870 1296 2935 ipse
1344 2869 1578 2936 migravit
1620 2868 1684 2921 ad

152 2958 432 3009 Dominum
464 2974 473 3006 :
508 2960 780 3025 impetrato
816 2958 883 3009 ab
918 2972 982 3010 eo
1024 2973 1256 3021 munere,
1297 2958 1429 3025 quod
1471 2958 1685 3026 diligen-

154 3046 361 3099 tissime
390 3047 629 3112 petierat,
663 3047 936 3112 videlicet,
981 3056 1034 3099 ut
1062 3062 1162 3099 non
1194 3050 1457 3113 repentina
1486 3058 1682 3111 morte,

152 3135 249 3185 sed
283 3135 436 3200 longa
464 3142 706 3187 excoctus
749 3136 1051 3202 :egritudine
1098 3138 1337 3190 transiret
1377 3151 1406 3189 e
1446 3151 1681 3204 corpore.

150 3222 319 3290 Cujus
345 3238 530 3291 corpus
572 3229 621 3277 in
651 3227 889 3292 sepulcro
925 3226 1060 3277 beati
1101 3225 1265 3278 Patris
1293 3227 1565 3279 Cudbercti
1597 3242 1687 3291 po-

154 3322 364 3376 nentes,
412 3321 757 3379 apposuerunt
801 3312 1022 3383 desuper
1065 3326 1238 3367 arcam
1278 3314 1326 3365 iu
1377 3329 1473 3381 qua
1522 3316 1689 3367 incor-

152 3408 309 3467 rupta
340 3401 570 3467 ejusdem
608 3401 774 3453 Patris
802 3402 1032 3453 membra
1064 3400 1375 3453 locaverant.
1418 3400 1511 3453 Ulii
1551 3414 1687 3453 nunc

152 3502 324 3555 usque
354 3490 395 3541 si
438 3487 720 3555 petentium
750 3487 876 3541 fides
917 3489 1119 3555 exigat,
1150 3488 1515 3540 miraculorum
1543 3488 1684 3555 signa

153 3578 273 3631 ﬁeri
304 3593 401 3630 non
430 3577 686 3631 desinunt.
731 3578 830 3631 Sed
858 3586 909 3631 et
945 3578 1240 3630 indumenta
1271 3593 1385 3646 qua:
1426 3577 1689 3631 sanctissi-

154 3680 305 3717 mum
332 3679 518 3731 corpus
544 3665 655 3730 ejus
686 3664 765 3717 vel
796 3666 965 3718 vivum
997 3666 1073 3719 vel
1100 3666 1357 3732 sepultum
1389 3666 1684 3731 vestierant,

152 3770 184 3805 a
216 3752 378 3822 gratia
404 3754 613 3805 curandi
643 3767 741 3805 non
771 3762 973 3807 vacant.

152 3858 314 3912 CAP.
358 3857 535 3912 XLIV.
587 3859 811 3923 Qualiter
855 3872 1065 3933 a'grotqs
1107 3863 1171 3914 ad
1214 3861 1435 3914 tumbam
1474 3865 1581 3932 ejus
1626 3863 1688 3915 ait

714 3930 899 3997 oranda
926 3930 1141 3984 curatus.

122 4022 137 4059 ’³
233 4033 462 4100 Denique
485 4035 764 4088 adveniens
790 4039 1145 4091 transmarinis
1166 4052 1195 4090 e
1217 4039 1445 4106 partibus
1466 4038 1687 4092 clericus

154 4124 371 4190 quidam
424 4126 826 4180 reverentissimi
876 4136 929 4181 et
979 4109 1290 4182 sanctissimi
1336 4126 1363 4164 ἀ
1410 4128 1686 4182 Wilbrordi

152 4211 443 4265 Clementis
485 4212 769 4266 Fresonum
813 4217 978 4281 gentis
1018 4218 1279 4284 cpiscOpi,
1324 4218 1447 4270 dum
1497 4219 1690 4284 aliquot

154 4298 277 4352 dies
317 4300 503 4353 ibidem
534 4301 721 4367 hospes
760 4314 1067 4368 moraretur,
1098 4306 1288 4358 decidit
1327 4307 1376 4359 in
1420 4306 1689 4359 inﬁrmita-

158 4399 268 4439 tem
306 4389 680 4461 gravissimam,
730 4390 798 4443 ita
848 4399 903 4444 ut
941 4393 1284 4447 invalesceute
1338 4409 1428 4460 per
1478 4395 1683 4464 longum

1778 669 1890 721 dies
1919 669 2177 722 Dominica
2202 685 2215 721 :
2239 683 2392 735 spero
2415 682 2504 735 per
2530 669 2740 735 gratiam
2774 669 3161 737 intercessionis
3183 673 3293 735 ejus

1780 755 1857 807 ltis
1886 756 2200 809 cruciatibus
2224 758 2431 822 eripiar,
2464 765 2518 808 ut
2545 760 2624 809 vel
2665 768 2869 810 sanatus
2901 760 2962 809 ad
2996 770 3297 823 praesentem

1776 845 1931 896 vitam
1979 846 2218 907 redeam,
2270 848 2350 897 vel
2395 844 2665 897 defunctus
2711 846 2997 912 perveniam
3045 848 3107 897 ad
3152 857 3297 899 aeter-

1780 948 1911 985 nam.
1950 951 1968 984 i
2006 933 2145 986 Fecit
2171 934 2254 987 ille
2283 943 2338 984 ut
2371 945 2655 1000 rogaverat,
2688 934 2969 1001 baculoque
2998 936 3298 990 innitentcut

1779 1029 2023 1085 aegrotum
2055 1021 2105 1073 in
2134 1021 2402 1073 ecclesiam
2434 1036 2534 1073 non
2564 1035 2719 1087 parvo
2747 1037 2860 1074 cum
2902 1022 3075 1075 labore
3112 1022 3300 1089 perdu-

1777 1115 1869 1165 xit.
1900 1114 1994 1177 Qui
2023 1129 2141 1166 cum
2170 1114 2232 1165 ad
2266 1114 2555 1175 sepulcrum
2586 1114 2889 1165 sanctissimi
2918 1128 2978 1165 ac
3000 1114 3102 1165 Deo
3128 1112 3297 1165 dilecti

1777 1202 1942 1252 Patris
1984 1215 2148 1267 genua
2194 1209 2453 1262 curvaret,
2493 1210 2642 1267 caput
2679 1201 2730 1253 in
2770 1208 2957 1253 terram
2996 1200 3299 1263 dimitteret,

1776 1300 1870 1354 pro
1898 1301 1986 1339 sua
2010 1289 2260 1355 sospitate
2288 1296 2512 1354 rogaret,
2539 1296 2703 1340 tantas
2724 1290 2966 1340 continuo
2988 1289 3124 1340 vires
3148 1302 3296 1341 suum

1777 1389 1962 1439 corpus
1995 1375 2058 1426 de
2096 1375 2390 1442 incorrupto
2432 1374 2566 1426 illius
2596 1389 2812 1440 corpore
2854 1374 3113 1439 accepisse
3138 1374 3157 1406 ’
3187 1390 3300 1439 per-

1776 1467 1954 1523 sensit,
1982 1473 2035 1516 ut
2062 1464 2251 1527 absque
2282 1464 2453 1515 labore
2483 1462 2591 1529 ipse
2619 1465 2683 1513 alt
2709 1465 2942 1515 oratione
2974 1472 3297 1529 resurgeret;

1775 1554 1967 1617 absque
1996 1554 2310 1605 adminiculo
2341 1554 2417 1605 vel
2454 1553 2675 1609 ministri
2708 1554 2969 1617 ducentis,
3010 1553 3092 1605 vel
3136 1553 3303 1605 baculi

1775 1641 2143 1701 sustentantis,
2191 1641 2253 1691 ad
2301 1640 2576 1706 hospitium
2625 1640 2832 1694 rediret.
2885 1639 2979 1705 Qui
3032 1648 3144 1705 post
3189 1639 3301 1693 dies

1778 1739 1964 1793 paucos
2011 1726 2247 1777 roborata
2296 1726 2360 1776 ad
2412 1727 2669 1793 integrum
2716 1727 2921 1791 virtute,
2966 1728 3100 1779 viam
3146 1740 3297 1795 quam

1777 1816 2095 1881 diSposuerat
2126 1815 2337 1880 peregit.

1881 1922 2025 1975 CAP.
2070 1920 2220 1976 XLV.
2264 1921 2520 1985 Quomodo
2557 1920 2857 1988 paralyticus
2884 1922 2947 1973 sit
2975 1936 3060 1987 per
3086 1922 3195 1987 ejus

2254 1992 2579 2041 caiceamenta
2605 2000 2823 2042 sanatus.

1850 2098 1977 2152 Erat
2000 2097 2051 2151 in
2080 2100 2391 2152 monasterio
2411 2100 2630 2163 quodam
2661 2114 2762 2152 non
2790 2099 2965 2166 procul
2993 2097 3107 2152 inde
3134 2101 3304 2168 posito

1786 2187 2113 2252 adolescens,
2144 2201 2201 2238 ea
2228 2201 2379 2254 quam
2408 2187 2571 2239 Graeci
2599 2186 2853 2254 paralysin
2878 2196 3061 2240 vocant
3088 2185 3303 2241 inﬁrmi-

1783 2282 1905 2335 tate,
1927 2275 2065 2325 umni
2097 2275 2445 2326 membrorum
2469 2273 2637 2324 ofﬁcio
2659 2272 2951 2326 destitutus.
2977 2273 3122 2327 Unde
3141 2275 3299 2328 abbas

1784 2365 1972 2431 ipsius,
2004 2349 2179 2417 sciens
2202 2366 2248 2413 in
2273 2362 2584 2416 monasterio
2611 2364 2631 2393 ⁸
2658 2361 3150 2415 Lindisfarnensium
3194 2377 3300 2415 me-

1780 2454 1923 2507 dicos
1946 2467 2063 2505 esse
2092 2452 2448 2517 peritissimos,
2481 2449 2616 2505 misit
2643 2464 2758 2503 eum
2792 2450 2902 2513 illo,
2938 2440 3122 2516 rogans
3162 2450 3303 2502 intir-

1783 2542 1940 2593 manti
1969 2542 2013 2593 si
2040 2540 2156 2606 quid
2190 2550 2398 2606 possent
2422 2539 2701 2592 curationis
2723 2535 3037 2591 conferrent.
3065 2539 3297 2601 Quicum

1784 2644 1878 2683 8th
1904 2643 2104 2695 quoque
2133 2628 2317 2680 abbate
2344 2636 2397 2679 et
2432 2628 2673 2693 episcopo
2710 2627 3009 2693 jubentibus
3036 2626 3304 2695 diligenter

1785 2716 1855 2770 illi
1882 2719 2182 2769 assisterent
2203 2754 2216 2773 ,
2247 2725 2297 2766 et
2320 2712 2570 2781 quidquid
2600 2708 2812 2764 nossent
2835 2726 2954 2777 erga
2993 2727 3111 2765 eum
3154 2714 3302 2764 indu-

1784 2806 1928 2856 striae
1975 2802 2296 2856 medicinalis
2340 2800 2719 2867 impenderent,
2765 2800 2890 2854 nihil
2933 2798 3144 2853 omnino
3187 2813 3303 2867 pro-

1786 2890 1941 2943 ficere
2000 2889 2241 2942 valebant
2295 2905 2307 2939 :
2364 2888 2485 2951 quin
2545 2887 2714 2955 potius
2762 2886 3028 2939 crescebat
3077 2885 3304 2953 quotidie

1785 2977 1995 3030 morbus
2014 3016 2027 3039 ,
2064 2985 2114 3030 et
2154 2975 2395 3043 paulatim
2427 2975 2476 3026 in
2505 2973 2762 3026 deteriora
2789 2975 3063 3039 vergebat,
3092 2973 3222 3026 adeo
3250 2982 3305 3025 ut

1787 3076 2011 3134 excepto
2038 3080 2129 3120 ore
2155 3066 2349 3119 nullum
2379 3081 2507 3132 pene
2536 3067 2819 3118 membrum
2853 3074 3021 3130 posset
3050 3064 3161 3117 loco
3190 3078 3301 3117 mo-
3360 3119 3367 3125 ,

1787 3170 1927 3210 vere.
1954 3154 2183 3223 Cumque
2212 3169 2239 3205 a
2269 3155 2561 3207 carnalibus
2592 3154 2800 3207 medicis
2829 3154 2914 3206 diu
2942 3144 3123 3205 frustfa
3154 3152 3299 3206 labo-

1790 3245 2020 3298 rautibus
2047 3246 2346 3309 desperatus
2371 3259 2430 3297 ac
2456 3244 2689 3296 desertus
2710 3244 2921 3309 jaceret,
2954 3240 3216 3307 confugit'
3236 3240 3300 3293 ad

1788 3333 2029 3384 auxilium
2080 3328 2265 3384 medici
2306 3332 2569 3385 ccclesiis:
2603 3333 2687 3398 qui
2738 3331 2788 3383 in
2838 3332 3049 3383 veritate
3094 3329 3299 3397 petitus,

1792 3421 2041 3486 propitius
2066 3418 2118 3472 fit
2148 3420 2383 3472 omnibus
2411 3419 2757 3484 iniquitatibus
2783 3420 3000 3483 nostris,
3031 3428 3083 3473 et
3110 3421 3194 3488 qui
3221 3434 3299 3474 sa-

1790 3516 1877 3559 nat
1902 3520 2079 3558 omnes
2109 3506 2380 3575 languores
2424 3516 2644 3560 nostros.
2694 3506 2908 3574 Rogavit
2947 3521 3167 3575 namque
3210 3508 3304 3560 mi-

1791 3596 2007 3647 nistrum
2029 3608 2199 3657 suum,
2222 3605 2277 3668 ut
2300 3596 2518 3663 aliquam
2544 3594 2638 3647 sibi
2659 3594 2699 3626 ¹⁰
2726 3595 3012 3663 portionem
3042 3596 3107 3649 de
3134 3596 3302 3650 incor-

1789 3682 2298 3750 ruptibilibussacri
2349 3684 2582 3745 corporis
2627 3682 2834 3736 afferret
2886 3683 3125 3747 exuviis,
3183 3685 3301 3750 quia

1788 3774 2018 3825 crederet
2050 3786 2139 3836 per
2175 3771 2328 3839 hujus
2364 3784 2421 3824 se
2443 3771 2679 3825 virtutem
2700 3809 2715 3835 ,
2742 3772 2804 3824 ad
2829 3772 3045 3840 gratiam
3070 3772 3301 3826 sanitatis

1792 3860 2007 3913 Domino
2049 3860 2299 3927 largiente
2342 3873 2691 3914 reversurum.
2719 3860 2817 3925 Qui
2844 3862 3077 3914 consulto
3120 3854 3303 3915 abbate

1788 3949 1959 4001 attulit
1985 3948 2359 4013 cmineum,
2405 3963 2520 4018 quae
2546 3950 2643 4004 viri
2673 3950 2763 4005 Dei
2804 3950 2856 4004 in
2884 3950 3121 4019 sepulcro
3149 3951 3303 4018 pedes

1789 4036 2093 4099 induerant,
2124 4045 2177 4090 et
2197 4050 2256 4088 ea
2283 4036 2499 4103 pedibus
2526 4037 2787 4090 dissolutis
2813 4039 2992 4105 aegroti
3020 4037 3305 4091 circumde-

1788 4123 1903 4185 dit:
1934 4131 2182 4197 siquidem
2227 4132 2392 4197 primo
2439 4146 2467 4183 a
2516 4132 2730 4199 pedibus
2771 4146 2888 4186 eum
2935 4131 3186 4199 paralysis
3212 4132 3303 4184 ad-

1790 4220 2145 4286 prehenderat.
2172 4219 2314 4272 Fecit
2338 4228 2507 4272 autem
2530 4220 2628 4273 hoc
2653 4221 2817 4273 noctis
2842 4220 3006 4283 initio,
3030 4233 3145 4273 cum
3173 4227 3300 4269 tem-

1791 4321 1884 4376 pus
1922 4306 2273 4375 requiescendi
2316 4307 2556 4372 adesset;
2600 4308 2874 4374 statimque
2918 4306 3005 4359 illc
3048 4302 3300 4371 placidum

1790 4396 2029 4448 dimissus
2058 4396 2106 4447 in
2134 4408 2373 4459 soporem
2395 4432 2409 4457 ,
2446 4394 2754 4461 procedente
2792 4394 3109 4459 intempesta;
3137 4390 3301 4443 noctis

156 4472 183 4504 ⁸
205 4480 411 4539 tempus
436 4477 665 4531 molestia
706 4479 810 4545 jam
838 4480 1135 4547 desperatus
1175 4482 1390 4551 jaceret.
1433 4484 1526 4547 Qui
1568 4500 1683 4537 cum
1715 4479 1767 4536 Ι)
1790 4484 2023 4545 silentio,
2052 4483 2208 4547 coepit
2249 4482 2461 4535 alternis
2493 4482 2741 4549 palpitare
2771 4481 3013 4548 pedibus,
3041 4486 3098 4531 ut
3135 4478 3302 4545 palam

158 4560 332 4614 victus
381 4563 560 4618 dolore
606 4566 883 4625 videretur
910 4570 1007 4623 sibi
1056 4585 1150 4623 nec
1196 4575 1323 4623 mori
1378 4586 1472 4626 nec
1518 4575 1688 4625 vivere

162 4662 354 4712 posse,
384 4650 594 4705 invento
635 4656 827 4708 salubri
867 4659 1085 4710 consilio
1113 4661 1240 4711 dixit
1279 4660 1517 4713 ministro
1544 4673 1639 4712 suo
1673 4678 1684 4712 :

168 4765 187 4786 ι
222 4736 453 4792 Obsecro
474 4742 721 4817 perducas
748 4760 829 4798 me
856 4747 1005 4801 ltodie
1032 4756 1145 4815 post
1172 4748 1454 4801 celebratas
1480 4749 1685 4810 missas,

1791 4572 1878 4640 qui
1908 4570 2183 4637 vigilabant
2210 4579 2264 4623 et
2290 4571 2529 4623 videbant
2561 4568 2781 4623 ministri
2806 4565 3267 4621 animadverterent
3287 4601 3302 4622 ,

1790 4663 1909 4725 quia
1936 4658 2121 4711 donata
2170 4672 2259 4725 per
2286 4657 2524 4725 reliquias
2566 4656 2661 4708 viri
2688 4654 2865 4709 .sancti
2906 4652 3091 4705 virtute
3132 4649 3304 4703 medi-

1789 4747 1960 4809 candi,
2007 4747 2198 4799 sanitas
2242 4755 2412 4812 optata
2461 4759 2491 4797 a
2539 4744 2709 4811 planta
2756 4741 2940 4812 pedum
2985 4755 3075 4809 per
3118 4746 3304 4793 cetera

1082 4836 1533 4894 VULCATORUM
1579 4836 1951 4893 VARlANTES
1990 4835 2267 4888 LECTION
2278 4833 2371 4885 ES.

242 4919 257 4948 ¹
296 4921 419 4974 Cum
444 4925 569 4990 pius.

300 4990 531 5055 Deposita.

240 5052 260 5084 ³
297 5052 539 5110 Insanita.

239 5121 261 5153 ⁵
300 5122 561 5177 Hebraeum
590 5126 755 5180 (cedat.

240 5190 261 5220 '
298 5190 424 5245 Haec
446 5195 527 5245 ubi
555 5196 738 5251 multis.

1812 4946 1820 4953 -
1861 4925 1879 4955 ⁸
1914 4923 2123 4981 Tempus
2150 4918 2457 4989 egritudine.

1859 4993 1879 5022 "
1920 4983 2261 5049 Persensitfut
2289 4985 2472 5054 absque
2497 4983 2812 5039 adminiculo.

1861 5059 1881 5089 ⁸
1918 5056 2326 5121 Lindisfarnensi.

1862 5128 1880 5157 '
1918 5125 1993 5175 Att
2018 5116 2231 5175 diuinum
2261 5123 2433 5175 medici
2457 5120 2659 5175 celestis
2688 5116 2945 5173 auxilium.

1862 5192 1903 5222 "
1938 5190 2324 5243 Portiuuculam.

1436 5286 1778 5340 VtﬂlORUM
1818 5280 2040 5337 ΝΟΤιΕ.

175 5388 179 5393 ’
244 5380 269 5407 ι
312 5371 520 5441 Νεροαι.
551 5370 708 5425 Recte
734 5386 751 5425 :
782 5386 899 5423 nam
931 5390 1102 5428 nocere
1130 5376 1258 5441 apud
1292 5379 1479 5439 probos
1514 5387 1691 5429 aucto-

175 5453 262 5495 res
288 5444 533 5512 nori'raro
558 5454 673 5493 cuin
717 5451 903 5512 quarto
927 5457 1048 5495 casu
1090 5444 1429 5512 c0njungitur.
1471 5446 1567 5497 Alii
1601 5460 1692 5512 pro

172 5514 345 5560 noceat
369 5508 629 5572 corrigunt
658 5509 823 5561 la'dat.
858 5510 1074 5563 MABlLL.

174 5573 633 5698 ‘utﬂlla‘adberctus.
678 5577 747 5629 De
791 5579 940 5644 hujus
980 5589 1143 5632 morte
1182 5580 1296 5633 vide
1322 5580 1474 5633 etiam
1503 5595 1572 5644 tv,
1603 5579 1688 5635 50.

249 5724 269 5748 ε
312 5709 486 5763 Pridie
517 5709 689 5764 Nonas
718 5712 898 5767 Maias.
950 5715 1062 5782 ipso
1091 5715 1171 5769 die
1214 5717 1395 5771 colitur
1424 5716 1473 5771 in
1502 5716 1690 5783 Marty-

1795 5370 1988 5436 rulogio
2019 5368 2204 5422 Bened.
2234 5368 2288 5419 S.
2320 5364 2681 5436 Eadelbertus,
2702 5366 2847 5433 cujus
2874 5363 3299 5436 obituspostan-

1794 5452 1887 5490 nos
1907 5429 1957 5489 'a
2001 5437 2053 5491 S.
2082 5434 2387 5487 (Iudberctlii
2417 5434 2559 5487 obitu
2584 5429 2847 5493 undecim,
2877 5429 3079 5483 Christi
3108 5430 3303 5483 scilicet

1795 5504 1915 5568 698,
1944 5520 2043 5567 quo
2071 5505 2125 5556 S.
2152 5501 2459 5555 Cudbercthi
2487 5500 2752 5555 translatio
2779 5498 2909 5568 facta
2930 5506 3037 5568 est,
3065 5498 3299 5563 contigit.

1795 5566 1929 5634 Lege
1957 5566 2102 5624 Beda:
2129 5570 2417 5630 Historiam,
2451 5569 2539 5621 lib.
2568 5581 2642 5628 iv,
2670 5580 2781 5631 cap.
2807 5567 2895 5619 30.
2925 5566 3141 5619 ΜΑιιιιι..

1862 5640 1887 5676 ά
1934 5640 2216 5696 Wilbrordi.
2251 5638 2322 5694 De
2352 5634 2643 5691 'Vilbrordo
2669 5635 2786 5689 vide
2810 5649 2859 5697 v,
2894 5635 2978 5702 W,
3006 5635 3091 5693 Η.
3119 5634 3299 5690 Sutrn.
