3862 6326
656 383 754 438 727

1414 385 1606 438 liElle
1645 383 2078 439 VENERABILIS
2113 382 2264 436 OPP.
2302 379 2470 436 PARS
2508 382 2590 435 iV.
2632 411 2699 422 —
2735 382 3107 438 IllSTOiHCL
3706 394 3774 443 782

655 504 885 555 membra
915 510 1051 552 esset
1093 498 1390 552 transitura.
1431 502 1493 552 At
1539 500 1623 552 tibi
1655 508 1955 553 consuetum
1987 499 2035 551 in
2067 513 2176 550 mo-
2205 502 2248 554 Α
2279 497 2457 549 orandi
2485 498 2832 551 retardaretur
2862 500 3123 552 instantia.
3155 499 3283 553 Cum
3325 500 3436 553 h:cc
3463 501 3619 568 igitur
3645 505 3772 559 ius.

662 587 886 640 uastetio
916 598 1179 641 nocturnte
1204 589 1452 640 orationis
1477 589 1681 654 signum
1711 588 1956 650 insonuit,
1987 586 2180 638 excita-

662 688 746 730 tus
777 678 944 729 sonitu
973 677 1159 730 resedit
1203 677 1328 743 ipse.
1375 675 1480 729 Nec
1521 691 1684 739 mora,
1715 676 1947 728 solidatis
1981 676 2178 727 interna

653 768 843 818 virtute
880 767 1077 826 nervis,
1114 775 1417 833 at-ttiumque
1446 765 1780 834 compagibus
1806 766 2092 827 universis,
2122 781 2182 817 ac

655 857 832 908 dolore
863 856 1054 923 fugito,
1086 865 1319 907 satiatura
1351 870 1406 907 se
1431 869 1547 907 esse
1592 853 1880 921 intelligens
1927 855 2178 915 surrexit,

655 953 705 996 et
735 945 785 995 in
812 946 1087 1010 gratiarum
1118 945 1318 997 actione
1343 942 1560 995 Domino
1590 956 1742 995 omne
1772 948 2040 994 nocturnae
2066 942 2180 994 sive

656 1032 915 1084 matutinm
947 1031 1240 1098 psaltnodia
1272 1041 1473 1097 tempus
1515 1033 1697 1084 stando
1725 1031 1987 1098 persolvit.
2032 1032 2180 1084 Mane

653 1132 822 1174 autem
847 1121 952 1186 jam
985 1119 1119 1172 facto
1148 1122 1401 1187 processit
1433 1121 1495 1172 ad
1521 1120 1790 1173 ecclesiam
1812 1161 1828 1182 ,
1857 1120 2176 1174 videntibus-

651 1225 750 1273 que
778 1221 827 1262 et
858 1209 1328 1276 eongratnlantibus
1359 1210 1628 1271 universis,
1657 1210 1672 1238 ¹
1701 1209 1882 1262 circuit
1912 1209 2026 1261 loca
2055 1222 2178 1261 san-

649 1310 728 1351 cta
759 1299 972 1362 orando,
1021 1307 1072 1349 ct
1115 1311 1208 1348 suo
1236 1297 1484 1350 Salvatori
1521 1295 1825 1350 sacriﬁcium
1856 1297 2022 1349 laudis
2051 1296 2168 1349 olle.

651 1387 830 1439 rendo.
865 1389 883 1416 ²
914 1387 1226 1453 Factumque
1253 1397 1333 1439 est
1362 1397 1415 1438 ut
1461 1384 1803 1453 pulcherrima
1851 1401 2022 1438 rerum
2053 1401 2180 1438 con-

649 1477 913 1540 versione,
969 1477 1010 1528 is
1060 1478 1145 1542 qui
1201 1477 1479 1529 dissolutus
1517 1475 1635 1528 ‘toto
1690 1489 1902 1539 corpore
1955 1475 2072 1528 illuc
2125 1475 2175 1527 in

648 1566 886 1618 vehiculo
931 1567 1160 1632 perlatus
1208 1567 1403 1629 fuerat,
1455 1565 1572 1618 inde
1617 1565 1806 1617 strictis
1859 1566 2178 1632 firmatisque

650 1654 896 1705 membris
925 1654 1159 1704 omnibus
1185 1653 1393 1705 dotnnm
1442 1668 1532 1716 per
1558 1667 1614 1704 se
1652 1653 1840 1706 rediret
1884 1653 2177 1705 incolumis.

652 1742 798 1794 Unde
829 1743 1120 1795 meminisse
1152 1742 1316 1808 juvat,
1347 1743 1464 1810 quia
1495 1745 1605 1796 hate
1633 1753 1711 1796 est
1736 1746 2022 1796 immutatio
2049 1747 2175 1796 dex-

2281 586 2479 637 waldtts
2507 587 2767 652 ingressus
2802 587 2966 640 locum
2998 587 3210 640 vidisset
3234 629 3250 651 ,
3305 591 3588 654 postulavit
3630 607 3658 642 a
3698 596 3773 646 fre-

2280 675 2645 739 quentantibus
2675 688 2732 725 se
2767 673 3013 726 fratribus
3060 677 3352 741 pelliculam
3384 677 3556 741 vituli,
3601 695 3775 748 eaqu

2282 761 2373 812 illo
2405 762 2452 811 in
2479 762 2665 827 angulo
2691 776 2796 828 quo
2823 771 2873 814 et
2913 764 3022 828 ipse
3061 772 3114 814 et
3150 762 3512 829 praedecessor
3541 765 3650 831 ejus
3670 768 3772 819 Cad-

2281 856 2484 910 berctus
2511 859 2701 924 smpius
2731 875 2888 912 orans
2928 871 3063 912 stare
3093 864 3171 914 vel
3215 865 3574 931 genuflectere
3599 869 3772 924 solebat.

2279 945 2437 1020 clavis
2482 946 2686 998 affixam
2736 949 2996 1001 violentiis
3043 953 3389 1010 procellarum
3436 957 3688 1019 Opposuit.
3731 963 3772 1011 At

2281 1043 2546 1098 postquam
2579 1036 2685 1099 ipse
2711 1050 2916 1102 quoque
2942 1078 2956 1101 ,
2999 1041 3218 1106 expletis
3250 1044 3317 1094 ibi
3348 1044 3626 1098 duodecim
3653 1062 3770 1100 ﬁlii:-
3829 1036 3833 1092 Ἰ

2281 1124 2396 1172 uuis
2423 1124 2593 1182 annis,
2641 1125 2880 1188 gaudium
2931 1121 3168 1192 superna:
3220 1129 3558 1182 beatitudinis
3589 1133 3773 1196 intrarit,
3831 1149 3833 1192 |

2278 1221 2340 1260 ac
2370 1209 2550 1261 tertius
2583 1212 2746 1261 locum
2780 1213 3018 1286 eumdem
3060 1214 3334 1281 Felgeldns
3373 1218 3608 1270 incolere
3632 1225 3772 1283 erepta

2279 1297 2468 1363 placuit
2499 1303 2918 1354 reverentissimo
2946 1301 3382 1358 Lindisfarnensis
3412 1306 3659 1359 Ecclesia:
3681 1326 3772 1375 port-

2279 1385 2401 1438 tifici
2448 1387 2714 1450 Eadfi-itlo,
2753 1389 3061 1442 dissolutum
3091 1402 3344 1446 vetustate
3369 1396 3656 1447 oratorium
3681 1400 3769 1449 irlml

2277 1489 2304 1522 :t
2336 1474 2682 1528 fundamentis
2713 1487 3026 1528 reStaurare.
3058 1479 3203 1543 Quod
3235 1480 3356 1532 dum
3392 1492 3539 1534 esset
3577 1497 3690 1547 opus
3711 1502 3770 1536 ειο

2277 1559 2488 1624 pletum,
2541 1570 2593 1612 et
2634 1562 2780 1613 multi
2830 1564 3014 1615 devota
3063 1565 3310 1632 religione
3356 1581 3383 1619 a
3433 1568 3588 1621 beato
3622 1571 3770 1624 Christi

2274 1645 2465 1697 athleta
2500 1646 2740 1713 Felgeldo
2782 1651 3122 1716 postularent,
3165 1662 3414 1719 quatenus
3449 1655 3668 1721 aliqunm
3694 1660 3764 1711 illi:

2279 1738 2580 1800 particulam
2609 1738 2673 1790 de
2701 1739 2935 1804 reliquiis
2981 1743 3142 1793 sancti
3189 1757 3248 1794 ac
3288 1743 3393 1794 Deo
3433 1744 3607 1794 dilecti
3639 1746 3762 1797 Patris

650 1844 773 1885 tera:
806 1831 1034 1895 Excelsi,
1063 1816 1206 1898 cujus
1250 1833 1580 1885 memoranda
1626 1834 1688 1884 ab
1733 1833 1882 1885 initio
1922 1833 2172 1886 mirabilia
2204 1809 2248 1869 Β
2274 1822 2574 1891 Cudbercti,
2605 1830 2714 1882 sive
2743 1833 3058 1882 successeris
3094 1833 3205 1896 ejus
3233 1830 3533 1885 [Edilualdi
3564 1835 3675 1888 dare
3695 1839 3761 1888 de-

653 1922 841 1974 mundo
869 1923 1059 1988 fulgere
1087 1935 1184 1972 non
1212 1931 1434 1974 cessant.
1501 1978 1506 1985 ,

645 2028 866 2083 CAPUT
914 2027 1088 2100 XLVI.
1133 2028 1355 2100 Qualiter
1385 2030 1673 2081 ancchorita
1701 2029 1719 2061 ³
1752 2029 2021 2100 Felgeldus
2064 2048 2180 2100 ape-

681 2102 889 2149 rimcttlo
917 2099 1114 2164 parietis
1137 2097 1156 2125 δ
1179 2101 1286 2166 ejus
1314 2100 1373 2148 sit
1405 2117 1432 2148 α
1457 2101 1617 2150 vultus
1646 2109 1832 2150 tumore
1848 2097 2144 2159 inundatos.

670 2217 677 2224 -
726 2189 830 2241 Nec
869 2187 1279 2254 praetereundum
1314 2190 1536 2240 arbitror
1557 2189 1674 2252 quid
1702 2190 1933 2241 miraculi
1957 2191 2181 2242 emlestis

653 2276 675 2308 ⁸
697 2276 848 2329 etiam
875 2291 964 2342 per
990 2276 1231 2342 reliquias
1256 2277 1568 2328 sanctissimi
1591 2276 1796 2329 oratorii
1821 2279 1867 2329 in
1897 2294 1999 2344 quo
2032 2279 2181 2332 Pater
2226 2327 2232 2332 .

662 2365 966 2417 venerabilis
993 2363 1255 2414 solitarius
1295 2365 1514 2415 tlotnino
1551 2363 1769 2417 militare
1797 2376 2176 2430 consueverat,

652 2453 823 2505 divina
857 2453 1016 2519 pietas
1045 2452 1351 2504 ostenderit.
1390 2451 1534 2516 Quod
1566 2461 1736 2505 tamen
1765 2462 1934 2506 utrttm
1979 2457 2180 2508 meritis

652 2541 886 2609 ejusdem
919 2540 1054 2594 beati
1091 2539 1255 2592 Patris
1278 2538 1571 2600 Cudbercti.
1609 2555 1675 2593 an
1706 2545 2022 2596 successoris
2068 2545 2180 2610 ejus

650 2632 676 2659 ⁸
700 2629 1012 2684 Aﬂdilwaldi.
1049 2629 1140 2682 viri
1179 2644 1322 2696 teque
1351 2630 1454 2682 Deo
1482 2629 1638 2683 dediti
1683 2632 2044 2685 ascribendum
2089 2634 2176 2698 sit,

654 2721 888 2786 internus
937 2719 1142 2771 Arbiter
1192 2719 1410 2771 noverit.
1457 2719 1632 2788 Neque
1673 2721 1839 2787 aliqua
1879 2721 2010 2773 ratio
2041 2733 2180 2775 vetat

649 2811 918 2875 utriusque
949 2813 1132 2858 merito
1160 2807 1346 2858 factum
1384 2808 1557 2872 credi,
1591 2809 1868 2861 comitante
1894 2812 2044 2862 etiam
2075 2812 2176 2865 fide

650 2895 1052 2950 reverentissitni
1082 2896 1246 2948 Patris
1293 2895 1518 2961 Felgeldi
1547 2936 1560 2958 ,
1603 2913 1690 2964 per
1719 2914 1870 2964 quem
1902 2910 1953 2953 et
1982 2901 2032 2951 iu
2075 2916 2178 2968 quo

651 2987 952 3038 miraculum
985 2986 1148 3055 ipsum
1179 2987 1315 3056 (illud
1343 2986 1511 3041 refero
1542 2989 1825 3044 sanationis
1854 2995 2169 3059 compti-inm

647 3090 744 3134 est.
775 3083 886 3147 Ipse
914 3091 990 3134 est
1021 3081 1105 3147 qui
1137 3083 1316 3133 tertius
1346 3080 1575 3149 ejusdem
1625 3085 1721 3149 loci
1751 3094 1801 3136 et
1847 3085 2040 3136 militia:
2071 3085 2178 3149 Spi-

652 3172 813 3224 ritalis
843 3173 1010 3224 lia-res
1030 3213 1044 3236 ,
1086 3171 1234 3222 hodie
1262 3172 1423 3237 major
1453 3173 1842 3241 septuagenario
1889 3175 1937 3226 in
1988 3191 2172 3243 magno

649 3262 767 3311 vita:
799 3261 979 3311 futura:
1009 3260 1264 3311 desiderio
1290 3260 1564 3313 terminum
1595 3262 1862 3328 praesentis
1889 3273 2172 3330 exspectat.

649 3352 778 3402 (Iunt
809 3364 932 3418 e:go
962 3352 1072 3401 viro
1103 3349 1304 3401 Domini
1343 3350 1632 3404 Cudbercto
1661 3353 1722 3404 ad
1753 3353 1984 3405 coelestia
2018 3370 2171 3422 regna

653 3442 920 3505 translato,
956 3439 1300 3492 Aidilwaldns
1335 3440 1567 3508 ejusdem
1595 3442 1774 3493 insula:
1799 3450 1847 3493 et
1878 3443 2171 3495 monasterii

648 3531 862 3582 colonus
891 3531 1114 3583 existere
1142 3531 1402 3596 coepisset,
1453 3531 1538 3596 qui
1576 3539 1629 3583 et
1666 3533 1776 3598 ipse
1807 3533 1996 3584 multos
2024 3543 2171 3585 antea

650 3635 742 3689 per
770 3634 934 3672 annos
965 3620 1014 3670 in
1047 3619 1348 3692 monachica
1376 3621 1767 3673 conversatione
1787 3623 2053 3688 probatus,
2078 3624 2174 3674 rite

647 3709 859 3774 gradum
893 3709 1267 3761 anachoretica:
1303 3709 1636 3762 sublimitatis
1662 3710 1681 3739 °
1709 3711 2055 3773 ascendebat;
2087 3727 2170 3765 re-

648 3797 779 3861 perit
813 3795 928 3861 quia
960 3795 1180 3861 parietes
1211 3796 1405 3861 praefati
1435 3796 1459 3833 δ
1485 3798 1712 3859 oratorii,
1742 3798 2043 3864 qui-tabulis
2071 3801 2170 3851 mi-

648 3899 740 3936 nus
767 3883 1038 3950 diligenter
1057 3885 1310 3950 coaptatis
1336 3895 1478 3936 erant
1508 3888 1796 3952 compositi,
1821 3887 1971 3955 longa
1998 3899 2172 3942 essent

643 3984 900 4028 vetustate
948 3975 1183 4026 dissoluti
1207 4014 1222 4036 ,
1254 3985 1304 4028 et
1347 3977 1596 4042 separatis
1625 3976 1688 4027 ab
1733 3975 1950 4030 invicem
1982 3977 2171 4031 tabulis

639 4067 842 4119 facilem
875 4065 1161 4118 tttrbinibus
1205 4066 1548 4132 prmbuissent
1593 4066 1898 4134 ingressum.
1945 4067 2047 4121 Sed
2094 4069 2171 4121 vir

643 4152 974 4215 venerabilis,
1003 4152 1087 4217 qui
1117 4153 1349 4205 caelestis
1376 4152 1575 4204 aedilicii
1604 4154 1764 4220 magis
1797 4169 1946 4221 quam
1978 4166 2166 4209 terrent

639 4244 879 4295 decorem
903 4241 1186 4308 quierebat,
1219 4251 1424 4307 sumpto
1450 4243 1563 4293 leno
1585 4243 1662 4293 vel
1687 4244 1885 4310 argilla,
1919 4247 1996 4297 vel
2023 4247 2172 4311 quid-

639 4332 758 4397 quid
790 4331 1080 4396 bujusmodi
1110 4332 1336 4383 materia:
1373 4333 1672 4397 reperisset,
1705 4334 1985 4399 stipaverat
2013 4338 2172 4388 rimu-

2275 1918 2488 1978 buisset,
2521 1919 2684 1974 visum
2711 1927 2790 1972 est
2817 1919 2888 1969 illi
2919 1919 3140 1972 divisam
3171 1922 3522 1986 particulatim
3555 1939 3761 1975 merum.

2279 2021 2378 2061 tam
2410 2007 2700 2075 pelliculam
2733 2009 3021 2074 petentibus
3044 2011 3286 2062 dandam.
3316 2010 3418 2062 Sed
3449 2011 3659 2062 daturus
3678 2030 3760 2067 earn

2278 2097 2411 2157 aliis,
2444 2097 2588 2163 prius
2621 2099 2668 2148 in
2697 2110 2752 2147 se
2784 2098 2892 2162 ipse
2929 2098 3047 2162 quid
3091 2099 3202 2151 bam
3233 2101 3441 2151 virtutis
3481 2101 3679 2154 haberet
3702 2119 3765 2154 c1-

2278 2195 2452 2251 pertus
2481 2192 2580 2236 est.
2626 2183 2851 2235 llabebat
2889 2200 3109 2252 namque
3139 2188 3334 2238 vultum
3362 2187 3587 2238 deformi
3617 2190 3762 2240 rubere

2277 2271 2428 2324 simul
2457 2281 2509 2324 et
2537 2281 2734 2324 tumore
2773 2272 3072 2339 perfusum:
3121 2274 3270 2339 cujus
3313 2274 3530 2340 quidem
3579 2275 3761 2328 futuriin

2277 2373 2342 2413 eo
2372 2361 2631 2427 languoris
2655 2371 2700 2411 et
2731 2361 2889 2428 prius,
2921 2376 3036 2413 cum
3062 2361 3230 2415 adhuc
3254 2365 3523 2417 communi
3552 2367 3760 2420 interfn~

2279 2458 2384 2502 tres
2409 2450 2508 2500 vita
2555 2449 2797 2518 degeret,
2844 2451 3213 2514 aspicientibus
3256 2454 3305 2505 in
3345 2454 3481 2507 facie
3521 2455 3630 2521 ejus
3653 2458 3760 2520 signa

2279 2540 2541 2605 patebant.
2581 2541 2647 2592 At
2684 2555 2799 2593 cum
2849 2541 2899 2593 in
2945 2541 3223 2596 solitudine
3270 2553 3507 2596 remotus
3555 2547 3758 2598 minorem

2276 2627 2478 2694 corpori
2506 2628 2721 2691 cultum,
2751 2629 2999 2696 majorem
3027 2629 3296 2685 adhiberet
3328 2636 3703 2692 (ξοηιὶηεηίῐιηι,
3725 2651 3756 2686 ei

2277 2717 2420 2782 quasi
2451 2717 2645 2770 diutino
2671 2732 2878 2772 carcere
2905 2719 3136 2772 inclusus
3155 2761 3170 2780 ,
3211 2721 3377 2773 rarius
3406 2722 3493 2775 vel
3526 2725 3627 2774 fotu
3651 2727 3758 2787 solis.

2277 2802 2356 2855 vel
2388 2803 2520 2856 aeris
2544 2813 2776 2857 uteretur
2797 2804 2993 2868 afﬂatu,
3023 2809 3258 2860 excrevit
3295 2810 3513 2876 languor
3543 2812 3590 2863 in
3616 2814 3758 2878 πυρίας,

2278 2891 2561 2958 faciemque
2610 2901 2766 2945 totam
2820 2897 3034 2948 tumenti
3079 2897 3266 2950 ardore
3317 2900 3559 2964 replevit.
3595 2901 3761 2954 Totiens

2275 2997 2397 3052 ergo
2427 2999 2489 3036 ne
2518 2985 2646 3038 forte
2675 2985 3027 3053 magnitudine
3061 2987 3352 3054 bujusmotli
3384 2991 3761 3046 infirmitatisso-

2279 3077 2495 3129 litariam
2526 3080 2763 3129 deserere
2789 3077 2966 3140 vilaut,
2993 3085 3046 3130 et
3069 3092 3400 3134 communem
3430 3098 3636 3137 necesse
3659 3097 3764 3137 esse:

2277 3168 2717 3219 conversationem
2767 3179 3000 3232 repetere
3027 3209 3040 3228 ,
3091 3171 3228 3222 fideli
3284 3186 3410 3225 usus
3447 3185 3528 3226 est
3555 3190 3762 3241 prrsum.

2275 3255 2468 3319 ptione,
2503 3255 2830 3320 speravitque
2864 3268 2920 3306 se
2946 3255 3150 3308 illorum
3186 3271 3286 3324 ope
3316 3261 3598 3334 curandum
3620 3305 3635 3327 ,
3667 3278 3761 3329 qua-

2275 3355 2384 3392 rum
2411 3355 2469 3392 se
2495 3342 2815 3392 mansionem
2841 3351 3036 3405 tenere,
3058 3354 3109 3395 et
3131 3345 3288 3396 vitam
3314 3349 3571 3413 gaudebat
3596 3350 3761 3402 imitari.

2275 3427 2476 3481 Mittens
2504 3430 2639 3481 enim
2677 3430 2899 3494 pra~fatae
2939 3441 3133 3496 partem
3179 3434 3437 3500 pellicula:
3485 3439 3535 3488 in
3581 3453 3761 3505 aquam.

2275 3515 2382 3581 ipsa
2414 3531 2542 3577 aqua
2576 3516 2698 3566 lavit
2726 3530 2868 3567 suam
2898 3518 3102 3579 faciem,
3133 3521 3417 3588 Statimque
3441 3532 3608 3576 tumor
3633 3527 3762 3576 antaie

2275 3603 2362 3671 qui
2395 3603 2525 3655 hanc
2557 3604 2846 3666 obsederat,
2894 3614 2945 3655 et
2990 3606 3190 3660 seabies
3221 3607 3357 3660 foeda
3402 3614 3632 3675 recessit,
3654 3614 3762 3680 juxu

2274 3695 2406 3762 quod
2440 3695 2563 3745 mihi
2597 3703 2649 3746 et
2678 3694 2842 3762 primo
2871 3694 3140 3762 religiosus
3178 3698 3388 3760 quidam
3416 3701 3674 3770 pre~byter
3697 3703 3764 3752 lui-

2269 3783 2353 3849 jus
2384 3783 2684 3836 monasterii
2731 3783 3010 3835 Girwensis
3056 3782 3336 3848 indicavit,
3384 3789 3476 3856 qui
3524 3804 3579 3843 se
3609 3793 3762 3843 vultum

2276 3873 2432 3932 illius,
2463 3882 2512 3923 et
2543 3874 2687 3935 prius
2718 3879 2997 3924 tumentem
3028 3885 3089 3923 ac
3116 3873 3402 3928 deformem
3435 3892 3607 3944 nosse,
3632 3890 3675 3930 et
3699 3895 3762 3944 pu-

2273 3970 2382 4011 stea
2413 3959 2714 4010 mandatum
2744 3974 2836 4024 per
2862 3956 3140 4010 fenestram
3172 3976 3326 4015 manu
3353 3966 3588 4032 palpasse
3613 3966 3764 4019 refere-

2275 4047 2388 4110 bat;
2431 4055 2481 4098 et
2531 4047 2640 4112 ip<e
2669 4047 2991 4112 postmodum
3025 4047 3299 4116 Felgeldus
3340 4053 3539 4115 retulit,
3569 4064 3762 4106 astruens

2272 4137 2390 4204 quia
2424 4150 2507 4186 res
2534 4137 2598 4188 ita
2632 4145 2686 4187 ttt
2711 4135 2982 4204 presbyter
3004 4149 3312 4191 narraverat
3338 4153 3478 4194 esset
3505 4147 3705 4210 expleta,
3728 4159 3762 4193 ea

2273 4226 2405 4293 quod
2435 4242 2499 4278 ex
2530 4241 2591 4277 eo
2618 4236 2870 4292 tempore,
2900 4241 3016 4279 cum
3068 4229 3297 4282 inclusus
3329 4245 3420 4296 per
3460 4235 3614 4285 multa
3638 4247 3762 4284 anno-

2274 4329 2385 4366 rttm
2417 4313 2670 4367 curricula
2701 4323 2955 4378 maneret,
2999 4325 3050 4368 ut
3100 4322 3266 4382 prius,
3312 4321 3589 4376 immunem
3615 4322 3672 4373 ab
3693 4325 3758 4373 btt-

642 4424 737 4488 las,
771 4437 832 4474 nc
860 4420 1168 4489 quotidianis
1199 4421 1434 4474 imbrium
1459 4421 1566 4474 sive
1589 4431 1856 4473 ventorum
1885 4424 2082 4488 injuriis
2104 4427 2167 4477 ab

2276 4404 2492 4470 jusmodi
2541 4403 2775 4455 moles2ia
2825 4406 3022 4457 vultum
3067 4419 3277 4474 semper
3317 4407 3570 4476 haberet,
3613 4423 3757 4462 seems

1580 4529 2028 4586 VULGATORUM
2074 4535 2441 4590 VARIANTES
2479 4532 2860 4587 LECTIONES.

708 4626 720 4653 ¹
754 4623 1011 4676 (Ῑὶιΐηίυἰι.

703 4696 726 4726 ³
758 4690 967 4742 Factum
993 4707 1218 4757 namque.

707 4762 727 4792 ³
759 4761 1014 4828 Felgidus,
1048 4760 1320 4830 Felgildus.

2344 4625 2364 4654 ⁸
2394 4623 2518 4688 Ejus
2548 4625 2597 4673 in
2628 4621 2765 4673 vultu
2791 4623 3075 4674 mundatus.

2344 4695 2364 4723 ⁸
2394 4692 2553 4744 Etiam
2584 4703 2697 4740 tunc
2722 4708 2826 4757 per.

2343 4766 2363 4795 ο
2394 4760 2706 4812 Αδτοηάενοι.

1924 4849 2264 4906 νΑιιιυῐιυλι
2306 4847 2524 4902 ΝΟΤᾸΞ.

706 4954 730 4977 υ
763 4942 1080 4995 Λῑίιῑιιυηιάὲ.
1114 4939 1185 4992 De
1212 4949 1388 4992 sancto
1411 4939 1698 4992 Edtlwa‘do
1720 4955 1809 4991 seu
1839 4938 2162 4992 Ethelwaldo

639 5011 940 5065 venerabilis
971 5011 1100 5062 lieda
1133 5009 1234 5073 agit
1271 5007 1320 5059 iu
1351 5008 1438 5058 lib.
1479 5024 1530 5064 v.
1573 5023 1683 5073 cap.
1732 5008 1781 5068 1,
1828 5010 1999 5075 aitque
2044 5024 2160 5060 eum

638 5091 749 5149 post
770 5078 1117 5149 Cudberctum
1145 5077 1396 5128 mansisse
1427 5076 1662 5149 ininsula
1697 5076 2034 5149 Farueaunis
2063 5091 2159 5140 xu,

638 5144 927 5214 ibidemque
953 5146 1245 5198 defunctum
1277 5159 1393 5196 esse
1423 5144 1684 5209 (nimirum
1719 5159 1802 5193 vut
1836 5145 1948 5195 ldus
1972 5145 2162 5196 Janua-

635 5223 695 5271 rii
729 5234 828 5283 quo
857 5216 941 5267 die
973 5216 1020 5265 in
1048 5215 1255 5264 Tabulis
1289 5214 1632 5283 lietieitictinis
1672 5214 1984 5283 celebratur)
2027 5224 2078 5263 et
2110 5214 2159 5264 in

633 5281 1038 5342 Lindisfarnensi
1071 5283 1201 5332 beati
1229 5283 1359 5331 l’etrt
1385 5281 1604 5333 ecclesia
1633 5281 1910 5341 sepultum.
1940 5284 2156 5332 Mantua

703 5355 728 5392 δ
763 5353 1002 5404 Oratorii.
1035 5353 1085 5403 ιη
1116 5350 1279 5399 insula
1321 5349 1567 5400 Farnensi
1617 5350 1875 5399 successio
1922 5349 2011 5399 fuit
2045 5366 2148 5400 tuo-

635 5427 916 5477 nachorum
945 5423 1101 5470 vitam
1141 5418 1425 5468 solitariam
1474 5418 1755 5481 agentium.
1799 5416 1990 5467 l’rieter
2019 5418 2156 5467 enim

633 5509 722 5545 eos
746 5493 828 5557 qui
854 5490 936 5540 hic
958 5501 984 5538 a
1009 5486 1150 5557 Beda,
1168 5493 1537 5557 memorantur,
1558 5487 1797 5557 scribitur
1823 5484 2007 5557 inVita
2040 5499 2160 5536 sau-

635 5565 699 5610 cti
752 5554 1092 5609 Bartbolomei
1143 5556 1191 5604 iu
1238 5554 1417 5604 codice
1456 5568 1551 5604 uis.
1600 5556 1731 5617 apud
1785 5554 2155 5604 Ilibliotlieeatu

638 5630 960 5679 ltuilleianatn
987 5667 999 5686 ,
1041 5625 1125 5689 qtti
1170 5620 1366 5673 Fairfatt
1398 5622 1429 5674 6
1468 5629 1693 5679 notatur.
1722 5622 2001 5686 descripta,
2038 5623 2153 5673 Itur-

637 5711 648 5748 ε
678 5699 738 5747 .ul
767 5711 947 5747 uncum
981 5713 1005 5745 a
1040 5694 1184 5745 l'attc
1226 5691 1496 5742 Laurentio
1528 5692 1694 5757 priore
1733 5691 1962 5742 lluncltu.
1997 5692 2152 5756 impc-

2267 4947 2394 4988 trata
2427 4939 2571 4989 venia
2595 4936 2853 5008 ailFarne
2877 4941 3172 4998 venisse,-et
3203 4940 3270 4993 ibi
3303 4946 3561 5008 reperisse
3586 4946 3752 4997 fratrem

2269 5009 2564 5073 Elwyuutu,
2592 5007 2678 5070 qui
2710 5009 2821 5072 ejus
2851 5016 3129 5058 adventum
3162 5007 3384 5064 moleste
3417 5018 3554 5072 tulit.
3585 5026 3630 5067 et
3655 5015 3753 5065 Tho-

2265 5092 2398 5126 tnatu
2431 5090 2635 5138 quoque
2666 5089 2887 5138 priorem
2918 5076 3156 5128 Dttnelnt.
3199 5079 3250 5129 itt
3285 5079 3455 5133 Farne
3491 5085 3746 5136 secessisse.

2265 5144 2360 5194 Per
2388 5145 2617 5196 chartam
2666 5145 2714 5192 in
2760 5141 3087 5196 Dnuelmensi
3127 5148 3348 5199 ecclesia
3390 5151 3558 5202 adhuc
3581 5165 3750 5203 conser-

2265 5225 2430 5284 vataittt
2461 5212 2759 5284 Alexander
2781 5212 3070 5284 Secundus,
3113 5229 3202 5265 rex
3233 5216 3508 5270 Scotorum
3535 5233 3612 5269 an.
3641 5219 3750 5284 regat

2262 5282 2338 5330 Siti
2369 5283 2455 5340 3i,
2481 5295 2556 5330 se.
2590 5295 2674 5328 an.
2706 5280 2893 5328 ClirISIi
2927 5280 3075 5342 1245,
3108 5289 3370 5336 concessit
3398 5295 3454 5338 at
3475 5280 3748 5339 continu—nt

2269 5367 2299 5430 le
2327 5349 2547 5430 Henrico
2595 5349 2853 5430 tlltiltaClltO.
2881 5358 2930 5398 et
2970 5353 3239 5402 monachis
3283 5353 3333 5403 ei
3381 5357 3678 5430 ειιοεςςυής
3709 5357 3746 5406 in

2261 5415 2548 5466 Farueland
2581 5426 2697 5466 octo
2723 5415 2918 5466 solidus
2947 5420 3316 5480 sterlingorum
3342 5423 3391 5472 in
3420 5415 3618 5475 hbeFam
3642 5423 3746 5475 eleb

2262 5499 2528 5550 tuo~yuatu
2565 5483 2884 5543 l't"tiipiCl|dOS
2926 5497 3193 5537 annuatim
3235 5490 3303 5540 de
3335 5491 3479 5541 firma
3509 5492 3742 5543 tnotcndtai

2259 5554 2459 5624 σέλει-μυ
2491 5553 2748 5624 Βιινιικνξνρ,
2781 5567 2872 5618 pro
2902 5553 3115 5605 dimidia
3147 5557 3326 5609 ccldra
3367 5561 3600 5614 frumenti
3623 5575 3741 5624 qua:

2259 5623 2324 5696 ilia
2350 5621 2486 5696 itit-tu
2510 5620 2807 5696 inuicti-lino
2836 5624 3097 5696 percipere
3137 5631 3412 5680 consuerit
3441 5643 3528 5696 per
3551 5620 3739 5682 chartam

2262 5687 2501 5739 \thlt‘ltut
2533 5688 2680 5754 tegi.
2720 5705 2735 5734 ι
2771 5691 2948 5740 δηγῐιι.
2981 5687 3008 5716 ί·
3062 5692 3066 5697 ’
3441 5687 3456 5696 ’
3635 5725 3642 5734 .

3439 6167 3476 6188 ‘v;

3407 6193 3418 6202 ι
