3862 6350
200 494 320 549 789

963 500 1147 554 SECT.
1181 501 1218 554 l.
1259 529 1324 538 --
1366 500 1916 555 llAGlOGRAI'llICA.
1958 529 2022 540 --
2065 501 2215 554 VITA
2258 501 2314 554 Β.
2356 501 2623 557 FELICIS.

3270 498 3369 550 79η

201 611 381 676 gratia
409 610 495 664 Dei
524 613 910 678 omnipotentis,
939 628 1051 681 quae
1088 623 1141 667 et
1183 615 1232 668 in
1265 613 1501 680 prresenti
1531 613 1738 672 multos,
1771 613 1820 666 Α
1843 611 2040 662 derinm
2072 621 2322 671 nostrum,
2353 626 2440 663 sua
2472 626 2565 664 nos
2594 611 2642 662 in
2672 617 2975 678 perpetuum
3012 608 3367 662 misericorth

201 703 344 754 etin
380 704 394 732 ¹
427 703 598 757 futuro
647 720 829 759 omnes
875 709 1044 759 cordis
1080 716 1134 760 et
1161 706 1393 772 corporis
1424 704 1582 756 nostri
1632 703 1745 754 lan-

206 803 410 852 guores
438 805 622 846 sanare
649 798 956 858 consuevit,
1004 796 1300 861 satiansque
1343 795 1392 845 in
1432 792 1578 845 bonis
1605 790 1742 842 desi-

1853 711 1900 750 ει
1930 702 2261 753 miseratione
2287 709 2518 753 coronat.
2550 699 2733 751 Amen.

1141 903 1168 952 \
1186 899 1595 956 ULGATORUM
1639 895 2017 951 VARIANTES
2059 891 2442 945 LECTlONES.

281 999 296 1026 ¹
335 988 527 1044 Futuro
551 995 727 1046 cordis.

219 1117 2465 1146 ______________________________._______———

633 1291 1074 1390 BEATI
1202 1278 1814 1386 FELICIS
1938 1271 2959 1378 CONFESSORIS

1267 1689 1270 1692 .
1431 1503 2112 1710 VITA.

280 1810 653 1884 FeliciSsiinum
685 1824 817 1877 beati
868 1824 1051 1877 Felicis
1096 1818 1442 1896 triumphum,
1471 1826 1623 1882 quem
1672 1811 1722 1861 in

1830 1805 2056 1867 dissent,
2090 1806 2378 1871 primosque
2409 1806 2680 1871 episc-ipos
2711 1806 2785 1856 vel
2819 1805 3150 1870 presbyteros
3183 1806 3362 1857 Evcl-:-

200 1920 335 1973 Nola
365 1919 661 1984 Campaniae
701 1916 927 1976 civitate,
965 1887 1180 1964 Domino
1205 1910 1499 1974 adjuvante,
1531 1917 1735 1969 prome-
1772 1876 1812 1934 Β
1841 1893 2033 1945 siarurn
2076 1895 2139 1945 ad
2190 1905 2441 1945 terrorem
2489 1893 2775 1958 minorum,
2809 1903 2890 1943 aut
2943 1894 3096 1944 morti
3145 1895 3365 1954 tradere,

199 2009 331 2070 ruit,
367 2006 609 2058 Paulinus
651 2002 883 2069 ejusdem
914 2001 1134 2053 civitatis
1183 1998 1457 2062 episcopus
1501 1984 1741 2044 versibus

203 2095 530 2149 hexametris
574 2091 927 2159 pulcherrime
973 2103 1032 2140 ac
1063 2085 1377 2153 .plenissime
1432 2076 1739 2144 descripsit;

198 2186 294 2252 qui
323 2185 438 2252 quia
471 2183 694 2236 metricis
727 2182 894 2248 potius
939 2193 1091 2246 quam
1135 2173 1455 2242 simplicibus
1498 2179 1616 2222 sunt
1646 2166 1741 2218 ha-

201 2275 341 2326 biles
387 2271 683 2336 lectoribus,
714 2269 905 2336 placuit
931 2267 1079 2318 nobis
1108 2266 1174 2315 ob
1220 2263 1558 2328 plurimorum
1602 2256 1743 2308 utili-

200 2373 387 2423 tatem,
417 2359 653 2413 eatndem
694 2357 857 2410 sancti
902 2353 1212 2407 confessoris
1247 2348 1509 2402 historiam
1542 2345 1742 2412 planio-

198 2451 352 2504 ribus
389 2447 673 2501 dilucidare
718 2445 1064 2505 sermonibus,
1109 2441 1323 2507 ejusque
1371 2434 1558 2488 imitari
1590 2432 1738 2484 indu-

199 2543 385 2592 striam
409 2539 495 2606 qui
519 2538 818 2603 martyrium
844 2533 979 2587 beati
1006 2531 1235 2585 Cassiani
1257 2529 1323 2581 de
1346 2524 1562 2579 metrico
1585 2536 1742 2589 opere

201 2639 227 2664 ο
265 2627 529 2681 Prudentii
577 2627 626 2678 in
668 2637 941 2677 commune
981 2630 1319 2688 apertumque
1362 2615 1603 2668 omnibus
1633 2612 1741 2663 elo-

199 2720 382 2786 quium
415 2716 694 2770 transmlit.

279 2808 436 2875 igitur
465 2805 607 2859 Felix
641 2815 791 2857 natus
831 2810 915 2854 est
957 2801 1006 2852 in
1039 2797 1162 2851 Nola
1193 2797 1400 2866 quidem
1427 2793 1738 2858 Campaniae,

193 2895 297 2948 sed
327 2896 352 2932 δ
379 2903 523 2964 patre
563 2893 723 2961 Syro,
763 2890 971 2944 nomine
1016 2888 1242 2945 Hermia.
1286 2887 1371 2952 qui
1419 2885 1484 2936 de
1533 2884 1742 2932 Oriente

200 2968 396 3035 Nolam
439 2982 684 3045 veniens,
719 2979 1014 3044 ibidemque
1056 2976 1200 3044 quasi
1248 2973 1486 3039 indigena
1537 2969 1742 3020 inhabi»

203 3081 344 3135 tans,
376 3072 551 3140 genuit
579 3071 738 3122 filitun
766 3069 986 3120 Felicem
1015 3084 1025 3117 :
1051 3065 1202 3132 eique
1231 3062 1506 3115 defunctus
1531 3058 1743 3124 reliquit

202 3160 562 3213 hmretlitatem
611 3157 913 3209 substantiae
956 3153 1249 3221 locupletis,
1281 3150 1362 3204 cui
1409 3159 1579 3201 tamen
1628 3147 1737 3212 ipse

204 3249 475 3316 promissa:
504 3249 553 3299 in
579 3245 876 3300 caelestibus
909 3242 1221 3296 ha-reditatis
1252 3242 1384 3292 dona
1433 3236 1735 3305 prmposuit.

204 3433 492 3495 llermiam,
516 3445 631 3484 cum
655 3443 757 3496 quo
781 3426 1140 3495 patrimonium
1164 3421 1416 3474 divideret
1442 3429 1732 3473 terrenum:

202 3525 295 3590 qui
328 3525 478 3589 longe
511 3537 537 3571 a
570 3519 752 3572 Felicis
782 3518 1011 3570 moribus
1049 3528 1229 3584 agens,
1264 3524 1416 3578 atque
1462 3510 1577 3563 ideo
1625 3509 1738 3559 ft-li-

201 3614 363 3665 citate
407 3611 641 3676 indignus
673 3617 918 3674 perpetua
957 3605 1172 3658 effectus
1215 3610 1315 3654 est.
1361 3601 1484 3652 Nam
1534 3609 1738 3651 terrena

201 3699 532 3752 solummodo
564 3698 694 3749 bona
738 3694 952 3760 diligere
983 3693 1198 3754 studuit,
1231 3699 1284 3743 et
1320 3687 1542 3741 Caesaris
1571 3686 1738 3754 potius

206 3802 366 3854 quam
389 3785 578 3837 Christi
607 3797 723 3838 esse
751 3783 898 3836 miles
925 3781 1097 3848 elegit.

280 3880 348 3928 At
373 3886 549 3929 contra
595 3875 733 3928 Felix
766 3871 991 3927 nominis
1017 3871 1098 3926 sui
1140 3869 1441 3940 mysterium
1472 3866 1618 3919 factis
1648 3880 1738 3918 ex-

203 3948 451 4034 sequens,
496 3979 614 4018 mox
658 3980 686 4016 a
731 3977 888 4029 puero
929 3975 986 4013 se
1037 3960 1209 4012 divino
1250 3955 1515 4009 famulatui
1562 3953 1736 4019 subje-

204 4055 307 4116 cit,
359 4064 410 4106 et
455 4061 718 4106 crescente
769 4051 933 4116 gratia
983 4051 1259 4114 virtutum,
1319 4048 1486 4114 primo
1532 4044 1739 4098 lectoris

204 4143 433 4196 ofiicium
476 4145 526 4194 in
574 4141 807 4193 Eetlesia
835 4139 1092 4205 suscepit,
1125 4153 1185 4190 ac
1229 4145 1346 4204 post
1373 4138 1437 4187 ad
1468 4133 1739 4188 exorcistaa

203 4235 421 4302 gradum
446 4241 736 4296 provectus,
759 4229 1052 4283 immundos
1079 4244 1143 4281 ex
1175 4227 1410 4282 obsessis
1431 4219 1736 4290 corporibus

205 4324 422 4388 Spiritus
447 4322 634 4389 ejicere
656 4321 833 4384 etrapit.
864 4319 1098 4386 Cumque
1126 4328 1176 4371 et
1207 4321 1254 4370 in
1309 4316 1405 4369 hoc
1454 4314 1739 4367 ministerio

205 4412 488 4466 virtutibus
533 4411 706 4465 clarus
753 4417 1056 4470 exstitisset,
1089 4422 1190 4458 non
1225 4421 1391 4468 mora,
1419 4405 1736 4472 condignum

208 4507 409 4560 meritis
435 4502 741 4572 presbyterii
771 4501 986 4569 gradum
1016 4499 1196 4552 subiit.
1221 4498 1326 4550 Nec
1360 4499 1528 4549 minor
1553 4497 1736 4563 gradu,

206 4607 383 4648 mente
411 4604 461 4646 et
489 4579 934 4659 opereremansit,
967 4587 1098 4641 sicut
1130 4588 1283 4640 etiam
1313 4587 1595 4640 adveniens
1628 4595 1739 4636 tert-

207 4685 459 4737 tatinnum
486 4683 635 4734 turbo
659 4680 912 4745 probavit.

277 4772 404 4824 Nam
439 4779 670 4835 tempore
694 4767 876 4821 eodem
909 4776 1084 4818 exorta
1110 4766 1392 4819 infidelium
1429 4763 1739 4829 persecutio,

206 4861 351 4927 gravi
377 4858 665 4911 Ecclesium
693 4855 975 4908 certamine
999 4853 1246 4921 pulsavit:
1276 4867 1370 4904 nec
1390 4862 1558 4902 tamen
1586 4862 1743 4916 porta:

208 4948 393 4999 mortis
439 4955 611 5012 portas
655 4945 776 4996 (illa:
816 4943 940 4996 Sion
991 4943 1054 4992 ab
1081 4939 1428 4993 annuntianda
1468 4939 1620 4991 laude
1663 4938 1741 4990 sui

205 5036 474 5091 Creatoris
495 5045 728 5087 avertere
748 5040 1039 5101 potuerunt.
1055 5029 1288 5098 Cumque
1309 5028 1537 5096 magistri
1563 5035 1743 5080 aucto-

209 5140 396 5192 resque
428 5123 651 5190 perlidiaa
677 5125 898 5188 primum
921 5133 1027 5172 sua:
1050 5118 1270 5171 vesania:
1297 5119 1593 5169 conflictum
1621 5130 1744 5166 con-

210 5230 286 5269 tra
317 5218 457 5283 ipsos
490 5213 724 5265 veritatis
747 5226 804 5261 ac
835 5209 950 5262 lidei
977 5207 1250 5260 dominica:
1283 5207 1556 5272 magistros
1579 5206 1742 5255 interro

279 5385 302 5410 ⁸
348 5366 781 5424 Prudentii.\’ide
829 5363 940 5432 ejus
990 5364 1078 5414 lib.
1126 5365 1240 5435 περὶ
1289 5362 1533 5430 Στεφάνων
1591 5359 1748 5427 bym-

213 5460 337 5497 ntttn
367 5441 419 5494 9.

284 5515 307 5547 ι)
347 5510 511 5560 l'ntre.
542 5505 638 5571 Qui
668 5512 725 5558 ut
750 5506 803 5556 S.
840 5503 1083 5556 Paulinus
1116 5508 1224 5552 nat.
1251 5497 1281 5549 5
1309 5496 1505 5561 scribit,
1535 5499 1745 5550 emeritis

211 5583 298 5634 sub
331 5580 524 5631 (lauare
549 5579 739 5628 vixerat
767 5579 940 5625 armis.

287 5665 305 5686 σί
341 5648 638 5700 Maximum.
672 5644 830 5707 llujns
863 5639 1125 5692 memoria:
1156 5638 1328 5700 plures
1356 5638 1469 5707 (lies
1500 5636 1547 5687 iri
1579 5638 1744 5687 varia-

215 5737 326 5772 rum
377 5706 933 5769 EcclesiartrrnFnstis
963 5710 1220 5760 dicantur.
1264 5711 1389 5760 Nam
1430 5706 1573 5773 juxta
1620 5708 1744 5757 bbi-

218 5792 356 5841 ninnt
407 5788 692 5838 St'ltt'llrcm
729 5787 777 5831 cl
806 5779 1125 5830 Utilesinium
1161 5776 1235 5828 ‘13
1284 5778 1492 5829 .lauuar.
1524 5777 1740 5828 colitur;

1766 3195 1813 3256 (Ξ

204 3341 396 3394 llabnit
421 3349 590 3390 autem
617 3347 670 3390 et
696 3337 904 3389 fratrem
933 3332 1238 3401 cognomine
1265 3331 1341 3382 sui
1372 3331 1550 3396 patris,
1579 3327 1626 3379 id
1659 3337 1739 3379 est
1801 3373 1804 3376 .

1843 1993 1930 2036 aut
1960 1985 2021 2034 ad
2068 1984 2358 2050 negaudsnn
2415 1984 2562 2036 fidem
2610 1997 2794 2048 cogere
2838 1983 3258 2046 conspirassent:
3291 1982 3362 2030 ln-

1841 2084 1975 2128 etum
2001 2083 2079 2128 est
2107 2083 2159 2127 ut
2195 2075 2416 2126 ministri
2444 2074 2638 2127 erroris
2667 2081 2718 2124 et
2761 2071 2930 2124 infesti
2963 2073 3151 2124 furoris
3183 2072 3360 2124 Nolam

1841 2178 2040 2231 quoque
2073 2165 2463 2230 pervenientes,
2489 2162 2788 2229 episcopum
2823 2162 2962 2214 urbis
2994 2162 3124 2212 illius
3157 2162 3364 2213 nomine

1846 2263 1865 2289 ε
1897 2251 2208 2313 Maximum,
2260 2254 2425 2304 virum
2477 2251 2728 2313 doctrina,
2782 2252 2965 2314 pietate
3011 2259 3164 2315 at-jue
3213 2260 3366 2301 aitait:

1842 2341 2230 2403 venerabilem,
2278 2341 2342 2392 ad
2403 2349 2654 2392 tormenta
2723 2348 3035 2406 qumrerent.
3087 2339 3233 2404 Quod
3285 2340 3368 2392 ile

1841 2426 2284 2491 animadvertens,
2315 2441 2512 2478 memor
2554 2426 2792 2479 dominici
2844 2427 3117 2492 prmeepti,
3145 2442 3246 2491 quo
3277 2427 3356 2478 di-

1840 2524 1977 2568 ctum
2007 2524 2121 2568 est:
2151 2515 2275 2568 Cum
2302 2531 2385 2569 vos
2413 2517 2654 2583 persecuti
2704 2515 2882 2581 {iterint
2925 2515 2974 2566 in
3019 2517 3212 2568 civitate
3240 2516 3332 2567 ista
3351 2557 3364 2576 ,

1841 2607 1995 2672 {agite
2021 2606 2071 2656 in
2100 2606 2280 2668 aliam,
2327 2607 2452 2669 petit
2492 2603 2555 2656 ad
2601 2611 2800 2670 tempus
2833 2618 3090 2656 secessum
3140 2604 3236 2655 loci
3286 2617 3367 2656 rc-

1841 2692 2092 2754 motioris,
2123 2693 2301 2743 relicto
2321 2692 2383 2741 ad
2409 2691 2674 2741 tuitionem
2707 2691 2930 2742 civitatis
2955 2690 3125 2742 Felice
3152 2689 3365 2758 prcsb)"

1843 2787 1969 2840 tero,
1997 2793 2148 2846 quem
2194 2777 2280 2829 filii
2323 2778 2434 2829 loco
2464 2779 2892 2844 amplectebatur,
2923 2787 3076 2844 atque
3108 2775 3364 2831 lmredem

1843 2885 1948 2923 suae
1975 2869 2114 2922 sedis
2141 2868 2378 2935 accipere
2405 2867 2752 2920 desiderabat.

1910 2960 1972 3011 At
2005 2966 2362 3023 per~eeutores
2393 2958 2476 3009 ubi
2508 2958 2806 3026 episcopum
2841 2957 3070 3010 invenire
3116 2958 3363 3026 nequive-

1841 3057 1977 3106 runt,
2011 3045 2134 3098 nihil
2189 3046 2374 3104 morati
2423 3061 2602 3098 manus
2652 3047 2699 3098 in
2733 3045 2955 3098 Felicem
2989 3047 3196 3098 mittere
3236 3059 3366 3098 eous

1842 3135 2078 3200 tendunt,
2103 3151 2322 3203 eumque
2352 3137 2570 3203 primum
2603 3135 2748 3202 quasi
2794 3133 3067 3186 maximam
3098 3142 3213 3201 post
3255 3135 3362 3200 epi-

1842 3241 2057 3293 scopum
2089 3226 2230 3279 urbis
2277 3241 2473 3288 arcem,
2501 3242 2526 3276 a
2558 3227 2844 3277 constantia
2879 3223 3090 3276 famosm
3132 3236 3239 3276 sua:
3266 3223 3366 3275 vir-

1843 3318 1963 3370 tutis
2008 3317 2252 3383 dejicere,
2287 3317 2368 3369 vel
2414 3314 2722 3368 blandiendo
2763 3311 3054 3380 promissis,
3084 3311 3166 3364 vel
3200 3311 3365 3378 pinnis

1842 3408 2082 3459 terrendo
2135 3413 2394 3471 satagunt.
2443 3403 2860 3467 CompreheuSus
2909 3401 3061 3467 igitur
3105 3401 3250 3454 Felix
3299 3402 3365 3454 ab

1841 3493 2151 3544 adversariis
2199 3489 2506 3552 furentibus,
2538 3489 2627 3542 sed
2677 3490 2786 3556 ipse
2815 3491 3032 3540 multum
3063 3489 3128 3540 de
3158 3490 3359 3542 interna

1836 3577 2056 3646 Spiritus
2103 3579 2269 3631 sancti
2325 3579 2678 3630 consolatione
2739 3577 2996 3641 confisus,
3049 3577 3267 3630 mittitur
3313 3581 3364 3627 in

1839 3678 2100 3718 carcerem
2148 3666 2494 3721 tenebrosum,
2528 3663 2611 3714 ubi
2655 3677 2836 3714 manus
2879 3661 3029 3714 simul
3078 3671 3130 3715 et
3174 3661 3364 3713 collum

1841 3754 2003 3805 ferrea
2054 3752 2256 3803 vincula
2303 3755 2588 3818 stringunt,
2643 3766 2804 3802 nervo
2865 3751 3018 3815 pedes
3065 3758 3362 3813 arctantur;

1841 3839 2125 3907 fragmenta
2153 3855 2352 3907 quoque
2376 3847 2620 3893 testarum
2645 3839 2821 3892 subter
2842 3853 2956 3892 eum
2982 3839 3366 3902 sternebantur,

1841 3945 1904 3982 ne
1931 3931 2062 3980 inter
2085 3931 2350 3982 horrorem
2378 3937 2428 3980 et
2451 3927 2643 3995 frigora
2670 3929 2833 3996 longae
2864 3928 3028 3980 noctis
3055 3927 3260 3994 ligatus,
3283 3930 3365 3978 vel

1838 4032 2076 4073 somnum
2107 4018 2185 4070 vel
2217 4020 2442 4085 requiem
2466 4032 2648 4082 capere
2669 4017 2889 4084 aliquam
2912 4015 3157 4069 continuo
3181 4015 3366 4068 horum

1839 4111 2075 4163 acumine
2101 4120 2439 4175 compuncms
2465 4108 2748 4158 sineretur.

1907 4197 2103 4248 Interea
2135 4197 2427 4263 episcopus,
2457 4195 2542 4260 qui
2588 4196 2651 4246 ad
2701 4194 2954 4246 ruontium
3008 4192 3220 4246 latibula
3269 4192 3362 4243 lio.

1837 4296 1967 4338 stem
2000 4284 2239 4352 fugiendo
2267 4293 2574 4346 secesserat,
2604 4293 2656 4335 et
2686 4282 2793 4348 ipse
2839 4297 2940 4334 non
2988 4283 3188 4335 minore
3232 4295 3369 4335 mar-

1841 4375 2027 4445 tyrium
2059 4379 2295 4442 passione
2337 4373 2568 4440 gerebat,
2598 4387 2749 4438 quam
2778 4372 2820 4424 si
2855 4369 2993 4422 ferro
3040 4370 3243 4422 vinctus
3282 4378 3370 4420 aut

1841 4463 1988 4518 testis
2015 4462 2390 4530 superpositus,
2425 4459 2504 4511 vel
2532 4459 2753 4509 llarmnis
2776 4467 2915 4510 esset
2941 4458 3091 4511 datus
3119 4457 3370 4513 urendus.

1769 4529 1814 4584 θ
1846 4554 2036 4609 Urebat
2065 4565 2286 4618 namque
2315 4549 2543 4603 animum
2577 4547 2711 4600 illius
2741 4563 2863 4600 cura
2895 4548 3116 4599 maxima
3146 4547 3226 4599 sui
3254 4561 3370 4613 gre-

1843 4643 1942 4710 gis,
1971 4642 2151 4694 urebat
2176 4647 2229 4691 et
2254 4651 2446 4704 corpus
2491 4636 2674 4698 fames,
2704 4651 2804 4688 una
2835 4649 2953 4688 eum
2993 4634 3174 4702 gelidae
3201 4636 3370 4703 rigore

1845 4732 2058 4794 hiemis;
2089 4732 2338 4800 qui‘inter
2368 4730 2568 4794 Spineta
2615 4727 2724 4779 sine
2771 4735 2906 4778 tecto
2937 4735 2991 4779 et
3019 4726 3266 4778 alimento
3291 4725 3372 4792 ja-

1843 4837 1988 4887 cens,
2020 4831 2222 4874 noctem
2255 4833 2354 4870 una
2397 4831 2516 4870 cum
2546 4816 2630 4867 die
2684 4814 2898 4883 pervigil
2931 4814 3167 4868 sollicitis
3210 4817 3375 4867 conti-

1845 4913 2037 4968 nuabat
2078 4913 2128 4965 in
2157 4909 2414 4979 precibus.
2442 4906 2547 4959 Nec
2574 4905 2790 4959 difficile
2835 4906 3066 4958 membra
3094 4904 3291 4968 senilia,
3322 4914 3376 4958 et

1846 5006 2012 5072 longis
2041 5006 2290 5055 exhausra
2314 4999 2546 5068 jejuniis,
2575 5007 2714 5050 tanta
2760 4997 2836 5049 vis
2863 4997 3115 5048 malorum
3143 4999 3373 5063 compri-

1847 5110 2011 5156 mens,
2041 5094 2120 5145 vel
2149 5092 2212 5144 ad
2242 5101 2458 5142 mortem
2484 5106 2642 5156 usque
2670 5089 2854 5156 coegit.

1914 5188 2015 5238 Sed
2046 5196 2098 5236 ut
2120 5198 2341 5252 superna
2369 5182 2531 5250 pietas
2555 5180 2908 5249 apertissime,
2933 5187 3122 5246 quanta
3150 5179 3226 5231 sui
3250 5191 3371 5232 cura

1849 5375 2024 5415 verum
2056 5361 2283 5413 Ecclesia
2309 5357 2500 5411 Nolana
2533 5363 2804 5408 veneratur
2831 5353 3051 5407 natalem
3081 5352 3192 5419 ejus
3220 5352 3248 5403 7
3280 5353 3373 5404 Fe-

1849 5431 2059 5482 bruarii.
2099 5431 2326 5480 Ecclesia
2358 5429 2716 5478 lleneventana
2745 5427 2808 5476 ab
2839 5426 2866 5475 7
2899 5423 3161 5476 Februarii
3201 5421 3374 5474 officio

1847 5500 2036 5566 duplici
2083 5500 2140 5550 ὃ.
2172 5494 2721 5566 γΙΙετιιιοιειίΛ-ιηῆιθιγνίε
2768 5493 3100 5566 irrtpeditunr,
3143 5491 3374 5566 celebrat

1850 5559 2098 5633 postridie
2141 5565 2248 5617 sive
2276 5567 2308 5617 8
2351 5568 2406 5616 b‘.
2439 5559 2714 5633 Matinium
2743 5561 2912 5633 ofﬁcio
2929 5559 3376 5633 _ser_nidupl_ici,_ut

1850 5627 2001 5689 tradit
2032 5637 2220 5687 alarius
2241 5635 2312 5687 de
2336 5633 2516 5701 Vipera
2544 5633 2592 5684 irt
2615 5629 2856 5696 Catalogo
2883 5629 2976 5684 SS.
3004 5627 3247 5682 Ecclesia:
3279 5628 3373 5681 Be-

1851 5715 2168 5760 Itevcrttattzc.
