3888 6322
555 391 648 448 79!

1245 390 1439 445 ΒΕΜΞ
1478 389 1918 447 VENERABILIS
1955 391 2098 448 OI‘P.
2143 390 2312 447 PARS
2353 394 2436 446 IV.
2478 425 2540 435 —-
2582 397 2952 453 lllSTOlllCA.

3616 408 3703 460 792

557 509 634 561 vir
677 509 760 561 ille
806 508 991 576 dignus
1034 511 1198 566 esset,
1243 503 1571 566 ostenderet,
1618 504 1833 556 mittitur
1873 517 1903 555 e
1945 504 2076 556 casto
2106 507 2152 562 Α
2249 503 2312 556 Et
2341 505 2425 556 ubi
2473 507 2622 572 plene
2651 507 2986 572 reviviscens,
3029 508 3258 564 Felicem
3303 525 3418 565 esse
3447 529 3533 581 qui
3566 518 3625 567 ad
3654 533 3702 570 se

558 596 789 662 angelus,
817 595 902 662 qui
953 593 1155 644 beatum
1209 588 1433 643 Felicem
1465 593 1814 643 confessorem
1860 590 2079 643 vincubs

563 693 879 746 exetttptum,
907 679 970 730 ad
1002 678 1356 743 quaercndum,
1383 679 1823 743 rccreandumque
1852 691 1913 729 ac
1941 678 2077 731 domi

563 771 905 821 revocandum
963 767 1241 818 antistitem
1306 766 1450 818 ocius
1514 766 1692 816 venire
1757 764 2075 831 praeciperet.

558 858 718 910 Erant
759 867 928 909 autem
977 859 1147 924 plures
1193 856 1371 907 eodem
1419 855 1467 906 in
1499 869 1707 907 carcere
1753 855 1952 908 clausi:
1984 859 2075 909 sed

555 946 768 1014 angelus
810 946 1110 1007 adveniens,
1157 944 1251 996 soli
1299 943 1487 1004 Felici,
1531 945 1615 1006 qui
1668 945 1872 1008 pietatis
1918 945 2078 1012 gratia

558 1033 757 1084 vinctus
797 1040 928 1093 crat,
961 1031 1226 1098 apparuit,
1275 1030 1387 1083 luce
1434 1030 1713 1097 splendens
1758 1044 1996 1090 corusca,
2029 1039 2080 1081 et

557 1124 716 1187 ipsam
746 1137 949 1189 quoque
984 1124 1190 1174 domum
1223 1122 1385 1187 gratia
1419 1121 1550 1174 lucis
1595 1121 1904 1186 adimplens,
1934 1120 2080 1186 cujus

555 1226 680 1266 voce
722 1214 875 1265 simul
907 1223 957 1266 et
986 1214 1108 1267 luce“
1144 1212 1285 1266 Felix
1335 1223 1505 1264 motus
1553 1212 1839 1265 intremuit.
1871 1215 1942 1262 Ae
1973 1208 2077 1275 pri-

556 1314 694 1352 mum
738 1301 943 1366 quidem
984 1315 1040 1355 se
1076 1301 1262 1353 somnii
1311 1301 1534 1366 imagine
1583 1300 1725 1352 illudi
1774 1298 1998 1364 putavit;
2030 1305 2081 1347 at

555 1391 765 1455 angelus
806 1403 1019 1455 surgere
1070 1390 1230 1451 illum,
1261 1397 1313 1439 et
1343 1402 1398 1440 se
1426 1388 1568 1452 sequi
1598 1387 1835 1439 exeundo
1883 1399 2078 1452 praece-

556 1478 646 1542 pit.
677 1478 772 1541 Qui
819 1490 1032 1542 stupens
1074 1478 1139 1528 ad
1179 1476 1449 1541 imperium
1491 1474 1739 1540 jubentis,
1773 1474 2080 1525 causabatur

551 1580 607 1616 se
640 1567 780 1618 exire
813 1581 912 1616 non
946 1579 1119 1630 posse,
1147 1565 1265 1628 quia
1296 1573 1348 1615 et
1389 1561 1604 1614 vinculis
1635 1571 1684 1613 et
1713 1563 1941 1612 claustro
1967 1577 2079 1614 car-

550 1653 684 1706 ceris
721 1661 774 1705 et
819 1653 1088 1704 custodum
1133 1650 1399 1717 diligentia
1452 1657 1732 1702 teneretur.
1780 1649 1941 1700 Porro
1982 1664 2078 1700 an-

549 1744 693 1807 gelus
722 1743 902 1795 iterata
933 1755 1059 1794 voce
1083 1753 1298 1803 surgere
1327 1739 1470 1791 illum
1514 1752 1751 1804 propere,
1785 1739 1908 1790 nihil
1941 1739 2076 1791 obsi-

549 1829 806 1881 stentibus
833 1829 1072 1891 vinculis,
1103 1827 1283 1894 jussit;
1314 1837 1365 1879 et
1413 1827 1550 1878 dicto
1592 1827 1743 1878 citius
1786 1838 1982 1879 catena:
2012 1828 2074 1880 de
2109 1805 2148 1862 Β

553 1921 784 1971 tnauibus
828 1930 878 1970 et
924 1923 1056 1971 collo
1108 1919 1240 1980 eius,
1289 1917 1667 1984 compedesque
1723 1917 1962 1970 cecidere
2012 1915 2098 1968 de\

551 2012 785 2074 pedibus.
822 2010 1009 2062 Eduxit
1049 2017 1218 2060 autem
1261 2007 1403 2060 illum
1439 2007 1576 2058 foras
1624 2008 1754 2059 miro
1787 2021 1958 2058 rerum
1989 2019 2077 2057 or-

550 2099 690 2159 dine,
723 2111 899 2164 aperta
931 2099 1026 2150 sibi
1068 2098 1275 2162 quidem
1303 2098 1456 2161 janua
1487 2095 1730 2158 carceris,
1762 2096 1850 2147 sed
1879 2095 2077 2148 caeteris

548 2188 752 2247 clausa,
783 2187 848 2236 ita
897 2195 948 2236 ut
991 2201 1080 2250 per
1111 2187 1247 2250 ipsos
1292 2184 1554 2246 custodes,
1588 2185 1773 2250 quibus
1804 2185 2076 2236 claudeba-

552 2287 652 2333 tur,
684 2271 889 2338 ignaros
936 2286 1105 2322 rerum
1152 2269 1247 2322 iter
1272 2280 1500 2334 agerent,
1535 2271 1646 2333 ipso
1688 2270 1869 2334 angelo
1917 2271 2078 2322 instar

549 2362 801 2413 columna:
833 2360 1088 2419 Mosaictc,
1121 2367 1171 2410 et
1214 2358 1454 2409 ducatum
1490 2356 1644 2408 Felici
1679 2366 1730 2408 et
1759 2357 1956 2420 lumen,
1992 2373 2076 2409 υς·-

545 2463 646 2516 que
675 2450 792 2502 dum
841 2449 1060 2500 hostium
1108 2461 1286 2498 manus
1332 2444 1595 2509 evaderet,
1626 2446 2072 2513 praesentimsuae

549 2539 746 2606 fulgore
777 2541 1056 2604 praebente.

621 2626 688 2680 Ut
729 2636 897 2677 autem
931 2623 1160 2688 pervenit
1202 2625 1379 2676 beatus
1430 2621 1575 2675 Felix
1603 2621 1870 2675 confessor
1901 2622 1962 2674 ad
1994 2622 2070 2675 lo-

548 2730 668 2767 cum
696 2715 908 2776 deserti,
942 2729 1041 2780 quo
1068 2714 1338 2779 episcopus
1381 2721 1686 2776 secesserat,
1735 2712 1930 2763 invenit
1958 2726 2073 2763 eum

551 2821 685 2867 regia
714 2800 932 2863 suspiria
962 2801 1099 2851 tenui
1128 2798 1246 2862 fliith
1275 2799 1561 2850 trahentem
1590 2815 1599 2847 :
1631 2805 1683 2848 et
1708 2797 1909 2859 quidem
1935 2798 2076 2863 gavi-

550 2903 657 2952 sus,
685 2890 817 2954 quod
843 2903 960 2939 eum
989 2890 1240 2940 \ivcntcm
1273 2889 1568 2949 invenerat;
1602 2889 1931 2939 contristatns
1955 2903 2076 2940 vero

548 2985 628 3027 est
671 2977 908 3035 multum,
943 2976 1075 3041 quod
1108 2975 1367 3026 iuvcutuut
1401 2974 1550 3024 morti
1591 2977 1882 3039 proximum
1930 2975 2072 3025 vidit.

550 3063 724 3128 Itaque
752 3064 1018 3126 amplexus
1050 3072 1100 3115 et
1144 3063 1403 3113 osculatus
1443 3071 1524 3113 est
1565 3061 1787 3124 l‘atrcm,
1821 3063 2076 3128 cmpitque

548 3161 766 3213 tentare,
798 3152 837 3202 si
873 3151 1003 3202 forte
1047 3151 1231 3202 crebro
1259 3151 1489 3201 anhelitu
1535 3153 1614 3203 sui
1645 3151 1749 3202 oris
1779 3161 1828 3202 et
1859 3151 1938 3202 Sui
1969 3151 2073 3201 fotu

545 3244 801 3307 corporis,
831 3243 1020 3308 aliquid
1053 3244 1236 3293 caloris
1277 3251 1451 3308 posset
1477 3243 1661 3308 gelidis
1705 3244 1816 3307 ejus
1856 3243 2071 3294 artubus

547 3329 751 3381 afferre.
792 3331 921 3380 Cum
971 3344 1093 3380 vero
1139 3330 1223 3380 diu
1277 3330 1534 3388 laborans,
1567 3343 1732 3393 neque
1777 3327 2069 3389 clamando,

552 3434 716 3484 neque
749 3418 1002 3483 tangendo
1041 3417 1230 3482 aliquid
1263 3431 1446 3468 sensus
1477 3417 1652 3468 vitalis
1684 3418 1732 3466 in
1760 3415 1870 3480 ejus
1902 3424 2074 3479 posset

547 3507 624 3557 ιρι
651 3507 822 3558 animo
859 3509 1087 3560 excitare
1129 3509 1206 3560 vel
1255 3522 1500 3574 corpore,
1548 3508 1638 3560 sed
1687 3522 1855 3573 neque
1905 3508 2071 3573 ignem

547 3604 632 3645 attt
671 3596 972 3649 alimentum
1019 3599 1066 3649 in
1116 3598 1373 3663 proximo,
1403 3610 1504 3662 quo
1553 3610 1668 3648 eum
1719 3596 1968 3673 rigentgu
2010 3610 2070 3647 ac

550 3682 892 3735 tabescentem
958 3694 1245 3746 recrearet,
1296 3684 1552 3736 haberet:
1596 3683 1802 3735 tandem
1862 3684 2073 3735 invento

550 3771 743 3823 salubri
773 3773 1011 3829 consilio.
1044 3773 1203 3824 ﬂeetit
1234 3787 1396 3837 genua
1425 3787 1513 3824 sua
1541 3771 1604 3824 ad
1644 3771 1844 3824 Patrem
1871 3771 2070 3824 Domini

548 3861 709 3911 nostri
759 3860 879 3912 Jesu
928 3861 1143 3922 Christi,
1189 3860 1490 3926 suppliciter
1535 3861 1831 3921 obsecrans,
1865 3869 1918 3911 ut
1966 3859 2072 3924 ipse

550 3949 756 4001 (-(elitus
787 3964 901 4000 eum
929 3951 1152 4016 juvaret,
1183 3964 1286 4016 quo
1315 3948 1658 4000 ministerium
1690 3948 1909 4013 pietatis,
1936 3946 2071 4013 quod

537 4038 713 4098 jussus
742 4045 868 4095 erat,
899 4051 1016 4102 erga
1049 4036 1250 4088 Patrem
1279 4051 1424 4087 suum
1471 4036 1680 4102 explere
1710 4036 1922 4086 valeret.
1959 4033 2066 4086 Nec

543 4139 706 4188 tnora,
739 4126 1011 4177 exauditus
1039 4125 1165 4176 vidit
1195 4126 1502 4189 pendentem
1533 4125 1714 4176 vicinis
1756 4125 1804 4176 in
1835 4126 2068 4176 sentibus

545 4229 694 4265 uvam
722 4233 731 4265 :
761 4223 811 4266 et
842 4214 977 4266 illius
1006 4229 1120 4266 esse
1162 4229 1346 4278 munus
1381 4214 1609 4280 agnovit,
1638 4215 1723 4280 qui
1769 4222 2067 4264 naturarum

546 4301 780 4353 conditor
807 4312 961 4367 atque
1003 4311 1182 4352 auctor
1212 4301 1460 4363 omnium,
1492 4309 1544 4352 et
1591 4314 1775 4364 aquam
1815 4299 1880 4351 de
1926 4309 2066 4364 petra

550 4389 785 4452 produxit
827 4388 990 4449 arida,
1021 4397 1072 4439 ct
1115 4389 1277 4455 ipsam
1323 4403 1436 4440 cum
1467 4388 1623 4438 voluit
1654 4387 1702 4439 in
1736 4388 1908 4438 vinum
1937 4404 2061 4439 eon-
2097 4401 2146 4458 Ι)

549 4477 720 4529 vertit.
749 4477 1077 4544 Lmtatusque
1107 4478 1321 4529 multum
1365 4478 1460 4528 hoc
1505 4491 1718 4528 munere
1745 4476 1930 4527 divina:
1961 4477 2064 4527 uie-

549 4563 686 4626 tatis,
717 4566 827 4614 tulit
861 4579 1146 4626 racemum,
1173 4573 1325 4630 atque
1357 4564 1419 4615 ad
1449 4578 1506 4616 os
1537 4565 1761 4630 episcopi
1801 4563 2068 4617 morientis

542 4652 802 4703 admovit:
835 4651 924 4703 sed
955 4653 1070 4718 quia
1104 4653 1187 4704 ille
1223 4654 1412 4704 striCIis
1456 4653 1691 4704 dentibus
1721 4653 1880 4704 instar
1927 4666 2067 4702 mor-

544 4741 634 4801 tui,
667 4749 840 4802 utpote
883 4740 1022 4790 omni
1062 4754 1216 4790 sensu
1260 4747 1311 4792 et
1353 4741 1522 4792 cordis
1551 4750 1603 4792 et
1629 4743 1811 4797 animae
1859 4753 2065 4801 carens,

546 4829 769 4880 oblatum
816 4827 912 4880 sibi
961 4838 1166 4896 gustum
1219 4843 1426 4893 prorsus
1484 4830 1717 4891 aecipere
1767 4829 2061 4885 nesciebat;

545 4915 745 4967 tandem
777 4923 982 4965 sanctus
1014 4915 1276 4983 presbyter
1321 4914 1458 4965 Felix
1507 4913 1638 4964 felici
1673 4927 1916 4962 manuum
1945 4928 2065 4961 sun-

546 5020 655 5056 rum
699 5004 973 5055 luctamine
1023 5005 1225 5068 aperuit
1269 5002 1411 5052 arida
1455 5001 1564 5066 t-jns
1610 4999 1762 5059 labia,
1798 5008 1850 5050 et
1889 5000 1962 5048 sic
1990 4998 2064 5048 ori

542 5093 651 5158 t‘jus
697 5093 921 5144 resoluta
971 5105 1089 5151 uva,
1131 5103 1373 5156 quantum
1426 5090 1589 5153 potuit
1637 5088 1776 5139 succi
1827 5087 2067 5138 salutaris

545 5182 743 5234 infudit.
774 5185 884 5245 Quo
928 5191 1152 5247 gustato,
1198 5195 1313 5230 mox
1349 5178 1497 5229 Pater
1527 5193 1733 5228 sensum
1776 5176 1958 5226 animae
1986 5189 2065 5227 re-

545 5274 674 5337 cepit
705 5282 756 5321 et
783 5272 1032 5332 corporis,
1067 5269 1366 5332 aperiuntur
1393 5264 1577 5315 deinde
1605 5263 1757 5322 oculi,
1793 5263 2066 5328 linguaque

545 5376 656 5425 quae
695 5359 845 5411 siccis
894 5356 1120 5410 haerebat
1161 5355 1388 5407 faucibus
1426 5354 1486 5403 ad
1536 5350 1846 5416 loquendum
1904 5350 2064 5401 soluta

546 5456 642 5500 est.

616 5587 638 5612 "
679 5579 906 5630 Rursum.
953 5577 1168 5629 Jacobtts
1215 5577 1275 5625 de
1319 5574 1567 5636 Voragine
1613 5571 1788 5622 scribit
1833 5578 1948 5620 ante
1973 5586 2065 5620 nn-

553 5663 663 5699 t'aut
715 5649 842 5699 hanc
874 5649 1276 5713 persecutionCut
1338 5646 1557 5695 Felicem
1607 5639 1668 5690 ad
1715 5639 2060 5706 episcopatum

2181 593 2507 658 qumrendunt
2540 595 2762 647 venisset
2796 598 3029 662 agnovit,
3062 597 3274 666 paterna
3321 602 3462 651 illum
3518 605 3698 666 pietate

2179 683 2495 745 complexus,
2515 693 2566 733 et
2591 698 2747 749 quare
2771 695 2870 735 tam
2898 699 3014 738 sero
3037 687 3236 738 veniret
3259 697 3579 753 conquestus
3603 701 3691 737 est.

2185 785 2202 815 ς
2238 767 2350 827 Ubi,
2385 773 2637 834 inquiens,
2670 779 2771 821 tam
2801 772 2885 822 diu
2912 773 3206 826 demoratus
3235 789 3311 836 es,
3355 775 3461 824 fili?
3506 775 3632 826 Nam
3662 787 3701 826 te

2177 854 2475 918 jamdudum
2522 857 2766 908 Dominus
2811 859 2875 910 ad
2923 873 3004 910 me
3047 871 3320 911 venturum
3378 863 3695 924 promiserat.

2182 941 2334 994 Vides
2361 953 2531 995 autent
2558 945 2676 1010 quia
2725 946 2824 997 etsi
2866 947 3138 1012 fragilitate
3187 948 3353 998 victus
3383 950 3618 1012 corporis
3644 951 3698 999 ad

2181 1028 2357 1080 horam
2388 1031 2538 1092 cessi,
2587 1032 2804 1083 solidam
2839 1042 3006 1085 tamen
3051 1033 3211 1085 animi
3258 1033 3426 1086 ﬁdelis
3464 1047 3702 1087 constan-

2181 1121 2298 1171 tiam
2345 1123 2573 1186 servavi,
2603 1124 2735 1175 sicut
2778 1125 2934 1177 etiam
2966 1125 3062 1176 loci
3111 1126 3281 1191 hujus,
3315 1126 3379 1177 ad
3425 1139 3580 1192 quem
3624 1139 3698 1178 se-

2179 1206 2330 1272 cessi,
2360 1218 2522 1261 status
2555 1210 2768 1263 indicat.
2802 1212 3032 1264 Poteram
3062 1214 3269 1279 quidem
3305 1215 3367 1265 ad
3417 1216 3587 1264 vicum
3615 1217 3700 1264 ali-

2180 1309 2329 1361 quem
2359 1299 2467 1350 sive
2507 1299 2657 1351 aliam
2688 1303 2895 1364 urbem,
2931 1303 3015 1354 ubi
3047 1305 3111 1355 ab
3153 1304 3387 1355 hostibus
3416 1318 3586 1354 es~cm
3631 1315 3698 1356 tn-

2182 1392 2280 1442 tus,
2311 1383 2536 1448 intrare,
2576 1387 2616 1437 si
2663 1389 2786 1437 mihi
2835 1390 2950 1439 vilis
2996 1391 3120 1440 fides
3147 1400 3197 1440 et
3234 1392 3390 1440 chara
3445 1392 3554 1441 haec
3605 1395 3695 1441 vita

2182 1475 2375 1527 fuisset.
2406 1476 2548 1528 Nune
2576 1487 2747 1529 autem
2775 1488 2958 1529 concta
3008 1481 3270 1529 hominum
3316 1479 3508 1544 refugia
3545 1481 3694 1530 decli-

2181 1577 2325 1627 nans,
2355 1563 2418 1614 ad
2463 1565 2664 1616 deserta
2712 1580 2835 1617 vero
2884 1567 3134 1617 montium
3165 1567 3487 1634 confugiens,
3519 1570 3694 1620 divina:

2181 1656 2374 1702 tantum
2424 1666 2505 1703 me
2553 1653 2728 1718 gratia:
2760 1654 2959 1705 tttitioni
2992 1656 3209 1715 credidi,
3243 1667 3295 1705 ut
3337 1656 3578 1708 videlicet
3625 1671 3696 1711 me

2179 1735 2287 1801 ipse
2331 1752 2636 1814 quocunque
2679 1741 2833 1791 modo
2863 1741 2940 1792 vel
2973 1742 3153 1793 ordine
3201 1742 3374 1799 vellet,
3401 1753 3490 1793 aut
3523 1746 3572 1794 in
3606 1745 3688 1796 hac

2181 1825 2279 1875 vita
2308 1823 2662 1887 conservaret,
2695 1838 2780 1879 aut
2828 1830 2876 1880 in
2925 1828 3144 1880 futuram
3177 1830 3502 1886 transferret.
3532 1833 3695 1896 Neque

2179 1928 2300 1964 vero
2328 1929 2409 1967 me
2453 1929 2591 1982 spes,
2626 1931 2739 1982 qua:
2767 1917 2814 1969 in
2867 1918 3022 1969 Deum
3053 1929 3181 1982 erat,
3216 1917 3410 1981 fefellit,
3446 1922 3586 1972 sicut
3617 1935 3692 1975 tuo

2179 2003 2447 2056 manifeste
2497 2005 2742 2069 probatur
2789 2006 3030 2066 adventu,
3071 2021 3161 2073 per
3204 2021 3356 2074 quem
3389 2009 3455 2059 ab
3489 2009 3620 2074 ipso,
3650 2021 3694 2062 ttt

2178 2091 2248 2142 ita
2295 2092 2544 2157 dixerim,
2579 2094 2752 2145 limine
2785 2096 2964 2146 mortis
2992 2111 3103 2145 sum
3133 2105 3401 2147 revocatus
3425 2098 3492 2147 ad
3531 2100 3691 2150 vitam.

2180 2177 2344 2240 Unde,
2377 2191 2492 2232 nate
2537 2183 2625 2243 mi,
2657 2184 2919 2249 complere
2967 2182 3182 2235 festinus
3229 2195 3452 2250 coeptum
3505 2185 3693 2249 pietatis

2176 2256 2532 2333 opuscurato,
2564 2281 2614 2322 et
2645 2272 2943 2338 impositum
2987 2287 3069 2325 me
3099 2273 3327 2325 humeris
3365 2274 3574 2325 domum
3621 2291 3690 2325 re-

2179 2367 2381 2420 portare
2410 2367 2634 2422 531386.)

2245 2443 2442 2505 Quibus
2481 2443 2662 2506 dictis,
2719 2443 2859 2495 Felix
2905 2445 3173 2498 celerrime
3218 2445 3352 2512 quod
3403 2447 3692 2510 jubebatur,

2175 2531 2424 2594 esplevit:
2479 2543 2845 2597 revectttmque
2884 2532 3114 2585 humeris
3145 2535 3428 2586 antistitem
3455 2550 3600 2585 suam
3639 2540 3690 2588 ad

2179 2618 2388 2670 domum
2431 2620 2634 2682 retulit,
2675 2636 2824 2686 quam
2869 2623 3010 2672 unica
3049 2627 3290 2674 servabat
3321 2638 3464 2677 anus.
3505 2624 3560 2677 lu
3589 2633 3690 2676 tan-

2181 2720 2284 2758 tum
2318 2723 2535 2775 namque
2562 2708 2776 2761 antistes
2806 2709 3112 2769 vent-rabilis
3145 2725 3175 2762 a
3213 2714 3387 2762 mundi
3417 2721 3526 2763 erat
3554 2715 3692 2764 rebus

2177 2796 2464 2858 alienatus,
2510 2805 2561 2846 ut
2602 2796 2674 2847 illi
2713 2796 2776 2848 de
2803 2796 2944 2847 omni
2975 2797 3120 2847 turba
3170 2799 3384 2861 domus,
3410 2810 3459 2849 et
3506 2814 3691 2850 summa

2175 2901 2358 2938 census
2389 2927 2402 2949 ,
2429 2901 2558 2937 auus
2602 2901 2699 2936 una
2732 2898 3046 2952 superesset.
3083 2886 3301 2939 Pulsatis
3323 2901 3446 2954 ergo
3473 2888 3658 2938 foribus
3677 2925 3688 2947 ,

2179 2971 2308 3022 hanc
2332 2971 2598 3023 suscitavit
2661 2971 2821 3033 Felix,
2867 2974 3199 3038 surgentique
3247 2973 3544 3037 acjanuam
3585 2986 3690 3035 ape-

2182 3059 2330 3109 rieuti
2372 3059 2511 3110 dedit
2535 3069 2585 3109 et
2624 3059 3002 3110 commendavit
3032 3060 3352 3123 episcopum.
3399 3059 3542 3109 Tunc
3565 3060 3688 3122 epis-

2177 3159 2336 3210 c0pus
2358 3160 2448 3209 pro
2490 3145 2722 3210 impenso
2744 3145 2840 3195 sibi
2885 3142 3055 3195 officio
3086 3144 3292 3210 pietatis
3325 3184 3338 3206 ,
3371 3144 3518 3195 beato
3550 3144 3688 3197 Felici

2173 3235 2398 3287 debitam
2450 3234 2732 3300 gratiarum
2799 3234 2969 3286 retulit
3013 3235 3310 3295 actionem,
3371 3245 3422 3285 et
3471 3222 3686 3300 imposita

2173 3321 2352 3387 capiti.
2374 3321 2485 3386 ejus
2512 3322 2722 3373 dextera
2753 3360 2766 3381 ,
2812 3331 3020 3386 paterna
3053 3322 3191 3372 illum
3222 3322 3581 3374 benedictione
3608 3321 3687 3371 do-

2173 3410 2329 3460 navit.
2356 3408 2452 3472 Qui
2495 3423 2735 3475 cgressus
2777 3408 2927 3468 inde,
2982 3409 3158 3474 paucis
3189 3409 3374 3460 diebus
3409 3419 3460 3459 et
3501 3410 3606 3471 ipse
3647 3408 3686 3457 iu

2172 3498 2324 3549 domo
2378 3511 2465 3548 sua
2497 3537 2510 3559 ,
2588 3498 2752 3550 donec
2807 3498 3184 3564 persecutionis
3245 3497 3394 3549 turbo
3434 3506 3687 3556 cessaret,

2170 3587 2391 3639 delituit.
2439 3587 2582 3651 Quod
2629 3586 2750 3638 dum
2796 3587 2972 3647 fieret,
3029 3586 3260 3637 deseruit
3306 3584 3556 3636 latebram
3588 3624 3601 3644 ,
3646 3593 3689 3634 et

2172 3674 2461 3726 Imlatttibus
2505 3675 2570 3725 de
2609 3687 2704 3725 suo
2751 3674 2974 3726 adventu
3003 3673 3199 3725 civibus
3235 3687 3352 3724 sese
3393 3674 3562 3723 Ianum
3589 3671 3687 3723 red—

2170 3759 2299 3812 didit
2321 3778 2333 3813 :
2373 3775 2432 3811 ac
2456 3775 2545 3825 per
2566 3761 2737 3812 omnia
2771 3760 3063 3826 digrediens
3082 3798 3096 3821 ,
3129 3760 3390 3811 solabatur
3416 3769 3471 3810 et
3494 3759 3686 3810 confor-

2173 3851 2309 3901 tabat
2353 3849 2510 3900 verbo
2555 3847 2934 3899 exhortationis
2981 3846 3186 3897 animos
3223 3846 3576 3910 singulorum,
3611 3846 3685 3909 qui

2169 3936 2448 3988 acerbitate
2524 3937 2802 4001 praemissa
2875 3931 3190 3998 tempestatis
3272 3947 3376 3984 non
3445 3933 3685 3984 modicum

2171 4025 2371 4076 fuerant
2416 4023 2724 4075 conturbati.
2755 4021 2857 4074 Nec
2898 4022 3063 4073 solum
3107 4035 3230 4072 vero
3263 4021 3422 4073 verbo
3447 4061 3462 4084 ,
3511 4022 3600 4072 sed
3642 4029 3687 4071 ct

2168 4127 2261 4162 suo
2289 4113 2408 4163 illos
2461 4111 2679 4163 docebat
2729 4110 2977 4174 exemplo
3023 4119 3076 4162 et
3120 4123 3367 4176 prospera
3425 4111 3598 4160 mundi
3641 4117 3688 4161 et

2168 4202 2381 4253 adversa
2417 4201 2688 4266 deSpiccre
2713 4242 2726 4264 ,
2772 4199 2878 4251 sola
2922 4208 3130 4251 uerna:
3156 4198 3333 4265 patria~
3359 4199 3543 4263 gaudia
3562 4212 3688 4264 qur-

2170 4307 2283 4346 rere
2305 4332 2319 4353 ,
2349 4293 2511 4343 solam
2535 4292 2741 4356 superni
2765 4289 2954 4357 judicis
2984 4294 3108 4340 iram
3138 4288 3436 4340 formidare.

2269 4391 2292 4416 ⁸
2335 4382 2554 4432 llttt'sttttt
2614 4391 2750 4430 mota
2800 4378 3178 4443 jichecutiotte,
3237 4378 3486 4440 qua-titur
3537 4374 3682 4434 Felix,

2169 4470 2478 4534 vcttiuntque
2504 4467 2677 4518 hostes
2718 4481 2876 4529 usque
2905 4467 2968 4515 ad
3013 4465 3357 4515 habitaciilum
3393 4465 3528 4527 eju-,
3559 4464 3682 4512 illum

2167 4555 2312 4604 0.ius
2359 4567 2538 4618 rapere
2579 4567 2638 4604 ac
2683 4552 2832 4603 ntorli
2880 4551 3086 4603 tradere
3126 4551 3362 4602 sitientes
3399 4567 3408 4598 :
3444 4553 3529 4610 qui
3583 4561 3677 4598 tum

2170 4642 2297 4692 forte
2326 4643 2389 4692 ab
2418 4642 2614 4692 aedibus
2655 4641 2762 4692 suis
2789 4641 2972 4692 absens
2998 4681 3011 4702 ,
3043 4640 3092 4691 in
3136 4639 3305 4689 medio
3332 4637 3557 4689 civitatis
3581 4652 3682 4689 cum

2167 4731 2343 4780 amicis
2374 4730 2718 4790 consistebat,
2747 4740 2796 4779 et
2845 4742 2988 4779 more
3014 4727 3110 4777 Sibi
3146 4727 3301 4777 solito
3343 4727 3555 4776 verbum
3584 4723 3683 4774 lidri

2169 4817 2619 4869 circumstantibus
2672 4816 2836 4865 turbis
2890 4814 3218 4881 prtrdicabat.
3271 4810 3434 4873 Quem
3495 4826 3560 4861 eo
3601 4812 3685 4860 lori

2166 4919 2278 4956 esse
2327 4905 2593 4955 audientes
2635 4903 2952 4961 adversarii,
2996 4915 3111 4950 mox
3150 4899 3340 4951 strictis
3391 4899 3576 4965 gladiis
3605 4912 3682 4949 ac-

2165 5001 2414 5043 currunt:
2458 4992 2547 5041 sed
2591 4990 2948 5054 pervenientes
2987 4987 3052 5036 ad
3081 5003 3197 5038 eunt
3227 5026 3240 5048 ,
3282 4998 3478 5040 mutato
3522 4987 3679 5038 divina

2170 5082 2460 5146 provisione
2503 5091 2591 5130 aut
2644 5079 2782 5129 \ultu
2843 5078 3041 5143 ipsius,
3079 5088 3166 5127 aut
3231 5079 3389 5128 corde
3463 5077 3674 5138 illorum,

2168 5184 2487 5236 nequaquam
2530 5183 2649 5218 enm
2693 5182 2846 5234 quem
2877 5168 3070 5231 optime
3098 5176 3384 5226 noverant,
3419 5179 3682 5232 agnoscere

2166 5261 2422 5312 valebant.
2487 5259 2922 5324 lttterrogatttibus
2975 5269 3098 5322 ergo
3157 5255 3321 5320 ipsum
3362 5293 3376 5316 ,
3430 5255 3514 5306 ubi
3561 5264 3684 5306 esset

2168 5351 2335 5409 Felix,
2368 5347 2621 5400 intellexit
2661 5348 2736 5398 vir
2769 5346 3226 5412 prudentissimus,
3257 5345 3508 5396 divinitus
3527 5355 3681 5394 actum

2165 5452 2308 5496 esse,
2339 5451 2401 5487 ne
2424 5449 2540 5488 eum
2567 5443 2965 5501 cognoscerent,
2995 5431 3265 5498 ridensque
3288 5432 3677 5496 inquirentiLus.

2169 5578 2454 5629 promotum
2479 5589 2488 5628 ;

2169 5578 2488 5688 ‘prjomolum;
2538 5567 2729 5662 plures,
2763 5565 3090 5632 postulatum.
3151 5562 3211 5616 At
3261 5563 3462 5617 Paulini
3507 5561 3678 5617 certior

2186 5653 2210 5687 ιι
2239 5653 2310 5688 υς.

2186 5653 2310 5688 ιαρρ.
