3888 6330
213 401 330 455 795

977 409 1162 464 SECT.
1204 413 1242 464 Ι.
1284 441 1335 451 -
1387 413 1948 473 ΙΙΑΟΙΟΟΙΗΡΙΙΙΟᾹ.
1990 448 2054 461 —-
2098 422 2244 475 VITA
2289 426 2346 476 Β.
2391 423 2660 480 FELICIS.

3270 441 3368 492 795

225 534 246 564 ι
285 517 491 578 Nescio,
523 517 711 585 inquit.
762 519 1016 586 Felicem,
1068 539 1220 589 quem
1285 528 1538 591 quaeritis.
1573 544 1590 576 ›
1643 526 1744 578 Nec
1771 531 1818 588 Α
1847 530 2002 592 parit.
2034 531 2271 584 Manebat
2298 548 2517 599 namque
2560 537 2608 588 in
2658 537 2840 589 vicinis
2897 540 3090 594 tedibus
3137 551 3368 609 quardnm

222 619 442 670 prorsus
474 605 674 658 fefellit:
703 623 850 660 nemo
872 612 1008 660 enim
1032 614 1255 676 seipsum
1282 611 1410 664 facie
1432 614 1594 666 novit.

298 696 396 760 Qui
424 699 593 747 statim
625 697 973 763 relinquentes
1002 714 1118 750 eum
1147 741 1159 760 ,
1185 700 1504 754 diverterunt
1530 706 1632 755 alio
1655 746 1667 766 ,
1703 717 1754 760 et

225 796 364 845 quos
395 783 523 834 forte
549 784 728 834 obvios
760 785 1015 837 habebant
1043 827 1056 846 ,
1087 788 1467 856 interrogabant
1504 793 1586 842 uni
1617 805 1754 845 esset

231 869 417 922 Felix'
471 886 498 922 e
527 873 715 936 quibus
761 888 892 925 unus
939 888 1104 926 causa:
1156 893 1361 942 prorsus
1409 880 1612 944 ignarus
1643 921 1656 942 ,
1703 891 1755 933 et

229 956 403 1010 furere
445 974 532 1010 eos
575 962 821 1024 ere-lens,
851 967 1007 1030 erepit
1044 967 1314 1033 objurgare
1351 983 1439 1020 eos
1458 970 1752 1033 dementiae,

225 1045 318 1110 qui
363 1057 662 1111 praesentem
701 1064 802 1100 non
845 1062 1052 1114 possent
1093 1067 1404 1118 cognoscere
1445 1071 1560 1108 eum
1596 1100 1607 1119 ,
1636 1075 1750 1110 eum

226 1147 334 1198 quo
363 1124 700 1198 loquebantur
727 1153 739 1188 :
765 1137 1056 1203 pariterque
1083 1138 1158 1190 eis
1187 1156 1287 1205 quo
1313 1143 1608 1195 discederet
1646 1147 1750 1209 ille,
1771 1137 1783 1148 4'

224 1224 382 1284 quem
425 1224 765 1286 quaerebant,
813 1226 1056 1277 ostendit.
1107 1225 1202 1290 Qui
1246 1230 1450 1292 gravius
1502 1232 1751 1298 furentes,

225 1310 412 1360 statim
464 1311 676 1377 veSIigta
726 1313 857 1364 beati
908 1312 1092 1366 Felicis
1143 1317 1493 1383 insequuntur.
1547 1323 1610 1371 At
1649 1322 1750 1382 ille,

223 1399 758 1463 appropinquantibus
800 1402 906 1465 eis,
938 1402 1227 1455 admonitus
1268 1408 1482 1457 tumultu
1529 1423 1754 1474 prasenr-

228 1487 389 1538 rentis
437 1486 697 1551 civitatis,
773 1479 824 1540 et
871 1489 1182 1542 clamoribus
1265 1495 1466 1546 attoniti
1533 1497 1752 1546 adventu

227 1574 456 1626 hostium
505 1577 636 1641 vulgi
668 1615 681 1638 ,
733 1578 944 1630 secessit
974 1580 1022 1630 in
1072 1581 1401 1634 secretiorem
1449 1583 1638 1646 locum,
1668 1585 1752 1648 qui

226 1659 302 1711 nil
351 1662 556 1725 quidem
614 1667 916 1716 munimenti
972 1666 1211 1719 firmioris
1259 1670 1453 1722 habens
1482 1709 1496 1734 ,
1525 1672 1753 1723 semiruti

227 1753 427 1799 tantum
459 1751 588 1801 muri
618 1763 726 1803 erat
767 1753 1015 1821 fragmine
1058 1765 1373 1822 praeseptus:
1417 1759 1511 1810 sed
1539 1773 1659 1810 mox
1703 1769 1755 1809 ut

223 1835 395 1889 virum
451 1836 539 1889 Dei
589 1843 823 1905 recepit,
870 1842 1000 1893 ruiro
1050 1858 1166 1895 eum
1213 1845 1398 1896 divina:
1455 1861 1633 1898 manus
1675 1858 1755 1899 est

227 1938 387 1990 opere
436 1933 648 1978 tutatus.
701 1926 993 1994 Repentino
1035 1931 1222 1982 etenim
1271 1933 1454 1985 rudere
1498 1937 1757 1987 concrevit

229 2011 420 2062 ibidem
443 2027 596 2077 agger
620 2060 636 2086 ν
670 2013 756 2080 qui
778 2016 1015 2067 eumdem
1041 2017 1208 2068 locum
1260 2019 1594 2082 praeluderet
1620 2040 1630 2072 :
1660 2023 1749 2074 sed

226 2105 283 2147 et
311 2111 495 2147 aranea
518 2099 694 2150 divino
723 2109 845 2151 nutu
880 2142 893 2166 ,
941 2098 1020 2153 cui
1051 2104 1217 2153 omnis
1243 2118 1477 2156 creatura
1508 2107 1755 2170 deservit,

227 2185 503 2239 confestim
534 2197 772 2242 nutantes
802 2192 912 2255 ipso
940 2191 988 2242 in
1020 2191 1132 2243 loco
1162 2193 1288 2246 telas
1328 2195 1615 2261 suspendit.
1644 2195 1757 2261 Quo

229 2289 352 2327 cum
385 2278 742 2342 pervenissent
771 2317 785 2341 ,
833 2279 1208 2345 obstupuerunt
1259 2280 1433 2333 hostes
1466 2291 1556 2340 .et
1585 2298 1758 2347 presso

229 2365 392 2430 gradu
436 2364 776 2432 loquebantur
807 2378 984 2418 mutuo
1012 2406 1027 2430 ,
1059 2367 1289 2420 dicentes
1316 2388 1327 2419 :
1365 2387 1382 2417 ι
1430 2369 1604 2423 Nonne
1632 2372 1758 2421 stul-

229 2459 342 2504 tum
392 2464 470 2506 est
500 2469 594 2505 nos
627 2455 724 2506 huc
757 2454 1015 2508 hominem
1061 2458 1337 2522 qua-rendo
1379 2458 1614 2522 ingredi,
1642 2473 1756 2510 cum

229 2540 428 2607 liquido
468 2553 756 2610 appareat,
813 2545 1071 2599 nernineur
1121 2546 1204 2599 hic
1249 2549 1505 2612 praeisse?
1551 2548 1665 2616 quia
1714 2551 1755 2599 si

228 2631 499 2698 quisquam
539 2633 818 2698 intrasset,
864 2651 1182 2702 nequaquam
1233 2636 1314 2688 hic
1343 2651 1646 2687 aranearum
1677 2636 1757 2687 fila

231 2719 430 2785 integra
459 2731 806 2785 remanerent,
829 2739 943 2789 qua:
972 2726 1128 2776 etiam
1149 2739 1340 2776 masere
1370 2733 1760 2790 perrumpentes

233 2807 460 2859 minima:
510 2822 880 2874 nonnunquam
911 2811 1148 2861 scindere
1181 2810 1366 2862 solent.
1400 2810 1615 2862 Constat
1640 2824 1762 2874 ergo

231 2895 352 2961 quia
372 2897 458 2961 qui
481 2897 578 2948 huc
602 2898 884 2950 secessisse
924 2897 1148 2950 Felicem
1173 2897 1303 2949 dixit
1337 2938 1349 2960 ,
1378 2907 1489 2949 astu
1522 2897 1638 2950 fecit
1664 2933 1680 2959 ,
1711 2905 1762 2947 tit

235 2998 331 3034 nos
373 2985 438 3033 ab
483 2985 594 3048 ejus
639 2985 941 3037 inventione
990 2986 1190 3052 longius
1219 2985 1581 3038 abstraheret:
1641 3000 1762 3052 ergo

237 3071 539 3126 recedamus
616 3088 677 3124 ac
746 3074 1068 3125 dimittamus
1131 3073 1212 3126 hic
1267 3074 1488 3126 hominis
1539 3075 1760 3128 latebras

234 3164 452 3216 scrutari
487 3204 500 3226 ,
552 3163 636 3215 ubi
689 3163 796 3228 ipsa
847 3165 942 3216 loci
1015 3164 1173 3216 facies
1235 3165 1492 3216 neminem
1544 3167 1761 3218 intrasse

236 3261 622 3318 praemonstrat.
661 3269 677 3302 ι
708 3253 795 3306 Sic
817 3253 994 3306 delusa
1025 3253 1372 3306 sollicitudine
1397 3253 1759 3319 quaarentinm,

234 3341 509 3393 discedunt
540 3357 758 3407 propere
805 3343 1083 3395 frementes
1106 3352 1159 3394 et
1198 3359 1297 3394 non
1344 3345 1509 3396 minus
1532 3360 1682 3410 quam
1713 3347 1763 3396 in

237 3427 482 3489 Felicem,
533 3431 708 3481 rabida
761 3440 934 3482 mente
961 3431 1255 3483 frendentes
1277 3431 1325 3482 in
1355 3447 1470 3483 eum
1492 3435 1577 3498 qui
1629 3447 1686 3485 se
1712 3435 1762 3484 in

239 3518 354 3570 loca
383 3518 504 3570 talia
532 3521 638 3570 suis
663 3520 795 3571 dolis
828 3520 1097 3570 induxerat
1122 3537 1132 3569 :
1159 3522 1242 3571 ubi
1282 3521 1438 3571 multa
1467 3522 1655 3572 clat‘uLt
1679 3534 1765 3570 sa-

236 3608 428 3675 pientia
478 3609 544 3673 pii
592 3609 876 3660 conditoris
915 3623 975 3660 ac
1021 3611 1328 3675 protectoris
1383 3609 1562 3660 nostri.
1613 3610 1766 3662 Certe

235 3713 602 3766 nonnunquam
633 3699 762 3749 rnuri
819 3698 1018 3750 urbium
1062 3699 1294 3751 altissimi
1329 3714 1387 3751 ac
1417 3699 1762 3762 munitissinri,

233 3787 376 3840 cives
421 3803 543 3838 suos
569 3787 927 3839 obsidentibus
974 3787 1292 3840 adversariis
1335 3789 1558 3853 produnt
1600 3790 1763 3855 magis

232 3887 388 3942 quam
417 3876 636 3927 liberant
669 3893 682 3927 :
714 3886 766 3927 et
796 3875 1045 3927 humilem
1074 3876 1312 3928 Chri~tus
1341 3876 1580 3928 famulum
1613 3893 1761 3928 suum

232 3977 261 4014 a
310 3963 737 4028 persequentibus
763 3964 973 4015 armatis
1033 3963 1302 4024 hostibus,
1359 3966 1586 4016 tremulis
1642 3979 1761 4015 ara-

232 4065 450 4102 nearum
472 4053 699 4116 casibus,
731 4067 796 4104 ne
820 4052 1037 4104 inveniri
1057 4053 1139 4103 uel
1169 4055 1279 4118 capi
1313 4062 1502 4117 posset,
1535 4053 1760 4103 abscon-

228 4140 350 4200 dit,
399 4155 520 4193 vere
571 4149 627 4192 trt
691 4142 1000 4195 venerabilis
1057 4141 1209 4193 Pater
1262 4141 1504 4193 Paulinus
1552 4141 1618 4193 de
1683 4140 1762 4192 his

231 4227 450 4292 loquens
479 4227 548 4277 ait
581 4244 591 4277 :

419 4371 428 4380 .
496 4370 508 4382 .
655 4374 664 4380 .
733 4368 744 4380 .
811 4369 824 4384 .
891 4371 900 4378 .
970 4370 978 4380 .
1049 4370 1058 4381 .
1127 4371 1139 4382 .
1209 4335 1521 4393 .l'lricunque

413 4395 624 4441 Christus
645 4395 780 4440 adest
801 4396 956 4447 nobis,
979 4402 1029 4441 et
1061 4394 1140 4440 fiet
1163 4407 1331 4439 aranea
1359 4409 1517 4438 morus
1539 4407 1549 4439 :

414 4456 472 4500 At
495 4454 569 4500 cui
596 4454 806 4502 Christus
828 4456 982 4514 abest,
1009 4463 1058 4500 et
1081 4465 1240 4500 murus
1264 4466 1433 4501 aranea
1455 4455 1553 4500 lict.

307 4575 666 4628 Discesserunt
740 4590 899 4641 ergo,
973 4575 1301 4628 incumbente
1348 4573 1454 4640 jam
1520 4588 1760 4640 vespera,

230 4666 458 4727 hostes,
513 4673 564 4716 et
622 4663 759 4715 Felix
816 4663 920 4714 illis
969 4664 1314 4724 abeuntilnrs,
1374 4662 1583 4714 liberior
1633 4663 1761 4713 alias

228 4754 360 4819 petit
384 4754 624 4815 latebras,
656 4753 884 4818 gaudens
905 4751 1250 4817 deiadjutorio
1273 4752 1461 4802 divina:
1482 4752 1760 4811 protectio-

227 4841 317 4893 nis
349 4882 362 4903 ,
417 4856 697 4905 seuumque
743 4841 1061 4890 decantatis:
1115 4839 1238 4889 Nam
1285 4839 1376 4897 etsi
1429 4839 1671 4888 antbulem
1712 4838 1762 4888 in

223 4931 392 4981 medio
444 4930 628 4979 umbm'
675 4910 876 4987 mortis,
927 4943 1024 4977 non
1077 4927 1255 4976 (intuba
1311 4924 1476 4987 mala,
1529 4927 1761 4991 quoniam

224 5030 285 5069 lu
315 5032 504 5068 mecum
532 5032 600 5067 es.
636 5016 722 5068 Die
773 5025 941 5066 autem
980 5013 1114 5066 facto
1143 5053 1155 5074 ,
1202 5013 1418 5064 secessit
1470 5015 1518 5063 in
1573 5017 1756 5076 locum,

225 5104 368 5154 inter
425 5104 534 5168 ipsa
564 5103 897 5153 aedificiorum
945 5113 1079 5152 tecta
1123 5101 1453 5152 secretiorem
1492 5138 1508 5161 ,
1558 5101 1641 5151 ubi
1671 5117 1760 5152 sex

223 5193 501 5247 mensibus
547 5193 801 5244 continuis
856 5193 918 5243 ab
979 5189 1239 5242 hominum
1301 5189 1504 5254 quidem
1585 5191 1760 5239 notitia

226 5287 468 5339 omnium
511 5293 850 5351 segregatus,
892 5282 982 5333 sed
1029 5282 1214 5331 divina:
1262 5279 1550 5345 praesentiae
1601 5279 1760 5344 gratia

225 5377 462 5434 fruitus,
545 5375 791 5425 rnanehat
866 5369 1237 5428 absconditus,
1313 5367 1552 5418 videlicet
1619 5368 1761 5433 juxta

224 5481 412 5518 vocem
445 5465 736 5517 I‘salmistm
763 5504 778 5527 ,
827 5465 875 5516 in
901 5461 1205 5516 abscondito
1228 5460 1393 5511 vulltts
1434 5459 1547 5523 ejus
1585 5474 1611 5509 a
1642 5472 1762 5509 con-

224 5555 524 5607 turhatione
567 5551 829 5603 hominum
863 5592 874 5612 ,
925 5549 1194 5616 quietiam
1251 5548 1382 5598 miro
1425 5547 1565 5598 illum
1613 5556 1763 5612 atque

224 5643 526 5696 hominibus
585 5641 826 5693 inusitato
883 5638 1066 5691 ordine
1108 5646 1246 5688 tanto
1299 5634 1542 5700 temporis
1593 5633 1761 5702 spatio

1852 618 2038 670 mulier
2103 621 2208 672 Deo
2263 620 2484 684 devota,
2532 625 2676 688 cujus
2752 628 3034 679 miniSterio
3087 637 3365 689 nescientis

1853 705 2077 758 scienter
2103 708 2211 773 ipse
2238 746 2252 768 ,
2300 709 2385 773 qui
2416 718 2494 760 est
2546 714 2698 762 totius
2726 717 2952 768 scientia:
2983 719 3094 769 fons
3121 730 3171 772 et
3202 725 3367 788 origo,

1854 791 2098 845 Dominus
2154 795 2407 847 utebatur.
2467 794 2727 863 Coquebat
2774 806 2907 853 enim
2955 818 3110 869 panes
3166 810 3370 869 mulier,

1852 880 2101 944 coquebat
2127 882 2252 933 alias
2277 897 2423 933 escas
2451 885 2498 934 in
2529 884 2717 935 cibaria
2761 887 2940 940 domus
2966 907 3070 942 sua:
3101 911 3110 944 :
3145 905 3197 947 et
3238 895 3369 948 facta

1854 968 1901 1017 in
1932 982 2142 1019 excessu
2174 975 2382 1036 mentis,
2422 988 2484 1025 eo
2517 974 2630 1026 loco
2654 976 2898 1027 inferebat
2923 977 3012 1029 has
3038 1021 3052 1042 ,
3093 985 3175 1034 ubi
3228 986 3367 1038 Felix

1851 1056 2116 1107 confessor
2141 1057 2326 1110 latebat
2355 1100 2367 1121 ,
2400 1060 2568 1125 ibique
2591 1063 2864 1115 sumendas
2921 1066 2989 1116 illi
3021 1070 3268 1132 ponebat,
3300 1073 3368 1122 ita

1853 1150 1905 1191 ut
1959 1156 2123 1208 neque
2176 1144 2273 1197 huc
2326 1159 2382 1196 se
2420 1147 2638 1199 intrasse
2687 1164 2851 1213 neque
2900 1152 3094 1203 redisse
3151 1171 3367 1222 unquam

1851 1230 1984 1280 scire
2012 1239 2221 1295 posset:
2247 1234 2335 1285 sed
2371 1243 2680 1298 pra‘paratas
2707 1250 2851 1290 escas
2876 1239 3013 1291 domi
3056 1256 3111 1292 se
3142 1245 3372 1307 pusuisse

1851 1318 2069 1369 ciedens
2101 1360 2114 1380 ,
2149 1320 2214 1369 ita
2245 1335 2450 1386 semper
2491 1325 2661 1374 abibat
2689 1365 2701 1385 ,
2735 1328 2982 1389 ponenda:
3030 1344 3227 1382 memor
3255 1373 3268 1393 ,
3321 1343 3373 1384 et

1854 1420 1970 1456 mox
2027 1408 2203 1470 posita:
2272 1408 2540 1464 irumemor
2599 1425 2748 1462 esca-.
2811 1413 2868 1464 lit
2906 1415 2980 1465 sic
3031 1416 3084 1467 ll.
3152 1415 3369 1467 Felicem

1854 1490 2023 1543 ferunt
2061 1506 2150 1545 sex
2179 1533 2192 1555 ,
2263 1503 2317 1546 ut
2355 1497 2499 1559 dixi,
2547 1499 2808 1550 mensibus
2835 1500 2881 1550 in
2941 1501 3118 1552 iisdem
3164 1503 3372 1554 latebris

1853 1579 2057 1633 obscuri
2085 1592 2137 1634 et
2190 1585 2388 1649 angusti
2430 1589 2549 1638 tecti
2592 1589 2841 1640 mansisse
2867 1629 2880 1652 ,
2912 1591 2974 1640 ab
3009 1591 3222 1641 Ittttnana
3252 1595 3368 1658 qni-

1855 1666 1969 1718 dern
2022 1669 2266 1721 societate
2333 1673 2623 1738 sejuncturn
2657 1713 2671 1737 ,
2725 1677 2816 1727 sed
2868 1692 3125 1740 nunquam
3179 1680 3366 1730 civium

1853 1767 2192 1820 supernorum
2227 1762 2498 1824 praesentia
2529 1763 2788 1814 desertum
2815 1779 2827 1824 ;
2852 1774 2902 1815 et
2934 1779 3086 1827 parco
3131 1767 3370 1816 nimirum

1857 1852 1990 1893 vrctu
2016 1882 2030 1904 ,
2084 1847 2172 1896 sed
2223 1849 2425 1900 caelitus
2457 1851 2745 1903 ministrate
2769 1891 2784 1912 ,
2833 1863 2985 1903 vitam
3012 1854 3220 1904 duxis-e
3263 1853 3374 1903 Μία

1855 1941 1988 1979 cem.
2017 1931 2126 1994 Quo
2172 1944 2403 1998 terupore
2450 1943 2745 1998 perhibetur
2794 1940 2945 1989 etiam
2989 1939 3170 1990 divina:
3214 1941 3373 1991 collo-

1855 2017 2228 2069 cutionisdono
2284 2021 2471 2084 sepius
2519 2021 2701 2086 dignus
2753 2022 2908 2074 fuisse
2965 2024 3190 2076 habitus.
3247 2027 3373 2077 Erat

1854 2113 2020 2155 autem
2055 2105 2234 2156 iisdem
2260 2142 2276 2168 ,
2307 2107 2355 2157 in
2403 2108 2591 2171 quibus
2639 2110 2933 2161 morabatur
2962 2148 2976 2171 ,
3027 2112 3328 2165 habitaculis
3357 2150 3371 2174 ,

1854 2195 2077 2245 cisterna
2101 2204 2248 2246 vetus
2273 2235 2287 2257 ,
2318 2196 2381 2248 de
2408 2212 2504 2263 qua
2531 2199 2639 2264 ipse
2669 2201 2719 2251 in
2763 2201 2941 2266 primis
2973 2218 3243 2269 pauperem
3281 2221 3371 2271 po-

1858 2291 1962 2333 tum
2008 2283 2316 2336 hauriebat:
2366 2288 2454 2339 sed
2484 2290 2591 2340 hac
2635 2303 2749 2341 cum
2811 2291 2969 2343 nimio
2999 2294 3191 2344 mstatis
3235 2303 3375 2348 esset

1854 2371 2044 2422 siccata
2091 2375 2262 2424 calore
2290 2414 2305 2436 ,
2338 2389 2436 2426 non
2489 2385 2657 2429 tamen
2692 2380 2838 2438 beato
2865 2382 3144 2436 euol'essori
3178 2421 3191 2444 ,
3241 2383 3373 2436 unde

1852 2460 2088 2524 viveret,
2119 2463 2298 2516 defuit.
2327 2464 2523 2516 Etenim
2555 2468 2669 2532 pius
2691 2469 2924 2521 conditor
2943 2485 3001 2521 ac
3032 2475 3260 2536 provisor
3288 2488 3376 2524 sa-

1855 2548 1975 2601 lutis
2001 2563 2188 2603 nastrae
2213 2593 2226 2614 ,
2250 2556 2334 2619 qui
2376 2557 2630 2621 quondam
2659 2561 2794 2610 sicco
2822 2575 2938 2611 aere
2959 2573 3144 2619 cauere
3176 2601 3191 2624 ,
3217 2579 3372 2614 unum

1855 2636 2180 2688 solummodo
2211 2641 2373 2691 vellus
2417 2642 2580 2706 pluvia
2611 2645 2812 2695 caelesti
2851 2646 3070 2707 perfudit
3095 2688 3108 2708 ,
3143 2661 3252 2711 ipse
3279 2667 3375 2699 suo

1856 2722 2141 2773 confessori
2173 2762 2186 2784 ,
2243 2725 2413 2777 silenti
2467 2741 2675 2792 prorsus
2722 2743 2780 2779 ac
2809 2743 2991 2781 sereno
3017 2746 3137 2782 aere
3165 2770 3179 2794 ,
3221 2743 3373 2799 prout

1858 2821 1987 2872 opus
2047 2810 2311 2873 habebat,
2356 2815 2541 2866 occulti
2596 2816 2726 2868 roris
2768 2818 2982 2884 gratiam
3014 2859 3027 2880 ,
3059 2833 3157 2887 qua
3195 2819 3378 2876 sitiens

1859 2908 2178 2949 recrearetur
2210 2941 2223 2962 ,
2257 2900 2579 2954 ministravit.

1927 2981 2196 3050 Completo
2242 2998 2409 3041 autem
2468 2990 2564 3042 huc
2623 3002 2889 3056 tempore,
2960 2995 3250 3048 admonitus
3296 3007 3374 3050 est

1862 3074 2070 3125 oraculo
2121 3076 2290 3126 divino
2317 3079 2592 3142 procedere
2634 3083 2696 3130 de
2744 3082 2980 3143 latebris,
3007 3099 3067 3133 eo
3111 3084 3242 3148 quod
3267 3084 3369 3146 jam

1867 3163 2236 3226 persecutionis
2257 3169 2404 3215 turbo
2453 3168 2831 3230 pertransisset.
2860 3168 2956 3232 Qui
2986 3179 3036 3219 ut
3078 3174 3375 3234 repentinus

1863 3252 2097 3314 apparuit
2120 3252 2168 3302 in
2199 3253 2402 3314 publico
2426 3291 2441 3314 ,
2463 3253 2754 3319 gratissime
2797 3258 2860 3306 ab
2886 3257 3120 3307 omnibus
3145 3294 3158 3316 ,
3183 3259 3323 3322 quasi
3352 3275 3378 3306 a

1866 3339 2104 3400 paradiso
2164 3339 2376 3392 veniens
2402 3381 2416 3402 ,
2466 3353 2734 3407 susceptus
2778 3353 2875 3395 est.
2916 3345 3086 3408 Cmpit
3125 3355 3291 3397 autem
3317 3360 3378 3397 ex

1867 3434 2098 3492 tempore
2141 3426 2292 3480 fidem
2343 3429 2649 3481 confirmare
2703 3431 2970 3495 omniurn,
3025 3445 3137 3497 qme
3185 3433 3378 3485 saevitia

1865 3516 2185 3580 tempestatis
2231 3527 2342 3569 erat
2387 3534 2491 3570 non
2544 3519 2811 3571 minimum
2864 3522 3130 3573 convulsa.
3181 3522 3375 3574 Interea

1866 3605 1970 3656 Deo
2022 3605 2238 3655 dilectus
2289 3606 2500 3658 antistes
2554 3606 2843 3667 Maximus,
2905 3607 3052 3674 longa
3109 3619 3378 3674 provectus

1863 3704 2013 3746 aetate
2046 3732 2058 3755 ,
2100 3695 2234 3745 diem
2283 3695 2466 3747 clausit
2495 3696 2745 3748 ultimum.
2788 3697 2887 3748 Nec
2916 3713 3055 3748 mora
3089 3715 3100 3747 :
3153 3697 3295 3750 Felix
3325 3699 3378 3752 iri

1866 3783 2164 3848 episcopatu
2199 3782 2641 3848 omniurnjudicio
2666 3784 2888 3848 eligitur,
2918 3784 3003 3850 qui
3025 3793 3076 3836 et
3115 3785 3382 3839 confessor

1863 3867 2090 3919 existens
2139 3867 2542 3930 invictissimus,
2589 3877 2640 3918 et
2681 3868 2860 3920 doetor
2909 3872 3276 3933 suavissimus,
3331 3880 3383 3926 et

1863 3972 1976 4019 quin
2006 3956 2136 4006 bona
2164 3970 2254 4006 ore
2281 3955 2515 4016 docebat,
2545 3955 2654 4020 ipse
2678 3967 2856 4008 cuncta
2879 3973 3033 4022 opere
3053 3963 3379 4028 complesset.

1855 4041 2053 4094 .Verum
2088 4041 2226 4094 Felix
2260 4083 2273 4104 ,
2306 4051 2364 4093 tit
2385 4044 2538 4095 etiam
2566 4045 2866 4098 humilitatis
2888 4059 3126 4113 quantam
3151 4050 3199 4100 iri
3226 4050 3381 4102 corde

1868 4130 2082 4182 haberet
2113 4131 2479 4183 sublimitatem
2507 4129 2806 4195 insinuaret,
2834 4138 3115 4188 verecunda
3145 4151 3203 4189 se
3231 4152 3379 4202 voce,

1865 4233 1929 4270 ne
1974 4219 2106 4270 hunc
2131 4219 2342 4285 gradum
2393 4219 2653 4283 suscipere
2678 4221 2930 4284 deberet,
2966 4225 3230 4274 excusavit
3263 4264 3277 4285 ,
3305 4224 3381 4277 di-

1864 4321 1986 4360 cens
2013 4310 2486 4375 cornpresbyternm
2521 4325 2668 4361 suum
2701 4312 2964 4374 Quintum,
2997 4312 3156 4363 multo
3182 4313 3384 4378 dignius

1869 4397 2118 4447 honorent
2170 4397 2363 4462 pra-fati
2421 4397 2610 4462 gradus
2649 4411 2800 4461 posse
2828 4399 3002 4449 subire
3035 4436 3049 4460 ,
3096 4413 3158 4451 eo
3185 4401 3316 4464 quod
3346 4404 3386 4454 is

1863 4495 2056 4550 septeni
2105 4484 2284 4535 diebus
2328 4492 2446 4534 ante
2492 4497 2641 4549 quam
2675 4484 2783 4548 ipse
2806 4520 2821 4544 ,
2876 4483 2938 4535 ad
2969 4485 3202 4537 ordinem
3235 4503 3380 4552 pres-
3414 4503 3420 4509 '

1863 4574 2060 4641 byterii
2084 4573 2263 4624 fuisset
2311 4582 2593 4638 promotus.
2638 4573 2780 4636 Quod
2817 4575 2881 4625 ita
2915 4616 2929 4639 ,
2973 4585 3026 4625 ut
3075 4577 3381 4640 postulabat,

1864 4661 2126 4726 expletura
2171 4670 2305 4712 estz'
2332 4671 2733 4728 susrepturnque
2781 4664 3104 4729 episcopatus
3156 4666 3380 4717 officium

1861 4750 2091 4814 itaidcrn
2116 4751 2333 4814 Quintus
2382 4751 2756 4802 administravit
2789 4792 2802 4814 ,
2837 4762 2890 4802 ut
2947 4753 3210 4804 humiliter
3256 4755 3380 4806 bea-

1863 4839 2061 4890 tissimo
2082 4838 2361 4890 confessiiri
2384 4839 2687 4900 submissus,
2715 4838 2855 4889 illurn
2881 4854 2970 4902 pro
2999 4852 3054 4891 se
3083 4855 3374 4892 sermonem

1862 4931 1924 4980 ad
1957 4930 2199 4996 populum
2243 4929 2412 4981 facere
2460 4929 2668 4994 juberet
2699 4967 2714 4992 ,
2743 4940 2791 4980 et
2822 4929 2930 4994 ipse
2962 4929 3158 4994 plebem
3182 4931 3371 4995 officio,

1865 5019 2005 5070 Felix
2034 5018 2262 5069 doctrina
2289 5027 2508 5081 regeret.

1929 5107 2024 5171 Qui
2057 5099 2292 5159 videlicet
2326 5107 2463 5158 Felix
2489 5145 2504 5168 ,
2551 5121 2664 5157 cum
2703 5107 2989 5158 constantia
3038 5107 3380 5161 confessionis

1862 5203 1914 5246 et
1943 5197 2124 5246 virtute
2161 5194 2306 5244 valde
2337 5194 2612 5258 praeclarus
2660 5205 2793 5244 esset
2846 5194 3146 5246 humilitatis
3177 5233 3191 5256 ,
3223 5197 3377 5247 etiam

1862 5297 2092 5333 summus
2165 5282 2465 5333 voluntaria:
2531 5283 2847 5348 paupertatis
2912 5293 3111 5334 amator
3163 5284 3379 5335 exstitit.

1865 5371 2168 5422 l'ossederat
2216 5383 2436 5434 namque
2478 5385 2541 5420 ex
2597 5380 2805 5434 paterna
2839 5371 3141 5421 hereditate
3191 5370 3380 5436 praidia

1864 5461 2024 5510 multa
2056 5499 2069 5522 ,
2098 5458 2376 5522 domosque
2397 5471 2453 5506 ac
2476 5455 2679 5508 divitias
2709 5457 2956 5522 plurimas
2985 5495 2999 5518 ,
3025 5458 3112 5509 sed
3149 5466 3382 5521 tempore

1864 5546 2230 5612 persecutionis
2259 5545 2573 5611 proscriptus
2604 5583 2618 5606 ,
2647 5553 2831 5596 cuncta
2862 5547 3128 5599 amiserat.
3164 5545 3232 5596 At
3261 5559 3379 5598 vero

1861 5648 1982 5700 pace
2015 5634 2251 5687 Ecclesiis
2305 5631 2499 5686 reddita
2535 5671 2548 5698 ,
2596 5646 2711 5686 cuin
2745 5642 2916 5700 posset
2953 5632 3069 5700 jura
3113 5647 3202 5685 sua
3234 5648 3375 5699 repe-
