3888 6322
585 417 686 469 79ῖί

1265 417 1460 471 ΒΕῡιΕ
1479 415 1482 420 ’
1503 416 1942 472 VENERABILIS
1981 416 2102 471 OPP

2204 415 2337 470 ’ARS
2374 412 2458 468 iV.
2499 444 2568 456 —
2607 417 2978 472 lllST()Rl(3.\.
3651 427 3733 481 7146

595 540 704 580 lete
736 567 750 589 ,
785 541 1104 594 nequaquam
1132 527 1261 579 ultra
1295 528 1497 580 Volebat
1531 547 1542 581 :
1570 529 1658 582 sed
1681 531 1865 582 amicis
1890 531 2114 583 suadeu—
2141 531 2188 586 Α
2219 527 2355 588 inde,
2389 529 2432 580 si
2463 544 2564 580 non
2597 528 2755 581 boves
2789 531 3075 595 reciperet,
3115 531 3395 584 exiturum.
3439 534 3584 599 Quod
3633 554 3733 589 tum

597 615 733 667 tibus
765 655 778 675 ,
811 627 864 666 ttt
889 615 1077 668 debita
1111 616 1204 667 sibi
1256 617 1365 680 iura
1426 620 1675 684 reciperet
1706 657 1722 682 ,
1771 635 1884 684 qua:
1911 631 2116 685 recepta

592 719 710 756 cum
763 704 940 757 fenore
983 719 1180 772 magna:
1225 706 1475 759 mercedis
1526 707 1819 773 dispergere
1879 722 1939 759 ac
1993 708 2119 762 dare

592 795 906 860 pauperibus
931 802 1127 859 posset,
1161 795 1457 846 nullatenus
1484 795 1530 846 id
1566 795 1734 848 facere
1761 796 2114 859 consentiens,

597 883 713 936 torti
784 886 1039 936 sententia
1109 885 1467 952 suggestiones
1549 899 1730 939 eorum
1808 887 2114 950 repellebat,

588 973 763 1027 dicens
795 990 809 1024 :
839 992 857 1023 σ
891 974 1072 1026 Omnia
1098 975 1222 1026 mihi
1248 974 1404 1030 licent
1433 1015 1448 1038 ,
1495 976 1586 1029 sed
1619 991 1721 1028 non
1763 978 1935 1029 omnia
1961 992 2116 1042 expe-

589 1061 753 1116 diunt.
798 1061 944 1114 Absit
993 1062 1130 1115 enim
1174 1053 1228 1114 ut
1278 1077 1360 1116 res
1390 1103 1404 1124 ,
1454 1079 1580 1131 quas
1627 1077 1781 1116 causa
1831 1064 2117 1117 confessio-

592 1151 670 1203 nis
713 1150 949 1218 perdidi,
1002 1161 1267 1216 repetam;
1317 1152 1497 1214 absit,
1554 1161 1608 1206 ιη
1663 1162 1891 1206 terrenas
1945 1168 2070 1220 opes
2098 1194 2114 1219 ,

588 1254 714 1302 quas
766 1240 1049 1293 cwlcstium
1126 1243 1374 1294 bonorum
1447 1244 1883 1309 contemplatione
1953 1246 2114 1297 semel

586 1329 872 1394 contempsi
899 1369 912 1392 ,
963 1330 1106 1395 quasi
1148 1329 1257 1381 haec
1310 1333 1478 1383 minus
1522 1332 1627 1384 sola
1668 1332 1966 1398 sufficiant,
2014 1334 2112 1386 ulla

593 1419 792 1471 ratione
867 1432 1133 1484 reposcam
1194 1435 1206 1469 :
1263 1420 1382 1484 quin
1441 1421 1608 1484 potius
1675 1436 1867 1488 pauper
1931 1423 2116 1488 spiritu

589 1521 775 1573 sequar
847 1507 1061 1570 Jesum,
1131 1523 1231 1573 quo
1291 1509 1584 1574 opulentius
1657 1513 1797 1576 regni
1866 1511 2114 1562 chorum

589 1595 723 1647 dona
781 1597 1106 1662 percipiant:
1158 1612 1252 1650 nec
1304 1599 1640 1650 diffidendum
1688 1601 1809 1662 quin
1858 1599 1974 1662 ille,
2027 1603 2112 1667 qui

587 1701 670 1740 me
723 1697 777 1741 et
827 1688 1046 1741 vinculis
1093 1689 1424 1754 tenebrisque
1472 1689 1568 1741 diri
1623 1692 1848 1741 carceris
1894 1692 2114 1756 eripuit,

586 1784 639 1830 et
692 1776 756 1828 ab
802 1776 1098 1829 hominibus
1161 1785 1416 1829 secretum
1471 1785 1612 1829 tanto
1670 1789 1902 1844 tempore
1955 1781 2111 1844 pavit,

2216 615 2300 668 die
2328 626 2433 668 t0to
2457 632 2583 670 voce
2611 618 2818 684 quidem
2851 621 3065 682 rustica,
3118 622 3210 674 sed
3241 622 3540 675 fidelissium
3581 638 3735 676 llN‘Illt:

2218 703 2447 767 iecisset,
2472 708 2871 770 superveniente
2903 722 3140 774 vespera,
3176 710 3374 776 ejectus
3402 724 3482 763 ρει
3511 713 3731 767 violentia

2217 793 2403 857 turbm,
2431 795 2658 846 etsacris
2691 797 3020 861 pmpulsatus
3062 798 3130 849 ab
3158 800 3376 851 aedibus.
3408 799 3561 853 Venit
3582 816 3729 855 autem

2217 881 2450 943 domum,
2482 897 2577 935 nec
2615 885 2807 935 omittit
2847 885 3105 936 continuis
3161 887 3210 938 in
3246 885 3508 941 'lamentis
3548 901 3729 942 noctem

2215 969 2406 1039 ducere
2430 972 2749 1040 pervigilem.
2782 973 2969 1026 Verum
2997 976 3113 1042 quia
3135 976 3304 1028 omnis
3345 980 3430 1044 qui
3468 979 3593 1044 petit
3617 985 3730 1032 arci.

2216 1057 2309 1122 pit,
2340 1067 2391 1108 et
2419 1059 2503 1124 qui
2535 1060 2716 1124 qttmrit
2749 1061 2966 1124 invenit,
3013 1073 3066 1114 et
3112 1065 3335 1130 pulsanti
3390 1067 3662 1132 aperietur,
3688 1083 3729 1120 et

2215 1145 2349 1196 sicut
2380 1145 2649 1199 Psaltnista
2681 1148 2769 1210 ait,
2798 1149 3116 1204 desiderium
3163 1167 3450 1219 pauperum
3487 1157 3727 1208 exaudivit

2221 1234 2465 1288 Dominus
2497 1254 2507 1286 :
2536 1239 2705 1290 medio
2739 1241 2905 1292 noctis
2954 1251 3187 1306 tempore
3215 1259 3330 1295 cum
3353 1247 3727 1300 caeteris'bomi-

2214 1326 2366 1377 nibus
2391 1339 2452 1379 ac
2479 1327 2634 1380 rebus
2655 1331 2895 1384 omnibus
2919 1333 3126 1396 quietis,
3169 1337 3278 1400 ipse
3328 1339 3471 1391 solus
3489 1342 3728 1396 excitante

2215 1429 2308 1466 suo
2355 1413 2534 1469 dolore
2585 1431 2647 1469 ac
2695 1431 2998 1486 paupertate
3028 1425 3241 1490 pervigil
3291 1427 3724 1492 jaceretzmirum

2215 1501 2376 1562 dictu,
2396 1518 2586 1557 venere
2610 1507 2782 1561 subito
2812 1509 2874 1561 ad
2905 1513 3097 1564 ostium
3127 1514 3239 1579 ejus
3263 1514 3442 1578 boves,
3462 1534 3588 1583 quos
3609 1535 3726 1585 qur.

2215 1591 2381 1655 rebat,
2413 1593 2586 1646 divino
2612 1596 2853 1651 videlicet
2882 1611 3005 1651 nutu
3031 1611 3081 1652 et
3115 1603 3448 1668 praedonibus
3490 1623 3592 1671 ere;
3611 1611 3659 1670 ti,
3685 1624 3726 1663 et

2215 1682 2277 1732 ad
2299 1682 2508 1758 domum
2545 1686 2739 1740 demitti
2771 1703 2864 1754 per
2894 1690 3003 1743 loca
3029 1693 3143 1743 avia
3169 1693 3308 1747 inter
3325 1697 3563 1748 tenebras
3587 1702 3725 1751 noctis

2217 1773 2517 1840 errorisque
2576 1779 2803 1829 revocati
2846 1797 2856 1830 :
2907 1783 3274 1852 pulsantesque
3320 1789 3568 1840 cornibus
3613 1795 3723 1842 ostia

585 1865 741 1919 etiam
791 1875 979 1918 cmtero
1002 1867 1116 1918 vita;
1148 1881 1276 1919 mea:
1321 1867 1487 1933 spatio
1515 1907 1527 1928 ,
1551 1867 1831 1934 jactantem
1869 1868 1916 1920 in
1950 1884 2005 1920 se
2025 1883 2114 1921 co-
2149 1842 2190 1898 Β
2215 1862 2326 1925 ejus
2353 1862 2402 1913 in
2433 1876 2538 1928 quo
2568 1867 2812 1920 manebat
2840 1873 3049 1936 tugurii,
3073 1873 3177 1937 jam
3207 1889 3324 1929 sese
3363 1878 3629 1932 advenisse
3668 1883 3724 1933 si-

587 1954 800 2020 gitatum
857 1969 1064 2016 meum,
1116 1955 1225 2022 ipse
1274 1969 1358 2009 me
1387 1955 1630 2007 enutriet.
1688 1956 1833 2008 llunc
1887 1959 2115 2010 retinens

586 2039 811 2093 animum
838 2042 1017 2095 beatus
1045 2044 1315 2095 confessor
1343 2084 1356 2106 ,
1407 2043 1500 2094 tria
1527 2052 1722 2094 tantum
1767 2045 1944 2110 jugera
1983 2047 2114 2098 ruris

584 2129 803 2190 modici,
848 2139 900 2182 et
957 2131 1064 2182 haec
1117 2131 1368 2184 conducta
1392 2170 1408 2195 ,
1445 2141 1493 2183 et
1531 2147 1686 2184 unum
1716 2131 1972 2185 hortulum
1998 2148 2114 2200 pro-

585 2218 678 2282 prii
703 2217 835 2282 juris
859 2257 872 2281 ,
899 2219 1034 2271 unde
1058 2219 1257 2271 viveret
1284 2259 1298 2279 ,
1351 2219 1545 2272 habuit.
1598 2221 1698 2274 Sed
1743 2221 1852 2272 lucc
1876 2232 2109 2287 utraque,

587 2320 649 2357 ne
678 2321 778 2356 uno
803 2306 1010 2373 quidem
1040 2306 1232 2358 famulo
1253 2306 1489 2375 adjutus,
1514 2309 1721 2374 propria
1755 2322 1906 2360 manu
1929 2309 2107 2360 coluit:

585 2394 803 2445 fructum
849 2405 1017 2446 autem
1080 2395 1310 2459 ejusdem
1354 2410 1459 2447 sua:
1509 2397 1730 2459 messis,
1778 2398 1856 2450 vel
1922 2397 2108 2452 hortuli

581 2484 809 2537 adultum
833 2500 946 2538 cum
978 2487 1291 2554 pauperibus
1330 2503 1537 2552 semper
1567 2493 1949 2544 communicare
1974 2507 2109 2559 gau-

579 2571 750 2626 debat.
783 2575 1024 2627 Eantdem
1048 2587 1219 2628 autem
1251 2586 1301 2630 et
1349 2579 1397 2630 in
1427 2578 1605 2630 habitu
1634 2582 2004 2645 parcimoniam
2032 2586 2110 2637 vir

582 2661 912 2716 beatissimus
939 2665 1232 2717 sectabatur
1259 2707 1271 2726 ,
1302 2667 1369 2718 ita
1398 2677 1450 2717 ttt
1478 2668 1699 2734 simplici
1731 2678 1924 2722 tantum
1947 2673 2106 2724 vesti-

576 2760 796 2814 mento,
837 2759 889 2803 et
937 2753 1069 2817 quod
1115 2769 1477 2820 nonnunquam
1518 2757 1597 2808 vix
1651 2758 1748 2808 sibi
1805 2758 2065 2812 snfticeret
2091 2801 2106 2826 ,

574 2848 712 2892 esset
757 2851 1067 2905 contentus;
1120 2844 1163 2894 si
1209 2843 1331 2910 quid
1385 2859 1508 2897 vero
1555 2855 1881 2909 Superesset,
1918 2863 2107 2916 paupe-

577 2928 720 2982 ribus
761 2939 997 2998 erogaret
1027 2947 1041 2983 :
1071 2941 1122 2983 et
1160 2933 1200 2984 si
1229 2933 1360 2986 forte
1400 2933 1605 2986 aliunde
1635 2936 1848 3003 contigit
1871 2947 1920 2988 ttt
1944 2940 2108 3006 gemi-

581 3034 701 3072 num
750 3019 961 3074 haberet
1013 3021 1405 3088 indumentum,
1458 3040 1576 3076 mox
1633 3026 1823 3078 nudum
1893 3028 2105 3082 meliore

576 3108 780 3160 refovit.

642 3218 751 3271 Tali
788 3219 961 3272 vivens
990 3220 1179 3286 pietate
1200 3220 1277 3271 vir
1305 3229 1355 3273 et
1385 3221 1595 3275 nomine
1624 3233 1676 3276 et
1705 3226 1891 3277 merito
1934 3227 2102 3290 Felix,

575 3309 756 3371 plenus
782 3309 980 3361 dierum
1014 3321 1166 3376 atque
1189 3325 1404 3374 operum
1457 3313 1710 3364 bonorum
1765 3324 1788 3349 ι
1837 3317 2106 3372 defunctus

573 3408 652 3448 cst
686 3413 697 3448 :
724 3410 781 3448 ac
809 3399 941 3449 viam
976 3408 1176 3464 patrum
1201 3409 1429 3463 srcutus,
1460 3409 1707 3455 :ctcrnam
1756 3415 1835 3456 est
1868 3418 2105 3472 receptus

576 3485 626 3535 in
649 3483 886 3551 gloriam,
918 3489 1047 3539 sicut
1073 3491 1228 3540 etiam
1261 3491 1402 3556 signa
1427 3507 1540 3558 quae
1571 3492 1622 3544 in
1670 3494 1889 3546 ecclesia
1933 3495 2102 3563 inqua

571 3571 596 3609 3'
618 3573 851 3638 sepultus
871 3583 949 3624 est
973 3586 1092 3626 sunt
1115 3567 1246 3628 facta
1273 3579 1511 3644 perplura
1545 3589 1813 3632 testantur.

640 3661 761 3714 Erat
787 3662 924 3714 enim
951 3664 1017 3715 ibi
1047 3664 1252 3730 quidam
1286 3666 1507 3718 rusticus
1559 3681 1755 3733 pauper
1798 3671 1972 3731 rebus,
2011 3672 2101 3725 sed

577 3751 676 3804 fide
704 3751 923 3820 integer,
951 3755 1036 3819 qui
1078 3766 1346 3822 angustam
1402 3758 1696 3825 pauperiem
1749 3760 1971 3813 duorum
2011 3778 2097 3815 so-

571 3842 836 3895 lummodo
868 3844 1018 3896 boum
1047 3847 1376 3910 possessione
1405 3849 1745 3914 sustentabat,
1780 3853 1855 3904 vel
1885 3853 1992 3918 ipse
2021 3855 2099 3904 vi-

566 3929 756 3982 delicet
782 3932 859 3983 his
885 3939 1054 3995 utens,
1090 3935 1167 3986 vel
1198 3936 1378 3988 vicinis
1405 3937 1624 3990 utendos
1670 3951 1812 4004 pacta
1856 3943 2098 3998 mercede

565 4020 1090 4091 co:nmodans:quos
1120 4037 1234 4076 cum
1283 4026 1440 4078 multa
1489 4027 1638 4095 inops
1684 4045 1806 4083 cura
1860 4032 2100 4100 diligeret

565 4118 720 4176 atque
743 4122 996 4177 servaret,
1027 4102 1428 4180 quadam'nocte
1453 4117 1588 4170 furto
1610 4119 1809 4174 ablatos
1834 4123 2056 4188 perdidit
2081 4143 2091 4175 :

566 4211 626 4248 ac
654 4210 808 4250 mane
833 4198 990 4263 facto,
1021 4214 1138 4252 cum
1189 4216 1281 4255 eos
1311 4202 1508 4258 furatos
1553 4209 1841 4263 certissime
1888 4226 2095 4279 compe-

566 4286 741 4352 risset,
775 4288 961 4342 amissa
992 4289 1133 4342 otttni
1155 4305 1248 4356 spe
1275 4306 1381 4344 sua:
1426 4295 1749 4360 qttmsitionis
1802 4300 1879 4352 vel
1913 4303 2093 4354 inven~

565 4375 742 4438 tionis,
775 4377 906 4441 petit
935 4378 1117 4441 rapido
1139 4393 1294 4431 cursu
1348 4383 1622 4436 ecclesiam
1669 4388 1833 4438 sancti
1878 4387 2092 4454 Felicis;

2212 1949 2458 2014 gnabant.
2503 1951 2602 2006 Sed
2635 1953 2722 2008 ille
2751 1958 2966 2010 multum
3014 1969 3265 2027 tremens,
3298 1980 3399 2018 non
3439 1967 3546 2035 jam
3592 1972 3725 2023 boves

2213 2051 2354 2103 suos,
2405 2043 2494 2093 sed
2543 2041 2683 2096 fures
2723 2046 2821 2098 sibi
2870 2065 3048 2102 rursus
3078 2054 3266 2107 adesse
3289 2060 3527 2120 credens,
3559 2062 3722 2115 diutius

2213 2125 2353 2203 fores
2404 2132 2608 2196 aperire
2658 2135 2899 2203 tardavit,
2949 2139 3114 2193 donec
3171 2140 3328 2196 iidem
3371 2145 3545 2210 boves,
3599 2167 3720 2215 quasi

2210 2229 2417 2267 causam
2447 2219 2642 2274 domini
2675 2224 2926 2278 tardantis
2973 2229 3348 2298 intelligentes.
3397 2237 3593 2302 mugitu
3617 2254 3722 2303 quo-

2210 2317 2309 2370 que
2332 2307 2524 2359 emisso
2549 2323 2606 2362 se
2647 2325 2782 2376 esse,
2831 2317 2917 2380 qui
2961 2317 3021 2368 ad
3073 2321 3206 2370 ostia
3253 2320 3534 2376 domestica
3565 2328 3720 2392 pulsa-

2214 2397 2816 2460 rent,demonstrareut.
2845 2403 3089 2471 Rcceptis
3121 2419 3292 2461 autem
3317 2410 3480 2466 bobus
3504 2417 3720 2475 rusticus,

2210 2498 2312 2534 non
2361 2485 2550 2538 rustice
2580 2490 2669 2539 sed
2714 2490 2865 2543 docte
2911 2507 2971 2544 ac
3018 2496 3239 2551 fideliter
3285 2516 3462 2567 agens,
3490 2504 3721 2558 festinavit

2209 2572 2376 2638 primo
2408 2590 2557 2626 mane
2583 2576 2786 2631 debitas
2815 2580 3066 2635 reddituri
3090 2599 3185 2636 suo
3210 2593 3405 2653 gratias
3440 2598 3717 2658 rependere.

2207 2662 2492 2716 Assumens
2544 2666 2686 2719 enim
2719 2682 2893 2722 secum
2939 2671 3120 2739 boves,
3173 2680 3314 2728 venit
3361 2679 3426 2732 ad
3472 2684 3720 2736 ecclesiam

2209 2754 2371 2807 sancti
2401 2754 2611 2818 Felicis,
2642 2762 2883 2814 omnibus
2915 2773 2967 2815 et
3016 2764 3106 2816 illo
3131 2765 3228 2818 iter
3254 2766 3448 2821 faciens
3473 2779 3527 2823 et
3555 2771 3717 2824 ibidem

2208 2849 2535 2913 perveniens,
2580 2847 2831 2901 beneficia
2879 2867 2996 2918 qua:
3025 2867 3054 2904 a
3087 2865 3268 2908 sancto
3309 2858 3602 2914 confessore
3627 2877 3718 2929 per-

2205 2937 2453 3002 cepisset,
2487 2937 2778 2990 lzetabunda
2810 2953 2937 2993 voce
2967 2943 3225 3009 replicans
3248 2958 3300 2997 et
3329 2949 3625 3000 ostendens.
3667 2951 3720 3003 Et

2207 3027 2322 3092 quia
2349 3027 2568 3077 multum
2604 3028 2832 3092 plorans,
2855 3030 2938 3083 vel
2972 3031 3280 3100 inquirendo
3318 3049 3439 3088 suos
3461 3036 3634 3101 boves,
3654 3041 3719 3091 vel

2208 3114 2256 3165 in
2290 3112 2582 3176 recipiendo
2616 3130 2720 3181 pm:
2767 3117 2976 3186 gaudio,
3023 3122 3294 3176 oeulorum
3334 3140 3540 3193 quoque
3576 3128 3720 3181 aciem

2209 3217 2308 3252 non
2351 3203 2618 3256 minimum
2674 3206 2914 3259 laeserat:
2947 3219 2998 3260 et
3046 3211 3196 3277 hujus
3245 3212 3543 3268 detrimenti
3595 3218 3720 3268 sola-

2207 3293 2331 3344 tium
2369 3308 2395 3344 a
2440 3293 2589 3346 beato
2640 3295 2809 3350 Felice
2853 3313 3116 3366 quaerens,
3161 3305 3385 3368 accepit.
3431 3306 3616 3374 Sicque
3634 3307 3717 3360 do-

2207 3398 2344 3434 mum
2401 3382 2596 3444 rediit,
2642 3383 2832 3450 duplici
2890 3388 3067 3454 gratia:
3111 3391 3340 3445 caelestis
3395 3409 3607 3448 munere
3644 3411 3716 3450 re-

2206 3473 2388 3538 plettts.

2269 3578 2505 3646 Cumque
2532 3581 2580 3633 iu
2611 3580 2857 3637 honorem
2879 3586 3112 3652 ejusdem
3143 3590 3280 3644 beati
3309 3592 3620 3645 confessoris
3635 3606 3722 3646 an.

2200 3671 2400 3734 gustior
2429 3674 2648 3724 ecclesia
2676 3674 3035 3740 fabricaretur,
3065 3689 3216 3731 erant
3246 3683 3294 3731 iu
3315 3687 3550 3749 proximo
3572 3684 3719 3750 ipsius

2199 3761 2433 3813 ecclesia:
2479 3761 2582 3815 duo
2623 3768 2813 3817 rustica
2841 3766 3056 3819 ardilicia
3087 3769 3379 3835 ἰηιριτιυηςι
3422 3784 3548 3834 situ,
3577 3776 3716 3827 simul

2197 3860 2250 3902 et
2278 3850 2532 3904 deformia
2561 3854 2697 3915 visu,
2727 3867 2844 3921 quae
2871 3871 3026 3910 omne
3053 3857 3213 3911 decus
3241 3861 3471 3913 ecclesia:
3516 3879 3616 3914 non
3640 3878 3720 3930 pa-

2198 3958 2312 3994 rum
2331 3957 2421 3996 sua
2453 3945 2772 3999 obscuritate
2821 3946 3101 4002 fmdabant.
3159 3951 3348 4005 Valens
3376 3965 3545 4007 autem
3572 3971 3718 4008 vene-

2196 4032 2385 4085 rabilis
2423 4047 2483 4086 ac
2531 4034 2638 4086 Deo
2686 4036 2906 4088 dilectus
2953 4039 3169 4092 antistes
3215 4040 3462 4094 Paulinus
3493 4046 3595 4094 tolli
3619 4048 3719 4096 haec

2194 4122 2432 4187 tediticia,
2467 4133 2519 4176 et
2562 4126 2830 4178 emundari
2885 4128 2993 4180 lora
3037 4129 3086 4181 in
3116 4134 3304 4198 qubus
3359 4133 3452 4186 sita
3502 4135 3715 4197 fuerant,

2196 4212 2475 4278 postulavit
2516 4225 2635 4276 eos,
2682 4212 2746 4265 ad
2791 4230 3009 4282 quorum
3061 4223 3443 4281 possessionem
3495 4229 3714 4290 pertine-

2196 4302 2339 4365 bant,
2370 4301 2505 4354 hanc
2537 4303 2690 4356 beato
2718 4304 2876 4357 Felici
2911 4305 3142 4371 prwbere
3172 4314 3532 4375 reverentiam,
3567 4325 3622 4366 ut
3658 4317 3716 4366 ad

2197 4390 2560 4442 illustrandum
2617 4391 3075 4460 decorandumqne
3120 4397 3288 4449 locum
3335 4401 3565 4453 ecclesia:
3615 4405 3718 4468 ejus

565 4464 860 4531 ibidemque
884 4467 1188 4531 adveniens,
1219 4480 1340 4522 ante
1368 4471 1504 4526 fores
1542 4475 1727 4528 domus
1753 4489 1946 4531 sanctm
1974 4495 2093 4546 pro-
2120 4485 2170 4544 ι)
2197 4482 2395 4546 privata
2419 4495 2509 4533 sua
2548 4491 2680 4534 tecta
2715 4492 3014 4546 paterentur
3055 4485 3267 4539 auferri.
3321 4489 3390 4540 At
3433 4490 3502 4541 illi
3545 4506 3719 4558 preces

558 4555 826 4621 sternitur,
853 4556 1056 4623 fixoque
1081 4557 1130 4610 in
1163 4568 1352 4611 terram
1383 4564 1522 4614 vultu
1554 4565 1796 4630 implorat
1839 4582 1890 4621 et
1939 4570 2090 4622 obse-

557 4653 667 4695 crat
689 4657 924 4697 sanctum
949 4646 1176 4700 Felicem
1203 4649 1424 4704 reddere
1446 4653 1540 4703 sibi
1578 4654 1736 4707 boves
1764 4662 1898 4723 quos
1921 4659 2091 4724 perdi-

556 4731 726 4796 derat,
753 4742 967 4787 testatus
999 4738 1216 4791 multum
1260 4754 1378 4792 cum
1426 4741 1690 4810 lacrymis,
1741 4761 1996 4814 nunquam
2035 4763 2092 4802 se

627 4909 650 4936 ο
680 4899 1150 4981 ορίηηειυεςμᾹξιθε
1171 4907 1224 4981 S_.
1263 4908 1445 4981 Felicis
1471 4926 1495 4961 a
1532 4911 1746 4963 Paulino
1781 4929 1880 4965 non
1905 4920 2090 4981 expri-

560 4969 735 5039 mitur.
759 4974 932 5035 Inepte
953 4974 1358 5039 Cbristopborns
1387 4980 1734 5033 l’hreislebius
1760 4986 1898 5034 circa
1925 4969 2090 5036 Tlieo-

556 5038 684 5088 desii
721 5049 946 5105 tempora
972 5038 1174 5094 vixisse
1194 5048 1390 5098 scribit.
1416 5049 1666 5104 lleuricus
1699 5051 1968 5104 Fabricius
1991 5056 2091 5105 cir-

554 5117 685 5158 citer
715 5123 903 5184 annum
947 5113 1132 5184 (iltristi
1191 5113 1290 5166 300
1319 5117 1510 5168 obiiSse
1539 5121 1824 5181 existimat,
1855 5124 1944 5173 sed
1977 5140 2089 5184 qua:

557 5185 660 5226 tum
713 5191 803 5250 pax
856 5179 1135 5232 l‘lcclesizts?
1167 5184 1378 5236 llam-us
1429 5187 1637 5238 circiter
1687 5179 1823 5250 5H),
1876 5179 2086 5243 Michael

555 5247 839 5323 monachus
871 5262 968 5323 non
1002 5252 1148 5323 longe
1176 5261 1291 5316 post
1335 5270 1528 5308 annum
1559 5256 1681 5316 512,
1713 5247 1818 5323 quo
1841 5259 1958 5310 data
1991 5277 2086 5320 pax

553 5312 820 5392 Ecclesia).
871 5315 961 5367 Est
1009 5312 1119 5371 lucc
1170 5312 1389 5376 aliorum
1447 5312 1677 5392 quoque
1708 5312 1760 5377 εἰ
1812 5312 2091 5393 probabilis

547 5394 740 5444 Optltln.

621 5451 644 5486 δ
673 5452 926 5531 δρρηιιιιε.
958 5454 1503 5531 Mttlta_.\lartyrologia
1534 5478 1593 5516 ac
1620 5463 1941 5519 Breviarium
1969 5482 2087 5529 ψιθ-

549 5534 647 5581 que
674 5521 961 5598 liomanum
989 5521 1457 5598 sepultumhaltetii
1492 5549 1650 5598 prope
1680 5535 1858 5586 Nolam
1884 5537 1932 5588 in
1975 5521 2090 5587 loco

553 5605 701 5654 quem
733 5592 980 5671 in_l.’incis
1017 5599 1092 5646 vel
1120 5595 1290 5671 Pincis
1309 5592 1655 5671 appellabant.
1690 5609 1750 5654 At
1780 5620 1879 5657 non
1929 5621 2086 5671 pauca

551 5673 752 5730 quoque
786 5659 1143 5730 Illattyrologiu
1189 5667 1283 5717 sub
1331 5659 1538 5722 ritiminc
1580 5672 1794 5724 υειιηῃιι
1820 5684 1870 5724 pl
1898 5659 1995 5726 μὴ,
2029 5675 2083 5726 δ,

557 5727 772 5780 Fclttcut
804 5727 1089 5784 llotuattuui
1113 5737 1466 5810 prcslitlurtttn
1493 5753 1540 5792 ct
1567 5757 1664 5792 mat
1683 5754 1865 5809 tyrtrm,
1901 5744 1983 5810 qui
2007 5746 2084 5795 via

2191 4569 2304 4635 ejus
2335 4571 2522 4623 rustica
2547 4572 2897 4627 obstinatione
2949 4584 3276 4640 spernentes,
3309 4579 3471 4645 magis
3509 4592 3569 4632 se
3613 4581 3716 4630 aui-

2197 4672 2307 4710 mas
2337 4658 2462 4712 dare
2493 4673 2647 4725 quam
2695 4674 2818 4713 suas
2873 4663 3228 4726 possessiones
3255 4666 3544 4730 relinquere
3577 4684 3718 4734 posse

2193 4746 2454 4801 dicebant.
2490 4749 2720 4817 Cumque
2748 4750 3045 4818 episcopum
3095 4754 3308 4806 tzcdcret
3352 4754 3571 4809 rusticos
3621 4757 3715 4808 rixa

2193 4920 2466 4972 Portttcnsi
2518 4921 2752 4985 sepultus
2808 4930 2907 4984 cst,
2955 4923 3048 4974 ltor
3081 4923 3196 4976 loco
3242 4925 3499 4990 sepultum
3529 4943 3718 4978 memo-

2191 5001 2323 5061 rant.
2358 4990 2506 5041 Certe
2539 4993 2679 5056 regio
2704 4997 2783 5042 est
2806 4991 2945 5043 urbis
2992 4993 3193 5057 Romae,
3242 5009 3378 5046 nunc
3418 5009 3521 5057 xiv,
3553 5012 3666 5061 qum
3694 5015 3716 5045 a

2191 5057 2346 5109 Piuea
2379 5074 2561 5127 ttotneu
2609 5061 2789 5109 sortita
2821 5069 2922 5122 est,
2955 5073 3234 5127 censctque
3261 5065 3506 5116 Octavius
3535 5057 3711 5117 Pauci-

2192 5130 2332 5178 rolus
2357 5143 2382 5175 a
2409 5125 2797 5196 pilttliquapialll
2823 5129 2870 5179 id
2902 5139 3096 5180 uatum.
3144 5125 3197 5181 lu
3239 5146 3354 5183 eam
3398 5132 3528 5186 forte
3552 5136 3714 5196 regio-

2191 5212 2306 5246 nem
2345 5212 2374 5247 e
2416 5211 2493 5245 vta
2542 5195 2816 5265 Portuensi
2871 5198 3002 5248 battd
3051 5199 3203 5265 longe
3259 5211 3459 5252 semota
3509 5195 3712 5252 relatum

2192 5266 2356 5316 sancti
2390 5265 2633 5330 ntartyris
2663 5264 2852 5317 Felicis
2878 5268 3261 5333 corpus,eiqne
3289 5271 3500 5320 basilica
3525 5280 3709 5328 erecta.

2189 5349 2303 5396 (put:
2322 5334 2402 5383 vel
2430 5349 2529 5384 non
2556 5342 2741 5391 exstat,
2768 5334 2848 5387 vel
2869 5349 3057 5388 nomen
3081 5338 3318 5389 mutavit.
3348 5339 3711 5392 Volunttautcu

2188 5403 2371 5454 Nolani
2403 5417 2549 5473 suum
2609 5402 2831 5453 Felicem
2862 5407 3218 5473 conlessorem
3251 5408 3302 5456 in
3345 5406 3517 5461 l‘incis
3544 5411 3710 5473 sepul-

2191 5481 2317 5528 tum,
2350 5482 2400 5521 et
2431 5471 2568 5547 t\_'ol:e
2601 5473 2667 5547 in.
2695 5485 2825 5547 pago
2871 5470 3186 5547 Cmmeterio
3218 5485 3367 5547 vetus
3403 5470 3712 5547 episcopium

2191 5541 2345 5590 fuisse
2375 5551 2424 5589 et
2457 5541 2622 5589 locum
2656 5539 2927 5612 iuhl’incis
2972 5560 2984 5593 :
3025 5557 3210 5610 eS'que
3239 5543 3394 5597 is‘tbic
3425 5539 3605 5612 puteus
3629 5562 3710 5612 qut

2188 5624 2370 5672 tttagua
2402 5609 2647 5675 religione
2672 5606 2861 5668 aditur,
2907 5612 3043 5677 quod
3075 5606 3195 5664 oliui
3244 5606 3498 5680 sanguine
3527 5606 3712 5735 man-io

2189 5692 2299 5727 rum
2333 5681 2512 5735 plenus
2537 5677 2738 5728 dicatur
2769 5676 2946 5732 fuisse.
2982 5680 3036 5733 in
3059 5696 3114 5735 rc
3139 5691 3240 5735 tam
3265 5681 3489 5735 Obscura
3513 5683 3662 5735 αἱαὶςὶ
3689 5703 3711 5732 ιε

2189 5692 2299 5727 ruut
2333 5681 2512 5740 plenus
2537 5677 2738 5728 dicatur
2769 5676 2946 5732 fuisse.
2982 5680 3036 5733 in
3059 5696 3114 5735 re
3139 5691 3240 5735 tam
3265 5676 3489 5738 obs—cura
3513 5676 3711 5738 difﬁcile

2189 5757 2263 5799 est
2295 5746 2557 5798 veritatem
2589 5746 2886 5800 decernere.

3425 6185 3702 6221 ad..."
