3888 6334
355 416 456 468 7'}?

1440 418 1622 472 SECT.
1667 419 1724 470 ll.
1768 447 1829 455 —
1872 414 2412 470 MARTYROLOGIA.

3414 413 3532 472 τοῦ

357 543 591 593 Vincere,
621 529 737 580 victi
763 537 881 581 sunt
905 528 1090 582 divina:
1119 530 1360 596 potentia:
1382 531 1701 584 manu.Nam
1727 540 1884 583 nocte
1915 533 1957 586 Λ
1989 537 2199 580 exustus
2221 567 2235 590 ,
2289 531 2665 582 absumeretur.
2721 527 2815 582 Ubi
2869 543 2991 581 vero
3039 535 3317 597 tempestas
3371 537 3509 580 tanta

357 621 582 682 quadam
606 619 986 685 quiescentibus
1015 621 1234 682 eunetis,
1291 619 1487 673 subitus
1529 623 1661 690 ignis
1691 637 1755 674 ex
1785 637 1882 674 una

361 708 608 758 cel'arum
634 708 931 761 earumdem
961 711 1221 769 exoriens,
1252 711 1416 762 vicina
1453 712 1693 777 paulatim
1721 713 1886 765 :edifi-

359 795 437 845 tia
474 782 645 861 petere
672 801 848 864 ctrpit,
880 799 943 849 ita
977 800 1210 862 utmagis
1252 800 1514 868 magisque
1561 802 1666 850 suis
1714 803 1886 852 inere-

364 886 552 937 mentis
577 886 842 947 adauctus,
870 897 922 937 et
948 902 1105 952 prope
1133 897 1183 938 et
1204 887 1352 954 iunge
1383 890 1543 951 posita
1591 888 1877 940 habitacula

365 985 549 1024 cuncta
589 986 987 1040 consumpturus
1028 991 1143 1028 esse
1189 979 1472 1030 videretur.
1532 978 1675 1030 Tunc
1727 979 1883 1032 tantis

360 1061 567 1112 excitati
605 1063 890 1126 fragoribus
928 1073 980 1114 et
1007 1065 1172 1128 globis
1200 1066 1414 1130 ignium,
1458 1066 1598 1118 cives
1645 1082 1888 1120 accurre-

365 1157 504 1207 runt,
541 1158 593 1199 ut
620 1148 697 1200 vel
727 1151 1042 1209 incendium.
1071 1155 1110 1204 si
1137 1164 1365 1220 possent,
1389 1170 1542 1205 omne
1573 1170 1732 1223 aquas
1767 1157 1888 1208 fun-

359 1235 532 1287 dendo
579 1236 957 1304 restinguerent
989 1257 999 1289 :
1033 1240 1113 1292 vel
1143 1242 1206 1293 de
1251 1244 1357 1294 suis
1410 1244 1593 1310 singuli
1643 1246 1887 1298 domibus

363 1340 688 1393 qna‘cunque
708 1341 914 1394 possent
933 1330 1036 1400 igni
1059 1333 1411 1399 prarripientes
1432 1334 1710 1387 auferrent.
1731 1335 1890 1388 Cum-

364 1431 464 1481 que
485 1430 541 1469 se
566 1419 639 1470 nil
670 1421 842 1472 valere
872 1435 1021 1485 posse
1049 1423 1431 1489 conspicerent,
1460 1435 1731 1491 cmperunt
1754 1443 1891 1492 quar-

367 1519 483 1557 rere
538 1506 802 1570 divinum,
858 1510 942 1562 ubi
992 1513 1274 1564 humanum
1318 1515 1571 1574 cessabat,
1624 1516 1892 1567 auxilium.

366 1596 621 1649 Advolant
668 1611 796 1664 ergo
839 1602 970 1653 duce
1017 1601 1260 1668 episcopo
1305 1603 1367 1654 ad
1420 1605 1686 1656 ecclesiam
1728 1607 1895 1657 sancti

363 1684 572 1749 Felicis,
597 1686 808 1740 ﬂectunt
835 1704 1022 1755 genua,
1054 1705 1293 1757 superna:
1344 1694 1526 1744 auxilia
1561 1695 1898 1759 protectiunis

365 1776 692 1844 implorant:
724 1778 984 1833 divertunt
1031 1780 1153 1832 inde
1186 1781 1249 1834 ad
1300 1784 1574 1834 ecclesiam
1631 1785 1893 1835 beatorum

367 1867 742 1934 apostolorum,
772 1884 888 1933 qua:
913 1871 1153 1935 contigua
1178 1881 1286 1922 erat
1307 1873 1539 1923 ecclesiae
1582 1872 1714 1924 beati
1757 1873 1890 1925 Feli-
1921 1863 1966 1920 B

360 1973 457 2020 ωε,
488 1969 540 2011 et
570 1958 689 2010 inde
717 1973 814 2024 per
843 1960 1270 2011 intercessionem
1302 1961 1635 2027 apostolicam
1665 1962 1890 2016 caelestis

363 2047 587 2110 pra-sidii
611 2047 744 2099 dona
779 2047 1084 2115 ﬂagitantes.
1129 2047 1229 2102 Ubi
1268 2059 1533 2115 postquam
1561 2061 1759 2103 oratum
1788 2062 1888 2115 est,

359 2136 734 2196 rediitdomnm
764 2138 1058 2202 episcopus,
1083 2149 1447 2204 summamque
1472 2139 1534 2189 de
1566 2140 1703 2204 ligno
1725 2140 1891 2193 domi-

361 2227 491 2279 nica:
521 2227 689 2280 crucis
722 2242 823 2278 non
854 2228 1096 2294 grandem
1129 2228 1371 2289 aSSuIam,
1407 2229 1546 2279 misit
1578 2230 1625 2279 in
1663 2230 1888 2282 medium

361 2316 584 2367 incendii
619 2314 856 2382 furentis,
883 2318 1160 2383 statimque
1205 2317 1449 2369 immensa
1499 2318 1580 2369 illa
1625 2320 1888 2372 volumina

360 2402 706 2463 ﬂammarum,
739 2421 853 2470 qua:
885 2414 1024 2455 tanta
1054 2406 1276 2457 virorum
1323 2419 1504 2457 manus
1549 2421 1708 2471 aquas
1745 2422 1891 2474 spar-

359 2493 531 2558 gentlo
558 2494 887 2559 ex~tingnere
919 2496 1243 2562 nequiverat,
1291 2494 1400 2559 ipse
1433 2496 1622 2564 lignum
1652 2496 1888 2549 addendo

364 2584 625 2634 restinxit.
658 2582 820 2635 Tanta
844 2583 1033 2635 etenim
1067 2593 1258 2635 8300Ιῖἳὲ
1286 2585 1455 2636 ('l'llClS
1497 2595 1605 2636 erat
1632 2587 1810 2644 Vil‘lUS,
1837 2595 1891 2637 υι

359 2686 477 2723 sese
509 2682 684 2724 natura
737 2674 1092 2737 relinqueret:
1137 2684 1188 2726 et
1239 2674 1370 2741 ignis
1418 2675 1502 2741 qui
1544 2677 1713 2726 omnia
1758 2678 1890 2728 solet

357 2761 494 2830 ligna
537 2761 813 2828 devorare,
845 2764 962 2832 ipso
987 2763 1124 2832 ligno
1164 2764 1440 2818 dominicae
1472 2765 1721 2833 passionis
1747 2771 1885 2819 velut

428 2922 451 2946 η
487 2913 749 2976 Paulinus.
789 2917 877 2968 llic
905 2916 1180 2979 quotannis
1221 2912 1276 2969 S.
1327 2915 1512 2968 Felicis
1544 2917 1766 2971 natalem
1793 2932 1882 2968 na-

357 2983 524 3033 talitio
551 2990 778 3036 carmine
823 2988 1072 3036 celebrat.
1122 2985 1310 3036 Horum
1363 3001 1651 3037 carminum
1681 2996 1886 3037 exstant

356 3053 535 3102 decem
572 3054 787 3117 integra.
821 3053 1076 3120 Dnngafus
1103 3056 1258 3105 etiam
1285 3064 1515 3106 vetustus
1543 3057 1767 3120 scriptor
1799 3055 1886 3120 qui

358 3131 477 3171 ante
505 3136 665 3172 ttun0~
694 3122 794 3174 800
822 3124 967 3185 vixit,
1003 3135 1193 3173 sanctte
1239 3125 1406 3173 erucis
1448 3124 1883 3189 reliquiarumque

268 3195 278 3208 ’
356 3198 414 3238 et
443 3189 719 3254 imaginum
757 3193 949 3242 cultum
1006 3193 1257 3242 adverSus
1305 3192 1502 3241 Claudii
1552 3192 1888 3244 Taurineusis

1992 623 2153 687 sopita
2181 629 2277 674 est.
2302 631 2351 674 et
2381 637 2528 674 mane
2557 623 2803 674 redeunte
2855 623 2993 674 cives
3021 623 3132 674 dira
3167 624 3331 675 noctis
3357 636 3512 687 Opera

1990 711 2318 765 considerare
2341 723 2602 771 venerunt,
2632 714 2903 764 credentes
2925 725 2980 762 se
3009 727 3109 761 non
3159 725 3310 774 parva
3357 711 3513 761 tantis

1991 803 2243 854 inCClldi!S
2274 803 2458 853 damna
2504 815 2619 852 esse
2661 814 2957 866 perpessos,
2994 800 3252 850 inwntutn
3279 809 3357 851 est
3387 799 3512 849 nitnl

1991 904 2203 957 prorsus
2232 901 2493 952 exustum,
2527 891 2621 942 nisi
2672 892 2806 957 quod
2859 891 3079 942 debebat
3119 892 3284 941 aduri.
3315 891 3383 941 Ex
3419 890 3517 942 illis

1990 985 2180 1035 etenim
2211 983 2446 1034 domibus
2466 982 2683 1042 duabus,
2703 982 2765 1034 de
2791 981 2978 1048 quibus
3008 981 3366 1048 prmdiximus,
3385 995 3514 1045 quas

1991 1083 2043 1126 ct
2096 1073 2331 1126 homines
2377 1087 2680 1124 consiuncre
2709 1083 2863 1138 atque
2904 1071 3107 1123 auferre
3135 1072 3512 1134 disposuerant,

1991 1178 2143 1216 unam
2176 1163 2396 1216 flammis
2424 1163 2744 1226 absumptam
2776 1160 3036 1213 videbant.
3083 1159 3197 1224 Quo
3228 1160 3358 1212 facto
3388 1159 3518 1210 mul~

1993 1263 2096 1303 tum
2130 1251 2334 1304 erubuit
2365 1252 2588 1303 rusticus
2619 1251 2723 1314 ille,
2752 1251 2836 1316 qui
2862 1263 2951 1300 sua
3003 1257 3133 1300 tecta
3164 1256 3340 1300 contra
3365 1246 3520 1298 deco-

1993 1358 2102 1394 rem
2133 1352 2426 1394 sanctorum
2454 1340 2792 1394 :cdificiorum
2823 1339 3013 1392 stolida
3055 1339 3398 1390 obstinatione
3426 1337 3518 1388 de-

1995 1431 2244 1493 fenderat,
2271 1444 2488 1484 cernens
2518 1445 2578 1482 se
2619 1431 2833 1481 invitum
2883 1429 3018 1480 nulla
3068 1427 3306 1478 mercede
3346 1426 3518 1488 perdi-

1995 1524 2154 1583 disse,
2201 1536 2314 1589 qua:
2364 1523 2414 1573 in
2466 1521 2682 1586 gratiam
2733 1527 3032 1571 sanctorum
3083 1525 3266 1583 sponte
3315 1515 3521 1566 nolebat

1996 1612 2234 1664 amittere
2267 1627 2277 1660 :
2309 1618 2360 1662 et
2387 1595 2502 1662 mox
2533 1611 2660 1676 ipse,
2683 1606 2816 1674 quod
2845 1605 2947 1672 igni
2976 1602 3379 1671 superfueratde
3397 1601 3522 1653 tedi-

1997 1703 2113 1766 bns,
2147 1703 2352 1770 propria
2379 1702 2540 1765 cmpit
2565 1715 2719 1751 manu
2741 1699 2970 1758 abolere,
3000 1709 3254 1764 quatenus
3280 1695 3521 1747 ocissime

1997 1793 2169 1842 omnis
2188 1791 2323 1843 circa
2346 1790 2614 1842 ecclesiam
2640 1788 2769 1840 beati
2794 1783 3105 1839 confessoris
3138 1785 3278 1836 locus
3295 1797 3520 1850 congrua

1996 1880 2188 1932 sanctis
2211 1877 2450 1928 claritate
2479 1889 2538 1928 ac
2569 1876 2683 1928 luce
2729 1875 3037 1930 redderetur
3081 1873 3312 1939 insignis.
3341 1872 3521 1925 Ablata

1995 1978 2166 2020 autem
2185 1967 2323 2019 omni
2348 1965 2575 2019 foeditate
2602 1965 2841 2016 ruderum
2865 1977 2926 2015 ac
2953 1963 3180 2014 serdium
3201 1960 3518 2024 earumdem,

1997 2058 2259 2125 perstabat
2282 2058 2461 2109 beatus
2493 2058 2706 2107 antistes
2738 2056 2761 2083 ⁸
2801 2053 3040 2104 Paulinus
3069 2050 3336 2104 ecclesiam
3368 2065 3518 2117 quam

1995 2156 2224 2212 (mperat
2277 2146 2339 2196 ad
2382 2144 2665 2212 perfectum
2713 2143 3017 2195 deducere:
3059 2140 3204 2208 cujus
3245 2140 3519 2191 aedificium

1997 2251 2151 2287 omne
2179 2235 2340 2286 tribus
2370 2235 2522 2286 annis
2556 2232 2789 2298 perfecit,
2818 2242 2868 2282 et
2895 2232 2942 2282 in
2977 2231 3187 2296 picturis
3214 2241 3363 2294 atque
3383 2229 3522 2280 omni

1994 2335 2180 2374 ornatu
2205 2338 2299 2373 suo
2327 2323 2501 2374 debito
2545 2323 2644 2373 line
2673 2320 2921 2372 conclusit
2956 2335 2968 2370 :
2999 2320 3047 2370 in
3080 2331 3180 2384 qua
3231 2317 3522 2369 felicissima

1993 2411 2124 2465 beati
2163 2411 2348 2464 Felicis
2381 2411 2480 2461 vita
2515 2419 2564 2460 et
2591 2410 2760 2475 passio
2811 2409 2859 2459 in
2888 2417 3134 2458 aternum
3175 2402 3524 2457 memorabilis

1996 2504 2319 2563 celebratur;
2361 2502 2444 2566 qui
2485 2500 2567 2552 die
2618 2508 2797 2566 quarta
2839 2497 3038 2549 decima
3089 2495 3279 2546 mensis
3328 2491 3518 2543 Janua-

1992 2594 2090 2659 rii,
2129 2587 2489 2644 consummat'o
2540 2603 2693 2641 cursu
2749 2585 3047 2638 certaminis
3096 2582 3343 2649 gloriosi,
3398 2595 3516 2645 per-

1992 2683 2131 2746 cepit
2161 2693 2404 2733 coronam
2441 2677 2581 2740 vitae,
2615 2688 2766 2742 quam
2801 2671 3097 2740 repromisit
3141 2670 3271 2723 Deus
3299 2668 3516 2735 diligen-

1992 2769 2127 2822 tibus
2162 2782 2237 2821 se.

1991 2918 2215 2983 episcopi
2249 2914 2529 2968 sententias
2560 2924 2907 2979 propugnans,
2957 2906 3250 2983 quindecim
3308 2910 3518 2983 enumf-

1992 2974 2070 3038 rat
2102 2974 2298 3038 natales
2321 3001 2347 3035 a
2379 2974 2588 3034 Paulino
2633 2974 2885 3038 c‘ativlatos.
2937 2974 2988 3031 et
3032 2978 3308 3041 fragmenta
3365 2989 3422 3025 ex
3452 2974 3518 3025 iis

1986 3057 2077 3178 inti
2109 3057 2356 3108 hactenus
2381 3054 2560 3119 ignoti,
2593 3051 2846 3116 prt-ducit.
2871 3049 3113 3100 Paulinus
3142 3046 3326 3097 colttur
3350 3059 3377 3093 χ
3397 3041 3508 3092 Kal.

2019 3125 2125 3177 ttlii.
2375 3168 2380 3174 .

2019 3141 2125 3176 lllll.

378 3331 3522 3388 ____—_—___——__—-————————____________________.__—————————_‘

349 3518 860 3678 BEDE
1023 3506 2238 3623 VENEBABILIS
2378 3493 3520 3613 PRESBYTER!

763 3751 1572 3960 OPEBA
1665 3694 3098 3955 HISTOBICA.

937 4226 1312 4300 SECTIO
1363 4221 1682 4294 SECUN
1705 4223 1866 4290 DA.
1903 4241 2012 4264 --
2054 4220 2204 4284 MA
2222 4217 2343 4284 ιη
2365 4210 2906 4283 YROLOGIA
2937 4253 2964 4296 ,

1000 4394 1212 4449 JUXTA
1255 4388 1685 4446 EXEMPLARIA
1726 4381 2147 4439 COLONIENSE
2185 4382 2270 4435 ET
2310 4378 2848 4436 BOLLANDIANUM.

1807 4541 2060 4554 ——-———-

1131 4691 1650 4771 PATROLOG
1667 4692 1693 4764 Ι
1710 4687 1784 4762 1E
1843 4686 2212 4762 EDITOR
2291 4678 2736 4757 LECTORI.

416 4893 627 4950 Nullum
687 4908 752 4947 ex
802 4891 950 4944 Beda;
1002 4889 1321 4943 Venerabilis
1365 4889 1606 4955 operibus
1647 4890 1797 4940 toties
1851 4888 2066 4954 prmium
2106 4886 2346 4948 obtinuit,
2385 4882 2584 4948 quoties
2630 4875 3046 4945 Martyrologium
3087 4876 3249 4942 ipsius
3299 4873 3514 4926 nomine

345 4986 652 5052 insignitum
686 5003 697 5034 :
733 4983 920 5049 quippe
955 4979 1089 5045 quod
1135 4995 1235 5031 non
1279 4979 1449 5030 minus
1486 4979 1763 5045 quinquies
1810 4979 1860 5030 in
1905 4979 2071 5030 lucem
2118 4977 2329 5043 prodiit.
2372 4973 2596 5024 Primum
2629 4968 2836 5035 quidem
2880 4968 3139 5035 vulg-itum
3186 4975 3264 5018 est
3303 4966 3350 5015 in
3385 4964 3506 5016 Edi-

350 5076 495 5128 tione
522 5073 747 5139 Operum
779 5071 1008 5122 omnium
1050 5069 1219 5130 Bedaz,
1271 5068 1498 5120 Colonia:
1530 5070 1850 5133 Agrippinm,
1878 5082 2013 5118 anno
2047 5065 2245 5117 Domini
2293 5061 2424 5115 1616
2451 5061 2711 5122 absoluta;
2757 5059 2979 5110 secunda
3009 5070 3178 5108 autem
3209 5055 3342 5116 vice,
3378 5056 3510 5107 inter

344 5164 674 5217 Monumenta
716 5159 1067 5220 Bullandiana,
1101 5173 1162 5210 ex
1208 5159 1392 5222 quibus
1421 5159 1468 5206 in
1516 5155 1799 5208 editionem
1847 5155 2246 5215 Londinensem,
2294 5166 2322 5203 a
2351 5149 2647 5201 doctissimo
2677 5150 2788 5199 viro
2832 5147 3001 5198 Smitlt
3035 5161 3169 5195 anno
3199 5143 3332 5196 172?.
3357 5143 3510 5194 ador-

345 5260 540 5312 natam,
566 5249 782 5302 transiit.
812 5246 939 5300 Cum
965 5259 1086 5297 vero
1125 5246 1240 5297 duae
1279 5244 1379 5297 illa!
1432 5243 1708 5302 editiones.
1759 5256 1876 5308 qua:
1904 5241 2106 5293 caeteris
2157 5247 2556 5303 anteponuntur,
2604 5244 2778 5287 mutuo
2825 5247 2880 5284 se
2935 5231 3232 5296 perficiant,
3282 5231 3516 5295 notisque

341 5340 514 5393 Smitlt
549 5339 912 5393 eruditissimis
964 5334 1119 5386 simul
1153 5341 1206 5386 et
1247 5332 1577 5398 amplissimis
1627 5332 1878 5396 posterior
1917 5328 2220 5389 illustretur,
2279 5324 2481 5384 ambas,
2532 5336 2635 5372 uno
2661 5320 2842 5371 intuitu
2873 5317 3280 5382 conspiciendas,
3330 5318 3378 5365 in
3422 5329 3514 5380 pa-

352 5429 486 5500 ginis
518 5431 708 5481 uostris
751 5424 1069 5493 c0njungere
1109 5424 1403 5481 statuimus,
1435 5421 1538 5472 illis
1570 5432 1769 5485 posma,
1799 5419 1940 5486 quasi
1979 5417 2435 5484 complementum,
2464 5412 2708 5477 triplicem
2740 5407 2970 5473 ejusdem
3025 5404 3366 5473 Martyrologii
3395 5407 3505 5468 epi-

352 5496 526 5573 tomen
557 5517 852 5570 subueniri.
885 5516 935 5567 lu
968 5513 1206 5578 sequenti
1239 5526 1362 5564 vero
1403 5509 1649 5561 Editionis
1682 5507 2029 5561 Bollandianw
2063 5504 2425 5571 descriptione,
2476 5499 2754 5553 contractis
2795 5498 3044 5550 linearum
3095 5497 3372 5548 intervallis
3413 5496 3501 5548 illa

347 5614 722 5666 Anmnuenn
744 5606 1080 5660 distinximus
1101 5619 1212 5670 quae
1241 5603 1371 5668 apud
1393 5600 1560 5653 Smith
1592 5600 1771 5664 medio,
1814 5610 1870 5652 ut
1892 5599 2002 5665 ipse
2029 5600 2120 5662 ait,
2151 5598 2197 5649 id
2218 5605 2300 5648 est
2321 5595 2529 5655 minori,
2552 5591 2835 5642 charactere
2851 5602 3092 5656 expressa
3114 5596 3253 5650 sunt,
3284 5591 3515 5650 exceptis

345 5713 518 5754 tamen
553 5699 778 5752 Auctarii
809 5697 937 5750 locis
961 5710 1078 5766 quae
1111 5694 1269 5760 ipsius
1298 5693 1436 5746 Flori
1468 5705 1656 5745 nomen
1691 5689 1989 5757 prarferunt,
2021 5699 2071 5742 et
2102 5688 2219 5742 ideo
2245 5686 2382 5738 nulla
2412 5684 2742 5736 distinctione
2773 5681 3019 5748 indigent.
