3888 6322
553 382 655 438 807

1246 376 1440 432 BEDE
1482 378 1913 435 VENERABlLlS
1947 380 2092 435 OPP.

2138 380 2306 437 PARS
2345 383 2428 439 Ν.
2468 409 2535 423 -
2574 379 2942 437 IIISTORICA.
3595 378 3693 435 808

1759 486 1975 541 EDITIO
2013 489 2470 543 COLONIENSIS.
2564 546 2565 551 η

619 579 676 631 Β.
705 576 745 629 ν
775 577 889 629 Inus
914 575 1025 629 JAN.
1053 603 1116 615 -
1142 575 1194 628 In
1218 575 1517 628 Mauritania
1540 575 1852 629 Ctesarieosi
1878 586 2071 629 sanctae
2100 587 2146 640 Α
2178 580 2339 642 Pauli,
2365 572 2512 646 primi
2533 579 2789 644 ercmitte,
2817 579 2903 647 qui
2928 593 2957 632 a
2999 572 3147 631 sexto
3170 574 3375 630 decimo
3401 573 3561 628 astatis
3587 588 3689 629 sua

549 667 817 721 Marciana:
841 667 1051 733 virginis
1086 676 1137 718 et
1178 664 1437 733 martyris.
1472 665 1663 718 Eodem
1692 665 1776 717 die
1805 664 1937 730 apud
1964 666 2075 717 An-

550 758 787 811 tiochiam
819 758 980 809 sancti
1008 757 1195 810 Juliani
1226 756 1488 823 martyris,
1528 765 1579 808 et
1610 746 1869 807 Basilissae
1895 754 2075 822 conju-

548 848 624 912 gis
652 844 781 911 ejus.
817 846 874 896 lli
916 846 1087 910 itaque
1131 830 1458 896 sanctissimo
1484 853 1603 895 voto
1632 844 1759 896 casti
1806 843 2071 910 coniuges.

546 934 735 999 aliquot
755 948 916 985 annos
938 935 1127 999 pariter
1149 936 1402 992 vixerunt,
1421 944 1628 983 carnem
1652 945 1795 981 suam
1820 931 2069 996 virginem

543 1023 749 1075 Christo
776 1032 1059 1083 servantes,
1089 1029 1141 1073 et
1165 1005 1478 1072 mooaStcria
1503 1020 1567 1073 de
1598 1020 1753 1073 rebus
1794 1020 1899 1071 suis
1926 1022 2072 1071 insti-

545 1119 771 1172 tuerunt,
796 1119 849 1161 ut
870 1110 931 1162 ad
954 1111 1130 1162 decem
1154 1109 1309 1161 millia
1336 1109 1703 1162 mooachnrum
1730 1119 1873 1176 pater
1892 1109 2069 1161 beatus

540 1194 777 1250 Julianus
815 1198 979 1249 fieret.
1028 1196 1270 1249 Basilissa
1319 1210 1446 1249 vero
1490 1198 1764 1248 multarum
1816 1195 2067 1261 virginum

542 1296 743 1347 mater,
785 1299 999 1351 quarum
1047 1284 1429 1336 multitudinem
1484 1297 1601 1336 cum
1648 1284 1754 1349 jam
1803 1285 2067 1337 victricem

541 1374 877 1439 praemisisset
922 1373 983 1425 ad
1024 1373 1319 1435 Dominum,
1366 1373 1474 1438 ipsa
1514 1372 1906 1425 conversatione
1949 1375 2068 1424 vita:

540 1464 921 1530 probatissima,
966 1462 1096 1515 inter
1139 1461 1296 1515 verba
1323 1461 1572 1513 orationis
1600 1461 1842 1527 migravit
1867 1463 1929 1514 ad
1962 1462 2066 1514 Do-

537 1550 754 1603 minum.
783 1551 1020 1604 Julianus
1057 1564 1181 1603 vero
1217 1550 1544 1616 postmodum
1590 1565 1618 1601 a
1650 1551 1909 1603 Marciano
1938 1568 2069 1619 prie-

536 1638 689 1703 side,
734 1654 829 1705 per
874 1637 1266 1691 innumerabilia
1315 1645 1568 1721 tormenta
1610 1645 1662 1688 et
1701 1638 1960 1691 cruciatus
2003 1641 2066 1692 ad

488 1726 499 1739 ⁶
534 1726 771 1779 ultimum
800 1725 936 1779 feriri
959 1726 1134 1793 jussus
1156 1732 1256 1788 est,
1288 1739 1404 1777 cum
1430 1724 1657 1777 Antonio
1688 1729 1990 1799 presbytero
2014 1738 2067 1782 et

535 1815 888 1879 Ilarcionella,
909 1824 961 1868 et
982 1815 1134 1882 Celso
1163 1830 1342 1883 puero,
1375 1816 1482 1868 lilio
1508 1816 1639 1882 ejus.

2176 684 2329 732 anno,
2358 682 2518 735 usque
2546 669 2608 721 ad
2635 668 2976 722 centesimum
3006 667 3216 719 tertium
3261 664 3519 717 decimum
3559 662 3693 717 solus

2174 757 2223 808 in
2254 772 2428 810 eremo
2458 756 2734 823 permansit
2762 773 2773 806 :
2806 754 2953 822 cujus
2995 757 3219 807 animam
3269 753 3406 805 inter
3442 752 3689 818 apostolo-

2173 861 2283 898 rum
2309 855 2361 898 et
2382 847 2745 912 prephetarum
2774 847 2961 896 choros
2987 844 3048 894 ad
3078 843 3264 894 cretum
3299 840 3419 893 ferri
3453 842 3516 891 ab
3541 856 3690 906 ange-

2173 936 2236 987 lis
2266 936 2515 987 Antonius
2541 934 2684 986 vidit.
2708 934 2883 987 Sancti
2914 933 3035 999 lgini
3063 947 3229 998 papze,
3250 932 3338 999 qui
3366 930 3495 983 sedit
3520 929 3688 983 Roma:

2171 1038 2332 1077 annos
2360 1038 2596 1090 quatuor.
2627 1024 2720 1078 Hic
2760 1025 3027 1078 constituit
3067 1025 3296 1082 clerum,
3345 1031 3399 1073 et
3440 1020 3685 1072 distribuit

2169 1113 2377 1177 gradus.
2423 1114 2663 1177 Sepultus
2708 1121 2787 1164 est
2817 1112 2867 1163 in
2911 1111 3173 1170 Vaticana,
3221 1106 3372 1160 tertia
3420 1107 3538 1157 ldus
3575 1104 3685 1157 Jan.

2169 1202 2318 1265 Apud
2338 1199 2558 1266 Cyprum
2583 1202 2714 1253 beati
2734 1200 3023 1261 Nicanoris,
3043 1198 3128 1265 qui
3147 1211 3281 1249 unus
3300 1193 3399 1247 fuit
3416 1196 3479 1246 de
3500 1205 3683 1261 septem

2170 1289 2348 1355 primis
2374 1290 2693 1341 diaconibus.

2238 1377 2298 1429 D.
2328 1377 2385 1429 III
2415 1379 2530 1431 lous
2554 1379 2671 1431 JAN.
2702 1405 2771 1421 σ-
2800 1377 2945 1444 Apud
2975 1375 3342 1430 Alexandriam
3373 1373 3542 1426 natale
3569 1386 3682 1424 sn-

2165 1475 2365 1518 ctorum
2395 1466 2772 1531 confessorum,
2815 1467 2975 1529 Petri,
3007 1465 3207 1528 Severi,
3235 1464 3432 1525 Leucii,
3470 1477 3681 1530 quorum

2164 1564 2308 1620 gesta
2347 1542 2617 1608 habentur.
2668 1554 2720 1607 In
2772 1554 2942 1607 Africa
2992 1555 3161 1605 natale
3206 1552 3369 1605 sancti
3416 1550 3590 1604 Salvii.
3631 1550 3679 1603 in

2156 1640 2317 1708 hujus
2376 1640 2532 1693 natali
2574 1650 2782 1694 sanctus
2835 1640 3149 1710 Augustinus
3194 1640 3411 1690 verbum
3462 1636 3580 1691 fecit
3623 1638 3679 1688 ad

2164 1730 2411 1795 populum
2438 1729 2767 1794 Carthagine.
2799 1727 3015 1779 Eductio
3040 1725 3242 1779 Domini
3266 1724 3332 1777 de
3355 1724 3596 1791 Αἴθηκα.

2236 1819 2294 1871 Ε.
2329 1818 2470 1882 Ptup.
2504 1818 2617 1872 lpus
2643 1817 2757 1870 Jan.
2787 1844 2856 1856 —
2881 1816 3026 1882 Apud
3057 1815 3305 1869 Achaiam
3339 1812 3505 1864 natale
3527 1814 3676 1865 sancti

600 1905 657 1959 C.
688 1904 753 1958 ιν
783 1906 896 1959 Inus
922 1905 1041 1961 Jan.
1069 1933 1137 1945 --
1165 1905 1313 1974 Apud
1362 1904 1679 1960 Thebaidem
1730 1909 1899 1961 natale
1930 1908 2063 1963 beati
2097 1904 2140 1961 Β
2168 1907 2337 1975 Satyri
2384 1909 2641 1976 martyris,
2693 1906 2817 1959 civis
2866 1905 3091 1968 Arabia},
3136 1905 3223 1973 qui
3274 1902 3529 1956 transiens
3569 1908 3677 1953 ante

1743 1996 1962 2051 EDITIO
2004 1998 2495 2053 BOLLANDIANA.

531 2083 792 2137 civitatem
845 2079 1235 2133 Belvacensium
1286 2080 1631 2147 perveniens,
1668 2082 1830 2136 verbo
1879 2086 2065 2150 praedi-

534 2171 753 2226 cationis
780 2176 833 2222 et
879 2169 1240 2221 miraculorum
1278 2168 1439 2236 signis
1490 2182 1793 2235 coruscans,
1826 2172 2061 2237 multum

529 2264 771 2333 populum
802 2261 991 2313 ibidem
1029 2260 1245 2313 Domino
1271 2260 1561 2329 acquisivit.
1604 2261 1767 2327 Quem
1797 2264 2062 2330 apparito-

529 2366 614 2406 res
642 2350 828 2405 Juliani
863 2347 1193 2416 Imperatoris
1243 2349 1619 2415 perquirentes,
1664 2349 1852 2402 vinctis
1899 2351 2062 2402 mani-

528 2441 623 2494 bus
650 2454 839 2493 czesum
870 2438 1274 2491 decollaverunt.
1306 2437 1461 2504 Cujus
1491 2452 1679 2504 corpus
1709 2440 1971 2501 exanime,
2006 2449 2059 2494 ut

527 2529 707 2592 fertur,
733 2544 792 2582 se
820 2528 1047 2595 erigens,
1091 2536 1144 2580 et
1177 2527 1381 2594 propria
1428 2542 1583 2580 manu
1621 2537 1777 2595 caput
1821 2541 2056 2584 sanctum

523 2617 806 2672 abscissum
853 2614 1283 2682 apprehendens,
1334 2615 1506 2667 stabili
1537 2629 1718 2682 gressu
1766 2616 1828 2669 ad
1861 2616 2054 2681 locum,

525 2722 676 2774 quem
724 2708 801 2758 vir
832 2715 1041 2759 sanctus
1090 2706 1254 2759 funeri
1304 2705 1613 2759 tradendum
1660 2706 1919 2775 elegerat,
1966 2706 2055 2761 de-

525 2795 766 2864 portavit.
796 2795 1059 2859 Scriptum
1090 2794 1140 2846 in
1170 2795 1328 2861 gestis
1356 2795 1490 2859 ejus.

597 2884 656 2935 D.
700 2882 904 2948 Neapoli
947 2880 1261 2945 Campanim,
1313 2884 1483 2933 natale
1510 2879 1567 2934 S.
1593 2881 1828 2934 Severini
1859 2889 1883 2917 ⁸
1932 2882 2053 2949 Epi-

524 2953 668 3018 scopi
696 2962 750 3004 et
776 2951 1119 3011 confessoris,
1168 2950 1341 3001 fratris
1390 2950 1446 3001 Β.
1485 2949 1749 3018 Victorini
1781 2953 2044 3018 martyris.

526 3020 588 3072 ν.
614 3016 675 3073 C.
709 3020 760 3072 In
788 3019 982 3072 Grmcia
1033 3018 1228 3071 Rustici
1259 3018 1507 3086 episcopi,
1561 3016 1846 3083 Timothei,
1895 3016 2051 3072 Tele—

524 3089 721 3157 sphori,
755 3088 1061 3140 Anastasius.

589 3174 643 3229 9.
672 3203 737 3215 —-
765 3175 824 3227 V.
860 3174 993 3227 lous.
1029 3173 1181 3225 Vacat
1217 3173 1387 3227 Baeda.

592 3261 854 3332 D.7Apndg
882 3260 1215 3332 Antiochiam
1256 3270 1554 3332 sanctorum
1600 3269 1910 3332 martyrum,
1956 3265 2042 3332 qui

2164 2087 2299 2139 inter
2323 2088 2673 2155 apostolorum
2696 2095 2747 2139 et
2776 2085 3138 2153 prophetarum
3181 2083 3371 2135 choros
3396 2082 3461 2135 ad
3499 2084 3672 2138 emittm

2164 2171 2284 2226 ferri
2317 2173 2382 2225 ab
2408 2172 2607 2240 angelis
2655 2174 2911 2226 Antonius
2959 2173 3103 2225 vidit.
3157 2171 3358 2225 Eodem
3406 2170 3489 2224 die
3512 2170 3673 2224 Roma

2161 2258 2186 2295 ιι
2218 2260 2517 2313 Melchiadis
2544 2259 2771 2329 episcopi
2797 2270 2849 2314 et
2875 2258 3209 2314 confessoris.
3460 2326 3463 2331 C

2228 2350 2409 2404 Florus
2436 2351 2578 2403 addit
2603 2352 2652 2402 in
2701 2354 2763 2404 A.
2804 2350 2867 2403 Τ.
2896 2349 2955 2403 L.
2986 2350 3081 2415 Qui
3114 2356 3230 2416 post
3260 2347 3316 2402 Β.
3352 2346 3556 2401 Petrum
3587 2347 3669 2398 tri-

2156 2440 2386 2506 gesimus
2432 2440 2689 2493 secundus
2739 2454 2830 2508 per
2875 2438 3273 2507 quadriennium
3316 2437 3453 2490 rexit
3500 2434 3669 2488 Eccle-

2156 2529 2307 2580 siam.

2227 2616 2384 2670 Addit
2406 2617 2461 2669 C.
2495 2625 2546 2669 et
2572 2615 2787 2668 aliorum
2816 2629 2910 2668 xu.

2223 2706 2309 2757 Η.
2335 2735 2406 2748 —-
2430 2704 2509 2756 ΙΙΙ.
2541 2705 2611 2757 in.
2660 2702 2712 2756 In
2744 2703 2912 2757 Africa
2939 2701 2996 2756 S.
3040 2700 3197 2755 Salvii
3232 2706 3255 2733 °
3284 2718 3298 2755 :
3328 2699 3378 2753 in
3408 2698 3556 2770 cujus
3584 2713 3667 2751 na-

2157 2795 2244 2849 tali
2274 2798 2331 2848 S.
2358 2795 2677 2863 Augustinus
2706 2793 2920 2847 verbum
2950 2793 3068 2845 fecit
3096 2794 3159 2845 ad
3191 2792 3434 2855 populum
3462 2792 3667 2844 Cartha.

2151 2896 2290 2950 gme.

2220 2970 2405 3023 Florus
2435 2969 2485 3022 in
2515 2970 2577 3022 A.
2609 2968 2672 3021 Τ.
2703 2966 2884 3022 Passio
2924 2976 3221 3021 sanctorum
3267 2965 3503 3027 Poliucti.
3546 2966 3667 3019 Can-

2148 3058 2366 3121 didiani,
2396 3067 2448 3109 et
2474 3056 2737 3119 Filotomi,
2769 3058 2856 3122 qui
2886 3056 3078 3122 pariter
3100 3056 3150 3107 iu
3176 3055 3501 3107 confessione
3530 3055 3665 3106 Chri-

2144 3149 2209 3201 sti
2263 3156 2695 3215 perseverantes,
2753 3144 2851 3213 igui
2900 3146 3072 3197 traditi
3110 3153 3249 3198 sunt.
3301 3144 3367 3197 A.
3412 3143 3471 3196 τ.
3516 3142 3572 3195 L.
3616 3142 3664 3196 lo

2145 3236 2334 3289 Achaia
2364 3234 2536 3302 passio
2568 3234 2585 3270 τ
2635 3236 2690 3288 S.
2737 3233 2926 3287 Juliani
2956 3234 3233 3302 martyris:
3279 3230 3366 3297 qui
3409 3233 3504 3283 sub
3532 3231 3661 3285 Mar-

522 3330 620 3382 sub
646 3321 961 3381 Diocletiano
989 3337 1043 3382 et
1086 3327 1393 3398 Maximiano
1428 3345 1547 3383 cum
1577 3332 1693 3383 aliis
1722 3321 1906 3385 multis
1925 3321 2038 3398 gt'o-
2066 3328 2113 3392 c
2146 3322 2285 3377 tianb
2314 3323 2538 3375 Praeside
2568 3321 2619 3373 in
2647 3335 2860 3375 carcere
2888 3322 3057 3385 gladio
3089 3330 3388 3387 peremptus
3413 3332 3511 3373 est.

525 3400 653 3450 riam
684 3398 911 3465 martyrii
943 3396 1112 3465 adepti
1137 3406 1275 3449 sunt.
1326 3398 1545 3450 Deerant
1590 3402 1667 3451 vel
1697 3414 1843 3452 erasa
1892 3396 2042 3453 erant

523 3468 747 3518 nomina.
780 3464 841 3518 Α.
872 3464 1049 3536 Natale
1076 3464 1263 3536 Julia_ni
1295 3465 1318 3502 δ
1340 3476 1398 3536 et
1429 3467 1683 3536 Basilissar
1702 3478 1996 3536 martyrum
2024 3486 2037 3522 :

524 3548 791 3598 perperam
823 3534 1156 3597 prmpooitur,
1204 3533 1255 3584 In
1286 3533 1475 3599 Africa.
1508 3536 1571 3588 A.
1606 3535 1668 3586 Τ.
1701 3534 1757 3585 ι..
1789 3533 2039 3590 Ιηᾏῐτιςδ

524 3602 707 3653 natalis
738 3602 970 3669 Epicteti,
1002 3598 1464 3669 Jucundi,Quinti,
1517 3603 1568 3653 In
1600 3602 1842 3669 Smyrna,
1878 3604 2040 3655 itevo-

523 3670 644 3737 cati,
675 3669 907 3729 Firmini,
936 3668 1219 3737 Saturnini.
1244 3668 1393 3720 Deest
1418 3669 1464 3719 in
1483 3669 1538 3720 L.
1566 3668 1848 3736 Epictetus,
1878 3682 1928 3723 et
1954 3672 2043 3724 hu-

517 3736 602 3813 jus
628 3738 780 3816 sociis
801 3738 1003 3816 urnissis
1034 3737 1349 3816 i_ntertiiediis
1375 3751 1493 3816 cum
1524 3742 1637 3816 ipso
1664 3739 1804 3816 loco,_
1823 3738 2043 3816 conjun-

520 3804 654 3867 gitur
672 3805 975 3856 Saturninus
999 3822 1012 3856 :
1044 3805 1095 3855 In
1121 3803 1176 3856 V.
1206 3803 1330 3857 etC.
1355 3808 1429 3857 sic
1459 3806 1754 3858 habebatur.
1786 3806 1839 3859 in
1862 3803 2037 3861 Africa

525 3872 761 3935 Epicteti,
787 3872 1024 3931 Jucundi,
1051 3871 1297 3933 Secundi,
1332 3872 1531 3937 Vitalis,
1573 3873 1777 3936 Felicis.
1804 3874 1866 3928 C.
1897 3876 2040 3928 addit

522 3949 574 3991 et
603 3951 799 4006 septem
829 3940 1068 3991 aliorum.

594 4030 674 4082 10.
710 4057 778 4069 -—
804 4029 865 4082 ιν
899 4030 970 4083 In.
1002 4028 1177 4081 Natale
1205 4038 1227 4067 ε
1261 4028 1401 4082 Pauli
1432 4030 1581 4097 primi
1607 4031 1856 4099 eremitze,
1891 4031 1979 4099 qui
2009 4022 2039 4085 a

521 4126 667 4169 sexto
708 4118 909 4170 decimo
956 4132 1092 4170 anno
1135 4131 1299 4185 usque
1348 4118 1413 4170 ad
1460 4121 1797 4173 centesimum
1829 4122 2035 4173 tertium

519 4204 774 4258 decimum
803 4204 947 4258 solus
968 4204 1017 4257 in
1057 4219 1233 4258 eremo
1260 4208 1577 4272 permansit:
1626 4208 1773 4276 cujus
1812 4211 2034 4264 animam

2215 3411 2298 3466 η.
2320 3441 2386 3451 —-
2435 3411 2475 3464 II
2505 3411 2578 3463 In.
2610 3410 2757 3478 Apud
2793 3410 3034 3463 Achaiam
3060 3420 3165 3461 nat.
3199 3409 3258 3462 Β.
3282 3408 3449 3462 Saturi
3481 3418 3507 3455 ι
3531 3422 3664 3461 mar-

2144 3504 2289 3572 tyris.
2316 3503 2384 3554 Ita
2409 3501 2469 3553 D.
2492 3501 2585 3553 Ast
2606 3499 2667 3552 V.
2692 3498 2746 3552 lu
2772 3498 2961 3552 Achaia
2981 3497 3203 3565 Cyriaci.
3228 3496 3380 3550 Plene
3400 3509 3453 3550 et
3473 3499 3661 3564 integre

2141 3590 2201 3644 C.
2241 3602 2292 3643 et
2330 3590 2393 3641 Β.
2438 3589 2490 3641 In
2539 3590 2726 3642 Achaia
2771 3586 2996 3656 Cyriaci,
3044 3587 3285 3647 Mosauti,
3328 3587 3497 3638 Saturi
3540 3587 3662 3637 civis

2145 3680 2368 3740 Arabiae,
2403 3675 2488 3742 qui
2518 3678 2774 3729 transiens
2805 3686 2923 3727 ante
2953 3676 3199 3741 templum
3227 3674 3495 3742 cujusdam
3522 3675 3660 3735 idoli,

2144 3766 2429 3829 insufﬂans,
2460 3778 2575 3817 cum
2603 3765 2859 3832 signasset
2888 3761 3129 3826 frontem,
3161 3765 3376 3817 corruit.
3408 3764 3449 3816 Τ
3453 3775 3660 3818 euentu

2142 3874 2259 3913 eum
2308 3858 2500 3911 ibidem
2545 3858 2903 3921 observantes,
2933 3857 3199 3909 duxerunt
3242 3856 3307 3908 ad
3349 3857 3573 3919 ducem;
3610 3864 3661 3909 et

2144 3948 2429 4001 indicantes
2454 3946 2663 4009 factum,
2688 3944 2973 3998 decollatus
2992 3952 3090 3997 est.
3122 3944 3241 3997 Hac
3268 3954 3324 3996 ιιι
3348 3944 3655 3997 arbitramur

2142 4048 2207 4087 ex
2234 4032 2342 4100 ipsa
2367 4034 2564 4100 origine
2596 4032 2905 4084 verbotenus
2934 4030 3103 4085 Baeda.

2214 4120 2397 4172 Florus
2428 4120 2476 4170 in
2503 4119 2563 4173 A.
2594 4117 2657 4170 Τ.
2690 4117 2749 4170 L.
2784 4117 3029 4183 phraseos
3074 4116 3363 4170 barbariem
3396 4117 3473 4173 sic
3500 4118 3655 4172 emol-

2144 4208 2291 4265 livit:
2324 4209 2375 4261 In
2416 4208 2603 4261 Achaia
2649 4209 2817 4261 natale
2842 4207 3011 4261 Saturi
3042 4208 3243 4261 Arabia:
3270 4207 3397 4261 civis
3421 4249 3437 4275 ,
3466 4209 3532 4263 de
3556 4223 3656 4278 quo

1857 4298 2054 4352 SMlTli
2092 4296 2315 4351 ΝΟΤΑΞ.

591 4396 613 4422 α
642 4386 881 4467 (Severini.
917 4385 1190 4467 Perpera‘m
1217 4381 1302 4439 hic
1322 4386 1371 4439 in
1400 4386 1778 4467 martyrologiis
1798 4387 2035 4467 Neapolis

2148 4389 2295 4467 tato,
2325 4386 2565 4467 Venetias
2593 4403 2629 4467 ςΔ
2654 4388 2877 4467 denique
2920 4387 2969 4467 in
3019 4387 3351 4467 iliingariam,

558 4470 615 4506 ro
642 4456 977 4523 septeinpeda
1009 4456 1250 4519 ponitur;
1292 4470 1458 4521 neque
1483 4457 1621 4507 enim
1648 4455 1925 4509 Severinus
1949 4460 2033 4523 qui

567 4522 729 4585 capuli
758 4521 963 4592 colitur,
991 4524 1175 4586 cuique
1216 4524 1445 4592 basilica,
1478 4524 1527 4575 in
1556 4539 1654 4592 qua
1700 4538 1888 4591 corpus
1918 4521 2035 4592 ejus

522 4600 834 4648 “servatur,
874 4590 1038 4640 dicata
1070 4602 1166 4649 εει,
1197 4590 1489 4656 episcopus,
1518 4591 1605 4643 sed
1636 4590 1959 4653 ahhas’fuitp
1984 4606 2036 4647 et

522 4661 820 4728 Noricorum
851 4658 1132 4728 apostplns,
1153 4658 1301 4728 cujus
1330 4672 1517 4728 corpus
1544 4660 1796 4728 aNoricis
1824 4660 2033 4728 Neapo-

524 4728 609 4778 lim
638 4722 954 4796 translatuin.
986 4725 1261 4796 Severinus
1291 4726 1443 4796 etiam
1476 4726 1558 4791 qui
1590 4725 1673 4777 hic
1700 4730 1890 4779 dicitur
1916 4722 2032 4796 epi-

522 4808 708 4859 scopus
735 4793 1063 4844 et.\‘ii:toriui
1097 4794 1280 4853 frater,
1331 4791 1425 4844 fuit
1463 4797 1736 4856 episcopus
1782 4791 2033 4857 Septem-

524 4868 662 4925 tte-Le
690 4859 741 4934 iu
772 4862 977 4934 Piceno.
1008 4862 1238 4934 Bolland.
1269 4862 1359 4914 Iiic
1383 4864 1673 4915 celebratur
1702 4866 1752 4915 in
1776 4864 2028 4934 Martyro-

524 4933 655 4991 logio
685 4930 886 4980 Baronii
922 4942 1008 4979 vui
1038 4928 1195 4980 Junii.

591 4996 614 5031 δ
640 4995 851 5049 Juliam’.
887 4997 955 5048 De
978 4998 1056 5048 his
1086 4998 1198 5047 vide
1220 5012 1303 5050 vin
1336 4996 1449 5051 ldus
1474 4999 1614 5052 Jan.‘

590 5077 610 5102 ε
645 5066 813 5118 Pauli.
854 5065 947 5117 Hic
973 5066 1163 5131 primus
1210 5065 1302 5115 fuit
1332 5067 1417 5129 qui
1466 5082 1694 5120 eremum
1739 5066 2027 5131 habitavit;

521 5136 680 5200 patria
713 5134 983 5199 Thebaius,
1030 5143 1081 5185 et
1121 5134 1379 5186 sexdecim
1426 5137 1631 5187 circiter
1675 5151 1838 5188 annos
1882 5150 2031 5190 natus

522 5217 749 5254 ert-nium
783 5205 927 5267 petiit
965 5204 1058 5252 sub
1092 5202 1244 5252 Decio
1272 5212 1323 5253 et
1370 5200 1640 5257 Valeriano
1684 5208 2029 5270 persecutori-

522 5273 633 5331 hus,
666 5280 717 5321 ut
744 5270 1025 5321 declinaret
1065 5271 1471 5336 persecutionem
1514 5273 1563 5323 in
1591 5272 1907 5325 Christianos
1932 5288 2028 5323 sm-

520 5340 761 5392 vientem.
810 5338 941 5389 Vistt
974 5340 1021 5388 in
1065 5354 1239 5390 eremo
1277 5340 1423 5391 annis
1467 5355 1657 5401 xcvut;
1700 5352 1751 5392 et
1780 5356 1804 5390 a
1846 5357 2028 5402 magno

520 5408 738 5459 Antonio
773 5408 1005 5457 visitatus
1046 5408 1179 5458 diem
1228 5407 1457 5459 ultimum
1488 5409 1716 5475 oppetiit.
1766 5408 1891 5463 Vide
1919 5411 2027 5475 ejus

522 5477 685 5526 Vitam
716 5477 847 5540 apud
879 5476 932 5526 S.
964 5476 1259 5543 llierooym.
1320 5475 1377 5527 In
1412 5477 1775 5543 Martyrolouio
1822 5478 2025 5529 Baronii

521 5544 627 5611 ha'c
648 5547 901 5593 adduntur
929 5559 940 5591 z
975 5542 1095 5609 Ejus
1134 5551 1294 5593 autem
1330 5543 1433 5594 dies
1464 5542 1614 5611 [estus
1644 5559 1765 5597 xt'ttt
1810 5546 2020 5598 Kalend.

524 5608 643 5663 Feb.
676 5613 962 5662 celebratur.
992 5608 1044 5663 S.
1092 5612 1230 5680 l‘auli
1265 5608 1509 5677 Reliquiae
1541 5614 1816 5667 Emanuele
1863 5615 2023 5680 impe-

518 5686 688 5731 ratore
716 5681 1085 5731 transferuntur
1127 5679 1618 5747 Constantinopolim
1644 5697 1657 5744 ;
1689 5682 1891 5748 deinde,
1922 5687 2019 5737 An.

3498 4402 3647 4446 (1³1118

2144 4405 2295 4451 12w,
2331 4405 2609 4453 venettas;
2654 4405 2877 4453 denique
2920 4405 2969 4439 tn
3019 4405 3351 4454 rrungariam,
3406 4405 3522 4457 regii

2138 4457 2430 4524 Lodawico.
2462 4458 2589 4510 llist.
2619 4456 2966 4524 translationis
2988 4454 3100 4524 ejus
3124 4457 3259 4520 apud
3285 4458 3522 4512 bolland.

2206 4522 2232 4561 ἀ
2265 4526 2577 4578 Melchiodis.
2607 4524 2746 4576 Alias
2779 4522 3052 4587 Miltiadis;
3082 4525 3177 4592 qui
3204 4523 3255 4575 in
3299 4527 3652 4592 persecutione

2133 4592 2478 4664 Maximiniani
2508 4595 2669 4664 multa
2701 4606 2878 4654 passus
2902 4604 3004 4645 eSt.
3058 4591 3357 4664 Hieronymi
3404 4597 3648 4664 Martyroo

2130 4662 2319 4730 logium
2352 4664 2538 4713 habet:
2573 4661 2811 4730 Romafjn
2834 4663 3105 4730 cmmemio
3135 4659 3332 4712 Callisti
3371 4664 3448 4714 riu
3468 4659 3646 4730 Appia,

2129 4727 2368 4796 depositio
2397 4730 2687 4782 Melchiadis
2717 4727 2971 4794 Episcopi.
3001 4729 3198 4779 Colitur
3226 4745 3253 4780 ι
3287 4730 3528 4784 Decemb.

2201 4808 2223 4834 ε
2257 4801 2438 4851 Satvii.
2471 4800 2629 4863 llnjus
2670 4810 2877 4863 corpus,
2922 4806 2975 4846 ut
2998 4798 3176 4848 scribit
3202 4797 3252 4849 in
3299 4808 3434 4850 notis
3454 4798 3649 4852 Galesi-

2132 4866 2266 4929 nius,
2318 4868 2366 4917 in
2395 4867 2600 4919 basilica
2630 4864 3021 4935 Carthaginiensi
3061 4864 3349 4917 hoooriftre
3385 4867 3646 4935 religiose-

2129 4949 2229 4999 que
2282 4938 2605 4996 reconditum
2647 4932 2760 4985 fuit.
2810 4934 3078 4985 Ilrabanus
3134 4946 3254 4985 cum
3295 4932 3641 4988 confessorem

2132 5013 2303 5072 vocat,
2335 5003 2422 5055 sed
2455 5004 2587 5055 male
2613 5017 2643 5072 :A
2667 5016 2781 5053 nam
2809 5001 3322 5072 cmter'rexi’osidio
3363 5013 3640 5072 martyrem

2128 5069 2284 5122 fuisse
2318 5071 2540 5122 tradunt.
2569 5070 2708 5121 Alius
2729 5080 2807 5122 est
2834 5086 2861 5121 ιι
2882 5069 3051 5122 Salvio
3086 5070 3364 5132 donatista.
3396 5069 3642 5124 Membra-

2128 5138 2298 5189 sitano
2328 5140 2377 5189 in
2401 5142 2572 5191 At'rica
2616 5138 3072 5204 pseuduepiscupo,
3120 5139 3269 5203 cujus
3308 5141 3542 5193 meminit
3583 5139 3638 5192 S.

2128 5207 2439 5273 Augustinus
2475 5209 2560 5260 lib.
2592 5223 2637 5260 iv
2668 5214 2844 5259 contra
2872 5205 3204 5259 Cresconium
3227 5207 3635 5274 grammaticum,

2126 5288 2239 5337 Cap.
2273 5276 2337 5326 48
2364 5284 2415 5327 el
2442 5276 2526 5327 49.

2201 5342 2217 5378 τ
2249 5341 2457 5396 Iuliani.
2494 5344 2615 5395 Vide
2639 5357 2725 5395 vni
2754 5349 2857 5395 etv
2884 5341 2955 5394 ld.
2986 5342 3104 5395 Jan.

2196 5422 2218 5455 ιι
2250 5412 2436 5464 Saturi.
2473 5412 2523 5463 In
2554 5406 2761 5463 auct'ore
2791 5425 2889 5464 ms.
2938 5410 3148 5462 Florarii
3175 5427 3186 5461 :
3211 5411 3358 5474 Apud
3403 5413 3634 5469 Achaiam

2127 5480 2289 5530 notate
2316 5478 2371 5532 S.
2400 5480 2567 5532 Saturi
2599 5481 2850 5547 martyris,
2877 5481 2991 5531 civis
3018 5480 3233 5542 Arabia,
3262 5483 3491 5536 decollati
3507 5500 3633 5537 anno

2125 5547 2465 5620 sultttishﬂﬁj,
2497 5549 2810 5620 subVUctuva
2850 5549 3215 5620 persecutione,
3239 5564 3374 5620 anno
3419 5554 3631 5620 ejusdem

2126 5633 2273 5667 nunc.
2306 5616 2562 5669 Notkerus
2600 5619 2736 5671 hunc
2774 5631 2977 5685 passum
3023 5618 3071 5669 in
3102 5618 3288 5670 Arabia
3316 5616 3514 5686 scribit,
3542 5621 3628 5674 alii

2123 5686 2254 5751 apud
2284 5686 2624 5738 Antiochiam.
2736 5742 2805 5784 χ
