3888 6318
114 457 213 511 817

1196 449 1376 501 sum.
1425 448 1481 510 tt,
1524 476 1589 486 —
1626 428 2141 525 M.\lt‘l'!lt0LOGn\

3070 432 3073 433 ί
3151 454 3253 507 διε

1324 563 1539 617 Ευιτιο
1575 561 2015 617 COLONIENSIS.

111 665 280 731 scopi,
309 664 395 730 qui
423 676 539 713 cum
578 659 963 727 quatuurtlecim
1005 671 1187 719 annos,
1220 670 1425 709 menses
1470 656 1628 709 unde-
1657 658 1703 714 Α
1731 667 1846 705 eum
1891 652 2230 704 Diocletianus
2271 652 2320 702 itt
2370 651 2759 718 hippodromum
2808 656 2975 720 palatii
3020 658 3157 722 duci,
3195 672 3247 713 οι

108 755 239 818 cim,
277 752 387 805 dies
428 750 699 805 duodecim
741 746 984 800 Ecclesiae
1028 753 1294 812 prmesset,
1336 758 1516 810 passus
1560 751 1639 798 est

111 842 445 909 martyrium,
486 847 716 903 tempore
758 835 917 897 Decii,
947 843 1001 888 et
1026 833 1077 885 in
1113 833 1402 887 cmmiterio
1438 832 1637 885 Callisti

108 928 363 994 sepultus.
416 927 506 979 llic
552 924 785 991 regiones
830 922 1005 976 divisit
1044 921 1381 984 diaconibus,
1423 931 1475 973 et
1518 920 1639 973 fecit

107 1025 317 1081 septem
342 1015 607 1076 diaconos,
632 998 725 1078 (qui
750 1020 946 1077 septem
978 1010 1190 1061 notariis
1219 1011 1633 1075 praeeminerent,

106 1114 164 1157 ut
192 1117 337 1172 gesta
366 1112 646 1171 martyrum
678 1102 730 1154 in
782 1101 1033 1167 integrum
1077 1098 1392 1165 colligerent.
1438 1096 1634 1150 Eodem

103 1194 192 1245 die
221 1196 386 1245 sancti
416 1190 707 1244 Sebastiani
757 1187 1019 1255 martyris,
1045 1188 1131 1252 qni
1164 1189 1213 1239 in
1261 1195 1457 1239 tantum
1489 1200 1637 1239 corus

101 1293 221 1336 erat
268 1284 583 1337 Diocletiano
608 1265 683 1334 ‘et
735 1280 1044 1335 Maximiano
1095 1277 1529 1345 imperatoribus,
1583 1284 1638 1327 ut

104 1374 449 1439 principatum
473 1373 518 1425 ei
552 1371 732 1437 prima:
758 1370 989 1422 cohortis
1019 1368 1300 1420 traderent.
1329 1366 1489 1431 Quem
1522 1364 1639 1417 Dio-

101 1461 364 1514 cletianus
392 1460 475 1511 ubi
523 1458 870 1512 Christianum
911 1457 1168 1523 cognovit,
1195 1454 1344 1520 jussit
1393 1452 1537 1519 ligari
1587 1451 1637 1504 in

107 1549 290 1603 modio
318 1563 520 1615 campo,
550 1550 695 1616 quasi
722 1548 926 1617 signum
954 1546 1017 1597 ad
1042 1545 1299 1613 sagittam,
1331 1552 1384 1596 et
1410 1542 1638 1607 sagittari

102 1654 132 1691 a
165 1639 436 1691 militibus.
466 1638 561 1703 Qui
604 1650 719 1691 cum
764 1634 962 1703 sagittis
991 1634 1193 1703 plenus,
1237 1632 1382 1699 quasi
1414 1631 1636 1683 hericius

103 1734 294 1790 staret,
324 1735 559 1793 putantes
603 1738 719 1777 eum
761 1734 1043 1784 mortuum,
1070 1721 1324 1774 abierunt.
1356 1719 1515 1772 Nocte
1543 1735 1637 1771 au-

102 1824 211 1867 tem
244 1814 455 1866 veniens
482 1811 716 1877 quaedam
748 1809 948 1870 mulier,
983 1810 1189 1862 nomine
1222 1808 1429 1869 llirene,
1460 1807 1638 1859 tollere

100 1914 314 1965 corpus,
359 1900 553 1952 invenit
586 1912 703 1951 eum
742 1899 933 1961 vivum,
976 1905 1030 1949 et
1072 1897 1285 1948 adduxit
1335 1898 1385 1946 iu
1430 1896 1636 1948 dommn

1736 736 1966 805 instigari
2012 737 2174 790 donec
2219 737 2487 800 deﬁceret;
2519 754 2669 804 quem
2709 752 2992 806 tnurtuum,
3026 744 3077 795 in
3113 745 3253 796 clua»

1733 844 1845 884 cam
1872 830 2145 883 maximam
2176 830 2441 882 miserunt.
2468 829 2573 883 Sed
2596 829 2682 883 ille
2713 831 2949 897 apparuit
2977 833 3028 885 in
3059 838 3254 888 somnis

1734 927 1925 970 sancta:
1948 927 2194 969 matrona:
2224 915 2447 977 Lucinae,
2476 915 2669 980 dicens,
2699 917 2842 984 jttxta
2871 917 3074 973 Circum
3102 919 3251 974 inve-

1734 1006 1844 1059 nies
1872 1020 2060 1072 corpus
2089 1018 2258 1058 meum
2292 1006 2527 1071 pendens
2546 1005 2594 1057 in
2628 1019 2782 1068 unco,
2807 1006 2901 1059 hoc
2935 1007 3114 1061 sordes
3149 1024 3252 1063 non

1736 1093 2042 1158 tetigerunt;
2073 1101 2123 1145 et
2159 1091 2279 1144 dum
2320 1090 2590 1156 levaveris,
2622 1093 2874 1159 perduces
2902 1096 2966 1147 ad
3002 1096 3252 1151 Catacun-

1733 1180 1846 1243 bas,
1877 1191 1927 1234 et
1956 1180 2175 1248 sepelies
2206 1193 2286 1232 me
2312 1178 2359 1230 in
2385 1188 2582 1247 crypta,
2624 1180 2771 1246 juxta
2803 1184 3012 1250 vestigia
3051 1195 3251 1248 aposto-

1734 1268 1929 1333 lorum;
1960 1284 2073 1338 qua:
2097 1270 2202 1337 ipsa
2230 1279 2382 1323 nocte
2410 1260 2621 1323 ve'niens
2648 1284 2763 1324 cuin
2785 1273 2966 1338 servis,
2998 1284 3158 1329 totum
3184 1278 3249 1329 ita

1735 1356 2032 1423 complevit.

1806 1446 1868 1500 G.
1899 1446 1986 1499 Xll
2014 1446 2242 1500 KALEND.
2275 1447 2427 1501 Fenn.
2456 1476 2523 1486 -—-
2550 1448 2725 1503 Natale
2747 1450 3047 1506 beatissiune
3085 1452 3252 1520 Agne-

1740 1536 1803 1586 tis
1842 1535 2052 1603 virginis
2098 1545 2151 1588 et
2181 1536 2451 1604 martyris,
2498 1553 2612 1603 qua:
2661 1540 2810 1591 tertio
2850 1539 3050 1593 decimo
3093 1542 3257 1594 aetatis

1738 1638 1845 1676 suae
1887 1616 2041 1686 anno,
2091 1624 2139 1676 in
2188 1626 2316 1678 urbe
2360 1624 2519 1679 Roma
2569 1640 2717 1692 passa
2746 1638 2841 1682 est.
2892 1628 3010 1682 llaec
3047 1630 3166 1683 dum
3194 1634 3257 1684 ab

1737 1712 1927 1766 scholis
1956 1713 2248 1773 revertitur,
2277 1728 2306 1765 a
2346 1712 2569 1781 prmlecti
2618 1716 2721 1767 lilio
2765 1716 3033 1771 adamatur
3060 1735 3072 1771 :
3103 1735 3255 1786 quam

1738 1814 1853 1854 cum
1884 1800 2022 1852 nullo
2052 1800 2205 1853 modo
2230 1801 2326 1854 sibi
2362 1802 2616 1855 associare
2646 1802 2908 1866 voluisset,
2946 1814 3061 1870 post
3100 1808 3256 1859 multa

1741 1899 1992 1943 tormenta
2025 1891 2074 1943 in
2102 1900 2304 1959 gutture
2327 1892 2439 1958 ejus
2478 1892 2649 1957 gladio
2696 1906 2933 1960 percussa
2972 1902 3067 1948 est.
3104 1896 3256 1949 Passa

100 2000 279 2049 suam,
307 1995 360 2039 et
388 2000 563 2038 curam
592 1986 703 2053 ejus
728 1986 860 2052 egit;
892 1985 981 2052 qui
1023 1984 1108 2037 ubi
1145 1985 1424 2047 convaluit,
1454 1984 1641 2036 multos
1674 1966 1715 2022 Β
1743 1988 1823 2033 est
1847 1990 2015 2031 autem
2044 1980 2185 2032 beata
2216 1983 2383 2047 Agnes
2417 1980 2781 2047 snb'prml‘ecto
2830 1985 2972 2035 urbis
3019 1984 3258 2051 Simpho-

102 2076 157 2126 in
182 2074 289 2129 llde
309 2074 640 2132 confortavit.
669 2090 761 2128 nec
786 2089 947 2136 mora,
979 2075 1103 2142 Ipsis
1128 2069 1523 2138 imperatoribus
1548 2090 1648 2141 ap—

104 2174 322 2227 parens,
348 2161 445 2215 hos
491 2171 641 2229 prout
663 2161 804 2230 digni
832 2172 1001 2225 erant,
1027 2161 1297 2231 corripuit.
1325 2162 1469 2216 Tunc
1497 2162 1643 2227 jussit

1742 2068 1899 2133 riano,
1950 2067 2140 2120 vicario
2185 2069 2415 2135 ejusdem
2464 2070 2604 2123 urbis
2647 2070 2885 2138 Aspasio.
2918 2070 2970 2124 Ιιι
3021 2070 3256 2139 llispania

1740 2157 1945 2211 civitate
1986 2158 2275 2211 Tarracona
2326 2158 2494 2212 natale
2535 2168 2827 2213 sanctorum
2855 2158 3120 2214 Fructuosi
3151 2163 3258 2228 epi-

1311 2272 1527 2326 EDlTlO
1568 2270 2046 2326 BOLLAN’DIANA.

102 2358 286 2426 \‘igittti
317 2359 540 2424 quinque
570 2359 721 2411 annis
765 2358 1007 2413 Ecclesiae
1040 2367 1301 2424 praeesset,
1336 2354 1514 2422 passus
1559 2368 1638 2411 est

104 2446 412 2514 martyrium
442 2454 673 2512 tempore
700 2445 856 2508 Decii,
887 2456 936 2498 et
976 2444 1274 2502 cmineterio
1311 2445 1513 2497 Callixti
1555 2460 1638 2499 se-

104 2533 304 2600 pultus.
337 2532 527 2585 Eodem
578 2532 661 2584 die
705 2532 763 2589 S.
812 2540 835 2567 ι
862 2533 1192 2587 Sebastianus
1221 2534 1284 2587 de
1326 2534 1633 2601 Mediolano,

104 2621 192 2686 qui
225 2620 277 2672 in
304 2627 496 2673 tantum
522 2620 712 2674 chartis
748 2632 858 2674 erat
901 2623 1293 2689 imperatoribus
1325 2623 1638 2678 Diocletiano

106 2716 160 2759 ct
190 2708 519 2776 Maximiano,
550 2716 604 2760 nt
632 2707 970 2776 principatum
997 2708 1045 2761 ei
1073 2711 1249 2776 prima:
1276 2710 1503 2763 cohortis
1535 2720 1636 2763 tra-

106 2724 160 2759 ct
190 2724 324 2761 aiaxt
385 2724 519 2770 iano,
550 2724 604 2760 ut
632 2724 970 2776 principatum
997 2724 1045 2761 et
1073 2724 1249 2776 prima!
1276 2724 1503 2763 conortts
1535 2724 1633 2763 tra-

102 2798 312 2851 derent.
331 2724 501 2863 gnem
535 2796 879 2851 Diocletianus
923 2798 1003 2851 ubi
1032 2797 1376 2853 Christianum
1405 2803 1633 2869 agnovit,

101 2903 202 2942 nec
225 2904 254 2939 a
280 2888 380 2942 ﬁde
401 2902 549 2954 posse
574 2890 820 2953 revocari,
841 2888 993 2955 jussit
1020 2888 1162 2954 ligari
1193 2891 1242 2941 in
1267 2889 1435 2941 medio
1456 2904 1637 2956 campo

100 2978 251 3036 quasi
280 2978 480 3043 signum
508 2976 570 3029 ad
598 2978 827 3043 sagittas,
861 2985 911 3028 et
939 2976 1168 3043 sagittari
1195 2988 1224 3027 a
1248 2974 1508 3028 militibus.
1539 2976 1635 3041 Qui

100 3064 223 3117 cum
274 3064 467 3131 sagittis
516 3064 696 3131 plenus
738 3063 883 3129 quasi
929 3064 1118 3115 ericius
1168 3071 1348 3124 staret,
1400 3073 1636 3129 putantes

1736 2356 1883 2409 Juxta
1910 2355 2111 2408 Circum
2152 2354 2379 2408 invenies
2419 2369 2604 2421 corpus
2630 2370 2798 2408 memu
2827 2358 3057 2421 pendens
3088 2361 3133 2410 ιιι
3159 2376 3249 2412 ιιιι-

1736 2458 1797 2495 co
1825 2461 1835 2493 :
1870 2443 1963 2495 hoc
2000 2442 2178 2494 sordes
2210 2457 2307 2494 non
2338 2444 2607 2509 tetigerunt
2633 2460 2643 2492 :
2676 2452 2727 2494 et
2752 2443 2873 2495 dum
2916 2443 3103 2496 laveris
3132 2460 3217 2510 per
3237 2477 3249 2485 -

1736 2529 1891 2583 duces
1920 2530 1982 2583 ad
2002 2529 2354 2596 Catacumbas,
2382 2542 2433 2584 et
2459 2532 2678 2599 sepelies
2706 2547 2789 2587 me
2814 2534 2866 2585 in
2891 2540 3087 2600 crypta,
3109 2532 3253 2600 juxta

1737 2619 1948 2687 vestigia
1984 2622 2364 2697 apostolorum.
2398 2622 2523 2688 Quae
2577 2621 2685 2689 ipsa
2736 2632 2885 2677 nocte
2928 2638 3042 2676 entn
3092 2624 3257 2679 servis

1740 2711 1948 2763 veniens
1977 2718 2134 2762 totum
2162 2711 2229 2762 ita
2255 2708 2564 2777 complevit.]
2592 2710 2783 2763 Eodem
2810 2711 2893 2764 die
2921 2720 3026 2764 nat.
3049 2721 3255 2764 sancto~
3322 2774 3325 2775 ν

1741 2814 1853 2851 rum
1893 2810 1914 2835 ε
1945 2798 2084 2851 Marii
2127 2808 2177 2850 et
2218 2798 2425 2851 Martha:
2470 2812 2583 2850 cum
2634 2799 2750 2852 liliis
2794 2799 2900 2853 suis
2942 2799 3156 2853 Andifax
3207 2813 3253 2851 ιι

1742 2885 1949 2937 Ahacuc
1979 2885 2221 2936 nobilium
2269 2884 2332 2936 de
2372 2884 2598 2947 Persida,
2627 2884 2710 2951 qui
2752 2884 2812 2936 ad
2842 2886 3125 2939 orationem
3158 2903 3253 2941 ve-

1743 2979 1926 3027 nerant
1954 2972 2169 3025 Romam
2196 2980 2425 3038 tempore
2453 2972 2647 3025 Claudii
2676 2974 2914 3040 principis
2945 2992 2956 3025 :
2998 2990 3026 3028 e
3052 2975 3236 3043 quib-is

1744 3070 1857 3127 post
1887 3062 2128 3114 toleratos
2156 3056 2334 3124 fustes,
2364 3062 2657 3127 equuleum,
2690 3064 2847 3129 ignes,
2880 3078 3093 3129 ungues,
3142 3079 3233 3116 ma-

102 3168 223 3203 cum
259 3162 513 3203 mortuum
553 3151 807 3203 abierunt.
853 3149 1012 3204 Nocte
1056 3161 1226 3202 autem
1256 3151 1463 3204 veniens
1492 3168 1630 3220 qutc-
1657 3152 1705 3215 c
1738 3168 1892 3205 unum
1922 3153 2269 3219 pra’acisiones,
2293 3151 2486 3204 Martha
2518 3153 2567 3204 in
2597 3152 2824 3218 Nympha
2856 3166 3053 3218 necata,
3078 3161 3251 3207 canini

104 3241 226 3289 dam
260 3239 466 3301 mulier,
508 3238 714 3291 nomine
739 3236 956 3302 llerene,
990 3237 1171 3291 tollere
1206 3250 1411 3304 corpus,
1442 3238 1636 3292 invenit

104 3342 224 3379 etnn
259 3327 535 3391 viventem,
565 3335 613 3379 et
639 3324 851 3378 adduxit
873 3325 934 3377 ad
958 3322 1167 3377 domum
1190 3340 1357 3387 suam,
1381 3334 1434 3378 et
1460 3341 1633 3379 curam

101 3417 218 3481 ejus
233 3415 468 3483 egit.Qui
501 3414 585 3467 ubi
603 3414 865 3466 convaluit
885 3413 1073 3467 multos
1095 3412 1146 3465 iu
1171 3411 1267 3465 ﬁde
1295 3412 1627 3466 confortavit:

100 3502 220 3573 [nec
245 3504 270 3541 δ
300 3519 444 3557 mora
499 3503 623 3570 ipsis
671 3503 1063 3569 imperatoribus
1106 3514 1383 3568 apparens,
1425 3501 1538 3562 bos,
1579 3509 1635 3554 ut

101 3595 247 3661 digni
278 3604 443 3657 erant,
475 3593 741 3659 corripuit.
772 3591 914 3645 Tunc
948 3592 1102 3659 iiISsil
1126 3605 1247 3645 eum
1281 3592 1629 3645 Diocletianus

103 3685 153 3733 in
182 3682 580 3749 hippodromum
626 3680 766 3745 duci,
793 3689 845 3733 et
887 3680 1112 3746 instigari
1161 3679 1325 3733 donec
1363 3680 1627 3735 deﬁceret.

101 3774 270 3835 Quem
299 3782 554 3823 mortuum
584 3770 633 3822 in
660 3769 884 3823 cloacam
916 3767 1187 3821 maximam
1220 3768 1464 3820 miserum
1495 3784 1507 3828 ;
1538 3769 1629 3821 sed

105 3861 437 3927 il'eapparuit
450 3860 498 3912 in
513 3858 706 3913 somnis
719 3868 909 3911 sancta:
922 3865 1164 3909 matranze
1177 3854 1403 3920 Lucinae,
1419 3856 1596 3908 dicens
1613 3876 1623 3907 z

1735 3242 1995 3303 decollati,
2027 3251 2079 3293 et
2106 3249 2290 3293 caetera
2316 3251 2434 3292 sunt
2461 3241 2629 3292 omnia
2664 3243 2890 3294 incensa.

1804 3328 1842 3382 L
1872 3368 1886 3393 ,
1913 3329 1989 3399 .Et
2016 3328 2244 3381 metnbra
2270 3342 2448 3379 eorum
2472 3341 2602 3380 caesa
2630 3337 2783 3394 atque
2813 3328 3040 3381 incensa.

1800 3417 1885 3469 2i.
1923 3445 1990 3455 —
2013 3415 2097 3469 XII
2130 3416 2257 3468 KAL.
2290 3417 2462 3468 ltomte
2489 3418 2544 3469 S.
2573 3415 2597 3453 ἀ
2627 3417 2837 3483 Agnetis
2864 3432 2978 3485 quc
3007 3418 3103 3472 sub
3127 3434 3243 3483 pm.

1734 3504 1869 3557 t‘ecto
1900 3504 2036 3556 urbis
2076 3503 2377 3568 Sempronio
2407 3503 2607 3570 ignibus
2653 3504 2838 3571 injecta
2859 3543 2873 3567 ,
2917 3504 3007 3558 sed
3055 3504 3132 3558 his
3161 3523 3247 3573 per

1734 3591 2015 3645 orationem
2045 3590 2150 3659 ι-Ῑυς
2184 3592 2449 3644 exstinctis
2470 3633 2482 3656 ,
2513 3591 2680 3659 gladio
2708 3607 2951 3659 percussa
2975 3604 3076 3650 est.

1800 3681 1981 3734 Florus
2014 3682 2061 3732 in
2090 3685 2148 3733 Α.
2176 3681 2236 3733 Τ.
2266 3680 2346 3746 L.,
2380 3682 2492 3748 Ipso
2519 3680 2599 3734 die
2626 3682 2675 3735 in
2697 3682 2935 3751 llispania
2958 3684 3247 3740 Tarracuna

1730 3768 1959 3827 civitate,
1991 3770 2157 3833 passio
2180 3778 2470 3821 sanctorum
2504 3782 2525 3806 ε
2560 3770 2826 3834 Fructuosi
2854 3773 3110 3839 episc0pi,
3142 3777 3248 3825 Λυα-

1729 3856 1858 3922 gurii
1889 3866 1939 3907 et
1976 3856 2167 3923 Eulogii
2195 3856 2523 3910 diaconurum
2547 3899 2559 3923 ,
2609 3858 2693 3925 qui
2727 3874 2816 3927 per
2856 3860 3021 3927 ignem
3052 3861 3250 3913 contes-

1472 3944 1673 3998 SMlTll
1708 3945 1927 3998 ΝΟΤᾸΞ.

104 4041 301 4101 steriis,
332 4038 396 4091 ab
420 4039 659 4104 episcopo
683 4035 908 4091 Fabiano
934 4049 1033 4086 non
1081 4036 1220 4102 prius
1258 4048 1373 4087 esse
1414 4035 1627 4099 permis-

102 4124 242 4169 sum,
274 4123 425 4174 quam
464 4116 667 4170 peccata
696 4118 787 4157 sua
814 4104 1166 4174 conﬁteretur,
1204 4112 1256 4155 et
1304 4104 1435 4171 inter
1465 4104 1628 4174 pmgti-

104 4171 499 4228 tentes'staret.
546 4174 753 4233 Euscb.,
802 4187 870 4236 Vl,
924 4171 1007 4223 54.
1047 4172 1192 4223 Circa
1233 4181 1431 4235 tempus
1480 4171 1627 4234 huius

105 4244 435 4306 pontiﬁcatus
465 4256 644 4305 magna
688 4251 768 4293 est
814 4242 945 4292 inter
985 4248 1219 4291 auctores
1264 4239 1623 4302 discrepantia.

103 4312 196 4363 Hic
219 4312 372 4361 tradit
396 4324 513 4361 eum
535 4308 731 4360 sedisse
756 4318 918 4359 annos
949 4307 1029 4368 it,
1055 4320 1255 4359 menses
1286 4305 1366 4366 l0,
1394 4307 1503 4358 dies
1540 4308 1615 4359 ll.

104 4380 195 4432 ille
233 4378 504 4439 annost5,
554 4376 662 4428 dies
691 4377 741 4429 ι.
790 4377 929 4427 Alius
974 4388 1134 4425 annos
1182 4374 1261 4435 tt,
1310 4388 1509 4427 menses
1547 4377 1622 4436 lt,

102 4449 215 4499 dies
248 4446 333 4498 12.
366 4450 552 4497 Auctor
581 4453 753 4495 noster
782 4459 942 4495 annos
968 4442 1056 4493 25.
1087 4443 1230 4493 Alius
1260 4456 1420 4493 annos
1450 4441 1529 4494 l5.
1564 4442 1627 4495 Ut

104 4527 279 4567 tamen
323 4515 372 4567 in
404 4522 540 4565 tanta
588 4528 914 4564 numerorum
955 4510 1333 4575 perturbatione
1362 4512 1626 4562 veritatem

103 4585 495 4646 investigemus,
541 4583 854 4633 inveniamus
883 4588 1125 4646 quantum
1164 4579 1407 4643 temporis
1433 4593 1460 4629 a
1489 4579 1628 4631 caede

101 4654 156 4703 ὃ.
208 4653 383 4704 Anteri
425 4652 487 4702 ad
535 4650 691 4714 ipsius
719 4648 772 4700 S.
826 4645 1034 4699 Fabiani
1082 4660 1260 4714 necem
1308 4648 1625 4709 intercessit;

104 4717 426 4783 pronuntiari
468 4712 619 4780 igitur
635 4730 943 4783 possumus,
966 4712 1233 4783 annos”,
1282 4714 1393 4765 dies
1424 4714 1484 4765 l7
1495 4755 1507 4773 ,
1542 4728 1626 4766 re-

102 4780 224 4838 vera
240 4786 605 4837 intervenisse.
634 4780 758 4849 Pagi
786 4798 906 4845 ergo
936 4782 985 4833 in
1007 4796 1094 4833 sua
1126 4782 1463 4847 Chronologia
1493 4792 1624 4833 tem-

104 4871 199 4917 pus
246 4853 531 4907 rectissime
577 4860 781 4904 notztsse
827 4852 965 4904 visus
1004 4860 1099 4901 est.
1140 4849 1325 4901 Statuit
1344 4852 1477 4917 enim
1508 4863 1623 4902 cum

100 4916 181 4976 Cl.
227 4922 504 4975 Pearsonio
531 4918 702 4972 sedem
734 4934 939 4971 vacasse
968 4917 1074 4970 dies
1101 4926 1239 4974 octo,
1268 4926 1324 4968 et
1350 4918 1405 4969 S.
1441 4916 1623 4969 Fabia-

104 5007 228 5043 num
257 4988 454 5041 sedisse
478 5001 637 5039 annos
664 4986 746 5048 ιιι,
774 4987 885 5040 dies
914 4986 992 5038 10.
1028 4984 1118 5037 Hic
1143 4984 1411 5037 defunctus
1434 4994 1513 5035 i-st
1536 5000 1621 5037 an.

102 5058 225 5122 250,
260 5057 505 5123 martyrio
532 5065 806 5108 coronatus
830 5056 926 5106 sub
950 5054 1367 5123 Decio,quipr.e
1384 5052 1508 5123 uitio
1535 5052 1623 5123 ad-

101 5121 287 5179 versus
339 5121 621 5187 Philippum
677 5124 1083 5189 persecutionem
1129 5121 1295 5189 intulit
1356 5121 1618 5189 Ecclesia.

103 5194 274 5251 (irasci
306 5206 424 5246 eum
452 5192 607 5244 edunt
631 5206 661 5242 v
680 5188 840 5256 'Aug.,
869 5199 923 5241 ut
944 5200 1080 5255 patet
1106 5202 1168 5240 ex
1197 5188 1416 5256 Menaeis.

176 5271 202 5299 ι
233 5261 573 5316 Sebastianus.
601 5258 695 5322 Qui
721 5254 889 5325 legere
928 5254 1288 5325 vultdehnjus
1312 5254 1471 5325 sancti
1502 5254 1624 5308 reli-

103 5331 238 5398 quiis
264 5340 315 5383 et
341 5324 1072 5398 translationibus,consulant
1116 5324 1211 5398 hoc
1237 5324 1347 5389 ipso
1377 5324 1458 5377 die
1500 5325 1620 5376 Bol-

104 5391 347 5460 landum;
374 5396 556 5449 colitttr
581 5408 608 5446 a
637 5393 830 5446 Graecis
859 5408 976 5445 xvm
1005 5391 1241 5446 Decemb.

172 5471 195 5502 υ
236 5457 419 5519 Omnia
451 5467 582 5518 inter
620 5477 707 5515 nec
753 5478 889 5515 mora
916 5472 967 5515 et
992 5461 1251 5527 complevit
1280 5457 1466 5512 desunt
1495 5460 1545 5513 in
1577 5458 1613 5510 Α

99 5546 150 5591 et
176 5538 233 5589 L.
1031 5571 1044 5585 .

170 5618 191 5643 ε
237 5603 410 5655 Marii.
441 5601 631 5655 ﬂorum
663 5613 877 5665 corpora
906 5605 1026 5650 sunt
1050 5598 1257 5665 incensa
1297 5597 1620 5665 negsepultu-

102 5688 211 5727 ram
244 5673 511 5723 baberent.
541 5663 769 5721 Matrona
811 5680 936 5717 vero
962 5664 1197 5731 quaedam
1238 5664 1449 5715 nomine
1479 5663 1618 5717 Feli-

101 5743 231 5795 citas
260 5738 429 5806 rapuit
472 5749 686 5804 corpora
732 5748 909 5788 eorum
955 5732 1232 5798 semiusta,
1264 5740 1314 5785 et
1341 5731 1392 5785 in
1422 5732 1614 5797 praedio

1658 4466 1745 4536 Di

1731 4048 1824 4105 suo
1853 4038 2121 4105 sepelivit;
2175 4036 2421 4091 Mtrtbam
2474 4040 2626 4089 etiam
2679 4038 2869 4091 levavit
2917 4040 2980 4091 de
3009 4052 3159 4105 puteo
3195 4053 3247 4096 et

1728 4102 1897 4167 junxit
1942 4105 2245 4168 corporibus
2289 4106 2505 4167 sanctis,
2558 4108 2655 4155 sub
2700 4107 2784 4157 die
2814 4123 2899 4159 χιιι
2945 4102 3055 4162 Kal.
3091 4110 3247 4165 Febr.

1738 4170 1857 4223 Vide
1883 4186 2061 4224 eorum
2094 4183 2203 4223 acta
2234 4175 2365 4235 apud
2396 4175 2621 4224 llulland.
2650 4173 2816 4226 Pridie
2844 4176 3025 4227 horum
3054 4184 3247 4230 menti-

1733 4254 1853 4291 nere
1880 4240 2139 4306 Martyrol.
2176 4242 2338 4292 Βίειιςε
2371 4240 2555 4302 vulgati
2605 4250 2657 4293 et
2697 4243 2930 4297 ltarunii.
2963 4254 3015 4295 et
3041 4246 3243 4295 additu-

1732 4317 1901 4376 i_neuta
1928 4308 2082 4360 Flori.
2120 4310 2244 4363 lteut
2272 4310 2324 4363 S.
2358 4310 2555 4361 Martha
2583 4326 2733 4376 supra
2780 4312 2830 4364 in
2862 4311 3244 4367 Additamentis

1733 4373 1868 4427 Flori
1894 4391 1977 4429 xvt
2006 4377 2232 4429 Januarii
2254 4378 2551 4429 collocatur.

1798 4444 1820 4477 ά
1862 4446 2078 4511 Agnetis.
2112 4446 2234 4505 Quo:
2258 4445 2347 4495 sub
2370 4447 2596 4511 praefecto
2619 4447 2748 4497 urbis
2792 4446 3129 4513 Symp/ironia
3156 4465 3246 4512 pro

1732 4512 1789 4563 'co
1810 4516 1938 4577 quod
1966 4512 2142 4564 Christi
2181 4524 2225 4565 et
2246 4514 2534 4579 virginitatis
2575 4531 2604 4565 α
2624 4530 2737 4565 nare
2777 4512 2933 4578 ﬁlium
2958 4517 3062 4581 ejus
3089 4520 3242 4567 muri-

1732 4589 1833 4630 tum
1852 4583 2071 4644 accipere
2094 4582 2320 4645 noluerit,
2346 4582 2412 4633 ad
2434 4586 2642 4647 lupanar
2679 4585 2923 4634 illusionis
2944 4586 3103 4648 gratia
3127 4600 3242 4646 pcr-

1730 4648 1876 4699 ducla
1890 4665 1945 4700 ac
1960 4651 2223 4712 denudata,
2249 4652 2457 4712 primum
2480 4649 2673 4715 capillis
2694 4652 2793 4701 suis
2813 4658 3048 4715 contecto,
3065 4653 3241 4703 deinde

1728 4716 1907 4767 ctelesti
1934 4726 2059 4769 veste
2095 4718 2305 4781 donata,
2344 4720 2503 4784 ipsum
2540 4719 2757 4783 prta/'ecti
2792 4719 2950 4779 ﬁliuni
2987 4736 3038 4771 se
3079 4721 3240 4780 impu-

1727 4785 1920 4834 dentius
1962 4795 2266 4852 appetentem
2304 4796 2349 4839 et
2387 4788 2446 4838 ob
2486 4788 2576 4837 ltoc
2610 4802 2642 4837 a
2680 4784 2877 4838 diabolo
2918 4790 3240 4853 priefocatunt

1727 4854 1979 4923 orationis.
1997 4856 2168 4905 virtute
2206 4856 2474 4906 suscitavit.
2517 4854 2638 4905 Post
2669 4854 2771 4906 lucc
2808 4856 2996 4923 ignibus
3038 4858 3239 4923 injecta,

1726 4930 1827 4971 etc.
1857 4921 2061 4974 Notker.
2104 4924 2253 4973 Passa
2276 4932 2353 4974 est
2387 4924 2481 4974 sub
2510 4923 2741 4975 Gallieno
2772 4921 3099 4984 imperatore.
3133 4924 3241 4975 Mn.

1726 4988 1871 5040 lanus
1918 4990 1969 5041 in
1997 4989 2223 5041 ludiculo
2248 5002 2538 5042 sanctorum
2566 4991 2723 5054 Belgii
2751 4991 2927 5058 scribit
2955 4992 3008 5043 ὃ.
3032 4994 3241 5058 Agnetis

1726 5058 1963 5122 reliquias
2012 5058 2061 5108 in
2088 5061 2265 5108 tumba
2296 5058 2575 5110 honorifice
2602 5061 2866 5123 quiescere
2894 5056 3155 5125 Ultrajecti
3186 5060 3236 5111 in

1725 5126 1998 5177 cathedrali
2040 5126 2286 5185 ecclesia,
2343 5142 2531 5192 easque
2578 5127 2896 5177 transtulisse
2947 5127 3235 5179 italdrirutn

1723 5193 2016 5257 episcopum
2045 5208 2179 5245 anno
2206 5194 2325 5258 966,
2358 5195 2455 5246 sub
2484 5195 2703 5247 Othone.
2739 5196 2854 5247 Dies
2886 5196 3229 5249 translationis

1723 5270 1802 5311 est
1830 5275 1876 5311 tv
1903 5261 2072 5313 NOIHS
2102 5263 2437 5325 Septembris.

1793 5337 1815 5362 ο
1855 5325 2135 5381 Fructuosi.
2186 5329 2253 5381 lli
2299 5332 2456 5397 primo
2494 5332 2543 5381 in
2584 5346 2822 5381 carcerem
2863 5331 3018 5395 trusi,
3061 5331 3235 5382 deinde

1720 5397 1932 5461 ﬂammis
1968 5399 2135 5464 injecti
2156 5436 2169 5461 ,
2214 5400 2396 5449 exustis
2428 5399 2663 5461 vinculis,
2702 5400 2924 5450 manibus
2963 5401 3013 5449 in
3036 5400 3231 5449 modum

1720 5470 1875 5515 crucis
1899 5482 2146 5530 expansis,
2185 5478 2376 5517 orantes
2415 5477 2463 5515 ut
2497 5477 2745 5519 urerentur
2786 5468 3113 5519 obtinuerunt.
3164 5467 3224 5516 Et

1719 5548 1835 5602 mox
1860 5550 1985 5585 unus
2022 5552 2047 5585 e
2074 5535 2303 5598 fratribus
2321 5574 2334 5594 ,
2377 5544 2424 5584 et
2446 5534 2551 5599 [ilia
2592 5534 2812 5599 primitiis
2848 5551 2956 5602 qua:
2980 5534 3227 5593 adstabat,

1718 5601 1940 5654 viderunt
1960 5605 2147 5653 animas
2168 5610 2466 5668 sanctorum,
2485 5606 2656 5656 caelum
2677 5601 2995 5655 conscendere
3025 5616 3231 5654 corona-

1720 5679 1814 5722 tas.
1857 5669 1985 5734 Ado,
2023 5671 2189 5721 Utcda.
2230 5669 2375 5739 Vulg.
