3888 6312
659 341 757 394 sia
822 399 834 412 ,

1376 346 1568 399 υΕυλΕ
1610 346 2046 400 γΕΝΕιιΑωιΛε
2081 345 2227 398 UPP.
2265 347 2433 400 PARS
2469 346 2558 400 IV.
2598 376 2662 394 --.
2701 350 3068 404 IIISTORICA.

3701 353 3778 405 8‘33

1856 435 2076 504 rzoirto
2110 449 2543 505 cocomensrs

657 541 827 607 scopi,
871 540 1053 606 Auguli
1101 548 1152 594 et
1195 541 1390 609 Eulogii
1437 543 1793 604 diaconorum,
1832 543 1916 608 qui
1947 551 2177 606 tempore
2203 541 2254 598 Δ
2277 555 2464 608 corpus
2495 542 2607 610 ejus
2635 544 2682 595 in
2711 557 2944 611 campum
2975 546 3097 599 feris
3125 555 3175 599 et
3205 548 3385 600 avibus
3405 549 3560 615 jllsSil
3579 557 3774 615 exponi.

659 628 876 682 Gallieni
907 628 1002 681 sub
1039 628 1334 698 [Emyliano
1381 629 1618 696 praeside,
1645 631 1810 695 primo
1838 631 1888 682 in
1917 643 2176 682 carcerem

661 716 809 779 trusi,
835 715 1019 770 deinde
1048 717 1265 769 llatumis
1296 716 1488 784 injecti,
1516 716 1709 769 exustis
1737 716 1973 779 vinculis,
2005 716 2178 769 mani-

660 803 756 858 bus
803 804 853 857 in
898 805 1106 858 modum
1152 806 1323 858 crucis
1369 806 1626 872 expansis,
1656 812 1861 858 orantes
1886 812 1940 856 ut
1969 818 2177 856 ureren-

664 903 766 959 tur,
808 893 1162 956 obtinuerunt,
1213 903 1268 947 et
1311 908 1428 946 mox
1481 907 1611 946 unus
1647 906 1678 945 e
1715 892 1953 944 fratribus
1981 902 2034 945 et
2072 891 2173 943 lilia

660 978 915 1044 prresidis,
963 994 1078 1047 qua:
1132 979 1425 1042 assistebat,
1457 979 1690 1036 viderunt
1735 985 2029 1030 sanctorum
2066 975 2179 1028 ani-

658 1083 768 1120 mas
814 1069 1001 1122 cerium
1044 1067 1395 1122 conscendere
1447 1077 1734 1121 coronatas.
1783 1065 1932 1131 Apud
1985 1064 2178 1119 Trecas

656 1155 817 1209 sancti
843 1155 1059 1208 Patrocli
1090 1155 1354 1224 martyris.

726 1245 790 1296 A.
830 1241 896 1296 XI
934 1241 1166 1298 Κλιειω.
1205 1245 1364 1299 ιἐωι.
1392 1273 1452 1286 -
1475 1244 1527 1298 ln
1569 1243 1828 1312 Hispaniis
1855 1240 2026 1297 natale
2054 1258 2176 1296 san-

661 1334 730 1386 cti
770 1333 1018 1387 Vincentii
1046 1335 1247 1387 diaconi
1289 1343 1342 1387 et
1385 1333 1644 1403 martyris,
1685 1334 1771 1401 qui
1818 1349 1932 1386 rum
1977 1333 2178 1386 Valerio

657 1421 903 1488 episc0po
934 1434 1029 1474 suo
1057 1437 1084 1472 a
1109 1421 1495 1486 Cresaraugusta
1528 1420 1732 1472 civitate
1772 1419 2056 1472 Valentiam
2086 1432 2174 1470 us-

657 1525 756 1574 que
782 1509 1025 1576 gravibus
1055 1523 1216 1561 nexus
1260 1510 1473 1571 catenis,
1516 1507 1730 1575 iubente
1778 1507 2020 1570 Daciano,
2052 1521 2178 1573 per-

659 1601 842 1651 ductus
865 1608 964 1658 est,
995 1599 1164 1666 ibique
1185 1597 1320 1650 fante
1347 1608 1398 1652 et
1424 1599 1664 1665 squalore
1690 1599 1911 1649 carceris
1938 1597 2020 1648 diu
2062 1610 2175 1648 ma-

656 1694 877 1751 ceratus,
906 1686 1174 1738 tormentis
1216 1684 1440 1753 equulei,
1479 1692 1531 1736 et
1573 1683 1878 1749 ungularum
1923 1682 2174 1735 horrenda

659 1773 970 1827 laceratione
997 1781 1228 1837 vexatus,
1259 1773 1413 1825 etiarn
1441 1772 1654 1838 grabato
1685 1771 1850 1823 [eri-eo
1887 1770 2175 1832 diutissime

657 1863 932 1926 ustulatus,
959 1862 1150 1915 arvina:
1189 1860 1364 1928 Suttis,
1397 1871 1442 1913 et
1481 1861 1764 1926 crepitante
1807 1857 1915 1911 sale
1940 1849 2171 1925 Perfusus
2203 1844 2243 1902 Β

654 1961 766 2016 est;
799 1962 911 2017 post
939 1952 1049 2003 base
1084 1952 1134 2002 in
1175 1949 1488 2003 teterrimum
1519 1961 1779 2001 carcerem
1812 1955 2000 2008 trusus,
2031 1945 2173 1998 diva-

656 2056 679 2091 r
700 2039 826 2091 eatis
852 2037 903 2090 in
936 2053 1094 2091 nervo
1120 2036 1374 2096 cruribus,
1407 2050 1562 2102 super
1589 2033 1885 2086 acutissima
1927 2042 2170 2086 testarum

654 2129 940 2194 fragmenta
969 2125 1228 2193 proiectus
1254 2131 1365 2186 est;
1396 2124 1477 2176 ubi
1506 2133 1654 2176 nocte
1684 2121 1767 2174 lux
1807 2122 1983 2190 ingens
2011 2135 2170 2190 appa-

654 2219 774 2282 ruit,
802 2227 850 2270 et
883 2216 1072 2269 virtute
1101 2215 1192 2268 Dei
1221 2213 1416 2267 solutus
1457 2222 1649 2281 martyr
1685 2211 1819 2264 inter
1861 2211 2092 2279 angelos,
2138 2224 2168 2264 a

650 2308 839 2375 quibus
867 2305 1062 2359 visitari
1101 2305 1305 2368 meruit,
1333 2289 1580 2372 hymnum
1617 2303 1853 2363 canebat,
1881 2301 1946 2352 ita
1979 2310 2032 2352 ut
2061 2300 2171 2368 ipse

650 2406 822 2449 custos
869 2395 1123 2450 crederet.
1168 2394 1320 2448 Mane
1361 2402 1534 2446 autem
1584 2393 1735 2450 facto,
1784 2404 1898 2441 cum
1931 2389 2171 2455 jussisset

654 2500 772 2537 eum
816 2483 1070 2536 Daeianus
1115 2480 1166 2534 in
1196 2481 1330 2534 lecto
1375 2477 1676 2532 mollissimo
1701 2476 1970 2542 reclinari,
1989 2485 2042 2528 ut
2075 2475 2168 2526 ali-

649 2573 948 2640 quantulum
979 2582 1243 2626 recreatus
1286 2569 1456 2621 acrius
1498 2568 1669 2628 dendo
1714 2572 2053 2632 torqueretur,
2087 2564 2166 2621 in-

652 2660 958 2729 fatigabilem
983 2658 1219 2728 spiritum
1249 2659 1453 2712 Christo
1480 2655 1720 2712 reddidit.
1743 2656 1886 2708 Tunc
1914 2655 2167 2711 Dacianus

2278 630 2366 680 sed
2409 643 2528 682 mox
2559 645 2743 683 corvus
2786 632 3034 684 divinitus
3075 634 3136 686 ad
3167 636 3453 688 cnsmdiarn
3491 639 3604 701 eius
3630 638 3773 696 datm,

2276 729 2376 768 non
2405 717 2569 769 soium
2593 719 2721 770 alias
2745 732 2866 772 aves
2886 720 3118 783 arcebat,
3139 721 3230 774 sed
3255 732 3309 775 et
3331 725 3606 775 immanem
3629 725 3773 789 lupum

2275 819 2304 856 a
2327 816 2503 860 sancto
2530 821 2745 875 c0rpore
2775 811 2978 875 repulit.
3013 810 3160 874 Quod
3201 826 3321 880 curn
3365 813 3654 864 nuntiatum
3698 817 3774 865 Da-

2275 892 2425 946 ciano
2450 905 2608 958 esset,
2639 894 2789 961 jussit
2814 909 2933 947 eum
2964 897 3186 949 insutum
3211 901 3381 960 culeo,
3413 900 3462 950 in
3493 899 3772 966 profundum

2275 981 2431 1031 maris
2474 994 2589 1032 cum
2635 981 2936 1048 gravissimo
2976 983 3087 1035 saxi
3133 985 3360 1050 pondere
3410 984 3675 1050 immergi;
3702 989 3770 1036 su

2275 1068 2418 1134 prius
2445 1069 2629 1121 virtute
2658 1069 2746 1121 Dei
2792 1085 2951 1136 super
2978 1071 3141 1123 undas
3169 1080 3351 1124 natans
3393 1071 3458 1125 ad
3479 1072 3620 1124 littus
3651 1072 3771 1125 deb-

2278 1161 2395 1216 tus,
2444 1163 2494 1207 et
2519 1155 2690 1208 arenis
2733 1156 2972 1209 conditus
3011 1167 3110 1221 est,
3141 1171 3298 1224 quam
3328 1159 3555 1226 remiges
3598 1171 3768 1225 portum

2276 1247 2486 1307 tangere
2512 1243 2816 1309 potuissent.
2848 1243 2968 1297 Inde
2997 1259 3114 1297 cum
3142 1234 3200 1298 se
3239 1254 3451 1298 sanctus
3477 1257 3670 1313 martyr
3686 1247 3768 1299 crti-

2275 1327 2392 1379 dam
2422 1329 2560 1385 ﬁdeli
2587 1331 2704 1382 anui
2731 1330 2927 1385 Jenicm
2953 1325 3228 1387 revelass'et
3251 1374 3264 1397 ,
3296 1347 3533 1388 cessante
3562 1351 3770 1400 βοηθοῖς

2277 1416 2429 1468 tionis
2456 1417 2618 1481 rabie,
2649 1433 2676 1469 a
2701 1418 3003 1472 Christianis
3032 1431 3334 1476 reverenter
3366 1426 3619 1486 sublatus,
3649 1434 3694 1476 et
3731 1428 3769 1478 in

2274 1507 2484 1570 basilica
2522 1509 2756 1563 conditus
2801 1519 2898 1565 est.
2927 1511 2978 1564 In
3027 1512 3204 1567 Galliis
3245 1515 3455 1568 civitate
3495 1516 3764 1577 Ebredttna,

2274 1605 2569 1650 Sanctorum
2599 1609 2899 1667 martyrum,
2948 1599 3220 1667 Vincentii,
3252 1605 3448 1656 Orontii
3481 1617 3534 1656 et
3565 1606 3766 1660 Victoria

2275 1681 2449 1736 Romae
2475 1686 2537 1735 ad
2569 1687 2739 1751 Aquas
2765 1687 2967 1740 Salinas
2998 1691 3165 1742 natale
3197 1693 3360 1743 sancti
3399 1694 3651 1745 Anastasii
3677 1711 3764 1745 n.0-

2274 1772 2442 1836 naclii,
2474 1781 2526 1825 et
2553 1776 2789 1842 martyris
2815 1775 2879 1829 de
2906 1776 3137 1841 Persida,
3165 1780 3249 1846 qui
3281 1789 3396 1846 post
3438 1782 3655 1846 plurima
3682 1793 3764 1835 tor-

2275 1873 2443 1914 menta
2491 1863 2734 1924 carceris,
2778 1865 3049 1918 verberum
3090 1875 3142 1917 et
3190 1868 3532 1926 vinculorum,
3585 1884 3686 1932 qua:
3727 1871 3762 1919 in

2273 1949 2508 2001 Cmsarea
2541 1950 2821 2003 l’alwsrinae
2850 1965 3123 2018 perpessus
3147 1952 3331 2013 fuerat,
3357 1968 3384 2002 a
3410 1955 3578 2007 Persis
3602 1967 3762 2020 postre-

2273 2049 2360 2088 mo
2387 2035 2436 2086 in
2484 2036 2690 2088 Perside
2719 2038 2874 2089 multa
2925 2052 3074 2105 pinna
3119 2039 3352 2102 aﬂ'ectus,
3383 2049 3535 2106 atque
3577 2044 3636 2092 ad
3673 2045 3763 2093 alii.

2274 2138 2412 2176 mum
2441 2123 2724 2177 decollatus
2752 2135 2828 2178 est
2859 2140 2884 2176 a
2916 2140 3034 2190 rege
3055 2141 3232 2178 eorum
3262 2127 3513 2191 Cliosroe,
3543 2143 3653 2179 cum
3672 2129 3760 2179 aliis

2275 2214 2623 2281 septuaginta.
2658 2212 2906 2281 Reliquis:
2933 2214 3164 2280 corporis
3191 2213 3304 2280 ejus
3334 2216 3476 2281 prius
3504 2216 3761 2283 Hierosoly-

2275 2301 2372 2352 tuis
2413 2300 2476 2351 ad
2525 2301 2888 2352 monasterium
2918 2314 3086 2363 suum,
3116 2300 3304 2353 deinde
3345 2301 3555 2354 Romam
3592 2302 3758 2359 delata.

2269 2396 2580 2439 venerantur
2608 2384 2659 2436 in
2691 2386 3005 2439 monasterio
3035 2387 3168 2442 beati
3212 2385 3353 2440 Pauli
3392 2389 3624 2455 apostoli,
3651 2393 3759 2455 quod

2267 2473 2453 2526 dicitur
2478 2475 2540 2525 ad
2571 2473 2744 2540 Aquas
2772 2473 3007 2538 Salinas;
3038 2483 3088 2536 et
3111 2475 3278 2528 sancti
3311 2475 3556 2528 \‘incentii
3580 2477 3758 2543 presby-

2271 2563 2363 2616 teri
2396 2571 2448 2615 et
2477 2563 2734 2631 martyris.

2338 2653 2394 2703 Β.
2437 2649 2478 2702 Χ
2518 2649 2747 2703 Ksuzso.
2788 2649 2946 2704 Fenn.
2988 2679 3055 2690 —
3092 2651 3269 2707 Romae
3315 2661 3506 2706 sanctae
3549 2652 3756 2704 Eumene

1849 2741 2067 2795 EDITIO
2109 2736 2590 2793 BULLANDIANA.

649 2836 808 2892 sionis
831 2848 937 2888 sua:
962 2832 1178 2902 gloriam
1217 2839 1524 2902 acceperunt
1567 2831 1663 2884 sub
1711 2827 1988 2883 A‘Iiniliano
2031 2843 2162 2896 pra:-

651 2929 802 2989 t'eeto,
829 2936 1057 2993 tempore
1084 2922 1336 2978 Valeriani
1361 2933 1413 2978 et
1442 2922 1639 2977 Galieni
1673 2923 2057 2990 imperatorum.

722 3034 800 3098 L.,
833 3034 896 3085 Et
918 3033 968 3086 in
1003 3031 1196 3085 Valeria
1222 3030 1526 3098 civitates.
1557 3040 1582 3067 ι
1616 3030 1799 3082 Valerii
1842 3028 2075 3098 episcopi
2113 3035 2166 3080 et

652 3095 906 3224 inrirtyris.
936 3101 1020 3167 (3.,
1040 3101 1171 3154 Alibi
1193 3097 1396 3162 Felicis,
1426 3097 1716 3164 Fructuosi,
1741 3097 2002 3160 Ceciliani,
2034 3095 2166 3150 Mar-

652 3183 713 3224 tia
738 3187 798 3224 is.

651 3183 798 3228 NIMIS.

719 3278 807 3330 9.2.
847 3307 911 3316 —
962 3277 1028 3334 χι
1056 3276 1183 3340 Κλι..
1217 3275 1268 3329 ln
1300 3273 1538 3342 Hispania
1564 3273 1588 3312 δ
1615 3270 1860 3326 Vincentii
1889 3268 2090 3324 diaconi
2111 3279 2164 3324 et

651 3368 910 3437 martyris.
943 3368 1018 3421 Ad
1046 3368 1215 3435 Aquas
1253 3366 1453 3421 Salviae
1498 3366 1554 3420 S.
1592 3374 1612 3402 ε
1645 3360 1895 3417 Anastasii
1924 3360 2161 3415 monachi

647 3472 696 3514 et
725 3461 962 3529 martyris
990 3460 1054 3514 de
1079 3459 1287 3518 Persida
1325 3476 1336 3510 :
1386 3457 1470 3524 qui
1505 3465 1617 3524 post
1643 3455 1856 3521 plurima
1911 3459 2160 3505 tormenta

646 3549 862 3600 carceris
881 3588 896 3611 ,
929 3547 1198 3604 verberum
1247 3555 1297 3598 et
1328 3544 1642 3598 vinculorum
1662 3581 1677 3605 ,
1705 3555 1820 3608 qua:
1847 3541 1896 3592 in
1926 3540 2159 3594 Caesarea

653 3635 918 3690 Palestinte
948 3646 1223 3701 perpessus
1250 3630 1414 3684 fuerat
1453 3645 1483 3683 ει
1513 3630 1712 3692 Persis;
1763 3638 2075 3696 postremum
2107 3628 2158 3682 in

650 3722 855 3783 Perside
883 3723 1043 3775 multa
1069 3736 1216 3786 pcena
1244 3719 1487 3784 affectus,
1519 3727 1673 3786 atque
1700 3719 1761 3772 ad
1802 3719 2033 3772 ultimum
2065 3719 2156 3772 de-

643 3811 858 3864 collatus
886 3819 960 3863 est
989 3824 1017 3860 a
1044 3823 1162 3872 rege
1184 3822 1362 3860 eorum
1399 3807 1648 3860 Cliosroe.

714 3896 892 3951 Florus
920 3895 969 3948 in
999 3898 1060 3958 Α.
1093 3895 1154 3948 Τ.
1188 3893 1274 3961 L.,
1305 3895 1356 3948 l-n
1391 3894 1614 3947 Valentia
1644 3895 1850 3948 civitate
1875 3895 2152 3961 Hispaniae,

647 3987 814 4051 passio
860 3984 914 4039 S.
961 3982 1209 4037 Vincentii
1255 3981 1460 4037 diaconi
1509 3982 1606 4037 sub
1653 3982 1875 4035 Daciano
1915 3984 2152 4051 preside.

647 4075 790 4128 llunc
814 4074 947 4130 enim
975 4088 1164 4141 praises
1200 4074 1365 4141 primo
1393 4074 1608 4142 equnleo
1635 4074 1877 4139 suspendi
1921 4073 2075 4140 jussit
2100 4080 2153 4125 et

643 4167 970 4219 vehementer
997 4161 1240 4230 tarqueri.
1269 4161 1414 4214 Unde
1437 4161 1700 4226 depositus
1727 4169 2010 4227 torquetur,
2037 4168 2152 4212 tun-

642 4254 796 4320 ditur,
825 4253 1124 4330 ﬂagellatur,
1157 4252 1406 4317 exuritur,
1431 4260 1482 4305 et
1504 4251 1741 4309 distentis
1771 4252 2012 4304 membris
2039 4267 2149 4303 cre-

2270 2825 2445 2878 scebat
2473 2839 2661 2890 corpus
2687 2824 2746 2877 ad
2773 2840 2975 2899 poenam
3002 2845 3013 2878 :
3046 2828 3136 2881 sed
3160 2828 3393 2895 spiritus,
3421 2829 3507 2895 qui
3529 2829 3758 2882 Christum

2270 2913 2540 2965 Dominum
2571 2911 2847 2978 fatebatur,
2879 2916 2927 2967 in
2961 2916 3169 2968 victoria
3202 2918 3551 2982 permanebat.
3605 2919 3758 2970 "acte

2269 3020 2364 3057 nus
2395 3005 2726 3058 Atrebatense
2753 3016 2803 3058 et
2829 3006 2946 3059 hinc
2971 3007 3033 3058 ad
3064 3007 3393 3058 Auastasium
3426 3010 3602 3060 transit
3631 3026 3641 3058 :
3680 3009 3760 3056 a‘ia

2269 3095 2372 3147 duo
2401 3094 2524 3147 Mss.
2555 3095 2776 3161 elogium
2819 3106 3194 3163 prosequuntur
3219 3097 3299 3148 liis
3327 3097 3529 3150 verbis:
3565 3115 3583 3147 ι
3607 3098 3760 3163 Ιιιιβτίο

2271 3191 2477 3234 muntur
2505 3181 2745 3234 ardentes
2767 3186 2957 3250 pectori
2975 3183 3209 3248 ‘laminze,
3241 3194 3293 3236 et
3319 3184 3622 3250 liquefactus
3647 3187 3762 3238 inter

2265 3271 2400 3334 ipsas
2430 3269 2693 3323 eandentis
2722 3270 2842 3322 ferri
2871 3271 3006 3323 acies
3035 3271 3203 3337 liquor
3243 3275 3404 3336 guttis
3431 3273 3628 3323 tlainma
3658 3275 3762 3324 stri-

2263 3359 2414 3416 dente
2443 3360 2776 3428 respergitur.
2823 3358 3043 3412 Vulnera
3075 3360 3372 3412 vulneribus
3399 3361 3762 3426 imprimuntur,

2263 3457 2314 3502 et
2341 3461 2494 3514 supra
2528 3457 2780 3501 tormenta
2830 3449 3134 3500 desmviunt.
3181 3449 3328 3502 Sales
3376 3452 3571 3518 ignibus
3611 3453 3762 3517 sparsi

2263 3538 2635 3600 Crepitantibus
2657 3537 2884 3590 minutiis
2913 3553 3002 3603 per
3025 3540 3254 3590 membra
3285 3539 3568 3592 dissiliunt:
3595 3552 3644 3592 et
3665 3542 3760 3608 jam

2264 3638 2364 3677 non
2390 3625 2452 3677 ad
2479 3635 2618 3678 artus
2647 3635 2838 3678 tantum
2860 3665 2876 3688 ,
2905 3627 2998 3678 sed
3029 3625 3091 3678 ad
3132 3628 3244 3692 ipsa
3272 3630 3466 3682 viscera
3489 3631 3762 3694 supplicio-

2256 3729 2368 3770 rum
2398 3714 2492 3767 tela
2521 3714 2802 3781 iaciuntur,
2833 3717 2968 3768 nulla
2995 3717 3102 3782 jam
3137 3721 3373 3784 corporis
3404 3731 3548 3787 parte
3573 3721 3761 3786 integra

2255 3814 2569 3859 remanente.
2604 3806 2701 3859 Sed
2731 3809 3056 3874 postmodum
3087 3809 3294 3862 clausus
3323 3826 3530 3864 carcere
3548 3823 3597 3864 et
3615 3828 3762 3880 super

2253 3895 2543 3960 congeriem
2598 3904 2838 3948 testarum
2872 3897 3176 3964 fragininum
3209 3902 3392 3952 missus
3439 3899 3633 3966 jacere,
3665 3918 3759 3953 non

2254 3984 2414 4037 multo
2444 3993 2554 4049 post
2583 3988 2735 4039 tantis
2762 3985 2971 4039 allectus
2999 3990 3184 4055 poenis,
3236 3990 3452 4044 invictus
3481 3991 3596 4056 fide,
3626 3992 3761 4046 defe-

2251 4084 2319 4124 cit
2343 4087 2574 4139 corpore.
2589 4092 2606 4122 ι

2318 4161 2376 4214 Τ.
2413 4162 2603 4214 Eodem
2628 4163 2709 4214 die
2741 4163 2907 4215 natale
2939 4161 2959 4198 ιι
2989 4163 3205 4216 Victoris
3232 4173 3282 4216 et
3309 4166 3523 4218 Orontii.

2316 4252 2400 4302 9.5.
2440 4281 2506 4290 —
2547 4251 2591 4305 Χ
2654 4251 2779 4304 ΚΜ..
2833 4253 3007 4304 Roma:
3051 4255 3238 4307 natalis
3283 4255 3340 4308 S.
3389 4255 3757 4311 Emerentian:

1993 4337 2188 4391 SMITH
2227 4336 2448 4389 NUTJE.

709 4440 733 4467 °
779 4431 980 4485 Valerii.
1009 4429 1100 4482 llic
1129 4429 1222 4488 fuit
1247 4430 1517 4495 episcopus
1543 4429 1943 4495 Caesaraugustae
1969 4426 2145 4478 civiia-
2177 4433 2226 4490 υ
2253 4425 2417 4484 riziin,
2452 4436 2502 4476 et
2527 4425 2811 4480 Caesaream
2844 4428 3124 4480 Palmslina‘
3143 4471 3158 4492 ,
3191 4432 3274 4482 ubi
3307 4433 3353 4483 in
3383 4446 3641 4486 carcerem
3669 4437 3756 4487 da-

638 4506 724 4562 tis,
748 4502 830 4566 qni
862 4517 957 4552 una
991 4514 1105 4550 cum
1132 4499 1184 4550 S.
1213 4497 1476 4566 Vincentio
1504 4497 1720 4566 diacono
1753 4496 2038 4566 Valentiam
2059 4508 2144 4566 us-

637 4564 988 4638 que,ju_bente
1009 4567 1227 4618 Daciano
1251 4565 1468 4638 prreside
1488 4606 1501 4626 ,
1528 4564 1802 4638 perductus
1827 4575 1929 4638 est,
1952 4574 2004 4638 et
2030 4564 2148 4638 inde

639 4630 689 4692 in
715 4630 947 4690 exsilium
980 4649 1165 4688 missus
1193 4643 1288 4686 est.
1320 4632 1410 4685 Hic
1441 4648 1539 4682 non
1571 4630 1782 4682 Valeria!
1803 4671 1816 4693 ,
1841 4632 1930 4684 sed
1963 4632 2147 4692 Valen-

637 4711 719 4760 tia:
748 4717 926 4772 passus
952 4701 1440 4772 est._lli_eronymus.
1472 4699 1601 4772 Atio,
1637 4699 1928 4761 llrabanus,
1958 4697 2145 4772 Notke-

638 4766 760 4836 rus,
780 4782 830 4824 et
860 4771 1011 4823 Breda
1058 4766 1300 4835 Vulgatus
1343 4766 1598 4834 postridie
1631 4781 1749 4822 eum
1779 4781 1985 4834 passum
2018 4767 2148 4819 scri-

635 4848 778 4896 bunt.

705 4910 728 4944 ἱ»
771 4901 1036 4971 ’Υἱηοεηιὶὴ
1071 4903 1160 4958 ilic
1187 4917 1301 4954 cum
1323 4902 1383 4971 VS.
1411 4902 1611 4955 Valerio
1632 4915 1806 4967 passus
1831 4911 1909 4954 est
1931 4901 2024 4953 sub
2053 4901 2148 4952 im-

675 4979 786 5030 erio
813 4976 1130 5040 Diocletiani.
1176 4973 1271 5036 Qui
1301 4970 1365 5022 de
1389 4985 1452 5023 eo
1491 4971 1594 5022 vult
1624 4973 1766 5038 plura
1796 4971 1994 5040 legere,
2030 4971 2146 5022 Bol-

635 4993 786 5097 rerio
813 4993 1020 5040 uiueret:

654 5048 836 5098 alidum
870 5052 1020 5109 petat.

704 5128 723 5151 ε
766 5104 1032 5164 Anastasii.
1065 5109 1156 5160 llic
1184 5122 1299 5160 cum
1330 5107 1556 5159 exercitu
1598 5104 1710 5159 Sais
1747 5105 1999 5173 principis,
2027 5104 2148 5156 Per-

637 5197 805 5234 sarum
851 5179 934 5234 at!
955 5179 1268 5230 obsidionem
1316 5175 1657 5227 Chalcedonis
1701 5172 1862 5235 venit;
1917 5172 2036 5224 inde
2088 5174 2137 5223 in

639 5252 900 5303 Orientem
962 5244 1146 5304 rediit;
1193 5246 1256 5293 ab
1302 5245 1528 5294 exercitu
1579 5243 1816 5304 recessit;
1879 5239 2136 5304 Hierapoli

633 5319 883 5384 primum,
929 5329 1042 5378 mox
1093 5311 1457 5384 Hierosolyma:
1502 5309 1755 5360 aurifabro
1791 5309 2133 5384 cubabitavit;

635 5375 821 5437 'Clitisti
850 5383 998 5434 tidem
1024 5375 1355 5454 complexus]
1391 5382 1492 5429 imo
1521 5377 1929 5454 et_r_i_ionasticani
1977 5378 2130 5426 vitam

635 5454 910 5505 Indictione
939 5464 1055 5510 vni,
1087 5444 1301 5500 ﬂerat-lii
1332 5461 1465 5495 anno
1495 5461 1545 5507 ι,
1578 5444 1763 5495 Christi
1799 5445 1926 5507 020,
1961 5459 2133 5509 persc-

639 5523 827 5572 veravit
856 5521 905 5572 in
931 5517 1236 5572 monasterio
1265 5514 1410 5564 anuis
1439 5522 1658 5578 septem,
1690 5513 1805 5563 dein
1849 5513 1910 5562 ad
1944 5525 2132 5576 triariy-

635 5590 764 5642 rium
792 5600 1034 5644 accensus
1063 5585 1295 5639 discessit
1317 5596 1344 5636 e
1370 5581 1678 5634 monasterio
1704 5580 2001 5648 Diospoliin,
2034 5582 2131 5634 tta-

2251 4503 2330 4566 tus
2356 4509 2489 4544 anno
2512 4496 2630 4566 Clir.
2657 4497 2776 4557 b227,
2800 4507 2848 4548 et
2873 4498 3084 4549 lleraclii
3113 4500 3191 4560 l7,
3224 4501 3502 4551 celebravit
3521 4502 3753 4566 Septem-

2252 4561 2328 4630 bri
2382 4574 2559 4613 mense
2615 4563 2936 4626 festivitatem
2987 4567 3220 4630 exaltari:
3271 4570 3366 4618 sub
3419 4561 3754 4623 Constantino

2248 4628 2428 4702 Magno
2459 4630 2737 4702 Dominicae
2770 4633 2974 4693 crucis;
3003 4628 3257 4684 abductus
3287 4635 3509 4702 denique
3551 4638 3598 4688 in
3634 4638 3752 4690 Per-

2247 4697 2409 4765 sidem
2440 4699 2684 4764 martyrio
2713 4708 2982 4765 coronatus
3007 4712 3084 4751 est
3110 4716 3191 4751 an.
3224 4703 3348 4756 (2hr.
3382 4697 3503 4765 7‘28,
3537 4706 3751 4760 Her-aelii

2249 4764 2449 4816 decimo
2471 4775 2670 4820 octavo.
2713 4764 2942 4817 Bulland.
2970 4768 3096 4817 Cum
3127 4771 3192 4822 70
3215 4770 3332 4821 aliis
3359 4764 3578 4823 funiculo
3599 4775 3753 4827 sum...

2247 4844 2390 4884 catus
2411 4842 2506 4908 est,
2532 4844 2704 4908 postea
2729 4835 2944 4908 caputei
2965 4834 3060 4885 Suii
3088 4837 3353 4908 priscis-um
3379 4851 3474 4892 est.
3509 4840 3750 4908 Reliqui:

2247 4901 2477 4970 corporis
2511 4903 2620 4965 ejus
2652 4902 2830 4970 primo
2879 4900 3244 4970 Hierosolymis
3295 4906 3355 4954 ad
3385 4900 3742 4964 [nonaster'iom

2246 4984 2412 5028 suum,
2441 4968 2621 5019 deinde
2649 4969 2856 5019 lioinam
2883 4970 3061 5020 delata:
3092 4968 3403 5025 venerantur
3427 4977 3476 5026 in
3506 4991 3748 5031 monaste

2246 5039 2324 5107 rio
2353 5036 2580 5107 B.__Pni_ili
2609 5037 2842 5107 aposmli,
2873 5039 3004 5103 quod
3040 5038 3223 5089 dicitur
3243 5042 3308 5090 ad
3340 5045 3510 5107 Aquas
3539 5044 3744 5098 Salvias.

2245 5105 2374 5177 Adii,
2417 5103 2625 5177 Niitlter,
2839 5107 3034 5177 \‘nlgat.
3083 5103 3454 5177 IIIAML‘IIO‘UgiO
3491 5125 3524 5163 ι
3553 5113 3747 5170 (lanisie

2247 5171 2386 5222 edito
2418 5187 2476 5221 xv
2505 5172 2618 5222 Jan.
2653 5173 2708 5223 S.
2742 5175 3040 5225 Anastasius
3073 5171 3383 5229 celebratur;

2311 5238 2356 5317 d__
2389 5237 2610 5290 Victoris.
2660 5238 2945 5317 gsuardiis,
2983 5242 3270 5317 ﬁotlterus,
3305 5246 3454 5297 Baeda
3481 5244 3743 5317 Vulgatns,

2243 5313 2293 5355 ct
2323 5306 2605 5358 Romanum
2661 5306 2925 5372 Martyrol.
2983 5311 3185 5361 liaruuii
3240 5314 3338 5365 hoc
3384 5317 3540 5368 modo
3579 5306 3650 5370 ile
3669 5306 3744 5372 his

2240 5374 2426 5454 sanctis
2449 5376 2726 5454 scribunt}.
2753 5374 3090 5454 Ebr'ediitiijn
3124 5378 3287 5454 (initia
3328 5381 3436 5436 SS.
3483 5396 3745 5454 martyrum

2247 5438 2507 5513 Vinceniii,
2537 5442 2726 5513 Orontii
2766 5454 2812 5493 et
2846 5443 3068 5506 Victoris,
3091 5446 3177 5512 qui
3207 5449 3258 5498 in
3280 5438 3744 5513 persecutionem“-

2239 5509 2416 5559 tlelaui
2443 5510 2676 5577 martyrio
2716 5514 2934 5561 coronati
2964 5509 3112 5563 sunt;
3147 5509 3344 5569 licitere
3388 5529 3560 5573 tamen
3589 5522 3742 5576 Ella-

2238 5577 2358 5630 duni
2391 5594 2488 5631 nou
2520 5578 2652 5643 passi
2679 5586 2814 5623 sunt.
2865 5579 2952 5632 sed
2980 5579 3232 5636 Gerunda:
3265 5586 3315 5640 iu
3345 5585 3618 5658 Hispania,
3655 5591 3743 5646 ωδ

2878 6303 3006 6312 ---..-
