3888 6334
215 465 317 524 Si!

1324 460 1511 514 SECT.
1552 459 1612 510 ll.
1664 488 1719 499 -—
1757 455 2301 512 MARTYROLOGIX.

3279 450 3379 502 8'39

1447 545 1661 617 EDITIO
1695 544 2141 598 COLONIENSIS.

217 644 377 700 tiana‘.
421 644 630 711 virginis
674 648 727 694 et
780 639 1061 706 martyris,
1106 651 1221 706 qua:
1277 644 1389 690 erat
1435 636 1827 698 collaclaneaA
1859 634 1948 686 Dei
1995 647 2023 684 a
2081 631 2343 693 fratribus,
2393 629 2684 694 injunctum.
2725 628 2947 678 officium
3005 625 3378 692 prredicatinnis

215 744 415 791 sancta:
443 734 676 803 Agnetis,
703 740 752 786 et
777 731 897 785 dum
927 740 1096 783 oraret
1121 728 1184 780 ad
1213 727 1506 794 sepulcrum
1531 724 1670 794 ejus,
1701 733 1758 776 ut

215 835 337 875 eam
364 837 392 874 a
419 819 685 888 gentilium
718 818 926 871 laesione
966 814 1285 876 defenderet,
1326 812 1545 879 lapidata
1584 819 1664 862 est
1693 809 1758 863 ab

218 909 318 962 eis.
353 909 418 961 Et
460 909 513 961 in
555 906 880 966 Mauritania,
914 906 1126 958 civitate
1167 903 1538 966 Neowasareze,
1588 897 1760 951 natale

217 998 386 1051 sancti
416 996 703 1060 Severiani,
735 1005 787 1048 et
814 993 1012 1062 Aquilae
1035 991 1207 1045 uxoris
1237 991 1368 1058 ejus,
1391 989 1596 1056 ignibus
1618 1001 1760 1042 com-

216 1085 522 1147 liustorum;
555 1085 604 1137 in
637 1083 886 1148 Philippis
916 1081 1051 1133 beati
1100 1079 1368 1156 Parmente
1413 1077 1640 1139 diaconi,
1671 1075 1758 1142 qui

218 1188 355 1228 unus
385 1173 478 1228 fuit
503 1172 565 1227 de
609 1179 809 1240 septem
835 1171 1152 1224 diacouibus.
1185 1167 1287 1236 Qui
1323 1166 1538 1220 traditus
1574 1165 1759 1232 gratiae

1854 722 2000 785 plena
2046 718 2143 769 fide
2191 715 2584 780 consummavit,
2620 714 2850 782 niaityrii
2881 713 3096 780 gloriam
3143 711 3378 778 adeptus,

1853 806 2102 876 Philippis
2127 807 2341 873 quievit.

1919 897 1981 949 C.
2023 896 2084 947 IX
2127 894 2356 947 KALEND.
2400 893 2557 945 Fcau.
2599 921 2663 930 —
2702 889 2848 956 Apud
2894 890 3156 958 Ephesum
3211 891 3381 942 natale

1853 984 2017 1036 Sancti
2047 983 2302 1035 'l'iniotliei
2325 980 2563 1046 disripuli
2594 979 2726 1033 beati
2752 978 2914 1041 Pauli,
2936 979 3020 1044 qui
3049 977 3182 1045 apud
3211 980 3379 1046 liplie-

1854 1086 1966 1123 sum
2015 1087 2040 1121 a
2092 1071 2241 1123 beato
2289 1069 2524 1135 apostolo
2574 1072 2848 1135 episcopus
2903 1068 3204 1130 ordinatus,
3264 1080 3380 1136 post

1856 1163 2044 1212 multos
2076 1177 2165 1226 pro
2213 1160 2416 1213 Christo
2457 1169 2646 1225 agones
2686 1156 2955 1216 dormivit;
3002 1156 3147 1223 cujus
3190 1171 3377 1221 corpus

1422 1272 1643 1328 EDITIO
1682 1268 2170 1325 BOLLANDIA'NA.

213 1389 430 1460 virginis
457 1386 648 1442 Christi
684 1395 735 1440 et
765 1384 1006 1453 martyris
1050 1397 1164 1451 qua
1190 1391 1301 1436 erat
1338 1380 1656 1435 eollactanea
1682 1379 1740 1433 S.

215 1480 451 1546 Agnetis,
483 1488 532 1529 et
552 1478 670 1529 dum
687 1483 857 1532 oraret
876 1474 940 1526 ad
964 1473 1255 1539 sepulcrum
1278 1470 1332 1522 S.
1350 1469 1576 1536 Agnetis,
1601 1483 1663 1522 ac
1677 1467 1748 1519 si-

215 1570 326 1621 mul
357 1579 562 1620 orantes
581 1582 608 1618 a
635 1566 900 1634 gentilium
924 1564 1133 1616 lazsione
1160 1562 1490 1622 defenderet,
1522 1559 1742 1625 lapidata

212 1667 300 1713 est
326 1658 392 1711 ab
413 1657 507 1710 eis.

291 1750 377 1813 A.,
410 1748 470 1800 Et
493 1745 668 1798 Passio
695 1757 719 1782 ει
738 1743 1003 1798 Parmenm
1030 1742 1252 1813 diaconi,
1280 1739 1379 1813 eth
1402 1739 1631 1813 Macarii.
1657 1740 1741 1802 C.,

213 1809 417 1870 Eodem
444 1816 523 1868 die
551 1815 603 1868 S.
629 1815 830 1867 Savium
856 1813 1084 1880 virginis.
1103 1811 1169 1865 Τ.
1193 1814 1276 1874 1...,
1308 1809 1501 1862 Eodem
1531 1809 1617 1862 die
1647 1824 1742 1861 iia—

216 1886 337 1937 talis
362 1885 418 1938 S.
449 1883 653 1935 Macarii
684 1883 945 1949 martyris.
1557 1895 1559 1898 ‘

285 1972 375 2024 at.
404 2001 468 2009 —
500 1970 562 2023 IX
589 1969 715 2023 ΚΑι..
747 1969 922 2022 Natale
947 1967 1001 2022 S.
1020 1963 1312 2020 c'l‘imotliei
1344 1966 1584 2031 apostoli.
1611 1965 1673 2017 Et
1696 1965 1746 2018 in

212 2059 490 2113 Antiochia
516 2059 570 2114 S.
595 2057 618 2094 ά
647 2059 872 2128 Babyllaa
893 2065 946 2110 et
969 2057 1120 2110 trium
1152 2055 1498 2124 parvulorum,
1533 2053 1747 2120 Urbani,

213 2148 482 2202 l‘rilidiani
500 2158 550 2202 et
573 2148 823 2215 Epolonii.
858 2145 1151 2212 Eadetiitlie
1166 2144 1220 2198 S.
1249 2143 1489 2198 eSabim:
1516 2142 1745 2209 virginis.

291 2234 474 2289 Florus
501 2233 552 2287 in
585 2235 645 2286 Α.
677 2234 737 2286 Τ.
770 2233 851 2297 L.,
887 2233 938 2285 lu
971 2232 1241 2285 Antiochia
1269 2231 1438 2295 passio
1479 2231 1533 2283 S.
1566 2230 1755 2283 Babilae

210 2322 469 2391 episcopi,
518 2331 569 2376 et
595 2322 749 2373 trium
803 2320 1130 2387 parvulorum
1153 2358 1166 2382 ,
1201 2319 1437 2380 Urbani,
1472 2317 1750 2370 Parilidani

213 2411 330 2486 [A.,
362 2410 638 2480 Prilidani]
666 2420 714 2464 et
747 2408 980 2480 Epolonii
1029 2409 1126 2464 sub
1174 2407 1485 2461 Numeriano
1523 2408 1748 2474 impera-

1855 1389 2002 1431 tore:
2050 1394 2203 1446 quem
2233 1378 2513 1446 imperator
2562 1392 2651 1446 per
2682 1392 2888 1431 manum
2938 1377 3185 1433 Victorini
3227 1381 3371 1434 ducis

1854 1470 2037 1522 validis
2063 1471 2258 1522 catenis
2286 1469 2431 1537 ligari
2469 1469 2652 1536 jussit,
2704 1476 2755 1522 et
2796 1483 2887 1536 per
2927 1468 3373 1522 civitateni'tralii.

1854 1558 1971 1612 Post
1995 1559 2103 1612 lirec
2118 1559 2344 1612 Bibilam
2372 1559 2422 1611 in
2444 1559 2662 1628 equuleo
2683 1557 2945 1626 suspendi,
2969 1566 3021 1612 et
3041 1572 3226 1625 pueros
3250 1573 3381 1626 pra;-

1852 1649 1986 1715 cepit
2015 1648 2274 1701 vetberari
2300 1665 2312 1700 ε
2340 1663 2559 1716 quorum
2586 1648 2781 1714 primus
2806 1646 3075 1700 duodecim
3098 1661 3372 1708 annorum,

1853 1736 2106 1790 secundus
2135 1751 2342 1795 novem,
2387 1736 2569 1788 tertius
2597 1743 2796 1800 septem
2825 1733 3011 1786 fuerat.
3061 1733 3256 1787 Deinde
3285 1748 3372 1800 pa-

1857 1828 1978 1880 riter
2005 1826 2057 1878 in
2088 1825 2186 1879 fide
2210 1835 2264 1878 et
2289 1826 2478 1878 virtute
2524 1833 2913 1892 perseverantes
2937 1863 2952 1888 ,
2980 1825 3261 1891 imperator
3287 1840 3376 1878 eos

1859 1917 2024 1984 gladio
2043 1915 2193 1980 ferire
2215 1915 2385 1981 jussit.
2412 1913 2605 1968 Eodem
2632 1914 2714 1968 die
2736 1914 2924 1967 Trecas
2957 1913 3127 1980 passio
3144 1913 3197 1967 S.
3225 1912 3240 1949 ί
3274 1913 3379 1967 Sa-

1861 2005 2048 2057 viniani
2099 2002 2356 2072 martyris.
2407 2003 2469 2056 Et
2507 2002 2760 2067 depositio
2807 2002 2864 2055 S.
2903 1998 3255 2070 SabinaejT.,
3287 1999 3378 2055 Sa-

1786 2100 1825 2157 8
1853 2093 2037 2147 hiante.
2075 2093 2116 2144 L
2145 2131 2159 2156 ,
2190 2091 2412 2162 Savini']
2445 2091 2672 2161 virginis,
2704 2093 2898 2145 sororis
2929 2091 3058 2159 ejus.

1928 2206 2014 2265 A.,
2042 2204 2186 2269 Apud
2223 2203 2478 2268 Ephesum
2510 2203 2678 2254 natale
2700 2200 3027 2255 S.Timotliei
3056 2199 3285 2266 episcopi
3328 2212 3379 2252 et

1859 2274 2122 2337 martyris,
2165 2271 2400 2336 discipuli
2443 2271 2579 2324 beati
2623 2271 2763 2322 Pauli
2795 2271 3033 2334 apostoli.
3068 2269 3261 2322 Eodem
3292 2269 3378 2322 die

1855 2343 2079 2419 elevatio
2119 2341 2351 2408 corporis
2390 2340 2444 2394 S.
2490 2350 2514 2385 ις
2559 2338 2792 2392 Autberti
2830 2340 3218 2392 Cameracensis
3266 2339 3376 2404 epi-

1856 2423 1996 2474 sc0pt
2007 2447 2020 2461 .

1575 2515 1774 2570 SiilTll
1813 2518 2032 2571 NOTJ‘I.

213 2628 430 2684 Ruftino
459 2630 696 2696 pra-side,
722 2639 773 2684 et
797 2640 971 2697 postea
1001 2629 1065 2681 ab
1089 2627 1311 2681 Hactore
1337 2629 1558 2693 quodam
1590 2628 1750 2682 Ebre-

212 2700 414 2752 dunnm
446 2701 676 2763 plaustro
709 2701 893 2752 avecti.
929 2698 986 2750 lli
1018 2712 1200 2750 omnes
1243 2697 1478 2749 decollati
1509 2705 1644 2747 sunt.

293 2776 317 2802 ιι
358 2765 632 2820 Parmetsai.
681 2765 927 2835 Philippis
954 2769 1016 2835 in
1038 2765 1350 2823 Macedonia,
1377 2767 1459 2835 qui
1501 2765 1589 2835 fuit
1619 2779 1744 2835 unus

211 2836 285 2888 de
307 2845 486 2896 septem
509 2839 679 2902 primis
704 2833 944 2890 diacbnis.
979 2834 1072 2885 llic
1094 2835 1306 2884 traditus
1328 2833 1502 2897 gratia:
1525 2833 1614 2883 Diri
1633 2872 1654 2902 ,γ
1671 2834 1746 2885 in-

215 2907 446 2966 iunctum
485 2901 575 2955 sibi
614 2921 649 2956 a.
671 2905 904 2970 fratribus
945 2903 1154 2970 ofﬁciunt
1198 2903 1558 2965 pradicationis
1603 2901 1747 2967 plena

215 2971 323 3037 [ide
369 2985 729 3034 consummatis,
771 2973 858 3023 sub
897 2971 1118 3040 Trojano
1158 2971 1387 3040 martyrii
1429 2972 1637 3040 gloriam
1677 2981 1747 3021 est

215 3042 450 3109 adeptus.
511 3041 708 3109 Baronii
753 3037 1015 3109 Martyrol'.
1063 3039 1314 3091 Baronius
1357 3037 1628 3109 iniNotat.
1683 3041 1746 3109 ad

215 3107 490 3176 Martyrol.
542 3107 607 3160 ait
642 3125 688 3160 xi
721 3106 899 3161 Martii
930 3123 990 3160 ac
1023 3109 1210 3159 iterum
1255 3121 1330 3176 in;
1352 3106 1468 3176 Maii
1496 3106 1748 3176 aGrtecis

1861 2630 2008 2693 linis,
2061 2630 2279 2683 loculum
2323 2630 2526 2700 Babylm
2582 2630 2860 2700 martyris;
2911 2644 2974 2684 ett
3021 2643 3122 2700 quo
3169 2627 3371 2700 quidem

1857 2707 2088 2765 tempore
2121 2700 2307 2751 dicitur
2347 2697 2660 2751 daemonium
2709 2697 2902 2750 nullum
2949 2699 3210 2751 otacnlnm
3236 2737 3251 2756 ,
3285 2697 3371 2748 ubi

1850 2776 2227 2828 consueverat,
2272 2769 2513 2820 edidisse.
2564 2769 2678 2831 Quo
2725 2766 2938 2829 audito,
2970 2767 3201 2818 .lutianus
3222 2765 3375 2831 jussit

1852 2849 2055 2887 sacrum
2086 2849 2273 2901 corpus
2305 2835 2424 2887 inde
2472 2834 2676 2894 efferri;
2728 2834 2898 2902 itaque
2932 2833 3211 2902 Christiani
3256 2847 3372 2885 cum

1853 2904 2135 2970 psalmodia
2156 2905 2208 2956 id
2224 2905 2273 2956 in
2297 2905 2476 2955 urbem
2495 2901 2825 2956 Antiochiam
2841 2905 3022 2956 iterum
3037 2901 3371 2955 transferunt.

1926 2979 1948 3006 ο
1988 2973 2206 3025 Subimt'.
2248 2973 2406 3026 Soror
2435 2972 2545 3025 haec
2595 2972 2689 3024 fuit
2719 2973 2776 3026 S.
2818 2971 3119 3034 Sabiniani,
3152 2972 3370 3035 parenti-

1855 3041 1948 3090 lins
1981 3051 2095 3092 nata
2125 3039 2210 3093 infi
2233 3042 2417 3095 felibus
2444 3058 2455 3091 :
2497 3055 2614 3092 cum
2641 3050 2815 3094 autem
2857 3039 3016 3093 frater
3043 3040 3153 3106 ejus
3188 3038 3255 3090 ab
3280 3053 3374 3090 an-

1854 3109 1970 3174 gelo
2002 3110 2278 3171 instructus
2307 3124 2333 3159 a
2353 3109 2504 3159 domo
2532 3119 2742 3173 paterna
2764 3108 3060 3174 profugerit,
3096 3122 3196 3172 pre
3225 3107 3372 3160 desi-

219 3166 374 3229 Ιιιιιιὸ
391 3176 656 3238 celebrari,
683 3188 738 3228 ut
758 3187 969 3243 apparet
993 3192 1054 3226 ex
1086 3189 1265 3243 eorum
1289 3173 1590 3243 Meuidogio.
1619 3173 1748 3226 Neu-
1777 3166 1820 3226 C
1854 3166 2000 3228 deria
2029 3177 2140 3242 ejus
2167 3169 2356 3229 atflicta
2384 3166 2569 3228 frustra
2602 3166 2890 3229 idolis-suis
2917 3166 3205 3226 immolavit
3230 3193 3262 3243 ςν
3284 3191 3371 3228 τιοο

219 3253 309 3297 tro
329 3244 414 3296 die
432 3244 542 3309 ejus
560 3245 749 3297 mentio
769 3241 980 3296 fialietnr
997 3245 1045 3295 iii
1061 3242 1348 3307 Menologio
1365 3244 1498 3308 quod
1515 3241 1750 3296 Canisius

213 3311 387 3364 edidit
407 3313 733 3366 atttMenteis.
760 3313 860 3366 Sed
885 3313 932 3364 in
965 3313 1192 3377 utrisque
1231 3325 1267 3362 ll
1295 3311 1436 3371 Maii,
1468 3313 1753 3376 iterumque

220 3382 278 3432 in
295 3379 499 3431 Matimis
519 3396 584 3432 iiii
607 3380 807 3442 Maii,in
830 3381 1114 3445 Menologio
1133 3395 1178 3432 vr
1208 3379 1319 3431 Maii
1349 3396 1361 3441 ;
1394 3380 1546 3431 etiam
1577 3393 1752 3431 rursus

222 3464 384 3500 xxviii
413 3449 533 3500 Julii
557 3449 606 3500 in
628 3449 806 3500 eodem
832 3450 1120 3515 Mennlogio
1137 3448 1247 3515 ejus
1270 3448 1460 3498 Natalis
1476 3446 1750 3515 invenitur.

296 3517 321 3554 1³
364 3517 591 3568 Macnrt‘i.
630 3516 895 3569 Hralianns
926 3513 1079 3568 habet
1107 3534 1116 3568 2
1171 3514 1231 3566 lu
1262 3518 1432 3566 eodem
1472 3516 1552 3565 die
1580 3513 1752 3568 Passio

217 3585 498 3636 celebratur
527 3585 628 3638 SS.
655 3598 948 3652 martyrum,
975 3583 1217 3636 dlacltarii
1238 3594 1283 3635 et
1308 3583 1538 3652 Eugenii,
1561 3584 1644 3650 qui
1666 3585 1751 3636 sub

215 3652 432 3704 Juliano
448 3655 617 3722 judice
638 3655 790 3705 multa
818 3663 1053 3705 tormenta
1082 3653 1211 3720 passi
1249 3662 1379 3711 sunt,
1419 3652 1509 3703 Iter
1532 3660 1621 3711 est,
1644 3667 1752 3704 cra-

219 3722 688 3786 ticulamjiuceudii,
703 3723 750 3772 in
771 3739 865 3789 qua
890 3723 975 3789 pia:
995 3731 1140 3788 atque
1159 3723 1318 3772 oleum
1341 3722 1597 3787 superfusa
1618 3728 1749 3786 sunt,

217 3791 311 3839 sed
339 3805 534 3841 noneos
565 3790 689 3856 ignis
710 3792 874 3854 farsit;
915 3792 1090 3842 deinde
1129 3792 1303 3857 viperis
1329 3790 1628 3857 serpentibus
1652 3798 1753 3842 tra-

218 3858 318 3907 diti
337 3868 473 3916 sunt,
501 3861 584 3908 sed
611 3858 750 3909 nullo
777 3862 918 3910 modo
939 3860 998 3910 ub
1020 3860 1117 3909 illis
1147 3856 1258 3909 sunt
1280 3856 1420 3917 latsi,‘
1443 3866 1610 3922 postea
1633 3857 1752 3909 dra-

218 3940 397 3975 conem
424 3929 668 3991 ingentem
690 3928 993 3979 orationibus
1014 3926 1374 3986 exstinxerum,
1398 3927 1461 3974 ad
1483 3936 1753 3977 extremum

216 4007 335 4045 vero
379 3997 614 4061 martyrio
652 3997 872 4047 coronati
910 4005 1042 4046 sunt.
1083 3993 1385 4045 Celebratur
1433 3993 1613 4045 horum
1643 4007 1752 4048 tne-

218 4063 388 4130 inoria
416 4062 466 4113 in
497 4067 680 4114 Baron.
713 4063 980 4130 Martyrol.
1015 4079 1078 4115 xx
1105 4061 1348 4114 Decemb.

297 4139 318 4164 ο
364 4129 618 4182 Timothei.
636 4130 760 4184 Cum
787 4129 1084 4184 idololatriae
1099 4131 1231 4182 diem
1252 4131 1522 4195 quemdam
1544 4129 1748 4194 festum,

217 4200 361 4262 quod
390 4203 689 4270 κατᾳγὼγιον
717 4201 1071 4270 appellabant,
1104 4199 1289 4265 Ephesi
1326 4199 1488 4264 patrio
1517 4199 1615 4270 ritu
1645 4200 1753 4264 agi-

222 4277 396 4317 tarent
431 4267 547 4319 fidei
582 4267 784 4329 hostes,
816 4269 948 4320 idola
979 4283 1134 4320 manu
1176 4278 1455 4333 gestantes,
1509 4278 1560 4319 et
1590 4269 1750 4320 larvis

218 4335 535 4400 quihusdam
587 4336 749 4388 induti
771 4374 785 4397 ,
828 4346 879 4388 et
908 4337 956 4388 iii
989 4336 1067 4387 his
1112 4339 1447 4387 decantantes
1469 4373 1482 4396 ,
1513 4344 1666 4401 atque
1698 4337 1748 4387 in

220 4402 365 4454 viros
397 4404 713 4470 feminasque
761 4407 1012 4457 latronum
1063 4419 1208 4455 more
1254 4403 1534 4464 irruentes,
1567 4405 1623 4456 Β.
1656 4404 1748 4455 Ti-

1851 3245 2010 3312 gelica
2051 3260 2175 3299 vero
2223 3249 2418 3298 visione
2463 3246 2723 3296 admonita
2766 3255 2817 3298 et
2847 3245 2954 3310 ipsa
3000 3244 3213 3309 patriam
3245 3242 3372 3309 fugit

1850 3327 1966 3366 cum
2012 3316 2158 3366 unica
2205 3314 2391 3366 ancilla
2440 3313 2784 3366 Maximiniola
2834 3315 3040 3365 fratrem
3095 3325 3368 3378 quaerens;

1850 3396 2068 3446 cumque
2093 3385 2179 3434 diti
2201 3393 2338 3435 esset
2369 3385 2688 3450 peregrinata
2733 3382 2944 3434 Romani
2974 3381 3179 3433 tandem
3209 3379 3366 3450 venit,

1852 3451 1934 3501 tibi
1969 3450 2218 3514 baptizata
2249 3460 2330 3502 est
2353 3467 2380 3501 a
2412 3465 2538 3515 papa
2574 3450 2826 3504 Eusebio:
2876 3450 3061 3501 deinde
3096 3450 3279 3502 iterum
3311 3449 3375 3499 ab

1850 3519 2031 3584 angelo
2062 3521 2254 3571 monita
2303 3531 2354 3571 ut
2391 3519 2453 3569 ad
2486 3519 2696 3570 fratrem
2750 3518 3133 3582 profisciscatur
3176 3517 3374 3568 liavett-

1853 3601 1968 3637 nam
1995 3589 2120 3652 petit
2145 3604 2158 3651 ;
2187 3601 2407 3653 cumque
2433 3585 2704 3638 'l‘receusis
2733 3587 2952 3638 civitatis
2974 3587 3021 3636 in
3043 3593 3372 3650 conspectum

1853 3656 2095 3718 venisset,
2151 3671 2210 3708 ex
2256 3653 2473 3709 Lucerio
2509 3655 2730 3718 quodam
2779 3653 3014 3719 intelligit
3063 3663 3278 3704 mortem
3325 3663 3376 3704 et

1851 3723 2141 3788 sepulcrum
2190 3723 2384 3776 fratris.
2431 3725 2544 3786 Quo
2585 3728 2810 3789 cognito.
2863 3730 3084 3775 mortem
3127 3729 3181 3774 et
3212 3721 3373 3785 ipsaa

1854 3791 2073 3844 Domitio
2113 3801 2313 3857 precata
2340 3829 2354 3850 ,
2407 3795 2544 3855 pium
2588 3795 2822 3856 spiritum
2871 3790 3228 3844 emisitannos
3257 3794 3378 3840 nata

1851 3857 1937 3921 48,
1989 3861 2073 3914 die
2100 3876 2144 3911 tv
2176 3860 2290 3913 Kal.
2337 3858 2623 3911 Februarii.
2676 3859 2797 3910 Acta
2829 3860 2940 3923 ejus
2969 3857 3102 3920 apud
3135 3857 3370 3908 Bullatid.

1850 3942 1917 3979 xx
1945 3926 2060 3982 Jan.
2091 3929 2202 3994 Quo
2226 3928 2311 3979 die
2342 3930 2390 3979 in
2431 3925 2734 3994 quibusdam
2778 3925 3156 3996 niartyrologiis
3183 3925 3376 3996 e_t_li:ec

1849 4006 1900 4048 et
1923 3996 2076 4050 frater
2104 3993 2216 4064 ejus
2237 3998 2439 4050 colitur.
2473 3996 2656 4050 Noster
2680 4007 2849 4048 tamen
2873 3993 3069 4059 auctor,
3101 4003 3152 4045 et
3179 3993 3260 4044 alii
3283 4008 3374 4045 eos

1853 4066 2017 4186 hodieé
2034 4068 2223 4118 colunt.
2258 4065 2456 4119 Colitur
2493 4067 2648 4118 etiam
2696 4065 2832 4132 apud
2868 4064 3118 4132 quosdam
3150 4077 3214 4114 xx
3243 4065 3373 4130 Aug.

1853 4143 1956 4186 etv
2021 4144 2126 4186 ent.
2182 4174 2192 4182 .

1850 4143 1901 4187 et
1928 4149 1956 4184 ν
1982 4143 2126 4200 Sept.
2182 4174 2192 4182 .

1924 4202 1942 4239 ί
1986 4198 2264 4255 Sabiniani.
2292 4203 2385 4266 Qui
2416 4211 2469 4255 et
2495 4201 2802 4256 Sabinianus
2832 4209 2883 4251 et
2924 4198 3178 4252 Sabianns
3201 4210 3252 4250 et
3281 4198 3376 4251 γε-

1853 4270 2032 4324 bianus
2052 4281 2103 4322 et
2127 4271 2347 4323 Savinus
2374 4272 2566 4330 dictus,
2597 4287 2626 4323 e
2657 4270 2816 4336 patria
2843 4267 3099 4326 discessit,
3130 4267 3373 4320 veniens-

1852 4355 1950 4406 que
1982 4341 2030 4390 iii
2060 4340 2312 4392 ditionem
2344 4342 2712 4393 Trecassenani
2747 4339 2936 4391 multos
2984 4337 3240 4388 ceiivertit
3274 4338 3374 4387 iiii-

1853 4408 2028 4460 raculo
2055 4408 2209 4476 virgae
2238 4410 2577 4464 florescentis.
2609 4408 2975 4476 Quamobrem
3000 4407 3064 4457 ab
3095 4406 3371 4476 Aureliano

219 4473 464 4526 Inotlieus
492 4472 809 4553 talie_f.icin.iis
840 4472 1026 4553 intueri
1054 4487 1154 4553 non
1177 4474 1454 4553 sustinens,
1477 4472 1750 4524 stultitiam
1781 4483 1829 4541 ι)
1855 4472 2164 4553 imperatore
2192 4478 2242 4528 in
2271 4492 2530 4529 earcerem
2565 4477 2800 4539 mittitur,
2837 4474 2924 4525 ubi
2954 4475 3020 4524 48
3045 4473 3254 4532 milites,
3286 4477 3372 4539 qui

218 4555 406 4592 eorum
437 4542 702 4605 arguebat.
735 4543 898 4604 Quem
929 4541 1044 4592 ideo
1073 4541 1208 4606 lmpii
1238 4540 1456 4592 fustibus
1477 4551 1746 4592 ctintusuni

222 4624 254 4657 e
287 4609 454 4659 medio
480 4611 819 4668 sustulerunt.
848 4610 1121 4676 imperium
1151 4609 1542 4661 administrante
1562 4607 1746 4672 Nerva,

229 4685 287 4730 ut
313 4681 390 4746 ait
425 4676 738 4746 Polycrates,
760 4679 880 4746 _ejns
925 4679 1046 4728 Vit-.e
1070 4677 1290 4746 scriptor
1339 4677 1748 4746 antiquissimus.

219 4744 392 4798 Graeci
423 4754 474 4796 et
499 4743 727 4796 nonnulli
758 4744 1052 4797 Latinorum
1082 4745 1147 4796 de
1167 4760 1228 4796 eo
1250 4755 1406 4812 agunt
1430 4761 1531 4797 χχιι
1558 4743 1749 4796 Janua-

221 4813 311 4875 rii,
343 4827 444 4879 quo
471 4813 805 4879 interemptus
832 4825 930 4866 εει.
978 4813 1135 4879 Cujus
1161 4827 1347 4878 corpus
1375 4829 1489 4864 cum
1521 4813 1749 4880 reliquiis

223 4883 289 4934 Β.
318 4882 536 4935 Andreae
583 4890 636 4934 et
661 4882 810 4934 Luca:
852 4881 1096 4935 vicesimo
1138 4881 1416 4933 Constantii
1449 4896 1582 4933 anno
1608 4883 1748 4933 Con-

220 4951 612 5018 SIantinOpolim
638 4950 938 5003 translatum
961 4959 1057 5003 est.
1083 4949 1354 5012 NOikCI‘US,
1387 4951 1535 5002 Baeda
1571 4949 1713 5018 Vulg.

297 5017 323 5053 ιι
367 5017 594 5070 Babillw.
640 5019 889 5072 Eusebius
917 5027 969 5072 et
1018 5021 1068 5070 in
1117 5018 1476 5070 Ecclesiastiea
1528 5017 1748 5071 Historia

220 5095 285 5140 ct
309 5086 358 5139 iii
397 5086 678 5153 Chronico,
711 5088 1054 5153 Hieronymus
1083 5101 1283 5154 quoque
1308 5087 1357 5138 in
1390 5087 1478 5139 lib.
1509 5087 1574 5139 de
1612 5087 1748 5140 Scri-

210 5173 245 5225 p
265 5167 368 5208 lor.
394 5157 612 5219 Eccles.,
635 5171 751 5223 eap.
776 5157 860 5218 δά,
883 5156 1111 5209 scribunt
1139 5157 1190 5206 S.
1217 5156 1454 5222 Babylam
1476 5157 1572 5207 sub
1597 5155 1748 5208 Decio

211 5236 345 5291 post
373 5226 749 5276 confessionem
798 5226 847 5276 iii
877 5239 1086 5277 carcere
1134 5225 1284 5275 vitam
1333 5227 1464 5274 lianc
1501 5239 1615 5274 cum
1646 5225 1746 5275 iiii-

208 5303 264 5341 m
283 5295 542 5345 ortalitate
569 5301 933 5346 commutasse.
963 5293 1250 5358 Scriptores
1272 5302 1437 5344 tamen
1459 5291 1571 5358 ejus
1595 5293 1748 5345 Acto-

211 5376 237 5412 r
257 5376 344 5413 um
373 5363 563 5428 aliiqtie
585 5376 702 5414 eum
747 5361 841 5413 sub
863 5360 1174 5413 Numeriano
1223 5375 1422 5426 passum
1467 5360 1744 5428 aftirniaiit,

213 5444 325 5483 nec
365 5427 491 5481 enni
532 5430 582 5481 iii
607 5443 811 5482 carcere
839 5430 1154 5488 defunctum,
1203 5429 1293 5480 sed
1340 5438 1452 5492 post
1482 5427 1616 5479 varia
1643 5439 1747 5482 tor-

221 5507 399 5549 iiienta
431 5513 546 5550 cum
579 5500 740 5550 tribus
767 5500 935 5564 pueris
962 5499 1288 5550 tlecollatum.
1345 5498 1431 5548 llis
1463 5502 1528 5549 ita
1555 5499 1745 5549 consti-

227 5568 374 5627 tutis,
409 5582 509 5618 non
531 5567 790 5618 immerito
815 5567 1018 5632 quidam
1057 5566 1406 5630 cogitaverunt
1436 5567 1563 5616 duos
1589 5567 1745 5620 fuisse

224 5637 448 5702 Itabylas
477 5635 766 5700 episcopos.
798 5635 1116 5688 Sotionienus
1154 5634 1200 5686 in
1227 5635 1354 5687 llisl.
1387 5634 1549 5694 Ecel.,
1576 5649 1624 5696 v,
1659 5635 1741 5699 l8,

222 5706 398 5770 prodit
429 5704 634 5754 Gallum
669 5704 876 5754 I'ratrrm
907 5703 1094 5754 .lnliaui
1122 5705 1443 5754 transtulisse
1493 5705 1541 5753 iii
1570 5703 1738 5766 Dapli~

222 5787 328 5828 neti
356 5773 660 5827 suburbium
689 5773 990 5836 Δηῑιυειιιιε,
1024 5771 1108 5825 tibi
1135 5772 1401 5825 delubrum
1431 5780 1539 5825 erat
1586 5772 1738 5839 Apul-

1850 4544 1979 4612 μιεεὶ
2009 4555 2126 4596 sunt
2151 4560 2266 4596 enm
2294 4546 2574 4612 custodire,
2607 4547 2671 4595 ali
2697 4560 2759 4595 eo
2785 4557 3021 4612 conversi
3053 4549 3192 4601 sunt,
3221 4553 3275 4592 et
3303 4544 3372 4594 ob

1854 4613 2005 4665 fidem
2049 4613 2307 4666 decollati.
2341 4613 2396 4666 S.
2443 4611 2751 4666 Sabinianus
2781 4613 2889 4676 ipse
2910 4611 3138 4669 eteditur,
3170 4611 3371 4663 cassida

1854 4684 2006 4749 ignita
2051 4691 2338 4748 torquetur,
2369 4683 2416 4734 in
2448 4682 2607 4746 ignito
2637 4696 2850 4735 scamno
2879 4681 3181 4749 collocatur,
3217 4679 3262 4728 vi
3293 4678 3370 4749 di~

1853 4748 1965 4802 vina
1994 4764 2023 4801 e
2047 4765 2254 4803 carcere
2289 4752 2521 4816 eripitur.
2555 4761 2787 4816 repertus
2824 4748 3040 4812 denique
3051 4751 3229 4816 capite
3259 4748 3368 4813 ple-

1851 4821 2080 4871 ctiturix
2108 4819 2220 4872 Kal.
2262 4814 2414 4872 Febr.
2461 4818 2569 4871 Non
2616 4814 2822 4870 tantum
2874 4831 2989 4867 uix
3045 4814 3218 4878 Fabia,
3275 4816 3365 4868 sed

1849 4889 2004 4940 etiam
2032 4904 2119 4940 vni
2151 4888 2268 4939 Jun.
2299 4886 2500 4953 colitur,
2526 4896 2580 4938 nt
2607 4888 2714 4938 vult
2743 4885 3030 4938 Saussaius.

1920 4966 1944 5001 κ
1984 4957 2218 5009 Autberti.
2257 4956 2346 5008 llic
2376 4951 2576 5007 refulsit
2606 4956 2923 5019 temporibus
2956 4951 3224 5018 Dagoberti
3275 4952 3363 5003 iti-

1849 5025 1972 5094 clyti
2022 5027 2336 5079 Francorum
2389 5025 2542 5094 regis,
2574 5026 2669 5076 sub
2707 5039 2807 5094 quo
2856 5022 3118 5094 llannonia
3168 5021 3215 5094 in
3265 5023 3366 5094 fido

1847 5089 2041 5148 Clirisri
2069 5094 2222 5159 coapit
2251 5089 2664 5144 tlorerefltabuit
2692 5089 2827 5144 enim
2879 5091 2928 5141 in
2972 5104 3029 5140 ea
3060 5089 3362 5159 discipulos,

1848 5157 2182 5218 Landelinum
2205 5160 2713 5226 abbatetnCrispinii,
2735 5160 3066 5226 Vincentium
3105 5157 3360 5224 Madelga-

1849 5233 1979 5286 rium
2005 5232 2268 5292 comitem,
2296 5240 2346 5281 et
2391 5225 2660 5296 conjugem
2690 5231 2799 5294 ejus
2833 5225 3234 5282 Waldetrudem.
3262 5227 3358 5296 illis

1847 5301 2191 5368 adjunxeruut
2215 5314 2270 5351 se
2299 5300 2442 5351 multi
2473 5295 2834 5365 praedicatores
2861 5312 2923 5349 ex
2965 5298 3132 5368 scotia
3162 5304 3210 5345 et
3239 5295 3360 5368 Gal-

1848 5364 1935 5432 lia',
1973 5377 2026 5422 et
2063 5384 2125 5421 ex
2160 5371 2266 5434 ipsa
2314 5364 2508 5418 Griccia
2553 5368 2906 5419 sanctissimus
2957 5366 3212 5416 Cislenus.
3265 5364 3360 5415 Per

1843 5453 1973 5506 quos
2003 5437 2264 5489 llannonia
2306 5435 2422 5488 lidei
2464 5436 2619 5487 initiis
2648 5447 2725 5506 est
2768 5436 2980 5506 imbuta.
3011 5435 3250 5506 Sepultus
3277 5443 3354 5484 est

1845 5502 2101 5559 Cameraci
2134 5514 2274 5557 extra
2305 5519 2477 5557 muros
2499 5507 2546 5555 iii
2575 5506 2627 5556 S.
2665 5504 2800 5556 Petri
2846 5502 3080 5560 ecclesia,
3110 5517 3221 5568 quae
3250 5516 3358 5550 ani--

1845 5575 2012 5641 pliatis
2052 5576 2306 5627 tinnitibus
2352 5588 2484 5624 nunc
2523 5583 2595 5626 cst
2630 5574 2760 5625 intra
2807 5585 2995 5630 muros,
3030 5572 3197 5623 Sancti
3231 5571 3356 5641 Ant-

1843 5639 1972 5696 berti
2003 5644 2225 5696 abbatia.
2258 5642 2488 5694 Natalem
2516 5645 2670 5695 habet
2711 5641 2879 5695 Idibus
2911 5641 3219 5694 Decetiiht‘is.
3251 5639 3351 5689 λιι)-

1845 5715 1988 5766 lanus
2020 5714 2068 5765 iii
2095 5711 2323 5765 liidiculo
2355 5713 2449 5767 SS.
2480 5712 2655 5780 Uelgii.
