3888 6322
582 347 683 399 825

1330 346 1527 401 BEUA'J
1572 347 2013 402 VI'LNERAUILIS
2050 347 2196 401 UI‘P.
2241 348 2412 402 PARS
2459 349 2541 402 IV.
2580 378 2647 387 —-—
2688 350 3057 405 lllS’l‘OlilCA.

2922 144 2946 181 ι

3182 18 3245 55 ﬂ‘
3284 0 3842 332 ’.Ἣ

3650 354 3731 407 εει

1819 456 2034 509 EDITIO
2072 456 2522 510 COLONlENSIS.

578 570 695 609 cum
736 554 967 617 reliquiis
996 552 1125 603 beati
1160 550 1376 603 Andretc
1408 560 1459 603 et
1506 550 1657 603 Lucae
1699 552 1943 603 vicesimo
1969 549 2105 603 Con-
2136 555 2182 611 Α
2210 548 2415 603 civitate
2441 550 2609 602 natale
2634 560 2929 623 sanctorum
2978 563 3282 620 martyrum,
3330 552 3591 620 Martiuni,
3638 558 3727 609 31η-

576 641 751 695 stanlii
778 654 916 693 anno
940 637 1437 704 Constantinopolim
1486 639 1791 691 translatum
1826 650 1924 691 εςι.
1966 639 2115 704 Apud

580 730 904 785 Antiochiam
935 732 1099 782 sancti
1142 730 1344 797 llabyla:
1371 730 1618 794 episcOpi,
1648 729 1733 795 qui
1759 729 2116 793 persecutione

576 816 742 879 Decii,
792 825 1123 885 posteaquam
1178 816 1475 883 frequenter
1528 806 1850 881 passionibus
1898 816 2006 869 suis
2060 826 2113 869 et

573 906 886 959 cruciatibus
929 905 1309 974 glorilieaterat
1362 903 1659 967 Dominum,
1698 902 1942 970 gloriosa:
1992 904 2111 957 vitae

572 995 727 1047 tinem
757 994 971 1055 sortitus
996 1001 1077 1045 est
1108 992 1157 1043 in
1190 993 1428 1055 vinculis,
1474 992 1538 1044 de
1564 1006 1665 1059 quo
1694 991 1745 1045 in
1777 991 1977 1045 decimo
2012 992 2110 1046 Ec-

569 1082 874 1135 clesiasticte
919 1079 1151 1134 historiae
1199 1078 1335 1132 libro
1374 1079 1565 1146 grande
1611 1088 1849 1131 narratur
1886 1080 2108 1131 miracu-

578 1172 705 1225 lum.
736 1171 861 1225 Nam
906 1187 1021 1223 ctnn
1050 1170 1285 1225 Julianus
1315 1172 1593 1236 imperator
1618 1168 1679 1221 ad
1717 1168 1968 1222 idolorum
1996 1169 2105 1221 cui-

569 1271 678 1316 tum
703 1276 1005 1325 conversus,
1030 1261 1254 1329 quodam
1279 1271 1509 1326 tempore
1538 1259 1762 1325 Daphnis
1784 1258 1834 1311 in
1862 1258 2107 1313 suburbio

567 1349 857 1406 Antiochia:
898 1351 1043 1419 juxta
1092 1352 1287 1404 fontem
1337 1349 1616 1403 Castalium
1650 1350 1815 1401 litaret
1857 1349 2101 1416 Apollini,

566 1452 617 1495 et
643 1444 781 1496 nulla
809 1457 873 1499 ex
917 1445 997 1496 his
1036 1458 1150 1510 quae
1190 1441 1475 1509 qumrebat,
1518 1453 1763 1506 respousa
1793 1440 2100 1506 susciperet,

568 1547 855 1600 causasque
897 1533 1086 1585 silentii
1125 1540 1517 1599 percontaretur
1545 1543 1572 1581 a
1599 1528 1988 1593 sacerdotibus,
2020 1543 2101 1583 re-

568 1622 881 1687 sponderunt
926 1622 1212 1684 dueumnes,
1261 1621 1470 1689 Babylo:
1519 1620 1763 1687 martyris
1807 1619 2099 1685 sepulcrum

562 1724 723 1777 prOpe
769 1712 1031 1775 assistere,
1080 1720 1130 1764 et
1174 1711 1291 1763 ideo
1337 1724 1583 1773 responsa
1626 1723 1727 1762 non
1760 1709 1925 1761 reddi.
1957 1709 2102 1763 Tunc

560 1798 651 1851 ille
680 1799 856 1853 venire
899 1798 1137 1852 Galila'os
1182 1799 1310 1865 (hoc
1353 1800 1490 1851 enim
1536 1799 1745 1851 nomine
1776 1808 1981 1850 nostros
2008 1812 2100 1865 ap-

2212 639 2366 703 sonii,
2391 638 2626 706 Eugenii,
2644 640 2939 705 Mitelli,qui
2964 640 3066 709 igni
3090 642 3262 696 traditi
3285 654 3429 706 sunt,
3450 654 3504 696 et
3527 646 3726 710 reliqui:

2212 741 2392 779 eorum
2425 729 2473 779 in
2503 730 2695 780 Axium
2726 727 2939 781 ﬂuvium
2980 729 3246 796 dispersae.
3295 731 3359 783 Et
3388 732 3559 785 natale
3593 735 3725 787 trium

2211 816 2559 883 parvulorum,
2592 816 2799 879 Urbani,
2832 816 3075 870 Prilidani
3100 829 3151 871 et
3176 820 3456 886 Eupoloui.

2279 905 2339 958 D.
2385 906 2489 959 \‘lll
2526 907 2760 961 Kaceun.
2802 907 2962 961 Fsan.
2987 938 3055 947 —
3076 909 3363 962 Conversio
3386 911 3549 962 sancti
3580 909 3721 964 Pauli.

2209 993 2402 1047 Eodem
2433 994 2519 1048 die
2546 994 2707 1049 sancti
2737 993 2955 1048 Anania:
2984 996 3118 1061 apud
3156 996 3491 1060 Damascum,
3514 1000 3597 1061 qui
3621 998 3721 1051 bea—

2208 1090 2312 1135 tum
2344 1082 2557 1136 Paulum
2591 1083 2886 1153 baptizavit.
2936 1086 3089 1152 Apud
3133 1084 3444 1138 Gabilonem
3487 1086 3719 1138 civitatem

2205 1174 2373 1226 saneti
2423 1172 2686 1228 Severiani
2737 1174 3006 1241 episcopi,
3058 1174 3307 1226 miranda:
3355 1172 3640 1225 sanctitatis
3678 1187 3717 1227 et

2205 1260 2458 1315 doctrina:
2483 1262 2577 1315 viri
2611 1281 2621 1313 :
2651 1263 2775 1316 item
2802 1262 2976 1315 natale
3004 1260 3236 1329 Pra'jectl
3265 1263 3604 1314 Arvernensis
3628 1263 3717 1328 cpio

2204 1352 2371 1419 scapi,
2396 1362 2446 1406 et
2475 1353 2644 1405 natale
2668 1352 2830 1405 sancti
2863 1350 3102 1419 Gregorii
3130 1351 3375 1419 theologi.

2274 1442 2333 1492 Ε.
2380 1440 2462 1492 νιι
2499 1440 2731 1494 Kanon.
2773 1436 2941 1521 βω.
2960 1468 3030 1479 --
3054 1440 3232 1493 Natale
3266 1438 3433 1493 sancti
3481 1438 3715 1506 Polycarpi

2203 1527 2339 1581 beati
2384 1526 2598 1582 Joannis
2625 1528 2847 1597 apostoli
2890 1528 3155 1596 discipuli,
3188 1529 3276 1596 qui
3320 1530 3384 1580 ab
3415 1542 3483 1582 eo
3510 1527 3714 1595 Satyro:

2201 1618 2475 1684 cpiscopus
2518 1616 2808 1680 ordinatus,
2858 1616 3020 1669 totius
3065 1618 3201 1671 Asia:
3250 1618 3493 1684 princeps
3537 1618 3715 1679 luit;et

2200 1719 2319 1774 post
2343 1706 2455 1759 dira
2479 1715 2733 1759 tormenta
2760 1706 2825 1758 ad
2862 1705 3103 1759 ultimum
3148 1707 3345 1775 p0situs
3374 1706 3426 1758 in
3459 1707 3623 1759 medio
3649 1722 3711 1757 ro-

2199 1811 2284 1864 go,
2314 1810 2559 1851 mucrone
2584 1795 2867 1863 perfossus,
2900 1806 3006 1850 tam
3047 1797 3219 1864 largus
3247 1788 3492 1863 profusds
3514 1806 3589 1848 est
3612 1810 3708 1846 san-

562 1888 754 1953 pellare
783 1889 965 1943 solitus
994 1887 1130 1955 erat)
1159 1900 1210 1942 et
1254 1886 1459 1941 auferre
1508 1888 1803 1952 sepulcrum
1855 1889 2098 1957 martyris
2132 1880 2172 1938 Β
2201 1886 2332 1953 guis,
2376 1894 2431 1937 ut
2476 1885 2643 1952 ignem
2688 1886 3063 1952 exstingueret.
3117 1886 3258 1938 Passi
3306 1896 3426 1937 sunt
3460 1900 3575 1937 cum
3599 1894 3712 1937 eoet

558 1976 728 2043 jubet.
757 1976 869 2029 Mox
903 1977 1059 2045 igitur
1085 1976 1363 2030 Christiani
1394 1976 1759 2030 convenientes
1787 1990 1969 2043 magna
1997 1992 2089 2027 ex-

559 2067 840 2122 sultatione
884 2067 1154 2130 succincti,
1197 2067 1452 2120 sustulere
1508 2080 1680 2119 arcam
1732 2065 1992 2133 martyris,
2043 2074 2096 2118 et

560 2154 843 2220 psallentes
882 2154 934 2207 in
962 2154 1172 2207 auribus
1202 2156 1403 2222 profani
1435 2155 1699 2222 principis,
1744 2167 1951 2219 persex
1980 2153 2095 2206 mil-

560 2243 629 2295 lia
660 2258 903 2312 passuum
928 2246 1148 2298 summis
1175 2245 1389 2299 vocibus
1418 2253 1469 2297 et
1493 2258 1609 2297 cum
1641 2242 1991 2296 exsultatione
2018 2241 2096 2295 di-

558 2332 745 2387 cebant
777 2351 792 2387 :
831 2334 1223 2389 Conlundantur
1252 2349 1431 2388 omnes
1452 2335 1538 2403 qui
1567 2334 1787 2388 adorant
1814 2333 2094 2401 sculptilis,

556 2430 610 2478 et
634 2423 719 2492 qui
748 2423 1037 2491 glariantur
1063 2423 1114 2477 in
1162 2423 1453 2478 simulacris
1493 2423 1619 2476 suis.
1666 2422 1731 2476 Et
1758 2422 2093 2476 Neoeazsarca

2195 1975 2280 2028 alii
2304 1975 2572 2027 duodecim
2603 1989 2667 2028 ex
2704 1975 3059 2043 Philadelphia
3093 1976 3385 2029 venientes.
3414 1975 3558 2027 Tunc
3580 1978 3708 2029 etiam

2198 2064 2553 2126 Germanicus,
2581 2066 2771 2119 athleta
2801 2065 2991 2118 Christi
3024 2065 3263 2134 insignis,
3288 2067 3517 2133 glorioso
3545 2076 3709 2132 martyo

2196 2152 2257 2205 rii
2289 2166 2453 2219 agone
2478 2155 2759 2208 translatus
2780 2165 2891 2218 est;
2920 2168 3037 2207 nam
3064 2170 3181 2208 cum
3210 2170 3239 2205 a
3264 2154 3441 2218 judice
3470 2153 3707 2207 damnatus

2196 2240 2377 2295 luisset
2421 2242 2485 2295 ad
2531 2242 2743 2307 bestias,
2794 2245 2930 2296 ultro
2972 2242 3069 2296 sibi
3119 2226 3463 2310 prtrparalam
3519 2243 3704 2294 bestiam

2194 2334 2514 2401 provocavit,
2557 2334 2853 2399 deSpiciens
2900 2335 3238 2400 temporalem
3288 2343 3530 2395 mortem,
3568 2341 3703 2385 etco-

2194 2434 2373 2473 ronam
2403 2421 2521 2474 vita:
2549 2430 2753 2474 aiterna:
2783 2421 2945 2474 veloci
3000 2420 3101 2474 line
3149 2420 3365 2488 adipisci
3408 2419 3703 2474 desiderans.

1760 2531 1978 2584 EDlTiO
2019 2527 2505 2584 BOLLANDIANA.

623 2625 711 2680 εδ.
742 2654 809 2665 -
831 2624 937 2678 \‘lll
964 2624 1098 2680 Kac.
1144 2623 1199 2679 S.
1234 2632 1257 2660 α
1287 2621 1519 2692 Gregorii
1550 2622 1776 2691 theologi
1820 2631 1873 2677 et
1918 2626 2091 2677 natale

552 2714 610 2769 8.
640 2713 665 2751 δ
690 2714 933 2780 Projecti.
1906 2774 1907 2785 χ

624 2801 809 2857 Florus
830 2802 883 2855 in
900 2804 959 2853 Α.
976 2809 1029 2854 et
1050 2800 1137 2864 T.,
1161 2800 1215 2852 In
1237 2800 1447 2853 civitate
1472 2799 1646 2853 Mileto
1669 2798 1841 2866 passio
1859 2794 1946 2854 S.c
1961 2797 2093 2869 Tyr-

554 2894 640 2957 si,
689 2892 779 2961 qui
831 2905 1014 2960 passus
1065 2898 1147 2944 est
1198 2890 1296 2944 sub
1343 2888 1677 2955 Cumbrieio,
1730 2889 1992 2959 Sylvano,
2038 2900 2093 2944 et

554 2980 780 3045 Plaude,
811 2979 1203 3049 proconsulibus
1227 2982 1276 3032 in
1305 2978 1513 3033 civitate
1540 2978 1797 3032 Caesarea.
1831 2978 1923 3032 Hic
1950 2979 2088 3034 enim

552 3069 778 3139 primum
802 3068 978 3138 jussus
1004 3076 1083 3123 est
1131 3066 1332 3122 catenis
1370 3067 1435 3121 ad
1484 3081 1687 3133 poenam
1752 3067 1987 3133 extendi,
2032 3077 2091 3122 ut

550 3160 929 3229 dissiparentur
976 3157 1211 3211 membra
1248 3156 1378 3225 ejus.
1422 3154 1527 3210 Sed
1572 3156 1771 3210 catenis
1813 3156 2083 3224 disruptis,

550 3264 643 3303 vas
698 3248 960 3318 quoddam
1005 3246 1207 3315 jussum
1258 3254 1338 3299 est
1387 3244 1589 3313 impleri
1638 3258 1802 3313 aqua,
1850 3244 1902 3298 in
1948 3246 2085 3313 quod

2194 2622 2414 2675 adhaesit
2444 2640 2457 2675 :
2485 2622 2620 2687 quod
2651 2622 2742 2677 ille
2780 2636 3130 2691 cognoscens,
3166 2622 3353 2676 iterum
3381 2638 3438 2677 se
3469 2624 3519 2675 in
3547 2624 3703 2678 locello

2098 2722 2103 2733 ι
2194 2710 2483 2774 collocavit,
2518 2712 2795 2779 taliterque
2838 2710 3093 2778 passionis
3123 2726 3230 2764 sua!
3261 2712 3545 2764 terminum
3589 2712 3700 2766 fecit.

2194 2795 2258 2849 In
2288 2798 2457 2850 iisdem
2488 2797 2610 2850 Mss.
2637 2809 2682 2851 et
2704 2800 2851 2853 simul
2872 2799 2922 2852 in
2957 2797 3043 2863 L.,
3071 2798 3267 2851 Eodem
3288 2800 3373 2851 die
3401 2802 3452 2851 in
3481 2814 3604 2866 pago
3626 2801 3703 2854 Ar-

2192 2888 2406 2941 vernico
2454 2888 2639 2939 natalis
2681 2887 2903 2955 Projecti
2935 2887 3165 2954 cpisc0pi
3214 2895 3269 2941 et
3319 2890 3561 2957 martyris
3599 2891 3699 2953 :qui

2196 2989 2340 3028 more
2367 2974 2667 3042 pr0phetico
2693 2975 2888 3029 electus
2915 2976 2982 3028 ab
3012 2984 3179 3042 utero,
3212 2986 3581 3044 purpurantem
3612 2986 3700 3031 sto-

2196 3062 2294 3129 lam
2317 3064 2541 3115 servavit
2571 3062 2622 3114 in
2654 3063 2932 3131 triumpho.

2258 3147 2318 3203 C.
2350 3149 2410 3202 A.
2440 3149 2501 3203 Τ.
2534 3148 2617 3211 ι...
2646 3149 2927 3205 Conversio
2956 3151 3012 3207 S.
3045 3152 3189 3207 Pauli
3211 3155 3457 3222 apostoli.

2257 3239 2348 3294 26.
2381 3269 2447 3279 —
2476 3239 2559 3293 ιἰι
2604 3239 2734 3294 ΚΑΙ..
2783 3241 2963 3294 Natale
3007 3239 3064 3294 S.
3104 3238 3129 3277 ά
3163 3241 3457 3311 Polycarpi,
3496 3244 3700 3311 episcopi

553 3346 753 3408 martyr
781 3337 1025 3390 deorsum
1056 3349 1340 3403 suspensus
1369 3336 1642 3403 capiteque
1681 3348 1883 3389 mersus
1912 3334 2091 3402 ﬂagel-
2119 3327 2165 3389 Ο
2192 3328 2424 3397 Smyrnae
2454 3348 2465 3382 :
2515 3329 2599 3399 qui
2629 3330 2727 3384 sub
2751 3330 2923 3384 Marco
2950 3331 3214 3385 Antonino
3242 3344 3293 3386 et
3324 3332 3484 3387 Lucio
3514 3336 3699 3389 Aurelio

551 3430 765 3482 laretur.
793 3426 929 3481 Vase
974 3437 1147 3479 autem
1198 3426 1389 3479 virtute
1440 3424 1643 3477 Domini
1689 3424 1963 3491 dissipato,
2002 3423 2085 3478 bis

554 3517 605 3569 in
633 3530 843 3570 carcere
884 3513 1168 3569 recluditur
1196 3522 1249 3567 et
1292 3513 1355 3565 ad
1402 3512 1713 3567 audientiam
1744 3522 2037 3566 reservatur
2066 3530 2079 3566 :

551 3605 885 3674 postmodum
936 3618 1062 3657 vero
1106 3601 1363 3656 resticulis
1409 3590 1713 3668 ﬂagellatus,
1761 3601 1941 3655 bestiis
1982 3612 2086 3655 tra-

550 3697 709 3749 ditur.
744 3692 892 3747 Unde
921 3691 1113 3746 illzesus
1148 3692 1353 3756 exiens,
1381 3690 1560 3757 jussus
1598 3698 1680 3742 est
1713 3689 1819 3741 lieri
1851 3690 2080 3755 locellus,

553 3784 603 3835 in
646 3798 746 3851 quo
777 3783 967 3835 mis~us
996 3780 1197 3834 medius
1239 3790 1525 3833 secaretur.
1557 3778 1659 3832 Sed
1702 3778 1806 3831 illis
1834 3778 2081 3833 deiicien-

553 3874 711 3935 tilius,
756 3871 840 3939 qui
873 3885 994 3923 eum
1041 3882 1219 3921 secare
1262 3867 1529 3925 debuerat.
1560 3881 1677 3920 cum
1706 3867 1763 3919 Β.
1792 3867 1990 3936 Tyrsus
2017 3867 2084 3920 de

554 3958 739 4011 locello
782 3957 968 4023 exiret,
1018 3954 1195 4009 divino
1244 3963 1369 4008 nutu
1414 3954 1697 4015 calcaneus
1738 3955 1854 4023 ejus
1901 3954 2087 4009 locello

2190 3420 2492 3484 Commodo,
2525 3422 2739 3475 sedente
2769 3421 3009 3491 Smyrnte
3040 3424 3376 3487 proconsule,
3419 3426 3699 3490 c0njurants

2193 3508 2568 3577 l’conjurgante'l
2616 3510 2665 3562 in
2721 3525 2840 3561 eum
2884 3510 3024 3563 omni
3073 3511 3304 3578 populo,
3352 3511 3456 3580 igni
3506 3510 3699 3565 traditus

2189 3604 2285 3647 est.

2258 3682 2443 3739 Florus
2468 3684 2609 3739 addit
2637 3686 2685 3740 in
2714 3686 2836 3739 Mss.
2866 3684 3108 3751 A.T.L.,
3137 3687 3267 3739 Cum
3299 3696 3437 3740 esset
3458 3688 3699 3753 octoginta

2190 3787 2279 3828 sex
2307 3788 2576 3827 annorum.
2602 3774 2683 3839 L.,
2712 3774 2974 3843 Scriptum
2998 3778 3046 3829 in
3080 3777 3304 3831 Historia
3334 3776 3698 3832 Ecclesiastica.

2189 3864 2274 3928 T.,
2306 3865 2433 3919 Cum
2463 3880 2585 3931 ergo
2610 3881 2727 3919 eum
2758 3870 2953 3922 catenis
2987 3868 3145 3937 ligare
3192 3870 3405 3934 vellent,
3436 3881 3697 3923 consueui-

2187 3956 2361 4007 dinem
2403 3956 2670 4023 legemque
2708 3966 2976 4011 servantes
3015 3957 3351 4011 :Permittite
3393 3972 3478 4012 me
3505 3959 3598 4025 sic,
3626 3960 3696 4010 in-

1899 4062 2101 4118 SMlTll
2139 4063 2361 4123 NOTAE.

636 4164 658 4189 ⁸
693 4163 937 4229 Gregorii.
984 4163 1185 4215 Arianai
1216 4163 1271 4217 S.
1297 4161 1576 4230 GregOrius
1622 4171 1773 4214 natus
1799 4169 1897 4220 est,
1936 4175 2078 4214 sum-

556 4250 670 4287 mus
718 4234 913 4283 amicus
941 4232 1033 4284 fuit
1063 4232 1233 4283 Basilii
1266 4232 1451 4293 Magni,
1484 4231 1801 4283 Sztsimornm
1833 4232 2075 4295 primtun,

553 4301 739 4353 deinde
766 4300 1026 4359 Nazianzi,
1057 4300 1278 4366 denique
1312 4298 1829 4361 Constantinopoleos
1870 4300 2075 4361 episro—

2183 4162 2311 4214 sium
2351 4161 2545 4227 patricii
2565 4199 2580 4221 ,
2609 4176 2749 4228 quem
2774 4161 2833 4212 ob
2860 4162 3130 4228 injuslltias
3155 4161 3456 4214 Arvernensi
3485 4160 3699 4214 Ecclesia

2184 4226 2357 4281 illatas
2382 4229 2636 4281 Ilildricus
2668 4226 2975 4281 Francorum
3005 4246 3094 4283 rex
3124 4241 3420 4295 peremerat,
3472 4235 3694 4295 martyrio

2186 4309 2447 4351 coronatus
2488 4308 2578 4350 est.
2612 4298 2675 4348 Et
2702 4298 2927 4350 Amariui
2953 4299 3041 4349 uiri
3075 4296 3185 4360 Dei,
3229 4301 3314 4363 qui
3342 4315 3455 4350 cum
3500 4305 3693 4363 prec/ato

554 4386 648 4435 pus
690 4371 857 4420 lactus
884 4379 981 4420 est.
1026 4364 1593 4433 Constantinopolitana
1643 4365 1848 4433 synodo
1874 4367 2063 4435 consti-
2100 4364 2150 4424 ι)
2181 4364 2409 4433 Projecm
2451 4367 2685 4431 episcopo
2728 4383 2758 4418 a
2792 4368 3073 4435 proceribus
3097 4368 3244 4419 dicm:
3272 4368 3405 4420 urbis
3435 4368 3693 4421 Arcentem

554 4433 730 4490 lucnle
760 4435 1050 4488 Nectaiium
1078 4437 1318 4497 Augustae
1361 4438 1499 4488 urbis
1546 4436 1864 4499 episcopum,
1900 4433 2071 4486 Eccle-

550 4510 643 4559 size
672 4507 900 4575 regimen
952 4506 1087 4557 ultro
1128 4504 1386 4575 deposuit.
1435 4504 1557 4575 Cum
1608 4512 1780 4555 autem
1833 4502 2075 4575 precibus

551 4570 755 4627 obnier
786 4582 1071 4639 rogaretur,
1120 4582 1174 4623 ut
1224 4572 1401 4638 patrite
1455 4573 1672 4622 antistes
1721 4585 1837 4623 esse
1894 4570 2071 4632 vellet,

552 4644 734 4695 adduci
766 4657 865 4694 non
899 4644 1062 4705 potuit
1094 4652 1146 4693 ιιι
1189 4644 1538 4706 episcopatum
1582 4640 1858 4703 acciperet,
1890 4654 2071 4692 verum

554 4712 809 4764 Eulalium
832 4710 1106 4775 quemdam
1128 4709 1220 4762 sibi
1246 4710 1488 4770 amicum,
1514 4706 1750 4759 Nazia’nzi
1774 4709 2074 4772 episeopum

554 4781 837 4833 constituit.
867 4780 977 4843 Ipse
998 4792 1120 4831 vero
1146 4779 1352 4831 Arianzi
1382 4777 1535 4829 vitam
1559 4775 1794 4827 monachi
1824 4780 2072 4841 eaercuit,

553 4852 719 4901 donec.
749 4850 811 4899 ad
844 4848 1118 4911 nonaginta
1143 4861 1326 4905 annos,
1359 4856 1405 4897 et
1443 4846 1573 4897 ultra
1606 4851 1758 4895 aetate
1782 4854 2073 4911 pervectus,

551 4916 849 4971 Theodosio
878 4917 1132 4968 decimum
1164 4915 1369 4966 tertium
1403 4914 1600 4979 imperii
1649 4927 1837 4964 annum
1866 4926 2072 4977 agente,

551 4987 709 5038 vitam
741 4988 871 5037 cum
915 4995 1078 5036 morte
1124 4983 1473 5035 commutavit.
1511 4982 1633 5033 Vide
1662 4982 1824 5033 Vitam
1881 4983 1992 5046 ejus
2047 4998 2073 5033 a

553 5053 803 5117 Gregorio
832 5053 1130 5121 presbytero
1176 5052 1441 5121 scriptam,
1482 5060 1542 5121 et
1590 5051 1958 5121 Hieronymum
2008 5051 2076 5121 de

551 5125 745 5188 Script.
800 5122 936 5173 Eccl.
986 5118 1043 5173 et
1097 5119 1331 5173 Suidant.
1364 5118 1434 5169 De
1481 5119 1578 5170 hoc
1628 5134 1677 5169 Ix
1737 5120 1849 5169 Mati
1900 5118 2074 5180 Beda,

555 5187 835 5254 Usuardus,
872 5191 981 5240 Ado
1004 5203 1061 5240 ae
1084 5191 1303 5253 denique
1347 5190 1521 5237 (ueteri
1564 5188 1879 5245 Latinorum,
1907 5187 2072 5238 lira-ci

551 5274 720 5312 autem
755 5264 801 5310 in
840 5258 1127 5322 Menolugio
1165 5273 1246 5309 HV
1275 5256 1386 5308 lizil.
1434 5255 1608 5313 Febr.,
1634 5268 1730 5318 qua
1761 5257 1841 5306 die
1874 5257 2072 5307 exalta-

552 5331 743 5380 tiouem
773 5328 1005 5393 corporis
1039 5326 1267 5387 Gregorii
1298 5325 1542 5393 Theulogi
1568 5326 1820 5393 celebrant
1841 5340 1871 5393 ςν
1898 5336 2075 5373 rursns

554 5409 721 5449 autem
755 5398 847 5448 hoe
877 5397 979 5457 die,
1013 5396 1208 5446 scilicet
1232 5410 1318 5447 vin
1346 5392 1457 5449 Kal.
1493 5393 1664 5455 Febr.,
1692 5392 1754 5443 de
1781 5392 1962 5459 eodem
1991 5407 2075 5444 so-

553 5466 856 5518 lemniorem
888 5480 982 5530 agn
1008 5475 1039 5516 it
1068 5464 1224 5514 diem.

624 5533 647 5569 δ
666 5556 671 5561 -
693 5529 935 5599 Profecti.
955 5535 1046 5588 Ms.
1073 5533 1482 5601 Martyrologium
1500 5534 1553 5585 S.
1576 5529 1771 5583 Gudilae
1795 5529 2070 5601 Bruxellis':

554 5602 758 5653 Cit'ilate
798 5606 1024 5655 Arvernis
1064 5602 1120 5656 S.
1155 5599 1600 5668 l'rojectirpiscnpi
1637 5611 1681 5651 et
1711 5599 1957 5664 martyris,
1990 5602 2071 5663 qui

556 5690 582 5720 ιι
612 5673 891 5738 prurcribus
920 5688 1018 5725 sua:
1043 5672 1173 5725 urbis
1202 5676 1251 5725 ιιι
1276 5671 1509 5725 ultiuuwt
1534 5670 1757 5723 Hectoris
1790 5668 2071 5722 Massilien-

2180 4435 2246 4486 sis
2272 4437 2544 4485 trucidatus
2568 4444 2659 4486 est.

2250 4533 2273 4561 ο
2318 4522 2476 4591 Tyrsi.
2526 4524 2579 4577 S.
2604 4524 2834 4589 Thyrsus
2864 4538 3043 4586 passus
3070 4533 3147 4579 est
3177 4533 3409 4591 tempore
3441 4523 3580 4578 Decii
3610 4528 3693 4576 int-

2179 4595 2450 4655 peratoris.
2486 4594 2615 4653 Ailo,
2650 4593 2795 4645 Baeda
2823 4592 2996 4661 ναις..
3017 4593 3230 4645 Notker.
3253 4595 3451 4647 (Inlitur
3473 4608 3566 4645 una
3590 4607 3692 4645 cum

2176 4662 2269 4714 SS.
2296 4663 2482 4715 Leucio
2512 4672 2561 4715 et
2588 4662 2837 4714 Callinico
2868 4678 2990 4715 svnt
3018 4671 3070 4715 et
3094 4678 3249 4715 xxviii
3278 4664 3393 4715 Jan.
3421 4677 3454 4714 a
3486 4662 3688 4724 Latinis,

2177 4741 2223 4782 et
2256 4745 2283 4783 a
2314 4732 2506 4784 Graecis
2531 4745 2633 4800 ixtv
2667 4731 2907 4784 Decemb.
2938 4732 2992 4785 S.
3039 4732 3271 4800 Tbyrsus
3320 4745 3444 4785 vero
3492 4744 3692 4784 seorsus

2177 4808 2493 4851 tuetuoratur
2517 4799 2631 4851 Jan.
2662 4813 2780 4851 xxv.

2245 4888 2271 4925 ά
2317 4888 2602 4957 Polgcarpi.
2634 4907 2650 4938 ι
2684 4888 2795 4941 Fuit
2820 4888 2899 4943 hic
2922 4887 3136 4942 Joannis
3162 4888 3381 4952 apostoli
3416 4888 3689 4953 discipulus

2175 4968 2223 5013 et
2251 4958 2315 5010 ab
2341 4973 2405 5009 eo
2448 4958 2685 5025 Smyrna:
2731 4960 3005 5025 episcopus
3047 4958 3348 5020 ordinatus;
3380 4959 3539 5009 totius
3565 4958 3690 5010 Asia

2176 5029 2414 5092 princeps
2439 5027 2550 5077 luit.
2576 5026 2665 5076 llic
2694 5037 2903 5092 prcipter
2922 5025 3171 5093 quasdam
3196 5039 3355 5090 super
3379 5027 3465 5078 die
3494 5026 3691 5078 Pascha

2174 5100 2489 5163 quaestiones
2512 5093 2607 5145 sub
2636 5096 2951 5163 imperatore
2979 5094 3237 5147 Antonino
3270 5097 3384 5157 Pio,
3420 5094 3690 5147 Ecclesiatn

2178 5162 2225 5215 in
2268 5165 2391 5216 urhe
2416 5174 2620 5226 regente
2651 5162 2869 5214 Aniceto
2898 5163 3107 5219 lionmn
3142 5164 3303 5221 venit,
3335 5164 3422 5213 tibi
3454 5165 3689 5223 plurimos

2174 5234 2493 5283 credentium
2542 5230 2816 5282 Marcionis
2861 5241 2911 5281 et
2947 5231 3201 5282 Valentini
3251 5230 3690 5297 persuasionede-

2174 5314 2352 5364 ceptos
2375 5299 2651 5370 reduxitad
2676 5298 3214 5370 fidentLPusteavero,
3241 5308 3495 5370 regnante
3598 5300 3690 5351 An-

2178 5369 2356 5420 tonino
2398 5379 2449 5419 et
2478 5368 2535 5420 [ι.
2580 5368 2787 5419 Aurelio
2827 5365 3111 5419 Commodo
3138 5406 3152 5426 .
3199 5365 3421 5420 sedente
3466 5365 3686 5434 Sniyrna

2178 5438 2525 5501 proconsule,
2586 5444 2639 5488 et
2688 5435 2927 5487 universo
2982 5434 3167 5501 popqu
3220 5436 3273 5487 in
3323 5435 3687 5500 amphitheatro

2175 5506 2420 5557 adversus
2440 5521 2553 5557 eum
2588 5515 2917 5571 personante,
2944 5504 3043 5570 igni
3070 5503 3290 5557 traditus
3316 5512 3420 5557 est.
3448 5519 3469 5555 ι
3520 5501 3684 5555 Hiero-

2176 5590 2379 5645 nymus.
2414 5570 2695 5629 Proconmd
2722 5570 2815 5625 fuit
2844 5572 3017 5626 Tatius
3036 5570 3350 5637 Quadratus.

3110 6268 3654 6318 Π
