3888 6328
194 388 304 442 8‘25

1282 384 1464 438 Stltl’l‘.
1509 384 1567 434 n.
1610 410 1671 420 -
1715 368 2255 433 natrrvnot.oota.

3237 382 3337 435 8‘26

1426 478 1644 542 utilite
1682 489 2131 541 commensus.

197 586 395 637 l‘lodetn
425 584 509 636 die
538 582 705 635 natale
734 582 895 632 sancti
920 579 1206 644 Tlimgi-nis
1230 583 1487 645 martyris,
1520 588 1569 627 ct
1598 578 1725 627 alia.
1760 584 1805 634 Α
1832 577 1951 628 dimi
1985 577 2241 629 Dominica
2273 578 2532 630 uativitate
2558 579 2831 645 gloriosum
2864 581 3157 638 monasterii
3187 584 3341 649 virgi.

191 689 312 725 rum
339 687 451 727 sex.
497 674 640 738 Apud
689 672 934 724 Dituiicas
984 672 1265 729 CiVll-Iltflll,
1315 672 1473 722 sancti
1514 670 1718 735 Sulpitii

190 762 425 827 episcrtpi
451 772 502 813 et
530 759 861 813 confessoris.

270 847 329 900 Ρ.
374 848 429 899 Vl
471 846 699 898 Kaceso.
753 846 908 897 Fsen.
959 874 1023 883 —
1070 844 1245 896 Natale
1296 845 1456 895 sancti
1505 844 1719 896 Joannis

188 938 422 1003 episcopi
470 936 1052 999 Constantinopolitani,
1104 944 1441 1000 cognomento
1495 934 1721 1000 Chryso-

188 1024 375 1085 stomi,
416 1024 501 1087 qui
550 1022 709 1073 verbo
751 1031 905 1085 atque
949 1021 1185 1083 exemplo
1232 1021 1499 1085 plurimum
1533 1020 1722 1085 proluit

186 1114 502 1167 Chrisriana:
528 1113 778 1180 religioni.
811 1113 932 1164 Item
967 1112 1098 1164 beati
1128 1111 1285 1163 Mauri
1313 1111 1509 1162 abbatis
1540 1125 1720 1162 mona-

187 1206 341 1256 sterii
374 1204 701 1257 Dobacensis.
736 1204 795 1255 Et
824 1203 955 1266 apud
992 1202 1254 1253 llethleem
1285 1202 1527 1252 dormitio
1558 1203 1719 1253 beata:

188 1290 369 1344 Paulie
408 1294 585 1345 matris
636 1291 895 1343 Eustachii
941 1291 1147 1355 virginis
1176 1289 1381 1341 Christi.
1432 1291 1555 1355 Qua:
1602 1305 1717 1341 cum

186 1390 336 1431 esset
365 1397 392 1431 e
422 1380 738 1433 nobilissimo
768 1390 1060 1431 senatorum
1099 1393 1286 1446 genere
1308 1420 1321 1439 ,
1351 1378 1721 1431 abrenuntians

189 1468 410 1529 sarculo,
436 1478 485 1518 et
514 1469 694 1532 opibus
723 1468 827 1518 suis
858 1468 908 1516 in
955 1452 1202 1531 pauperes
1245 1467 1488 1531 erogatis,
1530 1466 1720 1517 Christi

188 1564 475 1607 consecuta
516 1565 594 1607 cst
625 1563 996 1620 paupertatem,
1028 1563 1079 1605 et
1115 1554 1245 1620 apud
1279 1553 1546 1621 praefatum
1576 1553 1721 1618 ορρὶο

1822 666 1949 716 nalis
1975 666 2176 717 exstitit
2222 674 2404 716 mater.
2457 667 2614 732 Ilujus
2656 671 2807 719 vitim
2856 668 3129 720 virtutibus
3173 670 3337 721 adrni-

1820 753 2030 803 raudaui
2064 762 2268 802 sanctus
2299 753 2639 822 Ilieronytnus
2683 755 2932 816 scribens,
2969 765 3181 807 testatur
3224 771 3335 807 eam

1821 840 1971 903 longo
2001 851 2295 893 coronatam
2326 854 2441 893 esse
2482 845 2743 909 martyrio.
2779 841 2838 894 Et
2865 854 3157 895 sanctorum
3201 843 3335 906 Doti,

1822 926 2027 988 Juliani,
2062 928 2309 979 Vincentii
2340 938 2390 981 et
2423 930 2640 981 aliorum
2672 944 2835 982 xxvn.

1893 1014 1953 1064 ϐ.
1998 1015 2036 1066 ν
2078 1015 2303 1067 Ksusso.
2343 1014 2503 1068 ιιέωι.
2558 1043 2623 1053 -
2678 1016 2853 1068 Natale
2900 1027 3089 1068 sanctae
3133 1015 3342 1080 Agnetis

1823 1103 2067 1155 secundo.
2102 1104 2163 1155 Et
2193 1105 2241 1153 in
2267 1104 2471 1155 civitate
2503 1105 2789 1170 Apollonia,
2825 1105 3014 1167 Leucii,
3042 1104 3209 1171 Tyrsi,
3238 1103 3337 1155 Ca-

1824 1192 1971 1245 lenici
2001 1200 2306 1257 martyrum,
2337 1193 2420 1259 qui
2453 1202 2680 1253 tempore
2712 1186 2851 1243 Decii
2894 1192 3217 1256 imperatoris
3245 1192 3340 1243 sub

1826 1282 2126 1353 presidibus
2173 1280 2478 1344 Cumbritio,
2530 1280 2739 1333 Silvano
2785 1290 2837 1331 et
2886 1279 3075 1345 Ilaudo,
3122 1278 3340 1332 diversis

1827 1382 2196 1426 tormentorum
2225 1370 2505 1436 generibus
2527 1368 2821 1421 excruciati.
2874 1369 3073 1420 Primus
3120 1377 3171 1420 et
3220 1368 3342 1420 ulti-

1828 1472 1943 1511 mus
1983 1457 2295 1510 absi‘issione
2340 1456 2539 1520 capitis,
2583 1457 2779 1507 medius
2817 1456 3013 1508 caalesti
3060 1469 3182 1507 voce
3222 1470 3342 1507 evo-

1823 1560 1983 1611 catus,
2007 1548 2236 1613 spirituin
2259 1545 2478 1609 reddens
2503 1547 2803 1625 martyrium
2826 1553 3330 1607 consummaverunt,

1395 1655 1616 1709 EDITIO
1658 1653 2139 1707 DOLLANDIANA.

188 1748 309 1815 quit
336 1748 461 1823 :aui
491 1746 628 1799 enim
670 1745 793 1797 inibi
832 1744 971 1798 dedit
1011 1744 1163 1805 velle,
1190 1743 1438 1810 largietur
1465 1752 1518 1797 et
1545 1758 1716 1810 posse,
1760 1749 1797 1802 It

187 1844 351 1901 atque
381 1835 544 1898 ipsum
594 1832 910 1885 tolerabilem
943 1832 1097 1883 faciet
1127 1831 1340 1883 \iolenti
1391 1830 1523 1897 ignis
1570 1830 1723 1882 ardo-

187 1936 327 1975 rem.
355 1922 531 1989 Itaque
562 1920 698 1973 ferro
718 1935 835 1973 eum
868 1935 1018 1972 nemo
1045 1920 1238 1971 vinxit:
1260 1921 1348 1972 sed
1380 1929 1495 1986 post
1524 1930 1721 1985 tergum

190 2008 371 2076 ligatis
412 2010 665 2072 manibus,
719 2018 775 2062 ut
822 2012 1036 2063 devotus
1071 2010 1235 2073 aries,
1270 2011 1522 2077 passionis
1568 2011 1722 2064 limen

190 2098 459 2165 ingressus
491 2110 569 2151 est
596 2117 607 2151 :
638 2100 843 2165 illicque
871 2102 1105 2153 oratione
1143 2103 1397 2166 completa
1445 2101 1726 2168 subjiciunt

189 2182 371 2252 ignem
398 2203 410 2237 ε
440 2189 527 2237 sed
553 2186 754 2237 llamma
784 2188 1027 2254 martyris
1053 2188 1415 2253 carpuswlum
1448 2189 1588 2241 nullo
1618 2190 1725 2242 vio-

192 2272 341 2324 labat
365 2275 625 2340 amplexu.
661 2273 819 2326 Totus
837 2288 960 2340 ergo
986 2276 1033 2324 in
1059 2275 1175 2339 igne
1204 2275 1504 2341 splendidus
1535 2277 1722 2340 factus,

190 2373 296 2426 pro
344 2360 506 2413 fetore
552 2362 841 2413 mirabilem
884 2376 946 2414 ex
974 2376 1031 2415 se
1069 2361 1211 2414 dedit
1254 2364 1487 2417 odorem.
1518 2364 1723 2417 Jnssuin

192 2446 394 2499 deinde
436 2458 514 2499 est
562 2449 943 2514 gladiuneulutn
997 2460 1177 2502 sancto
1230 2451 1419 2516 praetori
1468 2452 1725 2519 injicere:

192 2549 305 2600 qtto
345 2534 498 2598 facto,
534 2551 655 2588 ecce
682 2527 851 2586 subito
900 2536 1088 2590 fluente
1135 2540 1396 2604 sanguinis
1444 2541 1612 2605 copia,
1664 2540 1727 2593 de

195 2634 420 2686 corpore
443 2623 679 2674 columba
711 2624 985 2689 processit,
1012 2637 1071 2675 ac
1097 2624 1270 2675 statim
1294 2639 1477 2677 cruore
1500 2627 1722 2689 sapitiim

193 2711 361 2762 cessit
385 2710 697 2763 incendium.

235 2830 251 2844 -
273 2800 360 2864 T.,
383 2800 570 2853 Eadem
598 2803 681 2855 die
708 2803 971 2855 Bethleem
994 2803 1203 2856 civitate
1226 2803 1466 2857 transitus
1489 2804 1577 2858 S.ﬂ
1593 2803 1727 2857 Pau-

197 2868 287 2931 ΙΨ,
324 2870 426 2922 lteo
456 2872 656 2921 dicatie.

271 2955 361 3009 27.
384 2985 451 2997 —-
482 2958 538 3009 VI
571 2958 696 3011 ΚΜ..
728 2958 882 3012 Vacat
913 2959 1081 3012 Beda.

1897 1742 1979 1804 D.,
2008 1741 2185 1811 Natale
2215 1741 2271 1792 Β.
2303 1739 2330 1777 δ
2357 1740 2568 1811 Joannis
2591 1746 2929 1811 cognomento
2970 1740 3293 1811 Cliysostmni
3329 1758 3340 1793 :

1826 1812 1910 1875 qui
1944 1808 2114 1861 verbis
2136 1818 2283 1875 atque
2319 1809 2555 1873 exemplo
2588 1812 2858 1873 plurimum
2889 1808 3192 1861 Christianze
3220 1824 3337 1874 pro-

1829 1879 1921 1929 fuit
1942 1878 2197 1945 religioni.
2234 1876 2294 1929 V.
2321 1877 2402 1939 (3.,
2430 1876 2480 1927 In
2508 1877 2671 1927 Africa
2718 1876 2879 1927 Dativi
2927 1877 3045 1945 [V.,
3080 1878 3261 1943 Davitil
3291 1886 3343 1927 et

1826 1946 2038 2006 Juliani,
2083 1943 2384 2003 Vincentius,
2433 1945 2683 2003 Secundi,
2718 1943 2980 1996 Entiliaiii
3030 1957 3081 1997 et
3126 1945 3339 1997 aliorum

1831 2015 2070 2082 tringinta
2102 2016 2344 2082 quinque.
2378 2014 2516 2063 A.'l'.
2547 2012 2625 2073 L.,
2658 2014 2707 2063 lu
2738 2013 2906 2082 Africa
2938 2014 3106 2073 passio
3133 2012 3227 2065 SS.
3252 2013 3343 2064 Se-

1828 2084 1978 2133 cundi
2025 2091 2074 2133 et
2120 2081 2401 2132 Fortunati.
2455 2083 2516 2132 Iit
2562 2082 2727 2132 natale
2773 2082 2829 2134 ἓ.
2866 2081 3117 2131 Processi.
3171 2082 3235 2131 Et
3286 2083 3341 2132 δ.

1827 2150 2039 2202 Joannis
2088 2150 2462 2216 (lltrysustomi.
2506 2150 2556 2198 In
2598 2148 2653 2200 L.
2689 2150 2835 2201 deest
2868 2147 3163 2200 Processus.
3197 2147 3251 2199 In
3281 2148 3342 2199 Τ.

1833 2220 1997 2281 primo
2026 2220 2138 2268 loco
2184 2221 2386 2283 ponitur
2410 2218 2807 2284 Glitysos‘toutus
2835 2235 2844 2266 :
2872 2219 2962 2269 sed
2997 2232 3262 2284 perperam
3293 2216 3344 2268 iu

1830 2286 2139 2352 Burgundia.

1864 2384 1865 2391 ‘
1898 2373 1985 2424 28.
2013 2401 2081 2412 --
2108 2372 2140 2424 V
2173 2371 2305 2423 Κλι..
2333 2371 2508 2424 Natale
2555 2371 2610 2425 S.
2640 2380 2661 2409 ⁸
2692 2371 2905 2439 Agnetis
2932 2371 3141 2436 virginis
3167 2372 3231 2425 de
3259 2386 3349 2423 na-

1833 2460 2046 2514 tivitate.

1900 2554 2061 2604 Aliter
2111 2552 2403 2611 T.,Rom:e
2451 2551 2686 2603 nativitas
2745 2552 2799 2604 S.
2853 2552 3064 2618 Agnetis
3116 2552 3348 2618 virginis.

1831 2619 1889 2671 ν.
1931 2618 2015 2677 Ο..
2042 2618 2067 2654 δ
2095 2620 2588 2689 PerpetuityJuliani
2617 2622 2960 2689 Aet_aliorunt
2992 2620 3346 2689 quadraginta

1825 2698 2069 2753 quatuor.
2100 2693 2183 2749 A.,
2217 2688 2267 2738 In
2296 2688 2460 2738 Africa
2496 2687 2676 2737 natalis
2710 2687 2869 2737 Dativi
2901 2696 2952 2737 et
2979 2688 3185 2738 Juliani.
3219 2687 3345 2737 Eus-

1826 2759 1940 2806 dein
1973 2756 2123 2806 habet
2153 2756 2235 2811 L..
2268 2756 2358 2806 seil
2399 2756 2593 2813 abs-ine
2646 2757 2758 2806 Inoo
2803 2756 2997 2820 agnitis.
3034 2755 3116 2817 'l‘.,
3154 2756 3341 2806 Eodem

1827 2826 1912 2875 tl'e
1960 2824 2142 2875 natalis
2191 2824 2445 2882 l’ubliani,
2496 2823 2750 2886 Quintilli,
2805 2823 2858 2874 Fi
2878 2824 2961 2884 sti,
3008 2833 3059 2873 et
3104 2824 3345 2873 alierum.

1829 2892 1993 3009 Patavi
2022 2902 2075 2943 et
2103 2892 2311 2944 Juliaui.
2355 2893 2416 2944 Et
2458 2891 2507 2943 itt
2546 2892 2834 2959 Burgundia
2875 2892 2933 2945 S.
2967 2899 2988 2926 °
3023 2889 3230 2943 Joannis
3254 2893 3345 2971 ab.-

1849 2971 1980 3009 talts.

1849 2971 1980 3014 ialts.

1543 3047 1737 3103 SMITII
1776 3046 1997 3100 NOTAE.

272 3146 293 3171 ³
337 3136 530 3189 Paulae.
555 3138 675 3201 Quae
702 3137 1016 3189 nobilissima
1043 3136 1290 3197 Romana,
1319 3136 1496 3201 Rogati
1518 3148 1569 3190 et
1592 3136 1719 3189 Blaz-
1748 3139 1790 3201 C
1820 3146 1952 3188 vetus
1976 3139 2123 3205 hujus
2154 3136 2252 3188 diei
2276 3137 2563 3204 inscriptio;
2593 3138 2739 3204 idque
2758 3138 2815 3189 ob
2836 3154 2944 3190 eam
2966 3153 3184 3197 causam.
3215 3155 3341 3204 quo—

194 3207 330 3257 sillie
361 3207 481 3269 lilia,
514 3207 713 3257 Toxotii
746 3221 893 3262 uxor.
918 3215 1135 3270 quatuor
1156 3219 1271 3257 cum
1299 3206 1543 3257 edidisset
1566 3207 1715 3267 filias,

195 3274 499 3340 Blatsillain,
547 3273 829 3333 Paulinam,
887 3273 1216 3325 Eustochium
1267 3275 1378 3325 sive
1416 3274 1623 3335 Juliam,
1669 3282 1722 3327 et

198 3343 477 3401 lluflinant,
502 3353 547 3393 et
578 3343 735 3393 lilium
764 3343 1054 3402 'I'oxoiium,
1086 3343 1232 3392 vidua
1264 3340 1446 3392 Roma:
1475 3343 1598 3394 vixit
1625 3356 1720 3394 an-

197 3425 298 3462 nos
343 3426 592 3475 quinque;
643 3412 758 3460 inde
788 3421 1053 3476 peragrata
1100 3408 1276 3462 Judsea
1316 3419 1368 3461 et
1400 3408 1621 3476 [Egyplo
1670 3413 1717 3461 in

206 3479 470 3530 Ilethleent
502 3481 759 3537 consedit;
792 3479 871 3527 tibi
899 3492 1119 3542 quatuor
1141 3478 1361 3529 instituit
1388 3481 1719 3539 monasteria,

196 3561 359 3597 unum
388 3548 632 3607 virorum,
668 3547 760 3596 tria
794 3547 1069 3612 virginum,
1093 3554 1145 3597 et
1184 3546 1357 3609 viginti
1402 3544 1561 3597 annos
1604 3560 1718 3598 cum

197 3617 436 3677 vixisset,
468 3615 650 3665 ibidem
695 3614 890 3676 sepulta
934 3623 1031 3675 est,
1060 3613 1160 3665 divi
1192 3615 1485 3680 Ilieronyuii
1514 3614 1595 3678 qui
1626 3614 1719 3665 Vi-

198 3693 306 3733 tatn
332 3684 441 3745 ejus
478 3687 683 3746 scripsit
729 3680 1017 3732 testimonio
1045 3686 1200 3733 clara.
1233 3684 1397 3733 Omne
1430 3682 1543 3733 vita:
1595 3694 1721 3733 tem—

196 3766 298 3817 pus
334 3751 560 3813 implevit
584 3751 730 3801 annis
761 3752 1123 3817 quinquaginta
1153 3764 1263 3809 sex,
1296 3751 1554 3801 mensibus
1580 3758 1717 3813 octo,

195 3818 384 3869 diebus
411 3819 587 3883 viginti
628 3828 678 3869 et
724 3833 841 3867 uno.
885 3819 1019 3869 Obiit
1064 3819 1119 3870 S.
1155 3817 1307 3870 Paula
1341 3817 1566 3867 Iluiioriu
1612 3821 1719 3868 Att-

195 3896 354 3952 gusto
388 3886 444 3936 Vl
475 3897 525 3937 et
552 3887 861 3937 Aristaenetu
896 3901 1055 3945 coss.,
1093 3886 1240 3937 tertia
1289 3885 1526 3945 Sabbati;
1556 3901 1719 3937 annus

197 3956 287 4006 hic
315 3953 504 4005 Christ.
533 3953 627 4004 fuit
649 3952 769 4011 404,
793 3956 956 4004 littera
988 3953 1285 4005 Dominicali
1317 3954 1363 4003 in
1392 3953 1636 4004 Januario
1658 3956 1716 4006 υ.

196 4024 327 4074 Nata
355 4036 480 4082 ergo
504 4032 583 4075 est
622 4023 801 4087 quinto
834 4022 945 4071 Maii
991 4036 1077 4072 an.
1118 4021 1236 4081 547,
1269 4022 1639 4087 imperantibus
1669 4024 1717 4075 iit

196 4091 347 4143 Italia
375 4090 677 4152 Constante,
710 4091 755 4141 iii
778 4090 987 4141 Oriente
1017 4092 1335 4141 Constantio.
1371 4090 1515 4156 [larda
1546 4090 1716 4155 Virg,

200 4159 424 4212 Usuard.
454 4170 503 4212 et
535 4161 666 4221 Ado,
691 4170 742 4210 et
770 4159 874 4221 alii,
905 4172 1017 4210 eam
1050 4158 1099 4210 iu
1140 4159 1275 4210 diem
1304 4167 1602 4224 sequentem
1631 4175 1717 4211 re-

195 4228 390 4279 ferunt.

273 4294 297 4331 δ
336 4292 564 4345 Joannis.
597 4293 689 4345 llic
720 4295 890 4359 plures
919 4294 1026 4345 dies
1055 4292 1207 4345 habet
1248 4291 1405 4344 variis
1452 4291 1517 4344 de
1546 4294 1718 4346 causis

194 4364 281 4415 sui
307 4364 525 4413 nominis
548 4366 871 4415 veneratione
900 4364 1147 4415 celebres.
1182 4362 1380 4413 Primus
1404 4371 1481 4412 est
1507 4362 1719 4414 electio-

198 4434 283 4481 tiis
305 4432 367 4481 ad
389 4434 733 4495 episcopatum
758 4446 818 4482 xv
841 4431 1074 4495 Oeceinb.
1096 4431 1164 4481 ita
1188 4431 1376 4481 Nemea
1396 4430 1711 4483 Griecurnm.

194 4499 467 4552 Secundus
517 4509 594 4551 est
648 4502 1053 4551 consecrationis
1093 4514 1206 4550 tiva
1241 4498 1413 4561 Febr.,
1458 4507 1510 4547 ut
1565 4501 1717 4551 tradit

198 4565 454 4633 Geoigius
484 4568 853 4618 Alexandrinus
892 4570 1071 4632 ineius
1104 4568 1231 4618 Vita.
1265 4567 1316 4618 lit
1358 4566 1586 4618 Florario
1619 4566 1713 4620 Με.

196 4650 230 4688 ν
262 4632 376 4686 Maii
404 4650 418 4687 ζ
445 4632 881 4697 Constantinopoli
927 4636 1176 4696 depositio
1216 4636 1277 4684 ab
1323 4636 1622 4697 episcopatu
1657 4636 1712 4686 Β.

196 4704 414 4756 Joannis
435 4704 678 4768 episcopi.
715 4703 904 4754 Deinde
934 4719 1017 4753 λιι
1048 4704 1209 4754 Martii
1232 4703 1468 4752 ettsilinin
1499 4704 1713 4766 primunt

196 4772 317 4838 ejus
358 4781 579 4822 notatur.
617 4772 982 4837 Metaphrastes
1024 4770 1178 4834 ipsius
1230 4771 1537 4821 reviieationi
1584 4774 1715 4821 assi-

196 4837 324 4907 giiat
354 4854 441 4891 snt
474 4840 790 4891 Novembris.
816 4839 971 4889 Juxta
1002 4838 1281 4907 Fiorariuin
1306 4837 1405 4907 Ms.
1435 4839 1544 4903 ejus
1584 4838 1717 4907 tersi-

198 4905 329 4960 lium
362 4911 638 4959 secundum
689 4909 865 4959 incidit
894 4910 941 4958 in
986 4922 1049 4959 xx
1100 4906 1213 4957 Jan.
1257 4906 1394 4957 Obiit
1435 4905 1712 4957 Secundum

199 4978 398 5028 Nemea
437 4989 517 5027 xrv
544 4976 879 5038 Septembris.
920 4975 1297 5027 Celeberrimos
1328 4976 1554 5024 omnium
1602 4976 1715 5028 dies

197 5055 284 5096 est
311 5058 447 5117 xxvii
471 5043 713 5105 Januarii,
747 5058 1074 5117 quosacrinn
1104 5043 1715 5117 ejus-corpus‘Cttnstatt-

200 5113 468 5176 tinOpolim
501 5114 711 5163 relatum
741 5122 819 5162 est
856 5113 905 5162 in
936 5114 1179 5177 templum
1208 5111 1299 5163 SS.
1332 5111 1712 5174 Apostolorum,

201 5193 437 5245 tempore
483 5180 646 5231 Procli
690 5181 992 5243 patriarcha:
1038 5190 1090 5231 et
1146 5178 1414 5229 Theodosii
1465 5178 1709 5239 minoris;

199 5249 368 5301 Graeci
409 5252 458 5300 in
498 5248 801 5313 Menologio.
837 5248 1088 5299 Postridie
1134 5249 1240 5298 sive
1282 5262 1439 5297 xxviii
1486 5246 1710 5297 Januarii

196 5331 361 5369 Sacrae
407 5318 484 5367 lue
532 5317 767 5381 reliqui-ie
811 5328 1081 5367 narrantur
1108 5331 1135 5366 a
1166 5316 1434 5366 Theodoro
1480 5314 1710 5378 Lecmie,

170 5386 294 5439 \Iib.
322 5383 612 5446 ttCoiIect.,
644 5386 693 5435 in
733 5383 863 5443 line,
906 5386 1149 5446 depositae
1189 5388 1251 5433 ad
1291 5383 1383 5434 SS.
1416 5385 1708 5446 apostolos:

200 5461 408 5519 peracta
438 5452 633 5504 scilicet
658 5454 817 5516 pridie
837 5451 1055 5503 solemni
1096 5454 1403 5505 revectione.
1430 5451 1655 5519 Denique
1682 5466 1710 5501 a

198 5521 396 5573 Graecis
423 5523 470 5571 in
498 5523 701 5572 Menam
730 5521 913 5571 colitur
937 5525 1116 5573 iterum
1158 5535 1272 5571 cum
1315 5519 1410 5571 SS.
1442 5518 1627 5570 Basilio
1664 5528 1714 5570 et

200 5588 451 5654 Gregorio
476 5588 793 5640 Nazianzeno
816 5604 912 5640 xxx
940 5589 1056 5640 Jan.

273 5672 293 5695 υ
311 5652 544 5725 ’Λςηειίι
574 5658 641 5710 De
669 5657 764 5709 hac
791 5659 901 5710 vide
922 5659 1073 5710 etiam
1105 5671 1191 5711 ut
1216 5654 1441 5711 Januarii
1469 5671 1481 5708 :
1504 5652 1592 5707 Est
1615 5656 1716 5707 lucc

1822 3206 1957 3256 niam
1987 3221 2080 3255 non
2113 3206 2172 3255 de
2197 3216 2367 3257 actutm
2401 3208 2572 3269 prima:
2600 3207 2697 3257 diei
2741 3209 2921 3271 agitut’,
2965 3218 3017 3257 ut
3055 3206 3233 3258 Octava
3262 3209 3313 3258 di
3324 3236 3343 3247 -

1822 3284 2007 3325 catur:
2036 3275 2123 3325 sed
2164 3290 2275 3339 quis
2314 3274 2393 3325 die
2439 3284 2606 3324 octava
2637 3282 2827 3326 ostensa
2875 3284 2945 3327 est
2988 3276 3177 3327 calitus
3206 3277 3343 3338 visio,

1820 3343 2033 3391 celebrat
2072 3357 2113 3392 r.
2151 3344 2403 3392 ltecolitur
2428 3344 2556 3392 enim
2596 3342 2689 3393 Itac
2744 3346 2823 3392 die
2864 3344 3121 3405 memoria,
3151 3348 3344 3407 quando

1819 3411 2100 3477 parentibus
2129 3410 2193 3459 ad
2230 3412 2509 3473 sepulcrum
2547 3413 2654 3473 eius
2693 3411 3027 3478 vigilantibus,
3055 3413 3204 3461 choro
3227 3428 3342 3463 san-

1820 3487 2008 3527 ctarunt
2062 3478 2305 3543 tirgiuum
2349 3480 2617 3544 apparuit;
2661 3489 2705 3528 et
2746 3481 2956 3543 gloriam
2995 3481 3346 3544 sempiternam

1819 3547 1910 3596 sibi
1940 3563 1969 3595 a
2003 3546 2104 3595 Deo
2146 3548 2375 3612 largitam
2407 3555 2605 3607 testata,
2639 3545 2891 3597 consolata
2938 3555 3006 3597 est
3046 3563 3125 3597 eos
3154 3562 3168 3596 :
3200 3557 3342 3613 prout

1820 3616 2065 3665 continrnt
2097 3617 2205 3680 ejus
2241 3632 2317 3666 res
2348 3624 2496 3682 gestis
2535 3630 2645 3679 qum
2685 3614 2922 3667 habentur
2968 3618 3101 3680 apud
3128 3615 3187 3669 S.
3226 3617 3344 3666 Am-

1822 3682 2051 3750 brosium.
2083 3684 2328 3733 ltiironius
2354 3700 2401 3733 tn
2434 3682 2694 3750 Martyrol.

1889 3749 1913 3784 ά
1960 3749 2380 3815 Ι¹ενρκιιιιτπ11ειιο
2419 3766 2515 3800 una
2566 3749 2687 3802 cum
2736 3750 2933 3813 Dativo,
2962 3751 3183 3815 Juliano,
3237 3753 3339 3804 l’u~

1823 3816 2010 3876 bliaiio,
2042 3818 2311 3879 Quintillo,
2343 3818 2493 3870 Festo
2518 3818 2853 3883 pridie‘etiam
2883 3820 3088 3871 eolitur.

1892 3894 1913 3919 ο
1952 3886 2183 3936 Joannis.
2216 3886 2311 3951 Qui
2357 3890 2513 3939 abbas
2553 3887 2644 3937 fuit
2674 3888 2969 3940 monasterii
3008 3888 3338 3940 Ileomaensis

1821 3952 1871 4005 in
1902 3954 2207 4019 Littgnuuusi
2250 3954 2481 4019 iliiecesi,
2528 3956 2657 4006 intra
2684 3955 3097 4022 iurisdictionem
3136 3956 3339 4007 Turno-

1820 4023 1954 4083 dori,
1981 4023 2113 4087 quod
2130 4023 2372 4088 oppidum
2397 4036 2473 4074 est
2494 4022 2674 4076 Galliae
2701 4024 2909 4074 Celtica:
2956 4026 3005 4075 in
3035 4023 3336 4085 Dnrgundia'.

1823 4099 1877 4143 ct
1908 4091 2040 4141 Bria:
2063 4094 2303 4143 continio.
2338 4088 2493 4141 Ortus
2520 4101 2599 4142 est
2636 4093 2731 4143 sub
2764 4092 3023 4143 territorio
3048 4091 3341 4157 Lingonica:

1821 4162 1989 4219 urbis;
2040 4158 2294 4210 nobilibus
2339 4158 2636 4222 parentibus
2677 4168 2991 4221 procreatus,
3025 4168 3167 4223 patre
3198 4158 3341 4211 llilaa
3386 4176 3393 4179 ‘

1820 4228 1918 4289 rio,
1968 4237 2131 4277 matre
2176 4226 2380 4289 Quieta.
2416 4231 2591 4279 Annos
2633 4227 2835 4279 eiiciter
2870 4228 3048 4292 viginti
3099 4236 3245 4278 natus
3289 4228 3338 4278 in

1820 4306 2012 4344 remora
2057 4303 2198 4358 pnite
2230 4294 2363 4345 villa:
2393 4298 2571 4346 cellam
2617 4297 2845 4346 condidit
2883 4305 2935 4347 et
2968 4294 3075 4345 Deo
3108 4294 3344 4357 vacavit;

1821 4362 2148 4414 remotiorem
2195 4373 2363 4413 tamen
2410 4378 2669 4414 secessum
2717 4378 2952 4425 quau-ens
3004 4366 3051 4414 in
3096 4364 3209 4415 loco
3251 4364 3343 4415 de-

1820 4439 1959 4480 serto
1990 4430 2198 4481 lleotnai
2231 4441 2599 4483 monasterium
2640 4434 2948 4484 eonstruxit.
2979 4433 3030 4483 In
3057 4431 3340 4483 monachus

1817 4500 2099 4549 dominium
2150 4502 2411 4563 deponens
2461 4501 2761 4550 humilitatis
2814 4516 2966 4551 causa
3011 4502 3058 4551 in
3086 4503 3331 4565 “insulam

1817 4566 2145 4620 Leiiuensein
2179 4568 2363 4617 latendi
2386 4570 2556 4619 studio
2583 4568 2831 4620 secessit:
2860 4572 2971 4618 istic
2997 4564 3163 4618 tanien
3188 4571 3335 4632 agni-

1818 4645 1896 4685 lus
1928 4636 1991 4686 ad
2021 4650 2141 4685 suos
2170 4646 2459 4687 revocatur.
2483 4638 2619 4687 Obiit
2652 4638 2850 4685 tandem
2879 4648 3083 4686 circiter
3114 4639 3209 4685 trib
3239 4652 3335 4685 au-

1817 4718 2019 4753 norum.
2045 4705 2268 4757 ditatem
2294 4708 2345 4754 δ.
2386 4705 2597 4755 Joannis
2632 4706 2694 4753 itii
2736 4713 2986 4765 expre~5it
3014 4716 3191 4755 auctor
3222 4704 3332 4770 ejus

1816 4781 1932 4821 Vita:
1958 4790 1969 4821 :
2002 4774 2041 4821 A
2063 4783 2276 4835 tempore
2308 4771 2633 4823 Valentiniani
2667 4771 2872 4822 (.‘icsaris
2916 4782 3061 4838 atque
3089 4771 3341 4823 Muri'iuni

1817 4840 2144 4906 imperatoris,
2173 4841 2255 4902 qui
2275 4851 2381 4907 post
2406 4840 2729 4890 Theodosium
2745 4842 2998 4906 juniorcin
3027 4842 3326 4891 monui-cliuo

1818 4910 2105 4973 dignitatem
2148 4908 2371 4969 obtinuit,
2393 4924 2543 4975 usque
2578 4911 2642 4959 ad
2688 4921 2902 4974 tempore
2932 4908 3201 4959 Justiniani
3228 4912 3328 4959 Au-

1816 4978 1946 5041 gusti
1974 4978 2257 5039 permansit.
2287 4977 2394 5036 Quo
2415 4978 2560 5028 etiam
2587 4991 2801 5043 tempore
2835 4976 3021 5028 Franci
3050 4992 3157 5026 cum
3186 4975 3330 5027 C/tlo-

1816 5048 1966 5095 dovco
2020 5061 2152 5112 rege,
2197 5047 2463 5107 postposita
2492 5050 2755 5112 republica,
2808 5047 3009 5095 militari
3053 5061 3201 5094 utnnu
3231 5054 3334 5096 ter-

1815 5116 1974 5163 minos
2019 5111 2349 5164 Iloiuanorum
2411 5116 2752 5179 irruinpentes,
2817 5113 3037 5164 Galliam
3096 5128 3326 5163 invasere.

1818 5182 1995 5245 Sicque
2023 5198 2172 5246 usque
2213 5184 2261 5232 in
2291 5191 2509 5244 tempora
2555 5182 2842 5234 Theodorici
2885 5185 3033 5247 regis,
3078 5183 3159 5245 qui
3197 5182 3329 5246 ﬁlius

1816 5250 1994 5318 (astitit
2025 5250 2219 5316 prie/uti
2250 5250 2511 5312 Clodi-vivi,
2538 5261 2583 5302 ct
2622 5252 2714 5317 ﬁlii
2736 5252 2841 5318 ejus
2868 5249 3179 5318 Tlieodebcrti
3224 5264 3338 5315 per-

1815 5317 2029 5367 duravit.
2063 5319 2133 5369 Ex
2166 5321 2242 5369 his
2265 5320 2531 5369 conlicitur
2564 5336 2663 5369 non
2692 5316 2809 5371 ante
2836 5336 3024 5371 annum
3056 5316 3174 5379 4'25,
3223 5333 3326 5382 quo

1824 5384 2203 5436 Valentinianus
2250 5382 2310 5435 IlI
2358 5388 2585 5447 suscepit
2632 5388 2939 5451 imperium,
2985 5396 3156 5437 natum
3214 5400 3329 5437 esse

1814 5452 1871 5505 S.
1900 5454 2170 5516 Joannem,
2202 5468 2294 5505 nec
2326 5464 2438 5520 post
2461 5454 2577 5513 548,
2611 5472 2711 5520 uno
2739 5460 2836 5507 vita
2862 5456 3062 5506 functus
3087 5453 3322 5505 'l‘hcoile-

1818 5522 2011 5583 hertu~‘,
2057 5532 2334 5574 mortuum.
2374 5521 2652 5576 Et~lorsau
2695 5536 2928 5575 mortuus
2962 5532 3041 5575 est
3075 5537 3156 5576 an.
3201 5522 3321 5583 533.3,

1816 5590 2030 5656 adjectis
2055 5592 2245 5644 scilicet
2274 5591 2370 5643 I20
2392 5605 2477 5643 au.
2509 5593 2572 5643 ad
2603 5609 2688 5645 an.
2716 5593 2817 5645 I25
