3888 6380
291 488 387 541 8H

1342 483 1521 539 SECT.
1564 484 1627 539 11.
1667 515 1733 525 -
1772 479 2304 536 ΜΑητγιιυιοσιΑ.

3304 477 3407 530 8ιῖ

1485 590 1706 646 EDITIO
1744 588 2187 643 COLONIENSIS.

287 685 351 736 ad
384 698 525 736 suam
553 676 825 736 ecclesiam
856 676 1160 736 interamnze
1188 682 1350 745 urbis,
1382 691 1532 735 noctu
1560 681 1793 747 sepelie-
1818 686 1863 738 Α
1892 678 2037 746 tyris.
2066 678 2163 741 Qui
2205 689 2321 729 cum
2377 674 2586 728 haberet
2633 672 2787 725 filium
2836 670 3157 725 Cvrimonem
3203 673 3408 725 nomine

287 783 425 824 runt.
456 771 551 823 L‘bi
577 782 692 823 cum
722 772 1030 838 quntidianis
1059 770 1245 838 vigiliis
1277 770 1594 828 incubarent,
1624 770 1797 821 tentia

287 858 566 924 gentilibus
616 857 863 910 custodia:
904 866 1023 909 sunt
1051 858 1218 909 traditi
1261 856 1516 909 consulari
1554 855 1796 919 Leontio;

286 959 418 1011 quos
438 945 529 997 ille
551 944 707 1011 jussit
733 945 897 998 noctis
942 945 1111 997 medio
1161 946 1269 996 suis
1308 944 1643 997 tribunalibtts
1666 957 1799 1010 prae-

287 1034 499 1093 sentari,
538 1040 589 1083 et
642 1042 759 1083 cum
796 1045 825 1082 a
866 1031 963 1083 fide
1005 1030 1255 1089 revocari.
1302 1044 1397 1083 nec
1437 1029 1797 1082 blandimentis

292 1131 387 1169 nec
417 1116 568 1169 minis
598 1125 823 1178 possent,
849 1116 1002 1183 jussit
1026 1116 1191 1181 rapite
1216 1115 1360 1177 caedi,
1392 1117 1477 1183 qui
1518 1130 1618 1167 non
1647 1116 1799 1181 longe

288 1211 413 1257 sunt
455 1217 484 1255 a
512 1216 727 1269 corpore
754 1205 917 1256 sancti
960 1202 1210 1256 Valentini
1250 1204 1455 1269 sepulti.
1502 1202 1690 1254 Eodem
1716 1202 1799 1254 die

291 1302 584 1343 sanctorum
636 1302 917 1357 martyrum
971 1288 1179 1354 Vitalis,
1216 1289 1451 1342 Feiiculae
1480 1300 1530 1342 et
1558 1289 1797 1342 Zenonis.

295 1378 443 1444 Apud
473 1377 831 1430 Alexandriam
856 1387 1148 1429 sanctorum
1177 1377 1337 1438 Bassi,
1367 1376 1590 1436 Antonii,
1624 1375 1800 1427 Proto-

290 1464 393 1525 lici,
422 1465 508 1531 qui
551 1464 778 1516 immersi
808 1472 925 1515 sunt
962 1463 1112 1514 mari.
1162 1462 1288 1514 item
1335 1460 1557 1513 CiriOnis
1591 1464 1800 1529 presby-

291 1551 409 1611 teri,
440 1549 658 1610 Iloseos,
692 1549 919 1599 Bassiani
949 1548 1175 1608 lectoris.
1202 1547 1482 1614 Agathonis
1510 1548 1795 1610 exorcistae,

286 1634 375 1699 qui
406 1648 586 1686 omnes
626 1633 725 1699 igni
754 1632 1009 1685 combusti
1036 1641 1172 1686 sunt.
1228 1632 1348 1684 Item
1388 1631 1643 1700 Dionysii,
1671 1630 1798 1684 Atu-

288 1724 447 1775 monii
472 1723 855 1776 decollatornm.

360 1808 423 1861 Ι).
449 1807 533 1860 XV
560 1806 689 1861 Κλι..
713 1808 923 1860 ΜΑιιτιι.
944 1834 1011 1846 -
1032 1806 1205 1860 Roma:
1226 1807 1383 1861 sancti
1405 1806 1643 1860 Cratonis
1667 1820 1802 1859 mar-

1895 766 2278 827 scboiasticum,
2306 764 2389 830 qui
2421 762 2734 815 incideratin
2775 761 3126 828 aegritudinem
3158 762 3403 826 gravissi-

1899 867 2056 915 mam,
2078 864 2295 919 eumqne
2316 850 2463 903 beato
2489 848 2756 903 Valentino
2778 848 3019 914 episcopo
3039 848 3099 898 ad
3122 849 3409 899 sanandum

1896 939 2184 1000 obtulisset,
2216 938 2313 989 sub
2342 936 2426 988 tali
2454 935 2749 988 conditione
2770 977 2783 1000 ,
2811 944 2865 987 ut
2893 936 2936 987 si
2966 949 3090 1001 puer
3112 944 3409 996 sanaretur,

1898 1027 2008 1094 ipse
2033 1041 2149 1079 cum
2179 1026 2315 1078 omni
2346 1024 2498 1077 domo
2527 1038 2617 1076 sua
2666 1024 2809 1075 fieret
2838 1022 3147 1076 christianos
3166 1064 3180 1087 ,
3229 1034 3410 1075 sanato

1902 1129 2079 1182 puero,
2112 1114 2248 1180 quod
2281 1113 2609 1177 promiserat,
2641 1110 2904 1177 implevit;
2937 1120 3088 1174 atque
3110 1124 3224 1163 cum
3242 1124 3410 1185 liuore

1898 1210 1952 1255 et
1978 1201 2214 1254 universa
2242 1201 2399 1253 domo
2422 1200 2729 1266 baptizatus.
2755 1214 2854 1250 non
2887 1200 3065 1252 multis
3092 1210 3205 1266 post
3232 1198 3409 1251 diebus

1898 1288 2145 1354 martyrio
2169 1296 2251 1339 est
2277 1294 2681 1339 consummatus.
2716 1286 2768 1337 ln
2800 1284 2973 1337 Galliis
2999 1285 3201 1338 civitate
3231 1284 3409 1337 Vasio-

1900 1386 2075 1433 nense,
2102 1372 2361 1435 depositio
2390 1372 2614 1434 Quinidii
2642 1370 2891 1437 t'piSCOpi,
2942 1370 3085 1437 cujus
3116 1378 3330 1423 mortem
3360 1370 3409 1421 in

1898 1466 2173 1524 conspectu
2205 1456 2403 1507 Domini
2436 1456 2713 1521 pretiosam
2744 1455 2987 1508 miracula
3012 1455 3189 1507 crebra
3222 1465 3413 1507 teatano

1899 1554 1999 1596 tur.
2024 1544 2077 1595 in
2106 1542 2373 1595 Antiochia
2402 1540 2569 1593 natale
2598 1542 2761 1593 sancti
2792 1541 2981 1607 Ioseph
3004 1541 3224 1603 diaroni,
3247 1540 3411 1593 Zeno-

1899 1634 2000 1685 nis.
2026 1632 2343 1693 interamnac,
2366 1629 2535 1682 natale
2562 1638 2752 1682 sanctis
2778 1629 2965 1695 Agapze
2986 1630 3219 1698 virginis,
3240 1630 3411 1682 Satur-

1903 1720 2010 1775 nini
2030 1728 2085 1773 et
2104 1719 2343 1771 (lastnlaz.
2363 1717 2417 1770 in
2435 1718 2638 1773 civitate
2664 1716 2840 1771 Prexia
2863 1724 3157 1770 sanctorum
3182 1717 3409 1771 Faustini

1902 1815 1956 1860 et
1978 1806 2151 1858 ionita:
2176 1814 2477 1873 martyrum.

1472 1890 1689 1944 EDITIO
1730 1889 2209 1944 BOLLANDI‘ANA.

299 1987 323 2016 ⁸
353 1979 638 2049 presbyteri
689 1979 862 2031 Romae
907 1979 1033 2045 :qui
1090 1986 1202 2046 post
1236 1976 1397 2031 multa
1443 1978 1714 2029 sanitatum
1755 1983 1880 2040 etB
1908 1984 2135 2043 possent,
2180 1974 2331 2041 jussit
2374 1974 2539 2043 capite
2582 1972 2746 2025 caidi:
2788 1973 2873 2042 qui
2904 1987 3003 2025 non
3042 1973 3190 2042 longe
3219 1983 3335 2023 sunt
3381 1988 3410 2025 a

294 2070 543 2123 doctrina:
566 2068 776 2137 insignia
802 2066 1019 2120 fustibus
1037 2080 1221 2129 ctesns,
1242 2075 1293 2118 et
1313 2066 1385 2119 sic
1414 2050 1693 2118 decollatns
1718 2073 1795 2116 est

293 2156 390 2209 sub
436 2154 653 2208 Claudio
683 2154 903 2206 Caesare.
946 2152 1133 2206 Eodem
1163 2153 1245 2205 die
1267 2153 1433 2204 natale
1454 2152 1508 2205 S.
1541 2150 1796 2204 Valentini

296 2240 693 2294 interamnensis
728 2238 755 2275 ιι
799 2240 1059 2305 episcopi:
1090 2239 1174 2306 qui
1221 2247 1388 2292 tentus
1428 2253 1456 2290 a
1500 2240 1705 2305 paganis
1736 2253 1796 2291 ac

301 2328 457 2396 virgis
472 2341 655 2389 caesus,
670 2335 723 2380 et
743 2334 856 2393 post
871 2326 1157 2377 diuturnam
1176 2324 1363 2377 caedem
1384 2324 1625 2377 custodiae
1648 2338 1795 2376 man-

294 2417 513 2483 cipatus,
540 2429 654 2467 cum
696 2416 923 2481 superari
954 2428 1054 2465 non
1082 2421 1273 2479 posset,
1319 2412 1497 2464 medi-.e
1529 2414 1694 2465 noctis
1733 2412 1799 2463 si-

298 2499 459 2552 lentio
484 2498 677 2567 ejectus
706 2499 771 2551 de
794 2512 1001 2551 carcere
1023 2498 1301 2551 decollatus
1323 2508 1420 2559 est,
1442 2498 1589 2563 jussu
1612 2497 1796 2549 furiosi

301 2590 515 2646 Placidii
546 2591 685 2644 urbis
712 2591 959 2659 praefecti.
988 2592 1099 2645 Huc
1126 2607 1286 2659 usque
1329 2596 1389 2643 A.
1432 2592 1573 2645 Tunc
1602 2593 1799 2645 Procu—

305 2681 406 2747 lus,
437 2681 624 2749 Elybus
669 2679 758 2749 [Β.
790 2679 849 2732 Τ.
876 2676 935 2731 ι.
956 2719 972 2747 ,
1002 2678 1202 2747 Esibus]
1238 2688 1291 2734 et
1319 2680 1615 2746 Apollonius
1644 2684 1799 2734 disci-

299 2769 407 2836 puli
452 2768 582 2834 ejus,
612 2767 973 2821 transferentes
1014 2780 1201 2834 corpus
1238 2768 1301 2819 ad
1332 2782 1475 2820 suam
1527 2768 1798 2821 ecclesiam

296 2854 703 2909 Interamnanam
732 2856 931 2919 urbem,
979 2864 1130 2909 noctu
1157 2856 1473 2922 sepelierunt
1517 2874 1529 2907 :
1559 2855 1648 2909 ubi
1675 2870 1794 2909 cum

299 2943 609 3009 quotidianis
640 2944 824 3011 vigiliis
872 2943 1193 3005 incubarent,
1245 2943 1369 2996 tenti
1416 2957 1443 2995 ι
1489 2943 1800 3011 gentilibus,

295 3030 547 3083 custodia
574 3040 693 3083 sunt
738 3030 908 3084 traditi
950 3029 1218 3084 Consulari
1264 3030 1496 3085 Leontio.
1545 3030 1684 3096 Quos
1716 3032 1803 3084 ille

299 3117 453 3183 jussit
478 3118 646 3172 medio
674 3121 837 3171 noctis
866 3117 972 3170 suis
996 3118 1332 3172 tribunalibus
1362 3120 1657 3183 praesentari
1688 3136 1699 3169 :
1752 3128 1804 3173 ct

299 3220 420 3263 eum
462 3222 491 3261 a
528 3207 627 3261 lide
668 3207 902 3261 revocari
963 3220 1057 3260 nec
1104 3206 1463 3259 blandimentis
1506 3222 1600 3261 nec
1651 3206 1802 3261 minis

1899 2076 2119 2130 corpore
2140 2063 2197 2115 S.
2227 2061 2478 2114 Valentini
2510 2060 2716 2126 sepulti.

1966 2192 2029 2243 Α.
2060 2189 2119 2243 Τ.
2152 2189 2231 2253 L.,
2255 2189 2444 2241 Eodem
2474 2188 2556 2240 die
2584 2188 2748 2241 natale
2772 2187 2863 2241 SS.
2898 2196 2919 2224 ο
2948 2188 3144 2251 Vitalis,
3169 2188 3407 2240 Feliculm

1896 2266 1949 2309 et
1978 2257 2218 2309 Zenonis.
2264 2256 2345 2317 L.,
2387 2257 2439 2307 In
2485 2256 2789 2307 Alexandria
2824 2259 2851 2298 d
2890 2254 3152 2318 Bassiani,
3180 2255 3405 2321 Orionis,

1898 2326 2201 2391 Agathonis,
2230 2323 2314 2387 qui
2342 2325 2454 2387 igne
2481 2323 2729 2373 combusti
2756 2330 2893 2374 sunt.

1970 2427 2053 2480 l5.
2086 2454 2149 2465 -—
2178 2425 2264 2479 XV
2302 2426 2434 2480 ΚΑι..
2468 2424 2624 2477 Vacat
2659 2425 2829 2477 Baeda.

1970 2534 2148 2587 Florus
2175 2534 2223 2586 in
2256 2534 2313 2585 A.
2345 2533 2407 2585 Τ.
2437 2532 2521 2598 L.,
2557 2534 2805 2586 Bituricas
2846 2529 3101 2598 depositio
3134 2531 3192 2587 S.
3229 2543 3247 2569 ε
3297 2536 3400 2585 Λιι-

1901 2603 2143 2667 stregisiii
2170 2602 2395 2666 episcopi
2422 2612 2473 2652 et
2516 2602 2825 2653 confessoris
2851 2615 2865 2652 :
2895 2605 2980 2668 qui
3024 2602 3076 2653 in
3128 2601 3217 2654 Dei
3251 2603 3399 2653 rebus

1901 2672 2198 2733 magnificus
2226 2678 2379 2731 atque
2404 2668 2611 2733 insignis
2637 2668 2751 2719 fuit.

1972 2736 2054 2812 0.,
2087 2736 2344 2816 iri‘otnasnb'.
2368 2734 2397 2812 ι’.
2410 2736 2649 2812 Cratonis
2662 2734 2925 2816 martyris:
2943 2734 3086 2816 Apud
3116 2734 3400 2816 Sebastiani

1903 2798 2073 2867 passio
2102 2804 2157 2856 S.
2189 2811 2212 2847 δ
2244 2801 2399 2853 Blavii
2424 2801 2672 2867 epis'cOpi.
2704 2800 2767 2851 V.
2796 2798 2880 2865 (1.,
2910 2798 3210 2854 interamna:
3232 2806 3398 2855 natale

1904 2870 1957 2923 S.
1988 2866 2016 2906 ³³
2048 2872 2230 2934 Agapaa
2254 2868 2481 2935 virginis,
2511 2869 2793 2933 Saturnini,
2824 2869 3065 2935 Castulii,
3099 2869 3283 2935 Magni.
3310 2867 3395 2933 V.,

1906 2937 1956 2989 In
1991 2937 2253 2989 Antiochia
2282 2934 2468 3000 .Io’scph
2505 2937 2707 2987 Diaconi
2736 2950 2785 2987 et
2817 2934 3050 2997 Romani,
3082 2934 3244 2995 Lucii,
3299 2937 3400 2987 [lo-

1903 3006 2027 3070 gati.
2056 3005 2111 3057 C.
2145 3003 2354 3056 Lucium
2388 3004 2851 3054 lntcramnensibus
2868 3004 3059 3070 jungit.
3106 3007 3167 3054 A.
3194 3003 3279 3070 T.,
3308 3004 3400 3054 ad.

1904 3068 2032 3123 dunt
2075 3070 2128 3125 5.
2161 3073 2346 3137 Agapae
2374 3072 2540 3121 socios
2569 3080 2814 3135 martyres
2844 3068 3003 3120 XXX.
3033 3070 3119 3132 T.,
3153 3070 3217 3122 Et
3240 3069 3399 3136 depo‘

1908 3139 2025 3192 sitio
2075 3140 2130 3193 5.
2176 3139 2367 3193 Salvini
2412 3137 2640 3203 episcopi
2684 3147 2735 3189 et
2764 3138 3105 3205 confessoris.
3161 3139 3273 3205 Ipso
3314 3142 3401 3190 die

1907 3208 2077 3273 passio
2124 3207 2178 3262 S.
2216 3206 2231 3242 ί
2266 3206 2512 3259 Desiderii
2552 3204 2775 3273 episcopi
2805 3216 2857 3259 et
2902 3206 3163 3274 martyris.
3188 3204 3399 3261 Eodem

1619 3310 1819 3365 SMi'l‘li
1856 3310 2078 3366 ΝΟΤΕ.

373 3412 389 3431 ·
417 3400 713 3479 ριξςεὺςίερτί.
746 3397 907 3479 Quem
934 3397 1143 3479 Claudio
1169 3398 1391 3451 secundo
1419 3399 1724 3479 imperatore
1748 3401 1794 3451 in
1822 3419 1867 3479 ο

290 3470 673 3539 amphitheatro
715 3468 812 3539 sibi
860 3476 1217 3539 priesentatum
1257 3478 1484 3539 rogante,
1534 3482 1625 3539 cur
1668 3469 1795 3539 Deos

291 3531 396 3591 non
442 3538 713 3594 adoraret;
758 3534 844 3586 ille
872 3531 1061 3585 Christi
1112 3534 1261 3586 fidem
1306 3536 1480 3585 multis
1512 3535 1792 3587 rationibus

293 3606 530 3672 probavit.
548 3603 608 3672 in
640 3609 853 3672 tantum,
885 3609 941 3651 ut
968 3600 1437 3672 i_inpera_tor_ipsum
1452 3603 1513 3654 de
1542 3602 1793 3672 sapientia

290 3665 694 3725 commendaret.
727 3667 913 3720 Verum
961 3669 1081 3719 dum
1132 3665 1471 3733 Calpburnius
1522 3665 1793 3734 priefectus

291 3739 489 3792 diceret
527 3736 888 3800 imperatorem
920 3734 1205 3794 seductum,
1245 3735 1451 3786 tradidit
1485 3748 1600 3786 eum
1642 3737 1792 3787 Aste-

291 3807 373 3859 rio
403 3800 616 3871 principi
642 3812 699 3871 ut
728 3802 779 3851 in
806 3801 1029 3871 domum_
1042 3814 1187 3853 suam
1232 3802 1505 3853 adductum
1550 3802 1614 3871 ad
1662 3802 1792 3853 Deo-

291 3866 416 3925 rum'
436 3866 685 3925 sacrilicia
714 3868 969 3919 suaderet.
995 3866 1123 3920 Cum
1148 3876 1317 3921 autem
1344 3876 1551 3920 sanctus
1575 3869 1785 3920 domum

332 3937 540 4002 rincipis
564 3938 824 3996 intrasset,
853 3934 1004 3985 filiam
1045 3934 1157 3999 ejus
1199 3936 1485 4000 adoptivam
1516 3950 1701 3987 caecam
1733 3938 1793 3987 il-

318 4004 581 4063 uminavit,
612 4012 661 4055 et
690 4015 806 4070 mox
835 4014 953 4070 eum
982 4016 1095 4070 cum
1122 4002 1513 4070 suisconvertit
1546 4011 1601 4054 et
1626 4003 1793 4070 bapti-

294 4073 448 4123 zavit.
479 4072 590 4135 Quo
614 4068 845 4135 cognito,
862 4064 1103 4135 Claudius
1124 4067 1185 4118 ad
1203 4068 1457 4135 civitatem
1485 4069 1676 4121 Ostiam
1696 4064 1792 4122 As-

296 4140 477 4190 terium
501 4132 557 4188 'et
582 4132 785 4186 omnem
826 4132 1065 4186 familiam
1109 4134 1268 4186 occidi
1311 4134 1488 4201 jussit;
1520 4136 1573 4187 S.
1621 4146 1789 4188 autem

296 4205 619 4255 Valentinum
651 4202 869 4253 fustibus
896 4202 1043 4263 caedi,
1070 4210 1122 4253 et
1149 4215 1225 4251 via
1258 4202 1498 4253 Flaminia
1528 4202 1790 4255 decollari.

288 4270 450 4337 tLujus
478 4282 662 4331 corpus
689 4282 719 4319 ι
744 4269 961 4337 quadam
988 4276 1217 4337 matrona
1244 4267 1502 4337 Savinella
1532 4270 1581 4319 in
1602 4272 1789 4337 eodem

288 4333 403 4391 loco
448 4336 701 4401 sepultum
727 4345 824 4401 est.
856 4334 1037 4401 Petrus
1058 4334 1121 4385 de
1151 4333 1313 4401 Natal.
1335 4336 1675 4401 —At.‘laudius
1704 4352 1791 4389 re--

290 4419 451 4473 gnare
477 4399 745 4473 cmpitian.
770 4399 893 4462 268,
920 4400 1123 4473 circiter
1147 4400 1283 4473 diem
1313 4417 1363 4473 is
1391 4399 1709 4473 _Kal._Ap_r.,
1739 4414 1793 4457 et

291 4468 519 4539 regnavit
543 4468 607 4522 ad
638 4468 835 4539 initium
854 4480 948 4539 Aan.
981 4468 1113 4539 270;
1140 4470 1309 4539 obitus
1337 4469 1487 4539 igitur
1506 4469 1568 4539 _§.
1604 4468 1791 4522 Valen-

296 4535 387 4592 tini
428 4538 719 4592 necessario
746 4535 1086 4589 conferendas
1113 4544 1196 4587 est
1224 4537 1274 4587 in
1318 4535 1400 4587 an.
1452 4535 1587 4597 269;
1622 4551 1791 4602 neque

286 4607 632 4725 Eiliimdrnense
674 4602 953 4657 Februario
997 4602 1117 4679 anni
1146 4605 1407 4669 sequentis
1454 4604 1507 4655 in
1534 4603 1663 4656 vivis
1692 4608 1791 4657 luit

350 4687 412 4723 an
454 4686 553 4723 lilii.

334 4672 553 4723 laudius.
1096 4676 1097 4679 “

357 4738 384 4776 ιο
413 4736 665 4815 Episcopi.
712 4733 942 4813 Ordinati
985 4734 1209 4852 epliscopi
1236 4748 1264 4785 a
1293 4734 1347 4788 S.
1383 4736 1643 4787 Feliclano
1667 4737 1781 4800 epi-
1816 4746 1864 4805 ι)

357 4820 446 4852 ano
475 4804 717 4852 Famuate
748 4817 995 4852 nermnssu
1069 4812 1245 4852 tctorts
1271 4816 1441 4852 nacte:
1471 4805 1548 4852 vel
1568 4806 1663 4852 sub
1680 4808 1783 4852 Au-

287 4820 446 4873 scopo
474 4804 717 4871 Faginate
748 4804 996 4873 permissu
1023 4802 1441 4873 V_ict_oris_pap:e;
1471 4805 1548 4855 vel
1568 4806 1663 4858 sub
1680 4808 1783 4859 Au-

292 4867 488 4927 reliano
514 4867 592 4925 vel
628 4867 840 4924 Claudio
866 4870 1021 4937 passi.
1054 4867 1287 4937 Bolland.

360 4952 381 4977 ε
414 4938 610 4991 Vitatis.
639 4936 898 4991 Usuardus
923 4946 975 4990 et
1000 4936 1110 4989 Ado
1137 4936 1310 4988 Romae
1340 4938 1432 4988 hos
1456 4948 1634 5003 passos
1659 4939 1788 4991 scrio

291 5007 436 5059 bunt.
486 5004 743 5057 Notkerus
787 5008 941 5056 etiam
986 5005 1117 5054 viain
1161 5004 1487 5071 Ardeatinam
1539 5005 1787 5071 adjungit.

293 5073 509 5125 Ghinius
534 5072 584 5123 in
625 5071 868 5137 Cataiogo
898 5080 1193 5137 sanctorum
1224 5069 1439 5121 Vitalem
1484 5069 1633 5123 vocat
1678 5069 1791 5135 pre-

290 5142 573 5208 sbyterum,
616 5147 669 5191 et
697 5136 1093 5193 Wandelbertus
1134 5136 1188 5190 5.
1220 5136 1498 5190 Feiiculam
1544 5140 1790 5204 virginem

286 5209 529 5261 celebrat.

317 5340 330 5351 _
364 5272 391 5310 ἀ
414 5272 661 5351 Bassiani.
709 5270 982 5351 Bassianus
1010 5270 1170 5351 lector
1207 5270 1335 5351 fuit;
1364 5270 1541 5332 Orion,
1571 5271 1650 5323 vel
1692 5272 1792 5341 Cy-

286 5340 420 5403 rion,
451 5343 747 5407 presbyter;
774 5337 973 5405 Agatho
999 5338 1275 5391 exorcista.
1735 5337 1749 5341 “

306 5471 321 5473 μ
361 5411 383 5437 ⁸
411 5406 739 5473 ᾼιαηςίείιί.
792 5405 939 5472 Apud
990 5405 1167 5473 urbem
1222 5404 1586 5473 Bituricensem
1642 5414 1787 5471 patre

286 5471 528 5525 Caudino
574 5471 657 5526 liic
707 5481 857 5525 natus
902 5482 1002 5529 est.
1046 5471 1519 5539 adolescensvixit
1566 5472 1615 5523 in
1668 5475 1783 5539 aula

285 5540 586 5594 Guntramni
641 5540 797 5605 regis,
828 5548 1001 5603 postea
1042 5552 1071 5590 a
1103 5537 1160 5590 Β.
1190 5537 1414 5591 Aunario
1463 5540 1783 5592 Antissiodo~

286 5611 425 5662 rensi
452 5606 691 5676 episcopo
722 5608 983 5676 ordinatus
1005 5616 1080 5658 est
1106 5606 1481 5676 subdiaconus;
1505 5608 1569 5659 ab
1597 5606 1779 5676 Ethe-

284 5690 377 5731 rco
428 5672 751 5743 Lugdunensi
797 5672 1041 5739 episcOpo
1097 5672 1386 5742 presbjter'
1413 5684 1463 5729 et
1514 5676 1672 5730 abbas
1716 5675 1772 5727 Β.

558 5770 816 5829 Panos.
860 5766 1068 5827 XCIV.

1898 3399 2101 3453 Nicetii.
2149 3398 2364 3461 Deinde,
2393 3406 2595 3466 mortuo
2633 3398 2914 3462 Apollinari
2946 3398 3247 3451 Biturieensi
3290 3400 3400 3466 epi—

1896 3479 2074 3534 scopo,
2100 3469 2147 3518 in
2171 3467 2282 3533 ejus
2308 3464 2729 3534 locumsuﬂ'ectus
2758 3474 2856 3534 est,
2883 3476 2933 3517 et
2976 3481 3090 3517 eam
3120 3464 3397 3520 Ecclesiam

1892 3533 2165 3587 duodecim
2194 3535 2340 3585 annis
2361 3533 2753 3585 administravit.
2776 3533 2916 3584 Obiit
2938 3534 3139 3584 tandem
3164 3550 3247 3586 an.
3272 3534 3392 3589 617.

1890 3603 2019 3653 Acta
2062 3601 2193 3668 apud
2240 3600 2442 3668 Suriutn
2492 3610 2619 3653 tom.
2668 3599 2749 3653 Ill.
2794 3600 3010 3653 Ghinius
3034 3600 3297 3653 Senensis.
3330 3624 3400 3643 —~

1893 3667 2176 3731 Usuartius,
2212 3667 2486 3729 Notkerus,
2541 3668 2807 3729 Baronius,
2840 3668 3017 3719 Petrus
3038 3668 3103 3719 de
3132 3668 3397 3723 Natalibus

1888 3745 1942 3787 et
1972 3738 2215 3802 pluraque
2237 3736 2592 3801 Martyrologia
2624 3735 2773 3799 hujus
2799 3736 3168 3799 depositionem
3192 3750 3395 3788 inemo-

1890 3812 2007 3853 rant
2034 3817 2123 3854 xm
2153 3802 2264 3854 Kal.
2296 3802 2450 3854 Junii.
2485 3802 2755 3852 Sanssaius
2787 3803 2846 3868 in
2878 3802 3237 3868 Martyrologio
3281 3817 3387 3855 non

1888 3870 2279 3932 depositionem,
2313 3869 2401 3921 sed
2432 3868 2805 3919 ordinationem
2840 3867 2991 3919 hodie
3011 3867 3266 3921 celebrat.

1960 3935 1981 3975 ι
2009 3934 2253 3988 Cratonis.
2291 3937 2374 3988 Vir
2404 3935 2755 3993 Atheniensis,
2787 3945 2957 3987 orator
2983 3934 3181 3998 Romae,
3226 3936 3397 4003 lingua

1889 4002 2067 4057 Latina
2112 4014 2163 4056 et
2202 4004 2380 4056 Graeca
2426 4004 2619 4058 clarus.
2674 4003 2771 4065 Qui
2826 4018 2936 4054 cum
2988 4002 3182 4055 haberet
3236 4002 3398 4064 ﬁlium

1889 4072 2255 4123 Chwremanem
2280 4072 2500 4131 nomine,
2544 4072 2639 4136 qui
2675 4071 2913 4121 inciderat
2940 4071 2995 4136 in_
3033 4072 3393 4136 wgritudinem,

1887 4140 1952 4189 ad
1971 4152 2175 4203 euntque
2212 4140 2489 4188 sanandum
2516 4132 2576 4187 Bt.
2622 4134 2938 4186 Valentinum
2970 4132 3395 4189 Intei'amnensettt

1886 4217 2147 4264 euocasset,
2172 4206 2421 4272 eidemque
2450 4205 2608 4268 ipsum
2657 4206 2741 4253 sub
2770 4205 2854 4253 tali
2882 4203 3165 4255 conditione
3186 4203 3396 4255 obtulis-

1884 4282 1975 4332 set,
2000 4284 2050 4323 ut
2096 4272 2136 4321 si
2185 4287 2303 4337 puer
2332 4282 2614 4333 saltaretur,
2652 4273 2754 4328 ipse
2782 4284 2894 4321 cum
2942 4272 3075 4321 omni
3121 4274 3267 4321 domo
3305 4288 3395 4322 sua

1886 4340 2019 4404 ﬁeret
2050 4339 2359 4392 Christianus
2380 4378 2394 4400 ,
2424 4350 2596 4389 sanato
2630 4352 2801 4405 puero,
2825 4337 2954 4403 quod
2997 4340 3283 4400 promiserat
3303 4338 3395 4391 im-

1887 4408 2030 4472 plevit
2058 4422 2075 4457 :
2103 4416 2244 4473 atque
2270 4422 2379 4458 cum
2409 4421 2558 4457 uxore
2596 4416 2637 4454 et
2665 4405 2890 4455 universa
2920 4409 3063 4456 domo
3092 4405 3392 4471 baptizatus,

1887 4489 1982 4542 non
2010 4484 2117 4542 post
2146 4474 2322 4525 multos
2347 4474 2450 4542 dies
2479 4473 2711 4538 martyrio
2732 4481 3091 4523 consummatus
3115 4482 3205 4524 est.
3238 4474 3390 4526 Baeda

1890 4539 2062 4606 Vulg},
2092 4542 2224 4603 Ado,
2252 4539 2461 4590 Notker.

1953 4604 2186 4657 s'Blavii.
2234 4606 2427 4658 Forsan
2455 4605 2537 4658 hic
2578 4604 2714 4659 idem
2742 4617 2822 4660 est
2845 4619 2961 4660 cum
3001 4604 3056 4659 S.
3090 4605 3261 4657 Blasio
3295 4605 3384 4671 qui

1885 4675 2071 4725 colitur
2100 4687 2154 4723 ιιι
2185 4672 2334 4725 Febr.

1959 4738 1985 4774 ιι
2015 4743 2216 4806 Agapte.
2245 4741 2369 4792 Acta
2392 4738 2505 4806 ejus
2530 4752 2603 4791 sic
2630 4740 2839 4805 exponit
2872 4738 3133 4806 Ferrarius
3159 4740 3209 4791 in
3233 4738 3385 4793 Cata-

1892 4803 2131 4875 logoﬁs.
2164 4808 2313 4859 Italia:
2338 4825 2348 4857 :
2374 4803 2715 4875 Agapesvirgo
2741 4806 2917 4875 nobilis
2946 4803 3244 4857 Interamna
3266 4816 3382 4858 nata

1890 4882 1978 4925 sub
2012 4873 2269 4925 Valentino
2294 4873 2521 4938 ερίδὸορο
2548 4873 2821 4923 lnteranin.
2854 4873 3023 4938 ﬂoruit
3046 4889 3063 4935 ;
3087 4890 3184 4924 una
3206 4888 3265 4924 ea:
3290 4889 3387 4923 nu-

1891 4957 2025 4993 mero
2052 4957 2241 5001 earum,
2270 4956 2379 5005 qua:
2406 4955 2467 4989 ex
2486 4942 2701 5006 ejusdem
2720 4940 2778 4991 8.
2813 4939 3063 4992 Valentini
3087 4940 3392 5006 institutione

1889 5009 1961 5059 uti
1988 5008 2224 5060 moniales
2253 5005 2514 5073 degebant.
2537 5007 2658 5058 Cum
2701 5017 2863 5058 autem
2894 5007 3152 5057 [dolorum
3180 5005 3389 5057 cultores

1885 5074 1940 5128 in
1987 5075 2290 5126 Christianos
2335 5076 2572 5140 furerent,
2617 5073 3009 5139 lnteramnreque
3053 5075 3389 5140 eos‘mnxitne

1892 5152 2288 5209 persequerentur
2316 5138 2421 5204 post
2451 5143 2668 5209 magistri
2698 5152 2899 5191 mortem
2926 5138 2969 5190 et
2996 5141 3101 5206 ipsa
3142 5138 3389 5191 Interam-

1896 5225 2018 5260 mnte
2041 5208 2405 5275 contpreltensa,
2437 5226 2542 5259 cum
2570 5212 2619 5259 in
2633 5209 2811 5260 Christi
2837 5210 3139 5272 confessione
3164 5210 3388 5259 immobi-

1893 5278 1953 5344 lis
1983 5277 2275 5344 persisteret,
2317 5276 2481 5339 gladio
2508 5276 2864 5344 animaduersa,
2898 5276 3169 5344 virginitati
3199 5287 3390 5339 marty-

1891 5342 1954 5392 rii
1981 5342 2195 5407 palmam
2242 5344 2467 5409 adjunzit
2508 5357 2570 5393 xv
2610 5339 2732 5392 Kal.
2774 5339 3160 5409 MartiifCujus
3206 5355 3390 5403 corpus

1890 5410 1939 5459 in
1967 5424 2023 5458 eo
2049 5411 2156 5459 loco
2181 5411 2264 5474 qni
2286 5409 2579 5460 lnterturres
2616 5409 2792 5460 dicitur
2817 5410 3067 5460 canditum
3087 5419 3177 5459 est.

1967 5478 1979 5510 λ
2021 5476 2281 5528 υεεὶάεήί.
2326 5476 2532 5528 Videtur
2562 5475 2644 5527 hic
2670 5477 2941 5541 episcopus
2974 5474 3280 5541 Viennensis
3307 5475 3387 5524 ln-

1886 5542 2081 5604 dicari,
2132 5545 2219 5608 qui
2258 5554 2411 5606 supra
2454 5542 2638 5594 colitur
2694 5540 2741 5594 it
2781 5544 2930 5596 Febr.
2986 5541 3141 5607 Cujus
3193 5540 3390 5592 Natalis

1884 5616 2038 5663 etiam
2072 5612 2200 5665 intra
2221 5610 2511 5664 celebratur
2538 5623 2653 5665 um
2678 5611 2812 5664 Maii.

2902 5762 2976 5817 ΞΠ
