3888 6314
567 360 667 415 an
686 330 689 331 ί

1281 359 1473 412 ΒΙΞΙ)ΑΞ
1513 358 1945 413 VENERABILIS
1980 357 2120 410 OPP.
2166 357 2333 412 PARS
2371 357 2451 409 IV.
2491 384 2559 397 υ·-
2595 357 2961 412 HlSTOlllCA.

3598 358 3691 414 848

1760 470 1979 523 EDITIO
2013 467 2465 523 COLONIENSIS.

567 560 805 615 fessionis
830 570 935 611 sua:
962 571 1201 612 coronam
1244 570 1271 609 a
1297 557 1505 633 Christo
1528 556 1624 610 sibi
1655 568 1879 624 paratam
1908 559 2071 625 perci-
2102 564 2149 619 Α
2175 566 2342 610 torum
2387 556 2642 617 Seroncti,
2687 554 2966 622 Anttgonii,
3020 552 3209 619 Rutuli,
3246 554 3397 632 .Libi.
3449 556 3564 621 Ipso
3612 557 3691 612 die

569 661 691 716 pere
724 658 1037 700 meruerunt.

642 736 700 787 Β.
746 733 845 785 VIII
876 732 1003 785 Κλι..
1030 734 1239 785 Μλιιτιι.
1262 742 1329 771 —‘-
1349 730 1597 785 Cathedra
1624 733 1784 785 sancti
1812 732 1965 797 Petri,
1990 733 2077 800 qui

569 822 702 874 sedit
735 820 867 886 apud
897 820 1249 878 Antiochiam,
1295 818 1378 871 ubi
1405 827 1456 870 et
1486 819 1702 885 primum
1730 821 2079 885 cognominati

574 917 693 960 sunt
720 906 953 974 discipuli
996 905 1289 957 Christiani.
1329 906 1474 970 Apud
1524 906 1885 959 Alexandriam
1928 906 2077 958 Abilii

570 997 816 1063 episcOpi,
864 997 949 1061 qui
1001 1002 1113 1061 post
1167 994 1222 1045 Β.
1254 982 1476 1045 Marcum
1506 992 1758 1044 secundus
1786 993 2083 1059 cpiscopus,

570 1085 810 1138 tredecim
836 1096 995 1138 annos
1027 1081 1368 1133 sacerdotium
1404 1078 1736 1131 ministravit.
1774 1078 1826 1131 In
1864 1078 2078 1143 lerapoli

570 1164 731 1225 sancti
772 1170 941 1238 Papia:
981 1167 1230 1235 episcOpi,
1275 1167 1521 1219 auditoris
1587 1166 1796 1220 Joannis
1839 1168 2075 1232 apostoli.

575 1260 780 1313 Viennae
806 1258 965 1311 sancti
998 1255 1219 1309 Pascasii
1246 1255 1467 1320 episcopi
1506 1263 1558 1307 et
1585 1255 1918 1307 confessoris.
1953 1256 2076 1307 Item

569 1350 702 1403 beati
756 1344 1027 1401 Aristionis
1060 1384 1073 1407 ,
1140 1345 1224 1409 qui
1278 1341 1373 1394 fuit
1424 1358 1553 1395 unus
1602 1342 1664 1394 de
1706 1343 1773 1393 7i
1821 1341 2080 1406 discipulis

569 1437 777 1489 Christi.
828 1434 881 1485 In
910 1430 1203 1484 Nicomedia
1234 1430 1402 1481 natale
1429 1438 1617 1481 sanctae
1646 1428 1816 1481 Tecla:
1842 1429 2077 1493 virginis,

567 1524 833 1590 discipula:
854 1523 1011 1575 sancti
1044 1515 1193 1573 Pauli‘
1203 1517 1438 1584 apostoli,
1469 1534 1582 1585 qua:
1610 1518 1706 1570 sub
1730 1518 1931 1571 Nerone
1956 1518 2079 1583 imp.

575 1628 670 1682 pro
694 1611 886 1664 Christi
918 1610 1123 1661 nomine
1151 1608 1253 1675 igni
1279 1616 1360 1659 est
1395 1606 1597 1668 tradita,
1628 1608 1716 1659 sed
1741 1621 1841 1658 non
1866 1616 2039 1658 exusta
2065 1622 2079 1658 :

573 1711 747 1769 postea
769 1698 1097 1769 serpentibus
1122 1705 1275 1761 atque
1301 1695 1476 1747 bestiis
1496 1694 1755 1760 deputata,
1780 1694 1867 1746 sed
1892 1708 1920 1745 a
1944 1694 2081 1746 nullo

567 1802 747 1842 eorum
775 1797 854 1839 est
879 1788 998 1837 laesa
1023 1800 1037 1846 ;
1070 1782 1131 1833 ad
1161 1791 1447 1835 extremum
1476 1793 1595 1832 vero
1632 1780 1680 1831 in
1708 1779 1942 1833 Seleucia
1965 1793 2079 1830 cum

2178 645 2338 696 sancti
2368 643 2635 710 Polycarpi
2671 643 2956 710 presbyteri
2985 651 3038 694 et
3082 645 3414 706 confessoris,
3459 644 3546 713 qui
3582 660 3689 698 cum

2179 732 2329 783 beato
2355 730 2653 783 Sebastiano
2684 731 2935 796 plurimos
2964 730 3025 781 ad
3058 726 3209 783 Iidem
3238 730 3431 783 Christi
3471 748 3691 785 conver-

2185 818 2261 881 tit,
2293 827 2445 883 atque
2470 820 2534 869 ad
2561 818 2791 885 martyrii
2832 817 3050 884 gloriam
3082 816 3399 870 cohortando
3440 822 3688 885 perduxit.

2180 905 2323 973 Apud
2370 905 2609 957 Sirmium
2650 907 2818 956 natale
2863 904 3027 957 sancti
3075 904 3261 973 Syreni
3306 906 3566 965 monachi.
3612 910 3689 974 qui

2181 999 2407 1057 tempore
2454 990 2740 1053 Maximiani
2773 990 3130 1056 imperatoris,
3176 1005 3292 1043 cum
3344 1004 3478 1043 unus
3516 1006 3576 1043 ex
3603 993 3687 1043 do-

2179 1080 2404 1133 mesticis
2430 1082 2542 1145 ejus
2571 1094 2802 1144 uxorem,
2826 1079 2949 1130 hora
2979 1080 3255 1145 incongrua
3282 1080 3331 1131 in
3354 1077 3527 1144 horto,
3550 1095 3689 1143 quem

2178 1167 2287 1233 ipse
2314 1167 2407 1219 sibi
2427 1168 2713 1232 excolebat,
2738 1167 3170 1233 deambulantem,
3193 1170 3361 1220 acrius
3389 1169 3689 1233 increpando

2179 1232 2467 1320 repulisset,
2487 1255 2696 1317 iubente
2726 1232 3031 1305 Maximiano
3058 1262 3245 1317 tentus,
3278 1262 3326 1306 et
3352 1232 3690 1307 Christianum

2180 1354 2237 1393 se
2262 1354 2375 1393 esse
2401 1342 2684 1403 confessus,
2715 1341 2881 1407 capite
2909 1354 3073 1392 caesus
3099 1350 3195 1393 est.
3223 1341 3345 1394 Item
3367 1344 3587 1395 aliorum
3613 1344 3687 1401 62,

2181 1429 2269 1495 qui
2324 1428 2509 1482 ibidem
2556 1430 2693 1496 passi
2733 1436 2871 1481 sunt.
2932 1428 2997 1481 Et
3048 1430 3215 1496 vigilia
3258 1431 3422 1483 sancti
3476 1431 3688 1485 Nallltize

2179 1518 2419 1584 apostoli.

2249 1606 2305 1659 F.
2335 1606 2397 1659 Vl
2427 1606 2552 1659 ΚΑῐ..
2582 1607 2785 1659 Manut.
2812 1635 2880 1647 --
2910 1606 3085 1659 Natale
3110 1607 3271 1659 sancti
3300 1605 3526 1659 Matthia:
3576 1622 3686 1671 apo-

2182 1695 2320 1761 stoli,
2346 1696 2430 1762 qui
2461 1696 2523 1747 de
2546 1697 2869 1763 septuaginta
2893 1695 3154 1761 discipulis
3180 1711 3271 1760 pro
3296 1694 3423 1747 Juda
3450 1696 3685 1749 traditore

2183 1782 2247 1834 ab
2283 1783 2528 1846 apostolis
2563 1784 2789 1847 electus,
2837 1791 2976 1839 Sorte
3004 1785 3053 1834 in
3080 1784 3422 1849 apostolatum
3451 1786 3686 1848 subroga-

557 1876 897 1944 virginitatis
937 1872 1180 1938 martyrio
1230 1878 1385 1936 atque
1441 1869 1682 1921 virtutum
1740 1868 1934 1920 honore
1990 1882 2079 1932 per
2106 1907 2151 1964 Β
2185 1878 2284 1933 tus,
2312 1870 2361 1921 in
2387 1870 2559 1925 Juda'a
2585 1870 2773 1924 Christi
2803 1870 3136 1938 Evangelium
3166 1872 3481 1936 praedicavit.
3520 1870 3582 1921 Et
3617 1875 3685 1921 in-

572 1968 805 2015 somnum
834 1961 974 2027 pacis
1002 1956 1233 2024 migravit
1257 1958 1319 2007 ad
1357 1956 1647 2007 Dominum.
1688 1954 1861 2006 Romae
1887 1955 1964 2006 via
1989 1953 2081 2007 Ti-

575 2052 773 2104 burtina
802 2050 863 2101 ad
907 2057 1137 2101 sanctum
1169 2045 1496 2098 Laurentium
1534 2044 1697 2096 natale
1727 2053 1914 2096 sancta:
1939 2043 2076 2096 Con-

572 2137 782 2197 cordia,
812 2150 962 2202 quam
995 2133 1209 2185 Deciana
1238 2131 1521 2198 persecutio
1550 2130 1833 2182 trucidavit.

641 2224 701 2275 Ε.
735 2221 815 2274 VII
866 2220 996 2273 ΚΑι..
1025 2218 1233 2272 Manut.
1262 2246 1325 2255 —
1356 2216 1409 2270 In
1438 2216 1710 2269 Pannoniis
1738 2215 1904 2268 natale
1928 2228 2078 2269 sanc-

2181 1958 2352 2009 ventio
2388 1958 2570 2022 capitis
2618 1957 2979 2023 praecursoris,
3034 1967 3263 2023 tempore
3293 1958 3532 2009 Marciani
3558 1959 3685 2023 prin-

2180 2044 2340 2109 cipis,
2394 2043 2597 2110 quando
2646 2044 2779 2096 idem
2828 2057 3112 2110 pra-cursor
3187 2045 3387 2095 duobus
3432 2047 3683 2097 monachus

2183 2130 2425 2183 assistens
2452 2134 2712 2198 praecepit,
2740 2140 2792 2183 ut
2818 2131 2879 2184 ad
2911 2130 3126 2183 ilerodis
3156 2133 3413 2200 quondam
3442 2134 3581 2199 regis
3604 2136 3683 2184 ba-

2185 2217 2459 2272 bitaculum
2488 2221 2823 2285 accedentes,
2858 2230 3013 2289 caput
3044 2228 3190 2273 suum
3237 2220 3304 2273 ibi
3340 2224 3679 2287 requirerent,

1769 2304 1986 2357 EDITIO
2024 2304 2497 2360 BOLLANDIANA.

572 2393 771 2464 ’νέξωῇ
786 2396 1081 2460 Secundini,
1107 2394 1325 2455 Servuli,
1349 2394 1534 2464 Siricii,
1565 2392 1884 2464 ῐίεΙίςὶεηςὶ.ζ
1900 2393 2073 2464 Satur-

576 2471 702 2523 nini.
725 2460 787 2519 A.
809 2466 869 2517 Τ.
896 2464 976 2526 L.,
1001 2466 1051 2515 In
1086 2465 1248 2516 Africa
1276 2462 1441 2513 natale
1461 2462 1553 2512 SS.
1584 2460 1823 2520 Secondi,
1854 2461 2076 2521 SerVuli,

574 2537 782 2596 Juliani,
813 2525 1092 2592 Saturnini,
1124 2529 1307 2584 Felicis
1348 2539 1401 2581 et
1427 2530 1640 2580 aliorum
1686 2525 2073 2593 septemdecim.

576 2605 776 2659 Primus
805 2602 945 2654 deest
971 2602 1019 2651 in
1049 2599 1107 2651 L.

646 2674 733 2732 A.,
763 2670 923 2734 primo
942 2668 1075 2734 loco.
1107 2664 1367 2734 Nobiliaco
1392 2662 1698 2734 monasterio
1717 2661 1970 2734 dedicatio
1991 2675 2077 2716 ec-

577 2729 745 2792 clesia:
766 2729 831 2789 'S.
861 2743 883 2768 ιι
912 2733 1112 2785 Vedasti
1138 2732 1356 2794 episcopi
1383 2741 1433 2782 et
1458 2729 1765 2782 confessoris
1792 2746 1803 2778 :
1835 2744 1947 2796 qua:
1976 2745 2067 2794 per

492 2850 495 2851 ν
581 2804 939 2859 revelationem
975 2798 1254 2866 angelicam
1284 2797 1341 2849 Β.
1373 2800 1595 2849 Auberto
1622 2797 1861 2862 episcopo
1905 2798 2072 2850 mani-

562 2877 758 2927 ‘iestata
786 2878 882 2924 est.

642 2963 731 3015 22.
752 2990 818 3003 --
838 2958 945 3011 Vlli
974 2956 1100 3010 ΚΑι..
1142 2953 1285 3023 Apud
1327 2952 1352 2991 δ
1382 2952 1699 3007 Antiochiam
1724 2949 1976 3006 Cathedra
2018 2952 2074 3007 S-

565 3050 735 3105 'Petri.

2261 2395 2340 2458 D.,
2374 2397 2513 2462 Apud
2544 2396 2835 2467 Sirmium}
2860 2396 3043 2467 Sinerii
3070 2395 3323 2459 monachi,
3352 2408 3405 2451 et
3430 2399 3681 2467 sexaginta

2180 2457 2396 2534 duorum
2420 2457 2828 2534 'tnattyr'nm.V.
2859 2463 2941 2527 C.,
2972 2464 3024 2516 In
3069 2469 3184 2516 Asta
3230 2474 3253 2510 ε
3295 2457 3679 2534 ρριςρπνὶἐιν-

2176 2532 2321 2601 βεξοΨ
2351 2532 2608 2601 curuatis
2627 2532 2895 2601 duodecim
2911 2546 2965 2601 et
2991 2531 3408 2601 8.,11ρσιυεεε[ν.ζ
3436 2534 3671 2600 Ειυτὶιήςι.

2180 2599 2241 2649 A.
2277 2598 2340 2649 Τ.
2369 2598 2447 2661 L.,
2476 2599 2719 2651 Nativitas
2761 2598 2815 2651 S.
2854 2597 2877 2634 ι·
2902 2597 3110 2651 Joannis
3139 2597 3482 2663 evangelista.
3513 2600 3574 2652 A.
3606 2597 3681 2663 Τ..

2182 2664 2413 2731 Smyrna:
2444 2668 2607 2717 natale
2635 2679 2922 2718 sanctorum
2950 2670 3015 2719 de
3042 2666 3262 2730 antiquis
3289 2668 3464 2717 lloroti
3486 2680 3536 2716 et
3563 2668 3679 2718 Gar-

2184 2734 2347 2797 phori.
2386 2734 2447 2784 Τ.
2476 2733 2787 2795 interponit:
2824 2732 3013 2785 Eodem
3060 2734 3140 2785 die
3169 2736 3347 2785 natalis
3377 2735 3434 2787 S.
3480 2733 3496 2770 ί
3535 2736 3679 2800 l'oly-

2182 2800 2317 2865 carpi
2374 2802 2652 2865 presbyteri
2680 2809 2731 2851 et
2768 2803 3091 2851 confessoris.
3127 2800 3208 2860 L.,
3241 2801 3296 2850 Et
3345 2801 3393 2852 in
3428 2803 3441 2848 i
3486 2802 3680 2851 Panno—

2182 2868 2299 2944 niis.
2322 2866 2417 2919 SS.
2464 2868 2723 2933 Antigoni,
2757 2867 2957 2931 Itutuli,
2992 2869 3138 2932 Libii,
3185 2869 3484 2921 Uminandri
3512 2880 3565 2922 et
3593 2870 3677 2921 leo

2183 2948 2349 2986 1101115-

2246 3020 2333 3074 25.
2356 3050 2421 3061 --
2451 3022 2511 3075 Vl
2543 3022 2667 3075 Κλι..
2694 3021 2717 3058 ιι
2745 3022 2970 3078 lnventio
3004 3024 3186 3090 capitis
3212 3023 3423 3079 Joannis
3472 3039 3681 3092 praecor-

647 3136 797 3189 Mdit
827 3134 886 3185 V.
915 3140 966 3185 et
1002 3130 1084 3191 C.,
1130 3130 1189 3181 Et
1236 3126 1540 3198 S.7Theela.f.
1582 3128 1643 3198 Α.
1666 3126 1749 3198 T_.,
1777 3126 2070 3198 Nicomedia

2181 3111 2331 3172 seris,
2357 3120 2410 3163 et
2436 3113 2602 3164 natale
2630 3112 2685 3165 S.
2716 3111 2936 3166 Matthiae
2962 3116 3200 3180 apostoli.

582 3204 748 3260 natale
774 3202 830 3255 S.
858 3204 878 3230 ο
905 3199 1106 3252 'Iheclaa
1126 3197 1360 3263 virginis,
1400 3195 1659 3263 discipulis:
1688 3196 1743 3246 S.
1775 3194 1915 3245 Pauli
1944 3209 2068 3260 apo-

576 3271 714 3326 stoli.
748 3272 920 3321 Itonia:
962 3268 1039 3317 via
1092 3262 1351 3315 Tiburtina
1402 3264 1463 3313 ad
1508 3262 1562 3315 S.
1598 3262 1921 3313 Laurentium
1974 3277 2068 3312 na-

578 3342 675 3393 tale
702 3338 758 3392 S.
790 3336 811 3372 ἀ
843 3333 1155 3387 Concordiae.
1186 3331 1238 3382 In
1284 3332 1468 3383 Sirmio
1514 3333 1675 3382 natale
1704 3330 1758 3383 S.
1794 3337 1815 3364 ⁸
1843 3326 2069 3391 Serente,

578 3422 690 3474 qua:
740 3417 965 3474 tempore
1023 3399 1277 3474 Maximini
1331 3399 1558 3474 plexione
1612 3398 1801 3474 capitis
1844 3400 2069 3474 suscepit

580 3463 893 3541 martyrium.
927 3471 1139 3522 Eadem.
1164 3468 1410 3518 habentur
1451 3467 1501 3517 in
1531 3467 1611 3530 L.,
1640 3467 1727 3518 sed
1758 3466 1900 3517 abest
1940 3463 2072 3516 Con-

582 3543 772 3594 cordia.

632 3628 728 3680 25.
747 3654 809 3665 -
834 3624 915 3679 Vll
940 3623 1064 3678 Kac.
1090 3622 1245 3675 Vacat
1273 3620 1442 3674 Bmda.

2240 3195 2393 3249 Addit
2423 3196 2601 3250 Florus
2630 3197 2681 3250 in
2711 3201 2771 3250 A.
2797 3198 2860 3251 Τ.
2885 3198 2968 3261 L.,
2993 3200 3088 3263 Qui
3112 3213 3174 3249 ex
3203 3198 3462 3284 discipulis
3483 3209 3651 3265 septut

2174 3283 2310 3354 ginta
2357 3297 2495 3339 sorte
2542 3288 2734 3339 electus
2780 3302 2869 3352 pro
2896 3285 3025 3337 Iuda
3066 3283 3670 3345 Scariothduodecituus

2177 3376 2309 3428 inter
2337 3375 2591 3440 apostolos
2619 3374 2923 3440 subrogatus
2948 3382 3046 3425 est.

2248 3462 2439 3516 Similia
2486 3462 2637 3513 habet
2666 3461 2721 3511 V.
2749 3472 2801 3512 et
2842 3460 3097 3527 subiungit
3123 3478 3134 3510 ε
3168 3461 3307 3512 solus
3334 3460 3443 3512 sine
3469 3473 3657 3525 cogno-

2183 3540 2373 3591 mento,
2404 3530 2483 3579 cui
2512 3529 2660 3579 datur
2692 3528 2941 3593 Evangelii
2983 3529 3273 3589 praedicatio
3301 3530 3349 3578 in
3378 3528 3569 3579 Iudaea.
3605 3535 3666 3579 Α.

2182 3599 2266 3660 Τ.,
2294 3597 2345 3649 In
2384 3596 2674 3649 Nicomedia
2718 3598 2894 3649 natalis
2938 3594 3147 3647 Luciani
3184 3597 3485 3663 presbyteri.
3518 3596 3554 3647 L
3580 3634 3594 3657 ,
3624 3596 3682 3646 ει

1917 3707 2113 3762 ΞΜΙΤΙΙ
2151 3706 2363 3762 ΝΟΤᾸΞ.

646 3812 670 3839 ³
708 3803 925 3856 Vetfasti.
950 3802 1004 3854 S.
1032 3802 1285 3852 Aubertus
1311 3799 1502 3849 visione
1530 3797 1755 3863 angelica
1786 3796 2078 3851 admonitus

585 3872 840 3922 transtulit
866 3872 921 3921 ὃ.
950 3868 1150 3919 Vedasti
1182 3867 1418 3932 reliquias
1446 3865 1495 3915 in
1542 3863 1857 3915 Nobiliacurn
1901 3864 2077 3915 civita-

586 3950 712 4001 tetn,
739 3952 888 4001 quam
924 3935 990 3987 ob
1032 3949 1233 3985 causam
1280 3931 1327 3984 in
1362 3931 1619 4001 honorem
1666 3932 1720 4001 δ.
1759 3932 2075 4001 Veil:t§ti__ibi

579 3996 806 4058 dedicata
830 4013 909 4057 est
935 4002 1179 4055 Ecclesia.
1207 4000 1329 4053 Vide
1358 4000 1651 4051 Bollandum
1678 3998 1726 4049 in
1758 3998 1865 4049 Vita
1888 3998 1942 4051 S.
1971 3996 2075 4050 Ve-

580 4074 729 4126 dasti.

648 4142 673 4177 δ
702 4139 981 4191 Antiochiet.
999 4135 1092 4188 Ubi
1117 4136 1245 4186 sedit
1263 4136 1292 4187 7
1307 4148 1486 4191 annos.
1500 4132 1749 4186 Cathedra
1769 4132 1879 4200 ejus
1903 4133 2076 4185 Romae

588 4209 873 4261 celebratur
897 4221 955 4256 xv
981 4204 1093 4257 Kal.
1120 4202 1269 4254 Febr.
1298 4201 1421 4252 Vide
1449 4215 1617 4262 supra.

654 4284 675 4312 ο
710 4275 918 4325 ΤΙιεεΙω.
943 4273 1059 4324 Ilaec
1085 4272 1269 4321 colitur
1298 4269 1423 4320 infra
1452 4267 1517 4318 εὖ
1539 4267 1885 4333 Septembris:
1918 4267 2076 4319 Hodie

585 4351 754 4395 tamen
784 4338 1093 4393 Nicomedia:
1118 4352 1267 4404 passa
1298 4334 1483 4387 dicitur
1511 4352 1523 4387 :
1555 4336 1641 4387 illo
1669 4348 1787 4386 vero
1813 4336 1894 4385 die
1924 4334 2076 4386 lconii

580 4410 630 4461 in
659 4408 943 4477 Lycaonia.
1044 4474 1068 4477 __
1224 4470 1255 4477 _
1327 4469 1337 4477 _
1713 4468 1724 4477 .
1792 4475 1798 4477 Α
1901 4468 1949 4477 ..
2020 4468 2030 4477 .

650 4474 671 4511 ά
699 4468 1005 4526 Έοηεονάίιι».
1036 4474 1192 4535 Quam
1224 4469 1438 4521 Deciana
1476 4468 1760 4533 persecutio
1788 4468 2077 4519 trucidavit.

590 4544 733 4593 tia-da
768 4544 937 4609 Vulg,
965 4542 1222 4602 Rabanus,
1248 4536 1530 4598 Notkerus;
1557 4538 1619 4587 de
1660 4536 1753 4587 hac
1798 4536 1910 4587 vide
1951 4535 2077 4587 infra

584 4614 647 4662 15
671 4616 797 4662 Λυιζ.

654 4649 919 4728 suggeram.
947 4675 1084 4736 llaec,
1111 4682 1166 4724 ut
1194 4671 1406 4730 videtur,
1438 4670 1613 4722 eadem
1641 4677 1720 4720 est
1745 4682 1858 4721 cum
1880 4669 2078 4722 Sinerio

584 4746 659 4795 vel
690 4744 893 4802 Sirene,
920 4743 1002 4807 qui
1033 4740 1159 4794 infra
1187 4741 1269 4790 die
1296 4738 1525 4804 sequenti
1551 4737 1753 4807 colitur.

654 4811 672 4847 τ
708 4812 905 4865 Sinert'i.
930 4804 1053 4861 Cum
1083 4810 1190 4873 ipse
1208 4809 1303 4858 srbi
1332 4806 1530 4857 hortum
1560 4804 1840 4873 excoleret,
1868 4813 1917 4873 et
1942 4818 2076 4873 unus

582 4894 643 4929 ex
670 4879 960 4931 domesticis
991 4870 1305 4939 imperatoris
1336 4872 1619 4924 Maximiani
1643 4872 1833 4922 amicus
1866 4870 2073 4939 intimus

584 4956 747 5004 esset;
779 4945 994 5010 quadam
1019 4938 1101 4994 die
1138 4954 1343 4991 uxorem
1373 4940 1506 5010 illius
1535 4941 1585 4991 in
1630 4939 1777 4991 horto
1818 4951 1912 5010 suo
1953 4938 2075 5010 hora

588 5004 856 5076 incongrita
884 5011 1286 5061 deambulantem
1312 5009 1535 5076 reperit:
1567 5020 1781 5076 eamque
1802 5004 1988 5076 acriter
2011 5004 2076 5076 de

587 5070 902 5129 immodestia
948 5075 1246 5141 increpavit,
1282 5070 1471 5125 etcum
1516 5070 1861 5141 indignatione
1899 5070 2073 5141 eiecit.

584 5147 705 5209 Quae
750 5146 856 5195 viro
900 5158 990 5194 Suo
1032 5138 1101 5194 de
1140 5143 1333 5194 Sereno
1370 5141 1737 5209 conqueritur:
1775 5139 1867 5209 qui
1911 5138 2075 5189 verbis

584 5205 814 5277 contingis
840 5209 904 5261 ad
944 5210 1249 5260 iracundiam
1280 5216 1462 5277 motus.
1496 5208 1551 5258 S.
1582 5205 1827 5277 Serenum
1860 5207 2077 5277 impera-

585 5270 775 5329 tmi'uii
800 5278 1137 5329 Christianum
1161 5284 1383 5325 accusat.
1412 5274 1595 5336 Sicque
1616 5270 1837 5321 Serenus
1861 5270 2074 5337 iubente

586 5347 890 5410 imperatore
916 5354 1083 5410 tentus
1106 5351 1236 5410 etse
1260 5342 1596 5410 Chrisnanum
1617 5340 1877 5390 confessus
1904 5338 2074 5405 capite

586 5408 746 5463 cmsus
771 5422 865 5462 est.
898 5412 1029 5462 l’etr.
1053 5408 1115 5460 de
1140 5408 1419 5459 Natalibus.

653 5489 675 5523 s
710 5478 968 5543 Polycarpt‘
997 5476 1227 5539 episcopi.
1254 5473 1347 5543 Qui
1380 5474 1471 5543 hoc
1492 5472 1571 5524 die
1600 5471 1840 5540 martyrio
1866 5484 2074 5543 corona-

504 5585 512 5593 .
588 5556 665 5595 tus
694 5539 891 5604 dicit'nr,
920 5539 1201 5605 coliturque
1244 5554 1269 5589 τι
1299 5541 1505 5596 Crrccis.
1538 5550 1589 5589 ut
1619 5549 1755 5603 patet
1781 5554 1839 5590 ex
1872 5539 2073 5590 Mena-is

583 5624 635 5665 et
660 5612 954 5677 Menologio.
982 5610 1253 5677 [ascriptus
1289 5610 1439 5661 etiam
1469 5606 1835 5675 Martyrologiis
1864 5608 1915 5661 S.
1949 5606 2067 5659 Ilie-

2187 3800 2409 3866 ronytni,
2454 3797 2677 3859 Rabani,
2712 3796 2959 3851 .Galesinii
2986 3804 3038 3850 et
3062 3797 3193 3861 aliis,
3225 3797 3313 3851 sed
3342 3798 3403 3850 de
3432 3798 3523 3849 hoc
3573 3800 3679 3851 vide

2178 3880 2326 3968 supra
2356 3866 2743 3944 uvrdanuarii.

2303 3932 2507 3968 Ini-unae
2556 3934 2626 3968 ns
2661 3936 2742 3968 ιι...

2300 3932 2526 3985 Joannis.
2556 3934 2626 3987 De
2660 3934 2806 4001 huius
2836 3933 2985 3984 natali
3016 3932 3271 3999 agendum
3300 3933 3395 3984 erit
3420 3948 3555 3985 nvn
3587 3933 3679 3984 De-

2179 4003 2419 4053 cembris.

2250 4068 2261 4103 ¹
2305 4068 2583 4135 Polycarpi.
2615 4068 2868 4120 Netlterus
2898 4068 3048 4118 habet
3070 4064 3294 4135 {Roma
3319 4066 3374 4119 S.
3418 4065 3676 4134 Polycarpi

2179 4133 2479 4203 presbyteri.
2518 4133 2674 4185 'liarda
2720 4134 2890 4199 Vulg.,
2922 4135 3047 4194 Ade,
3090 4133 3378 4203 ‘Usuardus,
3412 4133 3679 4197 nosterque

2178 4201 2353 4255 auctor
2376 4203 2722 4255 confessorem
2751 4212 2959 4264 vocant;
2993 4201 3252 4266 probabile
3281 4214 3359 4254 εει
3389 4202 3541 4267 igitur
3566 4218 3675 4254 eum

2177 4272 2309 4322 sicca
2340 4282 2500 4322 morte
2540 4270 2851 4323 defunctum.
2889 4272 2991 4320 Hoc
3021 4281 3216 4321 certum
3247 4282 3345 4332 eSI,
3376 4285 3490 4321 cum
3532 4272 3671 4333 iussu

2105 4311 2154 4368 Ῑ)
2184 4318 2477 4388 Diocletiani
2524 4338 2849 4389 Chromatius
2886 4337 3154 4399 praefectus
3185 4338 3232 4388 in
3264 4313 3501 4388 exsilium
3532 4311 3673 4400 ’apnd

2176 4403 2500 4469 Campaniam
2529 4418 2642 4455 cum
2683 4406 2858 4458 multis
2884 4402 3185 4455 Christianis
3231 4405 3533 4465 mitteretur,
3580 4405 3671 4455 t’oo

2176 4472 2435 4537 tycarpum
2466 4483 2647 4535 sponte
2681 4487 2853 4523 secum
2884 4471 3120 4537 ex~ilinm
3150 4470 3399 4529 subiisse;
3429 4474 3564 4535 quod
3598 4480 3675 4522 ta-

2175 4536 2291 4590 men
2320 4538 2365 4591 ei
2401 4551 2572 4603 pos:ea
2601 4539 2783 4590 accidit
2814 4539 3008 4603 penitus
3038 4536 3287 4604 ignotum.
3319 4538 3669 4605 Martyrologia

2174 4605 2221 4656 in
2257 4608 2351 4658 hoc
2376 4608 2715 4668 consentiunt,
2741 4620 2856 4657 cum
2881 4606 3068 4657 scilicet
3090 4620 3204 4657 cum
3233 4606 3536 4658 Sebastiano
3565 4606 3676 4671 plu-

2174 4674 2329 4724 rimos
2358 4674 2418 4724 ad
2450 4674 2595 4724 fidem
2624 4673 2811 4725 Christi
2851 4674 3182 4735 convertisse,
3212 4684 3365 4739 atque
3390 4675 3451 4723 ad
3480 4686 3670 4742 marty-

2178 4741 2236 4790 rii
2264 4742 2471 4805 gloriam
2505 4742 2819 4802 perduxisse.
3264 4758 3267 4761 ·

2250 4803 2283 4853 Γ
2307 4807 2597 4859 Ρωιηοηρἱς.
2624 4808 2791 4857 δίηιιὶἱ
2818 4807 3013 4858 scilicet
3039 4806 3130 4856 hos
3160 4818 3338 4869 passos
3375 4803 3566 4869 indicat
3592 4819 3674 4858 ve-

2176 4873 2508 4924 tustissimum
2538 4875 2943 4941 Martyrologium
2974 4874 3255 4925 Romanum
3285 4874 3393 4925 sive
3418 4873 3472 4924 S.
3499 4868 3673 4926 Iliero-

2176 4943 2335 4989 nvmi.
2388 4940 2676 4989 Bollandus.

2230 4956 2335 4991 imi.
2388 4956 2676 4991 UOIlillIUUS.

2175 4943 2335 5007 nymi.
2388 4941 2676 4991 Bollandus.

2245 5006 2266 5043 ιι
2297 5007 2534 5058 Iuventio.
2571 5007 2730 5059 Hodie
2768 5004 3047 5060 secundum
3075 5006 3343 5058 liaronium
3371 5003 3535 5071 prima
3580 5017 3669 5055 ca-

2174 5075 2289 5139 pitis
2339 5078 2392 5125 ὃ.
2434 5074 2641 5127 Joannis
2692 5074 2914 5127 inventio
2961 5073 3087 5128 facta
3136 5075 3367 5125 traditur.
3422 5073 3572 5125 ιλιαδ
3618 5071 3669 5124 In

2171 5142 2423 5193 Chronico
2450 5143 2544 5193 sub
2574 5141 2798 5205 principe
2824 5140 3066 5191 Martiano
3094 5140 3202 5192 haec
3230 5142 3384 5191 habet
3408 5156 3421 5191 :
3446 5139 3668 5196 Joannes

2175 5210 2395 5270 Baptista
2441 5218 2592 5274 caput
2619 5220 2764 5256 suum
2806 5208 3003 5257 duobus
3048 5210 3307 5259 monachis
3348 5206 3672 5257 orievnatttttts

2172 5277 2255 5339 qui
2286 5279 2349 5325 ob
2376 5279 2652 5325 orationem
2682 5283 2923 5325 venerant
2951 5274 3375 5340 Ilierossolymam,
3403 5274 3544 5337 iusta
3574 5274 3671 5321 tte-

2173 5344 2307 5392 rodis
2329 5343 2581 5404 quondam
2607 5341 2739 5407 regis
2766 5340 3108 5391 habitaculum
3132 5341 3348 5400 revelat,
3369 5340 3503 5405 quod
3527 5340 3669 5388 dein.

2171 5422 2291 5473 ceps
2335 5408 2555 5458 Emi~am
2590 5408 2864 5461 Pbcniciac
2903 5408 3079 5459 urbem
3126 5407 3397 5472 perlatum.
3424 5413 3480 5459 et
3520 5408 3667 5473 digne

2173 5472 2365 5527 honore
2412 5476 2601 5527 cultum
2628 5483 2725 5530 cst.
2755 5474 2831 5529 De
2855 5473 3149 5527 inventione
3178 5475 3368 5528 iterum
3397 5472 3666 5526 dicendus

2178 5558 2291 5595 ut:
2329 5540 2559 5609 Augusti.

3260 5555 3846 6209 Δ
