3888 6346
172 407 272 460 857

1240 412 1424 468 SECT.
1466 414 1631 466 11.·--
1669 417 2210 472 ΜΑητγηοιοσιΑ.

3194 411 3295 469 858

1406 523 1622 576 EDITIO
1659 527 2100 580 COLONIENSIS.

173 600 338 651 sancti
367 601 598 668 Gregorii
639 603 891 670 episcopi,
936 604 1105 659 fratris
1141 606 1273 660 beati
1310 608 1479 661 Basilii
1508 610 1685 662 Cacsa-
1712 620 1761 671 Α
1795 627 1915 664 num
1946 614 2215 666 hmreticos
2239 612 2498 686 damnavit
2527 628 2541 665 :
2571 623 2622 667 et
2650 614 2933 676 constituit,
2961 623 3013 667 ut
3045 616 3128 682 qui
3148 625 3299 668 natus

176 689 396 752 riensis,
443 690 539 742 viri
592 691 908 757 doctissimi,
958 703 1013 747 et
1059 693 1350 760 eloquentia
1394 696 1686 749 clarissimi.

175 780 326 844 Apud
354 781 689 833 Barcinonam
719 782 915 835 Patiani
942 785 1196 850 episcopi,
1228 793 1331 835 tam
1360 786 1460 837 vita
1481 826 1494 848 ,
1536 800 1686 851 quam

173 880 420 919 sermone
446 868 614 930 clari;
660 871 744 934 qui
787 872 980 934 optima
1022 880 1289 924 senectute
1327 882 1560 923 mortuus
1588 880 1689 935 est,

178 952 457 1007 Theodosii
481 957 723 1021 principis
744 967 998 1025 tempore.
1051 959 1103 1010 In
1137 959 1466 1021 Alexandria,
1500 959 1687 1023 Eracli,

172 1042 396 1107 Zosimi,
432 1044 728 1097 Alexandri.

242 1133 309 1183 A.
350 1131 411 1184 iV
474 1132 586 1185 lous
636 1133 847 1186 Marum.
888 1160 959 1175 --
1020 1133 1200 1187 Romae
1253 1135 1413 1187 sancti
1454 1133 1691 1200 Gregorii

170 1232 343 1286 papae,
364 1221 449 1287 qui
480 1221 529 1272 in
561 1220 672 1288 lege
699 1222 786 1273 Dei
808 1222 1243 1275 luculentissimus
1268 1223 1447 1274 doctor
1465 1222 1690 1283 exstitit,

169 1316 225 1360 et
275 1316 479 1374 gentem
508 1309 791 1375 Anglorum
835 1324 925 1376 per
972 1311 1307 1377 Augusﬁnum
1354 1318 1407 1363 et
1447 1310 1689 1362 Mellitum

165 1404 328 1462 atque
356 1394 825 1461 Joannem,servos
844 1392 966 1462 Dei,
996 1398 1057 1450 ad
1087 1398 1237 1450 [idem
1262 1397 1449 1450 Christi
1478 1412 1694 1450 conver-

168 1483 255 1547 tit,
285 1484 373 1549 qui
418 1484 553 1537 sedit
598 1483 664 1537 ibi
695 1498 857 1537 annos
888 1484 1153 1547 tredecim,
1197 1500 1402 1538 menses
1435 1500 1548 1549 sex,
1584 1484 1694 1537 dies

165 1570 378 1623 decem.
430 1571 522 1624 Hic
572 1572 922 1638 augmentavit
990 1575 1040 1625 in
1096 1573 1387 1637 precatione
1433 1573 1691 1625 Canonis:

169 1674 190 1707 ι
226 1658 453 1725 Diesque
498 1670 701 1713 nostros
728 1661 778 1714 in
813 1671 895 1714 tua
926 1677 1049 1729 pace
1075 1662 1339 1729 dispone.»
1376 1662 1571 1716 Eodem
1611 1662 1696 1716 die

162 1746 309 1799 beati
357 1747 637 1802 Innocentii
671 1764 848 1815 papas,
898 1749 984 1815 qui
1035 1751 1168 1803 rexit
1202 1751 1486 1803 Ecclesium
1532 1764 1695 1804 annos

162 1836 487 1901 quindecim,
512 1850 719 1890 menses
741 1838 891 1901 duos,
916 1838 1027 1890 dies
1057 1839 1235 1906 viginti
1262 1853 1436 1891 unum.
1465 1840 1556 1892 llic
1578 1854 1698 1892 con-
1725 1865 1728 1869 ν

1789 699 1969 752 fuisset
2009 699 2072 751 de
2100 700 2403 763 ChriStiana,
2440 716 2531 767 per
2570 701 2875 767 baptismum
2916 714 3298 767 renasceretur,

1788 790 1920 851 quod
1970 786 2201 853 Pelagius
2246 788 2537 840 damnabat.
2581 790 2725 856 Apud
2769 791 3121 844 Nicomediam
3158 792 3300 859 beati

1792 874 1925 926 Petri
1954 874 2189 941 martyris
2206 876 2311 926 sub
2340 874 2677 952 Diocletiano,
2704 892 2768 930 eo
2789 878 2922 945 quod
2946 879 3009 931 de
3032 861 3300 931 imuiensis

1790 960 2026 1029 martyris
2051 963 2211 1014 sancti
2232 961 2405 1015 Nomas
2432 964 2696 1031 suppliciis
2724 976 3044 1031 causaretur,
3074 968 3298 1033 appendi

1785 1048 1956 1114 jussus
1981 1058 2080 1114 est,
2110 1058 2162 1101 et
2185 1050 2354 1116 ﬂagris
2376 1058 2534 1103 totum
2566 1066 2755 1115 corpus
2780 1054 2979 1113 laniari.
3006 1063 3060 1108 et
3089 1055 3301 1109 visceri-

1791 1134 1882 1185 bus
1909 1133 2015 1199 jam
2066 1136 2197 1201 pelle
2235 1137 2454 1199 nudatis,
2496 1139 2815 1204 perfunditur
2852 1150 3001 1193 aceto
3051 1152 3105 1195 et
3145 1142 3254 1195 sale
3286 1159 3300 1194 :

1791 1222 2065 1274 novissime
2093 1223 2143 1273 in
2174 1225 2415 1277 craticula
2446 1228 2620 1291 pronis
2645 1228 2980 1280 subterstrata
3007 1228 3159 1281 vitam
3186 1228 3303 1281 ﬂui-

1791 1314 1882 1364 vit.
1921 1313 2046 1365 Item
2083 1312 2391 1366 Nicomedia:
2412 1316 2580 1369 natale
2606 1329 2900 1369 sanctorum
2925 1318 3119 1385 Egdoni
3152 1333 3297 1381 pres-

1792 1401 1976 1470 byteri,
2005 1411 2058 1454 et
2086 1402 2299 1452 aliorum
2327 1412 2543 1468 septem,
2578 1404 2661 1469 qui
2688 1405 2869 1457 diebus
2897 1404 3110 1472 singulis
3137 1403 3295 1457 suffo-

1791 1492 1892 1543 cati
1936 1501 2075 1552 sunt,
2110 1499 2164 1543 ut
2209 1492 2412 1543 caeteris
2454 1500 2619 1544 metus
2660 1494 2994 1560 incuteretur,
3039 1503 3090 1547 et
3134 1493 3305 1561 passio

1791 1574 1953 1630 saucii
1986 1578 2312 1630 Maximiliani
2341 1578 2601 1645 martyris.

1866 1664 1920 1735 β.
1962 1663 2021 1713 ΙΙΙ
2061 1662 2171 1715 lous
2224 1663 2431 1715 Mauro.
2472 1692 2538 1703 —
2586 1662 2729 1730 Apud
2759 1664 3103 1717 Nicomediam
3135 1665 3305 1718 natale

1792 1759 2086 1801 sanctorum
2120 1748 2400 1799 Macedonii
2434 1750 2719 1818 presbyteri
2743 1790 2756 1812 .
2788 1762 2837 1804 et
2870 1752 3100 1805 Patriciae
3128 1754 3303 1807 uxoris

1794 1838 1930 1901 ejus.
1964 1846 2015 1888 et
2046 1836 2163 1888 lilia:
2203 1837 2468 1891 Modesttc.
2496 1839 2546 1890 In
2570 1839 2736 1891 Nicaea
2765 1840 2970 1893 civitate
3000 1843 3164 1894 natale
3191 1856 3311 1894 san-

160 1926 412 1979 stitutum
434 1926 555 1981 fecit
579 1926 642 1980 de
671 1928 921 1991 Ecclesia,
950 1938 1003 1980 et
1026 1927 1285 1994 Pelagium
1310 1938 1460 1995 atque
1480 1929 1692 1983 Celesti-
1725 1926 1989 1982 Bctor—um
2041 1919 2317 1997 martyrum
2368 1929 2601 1983 Teusette
2630 1969 2644 1994 ,
2689 1930 2741 1983 et
2787 1929 2964 1984 ilorris
3012 1931 3101 1983 lilii
3152 1931 3306 1999 ejus:
3384 1980 3387 1985 .

1068 2006 1077 2017 “
1412 2032 1634 2087 como
1674 2035 2155 2091 commotam.

162 2119 479 2187 tyrumisub
516 2118 730 2171 Licinio.
773 2118 961 2187 νεα,
990 2119 1295 2187 Carthagine
1335 2120 1547 2185 Eraclii,
1589 2122 1691 2175 Zo-

159 2184 308 2239 simi.
349 2186 401 2238 In
430 2195 455 2222 ι
497 2188 803 2239 Alexandra
830 2186 983 2251 Gagi,
1024 2184 1255 2240 Candidi.
1290 2188 1372 2252 C.,
1406 2190 1467 2239 Et
1494 2191 1577 2241 alii
1606 2207 1687 2242 xv.

158 2258 228 2307 Δ.
257 2254 321 2305 Τ.
357 2257 435 2319 L.,
466 2255 517 2305 Itt
542 2254 832 2306 Nicomedia
864 2254 957 2306 SS.
987 2253 1011 2289 δ
1044 2255 1303 2321 Gorgonii,
1340 2257 1543 2318 Eraclii,
1572 2259 1691 2310 Ale-

160 2321 351 2373 xandri
378 2339 391 2383 ;
424 2324 513 2374 sed
543 2323 687 2373 deest
713 2327 759 2372 in
791 2321 846 2375 L.
880 2324 1019 2374 locus
1046 2326 1243 2386 agonis.
1279 2325 1363 2384 'l‘.,
1398 2325 1448 2375 In
1475 2325 1687 2375 Cartha—

158 2390 288 2455 gine
318 2388 528 2440 Zosimi.
563 2390 613 2441 In
646 2393 951 2442 Alexandria
983 2393 1147 2442 natale
1175 2394 1266 2444 SS.
1294 2392 1525 2452 Candidi,
1558 2392 1691 2444 Mar-

158 2457 334 2525 ciani,
378 2458 596 2519 Quirilli.
645 2459 727 2518 L.,‘
768 2459 820 2508 lu
850 2458 1155 2525 Carthagine
1193 2459 1411 2521 Zosimi,
1443 2461 1687 2523 Candidi,

159 2524 440 2594 μία-ὑφή,
491 2526 708 2589 Quirilli.
762 2527 848 2588 A.,
899 2525 952 2576 In
1003 2524 1132 2593 pago
1181 2529 1409 2581 Atrebati
1440 2529 1692 2594 depositio

156 2590 217 2643 S.
257 2595 279 2620 ε
318 2592 617 2644 Vindiciani.

234 2677 321 2731 12.
354 2707 421 2717 —
447 2678 507 2732 ιγ
540 2678 614 2731 In.
639 2678 899 2747 Depositio
937 2678 992 2734 S.
1023 2680 1047 2719 ιι
1086 2679 1316 2747 Gregorii
1349 2694 1491 2748 papae.
1528 2681 1692 2737 beata

157 2767 451 2821 memoria.

236 2859 442 2924 Florus,
487 2860 537 2912 in
589 2861 649 2913 Α.
697 2860 757 2914 Τ.
808 2860 862 2913 Ι...
913 2877 925 2911 :
970 2860 1031 2913 Et
1079 2862 1128 2912 iu
1180 2860 1471 2915 Nicomedia
1519 2864 1688 2929 passio

161 2948 186 2976 ⁸
216 2946 366 3001 Pioni
398 2949 703 3016 presbyteri,
750 2948 835 3015 qui
886 2962 1064 3015 passus
1110 2958 1189 3002 est
1232 2952 1328 3003 sub
1376 2950 1689 3005 Proconsnle

1796 2128 1933 2177 Asiae
1964 2126 2103 2177 Julio
2136 2125 2315 2177 Proclo
2351 2133 2404 2177 et
2439 2125 2771 2189 Quintiliano,
2800 2128 2883 2195 qui
2925 2136 3040 2194 post
3075 2142 3311 2183 carceres

1792 2223 1841 2264 et
1866 2215 2098 2277 corporis
2128 2214 2547 2267 dilacerationem
2575 2215 2805 2270 conliqu
2850 2217 3008 2283 ligno,
3050 2231 3166 2290 eum
3206 2218 3313 2272 Me-

1792 2300 2003 2352 trodoro
2031 2305 2332 2367 presbytero
2364 2302 2463 2368 igni
2496 2303 2711 2355 traditus
2735 2312 2831 2356 est.

1862 2426 2030 2501 V._C..
2061 2426 2370 2479 Nicomedia:
2396 2427 2589 2501 Egdoni
2629 2427 2729 2497 [C.,
2762 2430 2980 2501 Agdoni]
3021 2434 3306 2501 presbyteri

1793 2502 1842 2547 et
1871 2494 2086 2566 aliorum
2128 2507 2323 2560 septem
2353 2494 2713 2566 suffocatoritm
2746 2498 2922 2549 diebus
2960 2494 3192 2566 singulis:
3220 2502 3307 2563 (3.,

1791 2564 1982 2633 t_tt_aliis
2004 2564 2290 2633 videntibus
2318 2565 2467 2615 timor
2487 2565 2830 2633 iucuteretur.
2861 2567 3029 2618 Romae
3049 2564 3309 2633 depositio

1796 2628 1813 2665 ί
1841 2629 2118 2682 lnnocentii
2140 2633 2389 2696 episcopi,
2414 2631 2497 2697 qui
2520 2635 2672 2684 etiam
2697 2635 2986 2685 nominatur
3008 2638 3055 2686 in
3077 2628 3140 2687 A.
3163 2636 3224 2688 Τ.
3248 2637 3307 2689 L.

1860 2762 1942 2814 i3.
1965 2790 2030 2800 —-
2057 2761 2116 2814 Ill
2146 2760 2212 2813 lo.
2244 2760 2296 2812 in
2323 2761 2609 2815 Nicomedia
2644 2764 2822 2816 natalis
2862 2763 3139 2818 Macedonii
3169 2782 3309 2831 pres-

1789 2851 1974 2920 byteri,
2012 2854 2072 2903 Et
2098 2851 2329 2904 Patriciae
2360 2852 2531 2904 uxoris
2558 2852 2688 2918 ejus,
2720 2863 2770 2906 et
2798 2854 2914 2910 lilite
2945 2853 3118 2907 Medos
3139 2871 3203 2909 te.

1863 2952 1922 3001 Α.
1953 2950 2013 3001 Τ.
2047 2949 2128 3010 L.,
2157 2956 2209 3000 et
2234 2949 2301 3001 S.-
2323 2958 2345 2994 Β
2376 2948 2619 3003 Eufrasite
2645 2951 2868 3017 virginis.

1535 3039 1726 3093 SMITH
1767 3040 1806 3091 Ν
1813 3038 1979 3093 UTIE.

234 3134 263 3162 ⁸
303 3126 721 3197 Αιεπαηάνὶαζιιί
766 3142 943 3197 omnes
988 3142 1149 3193 usque
1194 3127 1255 3179 ad
1286 3127 1516 3197 ultimum
1568 3129 1692 3192 Qni-
1718 3128 1761 3187 (Ξ
1796 3130 1874 3181 nia
1896 3128 2000 3181 fere
2020 3127 2372 3197 Martyrologia
2398 3127 2547 3197 hujus
2568 3128 2786 3180 natalem
2808 3130 3067 3182 celebrant
3090 3130 3240 3183 Febr.
3265 3146 3301 3195 t,

155 3196 589 3261 rillum,excepto
614 3192 892 3259 Gorgonio,
918 3192 1073 3261 juxta
1091 3196 1503 3261 Martyrologium
1530 3211 1689 3248 excu-

156 3279 283 3316 sum
312 3264 626 3333 Hier_onytni,
660 3278 709 3314 et
736 3267 943 3333 antiqua
970 3279 1094 3317 mss.
1123 3265 1482 3333 Martyrologia
1512 3279 1693 3332 quam-

157 3333 388 3397 plurima
413 3329 724 3395 Cartbagine
752 3329 883 3395 pasSi
918 3332 1178 3384 dicuntur.

232 3397 561 3469 PAGgorgonii.
614 3402 669 3452 S.
716 3398 1005 3469 Gorgonius
1053 3410 1247 3469 martyr
1289 3398 1691 3469 Nicomediensis

154 3467 263 3519 sub
296 3466 631 3527 Diocletiano,
662 3465 862 3517 soltbat
902 3469 1116 3519 solemni
1148 3465 1318 3520 cilicio
1366 3469 1413 3519 in
1460 3468 1690 3520 Ecclesia

156 3533 421 3587 Minden‘i
442 3536 535 3584 hoc
552 3536 637 3587 die
654 3535 749 3602 coli
769 3535 835 3585 ob
849 3536 1121 3585 adventum
1149 3535 1475 3602 reliquiarum
1496 3536 1608 3600 ejus
1628 3537 1692 3587 ad

156 3604 303 3656 illaut
343 3602 643 3653 Ecclesium.
694 3601 764 3653 De
791 3617 851 3651 eo
881 3612 1059 3667 agetur
1084 3606 1238 3655 etiam
1273 3620 1320 3657 tx
1351 3603 1690 3659 Septembris.

234 3673 259 3699 ‘
309 3669 607 3720 Vindicinni.
640 3668 750 3719 Nati
782 3670 1066 3721 Bellecurtii
1097 3673 1233 3725 circa
1259 3688 1344 3723 an.
1378 3672 1499 3729 620.
1531 3682 1583 3722 et
1609 3672 1691 3723 in-

155 3739 347 3791 structi
373 3753 401 3789 a
430 3738 522 3790 SS.
557 3737 720 3805 Eligio
745 3748 796 3790 et
826 3739 1095 3803 Aotberto,
1129 3757 1230 3802 quo
1255 3741 1494 3791 defuncto
1525 3739 1575 3789 in
1606 3755 1688 3791 se-

153 3808 284 3859 dem
325 3806 704 3873 episcopalem,
744 3806 967 3860 scilzcet.
1012 3809 1402 3862 Atrebatensem
1449 3806 1693 3860 soli'octus

154 3884 266 3926 est.
307 3875 589 3927 Ecclesiam
622 3874 712 3925 Dei
741 3874 1001 3939 genitricis
1032 3877 1419 3927 Atrebatensem
1450 3889 1511 3925 ex
1542 3878 1693 3927 rebus

156 3944 424 4008 pmpriis,
473 3958 568 4010 una
618 3956 747 4010 cum,
782 3941 1295 4010 regeg'l‘bendoriro,
1344 3944 1694 4010 augmentavit

153 4012 323 4072 villis,
349 4009 602 4070 ecclesiis,
632 4008 800 4069 terris.
829 4008 1158 4077 molendinis,
1189 4008 1689 4077 aliisque'subddiis.

151 4077 215 4131 In
254 4079 370 4129 villa
412 4078 696 4130 linnolcurt
734 4077 872 4127 sedis
900 4076 1463 4139 Cameracensis,’cum
1488 4082 1694 4142 ‘pretio-

150 4146 373 4199 sissimo
408 4156 631 4212 martyre
672 4143 969 4207 Lomberto,
1002 4151 1365 4198 monasterium
1407 4146 1695 4198 construxit

153 4216 225 4265 ad
264 4212 467 4264 laudem
500 4213 586 4264 Dei
614 4224 664 4263 et
690 4214 1073 4264 venerationem
1104 4215 1159 4267 S.
1192 4215 1355 4275 Petri,
1390 4215 1558 4277 ibique
1587 4214 1693 4265 cle-

151 4282 299 4333 ricos
326 4290 380 4333 et
418 4281 832 4333 sattctimoniales
860 4281 1142 4331 constituit.
1186 4281 1416 4348 Migravit
1456 4282 1517 4329 ad
1544 4281 1693 4331 Chri-

149 4362 299 4401 stum
333 4351 384 4402 in
418 4350 666 4401 Bruxellis
692 4362 796 4399 sua!
822 4349 1061 4400 dimeosis
1089 4350 1373 4412 territorio;
1403 4360 1453 4401 et
1482 4348 1689 4412 sepeliri

1793 3212 1905 3249 cum
1947 3197 2002 3250 S.
2034 3196 2291 3263 Dionysio,
2322 3197 2405 3261 qui
2439 3210 2500 3247 eo
2537 3196 2649 3261 ipso
2679 3198 2760 3247 die
2790 3212 2940 3262 supra
2973 3202 3304 3251 memoratur.

1793 3267 1953 3317 (Ξτωεί
1993 3278 2114 3315 vero
2146 3280 2193 3315 ιι
2232 3264 2394 3315 Martii
2425 3278 2543 3315 eum
2574 3266 2782 3316 eolunt.‘
2810 3266 3171 3318 Perseetttione
3202 3267 3306 3318 An-

1794 3332 1953 3385 tonini
1988 3332 2131 3409 V_eri,
2176 3334 2253 3383 vel
2302 3332 2482 3409 saltem
2534 3332 2701 3394 Decii,
2754 3342 2867 3409 post
2910 3334 3303 3409 insuperabilem

1792 3401 2181 3465 responsionum
2228 3401 2565 3450 ronstantiam
2614 3408 2665 3451 et
2709 3401 3000 3464 squalorem
3048 3402 3305 3463 carceris,

1793 3469 1876 3517 ubi
1906 3470 2093 3518 multos
2123 3465 2337 3518 fratrum
2373 3466 2435 3515 ad
2467 3467 2764 3532 martyrium
2798 3468 2903 3519 suis
2930 3468 3304 3519 exhortationi-

1793 3537 1889 3588 bus
1919 3535 2179 3586 roboravit
2209 3552 2221 3585 :
2254 3533 2317 3584 ad
2346 3533 2580 3585 ultimum
2608 3533 2915 3586 cruciatibus
2945 3536 3116 3587 multis
3146 3549 3305 3587 vexa-

1792 3611 1895 3662 tus,
1938 3602 2097 3654 clavis
2136 3602 2388 3663 confixus,
2433 3610 2484 3652 et
2524 3601 2723 3654 ardenti
2771 3617 2894 3668 rogo
2933 3603 3308 3666 superpositus,

1791 3670 1995 3723 beatum
2043 3684 2133 3734 pro
2160 3670 2366 3720 Christo
2408 3670 2619 3722 sortitus
2660 3680 2740 3722 est
2785 3670 2957 3721 linem.
3003 3670 3141 3722 Passi
3188 3678 3309 3723 sunt

1790 3753 1905 3791 cum
1936 3752 2000 3788 eo
2024 3746 2075 3789 et
2104 3738 2187 3788 alii
2218 3737 2529 3803 quindecim.
2560 3738 2706 3788 Baeda
2736 3739 2894 3802 vulg.,
2930 3739 3057 3799 Ado,
3093 3737 3301 3790 Notlter.

1863 3804 1882 3843 ί
1926 3804 2225 3856 Innocentii.
2254 3805 2347 3868 Qui
2378 3804 2553 3854 habuit
2580 3805 2793 3855 comites
2821 3806 3100 3856 secundum
3128 3805 3307 3856 lliero-

1792 3874 1933 3943 nymi
1964 3872 2381 3943 Martyrologium
2415 3871 2600 3943 Rasum
2628 3872 2920 3943 episcopum
2947 3882 2997 3923 et
3022 3871 3307 3943 .Inliannm.

1794 3938 1864 3994 D1:
1908 3943 1987 3994 bis
2032 3938 2303 4009 Bollandus
2332 3941 2407 3992 sic
2433 3940 2612 3991 scribit
2643 3957 2654 3991 :
2694 3938 2787 3990 Hic
2803 3943 2914 4009 jam
2942 3951 3155 3993 movetur
3184 3942 3310 4006 di/ﬁ-

1791 4012 1950 4061 cultas
1996 4011 2056 4061 de
2102 4008 2234 4060 hisce
2276 4010 2476 4076 sanctis,
2526 4010 2604 4058 ubi
2635 4008 2815 4076 {mrint
2857 4011 3089 4076 episcopi,
3123 4024 3179 4059 ac
3215 4025 3312 4074 quo

1790 4094 1962 4144 genere
1989 4079 2160 4127 mortis
2188 4078 2387 4126 sublati.
2413 4075 2609 4128 Scimus
2635 4076 2692 4126 S.
2724 4073 3064 4144 Innocentium
3094 4093 3124 4126 α
3156 4087 3312 4139 poste-

1790 4141 2001 4197 rioribus
2025 4144 2263 4194 creditum
2292 4144 2439 4207 fuisse
2464 4144 2741 4208 pontiﬁcem
2770 4141 3047 4193 Romanum
3066 4184 3078 4204 ,
3125 4154 3168 4195 ct
3194 4158 3308 4192 era-

1789 4230 1897 4266 sum
1927 4213 1983 4265 S.
2018 4211 2221 4262 Rasum.
2267 4212 2503 4279 Mortuus
2518 4222 2587 4261 est
2628 4210 2941 4263 Innocentius
2964 4214 3149 4279 primus
3176 4226 3312 4262 anno

1790 4282 1910 4343 M7,
1950 4282 2030 4332 (lie
2067 4295 2222 4332 xxvm
2268 4280 2415 4333 Julii.
2462 4277 2586 4346 Ejus
2630 4294 2803 4345 corpus
2846 4277 3134 4330 translatum
3174 4288 3241 4329 est
3279 4296 3309 4329 a

1791 4350 1965 4415 Szrgio
1995 4349 2051 4400 ll
2082 4350 2329 4411 pontiﬁce,
2356 4348 2437 4411 qui
2467 4345 2654 4398 creatus
2680 4357 2749 4396 est
2772 4363 2899 4397 anno
2925 4346 3045 4397 844.
3068 4374 3135 4413 τ-
3162 4345 3309 4397 Nihil

151 4418 403 4490 elegit‘in
434 4428 606 4490 monte
726 4417 893 4490 ltilligii‘,
924 4430 987 4469 eo
1014 4418 1160 4490 quod
1181 4420 1234 4490 li.
1266 4410 1475 4490 anguis,
1508 4410 1585 4490 cui
1617 4415 1693 4467 fac
1724 4435 1765 4490 υ
1793 4410 1925 4490 cet-li
1951 4410 2207 4483 possumus
2236 4410 2550 4490 concludere,
2578 4415 2855 4490 inducimur
2894 4424 3055 4490 tamen
3076 4410 3143 4465 “in
3158 4417 3309 4490 ﬁliam:

152 4486 353 4538 millari
384 4500 474 4537 usu
502 4486 787 4536 dilectionis
814 4485 1107 4547 inhwserat,
1132 4486 1198 4537 ibi
1224 4485 1550 4537 habitationis
1580 4499 1689 4537 sua:

152 4555 359 4605 fecerat
387 4554 751 4605 diversorium.
779 4552 865 4603 Est
884 4553 1106 4614 abbatia,
1134 4554 1326 4605 distans
1358 4555 1497 4605 hora:
1524 4555 1690 4617 spatio

151 4624 227 4674 ab
258 4622 528 4681 Atrebate,
556 4621 606 4672 in
637 4635 732 4686 qua
759 4624 983 4671 elevatus
1006 4631 1083 4671 est
1110 4636 1197 4684 per
1225 4622 1519 4673 Fulbertnni
1551 4622 1693 4672 deci-

154 4705 308 4742 mum
332 4690 562 4755 quintum
590 4692 637 4739 in
662 4689 924 4753 episcopio
950 4703 1320 4739 successorem.
1351 4690 1602 4747 Molanus,
1628 4688 1691 4741 de

152 4758 360 4810 sanctis
384 4758 558 4823 Belgii.
580 4756 783 4810 Sedtssc
806 4770 920 4808 eum
944 4758 1091 4807 anuis
1114 4770 1201 4807 sex
1225 4767 1275 4807 et
1294 4756 1517 4821 triginta,
1539 4768 1689 4822 atque

152 4842 189 4880 θ
221 4832 331 4878 vita
386 4825 687 4877 discessisse
724 4840 859 4875 anno
888 4826 1006 4883 712,
1054 4824 1204 4875 trad;t
1247 4827 1595 4883 (jolvenerius,
1640 4825 1689 4875 in

156 4906 248 4947 not
263 4897 304 4944 is
331 4894 393 4945 ad
420 4901 575 4959 caput
600 4894 667 4942 ‘26
693 4893 781 4943 lib.
815 4907 827 4941 I
860 4893 1098 4943 Chronici
1127 4892 1376 4946 Balderiei
1406 4894 1469 4945 de
1491 4894 1691 4959 episco-

159 4964 248 5031 pis
276 4960 732 5031 cameram-mulius
760 4969 812 5010 et
839 4960 1280 5031 Atrebatensibus.

235 5030 261 5071 δ
300 5030 546 5096 Gregorii.
580 5028 649 5081 De
676 5028 772 5079 hoc
798 5042 1089 5080 sermonem
1131 5029 1363 5080 latiorem
1397 5029 1542 5080 Bmda
1573 5028 1693 5081 facit

157 5102 213 5154 in
248 5100 381 5150 llist.
427 5098 590 5156 Eccl.,
621 5112 688 5159 tt,
720 5098 769 5157 1,
808 5098 888 5148 ttbi
919 5097 1070 5147 etiam
1104 5097 1276 5148 videas
1306 5111 1404 5162 qua
1447 5112 1504 5147 ex
1536 5111 1688 5148 causa

155 5166 460 5219 admonitus
482 5175 579 5216 tam
600 5168 831 5216 sedulam
855 5179 971 5229 ergo
994 5164 1204 5215 salutem
1232 5165 1691 5230 Anglii-Saxonica}:

155 5240 550 5305 gentishcuram
595 5233 831 5305 gesserit.
880 5232 941 5283 Et
979 5248 1027 5305 _a‘
1056 5234 1220 5305 capite
1265 5233 1337 5282 25
1384 5233 1498 5283 libri
1544 5232 1688 5297 primi

156 5301 307 5358 Eccl.
340 5303 468 5354 llist.
494 5316 655 5365 usque
680 5301 740 5352 ad
766 5308 918 5366 caput
942 5301 1173 5350 ultimum
1202 5303 1370 5367 legere
1394 5311 1474 5351 est
1496 5311 1688 5365 quanta

156 5371 421 5425 industria
468 5379 518 5421 et
560 5369 743 5435 quibus
784 5368 1038 5419 methodis
1066 5372 1377 5431 Augustinus
1417 5369 1478 5418 ad
1524 5383 1615 5418 nos
1660 5382 1688 5419 a

155 5443 218 5496 S.
260 5437 510 5504 Gregorio
537 5439 721 5488 missus
752 5437 1033 5502 apostolus,
1067 5448 1291 5487 nostram
1329 5437 1459 5486 hanc
1488 5447 1688 5497 gentem

155 5503 424 5562 convertit
452 5507 513 5556 ad
547 5506 717 5558 tidem.
749 5503 1016 5556 Oidinatio
1043 5504 1192 5568 hujus
1219 5504 1507 5557 celebratur
1534 5505 1687 5562 tnlia,

159 5592 285 5635 uix
320 5574 503 5625 Martii.
1486 5604 1489 5609 .

240 5652 261 5674 "
304 5643 472 5707 l’ioni.
505 5643 613 5695 Non
640 5641 976 5703 Nicomcdim,
1013 5641 1100 5694 sed
1126 5640 1356 5707 Smyrnae
1382 5639 1536 5705 passi.
1571 5638 1683 5691 Om

1793 4480 2092 4553 Opinionem,
2117 4485 2248 4548 quod
2274 4484 2325 4535 Iti
2353 4486 2449 4533 duo
2474 4483 2687 4549 episcopi
2710 4480 3024 4553 Innocentius
3060 4492 3105 4533 et
3148 4482 3309 4534 Rarus

1790 4551 1999 4605 vi.rerint
2026 4563 2239 4614 tempore
2270 4553 2618 4619 persecutionis
2636 4589 2651 4613 ,
2687 4560 2731 4601 et
2755 4551 2956 4601 aliunde
2989 4551 3192 4599 Romam
3220 4554 3309 4599 ad-

1790 4625 2025 4682 venerint,
2055 4623 2213 4685 ibique
2244 4618 2327 4669 aut
2357 4634 2522 4670 sancte
2544 4620 2592 4668 in
2623 4634 2740 4685 pace
2766 4618 3049 4683 quieverint,
3072 4630 3155 4669 aut
3180 4634 3310 4667 mar-

1792 4694 1919 4755 tyrio
1948 4692 2089 4740 etiam
2118 4692 2214 4739 sint
2242 4690 2484 4749 coronati,
2517 4698 2598 4737 aut
2625 4688 2795 4737 saltem
2822 4699 3029 4749 corpora
3057 4701 3241 4748 eorum,
3266 4687 3309 4737 si

1790 4759 1907 4809 alibi
1928 4759 2024 4808 sint
2050 4759 2195 4819 passi,
2226 4756 2432 4807 Romam
2456 4758 2615 4809 delata
2645 4764 2755 4805 tunc
2785 4764 2829 4804 et
2857 4756 3075 4821 deposita
3101 4755 3303 4818 fuerint.

1860 4834 1885 4871 ε
1927 4825 2190 4892 Eufrusiw.
2237 4823 2377 4875 Filia:
2416 4822 2775 4892 AntigOni‘viri
2817 4821 3068 4874 Senatorii
3109 4822 3309 4892 etEu-

1792 4888 2117 4960 praxim'sub
2134 4893 2423 4944 Theodosio
2445 4894 2591 4955 imp.,
2613 4888 2756 4956 cujus
2777 4900 2887 4941 erat
2907 4891 3305 4960 consanguinea;

1793 4957 2000 5013 inortuo
2030 4972 2197 5011 autem
2232 4962 2507 5025 Antigono,
2540 4970 2701 5009 mater
2733 4961 2983 5025 Eupraxia
3015 4957 3307 5010 Theodosio

1791 5030 1929 5081 illam
1968 5024 2373 5091 commendavit,
2413 5030 2495 5094 qni
2535 5028 2793 5079 senatorio
2829 5024 3027 5079 cuidam
3071 5028 3181 5076 viro
3219 5027 3307 5077 de-

1789 5098 2014 5157 spondit.
2051 5096 2133 5146 llla
2168 5110 2289 5147 vt-ro
2318 5097 2587 5147 discedens
2615 5110 2730 5146 cum
2772 5105 2966 5153 matre,
3007 5102 3061 5145 et
3090 5095 3135 5145 itt
3167 5094 3303 5144 Tlte-

1792 5166 1988 5217 baidem
2034 5164 2238 5230 Aigypti
2287 5164 2530 5229 profecta,
2576 5164 2624 5215 in
2670 5163 3032 5213 monasterium
3076 5163 3301 5228 ingressa

1790 5244 1868 5284 est
1914 5237 1961 5284 in
2011 5248 2111 5298 quo
2148 5242 2295 5283 erant
2336 5232 2586 5292 virgines;
2635 5240 2744 5282 erat
2785 5241 2951 5282 autem
3001 5243 3117 5280 tunc
3163 5231 3305 5295 virgo

1790 5302 2046 5353 sexdecim
2094 5315 2363 5351 annorum.
2415 5300 2625 5364 Propter
2677 5300 3013 5351 excellentem
3064 5301 3303 5349 virtutem

1791 5372 1935 5420 beata
1984 5369 2214 5421 Eufrasia
2262 5369 2618 5418 miraculorum
2667 5369 2880 5434 gratiam
2927 5365 3153 5430 accepit,
3203 5379 3305 5429 qua

1791 5440 1979 5489 multos
2008 5452 2034 5487 a
2066 5438 2215 5487 variis
2244 5435 2571 5502 languoribus
2601 5435 2853 5495 liberavit,
2882 5445 2932 5485 et
2958 5435 3063 5499 ipsa
3097 5434 3296 5502 beatum

1793 5506 1947 5556 ﬁnem
1988 5515 2217 5557 assecuta
2248 5500 2351 5565 est,
2388 5504 2587 5566 triginta
2628 5517 2791 5554 annos
2819 5511 2954 5553 nata.
2998 5504 3121 5555 Acta
3165 5500 3300 5566 apud

1794 5573 2028 5628 Bolland.‘
2058 5573 2100 5626 Α
2127 5571 2318 5625 Gra‘cis
2344 5571 2527 5625 Colitur
2557 5587 2651 5623 xxv
2678 5569 2814 5625 Julii.
