  <div class='ocr_page' id='page_1' title='image "/cluster/home/n/w/nwhite01/storage/ocr_20150623/94/uva.x000827077/440.png"; bbox 0 0 3888 6344; ppageno 0'>
   <div class='ocr_carea' id='block_1_1' title="bbox 196 420 305 480">
    <p class='ocr_par' dir='ltr' id='par_1_1' title="bbox 196 420 305 480">
     <span class='ocr_line' id='line_1_1' title="bbox 196 420 305 480; baseline 0.018 -2"><span class='ocrx_word' id='word_1_1' title='bbox 196 420 305 480; x_wconf 80' lang='lat'><strong>865</strong></span> 
     </span>
    </p>
   </div>
   <div class='ocr_carea' id='block_1_2' title="bbox 1285 413 2249 472">
    <p class='ocr_par' dir='ltr' id='par_1_2' title="bbox 1285 413 2249 472">
     <span class='ocr_line' id='line_1_2' title="bbox 1285 413 2249 472; baseline -0.007 0"><span class='ocrx_word' id='word_1_2' title='bbox 1285 419 1467 472; x_wconf 82' lang='lat' dir='ltr'><strong>SECT.</strong></span> <span class='ocrx_word' id='word_1_3' title='bbox 1506 417 1566 471; x_wconf 94' lang='grc' dir='ltr'><strong>ΙΙ.</strong></span> <span class='ocrx_word' id='word_1_4' title='bbox 1606 446 1670 458; x_wconf 92' lang='grc'><strong>--</strong></span> <span class='ocrx_word' id='word_1_5' title='bbox 1708 413 2249 469; x_wconf 73' lang='lat' dir='ltr'><strong>MARTYROLOGIA.</strong></span> 
     </span>
    </p>
   </div>
   <div class='ocr_carea' id='block_1_3' title="bbox 3221 414 3321 469">
    <p class='ocr_par' dir='ltr' id='par_1_3' title="bbox 3221 414 3321 469">
     <span class='ocr_line' id='line_1_3' title="bbox 3221 414 3321 469; baseline 0 -1"><span class='ocrx_word' id='word_1_6' title='bbox 3221 414 3321 469; x_wconf 82' lang='lat'><strong>866</strong></span> 
     </span>
    </p>
   </div>
   <div class='ocr_carea' id='block_1_4' title="bbox 1412 529 2109 584">
    <p class='ocr_par' dir='ltr' id='par_1_4' title="bbox 1412 529 2109 584">
     <span class='ocr_line' id='line_1_4' title="bbox 1412 529 2109 584; baseline -0.006 0"><span class='ocrx_word' id='word_1_7' title='bbox 1412 534 1627 584; x_wconf 79' lang='lat' dir='ltr'><strong>EDITIO</strong></span> <span class='ocrx_word' id='word_1_8' title='bbox 1648 529 2109 583; x_wconf 20' lang='lat' dir='ltr'><strong>.CULONIENSIS.</strong></span> 
     </span>
    </p>
   </div>
   <div class='ocr_carea' id='block_1_5' title="bbox 265 612 3319 686">
    <p class='ocr_par' dir='ltr' id='par_1_5' title="bbox 265 612 3319 686">
     <span class='ocr_line' id='line_1_5' title="bbox 265 612 3319 686; baseline -0.005 -6"><span class='ocrx_word' id='word_1_9' title='bbox 265 625 330 679; x_wconf 76' lang='grc' dir='ltr'><strong>Ε.</strong></span> <span class='ocrx_word' id='word_1_10' title='bbox 362 625 405 680; x_wconf 77' lang='lat' dir='ltr'><strong>X</strong></span> <span class='ocrx_word' id='word_1_11' title='bbox 442 626 573 679; x_wconf 69' lang='lat' dir='ltr'><strong>Kac.</strong></span> <span class='ocrx_word' id='word_1_12' title='bbox 604 626 782 678; x_wconf 73' lang='lat' dir='ltr'><strong>APRIL.</strong></span> <span class='ocrx_word' id='word_1_13' title='bbox 819 648 887 663; x_wconf 91' lang='lat'><strong><em>—</em></strong></span> <span class='ocrx_word' id='word_1_14' title='bbox 910 621 962 674; x_wconf 91' lang='lat' dir='ltr'><strong>In</strong></span> <span class='ocrx_word' id='word_1_15' title='bbox 1002 620 1170 675; x_wconf 84' lang='lat' dir='ltr'><strong>Africa</strong></span> <span class='ocrx_word' id='word_1_16' title='bbox 1202 630 1503 674; x_wconf 78' lang='lat' dir='ltr'><strong>sanctorum</strong></span> <span class='ocrx_word' id='word_1_17' title='bbox 1520 627 1711 686; x_wconf 84' lang='lat' dir='ltr'><strong>marty-</strong></span> <span class='ocrx_word' id='word_1_18' title='bbox 1736 622 1789 675; x_wconf 81' lang='grc' dir='ltr'><strong>Α</strong></span> <span class='ocrx_word' id='word_1_19' title='bbox 1812 617 2035 682; x_wconf 75' lang='lat' dir='ltr'><strong>spicit-ns</strong></span> <span class='ocrx_word' id='word_1_20' title='bbox 2062 612 2399 682; x_wconf 80' lang='lat' dir='ltr'><strong>Pigrnenium,</strong></span> <span class='ocrx_word' id='word_1_21' title='bbox 2432 612 2603 664; x_wconf 83' lang='lat' dir='ltr'><strong>vocari</strong></span> <span class='ocrx_word' id='word_1_22' title='bbox 2635 626 2751 664; x_wconf 89' lang='lat' dir='ltr'><strong>eum</strong></span> <span class='ocrx_word' id='word_1_23' title='bbox 2795 612 3056 680; x_wconf 68' lang='lat' dir='ltr'><strong>praecepit,</strong></span> <span class='ocrx_word' id='word_1_24' title='bbox 3087 613 3319 682; x_wconf 76' lang='lat' dir='ltr'><strong>dixitque</strong></span> 
     </span>
    </p>
   </div>
   <div class='ocr_carea' id='block_1_6' title="bbox 195 709 1709 778">
    <p class='ocr_par' dir='ltr' id='par_1_6' title="bbox 195 709 1709 778">
     <span class='ocr_line' id='line_1_6' title="bbox 195 709 1709 778; baseline -0.009 -7"><span class='ocrx_word' id='word_1_25' title='bbox 195 733 314 771; x_wconf 85' lang='lat' dir='ltr'><strong>rum</strong></span> <span class='ocrx_word' id='word_1_26' title='bbox 342 717 639 778; x_wconf 74' lang='lat' dir='ltr'><strong>Victor-iani,</strong></span> <span class='ocrx_word' id='word_1_27' title='bbox 680 713 957 767; x_wconf 77' lang='lat' dir='ltr'><strong>Frumentii</strong></span> <span class='ocrx_word' id='word_1_28' title='bbox 994 720 1045 765; x_wconf 88' lang='lat' dir='ltr'><strong>et</strong></span> <span class='ocrx_word' id='word_1_29' title='bbox 1073 712 1285 763; x_wconf 88' lang='lat' dir='ltr'><strong>alterius</strong></span> <span class='ocrx_word' id='word_1_30' title='bbox 1325 709 1626 767; x_wconf 82' lang='lat' dir='ltr'><strong>Frumentii,</strong></span> <span class='ocrx_word' id='word_1_31' title='bbox 1656 715 1709 759; x_wconf 89' lang='lat' dir='ltr'><strong>et</strong></span> 
     </span>
    </p>
   </div>
   <div class='ocr_carea' id='block_1_7' title="bbox 195 796 1709 874">
    <p class='ocr_par' dir='ltr' id='par_1_7' title="bbox 195 796 1709 874">
     <span class='ocr_line' id='line_1_7' title="bbox 195 796 1709 874; baseline -0.008 -14"><span class='ocrx_word' id='word_1_32' title='bbox 195 807 416 860; x_wconf 89' lang='lat' dir='ltr'><strong>duorum</strong></span> <span class='ocrx_word' id='word_1_33' title='bbox 460 818 842 874; x_wconf 77' lang='lat' dir='ltr'><strong>germanorum,</strong></span> <span class='ocrx_word' id='word_1_34' title='bbox 872 802 956 869; x_wconf 90' lang='lat' dir='ltr'><strong>qul</strong></span> <span class='ocrx_word' id='word_1_35' title='bbox 985 815 1163 853; x_wconf 87' lang='lat' dir='ltr'><strong>omnes</strong></span> <span class='ocrx_word' id='word_1_36' title='bbox 1194 801 1550 866; x_wconf 81' lang='lat' dir='ltr'><strong>persecutione</strong></span> <span class='ocrx_word' id='word_1_37' title='bbox 1576 796 1709 848; x_wconf 77' lang='lat' dir='ltr'><strong>Van-</strong></span> 
     </span>
    </p>
   </div>
   <div class='ocr_carea' id='block_1_8' title="bbox 192 884 1705 957">
    <p class='ocr_par' dir='ltr' id='par_1_8' title="bbox 192 884 1705 957">
     <span class='ocr_line' id='line_1_8' title="bbox 192 884 1705 957; baseline -0.007 -11"><span class='ocrx_word' id='word_1_38' title='bbox 192 896 367 947; x_wconf 83' lang='lat' dir='ltr'><strong>dalica</strong></span> <span class='ocrx_word' id='word_1_39' title='bbox 409 896 503 947; x_wconf 88' lang='lat' dir='ltr'><strong>sub</strong></span> <span class='ocrx_word' id='word_1_40' title='bbox 536 894 790 945; x_wconf 87' lang='lat' dir='ltr'><strong>Hunerico</strong></span> <span class='ocrx_word' id='word_1_41' title='bbox 818 905 937 957; x_wconf 67' lang='lat' dir='ltr'><strong>rege</strong></span> <span class='ocrx_word' id='word_1_42' title='bbox 970 890 1277 943; x_wconf 84' lang='lat' dir='ltr'><strong>Arianorum</strong></span> <span class='ocrx_word' id='word_1_43' title='bbox 1320 886 1455 951; x_wconf 90' lang='lat' dir='ltr'><strong>apud</strong></span> <span class='ocrx_word' id='word_1_44' title='bbox 1482 884 1705 938; x_wconf 81' lang='lat' dir='ltr'><strong>Africam</strong></span> 
     </span>
    </p>
   </div>
   <div class='ocr_carea' id='block_1_9' title="bbox 194 971 1708 1047">
    <p class='ocr_par' dir='ltr' id='par_1_9' title="bbox 194 971 1708 1047">
     <span class='ocr_line' id='line_1_9' title="bbox 194 971 1708 1047; baseline -0.009 -13"><span class='ocrx_word' id='word_1_45' title='bbox 194 996 295 1047; x_wconf 88' lang='lat' dir='ltr'><strong>pro</strong></span> <span class='ocrx_word' id='word_1_46' title='bbox 322 981 607 1033; x_wconf 83' lang='lat' dir='ltr'><strong>constantia</strong></span> <span class='ocrx_word' id='word_1_47' title='bbox 648 979 914 1031; x_wconf 68' lang='lat' dir='ltr'><strong>catholica:</strong></span> <span class='ocrx_word' id='word_1_48' title='bbox 950 976 1285 1029; x_wconf 80' lang='lat' dir='ltr'><strong>confessionis</strong></span> <span class='ocrx_word' id='word_1_49' title='bbox 1314 971 1708 1025; x_wconf 86' lang='lat' dir='ltr'><strong>immanissimis</strong></span> 
     </span>
    </p>
   </div>
   <div class='ocr_carea' id='block_1_10' title="bbox 193 1058 1709 1135">
    <p class='ocr_par' dir='ltr' id='par_1_10' title="bbox 193 1058 1709 1135">
     <span class='ocr_line' id='line_1_10' title="bbox 193 1058 1709 1135; baseline -0.009 -12"><span class='ocrx_word' id='word_1_50' title='bbox 193 1070 467 1135; x_wconf 65' lang='lat' dir='ltr'><strong>suppliciis</strong></span> <span class='ocrx_word' id='word_1_51' title='bbox 486 1066 784 1128; x_wconf 76' lang='lat' dir='ltr'><strong>excruciati,</strong></span> <span class='ocrx_word' id='word_1_52' title='bbox 814 1066 1015 1130; x_wconf 74' lang='lat' dir='ltr'><strong>egregie</strong></span> <span class='ocrx_word' id='word_1_53' title='bbox 1042 1062 1271 1114; x_wconf 81' lang='lat' dir='ltr'><strong>coronati</strong></span> <span class='ocrx_word' id='word_1_54' title='bbox 1292 1071 1427 1113; x_wconf 92' lang='lat' dir='ltr'><strong>sunt.</strong></span> <span class='ocrx_word' id='word_1_55' title='bbox 1454 1062 1506 1113; x_wconf 90' lang='lat' dir='ltr'><strong>lo</strong></span> <span class='ocrx_word' id='word_1_56' title='bbox 1534 1058 1709 1112; x_wconf 80' lang='lat' dir='ltr'><strong>Africa</strong></span> 
     </span>
    </p>
   </div>
   <div class='ocr_carea' id='block_1_11' title="bbox 194 1150 1155 1216">
    <p class='ocr_par' dir='ltr' id='par_1_11' title="bbox 194 1150 1155 1216">
     <span class='ocr_line' id='line_1_11' title="bbox 194 1150 1155 1216; baseline -0.004 -9"><span class='ocrx_word' id='word_1_57' title='bbox 194 1157 375 1207; x_wconf 73' lang='lat' dir='ltr'><strong>natale</strong></span> <span class='ocrx_word' id='word_1_58' title='bbox 401 1153 608 1215; x_wconf 77' lang='lat' dir='ltr'><strong>Felicis,</strong></span> <span class='ocrx_word' id='word_1_59' title='bbox 641 1162 693 1204; x_wconf 92' lang='lat' dir='ltr'><strong>et</strong></span> <span class='ocrx_word' id='word_1_60' title='bbox 720 1151 931 1203; x_wconf 86' lang='lat' dir='ltr'><strong>aliorum</strong></span> <span class='ocrx_word' id='word_1_61' title='bbox 959 1150 1155 1216; x_wconf 80' lang='lat' dir='ltr'><strong>viginti.</strong></span> 
     </span>
    </p>
   </div>
   <div class='ocr_carea' id='block_1_12' title="bbox 275 1236 1713 1305">
    <p class='ocr_par' dir='ltr' id='par_1_12' title="bbox 275 1236 1713 1305">
     <span class='ocr_line' id='line_1_12' title="bbox 275 1236 1713 1305; baseline -0.006 -8"><span class='ocrx_word' id='word_1_62' title='bbox 275 1244 337 1297; x_wconf 85' lang='lat' dir='ltr'><strong>F.</strong></span> <span class='ocrx_word' id='word_1_63' title='bbox 359 1243 425 1296; x_wconf 78' lang='lat' dir='ltr'><strong>IX</strong></span> <span class='ocrx_word' id='word_1_64' title='bbox 450 1242 575 1294; x_wconf 71' lang='grc' dir='ltr'><strong>ΚΑι..</strong></span> <span class='ocrx_word' id='word_1_65' title='bbox 606 1244 783 1294; x_wconf 72' lang='lat' dir='ltr'><strong>APRIL.</strong></span> <span class='ocrx_word' id='word_1_66' title='bbox 813 1268 882 1280; x_wconf 93' lang='lat'><strong><em>—</em></strong></span> <span class='ocrx_word' id='word_1_67' title='bbox 909 1240 1081 1292; x_wconf 65' lang='lat' dir='ltr'><strong>Romae</strong></span> <span class='ocrx_word' id='word_1_68' title='bbox 1103 1238 1266 1291; x_wconf 83' lang='lat' dir='ltr'><strong>sancti</strong></span> <span class='ocrx_word' id='word_1_69' title='bbox 1310 1236 1558 1305; x_wconf 78' lang='lat' dir='ltr'><strong>Pigmenii</strong></span> <span class='ocrx_word' id='word_1_70' title='bbox 1592 1249 1713 1302; x_wconf 87' lang='lat' dir='ltr'><strong>pre-</strong></span> 
     </span>
    </p>
   </div>
   <div class='ocr_carea' id='block_1_13' title="bbox 196 1325 1715 1398">
    <p class='ocr_par' dir='ltr' id='par_1_13' title="bbox 196 1325 1715 1398">
     <span class='ocr_line' id='line_1_13' title="bbox 196 1325 1715 1398; baseline -0.005 -15"><span class='ocrx_word' id='word_1_71' title='bbox 196 1331 418 1398; x_wconf 76' lang='lat' dir='ltr'><strong>sbyteri.</strong></span> <span class='ocrx_word' id='word_1_72' title='bbox 451 1329 540 1381; x_wconf 90' lang='lat' dir='ltr'><strong>Hic</strong></span> <span class='ocrx_word' id='word_1_73' title='bbox 564 1326 816 1380; x_wconf 76' lang='lat' dir='ltr'><strong>lulianum</strong></span> <span class='ocrx_word' id='word_1_74' title='bbox 838 1336 1119 1392; x_wconf 86' lang='lat' dir='ltr'><strong>apostatam</strong></span> <span class='ocrx_word' id='word_1_75' title='bbox 1148 1334 1202 1379; x_wconf 89' lang='lat' dir='ltr'><strong>et</strong></span> <span class='ocrx_word' id='word_1_76' title='bbox 1248 1325 1455 1391; x_wconf 88' lang='lat' dir='ltr'><strong>impium</strong></span> <span class='ocrx_word' id='word_1_77' title='bbox 1504 1338 1530 1375; x_wconf 89' lang='lat' dir='ltr'><strong>a</strong></span> <span class='ocrx_word' id='word_1_78' title='bbox 1560 1337 1715 1389; x_wconf 89' lang='lat' dir='ltr'><strong>puero</strong></span> 
     </span>
    </p>
   </div>
   <div class='ocr_carea' id='block_1_14' title="bbox 201 1414 1718 1481">
    <p class='ocr_par' dir='ltr' id='par_1_14' title="bbox 201 1414 1718 1481">
     <span class='ocr_line' id='line_1_14' title="bbox 201 1414 1718 1481; baseline -0.004 -11"><span class='ocrx_word' id='word_1_79' title='bbox 201 1418 446 1481; x_wconf 75' lang='lat' dir='ltr'><strong>nutrivit,</strong></span> <span class='ocrx_word' id='word_1_80' title='bbox 492 1426 545 1469; x_wconf 88' lang='lat' dir='ltr'><strong>et</strong></span> <span class='ocrx_word' id='word_1_81' title='bbox 573 1418 755 1469; x_wconf 88' lang='lat' dir='ltr'><strong>litteris</strong></span> <span class='ocrx_word' id='word_1_82' title='bbox 781 1418 932 1468; x_wconf 87' lang='lat' dir='ltr'><strong>etiam</strong></span> <span class='ocrx_word' id='word_1_83' title='bbox 956 1416 1111 1467; x_wconf 82' lang='lat' dir='ltr'><strong>sacris</strong></span> <span class='ocrx_word' id='word_1_84' title='bbox 1136 1415 1373 1467; x_wconf 83' lang='lat' dir='ltr'><strong>erudivit.</strong></span> <span class='ocrx_word' id='word_1_85' title='bbox 1421 1414 1519 1467; x_wconf 86' lang='lat' dir='ltr'><strong>Sed</strong></span> <span class='ocrx_word' id='word_1_86' title='bbox 1551 1415 1718 1465; x_wconf 78' lang='lat' dir='ltr'><strong>factus</strong></span> 
     </span>
    </p>
   </div>
   <div class='ocr_carea' id='block_1_15' title="bbox 202 1504 1720 1570">
    <p class='ocr_par' dir='ltr' id='par_1_15' title="bbox 202 1504 1720 1570">
     <span class='ocr_line' id='line_1_15' title="bbox 202 1504 1720 1570; baseline -0.003 -12"><span class='ocrx_word' id='word_1_87' title='bbox 202 1506 508 1569; x_wconf 82' lang='lat' dir='ltr'><strong>imperator,</strong></span> <span class='ocrx_word' id='word_1_88' title='bbox 535 1505 786 1557; x_wconf 86' lang='lat' dir='ltr'><strong>culturam</strong></span> <span class='ocrx_word' id='word_1_89' title='bbox 816 1504 1013 1568; x_wconf 83' lang='lat' dir='ltr'><strong>pietatis</strong></span> <span class='ocrx_word' id='word_1_90' title='bbox 1054 1512 1322 1570; x_wconf 80' lang='lat' dir='ltr'><strong>postquam</strong></span> <span class='ocrx_word' id='word_1_91' title='bbox 1371 1504 1595 1567; x_wconf 75' lang='lat' dir='ltr'><strong>reliquit,</strong></span> <span class='ocrx_word' id='word_1_92' title='bbox 1629 1517 1720 1553; x_wconf 91' lang='lat' dir='ltr'><strong>au-</strong></span> 
     </span>
    </p>
   </div>
   <div class='ocr_carea' id='block_1_16' title="bbox 201 1590 1719 1662">
    <p class='ocr_par' dir='ltr' id='par_1_16' title="bbox 201 1590 1719 1662">
     <span class='ocr_line' id='line_1_16' title="bbox 201 1590 1719 1662; baseline -0.003 -15"><span class='ocrx_word' id='word_1_93' title='bbox 201 1596 320 1649; x_wconf 84' lang='lat' dir='ltr'><strong>dito</strong></span> <span class='ocrx_word' id='word_1_94' title='bbox 347 1595 479 1662; x_wconf 82' lang='lat' dir='ltr'><strong>quod</strong></span> <span class='ocrx_word' id='word_1_95' title='bbox 520 1607 733 1658; x_wconf 87' lang='lat' dir='ltr'><strong>corpora</strong></span> <span class='ocrx_word' id='word_1_96' title='bbox 761 1601 1053 1645; x_wconf 72' lang='lat' dir='ltr'><strong>sam-torum</strong></span> <span class='ocrx_word' id='word_1_97' title='bbox 1101 1600 1402 1652; x_wconf 85' lang='lat' dir='ltr'><strong>martvrum,</strong></span> <span class='ocrx_word' id='word_1_98' title='bbox 1432 1592 1515 1655; x_wconf 92' lang='lat' dir='ltr'><strong>qni</strong></span> <span class='ocrx_word' id='word_1_99' title='bbox 1546 1590 1610 1640; x_wconf 87' lang='lat' dir='ltr'><strong>ab</strong></span> <span class='ocrx_word' id='word_1_100' title='bbox 1656 1603 1719 1642; x_wconf 90' lang='lat' dir='ltr'><strong>eo</strong></span> 
     </span>
    </p>
   </div>
   <div class='ocr_carea' id='block_1_17' title="bbox 205 1676 1719 1745">
    <p class='ocr_par' dir='ltr' id='par_1_17' title="bbox 205 1676 1719 1745">
     <span class='ocr_line' id='line_1_17' title="bbox 205 1676 1719 1745; baseline -0.006 -9"><span class='ocrx_word' id='word_1_101' title='bbox 205 1685 547 1743; x_wconf 83' lang='lat' dir='ltr'><strong>necabantur,</strong></span> <span class='ocrx_word' id='word_1_102' title='bbox 587 1680 720 1733; x_wconf 89' lang='lat' dir='ltr'><strong>idem</strong></span> <span class='ocrx_word' id='word_1_103' title='bbox 747 1680 1038 1745; x_wconf 83' lang='lat' dir='ltr'><strong>Pigmenius</strong></span> <span class='ocrx_word' id='word_1_104' title='bbox 1074 1678 1333 1744; x_wconf 83' lang='lat' dir='ltr'><strong>sepeliret,</strong></span> <span class='ocrx_word' id='word_1_105' title='bbox 1366 1676 1622 1729; x_wconf 84' lang='lat' dir='ltr'><strong>mandavit</strong></span> <span class='ocrx_word' id='word_1_106' title='bbox 1645 1677 1719 1727; x_wconf 74' lang='lat' dir='ltr'><strong>ei:</strong></span> 
     </span>
    </p>
   </div>
   <div class='ocr_carea' id='block_1_18' title="bbox 209 1764 1723 1839">
    <p class='ocr_par' dir='ltr' id='par_1_18' title="bbox 209 1764 1723 1839">
     <span class='ocr_line' id='line_1_18' title="bbox 209 1764 1723 1839; baseline -0.003 -20"><span class='ocrx_word' id='word_1_107' title='bbox 209 1786 233 1819; x_wconf 71' lang='grc' dir='ltr'>ι</span> <span class='ocrx_word' id='word_1_108' title='bbox 270 1769 430 1835; x_wconf 71' lang='lat' dir='ltr'><strong>Perge</strong></span> <span class='ocrx_word' id='word_1_109' title='bbox 474 1783 573 1835; x_wconf 87' lang='lat' dir='ltr'><strong>quo</strong></span> <span class='ocrx_word' id='word_1_110' title='bbox 601 1767 840 1825; x_wconf 88' lang='lat' dir='ltr'><strong>volneris,</strong></span> <span class='ocrx_word' id='word_1_111' title='bbox 872 1765 952 1817; x_wconf 90' lang='lat' dir='ltr'><strong>hic</strong></span> <span class='ocrx_word' id='word_1_112' title='bbox 980 1765 1113 1817; x_wconf 89' lang='lat' dir='ltr'><strong>enim</strong></span> <span class='ocrx_word' id='word_1_113' title='bbox 1164 1778 1263 1815; x_wconf 91' lang='lat' dir='ltr'><strong>non</strong></span> <span class='ocrx_word' id='word_1_114' title='bbox 1294 1764 1598 1839; x_wconf 74' lang='lat' dir='ltr'><strong>mercabitur</strong></span> <span class='ocrx_word' id='word_1_115' title='bbox 1624 1764 1723 1814; x_wconf 91' lang='lat' dir='ltr'><strong>vita</strong></span> 
     </span>
    </p>
   </div>
   <div class='ocr_carea' id='block_1_19' title="bbox 210 1852 1723 1918">
    <p class='ocr_par' dir='ltr' id='par_1_19' title="bbox 210 1852 1723 1918">
     <span class='ocr_line' id='line_1_19' title="bbox 210 1852 1723 1918; baseline -0.002 -12"><span class='ocrx_word' id='word_1_116' title='bbox 210 1864 506 1918; x_wconf 89' lang='lat' dir='ltr'><strong>tua,tamen</strong></span> <span class='ocrx_word' id='word_1_117' title='bbox 532 1853 750 1906; x_wconf 86' lang='lat' dir='ltr'><strong>servitiis</strong></span> <span class='ocrx_word' id='word_1_118' title='bbox 773 1854 870 1904; x_wconf 86' lang='lat' dir='ltr'><strong>tuis</strong></span> <span class='ocrx_word' id='word_1_119' title='bbox 897 1852 1076 1915; x_wconf 87' lang='lat' dir='ltr'><strong>reddo,</strong></span> <span class='ocrx_word' id='word_1_120' title='bbox 1108 1868 1206 1902; x_wconf 91' lang='lat' dir='ltr'><strong>non</strong></span> <span class='ocrx_word' id='word_1_121' title='bbox 1235 1853 1375 1903; x_wconf 49' lang='lat' dir='ltr'><strong>tibi»</strong></span> <span class='ocrx_word' id='word_1_122' title='bbox 1404 1852 1544 1903; x_wconf 84' lang='lat' dir='ltr'><strong>Tunc</strong></span> <span class='ocrx_word' id='word_1_123' title='bbox 1573 1866 1723 1903; x_wconf 87' lang='lat' dir='ltr'><strong>sanc-</strong></span> 
     </span>
    </p>
   </div>
   <div class='ocr_carea' id='block_1_20' title="bbox 1810 699 3323 764">
    <p class='ocr_par' dir='ltr' id='par_1_20' title="bbox 1810 699 3323 764">
     <span class='ocr_line' id='line_1_20' title="bbox 1810 699 3323 764; baseline -0.001 -9"><span class='ocrx_word' id='word_1_124' title='bbox 1810 704 1855 755; x_wconf 88' lang='lat' dir='ltr'><strong>ei</strong></span> <span class='ocrx_word' id='word_1_125' title='bbox 1882 719 1893 751; x_wconf 89' lang='lat'><strong>:</strong></span> <span class='ocrx_word' id='word_1_126' title='bbox 1926 719 1946 750; x_wconf 82' lang='lat' dir='ltr'><strong>t</strong></span> <span class='ocrx_word' id='word_1_127' title='bbox 1966 701 2139 754; x_wconf 83' lang='lat' dir='ltr'><strong>Gloria</strong></span> <span class='ocrx_word' id='word_1_128' title='bbox 2162 700 2257 751; x_wconf 86' lang='lat' dir='ltr'><strong>diis</strong></span> <span class='ocrx_word' id='word_1_129' title='bbox 2278 699 2574 764; x_wconf 87' lang='lat' dir='ltr'><strong>deabusque</strong></span> <span class='ocrx_word' id='word_1_130' title='bbox 2600 700 2745 762; x_wconf 84' lang='lat' dir='ltr'><strong>meis,</strong></span> <span class='ocrx_word' id='word_1_131' title='bbox 2770 699 2889 764; x_wconf 83' lang='lat' dir='ltr'><strong>quia</strong></span> <span class='ocrx_word' id='word_1_132' title='bbox 2920 709 2968 751; x_wconf 90' lang='lat' dir='ltr'><strong>te</strong></span> <span class='ocrx_word' id='word_1_133' title='bbox 2998 700 3163 753; x_wconf 87' lang='lat' dir='ltr'><strong>video.</strong></span> <span class='ocrx_word' id='word_1_134' title='bbox 3199 702 3323 755; x_wconf 74' lang='lat' dir='ltr'><strong>tCui</strong></span> 
     </span>
    </p>
   </div>
   <div class='ocr_carea' id='block_1_21' title="bbox 1814 786 3320 855">
    <p class='ocr_par' dir='ltr' id='par_1_21' title="bbox 1814 786 3320 855">
     <span class='ocr_line' id='line_1_21' title="bbox 1814 786 3320 855; baseline 0.001 -16"><span class='ocrx_word' id='word_1_135' title='bbox 1814 791 1894 841; x_wconf 78' lang='lat' dir='ltr'><strong>vir</strong></span> <span class='ocrx_word' id='word_1_136' title='bbox 1940 789 2028 841; x_wconf 89' lang='lat' dir='ltr'><strong>Dei</strong></span> <span class='ocrx_word' id='word_1_137' title='bbox 2058 789 2191 841; x_wconf 89' lang='lat' dir='ltr'><strong>illico</strong></span> <span class='ocrx_word' id='word_1_138' title='bbox 2222 786 2487 855; x_wconf 85' lang='lat' dir='ltr'><strong>respondit</strong></span> <span class='ocrx_word' id='word_1_139' title='bbox 2517 804 2528 837; x_wconf 88' lang='lat'><strong>:</strong></span> <span class='ocrx_word' id='word_1_140' title='bbox 2566 804 2582 836; x_wconf 77' lang='grc' dir='ltr'>ι</span> <span class='ocrx_word' id='word_1_141' title='bbox 2613 786 2781 839; x_wconf 84' lang='lat' dir='ltr'><strong>Gloria</strong></span> <span class='ocrx_word' id='word_1_142' title='bbox 2814 788 3028 839; x_wconf 91' lang='lat' dir='ltr'><strong>Domino</strong></span> <span class='ocrx_word' id='word_1_143' title='bbox 3054 804 3168 841; x_wconf 91' lang='lat' dir='ltr'><strong>meo</strong></span> <span class='ocrx_word' id='word_1_144' title='bbox 3197 791 3320 843; x_wconf 83' lang='lat' dir='ltr'><strong>Jesu</strong></span> 
     </span>
    </p>
   </div>
   <div class='ocr_carea' id='block_1_22' title="bbox 1811 874 3323 940">
    <p class='ocr_par' dir='ltr' id='par_1_22' title="bbox 1811 874 3323 940">
     <span class='ocr_line' id='line_1_22' title="bbox 1811 874 3323 940; baseline 0.001 -12"><span class='ocrx_word' id='word_1_145' title='bbox 1811 876 2012 929; x_wconf 82' lang='lat' dir='ltr'><strong>Christo</strong></span> <span class='ocrx_word' id='word_1_146' title='bbox 2036 877 2311 928; x_wconf 69' lang='lat' dir='ltr'><strong>Nazarzeno</strong></span> <span class='ocrx_word' id='word_1_147' title='bbox 2335 874 2601 936; x_wconf 80' lang='lat' dir='ltr'><strong>cruciﬁxo,</strong></span> <span class='ocrx_word' id='word_1_148' title='bbox 2629 875 2745 940; x_wconf 91' lang='lat' dir='ltr'><strong>quia</strong></span> <span class='ocrx_word' id='word_1_149' title='bbox 2773 882 2821 926; x_wconf 91' lang='lat' dir='ltr'><strong>te</strong></span> <span class='ocrx_word' id='word_1_150' title='bbox 2859 889 2959 926; x_wconf 92' lang='lat' dir='ltr'><strong>non</strong></span> <span class='ocrx_word' id='word_1_151' title='bbox 2999 875 3164 927; x_wconf 89' lang='lat' dir='ltr'><strong>video.</strong></span> <span class='ocrx_word' id='word_1_152' title='bbox 3191 894 3209 924; x_wconf 76' lang='grc' dir='ltr'>ι</span> <span class='ocrx_word' id='word_1_153' title='bbox 3246 879 3323 929; x_wconf 83' lang='lat' dir='ltr'><strong>Ad</strong></span> 
     </span>
    </p>
   </div>
   <div class='ocr_carea' id='block_1_23' title="bbox 1812 961 3319 1029">
    <p class='ocr_par' dir='ltr' id='par_1_23' title="bbox 1812 961 3319 1029">
     <span class='ocr_line' id='line_1_23' title="bbox 1812 961 3319 1029; baseline -0.001 -14"><span class='ocrx_word' id='word_1_154' title='bbox 1812 965 1943 1015; x_wconf 86' lang='lat' dir='ltr'><strong>hanc</strong></span> <span class='ocrx_word' id='word_1_155' title='bbox 1974 978 2149 1015; x_wconf 85' lang='lat' dir='ltr'><strong>vocem</strong></span> <span class='ocrx_word' id='word_1_156' title='bbox 2183 964 2340 1013; x_wconf 90' lang='lat' dir='ltr'><strong>iratus</strong></span> <span class='ocrx_word' id='word_1_157' title='bbox 2362 961 2595 1012; x_wconf 78' lang='lat' dir='ltr'><strong>Julianus</strong></span> <span class='ocrx_word' id='word_1_158' title='bbox 2643 961 2800 1026; x_wconf 85' lang='lat' dir='ltr'><strong>jussit</strong></span> <span class='ocrx_word' id='word_1_159' title='bbox 2846 977 2961 1013; x_wconf 91' lang='lat' dir='ltr'><strong>eum</strong></span> <span class='ocrx_word' id='word_1_160' title='bbox 2993 977 3080 1027; x_wconf 92' lang='lat' dir='ltr'><strong>per</strong></span> <span class='ocrx_word' id='word_1_161' title='bbox 3111 973 3319 1029; x_wconf 87' lang='lat' dir='ltr'><strong>pontem</strong></span> 
     </span>
    </p>
   </div>
   <div class='ocr_carea' id='block_1_24' title="bbox 1812 1048 3326 1117">
    <p class='ocr_par' dir='ltr' id='par_1_24' title="bbox 1812 1048 3326 1117">
     <span class='ocr_line' id='line_1_24' title="bbox 1812 1048 3326 1117; baseline 0 -15"><span class='ocrx_word' id='word_1_162' title='bbox 1812 1051 1863 1103; x_wconf 91' lang='lat' dir='ltr'><strong>in</strong></span> <span class='ocrx_word' id='word_1_163' title='bbox 1905 1051 2126 1102; x_wconf 84' lang='lat' dir='ltr'><strong>Tiberim</strong></span> <span class='ocrx_word' id='word_1_164' title='bbox 2170 1050 2502 1117; x_wconf 65' lang='lat' dir='ltr'><strong>praecipitari.</strong></span> <span class='ocrx_word' id='word_1_165' title='bbox 2534 1048 2689 1115; x_wconf 84' lang='lat' dir='ltr'><strong>Cujus</strong></span> <span class='ocrx_word' id='word_1_166' title='bbox 2736 1063 2924 1115; x_wconf 89' lang='lat' dir='ltr'><strong>corpus</strong></span> <span class='ocrx_word' id='word_1_167' title='bbox 2967 1051 3230 1102; x_wconf 81' lang='lat' dir='ltr'><strong>inventum</strong></span> <span class='ocrx_word' id='word_1_168' title='bbox 3271 1060 3326 1104; x_wconf 85' lang='lat' dir='ltr'><strong>et</strong></span> 
     </span>
    </p>
   </div>
   <div class='ocr_carea' id='block_1_25' title="bbox 1812 1140 3326 1206">
    <p class='ocr_par' dir='ltr' id='par_1_25' title="bbox 1812 1140 3326 1206">
     <span class='ocr_line' id='line_1_25' title="bbox 1812 1140 3326 1206; baseline -0.001 -13"><span class='ocrx_word' id='word_1_169' title='bbox 1812 1141 2107 1203; x_wconf 88' lang='lat' dir='ltr'><strong>collectum,</strong></span> <span class='ocrx_word' id='word_1_170' title='bbox 2137 1142 2394 1206; x_wconf 90' lang='lat' dir='ltr'><strong>sepultum</strong></span> <span class='ocrx_word' id='word_1_171' title='bbox 2422 1148 2499 1192; x_wconf 87' lang='lat' dir='ltr'><strong>est</strong></span> <span class='ocrx_word' id='word_1_172' title='bbox 2532 1142 2580 1191; x_wconf 88' lang='lat' dir='ltr'><strong>in</strong></span> <span class='ocrx_word' id='word_1_173' title='bbox 2610 1140 2905 1191; x_wconf 70' lang='lat' dir='ltr'><strong>cmmeterio</strong></span> <span class='ocrx_word' id='word_1_174' title='bbox 2937 1140 3190 1203; x_wconf 89' lang='lat' dir='ltr'><strong>Pontiani,</strong></span> <span class='ocrx_word' id='word_1_175' title='bbox 3224 1155 3326 1192; x_wconf 87' lang='lat' dir='ltr'><strong>non</strong></span> 
     </span>
    </p>
   </div>
   <div class='ocr_carea' id='block_1_26' title="bbox 1816 1224 3333 1292">
    <p class='ocr_par' dir='ltr' id='par_1_26' title="bbox 1816 1224 3333 1292">
     <span class='ocr_line' id='line_1_26' title="bbox 1816 1224 3333 1292; baseline 0.001 -14"><span class='ocrx_word' id='word_1_176' title='bbox 1816 1226 1964 1292; x_wconf 82' lang='lat' dir='ltr'><strong>longe</strong></span> <span class='ocrx_word' id='word_1_177' title='bbox 1992 1240 2018 1277; x_wconf 90' lang='lat' dir='ltr'><strong>a</strong></span> <span class='ocrx_word' id='word_1_178' title='bbox 2061 1227 2250 1278; x_wconf 84' lang='lat' dir='ltr'><strong>sanctis</strong></span> <span class='ocrx_word' id='word_1_179' title='bbox 2276 1225 2457 1278; x_wconf 87' lang='lat' dir='ltr'><strong>Abdon</strong></span> <span class='ocrx_word' id='word_1_180' title='bbox 2498 1235 2553 1278; x_wconf 90' lang='lat' dir='ltr'><strong>et</strong></span> <span class='ocrx_word' id='word_1_181' title='bbox 2595 1224 2790 1277; x_wconf 86' lang='lat' dir='ltr'><strong>Senne.</strong></span> <span class='ocrx_word' id='word_1_182' title='bbox 2824 1225 2886 1275; x_wconf 85' lang='lat' dir='ltr'><strong>Et</strong></span> <span class='ocrx_word' id='word_1_183' title='bbox 2922 1226 3091 1277; x_wconf 83' lang='lat' dir='ltr'><strong>natale</strong></span> <span class='ocrx_word' id='word_1_184' title='bbox 3125 1240 3333 1280; x_wconf 78' lang='lat' dir='ltr'><strong>sancto-</strong></span> 
     </span>
    </p>
   </div>
   <div class='ocr_carea' id='block_1_27' title="bbox 1816 1312 2467 1378">
    <p class='ocr_par' dir='ltr' id='par_1_27' title="bbox 1816 1312 2467 1378">
     <span class='ocr_line' id='line_1_27' title="bbox 1816 1312 2467 1378; baseline -0.005 -12"><span class='ocrx_word' id='word_1_185' title='bbox 1816 1328 1927 1366; x_wconf 90' lang='lat' dir='ltr'><strong>rum</strong></span> <span class='ocrx_word' id='word_1_186' title='bbox 1959 1312 2184 1365; x_wconf 89' lang='lat' dir='ltr'><strong>Seleucis</strong></span> <span class='ocrx_word' id='word_1_187' title='bbox 2212 1322 2261 1364; x_wconf 89' lang='lat' dir='ltr'><strong>et</strong></span> <span class='ocrx_word' id='word_1_188' title='bbox 2288 1312 2467 1378; x_wconf 76' lang='lat' dir='ltr'><strong>Agabi.</strong></span> 
     </span>
    </p>
   </div>
   <div class='ocr_carea' id='block_1_28' title="bbox 1884 1414 3336 1485">
    <p class='ocr_par' dir='ltr' id='par_1_28' title="bbox 1884 1414 3336 1485">
     <span class='ocr_line' id='line_1_28' title="bbox 1884 1414 3336 1485; baseline -0.001 -12"><span class='ocrx_word' id='word_1_189' title='bbox 1884 1414 1955 1473; x_wconf 43' lang='lat' dir='ltr'><strong>&#39;G.</strong></span> <span class='ocrx_word' id='word_1_190' title='bbox 2000 1418 2104 1471; x_wconf 83' lang='lat' dir='ltr'><strong>Vlll</strong></span> <span class='ocrx_word' id='word_1_191' title='bbox 2163 1418 2288 1471; x_wconf 69' lang='lat' dir='ltr'><strong>Kac.</strong></span> <span class='ocrx_word' id='word_1_192' title='bbox 2349 1422 2525 1471; x_wconf 76' lang='lat' dir='ltr'><strong>APRIL.</strong></span> <span class='ocrx_word' id='word_1_193' title='bbox 2580 1446 2644 1461; x_wconf 86' lang='lat'><strong>-—-</strong></span> <span class='ocrx_word' id='word_1_194' title='bbox 2686 1420 2830 1485; x_wconf 88' lang='lat' dir='ltr'><strong>Apud</strong></span> <span class='ocrx_word' id='word_1_195' title='bbox 2883 1418 3139 1471; x_wconf 85' lang='lat' dir='ltr'><strong>civitatem</strong></span> <span class='ocrx_word' id='word_1_196' title='bbox 3195 1419 3336 1473; x_wconf 84' lang='lat' dir='ltr'><strong>Gali-</strong></span> 
     </span>
    </p>
   </div>
   <div class='ocr_carea' id='block_1_29' title="bbox 1818 1508 3333 1574">
    <p class='ocr_par' dir='ltr' id='par_1_29' title="bbox 1818 1508 3333 1574">
     <span class='ocr_line' id='line_1_29' title="bbox 1818 1508 3333 1574; baseline 0 -14"><span class='ocrx_word' id='word_1_197' title='bbox 1818 1508 1927 1560; x_wconf 74' lang='lat' dir='ltr'><strong>lreze</strong></span> <span class='ocrx_word' id='word_1_198' title='bbox 1967 1508 2215 1561; x_wconf 81' lang='lat' dir='ltr'><strong>Nazareth</strong></span> <span class='ocrx_word' id='word_1_199' title='bbox 2250 1508 2577 1560; x_wconf 89' lang='lat' dir='ltr'><strong>annunciatio</strong></span> <span class='ocrx_word' id='word_1_200' title='bbox 2626 1509 2925 1571; x_wconf 88' lang='lat' dir='ltr'><strong>Dominica;</strong></span> <span class='ocrx_word' id='word_1_201' title='bbox 2980 1518 3032 1559; x_wconf 87' lang='lat' dir='ltr'><strong>et</strong></span> <span class='ocrx_word' id='word_1_202' title='bbox 3072 1509 3333 1574; x_wconf 84' lang='lat' dir='ltr'><strong>Jerosoly-</strong></span> 
     </span>
    </p>
   </div>
   <div class='ocr_carea' id='block_1_30' title="bbox 1820 1596 3335 1649">
    <p class='ocr_par' dir='ltr' id='par_1_30' title="bbox 1820 1596 3335 1649">
     <span class='ocr_line' id='line_1_30' title="bbox 1820 1596 3335 1649; baseline 0.001 -1"><span class='ocrx_word' id='word_1_203' title='bbox 1820 1611 1917 1648; x_wconf 70' lang='lat' dir='ltr'><strong>mre</strong></span> <span class='ocrx_word' id='word_1_204' title='bbox 1943 1597 2026 1648; x_wconf 87' lang='lat' dir='ltr'><strong>ubi</strong></span> <span class='ocrx_word' id='word_1_205' title='bbox 2055 1598 2297 1649; x_wconf 85' lang='lat' dir='ltr'><strong>Dominus</strong></span> <span class='ocrx_word' id='word_1_206' title='bbox 2345 1605 2519 1649; x_wconf 88' lang='lat' dir='ltr'><strong>noster</strong></span> <span class='ocrx_word' id='word_1_207' title='bbox 2546 1596 2780 1649; x_wconf 80' lang='lat' dir='ltr'><strong>Christus</strong></span> <span class='ocrx_word' id='word_1_208' title='bbox 2818 1596 3099 1648; x_wconf 78' lang='lat' dir='ltr'><strong>cruciﬁxus</strong></span> <span class='ocrx_word' id='word_1_209' title='bbox 3137 1608 3235 1649; x_wconf 85' lang='lat' dir='ltr'><strong>est.</strong></span> <span class='ocrx_word' id='word_1_210' title='bbox 3268 1596 3335 1649; x_wconf 90' lang='lat' dir='ltr'><strong>Et</strong></span> 
     </span>
    </p>
   </div>
   <div class='ocr_carea' id='block_1_31' title="bbox 1821 1683 3331 1749">
    <p class='ocr_par' dir='ltr' id='par_1_31' title="bbox 1821 1683 3331 1749">
     <span class='ocr_line' id='line_1_31' title="bbox 1821 1683 3331 1749; baseline -0.001 -12"><span class='ocrx_word' id='word_1_211' title='bbox 1821 1686 1871 1737; x_wconf 90' lang='lat' dir='ltr'><strong>in</strong></span> <span class='ocrx_word' id='word_1_212' title='bbox 1894 1685 2189 1737; x_wconf 84' lang='lat' dir='ltr'><strong>Nicomedia</strong></span> <span class='ocrx_word' id='word_1_213' title='bbox 2228 1687 2396 1737; x_wconf 85' lang='lat' dir='ltr'><strong>natale</strong></span> <span class='ocrx_word' id='word_1_214' title='bbox 2441 1684 2580 1737; x_wconf 68' lang='lat' dir='ltr'><strong>Dulaa</strong></span> <span class='ocrx_word' id='word_1_215' title='bbox 2618 1684 2813 1735; x_wconf 67' lang='lat' dir='ltr'><strong>ancillae</strong></span> <span class='ocrx_word' id='word_1_216' title='bbox 2841 1683 3107 1749; x_wconf 88' lang='lat' dir='ltr'><strong>cujusdam</strong></span> <span class='ocrx_word' id='word_1_217' title='bbox 3152 1683 3331 1736; x_wconf 87' lang='lat' dir='ltr'><strong>militis</strong></span> 
     </span>
    </p>
   </div>
   <div class='ocr_carea' id='block_1_32' title="bbox 1825 1770 3335 1839">
    <p class='ocr_par' dir='ltr' id='par_1_32' title="bbox 1825 1770 3335 1839">
     <span class='ocr_line' id='line_1_32' title="bbox 1825 1770 3335 1839; baseline 0 -18"><span class='ocrx_word' id='word_1_218' title='bbox 1825 1772 2028 1839; x_wconf 73' lang='lat' dir='ltr'><strong>pagani,</strong></span> <span class='ocrx_word' id='word_1_219' title='bbox 2060 1786 2172 1837; x_wconf 75' lang='lat' dir='ltr'><strong>qua:</strong></span> <span class='ocrx_word' id='word_1_220' title='bbox 2216 1786 2306 1836; x_wconf 89' lang='lat' dir='ltr'><strong>pro</strong></span> <span class='ocrx_word' id='word_1_221' title='bbox 2332 1771 2564 1823; x_wconf 84' lang='lat' dir='ltr'><strong>castitate</strong></span> <span class='ocrx_word' id='word_1_222' title='bbox 2588 1773 2757 1823; x_wconf 87' lang='lat' dir='ltr'><strong>occisa</strong></span> <span class='ocrx_word' id='word_1_223' title='bbox 2786 1780 2879 1822; x_wconf 92' lang='lat' dir='ltr'><strong>est.</strong></span> <span class='ocrx_word' id='word_1_224' title='bbox 2930 1771 3107 1821; x_wconf 63' lang='lat' dir='ltr'><strong>Romae</strong></span> <span class='ocrx_word' id='word_1_225' title='bbox 3151 1770 3335 1831; x_wconf 89' lang='lat' dir='ltr'><strong>Cirini,</strong></span> 
     </span>
    </p>
   </div>
   <div class='ocr_carea' id='block_1_33' title="bbox 1827 1857 3337 1924">
    <p class='ocr_par' dir='ltr' id='par_1_33' title="bbox 1827 1857 3337 1924">
     <span class='ocr_line' id='line_1_33' title="bbox 1827 1857 3337 1924; baseline 0 -14"><span class='ocrx_word' id='word_1_226' title='bbox 1827 1859 1911 1924; x_wconf 92' lang='lat' dir='ltr'><strong>qui</strong></span> <span class='ocrx_word' id='word_1_227' title='bbox 1961 1859 2256 1911; x_wconf 78' lang='lat' dir='ltr'><strong>interfectus</strong></span> <span class='ocrx_word' id='word_1_228' title='bbox 2299 1873 2327 1909; x_wconf 93' lang='lat' dir='ltr'><strong>a</strong></span> <span class='ocrx_word' id='word_1_229' title='bbox 2349 1858 2559 1910; x_wconf 87' lang='lat' dir='ltr'><strong>Claudio</strong></span> <span class='ocrx_word' id='word_1_230' title='bbox 2603 1868 2653 1909; x_wconf 91' lang='lat' dir='ltr'><strong>et</strong></span> <span class='ocrx_word' id='word_1_231' title='bbox 2684 1859 2733 1909; x_wconf 92' lang='lat' dir='ltr'><strong>in</strong></span> <span class='ocrx_word' id='word_1_232' title='bbox 2766 1857 2990 1910; x_wconf 88' lang='lat' dir='ltr'><strong>Tiberim</strong></span> <span class='ocrx_word' id='word_1_233' title='bbox 3008 1858 3252 1924; x_wconf 82' lang='lat' dir='ltr'><strong>jactatus,</strong></span> <span class='ocrx_word' id='word_1_234' title='bbox 3285 1859 3337 1910; x_wconf 88' lang='lat' dir='ltr'><strong>in</strong></span> 
     </span>
    </p>
   </div>
   <div class='ocr_carea' id='block_1_34' title="bbox 208 1926 3337 2008">
    <p class='ocr_par' dir='ltr' id='par_1_34' title="bbox 208 1926 3337 2008">
     <span class='ocr_line' id='line_1_34' title="bbox 208 1926 3337 2008; baseline -0.002 -8"><span class='ocrx_word' id='word_1_235' title='bbox 208 1952 299 1994; x_wconf 73' lang='lat' dir='ltr'><strong>lus</strong></span> <span class='ocrx_word' id='word_1_236' title='bbox 355 1944 647 2008; x_wconf 61' lang='lat' dir='ltr'><strong>Pixmeltiu‘t</strong></span> <span class='ocrx_word' id='word_1_237' title='bbox 694 1941 744 1994; x_wconf 80' lang='lat' dir='ltr'><strong>in</strong></span> <span class='ocrx_word' id='word_1_238' title='bbox 788 1940 1041 1992; x_wconf 73' lang='lat' dir='ltr'><strong>Pefﬁidam</strong></span> <span class='ocrx_word' id='word_1_239' title='bbox 1097 1938 1348 2004; x_wconf 65' lang='grc' dir='ltr'><strong>ρεπεπῐις</strong></span> <span class='ocrx_word' id='word_1_240' title='bbox 1405 1939 1488 1990; x_wconf 67' lang='lat' dir='ltr'><strong>tibi</strong></span> <span class='ocrx_word' id='word_1_241' title='bbox 1542 1938 1729 1989; x_wconf 75' lang='lat' dir='ltr'><strong>dcmo-</strong></span> <span class='ocrx_word' id='word_1_242' title='bbox 1759 1926 1798 1981; x_wconf 76' lang='grc' dir='ltr'><strong><em>Β</em></strong></span> <span class='ocrx_word' id='word_1_243' title='bbox 1829 1945 1989 1997; x_wconf 90' lang='lat' dir='ltr'><strong>insula</strong></span> <span class='ocrx_word' id='word_1_244' title='bbox 2042 1943 2275 1997; x_wconf 80' lang='lat' dir='ltr'><strong>Licaonia</strong></span> <span class='ocrx_word' id='word_1_245' title='bbox 2320 1947 2578 2006; x_wconf 84' lang='lat' dir='ltr'><strong>inventus,</strong></span> <span class='ocrx_word' id='word_1_246' title='bbox 2605 1953 2657 1995; x_wconf 89' lang='lat' dir='ltr'><strong>et</strong></span> <span class='ocrx_word' id='word_1_247' title='bbox 2696 1944 2746 1995; x_wconf 90' lang='lat' dir='ltr'><strong>in</strong></span> <span class='ocrx_word' id='word_1_248' title='bbox 2774 1944 3065 1995; x_wconf 67' lang='lat' dir='ltr'><strong>emineterio</strong></span> <span class='ocrx_word' id='word_1_249' title='bbox 3105 1942 3337 1995; x_wconf 79' lang='lat' dir='ltr'><strong>Pontiani</strong></span> 
     </span>
    </p>
   </div>
   <div class='ocr_carea' id='block_1_35' title="bbox 206 2025 1725 2092">
    <p class='ocr_par' dir='ltr' id='par_1_35' title="bbox 206 2025 1725 2092">
     <span class='ocr_line' id='line_1_35' title="bbox 206 2025 1725 2092; baseline -0.001 -13"><span class='ocrx_word' id='word_1_250' title='bbox 206 2038 356 2080; x_wconf 90' lang='lat' dir='ltr'><strong>ratus</strong></span> <span class='ocrx_word' id='word_1_251' title='bbox 386 2041 549 2079; x_wconf 89' lang='lat' dir='ltr'><strong>annos</strong></span> <span class='ocrx_word' id='word_1_252' title='bbox 576 2038 813 2092; x_wconf 77' lang='lat' dir='ltr'><strong>quatuor,</strong></span> <span class='ocrx_word' id='word_1_253' title='bbox 870 2026 1032 2078; x_wconf 82' lang='lat' dir='ltr'><strong>factus</strong></span> <span class='ocrx_word' id='word_1_254' title='bbox 1058 2034 1137 2078; x_wconf 85' lang='lat' dir='ltr'><strong>est</strong></span> <span class='ocrx_word' id='word_1_255' title='bbox 1165 2040 1361 2087; x_wconf 65' lang='lat' dir='ltr'><strong>ca-cus;</strong></span> <span class='ocrx_word' id='word_1_256' title='bbox 1402 2025 1518 2076; x_wconf 90' lang='lat' dir='ltr'><strong>inde</strong></span> <span class='ocrx_word' id='word_1_257' title='bbox 1546 2039 1725 2077; x_wconf 86' lang='lat' dir='ltr'><strong>mone-</strong></span> 
     </span>
    </p>
   </div>
   <div class='ocr_carea' id='block_1_36' title="bbox 209 2112 1725 2181">
    <p class='ocr_par' dir='ltr' id='par_1_36' title="bbox 209 2112 1725 2181">
     <span class='ocr_line' id='line_1_36' title="bbox 209 2112 1725 2181; baseline -0.001 -16"><span class='ocrx_word' id='word_1_258' title='bbox 209 2122 302 2166; x_wconf 92' lang='lat' dir='ltr'><strong>tur</strong></span> <span class='ocrx_word' id='word_1_259' title='bbox 350 2114 641 2181; x_wconf 73' lang='lat' dir='ltr'><strong>Pigmenius</strong></span> <span class='ocrx_word' id='word_1_260' title='bbox 692 2114 983 2174; x_wconf 88' lang='lat' dir='ltr'><strong>insomnis,</strong></span> <span class='ocrx_word' id='word_1_261' title='bbox 1035 2122 1088 2163; x_wconf 88' lang='lat' dir='ltr'><strong>ut</strong></span> <span class='ocrx_word' id='word_1_262' title='bbox 1117 2121 1458 2164; x_wconf 82' lang='lat' dir='ltr'><strong>reverteretur</strong></span> <span class='ocrx_word' id='word_1_263' title='bbox 1486 2112 1725 2163; x_wconf 81' lang='lat' dir='ltr'><strong>Romam.</strong></span> 
     </span>
    </p>
   </div>
   <div class='ocr_carea' id='block_1_37' title="bbox 212 2199 1730 2269">
    <p class='ocr_par' dir='ltr' id='par_1_37' title="bbox 212 2199 1730 2269">
     <span class='ocr_line' id='line_1_37' title="bbox 212 2199 1730 2269; baseline -0.002 -15"><span class='ocrx_word' id='word_1_264' title='bbox 212 2200 450 2268; x_wconf 85' lang='lat' dir='ltr'><strong>Cumque</strong></span> <span class='ocrx_word' id='word_1_265' title='bbox 475 2212 588 2269; x_wconf 89' lang='lat' dir='ltr'><strong>post</strong></span> <span class='ocrx_word' id='word_1_266' title='bbox 632 2215 833 2253; x_wconf 83' lang='lat' dir='ltr'><strong>menses</strong></span> <span class='ocrx_word' id='word_1_267' title='bbox 874 2210 1089 2267; x_wconf 82' lang='lat' dir='ltr'><strong>quatuor</strong></span> <span class='ocrx_word' id='word_1_268' title='bbox 1117 2212 1372 2260; x_wconf 79' lang='lat' dir='ltr'><strong>reversus,</strong></span> <span class='ocrx_word' id='word_1_269' title='bbox 1402 2199 1585 2249; x_wconf 90' lang='lat' dir='ltr'><strong>clivum</strong></span> <span class='ocrx_word' id='word_1_270' title='bbox 1635 2200 1730 2251; x_wconf 87' lang='lat' dir='ltr'><strong>Sa-</strong></span> 
     </span>
    </p>
   </div>
   <div class='ocr_carea' id='block_1_38' title="bbox 208 2286 1728 2350">
    <p class='ocr_par' dir='ltr' id='par_1_38' title="bbox 208 2286 1728 2350">
     <span class='ocr_line' id='line_1_38' title="bbox 208 2286 1728 2350; baseline -0.001 -10"><span class='ocrx_word' id='word_1_271' title='bbox 208 2302 320 2340; x_wconf 68' lang='lat' dir='ltr'><strong>cra:</strong></span> <span class='ocrx_word' id='word_1_272' title='bbox 364 2288 456 2339; x_wconf 71' lang='lat' dir='ltr'><strong>viae</strong></span> <span class='ocrx_word' id='word_1_273' title='bbox 493 2302 609 2340; x_wconf 87' lang='lat' dir='ltr'><strong>cum</strong></span> <span class='ocrx_word' id='word_1_274' title='bbox 657 2301 756 2339; x_wconf 90' lang='lat' dir='ltr'><strong>uno</strong></span> <span class='ocrx_word' id='word_1_275' title='bbox 813 2302 971 2350; x_wconf 89' lang='lat' dir='ltr'><strong>puero</strong></span> <span class='ocrx_word' id='word_1_276' title='bbox 994 2287 1178 2349; x_wconf 73' lang='lat' dir='ltr'><strong>Stipem</strong></span> <span class='ocrx_word' id='word_1_277' title='bbox 1216 2286 1435 2349; x_wconf 88' lang='lat' dir='ltr'><strong>petendo</strong></span> <span class='ocrx_word' id='word_1_278' title='bbox 1480 2300 1728 2338; x_wconf 87' lang='lat' dir='ltr'><strong>conscen-</strong></span> 
     </span>
    </p>
   </div>
   <div class='ocr_carea' id='block_1_39' title="bbox 212 2372 1732 2439">
    <p class='ocr_par' dir='ltr' id='par_1_39' title="bbox 212 2372 1732 2439">
     <span class='ocr_line' id='line_1_39' title="bbox 212 2372 1732 2439; baseline -0.001 -12"><span class='ocrx_word' id='word_1_279' title='bbox 212 2377 384 2439; x_wconf 85' lang='lat' dir='ltr'><strong>deret,</strong></span> <span class='ocrx_word' id='word_1_280' title='bbox 417 2375 611 2428; x_wconf 71' lang='lat' dir='ltr'><strong>factum</strong></span> <span class='ocrx_word' id='word_1_281' title='bbox 649 2385 726 2427; x_wconf 86' lang='lat' dir='ltr'><strong>est</strong></span> <span class='ocrx_word' id='word_1_282' title='bbox 780 2383 835 2426; x_wconf 92' lang='lat' dir='ltr'><strong>ut</strong></span> <span class='ocrx_word' id='word_1_283' title='bbox 878 2373 1162 2426; x_wconf 77' lang='lat' dir='ltr'><strong>offenderet</strong></span> <span class='ocrx_word' id='word_1_284' title='bbox 1204 2372 1456 2424; x_wconf 68' lang='lat' dir='ltr'><strong>lulianum</strong></span> <span class='ocrx_word' id='word_1_285' title='bbox 1514 2374 1732 2438; x_wconf 70' lang='lat' dir='ltr'><strong>impera-</strong></span> 
     </span>
    </p>
   </div>
   <div class='ocr_carea' id='block_1_40' title="bbox 211 2462 1727 2530">
    <p class='ocr_par' dir='ltr' id='par_1_40' title="bbox 211 2462 1727 2530">
     <span class='ocr_line' id='line_1_40' title="bbox 211 2462 1727 2530; baseline -0.004 -11"><span class='ocrx_word' id='word_1_286' title='bbox 211 2472 385 2519; x_wconf 87' lang='lat' dir='ltr'><strong>torem</strong></span> <span class='ocrx_word' id='word_1_287' title='bbox 430 2465 480 2517; x_wconf 92' lang='lat' dir='ltr'><strong>in</strong></span> <span class='ocrx_word' id='word_1_288' title='bbox 523 2465 678 2518; x_wconf 89' lang='lat' dir='ltr'><strong>rheda</strong></span> <span class='ocrx_word' id='word_1_289' title='bbox 724 2478 876 2517; x_wconf 87' lang='lat' dir='ltr'><strong>aurea</strong></span> <span class='ocrx_word' id='word_1_290' title='bbox 906 2464 1197 2525; x_wconf 84' lang='lat' dir='ltr'><strong>sedentem;</strong></span> <span class='ocrx_word' id='word_1_291' title='bbox 1232 2462 1317 2530; x_wconf 91' lang='lat' dir='ltr'><strong>qui</strong></span> <span class='ocrx_word' id='word_1_292' title='bbox 1368 2462 1569 2515; x_wconf 89' lang='lat' dir='ltr'><strong>eminus</strong></span> <span class='ocrx_word' id='word_1_293' title='bbox 1601 2477 1727 2513; x_wconf 92' lang='lat' dir='ltr'><strong>con-</strong></span> 
     </span>
    </p>
   </div>
   <div class='ocr_carea' id='block_1_41' title="bbox 1828 2031 3338 2099">
    <p class='ocr_par' dir='ltr' id='par_1_41' title="bbox 1828 2031 3338 2099">
     <span class='ocr_line' id='line_1_41' title="bbox 1828 2031 3338 2099; baseline -0.003 -14"><span class='ocrx_word' id='word_1_294' title='bbox 1828 2035 2065 2085; x_wconf 85' lang='lat' dir='ltr'><strong>conditus</strong></span> <span class='ocrx_word' id='word_1_295' title='bbox 2091 2042 2189 2085; x_wconf 89' lang='lat' dir='ltr'><strong>est.</strong></span> <span class='ocrx_word' id='word_1_296' title='bbox 2210 2032 2270 2083; x_wconf 88' lang='lat' dir='ltr'><strong>Et</strong></span> <span class='ocrx_word' id='word_1_297' title='bbox 2298 2033 2430 2098; x_wconf 88' lang='lat' dir='ltr'><strong>apud</strong></span> <span class='ocrx_word' id='word_1_298' title='bbox 2458 2034 2727 2099; x_wconf 85' lang='lat' dir='ltr'><strong>Smyrnam</strong></span> <span class='ocrx_word' id='word_1_299' title='bbox 2756 2034 2927 2084; x_wconf 79' lang='lat' dir='ltr'><strong>natale</strong></span> <span class='ocrx_word' id='word_1_300' title='bbox 2952 2032 3121 2083; x_wconf 86' lang='lat' dir='ltr'><strong>sancti</strong></span> <span class='ocrx_word' id='word_1_301' title='bbox 3156 2031 3338 2082; x_wconf 78' lang='lat' dir='ltr'><strong>lrenasi</strong></span> 
     </span>
    </p>
   </div>
   <div class='ocr_carea' id='block_1_42' title="bbox 1830 2120 3339 2189">
    <p class='ocr_par' dir='ltr' id='par_1_42' title="bbox 1830 2120 3339 2189">
     <span class='ocr_line' id='line_1_42' title="bbox 1830 2120 3339 2189; baseline -0.002 -15"><span class='ocrx_word' id='word_1_302' title='bbox 1830 2122 2074 2189; x_wconf 74' lang='lat' dir='ltr'><strong>epi~copi,</strong></span> <span class='ocrx_word' id='word_1_303' title='bbox 2112 2121 2195 2187; x_wconf 90' lang='lat' dir='ltr'><strong>qui</strong></span> <span class='ocrx_word' id='word_1_304' title='bbox 2225 2137 2254 2173; x_wconf 89' lang='lat' dir='ltr'><strong>a</strong></span> <span class='ocrx_word' id='word_1_305' title='bbox 2287 2131 2515 2187; x_wconf 87' lang='lat' dir='ltr'><strong>tempore</strong></span> <span class='ocrx_word' id='word_1_306' title='bbox 2544 2120 2828 2172; x_wconf 81' lang='lat' dir='ltr'><strong>Maximiani</strong></span> <span class='ocrx_word' id='word_1_307' title='bbox 2858 2121 3201 2185; x_wconf 76' lang='lat' dir='ltr'><strong>imperatoris,</strong></span> <span class='ocrx_word' id='word_1_308' title='bbox 3242 2120 3339 2172; x_wconf 84' lang='lat' dir='ltr'><strong>sub</strong></span> 
     </span>
    </p>
   </div>
   <div class='ocr_carea' id='block_1_43' title="bbox 1833 2207 3341 2273">
    <p class='ocr_par' dir='ltr' id='par_1_43' title="bbox 1833 2207 3341 2273">
     <span class='ocr_line' id='line_1_43' title="bbox 1833 2207 3341 2273; baseline -0.003 -13"><span class='ocrx_word' id='word_1_309' title='bbox 1833 2208 2051 2273; x_wconf 68' lang='lat' dir='ltr'><strong>prmside</strong></span> <span class='ocrx_word' id='word_1_310' title='bbox 2092 2208 2280 2271; x_wconf 86' lang='lat' dir='ltr'><strong>Probo,</strong></span> <span class='ocrx_word' id='word_1_311' title='bbox 2312 2209 2477 2273; x_wconf 86' lang='lat' dir='ltr'><strong>primo</strong></span> <span class='ocrx_word' id='word_1_312' title='bbox 2503 2207 2773 2258; x_wconf 89' lang='lat' dir='ltr'><strong>tormentis</strong></span> <span class='ocrx_word' id='word_1_313' title='bbox 2815 2207 3082 2258; x_wconf 86' lang='lat' dir='ltr'><strong>acerrimis</strong></span> <span class='ocrx_word' id='word_1_314' title='bbox 3110 2218 3341 2267; x_wconf 68' lang='lat' dir='ltr'><strong>vexatus,</strong></span> 
     </span>
    </p>
   </div>
   <div class='ocr_carea' id='block_1_44' title="bbox 1832 2290 3347 2361">
    <p class='ocr_par' dir='ltr' id='par_1_44' title="bbox 1832 2290 3347 2361">
     <span class='ocr_line' id='line_1_44' title="bbox 1832 2290 3347 2361; baseline -0.002 -16"><span class='ocrx_word' id='word_1_315' title='bbox 1832 2294 2017 2346; x_wconf 88' lang='lat' dir='ltr'><strong>deinde</strong></span> <span class='ocrx_word' id='word_1_316' title='bbox 2056 2296 2232 2347; x_wconf 89' lang='lat' dir='ltr'><strong>diebus</strong></span> <span class='ocrx_word' id='word_1_317' title='bbox 2269 2294 2501 2361; x_wconf 85' lang='lat' dir='ltr'><strong>plurimis</strong></span> <span class='ocrx_word' id='word_1_318' title='bbox 2547 2294 2597 2344; x_wconf 92' lang='lat' dir='ltr'><strong>in</strong></span> <span class='ocrx_word' id='word_1_319' title='bbox 2625 2306 2830 2345; x_wconf 89' lang='lat' dir='ltr'><strong>carcere</strong></span> <span class='ocrx_word' id='word_1_320' title='bbox 2859 2293 3131 2356; x_wconf 89' lang='lat' dir='ltr'><strong>cruciatus,</strong></span> <span class='ocrx_word' id='word_1_321' title='bbox 3174 2290 3347 2343; x_wconf 80' lang='lat' dir='ltr'><strong>novis-</strong></span> 
     </span>
    </p>
   </div>
   <div class='ocr_carea' id='block_1_45' title="bbox 1834 2383 2939 2449">
    <p class='ocr_par' dir='ltr' id='par_1_45' title="bbox 1834 2383 2939 2449">
     <span class='ocr_line' id='line_1_45' title="bbox 1834 2383 2939 2449; baseline -0.001 -14"><span class='ocrx_word' id='word_1_322' title='bbox 1834 2383 1963 2437; x_wconf 87' lang='lat' dir='ltr'><strong>sime</strong></span> <span class='ocrx_word' id='word_1_323' title='bbox 1989 2384 2213 2436; x_wconf 88' lang='lat' dir='ltr'><strong>abscisso</strong></span> <span class='ocrx_word' id='word_1_324' title='bbox 2244 2384 2409 2449; x_wconf 84' lang='lat' dir='ltr'><strong>capite</strong></span> <span class='ocrx_word' id='word_1_325' title='bbox 2438 2393 2819 2435; x_wconf 87' lang='lat' dir='ltr'><strong>consummatus</strong></span> <span class='ocrx_word' id='word_1_326' title='bbox 2840 2390 2939 2435; x_wconf 71' lang='grc' dir='ltr'><strong>εει.</strong></span> 
     </span>
    </p>
   </div>
   <div class='ocr_carea' id='block_1_46' title="bbox 1417 2546 2159 2601">
    <p class='ocr_par' dir='ltr' id='par_1_46' title="bbox 1417 2546 2159 2601">
     <span class='ocr_line' id='line_1_46' title="bbox 1417 2546 2159 2601; baseline -0.001 -2"><span class='ocrx_word' id='word_1_327' title='bbox 1417 2549 1631 2600; x_wconf 82' lang='lat' dir='ltr'><strong>EDlTll)</strong></span> <span class='ocrx_word' id='word_1_328' title='bbox 1673 2546 2159 2601; x_wconf 74' lang='lat' dir='ltr'><strong>BOLLANDIANA.</strong></span> 
     </span>
    </p>
   </div>
   <div class='ocr_carea' id='block_1_47' title="bbox 218 2635 1730 2703">
    <p class='ocr_par' dir='ltr' id='par_1_47' title="bbox 218 2635 1730 2703">
     <span class='ocr_line' id='line_1_47' title="bbox 218 2635 1730 2703; baseline -0.004 -10"><span class='ocrx_word' id='word_1_329' title='bbox 218 2638 350 2693; x_wconf 86' lang='lat' dir='ltr'><strong>latio</strong></span> <span class='ocrx_word' id='word_1_330' title='bbox 370 2639 616 2703; x_wconf 80' lang='lat' dir='ltr'><strong>exercuit,</strong></span> <span class='ocrx_word' id='word_1_331' title='bbox 640 2647 695 2691; x_wconf 92' lang='lat' dir='ltr'><strong>ut</strong></span> <span class='ocrx_word' id='word_1_332' title='bbox 717 2652 835 2691; x_wconf 90' lang='lat' dir='ltr'><strong>eum</strong></span> <span class='ocrx_word' id='word_1_333' title='bbox 856 2651 1027 2690; x_wconf 80' lang='lat' dir='ltr'><strong>verum</strong></span> <span class='ocrx_word' id='word_1_334' title='bbox 1048 2635 1245 2688; x_wconf 88' lang='lat' dir='ltr'><strong>Domini</strong></span> <span class='ocrx_word' id='word_1_335' title='bbox 1269 2636 1513 2687; x_wconf 83' lang='lat' dir='ltr'><strong>famulum</strong></span> <span class='ocrx_word' id='word_1_336' title='bbox 1544 2649 1730 2700; x_wconf 83' lang='lat' dir='ltr'><strong>appro-</strong></span> 
     </span>
    </p>
   </div>
   <div class='ocr_carea' id='block_1_48' title="bbox 214 2728 388 2780">
    <p class='ocr_par' dir='ltr' id='par_1_48' title="bbox 214 2728 388 2780">
     <span class='ocr_line' id='line_1_48' title="bbox 214 2728 388 2780; baseline -0.017 0"><span class='ocrx_word' id='word_1_337' title='bbox 214 2728 388 2780; x_wconf 85' lang='lat' dir='ltr'><strong>baret.</strong></span> 
     </span>
    </p>
   </div>
   <div class='ocr_carea' id='block_1_49' title="bbox 293 2810 1728 2879">
    <p class='ocr_par' dir='ltr' id='par_1_49' title="bbox 293 2810 1728 2879">
     <span class='ocr_line' id='line_1_49' title="bbox 293 2810 1728 2879; baseline -0.002 -15"><span class='ocrx_word' id='word_1_338' title='bbox 293 2813 354 2864; x_wconf 90' lang='lat' dir='ltr'><strong>D.</strong></span> <span class='ocrx_word' id='word_1_339' title='bbox 384 2810 633 2864; x_wconf 66' lang='lat' dir='ltr'><strong>Narbona!</strong></span> <span class='ocrx_word' id='word_1_340' title='bbox 661 2811 717 2863; x_wconf 88' lang='lat' dir='ltr'><strong>S.</strong></span> <span class='ocrx_word' id='word_1_341' title='bbox 748 2810 887 2863; x_wconf 83' lang='lat' dir='ltr'><strong>Pauli</strong></span> <span class='ocrx_word' id='word_1_342' title='bbox 915 2811 1139 2879; x_wconf 81' lang='lat' dir='ltr'><strong>episcopi</strong></span> <span class='ocrx_word' id='word_1_343' title='bbox 1184 2810 1415 2879; x_wconf 73' lang='lat' dir='ltr'><strong>di~_cipuli</strong></span> <span class='ocrx_word' id='word_1_344' title='bbox 1459 2812 1728 2875; x_wconf 70' lang='lat' dir='ltr'><strong>apostolo-</strong></span> 
     </span>
    </p>
   </div>
   <div class='ocr_carea' id='block_1_50' title="bbox 221 2877 1725 2941">
    <p class='ocr_par' dir='ltr' id='par_1_50' title="bbox 221 2877 1725 2941">
     <span class='ocr_line' id='line_1_50' title="bbox 221 2877 1725 2941; baseline -0.001 -10"><span class='ocrx_word' id='word_1_345' title='bbox 221 2895 361 2932; x_wconf 89' lang='lat' dir='ltr'><strong>rum.</strong></span> <span class='ocrx_word' id='word_1_346' title='bbox 401 2881 456 2930; x_wconf 71' lang='grc' dir='ltr'><strong>ν.</strong></span> <span class='ocrx_word' id='word_1_347' title='bbox 490 2880 570 2941; x_wconf 83' lang='lat'><strong>8.,</strong></span> <span class='ocrx_word' id='word_1_348' title='bbox 595 2879 647 2930; x_wconf 93' lang='lat' dir='ltr'><strong>In</strong></span> <span class='ocrx_word' id='word_1_349' title='bbox 684 2880 915 2931; x_wconf 78' lang='lat' dir='ltr'><strong>Narbona</strong></span> <span class='ocrx_word' id='word_1_350' title='bbox 942 2877 1147 2931; x_wconf 74' lang='lat' dir='ltr'><strong>Civitate</strong></span> <span class='ocrx_word' id='word_1_351' title='bbox 1167 2879 1221 2932; x_wconf 91' lang='lat' dir='ltr'><strong>S.</strong></span> <span class='ocrx_word' id='word_1_352' title='bbox 1244 2877 1384 2930; x_wconf 83' lang='lat' dir='ltr'><strong>Pauli</strong></span> <span class='ocrx_word' id='word_1_353' title='bbox 1404 2880 1725 2932; x_wconf 72' lang='lat' dir='ltr'><strong>conleSsoris.</strong></span> 
     </span>
    </p>
   </div>
   <div class='ocr_carea' id='block_1_51' title="bbox 222 2946 893 3008">
    <p class='ocr_par' dir='ltr' id='par_1_51' title="bbox 222 2946 893 3008">
     <span class='ocr_line' id='line_1_51' title="bbox 222 2946 893 3008; baseline -0.003 -9"><span class='ocrx_word' id='word_1_354' title='bbox 222 2946 313 3008; x_wconf 72' lang='grc' dir='ltr'><strong>ν..</strong></span> <span class='ocrx_word' id='word_1_355' title='bbox 346 2948 397 2999; x_wconf 88' lang='lat' dir='ltr'><strong>In</strong></span> <span class='ocrx_word' id='word_1_356' title='bbox 424 2949 588 2998; x_wconf 82' lang='lat' dir='ltr'><strong>Alrica</strong></span> <span class='ocrx_word' id='word_1_357' title='bbox 617 2947 893 2998; x_wconf 83' lang='lat' dir='ltr'><strong>Saturnini.</strong></span> 
     </span>
    </p>
   </div>
   <div class='ocr_carea' id='block_1_52' title="bbox 288 3032 1061 3085">
    <p class='ocr_par' dir='ltr' id='par_1_52' title="bbox 288 3032 1061 3085">
     <span class='ocr_line' id='line_1_52' title="bbox 288 3032 1061 3085; baseline 0 -1"><span class='ocrx_word' id='word_1_358' title='bbox 288 3032 376 3084; x_wconf 69' lang='lat'><strong>25.</strong></span> <span class='ocrx_word' id='word_1_359' title='bbox 403 3061 463 3071; x_wconf 94' lang='lat'><strong><em>—</em></strong></span> <span class='ocrx_word' id='word_1_360' title='bbox 485 3033 529 3085; x_wconf 77' lang='grc' dir='ltr'><strong>Χ</strong></span> <span class='ocrx_word' id='word_1_361' title='bbox 556 3033 685 3085; x_wconf 65' lang='lat' dir='ltr'><strong>Kac.</strong></span> <span class='ocrx_word' id='word_1_362' title='bbox 718 3033 873 3084; x_wconf 77' lang='lat' dir='ltr'><strong>Vacat</strong></span> <span class='ocrx_word' id='word_1_363' title='bbox 896 3034 1061 3085; x_wconf 65' lang='lat' dir='ltr'><strong>Baeda.</strong></span> 
     </span>
    </p>
   </div>
   <div class='ocr_carea' id='block_1_53' title="bbox 296 3106 1733 3181">
    <p class='ocr_par' dir='ltr' id='par_1_53' title="bbox 296 3106 1733 3181">
     <span class='ocr_line' id='line_1_53' title="bbox 296 3106 1733 3181; baseline 0 -6"><span class='ocrx_word' id='word_1_364' title='bbox 296 3124 479 3175; x_wconf 81' lang='lat' dir='ltr'><strong>Florus</strong></span> <span class='ocrx_word' id='word_1_365' title='bbox 526 3124 575 3174; x_wconf 91' lang='lat' dir='ltr'><strong>in</strong></span> <span class='ocrx_word' id='word_1_366' title='bbox 619 3127 679 3173; x_wconf 72' lang='grc' dir='ltr'><strong>Α.</strong></span> <span class='ocrx_word' id='word_1_367' title='bbox 726 3123 788 3173; x_wconf 83' lang='grc' dir='ltr'><strong>τ.</strong></span> <span class='ocrx_word' id='word_1_368' title='bbox 843 3122 933 3181; x_wconf 85' lang='lat' dir='ltr'><strong>L.,</strong></span> <span class='ocrx_word' id='word_1_369' title='bbox 982 3122 1035 3173; x_wconf 94' lang='lat' dir='ltr'><strong>In</strong></span> <span class='ocrx_word' id='word_1_370' title='bbox 1086 3120 1331 3175; x_wconf 85' lang='lat' dir='ltr'><strong>Antiocba</strong></span> <span class='ocrx_word' id='word_1_371' title='bbox 1378 3106 1733 3175; x_wconf 68' lang='lat' dir='ltr'><strong>‘Theoderici</strong></span> 
     </span>
    </p>
   </div>
   <div class='ocr_carea' id='block_1_54' title="bbox 225 3206 1727 3278">
    <p class='ocr_par' dir='ltr' id='par_1_54' title="bbox 225 3206 1727 3278">
     <span class='ocr_line' id='line_1_54' title="bbox 225 3206 1727 3278; baseline -0.001 -15"><span class='ocrx_word' id='word_1_372' title='bbox 225 3210 558 3278; x_wconf 85' lang='lat' dir='ltr'><strong>presbyteri,</strong></span> <span class='ocrx_word' id='word_1_373' title='bbox 604 3210 690 3275; x_wconf 90' lang='lat' dir='ltr'><strong>qui</strong></span> <span class='ocrx_word' id='word_1_374' title='bbox 723 3218 952 3275; x_wconf 90' lang='lat' dir='ltr'><strong>tempore</strong></span> <span class='ocrx_word' id='word_1_375' title='bbox 979 3206 1168 3260; x_wconf 80' lang='lat' dir='ltr'><strong>Juliani</strong></span> <span class='ocrx_word' id='word_1_376' title='bbox 1210 3208 1531 3274; x_wconf 86' lang='lat' dir='ltr'><strong>imperatoris</strong></span> <span class='ocrx_word' id='word_1_377' title='bbox 1560 3207 1727 3276; x_wconf 78' lang='lat' dir='ltr'><strong>gladio</strong></span> 
     </span>
    </p>
   </div>
   <div class='ocr_carea' id='block_1_55' title="bbox 224 3294 785 3365">
    <p class='ocr_par' dir='ltr' id='par_1_55' title="bbox 224 3294 785 3365">
     <span class='ocr_line' id='line_1_55' title="bbox 224 3294 785 3365; baseline -0.005 -17"><span class='ocrx_word' id='word_1_378' title='bbox 224 3310 505 3365; x_wconf 85' lang='lat' dir='ltr'><strong>percussus</strong></span> <span class='ocrx_word' id='word_1_379' title='bbox 530 3294 785 3347; x_wconf 86' lang='lat' dir='ltr'><strong>occubuit.</strong></span> 
     </span>
    </p>
   </div>
   <div class='ocr_carea' id='block_1_56' title="bbox 299 3378 1733 3448">
    <p class='ocr_par' dir='ltr' id='par_1_56' title="bbox 299 3378 1733 3448">
     <span class='ocr_line' id='line_1_56' title="bbox 299 3378 1733 3448; baseline 0.001 -16"><span class='ocrx_word' id='word_1_380' title='bbox 299 3380 384 3442; x_wconf 87' lang='lat' dir='ltr'><strong>D.,</strong></span> <span class='ocrx_word' id='word_1_381' title='bbox 415 3381 466 3433; x_wconf 92' lang='lat' dir='ltr'><strong>In</strong></span> <span class='ocrx_word' id='word_1_382' title='bbox 496 3379 661 3431; x_wconf 78' lang='lat' dir='ltr'><strong>Africa</strong></span> <span class='ocrx_word' id='word_1_383' title='bbox 701 3378 978 3448; x_wconf 76' lang='lat' dir='ltr'><strong>martyrum</strong></span> <span class='ocrx_word' id='word_1_384' title='bbox 1008 3380 1031 3415; x_wconf 75' lang='grc' dir='ltr'>δ</span> <span class='ocrx_word' id='word_1_385' title='bbox 1060 3378 1356 3448; x_wconf 83' lang='lat' dir='ltr'><strong>Victoriani,</strong></span> <span class='ocrx_word' id='word_1_386' title='bbox 1383 3381 1656 3434; x_wconf 84' lang='lat' dir='ltr'><strong>Fntmentii</strong></span> <span class='ocrx_word' id='word_1_387' title='bbox 1680 3390 1733 3434; x_wconf 87' lang='lat' dir='ltr'><strong>et</strong></span> 
     </span>
    </p>
   </div>
   <div class='ocr_carea' id='block_1_57' title="bbox 230 3446 1730 3513">
    <p class='ocr_par' dir='ltr' id='par_1_57' title="bbox 230 3446 1730 3513">
     <span class='ocr_line' id='line_1_57' title="bbox 230 3446 1730 3513; baseline 0.001 -14"><span class='ocrx_word' id='word_1_388' title='bbox 230 3448 451 3499; x_wconf 87' lang='lat' dir='ltr'><strong>duorum</strong></span> <span class='ocrx_word' id='word_1_389' title='bbox 477 3446 860 3513; x_wconf 58' lang='lat' dir='ltr'><strong>germanorum.</strong></span> <span class='ocrx_word' id='word_1_390' title='bbox 915 3448 968 3496; x_wconf 81' lang='grc' dir='ltr'><strong>ν.</strong></span> <span class='ocrx_word' id='word_1_391' title='bbox 1005 3448 1085 3506; x_wconf 85' lang='lat'><strong>8.,</strong></span> <span class='ocrx_word' id='word_1_392' title='bbox 1127 3446 1178 3495; x_wconf 94' lang='lat' dir='ltr'><strong>In</strong></span> <span class='ocrx_word' id='word_1_393' title='bbox 1196 3449 1377 3513; x_wconf 66' lang='lat' dir='ltr'><strong>Africa</strong></span> <span class='ocrx_word' id='word_1_394' title='bbox 1424 3449 1630 3500; x_wconf 60' lang='lat' dir='ltr'><strong>Fidi-lis.</strong></span> <span class='ocrx_word' id='word_1_395' title='bbox 1679 3449 1730 3500; x_wconf 90' lang='lat' dir='ltr'><strong>In</strong></span> 
     </span>
    </p>
   </div>
   <div class='ocr_carea' id='block_1_58' title="bbox 235 3512 1733 3580">
    <p class='ocr_par' dir='ltr' id='par_1_58' title="bbox 235 3512 1733 3580">
     <span class='ocr_line' id='line_1_58' title="bbox 235 3512 1733 3580; baseline -0.001 -13"><span class='ocrx_word' id='word_1_396' title='bbox 235 3512 509 3567; x_wconf 73' lang='lat' dir='ltr'><strong>Antiochia</strong></span> <span class='ocrx_word' id='word_1_397' title='bbox 537 3514 789 3565; x_wconf 78' lang='lat' dir='ltr'><strong>Theodori</strong></span> <span class='ocrx_word' id='word_1_398' title='bbox 838 3513 1134 3580; x_wconf 67' lang='lat' dir='ltr'><strong>presbyteri.</strong></span> <span class='ocrx_word' id='word_1_399' title='bbox 1192 3512 1273 3575; x_wconf 84' lang='lat' dir='ltr'><strong>V.,</strong></span> <span class='ocrx_word' id='word_1_400' title='bbox 1304 3516 1513 3566; x_wconf 87' lang='lat' dir='ltr'><strong>.lnliani.</strong></span> <span class='ocrx_word' id='word_1_401' title='bbox 1567 3516 1646 3576; x_wconf 84' lang='lat'><strong>8.,</strong></span> <span class='ocrx_word' id='word_1_402' title='bbox 1682 3515 1733 3565; x_wconf 92' lang='lat' dir='ltr'><strong>In</strong></span> 
     </span>
    </p>
   </div>
   <div class='ocr_carea' id='block_1_59' title="bbox 236 3580 1739 3648">
    <p class='ocr_par' dir='ltr' id='par_1_59' title="bbox 236 3580 1739 3648">
     <span class='ocr_line' id='line_1_59' title="bbox 236 3580 1739 3648; baseline 0.003 -18"><span class='ocrx_word' id='word_1_403' title='bbox 236 3585 249 3630; x_wconf 94' lang='lat' dir='ltr'>I</span> <span class='ocrx_word' id='word_1_404' title='bbox 277 3584 502 3648; x_wconf 83' lang='lat' dir='ltr'><strong>roviocia</strong></span> <span class='ocrx_word' id='word_1_405' title='bbox 528 3582 805 3641; x_wconf 72' lang='lat' dir='ltr'><strong>Carmillze,</strong></span> <span class='ocrx_word' id='word_1_406' title='bbox 837 3581 998 3643; x_wconf 87' lang='lat' dir='ltr'><strong>Pauli,</strong></span> <span class='ocrx_word' id='word_1_407' title='bbox 1029 3582 1293 3644; x_wconf 69' lang='lat' dir='ltr'><strong>Caesarem,</strong></span> <span class='ocrx_word' id='word_1_408' title='bbox 1321 3580 1527 3635; x_wconf 81' lang='lat' dir='ltr'><strong>Juliaui.</strong></span> <span class='ocrx_word' id='word_1_409' title='bbox 1559 3581 1644 3648; x_wconf 87' lang='lat' dir='ltr'><strong>L.,</strong></span> <span class='ocrx_word' id='word_1_410' title='bbox 1676 3584 1739 3635; x_wconf 75' lang='lat' dir='ltr'><strong>Et</strong></span> 
     </span>
    </p>
   </div>
   <div class='ocr_carea' id='block_1_60' title="bbox 229 3647 810 3701">
    <p class='ocr_par' dir='ltr' id='par_1_60' title="bbox 229 3647 810 3701">
     <span class='ocr_line' id='line_1_60' title="bbox 229 3647 810 3701; baseline -0.003 0"><span class='ocrx_word' id='word_1_411' title='bbox 229 3647 328 3701; x_wconf 82' lang='lat' dir='ltr'><strong>SS.</strong></span> <span class='ocrx_word' id='word_1_412' title='bbox 364 3649 500 3701; x_wconf 77' lang='lat' dir='ltr'><strong>Pauli</strong></span> <span class='ocrx_word' id='word_1_413' title='bbox 530 3659 581 3699; x_wconf 88' lang='lat' dir='ltr'><strong>et</strong></span> <span class='ocrx_word' id='word_1_414' title='bbox 606 3651 810 3699; x_wconf 78' lang='lat' dir='ltr'><strong>Juliani.</strong></span> 
     </span>
    </p>
   </div>
   <div class='ocr_carea' id='block_1_61' title="bbox 300 3733 1110 3788">
    <p class='ocr_par' dir='ltr' id='par_1_61' title="bbox 300 3733 1110 3788">
     <span class='ocr_line' id='line_1_61' title="bbox 300 3733 1110 3788; baseline 0 -3"><span class='ocrx_word' id='word_1_415' title='bbox 300 3736 391 3788; x_wconf 63' lang='lat' dir='ltr'><strong>2i.</strong></span> <span class='ocrx_word' id='word_1_416' title='bbox 415 3762 481 3773; x_wconf 89' lang='lat'>—</span> <span class='ocrx_word' id='word_1_417' title='bbox 507 3733 572 3785; x_wconf 79' lang='lat' dir='ltr'><strong>IX</strong></span> <span class='ocrx_word' id='word_1_418' title='bbox 601 3735 727 3785; x_wconf 72' lang='lat' dir='ltr'><strong>KAL.</strong></span> <span class='ocrx_word' id='word_1_419' title='bbox 766 3735 916 3788; x_wconf 78' lang='lat' dir='ltr'><strong>Vacat</strong></span> <span class='ocrx_word' id='word_1_420' title='bbox 944 3735 1110 3787; x_wconf 56' lang='lat' dir='ltr'><strong>Baeda.</strong></span> 
     </span>
    </p>
   </div>
   <div class='ocr_carea' id='block_1_62' title="bbox 306 3820 1735 3891">
    <p class='ocr_par' dir='ltr' id='par_1_62' title="bbox 306 3820 1735 3891">
     <span class='ocr_line' id='line_1_62' title="bbox 306 3820 1735 3891; baseline 0.001 -17"><span class='ocrx_word' id='word_1_421' title='bbox 306 3823 367 3874; x_wconf 80' lang='grc' dir='ltr'><strong>υ.</strong></span> <span class='ocrx_word' id='word_1_422' title='bbox 401 3820 574 3891; x_wconf 64' lang='lat' dir='ltr'><strong>Romae</strong></span> <span class='ocrx_word' id='word_1_423' title='bbox 606 3823 850 3887; x_wconf 77' lang='lat' dir='ltr'><strong>Pigtnenii</strong></span> <span class='ocrx_word' id='word_1_424' title='bbox 876 3824 1158 3891; x_wconf 79' lang='lat' dir='ltr'><strong>presbyteri</strong></span> <span class='ocrx_word' id='word_1_425' title='bbox 1212 3832 1233 3859; x_wconf 75' lang='grc' dir='ltr'><strong>ε</strong></span> <span class='ocrx_word' id='word_1_426' title='bbox 1258 3833 1308 3875; x_wconf 90' lang='lat' dir='ltr'><strong>et</strong></span> <span class='ocrx_word' id='word_1_427' title='bbox 1348 3824 1601 3891; x_wconf 81' lang='lat' dir='ltr'><strong>martyris.</strong></span> <span class='ocrx_word' id='word_1_428' title='bbox 1655 3825 1735 3889; x_wconf 88' lang='lat'><strong>8.,</strong></span> 
     </span>
    </p>
   </div>
   <div class='ocr_carea' id='block_1_63' title="bbox 234 3890 1732 3959">
    <p class='ocr_par' dir='ltr' id='par_1_63' title="bbox 234 3890 1732 3959">
     <span class='ocr_line' id='line_1_63' title="bbox 234 3890 1732 3959; baseline 0.002 -17"><span class='ocrx_word' id='word_1_429' title='bbox 234 3890 292 3942; x_wconf 84' lang='lat' dir='ltr'><strong>In</strong></span> <span class='ocrx_word' id='word_1_430' title='bbox 322 3890 467 3959; x_wconf 82' lang='lat' dir='ltr'><strong>Syria</strong></span> <span class='ocrx_word' id='word_1_431' title='bbox 496 3891 716 3943; x_wconf 79' lang='lat' dir='ltr'><strong>Seleuci.</strong></span> <span class='ocrx_word' id='word_1_432' title='bbox 771 3891 822 3942; x_wconf 91' lang='lat' dir='ltr'><strong>In</strong></span> <span class='ocrx_word' id='word_1_433' title='bbox 849 3890 1051 3954; x_wconf 79' lang='lat' dir='ltr'><strong>Atrica,</strong></span> <span class='ocrx_word' id='word_1_434' title='bbox 1094 3890 1324 3957; x_wconf 82' lang='lat' dir='ltr'><strong>Agapiti,</strong></span> <span class='ocrx_word' id='word_1_435' title='bbox 1367 3890 1588 3943; x_wconf 78' lang='lat' dir='ltr'><strong>Romuli.</strong></span> <span class='ocrx_word' id='word_1_436' title='bbox 1647 3895 1732 3955; x_wconf 81' lang='lat' dir='ltr'><strong>V.,</strong></span> 
     </span>
    </p>
   </div>
   <div class='ocr_carea' id='block_1_64' title="bbox 1837 2631 3349 2701">
    <p class='ocr_par' dir='ltr' id='par_1_64' title="bbox 1837 2631 3349 2701">
     <span class='ocr_line' id='line_1_64' title="bbox 1837 2631 3349 2701; baseline -0.003 -14"><span class='ocrx_word' id='word_1_437' title='bbox 1837 2636 2036 2701; x_wconf 80' lang='lat' dir='ltr'><strong>Rogati.</strong></span> <span class='ocrx_word' id='word_1_438' title='bbox 2077 2636 2139 2686; x_wconf 91' lang='lat' dir='ltr'><strong>A.</strong></span> <span class='ocrx_word' id='word_1_439' title='bbox 2167 2634 2224 2687; x_wconf 86' lang='grc' dir='ltr'><strong>Τ.</strong></span> <span class='ocrx_word' id='word_1_440' title='bbox 2256 2633 2338 2696; x_wconf 86' lang='lat' dir='ltr'><strong>L.,</strong></span> <span class='ocrx_word' id='word_1_441' title='bbox 2368 2633 2422 2693; x_wconf 85' lang='lat' dir='ltr'><strong>In</strong></span> <span class='ocrx_word' id='word_1_442' title='bbox 2451 2633 2594 2700; x_wconf 87' lang='lat' dir='ltr'><strong>Syria</strong></span> <span class='ocrx_word' id='word_1_443' title='bbox 2628 2632 2811 2685; x_wconf 78' lang='lat' dir='ltr'><strong>natalis</strong></span> <span class='ocrx_word' id='word_1_444' title='bbox 2839 2631 2933 2686; x_wconf 85' lang='lat' dir='ltr'><strong>SS.</strong></span> <span class='ocrx_word' id='word_1_445' title='bbox 2964 2632 3185 2701; x_wconf 79' lang='lat' dir='ltr'><strong>Seleuci,</strong></span> <span class='ocrx_word' id='word_1_446' title='bbox 3216 2634 3349 2697; x_wconf 69' lang='lat' dir='ltr'><strong>Aga-</strong></span> 
     </span>
    </p>
   </div>
   <div class='ocr_carea' id='block_1_65' title="bbox 1832 2700 3347 2769">
    <p class='ocr_par' dir='ltr' id='par_1_65' title="bbox 1832 2700 3347 2769">
     <span class='ocr_line' id='line_1_65' title="bbox 1832 2700 3347 2769; baseline -0.001 -16"><span class='ocrx_word' id='word_1_447' title='bbox 1832 2700 1931 2769; x_wconf 65' lang='lat' dir='ltr'><strong>pit‘t</strong></span> <span class='ocrx_word' id='word_1_448' title='bbox 1950 2713 1998 2752; x_wconf 90' lang='lat' dir='ltr'><strong>et</strong></span> <span class='ocrx_word' id='word_1_449' title='bbox 2033 2705 2088 2754; x_wconf 78' lang='lat' dir='ltr'><strong>S.</strong></span> <span class='ocrx_word' id='word_1_450' title='bbox 2115 2703 2333 2751; x_wconf 80' lang='lat' dir='ltr'><strong>Romuli.</strong></span> <span class='ocrx_word' id='word_1_451' title='bbox 2362 2701 2421 2753; x_wconf 83' lang='grc' dir='ltr'><strong>Τ.</strong></span> <span class='ocrx_word' id='word_1_452' title='bbox 2448 2701 2504 2769; x_wconf 77' lang='lat' dir='ltr'><strong>L.</strong></span> <span class='ocrx_word' id='word_1_453' title='bbox 2530 2702 2612 2761; x_wconf 89' lang='lat'><strong>8.,</strong></span> <span class='ocrx_word' id='word_1_454' title='bbox 2647 2703 2704 2769; x_wconf 67' lang='lat' dir='ltr'><strong>lit</strong></span> <span class='ocrx_word' id='word_1_455' title='bbox 2733 2704 2781 2750; x_wconf 89' lang='lat' dir='ltr'><strong>in</strong></span> <span class='ocrx_word' id='word_1_456' title='bbox 2811 2700 3127 2769; x_wconf 81' lang='lat' dir='ltr'><strong>Mauritania,</strong></span> <span class='ocrx_word' id='word_1_457' title='bbox 3154 2700 3347 2763; x_wconf 82' lang='lat' dir='ltr'><strong>Veruli.</strong></span> 
     </span>
    </p>
   </div>
   <div class='ocr_carea' id='block_1_66' title="bbox 1838 2766 3351 2833">
    <p class='ocr_par' dir='ltr' id='par_1_66' title="bbox 1838 2766 3351 2833">
     <span class='ocr_line' id='line_1_66' title="bbox 1838 2766 3351 2833; baseline 0.001 -13"><span class='ocrx_word' id='word_1_458' title='bbox 1838 2766 2020 2820; x_wconf 62' lang='lat' dir='ltr'><strong>Felicis</strong></span> <span class='ocrx_word' id='word_1_459' title='bbox 2040 2780 2090 2820; x_wconf 82' lang='lat' dir='ltr'><strong>ct</strong></span> <span class='ocrx_word' id='word_1_460' title='bbox 2111 2769 2389 2820; x_wconf 84' lang='lat' dir='ltr'><strong>Saturnini.</strong></span> <span class='ocrx_word' id='word_1_461' title='bbox 2426 2766 2504 2833; x_wconf 64' lang='lat'><strong>8.,</strong></span> <span class='ocrx_word' id='word_1_462' title='bbox 2529 2769 2591 2820; x_wconf 85' lang='lat' dir='ltr'><strong>Et</strong></span> <span class='ocrx_word' id='word_1_463' title='bbox 2616 2768 2828 2819; x_wconf 87' lang='lat' dir='ltr'><strong>aliorum</strong></span> <span class='ocrx_word' id='word_1_464' title='bbox 2860 2781 2963 2819; x_wconf 74' lang='lat' dir='ltr'><strong>xvr.</strong></span> <span class='ocrx_word' id='word_1_465' title='bbox 2997 2768 3207 2831; x_wconf 44' lang='lat' dir='ltr'><strong>lbtdetn,</strong></span> <span class='ocrx_word' id='word_1_466' title='bbox 3232 2779 3351 2822; x_wconf 80' lang='lat' dir='ltr'><strong>ante</strong></span> 
     </span>
    </p>
   </div>
   <div class='ocr_carea' id='block_1_67' title="bbox 1808 2836 2440 2899">
    <p class='ocr_par' dir='ltr' id='par_1_67' title="bbox 1808 2836 2440 2899">
     <span class='ocr_line' id='line_1_67' title="bbox 1808 2836 2440 2899; baseline 0.005 -12"><span class='ocrx_word' id='word_1_467' title='bbox 1808 2838 1959 2888; x_wconf 54' lang='lat' dir='ltr'><strong>.alios</strong></span> <span class='ocrx_word' id='word_1_468' title='bbox 1988 2846 2109 2899; x_wconf 84' lang='lat' dir='ltr'><strong>tres,</strong></span> <span class='ocrx_word' id='word_1_469' title='bbox 2142 2836 2440 2890; x_wconf 83' lang='lat' dir='ltr'><strong>Secunduli.</strong></span> 
     </span>
    </p>
   </div>
   <div class='ocr_carea' id='block_1_68' title="bbox 1900 2936 3349 3001">
    <p class='ocr_par' dir='ltr' id='par_1_68' title="bbox 1900 2936 3349 3001">
     <span class='ocr_line' id='line_1_68' title="bbox 1900 2936 3349 3001; baseline 0.003 -5"><span class='ocrx_word' id='word_1_470' title='bbox 1900 2945 1989 2999; x_wconf 72' lang='grc'><strong>25.</strong></span> <span class='ocrx_word' id='word_1_471' title='bbox 2033 2974 2101 2984; x_wconf 91' lang='grc'><strong><em>-</em></strong></span> <span class='ocrx_word' id='word_1_472' title='bbox 2147 2945 2249 2997; x_wconf 85' lang='lat' dir='ltr'><strong>Vlll</strong></span> <span class='ocrx_word' id='word_1_473' title='bbox 2291 2936 2424 2999; x_wconf 56' lang='lat' dir='ltr'><strong>si...</strong></span> <span class='ocrx_word' id='word_1_474' title='bbox 2476 2947 2808 2999; x_wconf 85' lang='lat' dir='ltr'><strong>Annuntiatio</strong></span> <span class='ocrx_word' id='word_1_475' title='bbox 2846 2947 3119 2999; x_wconf 86' lang='lat' dir='ltr'><strong>dominica.</strong></span> <span class='ocrx_word' id='word_1_476' title='bbox 3170 2946 3349 3001; x_wconf 83' lang='lat' dir='ltr'><strong>Natale</strong></span> 
     </span>
    </p>
   </div>
   <div class='ocr_carea' id='block_1_69' title="bbox 1838 3034 3349 3099">
    <p class='ocr_par' dir='ltr' id='par_1_69' title="bbox 1838 3034 3349 3099">
     <span class='ocr_line' id='line_1_69' title="bbox 1838 3034 3349 3099; baseline 0 -13"><span class='ocrx_word' id='word_1_477' title='bbox 1838 3034 1978 3087; x_wconf 73' lang='lat' dir='ltr'><strong>Dula:</strong></span> <span class='ocrx_word' id='word_1_478' title='bbox 2007 3036 2207 3086; x_wconf 73' lang='lat' dir='ltr'><strong>ancilla:</strong></span> <span class='ocrx_word' id='word_1_479' title='bbox 2234 3035 2430 3097; x_wconf 90' lang='lat' dir='ltr'><strong>militis,</strong></span> <span class='ocrx_word' id='word_1_480' title='bbox 2475 3048 2589 3099; x_wconf 67' lang='lat' dir='ltr'><strong>qua:</strong></span> <span class='ocrx_word' id='word_1_481' title='bbox 2636 3048 2728 3098; x_wconf 86' lang='lat' dir='ltr'><strong>pro</strong></span> <span class='ocrx_word' id='word_1_482' title='bbox 2765 3036 3000 3085; x_wconf 83' lang='lat' dir='ltr'><strong>castitate</strong></span> <span class='ocrx_word' id='word_1_483' title='bbox 3037 3035 3205 3086; x_wconf 89' lang='lat' dir='ltr'><strong>occisa</strong></span> <span class='ocrx_word' id='word_1_484' title='bbox 3250 3044 3349 3086; x_wconf 86' lang='lat' dir='ltr'><strong>est.</strong></span> 
     </span>
    </p>
   </div>
   <div class='ocr_carea' id='block_1_70' title="bbox 1840 3118 3353 3187">
    <p class='ocr_par' dir='ltr' id='par_1_70' title="bbox 1840 3118 3353 3187">
     <span class='ocr_line' id='line_1_70' title="bbox 1840 3118 3353 3187; baseline -0.002 -14"><span class='ocrx_word' id='word_1_485' title='bbox 1840 3122 1902 3173; x_wconf 83' lang='lat' dir='ltr'><strong>Et</strong></span> <span class='ocrx_word' id='word_1_486' title='bbox 1950 3120 2123 3171; x_wconf 75' lang='lat' dir='ltr'><strong>Roma:</strong></span> <span class='ocrx_word' id='word_1_487' title='bbox 2163 3118 2338 3187; x_wconf 86' lang='lat' dir='ltr'><strong>Cyrini</strong></span> <span class='ocrx_word' id='word_1_488' title='bbox 2365 3158 2379 3183; x_wconf 88' lang='lat'><strong>,</strong></span> <span class='ocrx_word' id='word_1_489' title='bbox 2429 3119 2513 3185; x_wconf 86' lang='lat' dir='ltr'><strong>qui</strong></span> <span class='ocrx_word' id='word_1_490' title='bbox 2546 3118 2847 3171; x_wconf 81' lang='lat' dir='ltr'><strong>interfectus</strong></span> <span class='ocrx_word' id='word_1_491' title='bbox 2888 3131 2967 3173; x_wconf 91' lang='lat' dir='ltr'><strong>est</strong></span> <span class='ocrx_word' id='word_1_492' title='bbox 3003 3134 3030 3170; x_wconf 90' lang='lat' dir='ltr'><strong>a</strong></span> <span class='ocrx_word' id='word_1_493' title='bbox 3058 3120 3271 3171; x_wconf 87' lang='lat' dir='ltr'><strong>Claudio</strong></span> <span class='ocrx_word' id='word_1_494' title='bbox 3300 3126 3353 3171; x_wconf 87' lang='lat' dir='ltr'><strong>et</strong></span> 
     </span>
    </p>
   </div>
   <div class='ocr_carea' id='block_1_71' title="bbox 1842 3206 3354 3277">
    <p class='ocr_par' dir='ltr' id='par_1_71' title="bbox 1842 3206 3354 3277">
     <span class='ocr_line' id='line_1_71' title="bbox 1842 3206 3354 3277; baseline -0.001 -16"><span class='ocrx_word' id='word_1_495' title='bbox 1842 3210 1891 3261; x_wconf 87' lang='lat' dir='ltr'><strong>in</strong></span> <span class='ocrx_word' id='word_1_496' title='bbox 1919 3206 2145 3261; x_wconf 87' lang='lat' dir='ltr'><strong>Tiberim</strong></span> <span class='ocrx_word' id='word_1_497' title='bbox 2171 3207 2413 3276; x_wconf 68' lang='lat' dir='ltr'><strong>iaetatus.</strong></span> <span class='ocrx_word' id='word_1_498' title='bbox 2450 3209 2500 3259; x_wconf 89' lang='lat' dir='ltr'><strong>in</strong></span> <span class='ocrx_word' id='word_1_499' title='bbox 2530 3208 2691 3260; x_wconf 85' lang='lat' dir='ltr'><strong>insula</strong></span> <span class='ocrx_word' id='word_1_500' title='bbox 2723 3208 2978 3277; x_wconf 80' lang='lat' dir='ltr'><strong>Lycaonia</strong></span> <span class='ocrx_word' id='word_1_501' title='bbox 3014 3208 3273 3270; x_wconf 86' lang='lat' dir='ltr'><strong>inventus,</strong></span> <span class='ocrx_word' id='word_1_502' title='bbox 3300 3214 3354 3259; x_wconf 77' lang='lat' dir='ltr'><strong>et</strong></span> 
     </span>
    </p>
   </div>
   <div class='ocr_carea' id='block_1_72' title="bbox 1765 3292 3347 3361">
    <p class='ocr_par' dir='ltr' id='par_1_72' title="bbox 1765 3292 3347 3361">
     <span class='ocr_line' id='line_1_72' title="bbox 1765 3292 3347 3361; baseline 0.001 -15"><span class='ocrx_word' id='word_1_503' title='bbox 1765 3298 1809 3359; x_wconf 76' lang='grc' dir='ltr'>ο</span> <span class='ocrx_word' id='word_1_504' title='bbox 1841 3296 1892 3347; x_wconf 89' lang='lat' dir='ltr'><strong>in</strong></span> <span class='ocrx_word' id='word_1_505' title='bbox 1932 3296 2228 3347; x_wconf 71' lang='lat' dir='ltr'><strong>cremeterio</strong></span> <span class='ocrx_word' id='word_1_506' title='bbox 2273 3293 2505 3347; x_wconf 86' lang='lat' dir='ltr'><strong>Pontiani</strong></span> <span class='ocrx_word' id='word_1_507' title='bbox 2531 3292 2816 3347; x_wconf 69' lang='lat' dir='ltr'><strong>dconditns</strong></span> <span class='ocrx_word' id='word_1_508' title='bbox 2845 3307 2943 3347; x_wconf 86' lang='lat' dir='ltr'><strong>cst.</strong></span> <span class='ocrx_word' id='word_1_509' title='bbox 2995 3295 3254 3361; x_wconf 90' lang='lat' dir='ltr'><strong>Scriptum</strong></span> <span class='ocrx_word' id='word_1_510' title='bbox 3294 3297 3347 3347; x_wconf 86' lang='lat' dir='ltr'><strong>in</strong></span> 
     </span>
    </p>
   </div>
   <div class='ocr_carea' id='block_1_73' title="bbox 1841 3383 2927 3454">
    <p class='ocr_par' dir='ltr' id='par_1_73' title="bbox 1841 3383 2927 3454">
     <span class='ocr_line' id='line_1_73' title="bbox 1841 3383 2927 3454; baseline -0.001 -17"><span class='ocrx_word' id='word_1_511' title='bbox 1841 3384 2084 3438; x_wconf 71' lang='lat' dir='ltr'><strong>Pessime</strong></span> <span class='ocrx_word' id='word_1_512' title='bbox 2108 3385 2164 3439; x_wconf 88' lang='lat' dir='ltr'><strong>S.</strong></span> <span class='ocrx_word' id='word_1_513' title='bbox 2193 3383 2443 3435; x_wconf 75' lang='lat' dir='ltr'><strong>Valentini</strong></span> <span class='ocrx_word' id='word_1_514' title='bbox 2472 3384 2596 3454; x_wconf 67' lang='lat' dir='ltr'><strong>[.dl.,</strong></span> <span class='ocrx_word' id='word_1_515' title='bbox 2629 3383 2927 3451; x_wconf 82' lang='lat' dir='ltr'><strong>Laurentii].</strong></span> 
     </span>
    </p>
   </div>
   <div class='ocr_carea' id='block_1_74' title="bbox 1908 3470 3357 3537">
    <p class='ocr_par' dir='ltr' id='par_1_74' title="bbox 1908 3470 3357 3537">
     <span class='ocr_line' id='line_1_74' title="bbox 1908 3470 3357 3537; baseline -0.001 -15"><span class='ocrx_word' id='word_1_516' title='bbox 1908 3470 1995 3531; x_wconf 62' lang='grc' dir='ltr'><strong>γη</strong></span> <span class='ocrx_word' id='word_1_517' title='bbox 2028 3472 2183 3536; x_wconf 83' lang='lat' dir='ltr'><strong>primo</strong></span> <span class='ocrx_word' id='word_1_518' title='bbox 2212 3471 2336 3531; x_wconf 89' lang='lat' dir='ltr'><strong>loco,</strong></span> <span class='ocrx_word' id='word_1_519' title='bbox 2368 3472 2419 3522; x_wconf 93' lang='lat' dir='ltr'><strong>In</strong></span> <span class='ocrx_word' id='word_1_520' title='bbox 2451 3472 2802 3537; x_wconf 78' lang='lat' dir='ltr'><strong>Hierosolyma</strong></span> <span class='ocrx_word' id='word_1_521' title='bbox 2836 3473 2894 3524; x_wconf 85' lang='grc' dir='ltr'><strong>Ι).</strong></span> <span class='ocrx_word' id='word_1_522' title='bbox 2930 3470 2992 3525; x_wconf 82' lang='grc' dir='ltr'><strong>Ν.</strong></span> <span class='ocrx_word' id='word_1_523' title='bbox 3037 3472 3184 3523; x_wconf 83' lang='lat' dir='ltr'><strong>Jesus</strong></span> <span class='ocrx_word' id='word_1_524' title='bbox 3210 3471 3357 3523; x_wconf 80' lang='lat' dir='ltr'><strong>Chri-</strong></span> 
     </span>
    </p>
   </div>
   <div class='ocr_carea' id='block_1_75' title="bbox 1841 3538 3352 3605">
    <p class='ocr_par' dir='ltr' id='par_1_75' title="bbox 1841 3538 3352 3605">
     <span class='ocr_line' id='line_1_75' title="bbox 1841 3538 3352 3605; baseline 0.001 -16"><span class='ocrx_word' id='word_1_525' title='bbox 1841 3546 1948 3590; x_wconf 79' lang='lat' dir='ltr'><strong>stus</strong></span> <span class='ocrx_word' id='word_1_526' title='bbox 1976 3541 2241 3589; x_wconf 74' lang='lat' dir='ltr'><strong>erui-ilixns</strong></span> <span class='ocrx_word' id='word_1_527' title='bbox 2269 3546 2381 3605; x_wconf 57' lang='lat' dir='ltr'><strong>est:</strong></span> <span class='ocrx_word' id='word_1_528' title='bbox 2415 3538 2583 3589; x_wconf 83' lang='lat' dir='ltr'><strong>ultimo</strong></span> <span class='ocrx_word' id='word_1_529' title='bbox 2609 3538 2735 3601; x_wconf 85' lang='lat' dir='ltr'><strong>loco,</strong></span> <span class='ocrx_word' id='word_1_530' title='bbox 2766 3539 2823 3590; x_wconf 73' lang='lat' dir='ltr'><strong>Et</strong></span> <span class='ocrx_word' id='word_1_531' title='bbox 2855 3538 3184 3605; x_wconf 74' lang='lat' dir='ltr'><strong>quadraginta</strong></span> <span class='ocrx_word' id='word_1_532' title='bbox 3215 3552 3352 3591; x_wconf 83' lang='lat' dir='ltr'><strong>mar-</strong></span> 
     </span>
    </p>
   </div>
   <div class='ocr_carea' id='block_1_76' title="bbox 1839 3604 3355 3672">
    <p class='ocr_par' dir='ltr' id='par_1_76' title="bbox 1839 3604 3355 3672">
     <span class='ocr_line' id='line_1_76' title="bbox 1839 3604 3355 3672; baseline 0 -17"><span class='ocrx_word' id='word_1_533' title='bbox 1839 3614 2001 3672; x_wconf 89' lang='lat' dir='ltr'><strong>tyrum</strong></span> <span class='ocrx_word' id='word_1_534' title='bbox 2031 3615 2081 3655; x_wconf 72' lang='lat' dir='ltr'><strong>et</strong></span> <span class='ocrx_word' id='word_1_535' title='bbox 2110 3606 2165 3658; x_wconf 83' lang='lat' dir='ltr'><strong>S.</strong></span> <span class='ocrx_word' id='word_1_536' title='bbox 2195 3604 2493 3656; x_wconf 68' lang='lat' dir='ltr'><strong>Theodolae.</strong></span> <span class='ocrx_word' id='word_1_537' title='bbox 2528 3609 2620 3666; x_wconf 85' lang='lat' dir='ltr'><strong>A.,</strong></span> <span class='ocrx_word' id='word_1_538' title='bbox 2654 3606 2869 3657; x_wconf 75' lang='lat' dir='ltr'><strong>secundo</strong></span> <span class='ocrx_word' id='word_1_539' title='bbox 2902 3608 3027 3665; x_wconf 84' lang='lat' dir='ltr'><strong>loco,</strong></span> <span class='ocrx_word' id='word_1_540' title='bbox 3063 3606 3119 3657; x_wconf 81' lang='lat' dir='ltr'><strong>Et</strong></span> <span class='ocrx_word' id='word_1_541' title='bbox 3151 3606 3355 3657; x_wconf 84' lang='lat' dir='ltr'><strong>crucili-</strong></span> 
     </span>
    </p>
   </div>
   <div class='ocr_carea' id='block_1_77' title="bbox 1841 3672 3347 3732">
    <p class='ocr_par' dir='ltr' id='par_1_77' title="bbox 1841 3672 3347 3732">
     <span class='ocr_line' id='line_1_77' title="bbox 1841 3672 3347 3732; baseline -0.001 -7"><span class='ocrx_word' id='word_1_542' title='bbox 1841 3674 1925 3725; x_wconf 77' lang='lat' dir='ltr'><strong>xio</strong></span> <span class='ocrx_word' id='word_1_543' title='bbox 1952 3672 2138 3724; x_wconf 83' lang='lat' dir='ltr'><strong>Christi</strong></span> <span class='ocrx_word' id='word_1_544' title='bbox 2168 3690 2178 3723; x_wconf 90' lang='lat'><strong>:</strong></span> <span class='ocrx_word' id='word_1_545' title='bbox 2213 3676 2385 3723; x_wconf 78' lang='lat' dir='ltr'><strong>uttimo</strong></span> <span class='ocrx_word' id='word_1_546' title='bbox 2408 3713 2421 3732; x_wconf 93' lang='lat'><strong>,</strong></span> <span class='ocrx_word' id='word_1_547' title='bbox 2457 3674 2517 3723; x_wconf 72' lang='lat' dir='ltr'><strong>Et</strong></span> <span class='ocrx_word' id='word_1_548' title='bbox 2544 3674 2796 3726; x_wconf 59' lang='lat' dir='ltr'><strong>depositio</strong></span> <span class='ocrx_word' id='word_1_549' title='bbox 2818 3676 3126 3726; x_wconf 76' lang='lat' dir='ltr'><strong>confessoris</strong></span> <span class='ocrx_word' id='word_1_550' title='bbox 3156 3673 3347 3724; x_wconf 77' lang='lat' dir='ltr'><strong>Christi</strong></span> 
     </span>
    </p>
   </div>
   <div class='ocr_carea' id='block_1_78' title="bbox 1840 3740 3354 3806">
    <p class='ocr_par' dir='ltr' id='par_1_78' title="bbox 1840 3740 3354 3806">
     <span class='ocr_line' id='line_1_78' title="bbox 1840 3740 3354 3806; baseline -0.001 -14"><span class='ocrx_word' id='word_1_551' title='bbox 1840 3750 1891 3792; x_wconf 89' lang='lat' dir='ltr'><strong>et</strong></span> <span class='ocrx_word' id='word_1_552' title='bbox 1930 3742 2150 3803; x_wconf 87' lang='lat' dir='ltr'><strong>episc0pi</strong></span> <span class='ocrx_word' id='word_1_553' title='bbox 2185 3750 2206 3773; x_wconf 72' lang='grc' dir='ltr'>ε</span> <span class='ocrx_word' id='word_1_554' title='bbox 2242 3741 2425 3790; x_wconf 81' lang='lat' dir='ltr'><strong>Menas.</strong></span> <span class='ocrx_word' id='word_1_555' title='bbox 2477 3741 2559 3800; x_wconf 87' lang='lat' dir='ltr'><strong>&#39;l&#39;.,</strong></span> <span class='ocrx_word' id='word_1_556' title='bbox 2610 3740 2755 3806; x_wconf 85' lang='lat' dir='ltr'><strong>Apud</strong></span> <span class='ocrx_word' id='word_1_557' title='bbox 2804 3742 3052 3793; x_wconf 84' lang='lat' dir='ltr'><strong>Nazareth</strong></span> <span class='ocrx_word' id='word_1_558' title='bbox 3099 3742 3354 3791; x_wconf 76' lang='lat' dir='ltr'><strong>civitatem</strong></span> 
     </span>
    </p>
   </div>
   <div class='ocr_carea' id='block_1_79' title="bbox 1840 3806 3354 3871">
    <p class='ocr_par' dir='ltr' id='par_1_79' title="bbox 1840 3806 3354 3871">
     <span class='ocr_line' id='line_1_79' title="bbox 1840 3806 3354 3871; baseline 0 -15"><span class='ocrx_word' id='word_1_559' title='bbox 1840 3807 2072 3868; x_wconf 66' lang='lat' dir='ltr'><strong>Gablem,</strong></span> <span class='ocrx_word' id='word_1_560' title='bbox 2110 3817 2162 3856; x_wconf 92' lang='lat' dir='ltr'><strong>ut</strong></span> <span class='ocrx_word' id='word_1_561' title='bbox 2193 3806 2318 3855; x_wconf 87' lang='lat' dir='ltr'><strong>lldes</strong></span> <span class='ocrx_word' id='word_1_562' title='bbox 2348 3807 2572 3857; x_wconf 88' lang='lat' dir='ltr'><strong>lidelium</strong></span> <span class='ocrx_word' id='word_1_563' title='bbox 2600 3810 2809 3870; x_wconf 84' lang='lat' dir='ltr'><strong>adorat,</strong></span> <span class='ocrx_word' id='word_1_564' title='bbox 2842 3819 3117 3860; x_wconf 86' lang='lat' dir='ltr'><strong>veneratur</strong></span> <span class='ocrx_word' id='word_1_565' title='bbox 3146 3818 3195 3857; x_wconf 68' lang='lat' dir='ltr'><strong>et</strong></span> <span class='ocrx_word' id='word_1_566' title='bbox 3226 3822 3354 3871; x_wconf 70' lang='lat' dir='ltr'><strong>prae-</strong></span> 
     </span>
    </p>
   </div>
   <div class='ocr_carea' id='block_1_80' title="bbox 1841 3873 3351 3941">
    <p class='ocr_par' dir='ltr' id='par_1_80' title="bbox 1841 3873 3351 3941">
     <span class='ocr_line' id='line_1_80' title="bbox 1841 3873 3351 3941; baseline 0 -16"><span class='ocrx_word' id='word_1_567' title='bbox 1841 3873 1994 3937; x_wconf 83' lang='lat' dir='ltr'><strong>dicat,</strong></span> <span class='ocrx_word' id='word_1_568' title='bbox 2023 3874 2276 3940; x_wconf 82' lang='lat' dir='ltr'><strong>Virginem</strong></span> <span class='ocrx_word' id='word_1_569' title='bbox 2306 3873 2572 3925; x_wconf 88' lang='lat' dir='ltr'><strong>Dominum</strong></span> <span class='ocrx_word' id='word_1_570' title='bbox 2604 3876 2878 3940; x_wconf 70' lang='lat' dir='ltr'><strong>parituram</strong></span> <span class='ocrx_word' id='word_1_571' title='bbox 2907 3877 3112 3941; x_wconf 81' lang='lat' dir='ltr'><strong>angelus</strong></span> <span class='ocrx_word' id='word_1_572' title='bbox 3142 3873 3351 3927; x_wconf 82' lang='lat' dir='ltr'><strong>Gabriel</strong></span> 
     </span>
    </p>
   </div>
   <div class='ocr_carea' id='block_1_81' title="bbox 1574 4000 2022 4056">
    <p class='ocr_par' dir='ltr' id='par_1_81' title="bbox 1574 4000 2022 4056">
     <span class='ocr_line' id='line_1_81' title="bbox 1574 4000 2022 4056; baseline -0.002 -2"><span class='ocrx_word' id='word_1_573' title='bbox 1574 4000 1767 4054; x_wconf 81' lang='lat' dir='ltr'><strong>SMITH</strong></span> <span class='ocrx_word' id='word_1_574' title='bbox 1807 4001 2022 4056; x_wconf 72' lang='grc' dir='ltr'><strong>ΝΟΤᾹΞ.</strong></span> 
     </span>
    </p>
   </div>
   <div class='ocr_carea' id='block_1_82' title="bbox 238 4088 1734 4157">
    <p class='ocr_par' dir='ltr' id='par_1_82' title="bbox 238 4088 1734 4157">
     <span class='ocr_line' id='line_1_82' title="bbox 238 4088 1734 4157; baseline -0.003 -12"><span class='ocrx_word' id='word_1_575' title='bbox 238 4102 367 4153; x_wconf 88' lang='lat' dir='ltr'><strong>tem,</strong></span> <span class='ocrx_word' id='word_1_576' title='bbox 391 4105 416 4139; x_wconf 84' lang='lat' dir='ltr'><strong>a</strong></span> <span class='ocrx_word' id='word_1_577' title='bbox 439 4105 540 4157; x_wconf 90' lang='lat' dir='ltr'><strong>quo</strong></span> <span class='ocrx_word' id='word_1_578' title='bbox 565 4092 671 4153; x_wconf 87' lang='lat' dir='ltr'><strong>ipse</strong></span> <span class='ocrx_word' id='word_1_579' title='bbox 685 4088 882 4157; x_wconf 70' lang='lat' dir='ltr'><strong>Paulus</strong></span> <span class='ocrx_word' id='word_1_580' title='bbox 905 4090 1167 4155; x_wconf 85' lang='lat' dir='ltr'><strong>apostolus</strong></span> <span class='ocrx_word' id='word_1_581' title='bbox 1192 4090 1400 4157; x_wconf 83' lang='lat' dir='ltr'><strong>sortitus</strong></span> <span class='ocrx_word' id='word_1_582' title='bbox 1421 4097 1501 4147; x_wconf 84' lang='lat' dir='ltr'><strong>est</strong></span> <span class='ocrx_word' id='word_1_583' title='bbox 1526 4104 1734 4153; x_wconf 87' lang='lat' dir='ltr'><strong>nomen,</strong></span> 
     </span>
    </p>
   </div>
   <div class='ocr_carea' id='block_1_83' title="bbox 237 4156 1738 4223">
    <p class='ocr_par' dir='ltr' id='par_1_83' title="bbox 237 4156 1738 4223">
     <span class='ocr_line' id='line_1_83' title="bbox 237 4156 1738 4223; baseline -0.002 -12"><span class='ocrx_word' id='word_1_584' title='bbox 237 4162 325 4223; x_wconf 86' lang='lat' dir='ltr'><strong>qui</strong></span> <span class='ocrx_word' id='word_1_585' title='bbox 358 4156 495 4209; x_wconf 88' lang='lat' dir='ltr'><strong>illum</strong></span> <span class='ocrx_word' id='word_1_586' title='bbox 529 4158 641 4207; x_wconf 84' lang='lat' dir='ltr'><strong>ildei</strong></span> <span class='ocrx_word' id='word_1_587' title='bbox 671 4156 860 4209; x_wconf 85' lang='lat' dir='ltr'><strong>Christi</strong></span> <span class='ocrx_word' id='word_1_588' title='bbox 891 4158 1180 4222; x_wconf 81' lang='lat' dir='ltr'><strong>subegerat.</strong></span> <span class='ocrx_word' id='word_1_589' title='bbox 1232 4156 1329 4217; x_wconf 90' lang='lat' dir='ltr'><strong>Qui</strong></span> <span class='ocrx_word' id='word_1_590' title='bbox 1369 4159 1417 4207; x_wconf 91' lang='lat' dir='ltr'><strong>in</strong></span> <span class='ocrx_word' id='word_1_591' title='bbox 1445 4159 1625 4207; x_wconf 83' lang='lat' dir='ltr'><strong>eadem</strong></span> <span class='ocrx_word' id='word_1_592' title='bbox 1655 4173 1738 4208; x_wconf 86' lang='lat' dir='ltr'><strong>re-</strong></span> 
     </span>
    </p>
   </div>
   <div class='ocr_carea' id='block_1_84' title="bbox 237 4224 1744 4292">
    <p class='ocr_par' dir='ltr' id='par_1_84' title="bbox 237 4224 1744 4292">
     <span class='ocr_line' id='line_1_84' title="bbox 237 4224 1744 4292; baseline -0.001 -16"><span class='ocrx_word' id='word_1_593' title='bbox 237 4229 389 4292; x_wconf 65' lang='lat' dir='ltr'><strong>gione</strong></span> <span class='ocrx_word' id='word_1_594' title='bbox 416 4224 785 4292; x_wconf 70' lang='lat' dir='ltr'><strong>prmdtcationis</strong></span> <span class='ocrx_word' id='word_1_595' title='bbox 808 4224 978 4276; x_wconf 69' lang='lat' dir='ltr'><strong>ofﬁcio</strong></span> <span class='ocrx_word' id='word_1_596' title='bbox 1003 4239 1101 4292; x_wconf 81' lang='lat' dir='ltr'><strong>non</strong></span> <span class='ocrx_word' id='word_1_597' title='bbox 1129 4224 1350 4292; x_wconf 73' lang='lat' dir='ltr'><strong>segniter</strong></span> <span class='ocrx_word' id='word_1_598' title='bbox 1373 4224 1744 4292; x_wconf 13' lang='lat' dir='ltr'><strong>itnpleto,ﬂc|a-</strong></span> 
     </span>
    </p>
   </div>
   <div class='ocr_carea' id='block_1_85' title="bbox 236 4290 1739 4354">
    <p class='ocr_par' dir='ltr' id='par_1_85' title="bbox 236 4290 1739 4354">
     <span class='ocr_line' id='line_1_85' title="bbox 236 4290 1739 4354; baseline -0.002 -9"><span class='ocrx_word' id='word_1_599' title='bbox 236 4290 331 4345; x_wconf 80' lang='lat' dir='ltr'><strong>rus</strong></span> <span class='ocrx_word' id='word_1_600' title='bbox 350 4291 624 4349; x_wconf 88' lang='lat' dir='ltr'><strong>miraculis,</strong></span> <span class='ocrx_word' id='word_1_601' title='bbox 646 4290 964 4341; x_wconf 76' lang='lat' dir='ltr'><strong>confessione</strong></span> <span class='ocrx_word' id='word_1_602' title='bbox 980 4290 1165 4342; x_wconf 79' lang='lat' dir='ltr'><strong>Christi</strong></span> <span class='ocrx_word' id='word_1_603' title='bbox 1182 4298 1453 4341; x_wconf 87' lang='lat' dir='ltr'><strong>coronatus</strong></span> <span class='ocrx_word' id='word_1_604' title='bbox 1474 4291 1739 4354; x_wconf 87' lang='lat' dir='ltr'><strong>sepelitur.</strong></span> 
     </span>
    </p>
   </div>
   <div class='ocr_carea' id='block_1_86' title="bbox 241 4355 872 4421">
    <p class='ocr_par' dir='ltr' id='par_1_86' title="bbox 241 4355 872 4421">
     <span class='ocr_line' id='line_1_86' title="bbox 241 4355 872 4421; baseline -0.01 -8"><span class='ocrx_word' id='word_1_605' title='bbox 241 4360 392 4413; x_wconf 69' lang='grc' dir='ltr'><strong>Βωάει</strong></span> <span class='ocrx_word' id='word_1_606' title='bbox 421 4358 577 4421; x_wconf 79' lang='lat' dir='ltr'><strong>vulg.,</strong></span> <span class='ocrx_word' id='word_1_607' title='bbox 604 4355 872 4407; x_wconf 81' lang='lat' dir='ltr'><strong>Notkerus.</strong></span> 
     </span>
    </p>
   </div>
   <div class='ocr_carea' id='block_1_87' title="bbox 316 4394 1821 4491">
    <p class='ocr_par' dir='ltr' id='par_1_87' title="bbox 316 4394 1821 4491">
     <span class='ocr_line' id='line_1_87' title="bbox 316 4394 1821 4491; baseline 0 -16"><span class='ocrx_word' id='word_1_608' title='bbox 316 4434 342 4461; x_wconf 71' lang='grc'>⁸</span> <span class='ocrx_word' id='word_1_609' title='bbox 372 4394 671 4487; x_wconf 70' lang='lat' dir='ltr'><strong>Tlteoiiei&#39;ict&#39;.</strong></span> <span class='ocrx_word' id='word_1_610' title='bbox 721 4424 892 4483; x_wconf 92' lang='lat' dir='ltr'><strong>llunc,</strong></span> <span class='ocrx_word' id='word_1_611' title='bbox 932 4425 1170 4491; x_wconf 82' lang='lat' dir='ltr'><strong>quoniam</strong></span> <span class='ocrx_word' id='word_1_612' title='bbox 1200 4432 1524 4475; x_wconf 86' lang='lat' dir='ltr'><strong>monumenta</strong></span> <span class='ocrx_word' id='word_1_613' title='bbox 1558 4426 1740 4477; x_wconf 81' lang='lat' dir='ltr'><strong>Antio-</strong></span> <span class='ocrx_word' id='word_1_614' title='bbox 1773 4394 1821 4452; x_wconf 71' lang='grc' dir='ltr'>Β</span> 
     </span>
    </p>
   </div>
   <div class='ocr_carea' id='block_1_88' title="bbox 242 4491 1740 4555">
    <p class='ocr_par' dir='ltr' id='par_1_88' title="bbox 242 4491 1740 4555">
     <span class='ocr_line' id='line_1_88' title="bbox 242 4491 1740 4555; baseline -0.001 -11"><span class='ocrx_word' id='word_1_615' title='bbox 242 4494 425 4545; x_wconf 71' lang='lat' dir='ltr'><strong>cliens:</strong></span> <span class='ocrx_word' id='word_1_616' title='bbox 457 4492 715 4555; x_wconf 65' lang='lat' dir='ltr'><strong>Ecclesiae,</strong></span> <span class='ocrx_word' id='word_1_617' title='bbox 748 4502 919 4555; x_wconf 90' lang='lat' dir='ltr'><strong>utpote</strong></span> <span class='ocrx_word' id='word_1_618' title='bbox 947 4507 1123 4543; x_wconf 64' lang='lat' dir='ltr'><strong>etrum</strong></span> <span class='ocrx_word' id='word_1_619' title='bbox 1154 4502 1344 4550; x_wconf 87' lang='lat' dir='ltr'><strong>custos,</strong></span> <span class='ocrx_word' id='word_1_620' title='bbox 1381 4491 1607 4543; x_wconf 84' lang='lat' dir='ltr'><strong>indicare</strong></span> <span class='ocrx_word' id='word_1_621' title='bbox 1653 4508 1740 4554; x_wconf 89' lang='lat' dir='ltr'><strong>po-</strong></span> 
     </span>
    </p>
   </div>
   <div class='ocr_carea' id='block_1_89' title="bbox 240 4556 1739 4621">
    <p class='ocr_par' dir='ltr' id='par_1_89' title="bbox 240 4556 1739 4621">
     <span class='ocr_line' id='line_1_89' title="bbox 240 4556 1739 4621; baseline -0.001 -9"><span class='ocrx_word' id='word_1_622' title='bbox 240 4568 415 4619; x_wconf 86' lang='lat' dir='ltr'><strong>terat,</strong></span> <span class='ocrx_word' id='word_1_623' title='bbox 466 4556 693 4609; x_wconf 83' lang='lat' dir='ltr'><strong>Julianus</strong></span> <span class='ocrx_word' id='word_1_624' title='bbox 744 4561 1148 4620; x_wconf 70' lang='lat' dir='ltr'><strong>prazvaricatoris</strong></span> <span class='ocrx_word' id='word_1_625' title='bbox 1196 4559 1475 4608; x_wconf 83' lang='lat' dir='ltr'><strong>avunculus</strong></span> <span class='ocrx_word' id='word_1_626' title='bbox 1524 4560 1739 4621; x_wconf 90' lang='lat' dir='ltr'><strong>primum</strong></span> 
     </span>
    </p>
   </div>
   <div class='ocr_carea' id='block_1_90' title="bbox 239 4624 1740 4689">
    <p class='ocr_par' dir='ltr' id='par_1_90' title="bbox 239 4624 1740 4689">
     <span class='ocr_line' id='line_1_90' title="bbox 239 4624 1740 4689; baseline -0.001 -12"><span class='ocrx_word' id='word_1_627' title='bbox 239 4624 666 4689; x_wconf 87' lang='lat' dir='ltr'><strong>comprehendit;</strong></span> <span class='ocrx_word' id='word_1_628' title='bbox 716 4624 903 4675; x_wconf 90' lang='lat' dir='ltr'><strong>deinde</strong></span> <span class='ocrx_word' id='word_1_629' title='bbox 946 4626 1242 4676; x_wconf 82' lang='lat' dir='ltr'><strong>verberibus</strong></span> <span class='ocrx_word' id='word_1_630' title='bbox 1286 4626 1510 4689; x_wconf 78' lang='lat' dir='ltr'><strong>graviter</strong></span> <span class='ocrx_word' id='word_1_631' title='bbox 1550 4626 1740 4687; x_wconf 64' lang='lat' dir='ltr'><strong>caedit;</strong></span> 
     </span>
    </p>
   </div>
   <div class='ocr_carea' id='block_1_91' title="bbox 241 4690 1743 4759">
    <p class='ocr_par' dir='ltr' id='par_1_91' title="bbox 241 4690 1743 4759">
     <span class='ocr_line' id='line_1_91' title="bbox 241 4690 1743 4759; baseline -0.001 -16"><span class='ocrx_word' id='word_1_632' title='bbox 241 4702 513 4759; x_wconf 80' lang='lat' dir='ltr'><strong>postremo</strong></span> <span class='ocrx_word' id='word_1_633' title='bbox 535 4704 671 4759; x_wconf 81' lang='lat' dir='ltr'><strong>cum,</strong></span> <span class='ocrx_word' id='word_1_634' title='bbox 696 4694 977 4759; x_wconf 68' lang='lat' dir='ltr'><strong>quaestione</strong></span> <span class='ocrx_word' id='word_1_635' title='bbox 1006 4690 1067 4740; x_wconf 89' lang='lat' dir='ltr'><strong>de</strong></span> <span class='ocrx_word' id='word_1_636' title='bbox 1100 4692 1354 4759; x_wconf 76' lang='lat' dir='ltr'><strong>illoomni</strong></span> <span class='ocrx_word' id='word_1_637' title='bbox 1387 4694 1627 4741; x_wconf 91' lang='lat' dir='ltr'><strong>tormenti</strong></span> <span class='ocrx_word' id='word_1_638' title='bbox 1656 4707 1743 4753; x_wconf 81' lang='lat' dir='ltr'><strong>ge-</strong></span> 
     </span>
    </p>
   </div>
   <div class='ocr_carea' id='block_1_92' title="bbox 243 4756 1743 4821">
    <p class='ocr_par' dir='ltr' id='par_1_92' title="bbox 243 4756 1743 4821">
     <span class='ocr_line' id='line_1_92' title="bbox 243 4756 1743 4821; baseline -0.003 -10"><span class='ocrx_word' id='word_1_639' title='bbox 243 4756 374 4811; x_wconf 78' lang='lat' dir='ltr'><strong>nere</strong></span> <span class='ocrx_word' id='word_1_640' title='bbox 401 4757 599 4819; x_wconf 86' lang='lat' dir='ltr'><strong>habita,</strong></span> <span class='ocrx_word' id='word_1_641' title='bbox 633 4756 748 4807; x_wconf 83' lang='lat' dir='ltr'><strong>forti</strong></span> <span class='ocrx_word' id='word_1_642' title='bbox 778 4758 950 4808; x_wconf 87' lang='lat' dir='ltr'><strong>animo</strong></span> <span class='ocrx_word' id='word_1_643' title='bbox 980 4757 1361 4821; x_wconf 88' lang='lat' dir='ltr'><strong>respondisset,</strong></span> <span class='ocrx_word' id='word_1_644' title='bbox 1406 4759 1574 4808; x_wconf 76' lang='lat' dir='ltr'><strong>securi</strong></span> <span class='ocrx_word' id='word_1_645' title='bbox 1606 4758 1743 4808; x_wconf 80' lang='lat' dir='ltr'><strong>feriri</strong></span> 
     </span>
    </p>
   </div>
   <div class='ocr_carea' id='block_1_93' title="bbox 245 4824 1746 4889">
    <p class='ocr_par' dir='ltr' id='par_1_93' title="bbox 245 4824 1746 4889">
     <span class='ocr_line' id='line_1_93' title="bbox 245 4824 1746 4889; baseline -0.002 -12"><span class='ocrx_word' id='word_1_646' title='bbox 245 4828 528 4877; x_wconf 83' lang='lat' dir='ltr'><strong>mandavit.</strong></span> <span class='ocrx_word' id='word_1_647' title='bbox 580 4824 672 4877; x_wconf 88' lang='lat' dir='ltr'><strong>Ubl</strong></span> <span class='ocrx_word' id='word_1_648' title='bbox 702 4839 824 4876; x_wconf 84' lang='lat' dir='ltr'><strong>vero</strong></span> <span class='ocrx_word' id='word_1_649' title='bbox 865 4838 979 4874; x_wconf 86' lang='lat' dir='ltr'><strong>vasa</strong></span> <span class='ocrx_word' id='word_1_650' title='bbox 1025 4838 1167 4873; x_wconf 84' lang='lat' dir='ltr'><strong>sacra</strong></span> <span class='ocrx_word' id='word_1_651' title='bbox 1216 4826 1546 4888; x_wconf 85' lang='lat' dir='ltr'><strong>abripuerat,</strong></span> <span class='ocrx_word' id='word_1_652' title='bbox 1592 4828 1746 4889; x_wconf 70' lang='lat' dir='ltr'><strong>erepit</strong></span> 
     </span>
    </p>
   </div>
   <div class='ocr_carea' id='block_1_94' title="bbox 247 4891 1744 4959">
    <p class='ocr_par' dir='ltr' id='par_1_94' title="bbox 247 4891 1744 4959">
     <span class='ocr_line' id='line_1_94' title="bbox 247 4891 1744 4959; baseline -0.003 -15"><span class='ocrx_word' id='word_1_653' title='bbox 247 4895 535 4959; x_wconf 86' lang='lat' dir='ltr'><strong>petulanter</strong></span> <span class='ocrx_word' id='word_1_654' title='bbox 561 4892 609 4943; x_wconf 93' lang='lat' dir='ltr'><strong>in</strong></span> <span class='ocrx_word' id='word_1_655' title='bbox 633 4892 891 4944; x_wconf 85' lang='lat' dir='ltr'><strong>Christum</strong></span> <span class='ocrx_word' id='word_1_656' title='bbox 922 4891 1154 4941; x_wconf 84' lang='lat' dir='ltr'><strong>illudere.</strong></span> <span class='ocrx_word' id='word_1_657' title='bbox 1190 4894 1253 4941; x_wconf 84' lang='lat' dir='ltr'><strong>At</strong></span> <span class='ocrx_word' id='word_1_658' title='bbox 1282 4892 1415 4941; x_wconf 80' lang='lat' dir='ltr'><strong>iiilCO</strong></span> <span class='ocrx_word' id='word_1_659' title='bbox 1445 4902 1556 4956; x_wconf 80' lang='lat' dir='ltr'><strong>post</strong></span> <span class='ocrx_word' id='word_1_660' title='bbox 1584 4908 1744 4943; x_wconf 85' lang='lat' dir='ltr'><strong>mem-</strong></span> 
     </span>
    </p>
   </div>
   <div class='ocr_carea' id='block_1_95' title="bbox 247 4959 1746 5023">
    <p class='ocr_par' dir='ltr' id='par_1_95' title="bbox 247 4959 1746 5023">
     <span class='ocr_line' id='line_1_95' title="bbox 247 4959 1746 5023; baseline -0.001 -12"><span class='ocrx_word' id='word_1_661' title='bbox 247 4964 397 5012; x_wconf 90' lang='lat' dir='ltr'><strong>bruut</strong></span> <span class='ocrx_word' id='word_1_662' title='bbox 423 4960 643 5023; x_wconf 75' lang='lat' dir='ltr'><strong>genitale</strong></span> <span class='ocrx_word' id='word_1_663' title='bbox 672 4961 716 5011; x_wconf 87' lang='lat' dir='ltr'><strong>ei</strong></span> <span class='ocrx_word' id='word_1_664' title='bbox 740 4960 1029 5020; x_wconf 85' lang='lat' dir='ltr'><strong>contabuit,</strong></span> <span class='ocrx_word' id='word_1_665' title='bbox 1071 4966 1123 5009; x_wconf 89' lang='lat' dir='ltr'><strong>et</strong></span> <span class='ocrx_word' id='word_1_666' title='bbox 1163 4972 1341 5009; x_wconf 84' lang='lat' dir='ltr'><strong>carnes</strong></span> <span class='ocrx_word' id='word_1_667' title='bbox 1390 4959 1487 5010; x_wconf 90' lang='lat' dir='ltr'><strong>illis</strong></span> <span class='ocrx_word' id='word_1_668' title='bbox 1515 4962 1746 5023; x_wconf 75' lang='lat' dir='ltr'><strong>Corporis</strong></span> 
     </span>
    </p>
   </div>
   <div class='ocr_carea' id='block_1_96' title="bbox 247 5026 1744 5093">
    <p class='ocr_par' dir='ltr' id='par_1_96' title="bbox 247 5026 1744 5093">
     <span class='ocr_line' id='line_1_96' title="bbox 247 5026 1744 5093; baseline 0.003 -18"><span class='ocrx_word' id='word_1_669' title='bbox 247 5027 479 5093; x_wconf 84' lang='lat' dir='ltr'><strong>partibus</strong></span> <span class='ocrx_word' id='word_1_670' title='bbox 523 5026 889 5093; x_wconf 67' lang='lat' dir='ltr'><strong>circumdatae,</strong></span> <span class='ocrx_word' id='word_1_671' title='bbox 952 5027 1004 5078; x_wconf 91' lang='lat' dir='ltr'><strong>in</strong></span> <span class='ocrx_word' id='word_1_672' title='bbox 1052 5038 1250 5077; x_wconf 83' lang='lat' dir='ltr'><strong>vermes</strong></span> <span class='ocrx_word' id='word_1_673' title='bbox 1298 5038 1559 5079; x_wconf 74' lang='lat' dir='ltr'><strong>conversae</strong></span> <span class='ocrx_word' id='word_1_674' title='bbox 1606 5037 1744 5080; x_wconf 89' lang='lat' dir='ltr'><strong>sunt.</strong></span> 
     </span>
    </p>
   </div>
   <div class='ocr_carea' id='block_1_97' title="bbox 245 5091 1013 5151">
    <p class='ocr_par' dir='ltr' id='par_1_97' title="bbox 245 5091 1013 5151">
     <span class='ocr_line' id='line_1_97' title="bbox 245 5091 1013 5151; baseline -0.005 -4"><span class='ocrx_word' id='word_1_675' title='bbox 245 5091 521 5147; x_wconf 76' lang='lat' dir='ltr'><strong>Sozouten.</strong></span> <span class='ocrx_word' id='word_1_676' title='bbox 550 5091 675 5143; x_wconf 89' lang='lat' dir='ltr'><strong>Hist.</strong></span> <span class='ocrx_word' id='word_1_677' title='bbox 704 5093 864 5151; x_wconf 84' lang='lat' dir='ltr'><strong>Eccl.,</strong></span> <span class='ocrx_word' id='word_1_678' title='bbox 892 5108 939 5151; x_wconf 72' lang='grc' dir='ltr'><strong>ν,</strong></span> <span class='ocrx_word' id='word_1_679' title='bbox 965 5094 1013 5143; x_wconf 89' lang='grc'><strong>7.</strong></span> 
     </span>
    </p>
   </div>
   <div class='ocr_carea' id='block_1_98' title="bbox 324 5158 1744 5222">
    <p class='ocr_par' dir='ltr' id='par_1_98' title="bbox 324 5158 1744 5222">
     <span class='ocr_line' id='line_1_98' title="bbox 324 5158 1744 5222; baseline 0.001 -12"><span class='ocrx_word' id='word_1_680' title='bbox 324 5161 353 5198; x_wconf 67' lang='grc' dir='ltr'>δ</span> <span class='ocrx_word' id='word_1_681' title='bbox 390 5159 676 5210; x_wconf 66' lang='lat' dir='ltr'><strong>Victorini.</strong></span> <span class='ocrx_word' id='word_1_682' title='bbox 728 5160 1111 5211; x_wconf 69' lang='lat' dir='ltr'><strong>Adrumentinae</strong></span> <span class='ocrx_word' id='word_1_683' title='bbox 1155 5159 1371 5211; x_wconf 88' lang='lat' dir='ltr'><strong>civitatis</strong></span> <span class='ocrx_word' id='word_1_684' title='bbox 1412 5158 1577 5219; x_wconf 85' lang='lat' dir='ltr'><strong>civis,</strong></span> <span class='ocrx_word' id='word_1_685' title='bbox 1625 5174 1744 5222; x_wconf 83' lang='lat' dir='ltr'><strong>pro-</strong></span> 
     </span>
    </p>
   </div>
   <div class='ocr_carea' id='block_1_99' title="bbox 251 5226 1746 5292">
    <p class='ocr_par' dir='ltr' id='par_1_99' title="bbox 251 5226 1746 5292">
     <span class='ocr_line' id='line_1_99' title="bbox 251 5226 1746 5292; baseline -0.003 -15"><span class='ocrx_word' id='word_1_686' title='bbox 251 5228 482 5280; x_wconf 85' lang='lat' dir='ltr'><strong>consulis</strong></span> <span class='ocrx_word' id='word_1_687' title='bbox 503 5226 841 5291; x_wconf 79' lang='lat' dir='ltr'><strong>Carthaginis,</strong></span> <span class='ocrx_word' id='word_1_688' title='bbox 866 5235 917 5276; x_wconf 90' lang='lat' dir='ltr'><strong>et</strong></span> <span class='ocrx_word' id='word_1_689' title='bbox 945 5228 1159 5277; x_wconf 85' lang='lat' dir='ltr'><strong>duorum</strong></span> <span class='ocrx_word' id='word_1_690' title='bbox 1184 5240 1541 5292; x_wconf 79' lang='lat' dir='ltr'><strong>germanorum</strong></span> <span class='ocrx_word' id='word_1_691' title='bbox 1566 5228 1746 5291; x_wconf 83' lang='lat' dir='ltr'><strong>Aquis-</strong></span> 
     </span>
    </p>
   </div>
   <div class='ocr_carea' id='block_1_100' title="bbox 252 5292 1743 5373">
    <p class='ocr_par' dir='ltr' id='par_1_100' title="bbox 252 5292 1743 5373">
     <span class='ocr_line' id='line_1_100' title="bbox 252 5292 1743 5373; baseline -0.003 -27"><span class='ocrx_word' id='word_1_692' title='bbox 252 5294 585 5373; x_wconf 64' lang='lat' dir='ltr'><strong>regiensium,</strong></span> <span class='ocrx_word' id='word_1_693' title='bbox 616 5303 666 5344; x_wconf 90' lang='lat' dir='ltr'><strong>et</strong></span> <span class='ocrx_word' id='word_1_694' title='bbox 685 5296 908 5373; x_wconf 39' lang='lat' dir='ltr'><strong>.duort‘t‘m</strong></span> <span class='ocrx_word' id='word_1_695' title='bbox 939 5292 1350 5373; x_wconf 56' lang='grc' dir='ltr'><strong>Γμῃιιευιιοτμιη</strong></span> <span class='ocrx_word' id='word_1_696' title='bbox 1382 5302 1743 5369; x_wconf 68' lang='lat' dir='ltr'><strong>mercatorum,</strong></span> 
     </span>
    </p>
   </div>
   <div class='ocr_carea' id='block_1_101' title="bbox 250 5356 1748 5425">
    <p class='ocr_par' dir='ltr' id='par_1_101' title="bbox 250 5356 1748 5425">
     <span class='ocr_line' id='line_1_101' title="bbox 250 5356 1748 5425; baseline -0.001 -14"><span class='ocrx_word' id='word_1_697' title='bbox 250 5356 339 5425; x_wconf 84' lang='lat' dir='ltr'><strong>qui</strong></span> <span class='ocrx_word' id='word_1_698' title='bbox 369 5362 419 5409; x_wconf 93' lang='lat' dir='ltr'><strong>in</strong></span> <span class='ocrx_word' id='word_1_699' title='bbox 448 5361 799 5424; x_wconf 88' lang='lat' dir='ltr'><strong>persecutione</strong></span> <span class='ocrx_word' id='word_1_700' title='bbox 825 5356 1118 5409; x_wconf 69' lang='lat' dir='ltr'><strong>Waudalica</strong></span> <span class='ocrx_word' id='word_1_701' title='bbox 1140 5399 1153 5421; x_wconf 92' lang='lat'><strong>,</strong></span> <span class='ocrx_word' id='word_1_702' title='bbox 1193 5364 1286 5411; x_wconf 87' lang='lat' dir='ltr'><strong>sub</strong></span> <span class='ocrx_word' id='word_1_703' title='bbox 1315 5359 1601 5411; x_wconf 83' lang='lat' dir='ltr'><strong>llmmerico</strong></span> <span class='ocrx_word' id='word_1_704' title='bbox 1630 5375 1748 5424; x_wconf 82' lang='lat' dir='ltr'><strong>rege</strong></span> 
     </span>
    </p>
   </div>
   <div class='ocr_carea' id='block_1_102' title="bbox 256 5426 1748 5491">
    <p class='ocr_par' dir='ltr' id='par_1_102' title="bbox 256 5426 1748 5491">
     <span class='ocr_line' id='line_1_102' title="bbox 256 5426 1748 5491; baseline -0.003 -11"><span class='ocrx_word' id='word_1_705' title='bbox 256 5428 452 5481; x_wconf 82' lang='lat' dir='ltr'><strong>Ariano</strong></span> <span class='ocrx_word' id='word_1_706' title='bbox 497 5441 585 5491; x_wconf 85' lang='lat' dir='ltr'><strong>pro</strong></span> <span class='ocrx_word' id='word_1_707' title='bbox 632 5428 731 5479; x_wconf 81' lang='lat' dir='ltr'><strong>ﬁde</strong></span> <span class='ocrx_word' id='word_1_708' title='bbox 776 5426 1022 5477; x_wconf 84' lang='lat' dir='ltr'><strong>catholica</strong></span> <span class='ocrx_word' id='word_1_709' title='bbox 1068 5426 1448 5477; x_wconf 84' lang='lat' dir='ltr'><strong>immanissitnis</strong></span> <span class='ocrx_word' id='word_1_710' title='bbox 1488 5427 1748 5489; x_wconf 77' lang='lat' dir='ltr'><strong>suppliciis</strong></span> 
     </span>
    </p>
   </div>
   <div class='ocr_carea' id='block_1_103' title="bbox 250 5491 1744 5559">
    <p class='ocr_par' dir='ltr' id='par_1_103' title="bbox 250 5491 1744 5559">
     <span class='ocr_line' id='line_1_103' title="bbox 250 5491 1744 5559; baseline -0.002 -12"><span class='ocrx_word' id='word_1_711' title='bbox 250 5491 475 5559; x_wconf 73' lang='lat' dir='ltr'><strong>cruciati</strong></span> <span class='ocrx_word' id='word_1_712' title='bbox 494 5530 509 5553; x_wconf 89' lang='lat'><strong>,</strong></span> <span class='ocrx_word' id='word_1_713' title='bbox 556 5497 758 5559; x_wconf 74' lang='lat' dir='ltr'><strong>egregie</strong></span> <span class='ocrx_word' id='word_1_714' title='bbox 785 5494 1015 5544; x_wconf 85' lang='lat' dir='ltr'><strong>coronati</strong></span> <span class='ocrx_word' id='word_1_715' title='bbox 1044 5504 1182 5543; x_wconf 88' lang='lat' dir='ltr'><strong>sunt.</strong></span> <span class='ocrx_word' id='word_1_716' title='bbox 1227 5494 1443 5543; x_wconf 73' lang='lat' dir='ltr'><strong>Victoris</strong></span> <span class='ocrx_word' id='word_1_717' title='bbox 1474 5494 1744 5556; x_wconf 73' lang='lat' dir='ltr'><strong>Uticensis,</strong></span> 
     </span>
    </p>
   </div>
   <div class='ocr_carea' id='block_1_104' title="bbox 250 5558 1416 5621">
    <p class='ocr_par' dir='ltr' id='par_1_104' title="bbox 250 5558 1416 5621">
     <span class='ocr_line' id='line_1_104' title="bbox 250 5558 1416 5621; baseline -0.006 -6"><span class='ocrx_word' id='word_1_718' title='bbox 250 5562 386 5615; x_wconf 82' lang='lat' dir='ltr'><strong>llist.</strong></span> <span class='ocrx_word' id='word_1_719' title='bbox 412 5558 722 5611; x_wconf 64' lang='lat' dir='ltr'><strong>Wandalicie</strong></span> <span class='ocrx_word' id='word_1_720' title='bbox 750 5559 1119 5621; x_wconf 84' lang='lat' dir='ltr'><strong>persecutionis</strong></span> <span class='ocrx_word' id='word_1_721' title='bbox 1148 5561 1199 5610; x_wconf 90' lang='lat' dir='ltr'><strong>in</strong></span> <span class='ocrx_word' id='word_1_722' title='bbox 1229 5560 1416 5609; x_wconf 64' lang='lat' dir='ltr'><strong>Africa.</strong></span> 
     </span>
    </p>
   </div>
   <div class='ocr_carea' id='block_1_105' title="bbox 322 5624 1747 5696">
    <p class='ocr_par' dir='ltr' id='par_1_105' title="bbox 322 5624 1747 5696">
     <span class='ocr_line' id='line_1_105' title="bbox 322 5624 1747 5696; baseline 0 -16"><span class='ocrx_word' id='word_1_723' title='bbox 322 5637 339 5659; x_wconf 68' lang='grc' dir='ltr'>ε</span> <span class='ocrx_word' id='word_1_724' title='bbox 371 5626 641 5696; x_wconf 77' lang='lat' dir='ltr'><strong>Pigmenii.</strong></span> <span class='ocrx_word' id='word_1_725' title='bbox 704 5628 796 5679; x_wconf 90' lang='lat' dir='ltr'><strong>llic</strong></span> <span class='ocrx_word' id='word_1_726' title='bbox 841 5628 938 5680; x_wconf 86' lang='lat' dir='ltr'><strong>sub</strong></span> <span class='ocrx_word' id='word_1_727' title='bbox 982 5624 1185 5680; x_wconf 84' lang='lat' dir='ltr'><strong>Juliano</strong></span> <span class='ocrx_word' id='word_1_728' title='bbox 1232 5635 1462 5693; x_wconf 84' lang='lat' dir='ltr'><strong>apostata</strong></span> <span class='ocrx_word' id='word_1_729' title='bbox 1513 5640 1604 5693; x_wconf 90' lang='lat' dir='ltr'><strong>pro</strong></span> <span class='ocrx_word' id='word_1_730' title='bbox 1648 5627 1747 5681; x_wconf 81' lang='lat' dir='ltr'><strong>ﬁde</strong></span> 
     </span>
    </p>
   </div>
   <div class='ocr_carea' id='block_1_106' title="bbox 1848 4087 3348 4154">
    <p class='ocr_par' dir='ltr' id='par_1_106' title="bbox 1848 4087 3348 4154">
     <span class='ocr_line' id='line_1_106' title="bbox 1848 4087 3348 4154; baseline -0.001 -11"><span class='ocrx_word' id='word_1_731' title='bbox 1848 4092 2030 4143; x_wconf 88' lang='lat' dir='ltr'><strong>Christi</strong></span> <span class='ocrx_word' id='word_1_732' title='bbox 2063 4090 2407 4154; x_wconf 77' lang='lat' dir='ltr'><strong>prtecipitatus</strong></span> <span class='ocrx_word' id='word_1_733' title='bbox 2445 4087 2495 4139; x_wconf 91' lang='lat' dir='ltr'><strong>in</strong></span> <span class='ocrx_word' id='word_1_734' title='bbox 2526 4088 2770 4149; x_wconf 83' lang='lat' dir='ltr'><strong>Tiberim,</strong></span> <span class='ocrx_word' id='word_1_735' title='bbox 2800 4096 3009 4137; x_wconf 87' lang='lat' dir='ltr'><strong>necatus</strong></span> <span class='ocrx_word' id='word_1_736' title='bbox 3038 4097 3133 4141; x_wconf 82' lang='lat' dir='ltr'><strong>est.</strong></span> <span class='ocrx_word' id='word_1_737' title='bbox 3189 4090 3348 4142; x_wconf 78' lang='lat' dir='ltr'><strong>Baro-</strong></span> 
     </span>
    </p>
   </div>
   <div class='ocr_carea' id='block_1_107' title="bbox 1844 4156 3351 4223">
    <p class='ocr_par' dir='ltr' id='par_1_107' title="bbox 1844 4156 3351 4223">
     <span class='ocr_line' id='line_1_107' title="bbox 1844 4156 3351 4223; baseline 0 -14"><span class='ocrx_word' id='word_1_738' title='bbox 1844 4160 1978 4219; x_wconf 87' lang='lat' dir='ltr'><strong>nins,</strong></span> <span class='ocrx_word' id='word_1_739' title='bbox 2014 4160 2060 4207; x_wconf 92' lang='lat' dir='ltr'><strong>in</strong></span> <span class='ocrx_word' id='word_1_740' title='bbox 2092 4156 2820 4223; x_wconf 73' lang='lat' dir='ltr'><strong>Martyrologio.——Displicent</strong></span> <span class='ocrx_word' id='word_1_741' title='bbox 2846 4167 2905 4204; x_wconf 89' lang='lat' dir='ltr'><strong>ea</strong></span> <span class='ocrx_word' id='word_1_742' title='bbox 2933 4169 3044 4216; x_wconf 76' lang='lat' dir='ltr'><strong>quze</strong></span> <span class='ocrx_word' id='word_1_743' title='bbox 3071 4156 3134 4206; x_wconf 91' lang='lat' dir='ltr'><strong>de</strong></span> <span class='ocrx_word' id='word_1_744' title='bbox 3165 4156 3351 4209; x_wconf 81' lang='lat' dir='ltr'><strong>Juliani</strong></span> 
     </span>
    </p>
   </div>
   <div class='ocr_carea' id='block_1_108' title="bbox 1841 4222 3348 4287">
    <p class='ocr_par' dir='ltr' id='par_1_108' title="bbox 1841 4222 3348 4287">
     <span class='ocr_line' id='line_1_108' title="bbox 1841 4222 3348 4287; baseline 0 -12"><span class='ocrx_word' id='word_1_745' title='bbox 1841 4227 2143 4276; x_wconf 87' lang='lat' dir='ltr'><strong>educatione</strong></span> <span class='ocrx_word' id='word_1_746' title='bbox 2192 4222 2363 4273; x_wconf 65' lang='lat' dir='ltr'><strong>Romae</strong></span> <span class='ocrx_word' id='word_1_747' title='bbox 2413 4224 2507 4273; x_wconf 89' lang='lat' dir='ltr'><strong>sub</strong></span> <span class='ocrx_word' id='word_1_748' title='bbox 2555 4222 2817 4287; x_wconf 77' lang='lat' dir='ltr'><strong>Pigmenio</strong></span> <span class='ocrx_word' id='word_1_749' title='bbox 2865 4235 2961 4270; x_wconf 91' lang='lat' dir='ltr'><strong>una</strong></span> <span class='ocrx_word' id='word_1_750' title='bbox 3002 4238 3115 4273; x_wconf 84' lang='lat' dir='ltr'><strong>rum</strong></span> <span class='ocrx_word' id='word_1_751' title='bbox 3153 4224 3348 4275; x_wconf 89' lang='lat' dir='ltr'><strong>Donato</strong></span> 
     </span>
    </p>
   </div>
   <div class='ocr_carea' id='block_1_109' title="bbox 1846 4287 3351 4357">
    <p class='ocr_par' dir='ltr' id='par_1_109' title="bbox 1846 4287 3351 4357">
     <span class='ocr_line' id='line_1_109' title="bbox 1846 4287 3351 4357; baseline 0 -15"><span class='ocrx_word' id='word_1_752' title='bbox 1846 4299 2115 4342; x_wconf 86' lang='lat' dir='ltr'><strong>narrantur</strong></span> <span class='ocrx_word' id='word_1_753' title='bbox 2161 4292 2210 4340; x_wconf 92' lang='lat' dir='ltr'><strong>in</strong></span> <span class='ocrx_word' id='word_1_754' title='bbox 2263 4290 2640 4357; x_wconf 65' lang='lat' dir='ltr'><strong>Martyrologiis</strong></span> <span class='ocrx_word' id='word_1_755' title='bbox 2672 4287 2921 4349; x_wconf 75' lang='lat' dir='ltr'><strong>Usuardi,</strong></span> <span class='ocrx_word' id='word_1_756' title='bbox 2964 4290 3187 4357; x_wconf 85' lang='lat' dir='ltr'><strong>Adonis,</strong></span> <span class='ocrx_word' id='word_1_757' title='bbox 3230 4292 3351 4342; x_wconf 82' lang='lat' dir='ltr'><strong>Not-</strong></span> 
     </span>
    </p>
   </div>
   <div class='ocr_carea' id='block_1_110' title="bbox 1846 4355 3349 4419">
    <p class='ocr_par' dir='ltr' id='par_1_110' title="bbox 1846 4355 3349 4419">
     <span class='ocr_line' id='line_1_110' title="bbox 1846 4355 3349 4419; baseline 0 -10"><span class='ocrx_word' id='word_1_758' title='bbox 1846 4358 1987 4418; x_wconf 76' lang='lat' dir='ltr'><strong>keri,</strong></span> <span class='ocrx_word' id='word_1_759' title='bbox 2016 4367 2116 4409; x_wconf 85' lang='lat' dir='ltr'><strong>etc.</strong></span> <span class='ocrx_word' id='word_1_760' title='bbox 2168 4358 2262 4409; x_wconf 81' lang='lat' dir='ltr'><strong>Ubi</strong></span> <span class='ocrx_word' id='word_1_761' title='bbox 2306 4355 2441 4409; x_wconf 82' lang='lat' dir='ltr'><strong>enim</strong></span> <span class='ocrx_word' id='word_1_762' title='bbox 2476 4356 2706 4407; x_wconf 82' lang='lat' dir='ltr'><strong>Julianus</strong></span> <span class='ocrx_word' id='word_1_763' title='bbox 2750 4372 2876 4419; x_wconf 90' lang='lat' dir='ltr'><strong>puer</strong></span> <span class='ocrx_word' id='word_1_764' title='bbox 2920 4355 3043 4406; x_wconf 79' lang='lat' dir='ltr'><strong>vixit</strong></span> <span class='ocrx_word' id='word_1_765' title='bbox 3091 4374 3185 4408; x_wconf 83' lang='lat' dir='ltr'><strong>una</strong></span> <span class='ocrx_word' id='word_1_766' title='bbox 3233 4373 3349 4409; x_wconf 89' lang='lat' dir='ltr'><strong>cunt</strong></span> 
     </span>
    </p>
   </div>
   <div class='ocr_carea' id='block_1_111' title="bbox 1844 4424 3349 4489">
    <p class='ocr_par' dir='ltr' id='par_1_111' title="bbox 1844 4424 3349 4489">
     <span class='ocr_line' id='line_1_111' title="bbox 1844 4424 3349 4489; baseline 0.001 -13"><span class='ocrx_word' id='word_1_767' title='bbox 1844 4426 1988 4479; x_wconf 86' lang='lat' dir='ltr'><strong>Gallo</strong></span> <span class='ocrx_word' id='word_1_768' title='bbox 2033 4430 2187 4475; x_wconf 69' lang='lat' dir='ltr'><strong>l‘ratre</strong></span> <span class='ocrx_word' id='word_1_769' title='bbox 2236 4425 2283 4475; x_wconf 91' lang='lat' dir='ltr'><strong>in</strong></span> <span class='ocrx_word' id='word_1_770' title='bbox 2330 4424 2691 4489; x_wconf 75' lang='lat' dir='ltr'><strong>Cappadocia,</strong></span> <span class='ocrx_word' id='word_1_771' title='bbox 2740 4424 2825 4473; x_wconf 90' lang='lat' dir='ltr'><strong>ubi</strong></span> <span class='ocrx_word' id='word_1_772' title='bbox 2875 4434 2925 4473; x_wconf 87' lang='lat' dir='ltr'><strong>et</strong></span> <span class='ocrx_word' id='word_1_773' title='bbox 2972 4424 3349 4477; x_wconf 68' lang='lat' dir='ltr'><strong>adolescentior</strong></span> 
     </span>
    </p>
   </div>
   <div class='ocr_carea' id='block_1_112' title="bbox 1844 4489 3351 4553">
    <p class='ocr_par' dir='ltr' id='par_1_112' title="bbox 1844 4489 3351 4553">
     <span class='ocr_line' id='line_1_112' title="bbox 1844 4489 3351 4553; baseline -0.001 -9"><span class='ocrx_word' id='word_1_774' title='bbox 1844 4494 2054 4544; x_wconf 86' lang='lat' dir='ltr'><strong>Athenis</strong></span> <span class='ocrx_word' id='word_1_775' title='bbox 2082 4493 2313 4543; x_wconf 88' lang='lat' dir='ltr'><strong>eruditus</strong></span> <span class='ocrx_word' id='word_1_776' title='bbox 2348 4492 2496 4542; x_wconf 78' lang='lat' dir='ltr'><strong>fuerit</strong></span> <span class='ocrx_word' id='word_1_777' title='bbox 2518 4532 2533 4553; x_wconf 96' lang='lat'><strong>,</strong></span> <span class='ocrx_word' id='word_1_778' title='bbox 2563 4490 2645 4539; x_wconf 90' lang='lat' dir='ltr'><strong>ubi</strong></span> <span class='ocrx_word' id='word_1_779' title='bbox 2675 4490 2884 4540; x_wconf 89' lang='lat' dir='ltr'><strong>demum</strong></span> <span class='ocrx_word' id='word_1_780' title='bbox 2917 4491 2966 4539; x_wconf 93' lang='lat' dir='ltr'><strong>in</strong></span> <span class='ocrx_word' id='word_1_781' title='bbox 2998 4489 3173 4541; x_wconf 86' lang='lat' dir='ltr'><strong>Galliis</strong></span> <span class='ocrx_word' id='word_1_782' title='bbox 3200 4508 3351 4543; x_wconf 70' lang='lat' dir='ltr'><strong>excr-</strong></span> 
     </span>
    </p>
   </div>
   <div class='ocr_carea' id='block_1_113' title="bbox 1841 4557 3351 4623">
    <p class='ocr_par' dir='ltr' id='par_1_113' title="bbox 1841 4557 3351 4623">
     <span class='ocr_line' id='line_1_113' title="bbox 1841 4557 3351 4623; baseline 0 -13"><span class='ocrx_word' id='word_1_783' title='bbox 1841 4561 2025 4610; x_wconf 82' lang='lat' dir='ltr'><strong>citibus</strong></span> <span class='ocrx_word' id='word_1_784' title='bbox 2076 4560 2368 4623; x_wconf 66' lang='lat' dir='ltr'><strong>praeluerit,</strong></span> <span class='ocrx_word' id='word_1_785' title='bbox 2423 4560 2545 4607; x_wconf 85' lang='lat' dir='ltr'><strong>satis</strong></span> <span class='ocrx_word' id='word_1_786' title='bbox 2598 4565 2799 4607; x_wconf 90' lang='lat' dir='ltr'><strong>constat</strong></span> <span class='ocrx_word' id='word_1_787' title='bbox 2844 4570 2907 4607; x_wconf 83' lang='lat' dir='ltr'><strong>ex</strong></span> <span class='ocrx_word' id='word_1_788' title='bbox 2950 4557 3241 4609; x_wconf 61' lang='lat' dir='ltr'><strong>Grecorum</strong></span> <span class='ocrx_word' id='word_1_789' title='bbox 3290 4575 3351 4611; x_wconf 89' lang='lat' dir='ltr'><strong>ac</strong></span> 
     </span>
    </p>
   </div>
   <div class='ocr_carea' id='block_1_114' title="bbox 1842 4623 3345 4690">
    <p class='ocr_par' dir='ltr' id='par_1_114' title="bbox 1842 4623 3345 4690">
     <span class='ocr_line' id='line_1_114' title="bbox 1842 4623 3345 4690; baseline 0 -14"><span class='ocrx_word' id='word_1_790' title='bbox 1842 4626 2141 4676; x_wconf 88' lang='lat' dir='ltr'><strong>Latinorum</strong></span> <span class='ocrx_word' id='word_1_791' title='bbox 2189 4624 2407 4690; x_wconf 88' lang='lat' dir='ltr'><strong>antiquis</strong></span> <span class='ocrx_word' id='word_1_792' title='bbox 2455 4623 2836 4685; x_wconf 87' lang='lat' dir='ltr'><strong>monumentis,</strong></span> <span class='ocrx_word' id='word_1_793' title='bbox 2886 4638 2961 4690; x_wconf 78' lang='lat' dir='ltr'><strong>ac</strong></span> <span class='ocrx_word' id='word_1_794' title='bbox 2999 4625 3230 4687; x_wconf 86' lang='lat' dir='ltr'><strong>inprimis</strong></span> <span class='ocrx_word' id='word_1_795' title='bbox 3280 4640 3345 4676; x_wconf 74' lang='lat' dir='ltr'><strong>ex</strong></span> 
     </span>
    </p>
   </div>
   <div class='ocr_carea' id='block_1_115' title="bbox 1842 4688 3348 4757">
    <p class='ocr_par' dir='ltr' id='par_1_115' title="bbox 1842 4688 3348 4757">
     <span class='ocr_line' id='line_1_115' title="bbox 1842 4688 3348 4757; baseline -0.001 -15"><span class='ocrx_word' id='word_1_796' title='bbox 1842 4694 2070 4757; x_wconf 85' lang='lat' dir='ltr'><strong>ejusdem</strong></span> <span class='ocrx_word' id='word_1_797' title='bbox 2113 4688 2598 4757; x_wconf 25' lang='lat' dir='ltr'><strong>Juliani‘epistolis.</strong></span> <span class='ocrx_word' id='word_1_798' title='bbox 2650 4692 2706 4742; x_wconf 83' lang='lat' dir='ltr'><strong>S.</strong></span> <span class='ocrx_word' id='word_1_799' title='bbox 2740 4688 3208 4757; x_wconf 79' lang='lat' dir='ltr'><strong>Pigmenii_corpns</strong></span> <span class='ocrx_word' id='word_1_800' title='bbox 3235 4693 3348 4743; x_wconf 85' lang='lat' dir='ltr'><strong>col-</strong></span> 
     </span>
    </p>
   </div>
   <div class='ocr_carea' id='block_1_116' title="bbox 1844 4754 3348 4824">
    <p class='ocr_par' dir='ltr' id='par_1_116' title="bbox 1844 4754 3348 4824">
     <span class='ocr_line' id='line_1_116' title="bbox 1844 4754 3348 4824; baseline -0.001 -15"><span class='ocrx_word' id='word_1_801' title='bbox 1844 4754 2027 4811; x_wconf 81' lang='lat' dir='ltr'><strong>lectum</strong></span> <span class='ocrx_word' id='word_1_802' title='bbox 2059 4770 2135 4809; x_wconf 88' lang='lat' dir='ltr'><strong>est</strong></span> <span class='ocrx_word' id='word_1_803' title='bbox 2163 4775 2191 4809; x_wconf 93' lang='lat' dir='ltr'><strong>a</strong></span> <span class='ocrx_word' id='word_1_804' title='bbox 2222 4754 2438 4824; x_wconf 85' lang='lat' dir='ltr'><strong>quadam</strong></span> <span class='ocrx_word' id='word_1_805' title='bbox 2484 4769 2714 4809; x_wconf 81' lang='lat' dir='ltr'><strong>matrona</strong></span> <span class='ocrx_word' id='word_1_806' title='bbox 2749 4756 2954 4806; x_wconf 89' lang='lat' dir='ltr'><strong>nomine</strong></span> <span class='ocrx_word' id='word_1_807' title='bbox 2980 4754 3206 4808; x_wconf 59' lang='lat' dir='ltr'><strong>Candida</strong></span> <span class='ocrx_word' id='word_1_808' title='bbox 3234 4796 3247 4816; x_wconf 89' lang='lat'><strong>.</strong></span> <span class='ocrx_word' id='word_1_809' title='bbox 3294 4767 3348 4808; x_wconf 85' lang='lat' dir='ltr'><strong>et</strong></span> 
     </span>
    </p>
   </div>
   <div class='ocr_carea' id='block_1_117' title="bbox 1844 4824 3345 4890">
    <p class='ocr_par' dir='ltr' id='par_1_117' title="bbox 1844 4824 3345 4890">
     <span class='ocr_line' id='line_1_117' title="bbox 1844 4824 3345 4890; baseline -0.001 -13"><span class='ocrx_word' id='word_1_810' title='bbox 1844 4829 2095 4889; x_wconf 77' lang='lat' dir='ltr'><strong>sepultum</strong></span> <span class='ocrx_word' id='word_1_811' title='bbox 2142 4836 2220 4877; x_wconf 84' lang='lat' dir='ltr'><strong>est</strong></span> <span class='ocrx_word' id='word_1_812' title='bbox 2264 4827 2311 4876; x_wconf 89' lang='lat' dir='ltr'><strong>in</strong></span> <span class='ocrx_word' id='word_1_813' title='bbox 2361 4837 2535 4890; x_wconf 83' lang='lat' dir='ltr'><strong>crypta</strong></span> <span class='ocrx_word' id='word_1_814' title='bbox 2586 4825 2636 4874; x_wconf 90' lang='lat' dir='ltr'><strong>in</strong></span> <span class='ocrx_word' id='word_1_815' title='bbox 2684 4825 2984 4874; x_wconf 72' lang='lat' dir='ltr'><strong>caemeterio</strong></span> <span class='ocrx_word' id='word_1_816' title='bbox 3018 4824 3246 4875; x_wconf 75' lang='lat' dir='ltr'><strong>Pontiani</strong></span> <span class='ocrx_word' id='word_1_817' title='bbox 3281 4825 3345 4876; x_wconf 88' lang='lat' dir='ltr'><strong>ad</strong></span> 
     </span>
    </p>
   </div>
   <div class='ocr_carea' id='block_1_118' title="bbox 1847 4890 3349 4956">
    <p class='ocr_par' dir='ltr' id='par_1_118' title="bbox 1847 4890 3349 4956">
     <span class='ocr_line' id='line_1_118' title="bbox 1847 4890 3349 4956; baseline -0.001 -12"><span class='ocrx_word' id='word_1_818' title='bbox 1847 4892 2028 4944; x_wconf 88' lang='lat' dir='ltr'><strong>Ursum</strong></span> <span class='ocrx_word' id='word_1_819' title='bbox 2062 4894 2296 4956; x_wconf 88' lang='lat' dir='ltr'><strong>pilealum</strong></span> <span class='ocrx_word' id='word_1_820' title='bbox 2333 4908 2401 4942; x_wconf 77' lang='lat' dir='ltr'><strong>xu</strong></span> <span class='ocrx_word' id='word_1_821' title='bbox 2431 4891 2543 4941; x_wconf 79' lang='lat' dir='ltr'><strong>Kal.</strong></span> <span class='ocrx_word' id='word_1_822' title='bbox 2576 4890 2820 4941; x_wconf 81' lang='lat' dir='ltr'><strong>Maiarum</strong></span> <span class='ocrx_word' id='word_1_823' title='bbox 2848 4928 2861 4949; x_wconf 88' lang='lat'><strong>,</strong></span> <span class='ocrx_word' id='word_1_824' title='bbox 2913 4890 2982 4940; x_wconf 89' lang='lat' dir='ltr'><strong>uti</strong></span> <span class='ocrx_word' id='word_1_825' title='bbox 3012 4892 3075 4941; x_wconf 78' lang='lat' dir='ltr'><strong>&#39;in</strong></span> <span class='ocrx_word' id='word_1_826' title='bbox 3119 4892 3349 4953; x_wconf 83' lang='lat' dir='ltr'><strong>ejusdem</strong></span> 
     </span>
    </p>
   </div>
   <div class='ocr_carea' id='block_1_119' title="bbox 1845 4956 3354 5028">
    <p class='ocr_par' dir='ltr' id='par_1_119' title="bbox 1845 4956 3354 5028">
     <span class='ocr_line' id='line_1_119' title="bbox 1845 4956 3354 5028; baseline 0.001 -19"><span class='ocrx_word' id='word_1_827' title='bbox 1845 4965 1985 5028; x_wconf 79' lang='lat' dir='ltr'><strong>Actis</strong></span> <span class='ocrx_word' id='word_1_828' title='bbox 2026 4965 2225 5028; x_wconf 75' lang='lat' dir='ltr'><strong>lcgiltIr.</strong></span> <span class='ocrx_word' id='word_1_829' title='bbox 2278 4960 2464 5009; x_wconf 81' lang='lat' dir='ltr'><strong>Verum</strong></span> <span class='ocrx_word' id='word_1_830' title='bbox 2499 4972 2651 5025; x_wconf 84' lang='lat' dir='ltr'><strong>supra</strong></span> <span class='ocrx_word' id='word_1_831' title='bbox 2672 4996 2686 5017; x_wconf 94' lang='lat'><strong>,</strong></span> <span class='ocrx_word' id='word_1_832' title='bbox 2736 4956 2800 5007; x_wconf 86' lang='lat' dir='ltr'><strong>ad</strong></span> <span class='ocrx_word' id='word_1_833' title='bbox 2832 4958 2969 5009; x_wconf 90' lang='lat' dir='ltr'><strong>diem</strong></span> <span class='ocrx_word' id='word_1_834' title='bbox 3000 4972 3122 5008; x_wconf 73' lang='lat' dir='ltr'><strong>&quot;tu</strong></span> <span class='ocrx_word' id='word_1_835' title='bbox 3150 4958 3309 5010; x_wconf 83' lang='lat' dir='ltr'><strong>Martii</strong></span> <span class='ocrx_word' id='word_1_836' title='bbox 3334 4996 3354 5023; x_wconf 79' lang='lat'><strong>,</strong></span> 
     </span>
    </p>
   </div>
   <div class='ocr_carea' id='block_1_120' title="bbox 1844 5026 2499 5093">
    <p class='ocr_par' dir='ltr' id='par_1_120' title="bbox 1844 5026 2499 5093">
     <span class='ocr_line' id='line_1_120' title="bbox 1844 5026 2499 5093; baseline -0.006 -14"><span class='ocrx_word' id='word_1_837' title='bbox 1844 5026 2133 5093; x_wconf 76' lang='lat' dir='ltr'><strong>Pigtttetttus</strong></span> <span class='ocrx_word' id='word_1_838' title='bbox 2166 5034 2499 5076; x_wconf 82' lang='lat' dir='ltr'><strong>tttemuratttt‘.</strong></span> 
     </span>
    </p>
   </div>
   <div class='ocr_carea' id='block_1_121' title="bbox 1916 5090 3353 5146">
    <p class='ocr_par' dir='ltr' id='par_1_121' title="bbox 1916 5090 3353 5146">
     <span class='ocr_line' id='line_1_121' title="bbox 1916 5090 3353 5146; baseline 0.003 -5"><span class='ocrx_word' id='word_1_839' title='bbox 1916 5090 1941 5129; x_wconf 76' lang='grc' dir='ltr'><strong>ῐί</strong></span> <span class='ocrx_word' id='word_1_840' title='bbox 1974 5095 2208 5143; x_wconf 72' lang='lat' dir='ltr'><strong>Conditus</strong></span> <span class='ocrx_word' id='word_1_841' title='bbox 2235 5102 2324 5143; x_wconf 79' lang='lat' dir='ltr'><strong>est.</strong></span> <span class='ocrx_word' id='word_1_842' title='bbox 2373 5097 2411 5142; x_wconf 76' lang='grc' dir='ltr'>Α</span> <span class='ocrx_word' id='word_1_843' title='bbox 2440 5092 2598 5145; x_wconf 87' lang='lat' dir='ltr'><strong>Mario</strong></span> <span class='ocrx_word' id='word_1_844' title='bbox 2623 5106 2700 5145; x_wconf 87' lang='lat' dir='ltr'><strong>sc.</strong></span> <span class='ocrx_word' id='word_1_845' title='bbox 2728 5099 2781 5145; x_wconf 89' lang='lat' dir='ltr'><strong>et</strong></span> <span class='ocrx_word' id='word_1_846' title='bbox 2810 5090 3004 5144; x_wconf 82' lang='lat' dir='ltr'><strong>Martha</strong></span> <span class='ocrx_word' id='word_1_847' title='bbox 3032 5098 3082 5143; x_wconf 88' lang='lat' dir='ltr'><strong>et</strong></span> <span class='ocrx_word' id='word_1_848' title='bbox 3107 5090 3221 5144; x_wconf 82' lang='lat' dir='ltr'><strong>ﬁliis</strong></span> <span class='ocrx_word' id='word_1_849' title='bbox 3247 5095 3353 5146; x_wconf 77' lang='lat' dir='ltr'><strong>suis</strong></span> 
     </span>
    </p>
   </div>
   <div class='ocr_carea' id='block_1_122' title="bbox 1844 5161 2389 5213">
    <p class='ocr_par' dir='ltr' id='par_1_122' title="bbox 1844 5161 2389 5213">
     <span class='ocr_line' id='line_1_122' title="bbox 1844 5161 2389 5213; baseline -0.009 0"><span class='ocrx_word' id='word_1_850' title='bbox 1844 5161 2055 5213; x_wconf 76' lang='lat' dir='ltr'><strong>Audifax</strong></span> <span class='ocrx_word' id='word_1_851' title='bbox 2086 5169 2138 5211; x_wconf 92' lang='lat' dir='ltr'><strong>et</strong></span> <span class='ocrx_word' id='word_1_852' title='bbox 2167 5162 2389 5211; x_wconf 88' lang='lat' dir='ltr'><strong>Abacnc.</strong></span> 
     </span>
    </p>
   </div>
   <div class='ocr_carea' id='block_1_123' title="bbox 1916 5224 3352 5292">
    <p class='ocr_par' dir='ltr' id='par_1_123' title="bbox 1916 5224 3352 5292">
     <span class='ocr_line' id='line_1_123' title="bbox 1916 5224 3352 5292; baseline 0.001 -17"><span class='ocrx_word' id='word_1_853' title='bbox 1916 5233 1939 5256; x_wconf 69' lang='grc' dir='ltr'><strong><em>υ</em></strong></span> <span class='ocrx_word' id='word_1_854' title='bbox 1985 5226 2177 5276; x_wconf 77' lang='lat' dir='ltr'><strong>Marias.</strong></span> <span class='ocrx_word' id='word_1_855' title='bbox 2211 5225 2485 5292; x_wconf 65' lang='lat' dir='ltr'><strong>Episcopus</strong></span> <span class='ocrx_word' id='word_1_856' title='bbox 2515 5224 2785 5278; x_wconf 82' lang='lat' dir='ltr'><strong>Mediolani</strong></span> <span class='ocrx_word' id='word_1_857' title='bbox 2817 5225 3006 5276; x_wconf 67' lang='lat' dir='ltr'><strong>smeulo</strong></span> <span class='ocrx_word' id='word_1_858' title='bbox 3034 5225 3219 5277; x_wconf 88' lang='lat' dir='ltr'><strong>Christi</strong></span> <span class='ocrx_word' id='word_1_859' title='bbox 3250 5234 3352 5276; x_wconf 83' lang='lat' dir='ltr'><strong>ter—</strong></span> 
     </span>
    </p>
   </div>
   <div class='ocr_carea' id='block_1_124' title="bbox 1853 5292 3347 5356">
    <p class='ocr_par' dir='ltr' id='par_1_124' title="bbox 1853 5292 3347 5356">
     <span class='ocr_line' id='line_1_124' title="bbox 1853 5292 3347 5356; baseline -0.001 -12"><span class='ocrx_word' id='word_1_860' title='bbox 1853 5296 1941 5351; x_wconf 82' lang='lat' dir='ltr'><strong>tio,</strong></span> <span class='ocrx_word' id='word_1_861' title='bbox 1974 5295 2066 5343; x_wconf 87' lang='lat' dir='ltr'><strong>hoc</strong></span> <span class='ocrx_word' id='word_1_862' title='bbox 2090 5293 2157 5344; x_wconf 70' lang='grc'><strong>25</strong></span> <span class='ocrx_word' id='word_1_863' title='bbox 2189 5294 2347 5343; x_wconf 82' lang='lat' dir='ltr'><strong>Martii</strong></span> <span class='ocrx_word' id='word_1_864' title='bbox 2378 5307 2604 5343; x_wconf 78' lang='lat' dir='ltr'><strong>mortuus</strong></span> <span class='ocrx_word' id='word_1_865' title='bbox 2630 5299 2725 5341; x_wconf 88' lang='lat' dir='ltr'><strong>est.</strong></span> <span class='ocrx_word' id='word_1_866' title='bbox 2758 5292 2941 5343; x_wconf 76' lang='lat' dir='ltr'><strong>Verum</strong></span> <span class='ocrx_word' id='word_1_867' title='bbox 2971 5308 3082 5356; x_wconf 76' lang='lat' dir='ltr'><strong>qua</strong></span> <span class='ocrx_word' id='word_1_868' title='bbox 3114 5296 3195 5341; x_wconf 82' lang='lat' dir='ltr'><strong>illC</strong></span> <span class='ocrx_word' id='word_1_869' title='bbox 3236 5294 3347 5343; x_wconf 74' lang='lat' dir='ltr'><strong>dies</strong></span> 
     </span>
    </p>
   </div>
   <div class='ocr_carea' id='block_1_125' title="bbox 1855 5358 3347 5423">
    <p class='ocr_par' dir='ltr' id='par_1_125' title="bbox 1855 5358 3347 5423">
     <span class='ocr_line' id='line_1_125' title="bbox 1855 5358 3347 5423; baseline -0.001 -12"><span class='ocrx_word' id='word_1_870' title='bbox 1855 5365 2014 5411; x_wconf 80' lang='lat' dir='ltr'><strong>sacris</strong></span> <span class='ocrx_word' id='word_1_871' title='bbox 2058 5361 2248 5411; x_wconf 76' lang='lat' dir='ltr'><strong>Christi</strong></span> <span class='ocrx_word' id='word_1_872' title='bbox 2293 5362 2538 5411; x_wconf 78' lang='lat' dir='ltr'><strong>Incarnati</strong></span> <span class='ocrx_word' id='word_1_873' title='bbox 2582 5369 2631 5408; x_wconf 89' lang='lat' dir='ltr'><strong>et</strong></span> <span class='ocrx_word' id='word_1_874' title='bbox 2674 5358 2913 5408; x_wconf 76' lang='lat' dir='ltr'><strong>Cruciftxi</strong></span> <span class='ocrx_word' id='word_1_875' title='bbox 2956 5359 3209 5423; x_wconf 84' lang='lat' dir='ltr'><strong>mysteriis</strong></span> <span class='ocrx_word' id='word_1_876' title='bbox 3251 5359 3347 5409; x_wconf 86' lang='lat' dir='ltr'><strong>im-</strong></span> 
     </span>
    </p>
   </div>
   <div class='ocr_carea' id='block_1_126' title="bbox 1855 5424 3351 5492">
    <p class='ocr_par' dir='ltr' id='par_1_126' title="bbox 1855 5424 3351 5492">
     <span class='ocr_line' id='line_1_126' title="bbox 1855 5424 3351 5492; baseline -0.001 -16"><span class='ocrx_word' id='word_1_877' title='bbox 1855 5428 2087 5492; x_wconf 78' lang='lat' dir='ltr'><strong>peditur,</strong></span> <span class='ocrx_word' id='word_1_878' title='bbox 2123 5427 2347 5478; x_wconf 77' lang='lat' dir='ltr'><strong>Ecclesia</strong></span> <span class='ocrx_word' id='word_1_879' title='bbox 2398 5425 2784 5477; x_wconf 64' lang='lat' dir='ltr'><strong>alediolanensis</strong></span> <span class='ocrx_word' id='word_1_880' title='bbox 2822 5426 2975 5477; x_wconf 87' lang='lat' dir='ltr'><strong>cultui</strong></span> <span class='ocrx_word' id='word_1_881' title='bbox 3014 5426 3124 5487; x_wconf 86' lang='lat' dir='ltr'><strong>ejus</strong></span> <span class='ocrx_word' id='word_1_882' title='bbox 3162 5424 3351 5475; x_wconf 78' lang='lat' dir='ltr'><strong>dicavit</strong></span> 
     </span>
    </p>
   </div>
   <div class='ocr_carea' id='block_1_127' title="bbox 1854 5494 3353 5556">
    <p class='ocr_par' dir='ltr' id='par_1_127' title="bbox 1854 5494 3353 5556">
     <span class='ocr_line' id='line_1_127' title="bbox 1854 5494 3353 5556; baseline -0.002 -12"><span class='ocrx_word' id='word_1_883' title='bbox 1854 5494 1988 5545; x_wconf 88' lang='lat' dir='ltr'><strong>diem</strong></span> <span class='ocrx_word' id='word_1_884' title='bbox 2027 5494 2090 5543; x_wconf 67' lang='lat' dir='ltr'><strong>l2</strong></span> <span class='ocrx_word' id='word_1_885' title='bbox 2140 5495 2399 5553; x_wconf 80' lang='lat' dir='ltr'><strong>Octobris,</strong></span> <span class='ocrx_word' id='word_1_886' title='bbox 2433 5507 2531 5555; x_wconf 87' lang='lat' dir='ltr'><strong>qtto</strong></span> <span class='ocrx_word' id='word_1_887' title='bbox 2574 5506 2775 5542; x_wconf 69' lang='lat' dir='ltr'><strong>sat-rum</strong></span> <span class='ocrx_word' id='word_1_888' title='bbox 2821 5494 2929 5555; x_wconf 82' lang='lat' dir='ltr'><strong>ejus</strong></span> <span class='ocrx_word' id='word_1_889' title='bbox 2973 5505 3160 5556; x_wconf 83' lang='lat' dir='ltr'><strong>corpus</strong></span> <span class='ocrx_word' id='word_1_890' title='bbox 3206 5498 3353 5544; x_wconf 68' lang='lat' dir='ltr'><strong>Anna</strong></span> 
     </span>
    </p>
   </div>
   <div class='ocr_carea' id='block_1_128' title="bbox 1854 5559 3353 5625">
    <p class='ocr_par' dir='ltr' id='par_1_128' title="bbox 1854 5559 3353 5625">
     <span class='ocr_line' id='line_1_128' title="bbox 1854 5559 3353 5625; baseline -0.001 -12"><span class='ocrx_word' id='word_1_891' title='bbox 1854 5562 1985 5613; x_wconf 75' lang='grc'><strong>1050</strong></span> <span class='ocrx_word' id='word_1_892' title='bbox 2016 5560 2106 5610; x_wconf 78' lang='lat' dir='ltr'><strong>fuit</strong></span> <span class='ocrx_word' id='word_1_893' title='bbox 2134 5564 2432 5613; x_wconf 74' lang='lat' dir='ltr'><strong>translatum</strong></span> <span class='ocrx_word' id='word_1_894' title='bbox 2460 5576 2471 5608; x_wconf 88' lang='lat'><strong>:</strong></span> <span class='ocrx_word' id='word_1_895' title='bbox 2504 5574 2603 5625; x_wconf 90' lang='lat' dir='ltr'><strong>quo</strong></span> <span class='ocrx_word' id='word_1_896' title='bbox 2634 5561 2811 5611; x_wconf 86' lang='lat' dir='ltr'><strong>itidem</strong></span> <span class='ocrx_word' id='word_1_897' title='bbox 2840 5559 2921 5611; x_wconf 88' lang='lat' dir='ltr'><strong>die</strong></span> <span class='ocrx_word' id='word_1_898' title='bbox 2953 5561 3230 5625; x_wconf 83' lang='lat' dir='ltr'><strong>inscriptus</strong></span> <span class='ocrx_word' id='word_1_899' title='bbox 3275 5572 3353 5611; x_wconf 77' lang='lat' dir='ltr'><strong>est</strong></span> 
     </span>
    </p>
   </div>
   <div class='ocr_carea' id='block_1_129' title="bbox 1852 5625 2766 5697">
    <p class='ocr_par' dir='ltr' id='par_1_129' title="bbox 1852 5625 2766 5697">
     <span class='ocr_line' id='line_1_129' title="bbox 1852 5625 2766 5697; baseline -0.004 -16"><span class='ocrx_word' id='word_1_900' title='bbox 1852 5627 2213 5697; x_wconf 74' lang='lat' dir='ltr'><strong>Martyrologiu</strong></span> <span class='ocrx_word' id='word_1_901' title='bbox 2245 5629 2497 5681; x_wconf 73' lang='lat' dir='ltr'><strong>Romanu.</strong></span> <span class='ocrx_word' id='word_1_902' title='bbox 2534 5625 2766 5679; x_wconf 80' lang='lat' dir='ltr'><strong>Bolland.</strong></span> 
     </span>
    </p>
   </div>
  </div>
