3888 6354
3440 0 3519 29 ,ρ

3616 361 3697 417 863
3792 5 3816 517 I

590 396 684 448 867
1312 389 1506 442 BI‘IDJS
1549 380 1977 439 VENEllABILIS
2016 377 2158 431 ()PP.
2202 375 2369 428 PARS
2407 372 2488 426 IV.
2522 376 2583 409 —-'
2622 366 2985 423 illSTOl‘thA.

1776 489 1992 540 Elil'l'IO
2031 479 2477 534 CULUNIENSIS.

657 587 699 643 Ἀ
731 630 742 640 .
794 582 1023 639 ΥΙΙΚΜ..
1074 588 1249 636 Arma.
1296 611 1359 622 -κ
1412 580 1588 631 Romae
1643 580 1719 627 via
1758 575 2009 635 Lavicina,
2056 572 2102 622 in
2135 572 2176 625 Α
2208 566 2362 616 ratori
2409 563 2843 616 Cbristiauissimo
2898 560 3137 613 victorias
3185 558 3248 610 de
3301 555 3542 623 tyrannis
3592 574 3700 623 pr??-

590 677 881 733 ca-meterio
924 672 1149 739 ejusdem
1191 670 1357 721 natale
1404 668 1561 717 sancti
1602 664 1824 723 (lastuli;
1856 664 1938 727 qui
1976 671 2091 709 eum

594 776 729 816 esset
772 764 994 815 cetarius
1042 759 1236 826 palatii,
1267 766 1319 808 et
1349 761 1532 819 hospes
1562 764 1876 810 sanctorum,
1920 763 1945 798 a
1976 761 2093 811 per-

591 850 907 902 secutoribus
948 856 1194 907 arctatus,
1239 853 1289 895 et
1330 844 1479 895 tertio
1510 854 1780 907 appensus,
1825 836 1974 887 tertio
2006 848 2095 883 au-

593 940 753 1002 ditus,
798 938 848 988 in
887 936 1203 989 confessione
1244 931 1441 983 Domini
1498 940 1847 995 perseverans,
1910 924 2093 974 missus

592 1029 743 1079 estin
772 1026 985 1085 foveam,
1026 1032 1072 1075 et
1101 1022 1303 1073 dimissa
1346 1028 1423 1072 est
1450 1034 1604 1083 supr-r
1647 1032 1759 1067 eum
1791 1028 1951 1066 massa
1982 1006 2094 1062 are-

590 1116 755 1173 naria,
812 1124 960 1179 alque
1008 1111 1074 1163 ita
1114 1125 1228 1162 cum
1281 1110 1446 1174 palma
1493 1104 1719 1172 martyrii
1770 1103 2000 1167 iuigravn
2028 1098 2091 1150 ad

592 1202 870 1254 Christum.
918 1198 1065 1265 Apud
1112 1186 1425 1261 Pentapolim
1468 1194 1641 1261 Libyae
1685 1188 1939 1243 Theodori
1986 1187 2094 1252 epi-

590 1291 756 1352 sCOpi,
791 1288 963 1341 Irentei
1012 1286 1231 1345 diaconi,
1281 1282 1573 1347 Serapionis
1602 1290 1653 1332 et
1684 1278 1939 1331 Amuionii
1991 1276 2093 1326 lec-

591 1384 785 1436 torum;
826 1384 876 1427 et
903 1373 1033 1438 apud
1066 1372 1306 1424 Sirmium
1349 1370 1514 1420 natale
1540 1368 1698 1419 Sancti
1732 1364 1952 1415 Montani
1983 1376 2097 1428 pre-

591 1462 798 1529 sbyteri,
830 1462 915 1525 qui
942 1474 1055 1511 cuin
1086 1459 1297 1510 Maxima
1325 1470 1489 1508 uxore
1519 1463 1707 1512 tentus,
1731 1452 1855 1501 etin
1884 1450 2090 1500 [luvium

591 1549 927 1612 pracipitatus
970 1556 1065 1609 est,
1108 1557 1323 1610 corpora
1363 1557 1540 1595 eorum
1573 1555 1671 1591 non
1704 1540 1850 1603 longe
1877 1539 1941 1590 ab
1974 1536 2097 1588 urbe

594 1635 687 1684 Siti)
734 1634 896 1696 lapide
957 1632 1179 1683 inventa.
1235 1628 1295 1679 Et
1356 1624 1610 1693 depositio
1659 1626 1819 1676 sancti
1868 1623 2095 1689 Luitgeri

589 1721 813 1785 episcopi
841 1728 894 1770 et
915 1718 1244 1771 confessoris.

660 1807 714 1857 lt.
745 1806 800 1856 Vl
842 1804 1070 1857 KALEND.
1104 1806 1290 1857 Αριιιι..
1311 1829 1376 1845 -
1397 1801 1760 1869 Hierosolyma:
1790 1799 2097 1853 resurrectio

2192 658 2339 709 dixit.

2256 744 2313 795 C.
2374 742 2409 793 V
2458 741 2583 793 ΚΜ..
2632 739 2811 792 Acme.
2863 764 2932 776 -—
2986 734 3133 801 Apud
3197 733 3494 785 Cmsaream
3564 733 3698 787 [νδιει.

2190 832 2336 881 Slittze
2401 839 2694 880 sanctorum
2776 832 3057 892 martyrum
3124 820 3335 883 Prisci,
3420 822 3598 871 Alalchi
3659 836 3699 874 et

2192 916 2484 975 Alexandri,
2525 916 2607 978 qui
2663 913 3017 979 persecutione
3050 908 3327 968 Valeriani,
3380 921 3503 958 eum
3530 910 3689 959 subur-

2194 1005 2377 1056 banuni
2406 1004 2620 1067 agellum
2652 1001 2962 1065 supradictae
2994 998 3134 1050 urbis
3164 997 3541 1055 inhabitarent,
3568 1008 3694 1063 atque

2195 1098 2243 1149 in
2285 1110 2341 1148 ea
2373 1094 2598 1146 cmlestis
2648 1091 2878 1157 martyrii
2923 1098 3334 1155 proponerentur
3378 1100 3606 1143 coronaz,
3633 1087 3694 1135 di-

2196 1198 2316 1234 vino
2363 1180 2477 1231 ﬁdei
2508 1179 2677 1230 calore
2720 1175 2969 1237 succensi,
3001 1175 3133 1225 ultro
3172 1173 3402 1238 judicent
3441 1172 3685 1233 adeuntes,

2194 1284 2284 1321 cur
2316 1275 2511 1319 tantum
2539 1265 2587 1315 in
2629 1263 2930 1329 sanguinem
2975 1260 3173 1326 piorum
3204 1260 3508 1317 deszeviret,
3539 1260 3689 1321 objur-

2196 1364 2345 1424 gant;
2378 1368 2505 1419 quos
2537 1352 2621 1404 ille
2664 1351 2906 1402 continuo
2945 1361 3038 1415 pro
3077 1346 3266 1399 Christi
3298 1347 3514 1397 nomine
3543 1345 3621 1396 bes
3644 1348 3652 1395 i
3674 1363 3691 1397 ε

2197 1444 2403 1495 tradidit
2432 1441 2769 1493 devorandos.
2815 1440 2875 1490 Et
2912 1437 3044 1504 apud
3083 1426 3260 1488 urbem
3289 1433 3690 1486 Cabiionettsnm

2200 1531 2451 1597 depositio
2480 1527 2803 1582 Guntrammi
2848 1515 3003 1593 regis,
3044 1525 3129 1592 qui
3161 1525 3229 1575 ita
3259 1536 3315 1575 se
3360 1523 3687 1583 stiiritualutus

2196 1618 2476 1671 actionibus
2530 1614 2864 1679 mancipavit,
2918 1620 2974 1664 ut
3034 1610 3231 1663 relictis
3278 1607 3461 1659 saeculi
3520 1610 3689 1671 pOntpiS

2197 1706 2465 1758 thesauros
2524 1716 2647 1754 suos
2704 1699 2945 1752 Ecclesiis
2989 1707 3040 1751 et
3096 1695 3407 1763 pauper‘bus
3463 1706 3687 1760 erogaret.

2199 1796 2371 1849 Romae
2424 1793 2549 1846 Sitti
2607 1806 2769 1857 papae,
2813 1790 2901 1856 qtti
2943 1788 3080 1841 sedit
3104 1788 3280 1839 Romae
3304 1800 3472 1837 annos
3505 1789 3685 1837 aettula

597 1894 792 1944 Domini
825 1893 980 1943 nostri
1023 1890 1139 1943 Jesu
1178 1890 1387 1942 Christi.
1448 1888 1591 1954 Apud
1644 1887 1917 1955 Egyptum
1967 1888 2098 1939 beati
2132 1893 2173 1950 Β
2205 1882 2370 1936 Africa
2400 1880 2566 1932 natale
2608 1876 2809 1944 Rogati,
2839 1877 3096 1940 Successi,
3128 1886 3182 1929 et
3222 1874 3443 1927 aliorum
3473 1876 3682 1927 sedecim.

603 1978 808 2030 Joannis
858 1978 1118 2038 eremitte,
1167 1975 1476 2027 admirandae
1513 1975 1796 2026 sanctitatis
1840 1975 1957 2037 viri,
2012 1976 2098 2039 qui

609 2068 763 2120 etiam
819 2065 1117 2133 protibetico
1158 2064 1333 2130 spiritu
1383 2062 1582 2128 plenus,
1618 2061 1906 2114 Theodosio
1950 2062 2103 2126 impe-

2198 1972 2248 2023 ιη
2280 1972 2511 2023 Caesarea
2541 1968 2701 2017 sancti
2752 1964 3036 2032 Dagalassi.

2277 2056 2336 2108 D.
2363 2055 2423 2106 iV
2458 2053 2587 2106 ΚΜ..
2616 2052 2794 2104 APittL.
2832 2076 2899 2090 —-
2925 2049 3186 2118 Depositio
3226 2047 3448 2101 Eustasii
3499 2049 3681 2119 abbatis.

1774 2151 1990 2204 EDITIO
2030 2147 2506 2205 liOLLANDlANA.

595 2244 889 2297 venerando
916 2243 1121 2295 salutat.
1165 2242 1353 2295 Eodem
1384 2242 1465 2293 die
1496 2241 1761 2293 eruciﬂxio
1793 2242 1851 2295 D.
1884 2242 1941 2292 N.
1976 2242 2095 2294 Jesu

596 2315 778 2365 Christi
817 2314 1089 2364 secundum
1122 2326 1342 2362 carnem.
1378 2310 1437 2361 Et
1479 2310 1689 2361 victoria
1725 2310 1984 2361 Michae'is
2010 2324 2096 2361 ar-

602 2382 852 2444 t'hatigeli.
888 2379 942 2432 Β.
966 2414 980 2438 ,
1011 2378 1061 2429 lit
1104 2378 1266 2429 Nicma
1308 2378 1553 2430 Victorini
1579 2417 1592 2434 ,
1637 2376 1943 2437 Alexandri,
1990 2378 2099 2427 Eu-

598 2453 768 2507 tratm,
798 2446 1047 2506 Cassnlae,
1081 2445 1345 2495 Nicastrali
1368 2445 1621 2511 .ilnicilla:
1666 2453 1718 2494 et
1756 2446 2097 2511 quadringen-

604 2527 767 2567 torum
801 2522 1097 2579 martyrum.
1128 2512 1258 2562 Alibi
1286 2513 1337 2562 ὃ.
1368 2510 1667 2563 Τιιθοόοιαξ.

663 2604 747 2653 ‘26.
780 2631 845 2641 ——
875 2602 956 2654 Vll
984 2600 1108 2653 ΚΑΙ..
1150 2600 1202 2652 1η
1242 2599 1431 2653 Sirtnio
1462 2610 1485 2636 ιι
1518 2600 1737 2651 Montani
1778 2599 2092 2668 presbyteri,

602 2692 831 2743 Maxima:
858 2690 1032 2741 uxoris
1063 2688 1172 2754 ejus
1201 2696 1251 2740 et
1278 2688 1492 2738 aliorum
1524 2687 1877 2753 quadraginta.

665 2774 844 2827 Florus
874 2774 922 2825 in
955 2775 1014 2823 A.
1044 2772 1104 2823 Τ.
1151 2771 1237 2831 L.,
1270 2772 1456 2822 Eodem
1507 2772 1589 2822 die
1642 2772 1816 2823 Roma:
1859 2770 1913 2824 S.
1948 2769 1972 2807 δ
2001 2771 2092 2823 Ca-

603 2860 721 2912 stuli
752 2857 985 2924 martyris
1008 2895 1023 2919 ,
1054 2859 1136 2920 qni
1170 2864 1399 2918 tempore
1440 2855 1736 2915 Diocletiani
1765 2870 1885 2908 cum
1920 2856 2094 2909 fuisset

597 2954 851 3006 areiatus,
880 2953 931 2996 et
972 2943 1123 2995 tertio
1161 2956 1444 3008 appensus,
1477 2943 1727 3007 tertioque
1767 2942 1999 3002 auditus,
2041 2942 2093 2994 in

596 3033 916 3087 confessione
958 3030 1157 3082 Domini
1200 3044 1565 3094 perseverans,
1600 3029 1783 3081 missus
1819 3038 1898 3081 est
1935 3030 1982 3081 in
2012 3029 2091 3082 fo-

598 3136 743 3173 veam
767 3158 780 3181 ,
808 3128 861 3172 et
892 3118 1100 3169 dimissa
1129 3130 1282 3181 super
1310 3130 1424 3167 eum
1455 3130 1620 3167 massa
1662 3118 1892 3167 arenaria
1912 3155 1929 3179 ,
1974 3118 2087 3168 tali-

602 3222 703 3274 que
743 3205 985 3271 martyrio
1019 3202 1253 3268 migravit
1307 3202 1368 3253 ad
1406 3199 1686 3254 Christum.
1730 3202 1993 3269 Scriptum
2044 3203 2095 3256 in

599 3294 768 3348 Gestis
793 3294 846 3344 S.
878 3290 1181 3344 Sebastiani.

671 3383 761 3441 3.,
794 3381 843 3431 ln
875 3379 1139 3431 Antiochia
1173 3388 1193 3414 ο
1224 3376 1510 3439 Timothei,
1542 3378 1797 3446 Diogenis.
1831 3378 1883 3429 In
1915 3378 2086 3432 Africa

600 3448 843 3513 Victoris,
872 3447 1167 3508 Saturnini,
1198 3446 1472 3499 Salvatoris
1493 3486 1507 3512 ,
1538 3454 1589 3498 et
1615 3448 1829 3499 aliorum
1865 3461 1958 3497 itii.

2267 2239 2355 2292 ‘27.
2384 2266 2450 2275 —
2479 2236 2537 2287 Vl
2565 2234 2692 2287 ΚΜ..
2724 2234 2883 2287 Vacat
2908 2234 3079 2287 Baeda.

2276 2325 2368 2382 D..
2402 2322 2547 2387 Apud
2575 2321 2849 2387 [Egyptum
2884 2319 2907 2356 ἀ
2935 2320 3144 2371 Joannis
3184 2319 3432 2371 eremitau
3471 2317 3527 2369 ν.
3551 2358 3564 2379 ,
3594 2318 3677 2371 Νι-

2205 2393 2305 2443 tale
2351 2392 2407 2443 S.
2443 2396 2465 2421 θ
2497 2390 2754 2443 Marciani.
2802 2389 2855 2439 ιη
2905 2388 3073 2439 Africa
3125 2388 3361 2449 Romuli,
3396 2387 3584 2437 Donati.
3628 2388 3675 2438 Et

2204 2458 2530 2509 Ilesurrectio
2556 2456 2614 2506 D.
2645 2455 2703 2505 N.
2736 2454 2855 2507 Jesu
2889 2454 3093 2506 Christi.
3149 2458 3211 2504 A.
3256 2454 3315 2504 Τ.
3339 2494 3351 2512 .
3386 2453 3677 2505 Βεευπρςιῑο

2210 2525 2430 2576 Domini.
2460 2524 2519 2574 A.
2565 2520 2625 2574 T.
2682 2522 2775 2586 L.,
2804 2524 2853 2573 In
2894 2520 3184 2574 Nicomedia
3226 2522 3392 2571 natale
3436 2522 3526 2573 SS.
3556 2522 3571 2558 ί
3600 2522 3673 2571 Pa-

2204 2594 2361 2644 Storis
2390 2601 2442 2644 et
2474 2590 2737 2643 Victorini.
2796 2594 2858 2641 A.
2885 2592 2968 2650 T.,
2999 2589 3049 2639 In
3079 2588 3246 2641 Africa
3274 2588 3457 2639 natalis
3486 2590 3673 2639 Itomuli.

2200 2660 2255 2712 Β.
2279 2702 2293 2722 ,
2324 2658 2375 2710 1η
2420 2659 2585 2710 Africa
2619 2658 2817 2708 llomnli
2839 2697 2853 2718 ,
2886 2656 3090 2715 Maroli,
3124 2659 3378 2709 Successi.
3419 2656 3473 2708 lti
3502 2656 3675 2709 Panno-

2199 2728 2281 2780 nia
2331 2727 2498 2793 passio
2527 2726 2580 2778 S.
2615 2734 2637 2770 κ
2666 2724 2939 2776 Alexandri
2969 2733 3118 2777 inart.

2261 2831 2347 2883 28.
2379 2857 2447 2870 —-
2474 2830 2532 2881 V.
2561 2829 2689 2882 ΚΜ..
2723 2828 2880 2882 Vacat
2908 2828 3075 2881 Baeda.

2267 2940 2324 2991 Ι).
2344 2979 2359 3003 ,
2388 2939 2619 2992 Caesarea
2652 2938 2935 2990 Palaestina!
2962 2936 3006 3006 h_
3029 2947 3308 3006 martyrum
3341 2938 3530 3003 Prisci,
3571 2939 3669 2990 νει.

2196 3008 2317 3071 chi,
2345 3015 2397 3059 et
2439 3006 2734 3058 Alexandri.
2769 3006 2857 3067 V.,
2893 3006 2944 3057 In
2976 3004 3206 3058 Ctesarea
3240 3007 3451 3067 Rogati,
3482 3010 3671 3057 Alexano

2121 3055 2165 3116 C
2199 3055 2279 3127 aa
2299 3055 2317 3135 ζ
2351 3055 2614 3127 notate;
2624 3055 2918 3126 ‘omiitii
2936 3055 3375 3127 insinuari.
3389 3055 3451 3126 ἐἰ
3471 3055 3671 3132 ita.

2201 3142 2484 3203 xandrum,
2532 3155 2632 3206 quo
2672 3141 2823 3193 etiam
2866 3141 3059 3192 niiiisso
3104 3142 3158 3191 Β.
3220 3141 3368 3192 habet
3411 3143 3669 3193 Audaciam.

2197 3210 2349 3262 Addit
2376 3210 2417 3259 Τ
2424 3247 2438 3260 .
2470 3220 2514 3261 et
2543 3210 2627 3258 alii
2656 3209 2839 3259 decem.
2870 3208 2929 3258 Β.
2957 3246 2971 3268 .
3003 3209 3055 3263 In
3086 3207 3244 3259 Tarso
3269 3208 3457 3259 (Sicilire
3486 3209 3671 3259 Castori.

2200 3277 2260 3354 Β.
2308 3275 2367 3354 '1".
2416 3275 2516 3352 1...,
2562 3274 2616 3326 In
2673 3275 2876 3326 civitate
2934 3274 3162 3327 Cabulon
3225 3276 3477 3342 depasitto
3509 3274 3522 3310 ί
3552 3275 3671 3328 Giin-

2201 3345 2364 3396 tranui
2391 3345 2548 3410 regis.

2268 3434 2356 3486 29.
2385 3460 2451 3472 --
2478 3431 2541 3485 IV
2570 3430 2697 3486 KAL.
2731 3430 2888 3485 Vacat
2917 3430 3085 3485 Baeda.

1883 3530 2075 3587 SHITH
2114 3537 2330 3593 NOTAE.

666 3633 689 3658 ⁸
747 3620 993 3673 Montani.
1048 3618 1289 3684 Martyres
1335 3617 1384 3669 hi
1441 3620 1490 3668 in
1537 3617 1746 3670 ﬂuvium
1798 3619 2095 3685 praecipitati

600 3701 755 3752 stitit,
804 3700 856 3741 et
899 3702 1109 3745 corr-ora
1157 3701 1330 3737 eorum
1381 3700 1513 3736 nouo
1557 3686 1620 3736 ab
1663 3687 1786 3737 urbe
1830 3688 1996 3752 lapide
2022 3688 2099 3740 in.

600 3768 744 3811 vetita
772 3767 821 3808 et
850 3757 1042 3818 sepulta
1075 3763 1208 3805 sunt.
1244 3756 1374 3812 Atio,
1410 3752 1649 3815 Ustiard.,
1682 3754 1892 3805 Notker.

675 3826 700 3862 δ
744 3826 945 3875 Custuli.
976 3823 1066 3884 Qui
1099 3824 1187 3871 luit
1217 3821 1441 3871 notarius
1472 3820 1641 3883 palatii
1669 3831 1719 3872 et
1751 3823 1936 3887 hospes
1978 3836 2097 3873 san-

602 3904 829 3949 ctorum,
860 3889 1255 3951 comprehensus
1296 3903 1321 3937 a
1367 3888 1593 3937 Fabiano
1634 3889 1879 3952 praeside,
1924 3891 2098 3940 occiso

605 3962 788 4012 (lariuo
816 3958 876 4005 ad
911 3955 1131 4018 Margum
1167 3963 1218 4004 et
1244 3966 1380 4004 coss.
1411 3955 1630 4004 Maximo
1658 3963 1708 4005 et
1738 3954 1972 4019 Aquilino
2003 3962 2100 4008 hoc

606 4038 682 4077 est
712 4039 842 4075 anno
870 4021 973 4071 283
1006 4023 1335 4082 interiectus,
1369 4029 1420 4071 et
1448 4022 1524 4071 via
1557 4021 1807 4071 Lavicana
1849 4022 2097 4085 sepultus.

604 4097 766 4145 lira-ci
800 4093 976 4142 colunt
1005 4089 1059 4140 S.
1092 4089 1445 4143 Sebastianum
1475 4101 1589 4139 cum
1621 4087 1871 4155 plerisque
1911 4099 2102 4155 marty-

602 4162 741 4212 ribus
773 4162 820 4210 in
850 4157 960 4222 ejus
990 4159 1130 4208 Actis
1162 4157 1361 4218 relatis,
1391 4163 1444 4209 et
1472 4156 1605 4207 inter
1634 4156 1725 4207 hos
1750 4155 1807 4209 S.
1837 4154 2101 4209 Castulum

602 4229 665 4279 18
700 4225 1010 4278 Decembris.

678 4302 698 4327 ο
742 4292 1000 4343 Timothei.
1034 4289 1233 4339 Baronii
1263 4287 1677 4355 Martyrologium
1720 4300 1771 4341 et
1816 4291 1912 4341 alia
1957 4292 2101 4344 cele-

608 4334 763 4412 hrani
2130 4334 2181 4391 D

606 4428 694 4479 sed
723 4427 901 4477 dicunt
927 4440 1015 4475 eos
1046 4426 1091 4473 iu
1138 4423 1426 4474 Macedonia
1472 4438 1671 4489 passos.
1716 4424 1844 4474 Sunt
1893 4435 2058 4475 tamen
2081 4468 2095 4484 ,

607 4507 659 4546 ut
704 4493 925 4555 Videtur,
972 4492 1055 4540 alii
1098 4498 1147 4540 et
1189 4490 1372 4540 diversi
1418 4492 1644 4555 ejusdem
1693 4491 1911 4542 nominis
1941 4493 2100 4544 sancti

610 4563 694 4627 qui
728 4559 852 4612 infra
883 4557 1172 4627 coluiitur_7
1203 4559 1537 4627 Aprilis,Aqu_i
1586 4561 1716 4627 passi
1761 4570 1879 4610 sunt
1920 4561 2098 4609 Antio-

607 4623 737 4682 chia:
764 4642 876 4677 rum
907 4626 1056 4677 sociis
1087 4623 1298 4674 Macaria
1327 4634 1375 4674 et
1406 4625 1638 4675 Maxima.
1670 4624 1813 4678 Unde
1842 4628 2007 4677 iorsau
2038 4641 2099 4677 ex

608 4700 689 4747 die
719 4710 786 4745 VII
813 4695 926 4745 ldus
952 4692 1137 4755 Aprilis
1162 4705 1423 4757 perperam
1455 4692 1553 4741 huc
1580 4694 1642 4741 ad
1674 4705 1742 4742 vn
1770 4693 1882 4744 Kal.
1914 4695 2101 4759 Aprilis

611 4764 843 4814 videntur
872 4761 1118 4813 translati.

679 4834 699 4864 ιλ
739 4829 964 4879 Joannis.
996 4827 1232 4890 Lycopoli
1259 4828 1341 4893 qui
1370 4834 1513 4877 natus
1541 4834 1653 4887 est,
1681 4834 1867 4877 etcum
1895 4828 1985 4877 fuit
2013 4842 2097 4878 an-

612 4912 788 4947 norunt
830 4897 1032 4945 circiter
1069 4895 1168 4953 5t),
1210 4897 1418 4945 secessit
1465 4911 1510 4943 III
1560 4904 1779 4945 montem
1808 4895 2096 4956 Luporum:

616 4966 697 5014 tibi
727 4976 890 5012 annos
938 4960 1002 5010 -40
1047 4964 1337 5023 Compleus,
1372 4960 1596 5023 praedixit
1627 4961 1903 5012 Theodosii
1936 4976 2099 5012 VlL‘lO-

613 5034 711 5079 rias
741 5032 804 5079 de
835 5028 1059 5095 tyrannis
1088 5027 1303 5077 Maximo
1349 5028 1686 5095 et_l*lugenio.
1722 5028 1992 5078 Bullandus
2034 5031 2097 5078 de

610 5099 691 5147 die
720 5096 829 5161 cjtis
855 5092 1022 5145 obitus
1054 5098 1117 5145 ita
1147 5094 1322 5145 scribit
1346 5111 1356 5144 :
1392 5092 1548 5153 Quam
1579 5104 1758 5143 certum
1788 5105 1856 5144 est
1883 5097 2009 5143 diem
2036 5096 2099 5145 ‘27

612 5164 785 5215 Martii
815 5179 907 5213 non
939 5164 1085 5225 fuisse
1113 5164 1238 5212 diem
1272 5162 1621 5226 llepusitionis,
1652 5163 1869 5225 quamvis
1900 5165 1963 5210 ita
1990 5166 2104 5211 scri-

614 5234 689 5281 ὺιιι
722 5232 979 5283 Usnurdns
1002 5265 1017 5289 ,
1049 5239 1144 5276 tum
1170 5230 1437 5278 verosimile
1467 5228 1601 5277 nobis
1632 5230 1814 5277 videtur
1854 5230 2103 5293 proprium

616 5302 780 5348 mortis
814 5300 939 5346 diem
975 5296 1234 5345 etiamnum
1272 5296 1401 5359 apud
1451 5294 1627 5357 Coptos
1668 5295 1715 5343 in
1752 5296 1930 5343 honore
1969 5312 2101 5358 esse,

615 5369 793 5414 scilicet
838 5367 903 5415 ‘20
944 5363 1123 5414 mensis
1166 5360 1332 5423 Babw,
1381 5364 1460 5424 qui
1506 5363 1564 5413 l7
1614 5362 1709 5410 diei
1759 5361 1974 5412 Octobris
2018 5380 2106 5411 rc-

623 5433 847 5497 spondet.

692 5506 713 5529 °
758 5499 1019 5548 Murriani.
1052 5495 1202 5546 l‘rirui
1237 5493 1565 5545 Dertonensis
1596 5494 1835 5547 Ecclesia:
1864 5495 2107 5560 episcopi.

619 5568 711 5627 Qui
742 5582 766 5617 a
803 5568 857 5617 Β.
893 5566 1117 5616 Batnaba
1148 5564 1207 5615 ad
1241 5565 1389 5614 lidetn
1420 5576 1697 5615 conversus
1728 5572 1803 5615 est
1830 5578 1841 5612 :
1888 5574 1937 5615 ct
1966 5578 2107 5629 cuius

2206 3628 2303 3678 sub
2340 3624 2563 3678 Adriano
2604 3625 2913 3689 imperatore
2949 3632 3000 3674 et
3042 3620 3270 3683 Sapricio
3309 3619 3671 3673 Mediolanensis

2207 3694 2477 3757 provincia:
2520 3692 2769 3757 praeside,
2819 3691 3001 3741 lamina
3046 3692 3199 3756 ignita
3246 3691 3391 3753 prius
3437 3691 3484 3741 in
3525 3699 3671 3753 pectus

2203 3761 2389 3812 frustra
2422 3762 2668 3822 impressa
2690 3798 2704 3820 ,
2736 3772 2869 3809 anno
2898 3757 3021 3809 Chr.
3067 3757 3161 3807 1:20
3202 3770 3354 3821 caput
3396 3766 3671 3820 amputatum

2204 3839 2301 3879 est.
2327 3829 2471 3882 Sedit
2495 3828 2543 3878 in
2571 3829 2862 3892 episcopatu
2893 3826 3027 3875 circa
3056 3839 3139 3874 an.
3166 3824 3247 3875 Η.
3277 3830 3399 3875 Acta
3432 3824 3673 3892 apud-[iol-

2206 3896 2429 3947 landum.
2463 3894 2581 3945 Dies
2605 3889 2793 3945 natalis
2821 3892 3095 3953 aliquando
3126 3892 3327 3942 habitus
3354 3892 3439 3941 die
3466 3893 3525 3941 27
3560 3889 3670 3940 Mar-

2206 3965 2261 4011 tii
2282 4002 2297 4023 ,
2331 3973 2381 4012 at
2409 3960 2559 4011 modo
2585 3961 2871 4011 celebratur
2900 3962 2929 4010 ti
2962 3958 3157 4021 Martii,
3191 3968 3337 4024 prout
3368 3965 3417 4009 iii
3446 3957 3667 4023 Martyro-

2200 4027 2339 4094 logio
2372 4028 2939 4094 Romanoenuntiatur.

2274 4095 2291 4131 ε
2333 4094 2575 4146 Pastoris.
2611 4091 2679 4143 De
2710 4092 2788 4142 bis
2816 4092 2933 4143 vide
2962 4091 3088 4142 inl‘ra
3118 4092 3182 4142 29
3214 4091 3395 4141 Martii.

2276 4168 2301 4203 8
2342 4162 2627 4218 Alexandri.
2658 4159 2729 4210 De
2760 4160 2855 4209 hoc
2884 4158 3127 4210 Barouius
3159 4162 3205 4210 in
3239 4158 3582 4225 Martyrologio
3607 4157 3671 4207 sic

2202 4230 2378 4281 scribit
2409 4246 2419 4279 :
2454 4228 2726 4291 Driziparw
2751 4228 2800 4277 in
2832 4226 3057 4277 Panonia
3088 4226 3147 4277 S.
3193 4228 3461 4276 Alexandri
3499 4226 3667 4285 ritilius,

2202 4298 2285 4361 qui
2314 4299 2398 4347 sub
2424 4295 2726 4346 Maximiano
2754 4296 3043 4358 imperatore
3066 4304 3170 4357 post
3195 4296 3370 4342 multos
3401 4309 3487 4357 pro
3510 4292 3672 4340 Christo

2203 4379 2381 4426 agones
2411 4372 2666 4427 superatos
2692 4363 2937 4426 multaque
2962 4361 3203 4427 miracula
3229 4362 3359 4409 edita
3380 4396 3396 4418 ,
3427 4369 3672 4427 martyrtintt

2203 4423 2378 4492 capitis
2407 4423 2697 4480 abacissione
2722 4423 2992 4490 complevit.
3028 4426 3126 4477 Sed
3158 4426 3236 4475 hic
3259 4441 3357 4475 non
3400 4428 3525 4476 idem
3561 4423 3675 4474 vidc-

2206 4506 2285 4548 tur
2308 4512 2422 4548 cum
2448 4495 2737 4547 Alexandro
2762 4496 2826 4544 ab
2852 4503 3058 4544 auctore
3086 4504 3261 4543 nostro
3290 4493 3369 4543 hic
3396 4500 3669 4543 memorato:

2204 4578 2320 4615 nam
2355 4565 2612 4627 Drizipara
2653 4571 2731 4612 est
2771 4561 2820 4611 in
2871 4559 3085 4612 Thracia
3136 4564 3309 4620 procul
3344 4574 3372 4610 a
3403 4560 3670 4627 Pannonis;

2201 4640 2255 4684 et
2283 4634 2366 4697 qui
2398 4632 2463 4682 ibi
2496 4624 2684 4696 passus
2722 4637 2833 4693 est,
2874 4643 2973 4680 non
3010 4628 3074 4677 27
3115 4628 3311 4691 Martii,
3355 4627 3448 4679 sed
3488 4624 3672 4694 l3,llaii

2199 4700 2560 4765 lllltrlyl‘itallls
2589 4705 2691 4748 est.

2268 4764 2293 4800 ιι
2339 4754 2636 4830 Martyrum.
2669 4764 2898 4828 Quorum
2941 4762 3037 4814 hoc
3059 4760 3231 4830 _modo
3271 4761 3497 4830 meminit
3535 4754 3670 4830 Ense}

2202 4833 2315 4882 bius
2341 4836 2388 4883 in
2421 4824 2550 4884 Hist.
2586 4824 2719 4882 Eccl.
2759 4844 2825 4880 vti
2848 4869 2860 4889 ,
2896 4830 2959 4880 12
2989 4846 3003 4881 :
3048 4828 3204 4879 Porro
3247 4829 3297 4876 in
3333 4830 3427 4877 hac
3464 4824 3673 4876 Valeriani

2203 4904 2529 4959 perar’cutione
2559 4909 2651 4947 tres
2680 4899 2769 4947 viri
2800 4907 2908 4962 post
2947 4897 3183 4960 insignem
3224 4893 3408 4945 Christi
3448 4898 3669 4954 confessio-

2202 4982 2309 5015 nem
2336 4969 2467 5031 apud
2511 4964 2781 5015 Cres-aream
2826 4962 3107 5013 Palazstina:
3148 4964 3213 5012 ad
3239 4962 3415 5014 bestias
3460 4962 3667 5017 damnati,

2200 5034 2361 5083 divino
2391 5034 2623 5097 martyrio
2653 5034 2869 5081 coronati
2896 5038 3025 5080 sunt.

2280 5099 2290 5133 ί
2331 5094 2625 5151 Gnntrnimi.
2674 5100 2767 5159 Qui
2818 5098 2883 5147 ita
2935 5110 2991 5147 se
3035 5098 3381 5159 siiiritttalibus
3428 5094 3671 5147 actiooibus

2206 5169 2530 5231 tuancipavit,
2549 5175 2620 5226 ut,
2649 5164 2841 5215 relictis
2867 5166 3038 5215 smculi
3066 5167 3282 5229 pompis,
3302 5169 3557 5231 thesauros
3577 5171 3672 5231 suo}

2206 5225 2444 5285 liccles'iis
2470 5225 2839 5297 tat-pauperibus
2862 5225 3092 5296 erogaret
3129 5225 3275 5283 Baeda
3300 5233 3460 5296 vulg.,
3491 5225 3669 5280 υευπάρ

2206 5330 2271 5338 —
2300 5302 2593 5351 Cltlolliatio
2646 5311 2762 5361 rege
2816 5308 3015 5347 mortuo
3068 5312 3203 5350 anno
3232 5298 3353 5360 561,
3383 5299 3670 5347 (ὶυιιιτθιιιιιις

2207 5383 2321 5417 cum
2352 5370 2596 5418 l’ratrtbtis
2625 5364 2794 5415 divisit
2841 5367 3103 5427 imperium
3131 5405 3143 5422 ,
3188 5367 3315 5415 obiit
3362 5376 3524 5416 autem
3566 5374 3672 5411 anno

2210 5434 2306 5483 58ὶῦ
2331 5452 2343 5494 ;
2372 5446 2424 5485 et
2452 5433 2677 5496 sepultus
2708 5439 2787 5480 ρει
2816 5432 2863 5480 iu
2895 5432 3113 5482 ecclesia
3156 5432 3211 5484 S.
3245 5434 3473 5487 Marcelli
3510 5431 3554 5484 in
3589 5442 3675 5481 ultr

2214 5502 2435 5554 uasti-rio
2466 5500 2599 5567 quod
2628 5498 2736 5563 ipse
2763 5508 3145 5551 construxerat.

3316 5871 3816 6250 Α]
