3888 6328
651 405 743 463 δη
1377 410 1569 465 ΒΕΒᾸΞ
1610 414 2035 467 VENERMHLIS
2069 414 2216 469 OPP.
2254 412 2421 469 PAltS
2456 403 2540 464 ιγ’.
2582 438 2645 450 —-
2684 406 3046 462 lilSTORlCA.

1966 628 2435 711 APRILIS.

1853 780 2065 834 EDITIO
2101 777 2333 834 COLONI
2345 774 2544 828 ENSIS.

1266 829 1542 925 Aratus.

876 1018 880 1023 -
972 991 1128 1043 Habet
1149 990 1264 1043 Dies
1289 1007 1429 1058 xxxt,
1460 992 1653 1046 Lunam
1679 1008 1819 1049 χιιι.

730 1120 796 1173 G.
845 1116 975 1172 ΚΑΙ..
1040 1120 1221 1172 Arma.
1265 1148 1332 1159 —
1383 1120 1558 1173 Romae
1620 1121 1925 1174 beatissima:
1979 1122 2146 1175 Theo-

648 1186 810 1269 (idne,
836 1206 1028 1259 sororis
1058 1207 1384 1260 illustrissimi
1415 1211 1650 1277 martyris
1689 1209 1963 1273 Hermetis,
1993 1226 2144 1277 quem

648 1291 826 1345 beatus
846 1292 1141 1344 Alexander
1165 1306 1289 1358 papa
1318 1293 1554 1346 instruxit
1582 1307 1640 1346 ac
1671 1294 1966 1362 baptizavit,
1992 1303 2147 1362 atque

646 1378 795 1431 fidem
819 1377 1005 1430 Christi
1029 1378 1218 1431 docuit.
1247 1382 1368 1443 Quae
1395 1380 1488 1433 sub
1520 1382 1791 1434 Aureliano
1841 1383 2147 1447 imperatore

640 1467 937 1534 martyrium
982 1464 1272 1532 complevit.
1299 1465 1493 1531 sepulta
1531 1465 1677 1533 juxta
1718 1467 1924 1519 fratrem
1955 1480 2147 1537 marty-

639 1566 749 1607 rcm
788 1556 864 1604 via
891 1552 1105 1618 Salaria,
1152 1567 1252 1605 non
1296 1553 1444 1619 longe
1486 1553 1551 1605 ab
1579 1555 1704 1605 urbe
1742 1555 1919 1605 ltoma.
1954 1556 2143 1607 Eodem

645 1643 729 1695 die
756 1641 917 1694 sancti
946 1640 1179 1694 Venantii
1222 1643 1443 1708 episc0pi
1473 1652 1524 1694 et
1549 1645 1809 1710 martyris.
1852 1645 1915 1695 Et
1943 1647 1993 1696 in
2020 1660 2147 1711 pago

653 1730 978 1782 Viunuoense
1012 1728 1175 1781 sancti
1220 1729 1467 1782 Vualarici
1516 1730 1841 1797 confessoris,
1874 1734 2019 1800 cujus
2065 1748 2148 1788 se-

645 1819 875 1886 pulcrum
901 1817 1095 1870 crebris
1118 1817 1375 1883 miraculis
1400 1819 1700 1872 illustratur.

712 1910 774 1960 Α.
800 1908 857 1960 IV
883 1908 1011 1960 Non.
1034 1908 1292 1960 APRIL.—
1320 1905 1492 1960 Natale
1521 1908 1681 1959 sancti
1711 1907 1889 1960 Nicetii
1915 1908 2145 1975 episcopi

648 1995 1017 2063 Lugdunensis,
1040 1996 1185 2060 cujus
1213 2004 1265 2046 et
1294 1996 1390 2047 vita
1435 1995 1695 2047 miraculis
1718 1996 1922 2059 claruit,
1955 2006 2005 2048 et
2034 2011 2149 2063 pre-

647 2085 772 2134 tiosa
809 2096 945 2134 mors
975 2082 1300 2143 nihilominus
1345 2082 1604 2134 miraculis
1633 2083 2039 2136 commendatur.
2085 2086 2146 2136 Et

2178 875 2226 929 Α
2253 868 2391 919 ribus
2421 866 2470 916 in
2518 863 2744 915 custodia
2785 862 3006 928 socians,
3038 868 3168 918 tenta
3198 875 3276 919 est
3302 866 3367 917 ab
3396 864 3605 919 Urbano
3630 883 3743 929 pra-

2243 950 2396 1012 fecto,
2426 959 2480 1002 et
2506 950 2554 1001 in
2583 949 2803 1013 equuleo
2824 952 3072 1013 cruciata,
3098 952 3284 1004 deinde
3316 955 3454 1020 ferro
3475 961 3676 1011 otiusta.
3698 970 3740 1006 et

2252 1040 2306 1092 in
2394 1049 2648 1087 carcerem
2676 1042 2833 1099 trusa,
2880 1037 2963 1087 ubi
2992 1038 3176 1091 virtule
3223 1040 3312 1091 Dei
3339 1042 3509 1093 omnia
3557 1041 3739 1093 vincula

2240 1124 2352 1186 ejus
2375 1122 2601 1185 disrupta
2630 1131 2763 1173 sunt.
2795 1122 2913 1175 Post
2939 1126 3051 1177 haec
3087 1136 3213 1177 saxo
3262 1128 3491 1195 alligata,
3537 1129 3588 1179 in
3618 1144 3740 1183 mare

2241 1222 2404 1260 mersa
2445 1218 2551 1270 est;
2602 1209 2689 1259 sed
2744 1223 2861 1261 mox
2918 1196 3186 1265 incolumis
3236 1215 3494 1267 littoribus
3536 1218 3738 1279 reddita.

2242 1295 2416 1348 bestiis
2446 1295 2497 1346 in
2527 1297 2908 1360 amphitheatro
2936 1310 3013 1349 est
3054 1300 3299 1366 projects,
3330 1304 3420 1354 sed
3450 1302 3517 1355 ab
3556 1305 3638 1356 bis
3680 1308 3741 1356 ia-

2244 1390 2398 1445 tacta,
2450 1382 2745 1451 martyrium
2788 1385 2969 1449 capitis
2997 1386 3313 1441 abscissione
3362 1393 3659 1455 promeruit.
3696 1392 3737 1445 in

2242 1473 2433 1540 Africa,
2486 1474 2771 1542 Ampltiani,
2807 1476 3047 1539 Victoris,
3098 1485 3153 1530 et
3196 1477 3412 1531 aliorum
3444 1482 3740 1547 quatuorde.

2243 1564 2362 1627 cim,
2406 1571 2457 1615 et
2510 1566 2625 1616 alibi
2672 1565 2933 1628 Marcelli,
2965 1565 3250 1630 Saturnini,
3279 1566 3482 1632 Satulli,
3507 1570 3735 1635 Quiriaci,

2244 1650 2431 1716 regina:
2458 1649 2706 1703 Proculas.
3268 1722 3273 1727 _

2313 1738 2374 1789 Β.
2410 1738 2469 1789 Ill
2518 1739 2645 1791 Nos.
2699 1738 2879 1791 APRIL.
2909 1767 2977 1777 —
3006 1737 3383 1793 Thessalonica
3428 1740 3601 1795 natale
3636 1757 3736 1797 san~

2244 1835 2439 1879 clarum
2487 1827 2758 1896 virginum,
2793 1829 2981 1897 Agapis
3031 1839 3081 1882 et
3130 1827 3383 1891 Chionim,
3428 1833 3526 1884 sub
3556 1833 3735 1886 Diocle-

2247 1912 2406 1977 tiano,
2438 1930 2553 1981 qua:
2600 1915 2765 1981 primo
2813 1917 2863 1968 in
2913 1931 3121 1970 carcere
3152 1928 3441 1980 maceratae,
3489 1932 3659 1987 postea
3695 1924 3734 1974 in

2246 2000 2413 2066 ignem
2453 2000 2625 2053 missa:
2651 2010 2800 2066 sunt,
2827 2004 2915 2054 sed
2943 2004 3150 2055 intactae
3178 2019 3207 2055 a
3232 2003 3449 2057 ﬂammis
3495 2018 3609 2073 post
3630 2023 3732 2059 ora-

2251 2088 2440 2140 tionem
2468 2087 2530 2137 ad
2559 2087 2715 2140 Deum
2748 2089 2932 2153 fusam,
2958 2091 3159 2142 animas
3202 2090 3556 2143 reddiderunt.
3606 2097 3733 2160 Apud

646 2170 776 2233 apud
825 2167 1107 2220 Caesaream
1158 2168 1491 2234 Cappadocia:
1528 2169 1694 2234 passio
1743 2180 1936 2223 sancta:
1985 2171 2153 2223 Theo-
2180 2162 2223 2220 B
2251 2171 2512 2239 Scythiam
2541 2173 2796 2226 civitatem
2823 2174 3056 2239 Themis,
3088 2178 3259 2229 natale
3304 2190 3598 2231 sanctorum
3626 2183 3733 2232 Eva.

642 2256 802 2309 desim
853 2256 1061 2323 virginis
1080 2295 1095 2319 ,
1136 2271 1252 2323 quze
1286 2264 1514 2322 tempore
1536 2256 1836 2311 Diocletiani
1865 2274 1981 2312 cum
2011 2270 2153 2314 esset

647 2356 896 2397 annorum
926 2342 1102 2397 decem
1136 2351 1198 2395 et
1222 2351 1357 2406 octo,
1405 2342 1537 2396 ultro
1570 2358 1627 2397 se
1670 2346 1859 2397 sanctis
1889 2344 2151 2398 confesso-

2247 2258 2329 2324 gri
2361 2269 2413 2312 et
2444 2260 2672 2328 Benigni.
2725 2260 2873 2329 Apud
2919 2261 3314 2319 Tauromenium
3364 2266 3553 2320 Sicilia
3595 2271 3732 2321 sancti

2248 2347 2522 2402 Pancratii.

1854 2451 2069 2504 EDITIO
2109 2451 2589 2509 BOLLANDIANA.

714 2539 766 2593 Ι.
795 2566 862 2579 -
890 2537 1163 2591 Κλιεκυιε.
1206 2537 1261 2589 in
1288 2536 1652 2608 Thessalonica
1694 2538 1865 2591 natale
1891 2540 1918 2567 ⁸
1948 2541 2147 2606 Agapes

647 2636 704 2684 et
729 2626 979 2691 Cltioniae,
1013 2626 1108 2678 sub
1135 2625 1455 2678 Diocletiano
1481 2642 1494 2676 :
1526 2640 1637 2691 quae
1665 2624 1830 2690 primo
1857 2625 1906 2675 in
1936 2638 2143 2677 carcere

651 2724 941 2775 maceratae,
972 2720 1144 2777 postea
1173 2710 1224 2763 in
1252 2712 1421 2777 ignem
1450 2712 1621 2764 missae
1650 2720 1803 2773 sunt;
1832 2710 2174 2779 sedintactte

648 2812 676 2849 a
718 2797 932 2851 flammis
978 2808 1091 2864 post.
1130 2797 1413 2851 orationem
1454 2798 1518 2850 ad
1561 2797 1722 2851 Deum
1761 2798 1924 2850 fusam
1941 2798 2147 2850 animas

649 2884 999 2938 reddiderunt.

719 2990 782 3043 V.
807 3029 824 3054 ,
871 2990 1045 3043 Natale
1092 2988 1329 3049 Patrrni,
1369 2988 1655 3052 Quintiani,
1689 2988 1925 3052 Victuris.
1960 2989 2020 3043 Β.
2042 3030 2059 3056 ,
2092 2990 2149 3046 ln

654 3058 876 3123 Egypto
907 3059 1074 3123 passio
1098 3057 1189 3111 SS.
1214 3056 1433 3109 Victoris
1455 3066 1507 3108 et
1530 3057 1795 3121 Stephani.
1828 3058 1880 3111 In
1907 3059 2149 3113 Armenia

652 3129 817 3180 natale
844 3128 935 3181 SS.
967 3124 1157 3177 Partiui
1176 3163 1191 3188 ,
1220 3124 1510 3187 Quintiani,
1542 3125 1785 3178 Secundi.

713 3236 768 3287 2.
796 3262 865 3276 --
894 3234 954 3287 lV
985 3233 1178 3287 Nonas.
1208 3232 1365 3284 Vacat
1393 3232 1563 3285 Barda.

713 3319 893 3374 Florus
929 3319 979 3372 in
1008 3319 1071 3371 Δ.
1100 3318 1161 3370 Τ.
1192 3317 1274 3381 L.,
1324 3316 1570 3398 Lugdunq
1622 3319 1789 3372 natale
1841 3318 1898 3374 8.
1927 3318 1955 3358 ι’
1984 3320 2146 3375 Niceti
2175 3331 2218 3392 ρ

649 3404 873 3474 episcopi
901 3412 954 3459 et
980 3403 1327 3458 confessoris:
1377 3406 1461 3471 qui
1508 3406 1585 3473 vir
1629 3408 1784 3459 totius
1826 3408 2142 3472 sanctitatis,

648 3492 1050 3546 conversationis
1094 3490 1434 3567 castissime,
1480 3490 1750 3544 charitatis
1794 3492 1999 3547 eximiae
2042 3496 2143 3547 vita

651 3582 945 3649 perfunctus
972 3586 1071 3631 est.
1212 3568 1269 3637 ‘1,

719 3667 799 3730 Β..
844 3667 1075 3735 Caesarea
1104 3664 1440 3735 Cappadociae
1490 3673 1517 3735 ἢ
1555 3665 1859 3719 Theodosia
1905 3668 2137 3735 virginis.

648 3737 734 3799 V.,
769 3736 822 3785 In
853 3735 1018 3787 Africa
1049 3733 1256 3784 Amsani
1279 3773 1293 3794 ,
1327 3732 1549 3784 Victoris
1587 3743 1640 3785 et
1676 3734 1895 3786 aliorum
1938 3732 2136 3789 decem.

650 3802 715 3856 Et
742 3800 982 3856 Marcelli.
1011 3799 1091 3863 8.,
1129 3798 1180 3851 In
1214 3800 1382 3869 Africa
1410 3800 1696 3869 nataleASS.
1724 3801 1989 3869 Amphiani
2010 3842 2023 3865 ,
2054 3803 2142 3855 Vi-

649 3872 804 3923 ctoris
832 3876 883 3921 et
908 3856 1119 3920 aliorum
1150 3880 1260 3919 atv.
1302 3867 1364 3920 Et
1402 3856 1519 3920 alibi
1549 3856 1864 3935 Marcellini,
1910 3856 2137 3933 Quiriaci

2253 2554 2367 2592 cum
2414 2542 2527 2593 aliis
2572 2557 2685 2595 sex.
2720 2544 2968 2609 Lugduno
3010 2544 3189 2599 Gallia:
3227 2548 3474 2609 depositio
3502 2548 3561 2603 S.
3592 2535 3730 2602 Niceri

2251 2609 2510 2679 episcopi.
2532 2609 2621 2679 Τ.ἱ
2664 2611 2857 2664 Eodem
2886 2614 2968 2665 die
3005 2613 3229 2665 Luxovio
3265 2617 3511 2679 depositio
3554 2616 3731 2669 Eusebi

2250 2675 2468 2728 abbatis.
2488 2677 2573 2741 A.,
2594 2678 2783 2731 Eodem
2806 2680 2886 2732 die
2906 2681 3083 2733 natalis
3102 2682 3159 2734 S.
3183 2679 3209 2718 ά
3231 2675 3402 2735 Maria
3421 2682 3731 2753 Egyptian.

2316 2764 2369 2816 5.
2396 2792 2464 2803 -
2489 2764 2553 2817 lll
2580 2766 2772 2819 Notus.
2806 2767 2962 2819 Vacat
2992 2768 3161 2821 Baeda.

2319 2847 2500 2902 Florus
2534 2850 2585 2901 in
2634 2854 2697 2903 Δ.
2752 2851 2815 2905 Τ.
2869 2852 2965 2915 L.,
3005 2854 3177 2905 Romae
3218 2854 3271 2907 S.
3308 2863 3330 2889 ε
3359 2854 3480 2908 Sixti
3522 2870 3658 2922 papa
3688 2869 3731 2909 et

2253 2936 2493 3003 martyris
2518 2938 2602 3002 qui
2638 2934 2655 2974 ί
2686 2937 2826 3008 [dum
2854 2940 3109 3001 cathedrae
3132 2940 3189 2992 Β.
3220 2939 3354 2993 Petri
3382 2941 3553 2994 Roma:
3578 2945 3733 2996 decem

2254 3023 2403 3076 annis
2431 3024 2761 3092 praesideret,
2787 3026 3053 3078 constituit
3079 3034 3132 3077 ut
3156 3028 3289 3079 intra
3313 3030 3559 3081 actionem
3586 3044 3736 3082 sacer-

2252 3109 2348 3163 dos
2379 3109 2629 3177 incipiens
2666 3112 2849 3180 populo
2877 3112 3117 3180 hymnum
3145 3112 3457 3177 decantaret,
3480 3115 3733 3169 videlicet:

2249 3195 2491 3261 Sanctus,
2519 3207 2745 3262 sanctus,
2775 3208 2983 3251 sanctus
3028 3197 3274 3252 Dominus
3322 3201 3452 3251 Deus
3496 3201 3733 3263 Sabaoth,

2256 3282 2397 3351 etc.]
2438 3285 2787 3353 martyrioque
2829 3294 3104 3344 coronatur
3148 3295 3379 3355 tempore
3424 3288 3536 3341 Veri
3563 3290 3735 3343 etAri-

2249 3369 2429 3422 niculi.

2316 3489 2402 3559 ρ..
2430 3487 3100 3559 ’[ltessalonicte_virginum
3126 3498 3161 3559 _8
3189 3493 3389 3559 Agapes
3419 3500 3471 3545 et
3506 3492 3734 3545 Chiorum.

2250 3555 2312 3626 _V.
2336 3556 2427 3626 β..
2460 3557 2511 3608 1η
2540 3556 2775 3626 Caesarea
2819 3555 3107 3626 Palaestina
3126 3555 3156 3594 ¹ι
3180 3555 3480 3611 Theodosia:
3506 3560 3699 3626 virginis
3724 3576 3735 3610 :

2250 3623 2301 3674 in
2332 3622 2624 3675 Nicomedia
2655 3624 2854 3675 Donati.
2904 3626 2966 3677 Τ.
2996 3628 3059 3676 A.
3102 3625 3183 3684 L.,
3228 3626 3283 3677 In
3322 3627 3552 3679 Ctesarea
3584 3622 3734 3679 Fata-

2248 3691 2396 3741 stinae
2419 3691 2587 3743 natale
2613 3690 2669 3742 8.
2701 3690 3001 3743 Theodosia:
3029 3692 3260 3746 virginis.
3307 3694 3369 3744 Et
3388 3697 3436 3745 in
3465 3694 3629 3746 Sicilia
3654 3708 3737 3743 na-

2246 3756 2465 3829 talgSS.
2506 3757 2787 3829 Eva_grii_e_t
2828 3758 3057 3829 genigni.
3216 3758 3294 3821 C.,
3323 3761 3379 3829 In
3412 3761 3430 3797 ί
3462 3763 3628 3814 Cilicia
3668 3758 3736 3829 [Β.

2244 3823 2449 3905 Sicilial
2486 3824 2793 3905 natalenSS.
2822 3823 3333 3905 r'ltho'rnmtEvagri.’
3367 3828 3447 3888 8.,

2244 3889 2383 3952 Rufi,
2415 3889 2636 3944 Patricii.
2664 3892 2727 3944 Et
2750 3889 2918 3957 passio
2940 3892 2996 3947 S.
3020 3893 3035 3942 i
3072 3889 3335 3961 Ampriani
3362 3905 3615 3963 martyris.

1989 3978 2186 4033 SMITH
2221 3976 2439 4031 NOTAE.

724 4076 744 4097 ‘
777 4070 992 4137 Agapes.
1022 4065 1108 4119 Hae
1139 4073 1389 4134 martyres
1418 4064 1467 4118 in
1497 4064 2144 4137 [lieronymi‘Martyrolo-

652 4138 740 4204 gio
763 4133 1021 4204 Heraclea:
1041 4133 1282 4204 dicuntur
1301 4147 1479 4204 passae.
1506 4133 1577 4204 De
1598 4133 1904 4204 martyribus
1925 4133 2152 4204 ejusdem

646 4200 867 4258 nominis
892 4201 1448 4254 Thessalonicensibus
1476 4201 1589 4253 vide
1616 4200 1748 4253 infra
1779 4202 1809 4251 5
1838 4202 2025 4255 Martii.

712 4271 738 4308 δ
772 4269 957 4322 Niceti.
986 4266 1150 4320 Nobili
1178 4280 1370 4333 genere
1399 4266 1485 4331 qui
1513 4276 1685 4331 natus,
1714 4269 1934 4321 clericus
1968 4268 2154 4321 litteris

2248 4064 2524 4138 juvenibus
2567 4065 2763 4138 aliquot
2800 4065 3203 4138 Hierosolymam
3245 4067 3484 4138 navigat,
3514 4069 3735 4134 turpiter-

2254 4131 2351 4201 que
2383 4133 2433 4183 in
2462 4131 2645 4201 itinere
2672 4139 2725 4184 et
2754 4135 2802 4185 in
2846 4134 2970 4186 urbe
3009 4131 3180 4185 sancta
3228 4148 3284 4186 se
3328 4131 3514 4201 gessit,
3544 4131 3668 4189 adeo
3689 4148 3735 4187 ut

2256 4199 2376 4269 hora
2408 4199 2693 4251 exaltandae
2738 4202 2909 4269 crucis
2947 4202 3189 4269 templum
3224 4199 3525 4269 ingressum
3565 4206 3733 4264 Maria,

2253 4268 2442 4333 sacpius
2480 4268 2681 4338 repulsa
2721 4278 2839 4330 est;
2883 4264 3099 4332 denique
3126 4264 3734 4338 ifaliga'llindignitatem

645 4338 872 4409 eruditus
890 4336 1312 4409 ,_presbyterque
1340 4334 1524 4409 factus.
1570 4333 1632 4409 S._
1662 4335 1915 4409 Sacerdos
1951 4335 2155 4409 Lugdu-
2179 4350 2231 4409 υ
2256 4347 2399 4409 suam
2426 4337 2687 4409 agnoscit,
2712 4344 2765 4409 et
2790 4349 2960 4409 coram
2989 4337 3206 4409 imagine
3328 4333 3549 4409 Virginis
3573 4351 3735 4409 elegi.

651 4408 825 4458 nensis
849 4400 1123 4467 episcopus
1150 4415 1267 4453 cum
1298 4401 1467 4467 morti,
1487 4400 1752 4464 proximus
1781 4401 1907 4465 fuit,
1941 4417 1969 4454 a
2007 4401 2152 4455 Chil-

647 4474 860 4525 deberto
906 4466 1083 4533 petivit
1132 4483 1281 4533 rege,
1330 4476 1384 4519 ut
1425 4466 1658 4520 Nicetius
1698 4467 1749 4519 in
1789 4481 1937 4519 suum
1982 4470 2149 4521 locum

648 4541 1083 4598 censtltueretnr;
1112 4544 1162 4585 et
1187 4537 1251 4585 ita
1282 4547 1400 4600 post
1428 4536 1486 4587 8.
1517 4535 1879 4600 Sacerdotem,
1924 4534 2153 4588 Nicetius

645 4616 846 4659 creatus
872 4602 967 4655 fuit
997 4615 1105 4653 xxv
1152 4600 1426 4667 episcopus
1468 4601 1846 4668 Lugdunensis.
1893 4602 2152 4656 Miraculis

645 4684 812 4726 autem
840 4680 893 4725 et
919 4671 1062 4721 vivus
1088 4676 1141 4721 et
1186 4677 1421 4719 mortuus
1463 4667 1773 4720 coruscavit.
1829 4668 1969 4723 Obiit
2010 4670 2149 4722 circa

646 4754 729 4793 an.
759 4740 879 4790 570.
910 4736 1123 4788 Ghinius
1163 4735 1430 4787 Senensis.

713 4816 735 4843 ο
765 4804 1071 4857 Theodosia.
1111 4800 1241 4854 Cum
1281 4802 1490 4868 quintus
1522 4799 1631 4867 jam
1670 4813 1835 4855 annus
1880 4802 2153 4856 Diocletia-

649 4889 759 4927 πεπρ
806 4870 1170 4935 persecutionis
1210 4868 1521 4936 volveretur,
1575 4868 1861 4918 fllieodosia
1903 4872 2045 4936 virgo
2086 4885 2152 4923 ex

647 4941 771 4991 urbe
797 4940 933 5007 Tyro
961 4936 1192 5007 oriunda,
1228 4935 1457 5007 nondum
1485 4936 1773 5007 octodecim
1804 4950 1967 4986 annos
1992 4935 2110 5007 nata
2132 4978 2147 5001 ,

649 5008 714 5056 ad
747 5001 938 5057 vinctos
973 5001 1220 5068 quosdam
1262 5001 1519 5065 accessit,
1565 5002 1651 5067 qui
1694 5009 1812 5051 ante
1858 5003 2151 5064 praetorium

651 5073 916 5125 sedebant.
962 5070 1074 5134 Quo
1121 5070 1291 5128 facto,
1342 5076 1583 5134 correpta
1626 5082 1655 5118 a
1702 5068 1945 5120 militibus
1989 5068 2152 5119 dedu-

652 5142 785 5192 citur
812 5140 871 5189 ad
904 5132 1187 5200 praesidem.
1234 5134 1325 5186 Ille
1365 5132 1641 5184 confestim
1669 5147 1783 5184 cum
1813 5149 1926 5185 eam
1954 5135 2151 5185 acerbis

652 5207 917 5259 tormentis
944 5204 1286 5254 excruciasset
1306 5241 1320 5263 ,
1351 5210 1404 5252 et
1434 5202 1593 5250 latera
1626 5200 1783 5262 ipsius
1826 5214 1887 5252 ac
1934 5200 2149 5266 papillas

650 5278 713 5325 ad
745 5274 851 5337 ipsa
880 5284 1037 5335 usque
1066 5283 1179 5320 ossa
1227 5268 1413 5337 ferreis
1457 5265 1660 5330 ungulis
1703 5265 2007 5337 e_xarasset,
2048 5268 2153 5332 spi-

650 5332 847 5393 rantem
876 5332 1041 5390 adhuc
1068 5343 1119 5386 et
1148 5337 1264 5385 laeto
1291 5336 1433 5387 vultu
1457 5342 1639 5385 cuncta
1673 5332 1972 5384 tolerantem
1995 5372 2009 5393 ,
2042 5347 2150 5384 ma-

652 5408 778 5459 rinis
804 5405 1037 5457 lluctibus
1066 5404 1223 5467 mergi
1264 5402 1441 5466 jussit.
1486 5399 1681 5452 Euseb.
1731 5397 1796 5449 de
1844 5399 2154 5466 Martyribus

650 5471 929 5543 Palaestina:
957 5485 1068 5543 CagP-
1099 5469 1149 5543 ἶ·
1245 5534 1255 5543 ,
1311 5533 1322 5543 .
1459 5533 1472 5543 .
1626 5531 1639 5543 .

725 5541 749 5578 ά
772 5539 965 5592 Marica.
997 5531 1285 5589 Duodennis
1311 5533 1418 5586 haec
1444 5531 1667 5586 deseruit
1697 5531 2154 5596 parentes,etAle-

661 5609 887 5663 xandria:
916 5620 1004 5674 per
1028 5618 1194 5659 annos
1222 5603 1282 5655 t7
1316 5600 1518 5670 publica
1557 5601 1804 5655 meretrix
1848 5600 1990 5657 visit.
2028 5601 2153 5654 Cum

2259 4400 2519 4468 dationem
2568 4401 2794 4468 pollicita
2834 4400 3116 4468 ingressum
3156 4401 3374 4454 obtinet.
3414 4400 3545 4453 Tum
3572 4405 3735 4468 gratiis

2255 4466 2665 4534 Deiparteactis,
2696 4466 3185 4520 monita'Jordanem
3213 4468 3448 4526 transire.
3467 4466 3734 4534 tres'paaes

2251 4534 2469 4585 assumit
2495 4533 2543 4584 in
2568 4534 2805 4585 viaticum
2828 4550 2841 4596 ;
2867 4543 2918 4586 et
2942 4536 3277 4591 sacramentis
3303 4539 3502 4587 munita
3522 4533 3733 4589 em

2263 4599 2622 4670 pe_tit,_ibique
2649 4598 2773 4651 vivit
2799 4601 2946 4670 annis
2983 4600 3046 4651 47
3078 4612 3384 4670 {mortuam
3424 4602 3642 4670 denique
3672 4618 3736 4656 sc-

2410 4666 2465 4746 S:
2495 4665 2701 4718 Zosima
2726 4668 3006 4720 monachus
3032 4668 3118 4732 qui
3146 4668 3311 4723 Vitam
3332 4670 3441 4736 ejus
3463 4665 3731 4739 descripsit.

2296 4735 2391 4787 but
2412 4748 2549 4786 circa
2575 4748 2660 4784 an.
2692 4732 2814 4785 521.
2846 4738 2970 4787 Acta
2998 4736 3129 4787 apud
3165 4736 3394 4787 Bolland.
3632 4752 3651 4780 ι

2296 4734 2391 4787 biit
2412 4734 2549 4786 circa
2575 4748 2660 4784 an.
2692 4732 2814 4799 521.
2846 4738 2970 4787 Acta
2998 4736 3129 4799 apud
3165 4732 3394 4787 Bolland.
3629 4732 3651 4780 ἶ

2337 4803 2359 4868 ξ
2389 4800 2665 4868 θωὴΎθΙ
2693 4798 2868 4868 Xysti,
2897 4804 2961 4853 de
2986 4798 3088 4867 quo
3118 4802 3233 4853 vide
3260 4802 3387 4853 infra
3412 4802 3445 4851 6
3467 4802 3673 4868 Aprilis.

2335 4858 2653 4984 {.lnterldum
2703 4858 2960 4920 cathedra:
3004 4858 3055 4920 et
3104 4868 3367 4933 Sabaoth,
3417 4858 3532 4921 etc."
3570 4872 3735 4924 dum

2339 4948 2417 4983 ma
2447 4947 2498 4984 in
2566 4970 2581 4984 .
3114 4980 3115 4984 η
3201 4963 3220 4980 .

2249 4935 2417 4985 Omnia
2447 4935 2498 4984 in
2524 4935 2581 4985 L.
3114 4980 3115 4985 η
3201 4963 3220 4980 ο

2324 5008 2349 5043 It
2371 5000 2580 5067 Agapes.
2609 4999 2681 5067 De
2707 4999 2785 5052 bis
2813 5000 2927 5053 vide
2953 4997 3212 5054 Kalendas
3240 4999 3449 5065 Aprilis.
3477 5002 3647 5057 Primo
3666 5002 3733 5055 bc

2251 5066 2459 5119 sorores
2488 5066 2710 5135 Dulcicio
2758 5069 2956 5133 praesidi
2989 5078 3329 5131 prmsentata,
3375 5070 3463 5135 qui
3504 5073 3729 5122 divinitas

2252 5139 2397 5184 actus
2425 5142 2503 5185 est
2532 5134 2582 5184 in
2608 5134 2854 5185 insaniam
2879 5149 2896 5197 ;
2940 5145 3116 5201 postea
3142 5136 3241 5188 sub
3276 5134 3502 5189 Sisiunio
3528 5138 3733 5203 pssies

2249 5209 2507 5251 (201⁵0021εὲ
2534 5210 2671 5251 sunt.

2317 5263 2344 5300 δ
2373 5264 2677 5335 Theodosia.
2704 5265 2839 5335 Quae
2867 5266 3021 5319 etiam
3052 5268 3221 5335 pridie
3263 5268 3474 5334 colitur,
3515 5267 3649 5323 false
3664 5275 3731 5322 ta-

2250 5344 2365 5385 men
2394 5334 2664 5385 ascribitur
2692 5331 2941 5386 Cresareae
2971 5335 3021 5385 in
3050 5331 3391 5399 Cappadocia.

2325 5399 2545 5452 IlSicilia
2586 5427 2655 5438 —
2695 5399 2887 5468 Cilicia.
2937 5402 3085 5468 Ado,
3138 5399 3437 5468 Usuadus,
3479 5400 3731 5468 Nam.

2253 5465 2401 5517 Bazda
2430 5478 2675 5529 excusus,
2716 5467 2767 5517 In
2797 5466 3029 5532 Scythia,
3059 5469 3271 5520 civitate
3299 5465 3533 5523 Themis.

2322 5531 2337 5580 i
2372 5532 2645 5610 Ampriqnt'.
2689 5531 3005 5610 Forsan__hic
3036 5534 3183 5610 idem
3207 5544 3289 5588 cst
3312 5548 3432 5593 eo.

2256 5609 2479 5667 martyre
2506 5599 2649 5664 Afro,
2678 5601 2760 5668 qui
2790 5601 2954 5670 pridie
2972 5601 3282 5658 celebratur.

3318 5906 3854 6226 Δ

3656 400 3749 449 8τὲ

3846 5494 3854 5619 1
