3888 6312
116 442 239 495 913

1239 432 1422 485 SECT.
1464 430 1520 480 ll.
1558 457 1623 466 —
1666 423 2198 477 MARTYROIANHA.

3180 406 3282 455 ιΜι

1382 536 1594 589 ΕΟιΤΙΟ
1633 532 2080 587 (IOLUNIENSIS.

119 642 296 694 idolis
324 640 617 698 immolare,
649 637 815 701 capite
865 634 984 685 caasi
1018 640 1157 682 sunt.
1191 631 1416 693 Quorum
1443 640 1659 691 corpora
1688 628 1735 684 Α
1769 622 1930 673 latri:e
1981 620 2238 679 sordibus,
2291 616 2561 670 ecclesiam
2615 614 2775 665 beata:
2824 623 3028 675 semper
3073 607 3283 673 virginis

118 734 310 795 rapuit
342 727 608 794 Auspicius
633 769 645 787 ,
677 723 953 782 discipulus
983 735 1157 770 eorum
1188 760 1201 777 ,
1226 721 1444 768 nutritor
1471 724 1664 764 sanch

122 818 359 881 virginis
413 815 702 870 llnntitillae,
756 819 806 859 et
858 808 906 858 in
938 818 1113 873 crypta
1146 804 1374 854 arcnaria
1407 800 1662 865 sepelivit.

120 905 266 957 item
319 908 394 952 via
446 900 668 959 Aurelia,
724 896 957 947 tnilliario
1006 890 1252 948 secundo,
1280 888 1446 938 natale
1503 885 1666 935 sancti

125 991 402 1042 Pancratii
432 987 698 1053 martyris;
727 984 813 1048 qui
843 998 957 1034 cum
982 991 1120 1033 esset
1153 990 1401 1029 annorum
1426 983 1669 1039 quatuor-

128 1079 341 1137 decim,
368 1080 461 1127 sub
488 1071 802 1124 Diocletiano
832 1067 1136 1133 martyrium
1176 1064 1356 1129 capitis
1399 1062 1669 1111 obtrunca-

136 1168 295 1216 tione
318 1163 613 1225 complevit,
646 1159 793 1225 cujus
840 1155 1178 1207 reverendum
1203 1166 1389 1217 corpus
1418 1148 1669 1200 Octavilla

122 1252 369 1306 illustris
402 1251 584 1300 fentina
626 1246 824 1299 occulte
854 1254 1005 1296 noctu
1048 1242 1304 1293 sublatum
1354 1236 1670 1289 aromatibus

104 1341 418 1392 .conditutn
465 1336 725 1399 sepelivit.
780 1334 967 1385 Eodem
1023 1332 1105 1382 die
1132 1332 1186 1384 Il.
1237 1328 1463 1394 Dionysii
1508 1325 1671 1390 patrui

127 1426 383 1489 ejusdem
418 1426 471 1475 Β.
509 1420 783 1481 Pancratii,
816 1420 961 1483 cuius
986 1418 1155 1468 studio
1186 1417 1321 1465 itlcnt
1374 1414 1671 1463 l‘ancralius

132 1520 196 1562 et
247 1512 557 1578 baptizatus,
582 1510 704 1559 etin
732 1510 913 1557 timore
963 1506 1048 1555 llei
1080 1504 1416 1561 cenfnrtatus,
1448 1500 1508 1550 ad
1539 1513 1674 1549 mar-

132 1603 341 1670 tyrium
390 1603 641 1650 animatus
683 1608 780 1648 est.
832 1595 977 1660 Apud
1032 1592 1252 1659 Cyprum
1305 1591 1468 1642 sancti
1517 1590 1675 1653 patris

135 1692 318 1743 nostri
362 1690 622 1755 lipiplianii
648 1685 919 1738 Salamina:
943 1683 1192 1747 episcOpi.

207 1778 279 1830 (ἑ.
316 1776 375 1828 Ill
406 1777 517 1828 Inus
543 1775 681 1826 Μιιι.
710 1801 775 1810 -—
799 1772 975 1822 Natale
1001 1776 1189 1819 sanctae
1243 1765 1416 1816 Maria:
1446 1764 1506 1814 ad
1540 1777 1673 1813 mar-

131 1873 311 1931 tyres.
360 1863 526 1913 [’hoca
581 1863 889 1926 imperatore
916 1860 1092 1910 beatus
1143 1852 1434 1905 Bonifacius
1467 1866 1593 1915 papa
1625 1852 1671 1900 in

1769 710 1964 771 Marim,
1995 719 2044 759 et
2072 710 2299 759 omnium
2330 716 2609 769 martyrum
2650 699 2931 758 dedicavit,
2960 698 3105 763 cujus
3136 696 3284 747 dedi-

1768 798 1986 849 rationis
2014 793 2358 846 sacratissima
2389 792 2501 843 dies
2550 792 2715 855 agitur
2764 787 2941 837 Retine
2985 784 3140 835 tertio
3171 782 3283 833 Idtts

1771 884 1905 936 Maii.
1939 884 2054 948 Ipso
2079 883 2162 934 die
2210 882 2373 931 sancti
2431 877 2647 931 Servatii
2698 875 2921 939 episcopi
2971 869 3286 935 Tungrensi»

1771 970 2033 1031 Ecclesim,
2065 968 2148 1034 qui
2180 978 2409 1031 tempore
2430 982 2529 1029 quo
2563 963 2725 1013 Ilunni
2766 958 3089 1011 Germaniam
3116 968 3286 1009 vasta-

1770 1061 1914 1125 bant,
1945 1075 2008 1111 ne
2036 1057 2256 1109 civitatis
2278 1066 2429 1121 atque
2474 1053 2715 1105 Ecclesia:
2760 1066 2865 1103 sua:
2914 1049 3109 1099 videret
3153 1048 3293 1099 exci-

1772 1148 1933 1210 dium,
1963 1146 2165 1199 Domini
2214 1144 2527 1196 revelatione
2566 1142 2933 1200 communitus,
2981 1137 3180 1191 transiit
3227 1137 3289 1187 ad

1772 1235 1938 1286 vicum
1965 1233 2395 1299 Trajectensium,
2422 1232 2591 1295 ibique
2616 1229 2906 1287 defunctus,
2933 1238 3084 1295 atque
3114 1227 3163 1279 in
3188 1241 3294 1279 tue-

1772 1320 1856 1371 dio
1887 1320 2073 1384 publici
2106 1318 2308 1384 aggeris
2337 1326 2413 1369 est
2442 1318 2687 1382 sepultus.
2741 1315 2819 1368 Ob
2874 1316 3020 1382 cujus
3050 1315 3290 1365 meritum

1776 1410 2066 1459 hominibus
2114 1408 2609 1467 demonstrandum,
2659 1422 2774 1456 cmn
2826 1417 3055 1466 lettlpore
3106 1404 3287 1455 hiemis

1773 1500 1944 1548 nntnia
1967 1499 2017 1548 in
2048 1497 2269 1549 circuitu
2298 1497 2380 1546 nix
2410 1496 2651 1560 repleret,
2701 1510 2956 1559 nunquam
2998 1495 3290 1557 sepulcrum

1776 1585 1887 1649 ejus
1908 1584 2111 1649 operuit
2136 1584 2219 1633 nix
2246 1596 2339 1634 nec
2385 1583 2575 1648 pluvia,
2618 1583 2780 1633 donec
2810 1596 2835 1631 a
2865 1593 3163 1633 successore
3199 1594 3292 1629 suo

1776 1682 1954 1724 sancto
1986 1671 2212 1724 Munulfo
2243 1673 2487 1738 episcopo
2519 1671 2762 1736 templum
2807 1684 3045 1731 magnum
3094 1668 3142 1719 in
3184 1667 3294 1733 ejus

1778 1762 1972 1812 honore
2004 1768 2355 1811 constructum
2385 1769 2485 1810 est.
2523 1759 2581 1809 Et
2634 1761 2799 1810 natale
2844 1756 3004 1809 sancti
3058 1754 3291 1822 Gangulfi

1778 1855 2037 1918 martyris,
2070 1861 2123 1904 et
2148 1853 2308 1903 sancti
2334 1851 2503 1902 Onesii
2529 1848 2858 1901 confessoris.

133 1950 315 2003 veteri
348 1952 485 2012 fana,
512 1947 644 2014 quod
670 1947 932 1999 Pantheon
955 1943 1254 2002 vocabatur,
1296 1940 1482 1990 ablatis
1513 1939 1673 1989 idolo-
1709 1934 1749 1989 Β
1846 1939 1908 1992 Α.
1934 1939 2080 1991 Prun.
2102 1938 2218 1991 locs
2244 1937 2645 1991 Mue—Sancti
2675 1936 2829 2001 patris
2848 1935 3005 1987 nostri
3036 1933 3291 1993 Paconiii;

1395 2043 1613 2097 ElllTlU
1652 2044 2131 2098 DOLLANDlANA.
2190 2036 2209 2081 ι’

215 2146 304 2199 15.
334 2175 401 2184 -
430 2144 489 2196 Ill
518 2143 651 2196 lnus.
685 2141 944 2193 Dedicatio
968 2139 1021 2192 S.
1054 2140 1078 2166 "
1108 2138 1276 2190 Maria:
1307 2137 1368 2187 ad
1402 2136 1671 2204 Martyres.

138 2232 359 2286 Eodem
382 2234 465 2285 die
497 2233 549 2284 S.
575 2229 815 2282 Servatii.

217 2321 402 2373 Florus
451 2324 498 2369 in
553 2321 614 2369 A.
646 2316 703 2369 Τ.
766 2316 849 2378 L.,
906 2316 1144 2381 Trajecto
1202 2314 1355 2364 Porto
1404 2313 1573 2365 natale
1617 2313 1673 2363 S.

141 2415 172 2452 ι’
205 2412 430 2465 Servatii
458 2408 707 2474 episcopi.
755 2407 844 2459 llic
873 2407 993 2458 dum
1043 2406 1105 2457 ad
1140 2405 1196 2455 Β.
1236 2403 1372 2455 Petri
1418 2404 1675 2467 apostolo

140 2513 265 2552 mm
296 2498 536 2563 principis
565 2497 856 2561 sepulcrum
885 2510 975 2561 pro
996 2494 1259 2559 ereptione
1290 2494 1460 2558 populi
1490 2490 1675 2542 Gallia-

138 2602 262 2639 rum
300 2586 515 2638 Domiuo
543 2586 872 2653 supplicaret,
928 2600 991 2635 ne
1017 2584 1079 2633 ab
1109 2583 1305 2634 Ilunnis
1332 2591 1671 2644 vastarentur,

138 2678 214 2731 ab
244 2679 359 2743 ipso
405 2677 661 2742 apostolo,
709 2683 766 2726 ut
810 2674 988 2737 fertur,
1036 2674 1230 2736 accepit
1272 2685 1573 2731 responsum
1623 2671 1672 2721 in

144 2769 262 2818 visu
290 2775 343 2818 et
370 2765 534 2830 ipsum
564 2766 667 2816 cito
713 2776 930 2827 corpore
979 2762 1339 2826 migraturum,
1388 2766 1440 2809 et
1482 2758 1671 2810 nullam

148 2855 436 2906 Galliarum
484 2853 661 2903 urbem
714 2859 898 2914 przeter
945 2849 1288 2907 ltletensinm,
1341 2857 1550 2919 propter
1593 2850 1665 2911 pi-

143 2958 309 3009 gnora
336 2943 391 2994 Β.
418 2942 659 3009 Stephani
707 2940 942 3006 Martyris
990 2938 1056 2990 ibi
1111 2938 1395 2996 recondita,
1446 2936 1671 2988 liberan-

142 3034 286 3085 dam.
1166 3016 1169 3019 I

216 3120 269 3171 In
298 3118 562 3169 Palmstiua
597 3126 616 3152 ε
645 3116 860 3176 Taraco,
891 3115 1041 3188 Probi
1069 3122 1121 3166 et
1149 3113 1427 3165 Andronici
1463 3112 1671 3177 (Hacte-

144 3224 242 3258 mu
269 3206 379 3273 A.).
420 3204 506 3270 qui
544 3205 637 3255 sub
684 3204 903 3253 Maximo
952 3202 1169 3269 praeside
1215 3211 1327 3266 post
1378 3200 1519 3265 plura
1567 3209 1670 3249 tor-

143 3306 319 3346 ntenta
349 3294 399 3344 in
426 3291 858 3354 amphitheatrum
890 3291 1120 3354 projecti,
1150 3304 1265 3340 cum
1296 3305 1322 3337 a
1357 3288 1533 3339 bestiis
1566 3301 1667 3338 non

144 3383 461 3434 laederentur
478 3419 490 3436 ,
522 3378 702 3445 gladiis
730 3387 849 3429 sunt
873 3378 1123 3443 deputati.

218 3468 377 3526 Ideni,
404 3467 699 3524 ntvidetnr.
737 3465 827 3516 sed
872 3466 921 3514 in
968 3466 1080 3515 solo
1101 3463 1160 3515 Τ.
1191 3481 1200 3512 :
1244 3463 1355 3529 Ipso
1386 3463 1465 3513 die
1497 3462 1667 3525 passio

144 3558 205 3607 ὃ.
235 3554 259 3588 ά
295 3554 441 3605 lMucii
475 3552 754 3619 presbyteri
784 3566 797 3601 :
846 3551 932 3616 qui
968 3565 1145 3615 passus
1167 3560 1246 3601 est
1277 3550 1323 3600 in
1375 3549 1666 3614 Amphipoli

147 3642 377 3703 civitate,
407 3643 500 3691 sub
528 3640 767 3691 Laodicio
792 3648 842 3690 et
870 3639 1090 3689 Maximo
1132 3638 1540 3702 proconsulibus.
1573 3639 1668 3701 Qui

143 3731 320 3795 jussus
349 3743 424 3781 est
451 3730 613 3794 primo
641 3728 881 3794 suspendi
926 3738 977 3779 et
1020 3728 1321 3795 exungnlari
1357 3742 1484 3792 pene
1513 3742 1671 3791 usque

1470 3832 1663 3885 SMITll

223 3934 246 3960 ⁸
278 3926 473 3978 Merita.
506 3925 753 3976 Baronius
783 3925 831 3975 in
864 3924 1220 3991 Martyrologio
1256 3922 1352 3991 hoc
1373 3922 1525 3973 modo
1555 3937 1662 3991 rem

152 3998 406 4058 explicat:
458 3994 631 4044 nonne
670 3992 927 4043 Dedicatio
978 3990 1211 4043 ecclesia:
1263 3990 1465 4043 Sancta:
1495 3990 1662 4040 Maria:

152 4066 217 4114 ad
249 4063 514 4129 Martyres,
547 4075 699 4125 quam
734 4061 788 4111 li.
838 4059 1129 4129 Bonifacius
1180 4060 1309 4124 Papa
1350 4058 1443 4129 VIV_,
1484 4073 1669 4129 expur-

152 4140 270 4191 μθιο
298 4125 508 4181 deorum
559 4143 783 4178 onttntnn
830 4129 988 4178 veteri
1043 4128 1180 4187 fano,
1226 4128 1358 4189 quod
1408 4125 1668 4176 Pantheon

153 4198 451 4253 vocabatur,
499 4196 547 4246 in
590 4197 834 4244 honorent
885 4195 941 4245 Β.
972 4208 1175 4259 semper
1229 4193 1447 4258 Virginis
1502 4193 1671 4243 Maria:

152 4276 207 4317 et
241 4267 467 4314 omnium
494 4263 772 4329 Martyrum
799 4261 1075 4325 dedicavit,
1104 4272 1332 4326 tempore
1359 4260 1542 4313 Placete
1574 4260 1670 4311 Int-

154 4333 426 4398 pcratoris.

226 4404 248 4435 ι)
277 4400 503 4453 Servun'i.
539 4398 773 4463 Episcopi
791 4396 1107 4462 Tungrensis
1128 4406 1179 4449 et
1207 4397 1537 4448 confessoris.
1571 4397 1667 4460 Qui

1775 2135 1835 2186 ad
1861 2150 1974 2186 ossa
2002 2153 2012 2185 :
2042 2133 2227 2185 deinde
2258 2133 2442 2183 missus
2468 2136 2549 2182 est
2572 2131 2622 2181 in
2652 2130 2911 2181 caminum
2944 2128 3073 2197 ignis
3102 2129 3290 2181 arden-

1778 2224 1877 2274 tis:
1910 2223 2027 2273 inde
2056 2223 2243 2273 virtute
2291 2220 2489 2271 Domini
2536 2218 2726 2269 illmsns
2773 2219 2974 2281 exiens,
3021 2217 3120 2270 sub
3165 2218 3294 2270 duas

1775 2320 1912 2361 rotas
1937 2308 2173 2368 mittitur,
2208 2316 2260 2357 ut
2291 2306 2557 2357 volventes
2585 2304 2870 2355 dividerent
2893 2304 3121 2355 membra
3138 2304 3289 2371 ejus:

1773 2398 1957 2464 quibus
1986 2396 2185 2455 solutis,
2214 2394 2489 2445 novissime
2516 2390 2684 2458 gladio
2714 2390 2927 2442 traditus
2952 2399 3051 2442 est.

1845 2484 1929 2537 M.
1954 2512 2019 2524 —
2044 2484 2081 2535 ll
2110 2484 2239 2535 lous.
2265 2481 2440 2535 Sancti
2473 2480 2638 2532 Patris
2666 2479 2824 2531 nostri
2858 2478 3172 2539 °Pachomii.
3200 2480 3287 2546 qui

1773 2592 1887 2628 cum
1910 2584 2046 2629 esset
2074 2575 2220 2627 factis
2239 2573 2537 2640 apostolica:
2561 2574 2736 2638 gratia:
2767 2572 2997 2637 insignis,
3024 2572 3287 2625 fundator-

1772 2680 1871 2731 ψιθ
1916 2663 2119 2731 [Εεγριί
2171 2662 2549 2723 ctenobiorunt,
2598 2662 2804 2726 scripsit
2860 2662 3289 2713 monasteriorum

1772 2751 1993 2819 regulas,
2044 2763 2169 2817 quas
2192 2750 2376 2815 angelo
2396 2748 2621 2800 dictante
2649 2747 2894 2800 didicerat
2921 2764 2935 2799 :
2970 2748 3122 2799 simul
3146 2759 3197 2801 et
3223 2748 3288 2801 de

1774 2851 2002 2906 tempore
2032 2838 2282 2891 Paschali.
2333 2837 2447 2903 Ipso
2486 2836 2572 2888 die
2599 2836 2649 2887 in
2674 2835 2820 2904 Syria
2851 2836 3032 2887 natalis
3061 2834 3082 2872 ί
3116 2834 3290 2889 Victo-

1773 2928 1841 2977 ris
1871 2939 1922 2977 et
1950 2926 2164 2979 Cornute
2191 2925 2285 2977 sub
2317 2924 2578 2976 Antonino
2610 2926 2937 2987 imperatore,
2983 2923 3114 2975 duce
3135 2924 3288 2976 Alex-

1770 3014 1962 3065 andria:
2009 3013 2332 3068 Sebastiano.
2389 3010 2665 3079 (Hactenus
2706 3010 2795 3077 A.)
2835 3010 2959 3061 Erat
3001 3020 3171 3063 autem
3203 3010 3289 3064 γί.

1769 3114 1880 3158 ctor
1909 3102 2057 3155 miles
2085 3119 2112 3153 a
2152 3103 2347 3167 Cilicia,
2389 3102 2471 3154 cui
2515 3102 2843 3155 Sebastianus
2889 3102 2938 3155 in
2968 3102 3291 3156 confessione
3324 3156 3333 3163 ,

1771 3194 1886 3247 fldei
1917 3192 2167 3259 confringi
2197 3192 2387 3260 digitos
2414 3203 2464 3245 et
2504 3192 2619 3245 velli
2664 3190 2816 3259 jussit
2854 3206 2881 3243 a
2910 3201 3045 3245 cute.
3095 3192 3290 3245 Deinde

1770 3282 1911 3334 illum
1938 3282 2089 3348 jussit
2114 3283 2162 3331 in
2193 3281 2448 3332 caminum
2493 3279 2623 3346 ignis
2652 3280 2805 3342 mitti,
2856 3280 2940 3332 ubi
2972 3282 3142 3334 triduo
3170 3296 3288 3348 per—
3314 3314 3319 3319 ο

1773 3386 1987 3423 manens
2017 3385 2116 3421 non
2144 3380 2223 3422 est
2252 3370 2425 3421 laesus.
2480 3367 2674 3421 Deinde
2706 3383 2955 3422 venenum
2983 3368 3161 3422 bibere
3180 3367 3289 3437 jus~

1773 3473 1879 3517 sus,
1904 3472 2003 3509 non
2034 3464 2115 3509 est
2143 3467 2393 3517 mortuus,
2426 3454 2516 3507 sed
2546 3455 2825 3507 veneficum
2856 3455 3028 3521 potius
3049 3456 3110 3508 ad
3136 3457 3289 3510 fidem

1776 3553 2047 3605 convertit.
2090 3552 2281 3605 Deinde
2307 3552 2509 3618 jnssum
2538 3561 2618 3601 est
2662 3564 2848 3602 nervos
2875 3550 3107 3617 corporis
3137 3549 3294 3617 ipsius

1780 3640 1887 3690 tolli
1915 3640 1933 3689 ἐ
1957 3639 2140 3692 deinde
2164 3638 2334 3691 oleum
2375 3638 2593 3691 bulliens
2629 3637 2761 3689 mitti
2785 3638 2833 3688 in
2863 3637 3112 3702 pudendis
3161 3637 3290 3703 ejus.

1778 3734 1802 3770 ι
1836 3726 1957 3777 Post
1998 3726 2104 3778 bare
2143 3726 2295 3792 jussit
2340 3725 2581 3778 ardentes
2630 3724 2891 3791 lampades
2934 3739 3185 3792 suspenso
3229 3725 3293 3778 ad

1728 3833 1947 3885 ΝΟΤΛΕ.

1774 3926 1931 3975 solue.
1980 3920 2209 3991 Denique
2240 3922 2529 3985 triumphus
2561 3922 2614 3975 S.
2657 3921 2883 3991 Servatii
2910 3922 3152 3975 recolitur
3192 3923 3296 3979 Do-

1780 3992 1961 4043 minica
1992 3990 2150 4053 prima
2180 3992 2322 4044 Julii.
2355 3992 2602 4045 Mouaus
2625 3991 2688 4043 de
2716 3990 2919 4044 Sanctis
2948 3993 3121 4058 Delgii.

1850 4070 1871 4096 ε
1904 4059 2109 4111 Taraco.
2146 4060 2217 4111 De
2244 4060 2323 4109 bis
2350 4061 2467 4111 vide
2493 4060 2620 4110 infra
2646 4075 2660 4110 ι
2686 4060 2937 4110 Octobris.

1845 4126 1870 4162 ιι
1900 4126 2071 4177 Mucii.
2105 4128 2193 4177 llic
2212 4129 2499 4195 presbyter
2542 4126 2633 4177 fuit
2660 4127 3089 4195 Amphipolitanze
3117 4127 3296 4180 Eccle-

1775 4194 1898 4253 si;c,
1946 4205 2185 4257 parentes
2208 4194 2397 4245 habuit
2422 4194 2759 4258 Euphratium
2788 4204 2839 4245 et
2873 4195 3189 4246 Eustatltiam
3232 4213 3297 4249 ett

1775 4262 1933 4313 veteri
1962 4260 2122 4313 Roma
2150 4263 2416 4316 oriundos.
2464 4262 2756 4327 Amphipoli
2789 4269 2957 4313 autem
2992 4262 3164 4315 multis
3191 4278 3301 4328 pce-

1778 4331 1854 4380 nis
1884 4328 2104 4381 afflictus
2132 4343 2241 4392 est;
2287 4346 2402 4381 cum
2429 4340 2599 4381 autem
2628 4331 2895 4382 universus
2924 4331 3139 4395 populus
3168 4346 3297 4383 con-

1778 4398 2029 4449 clamaret
2074 4412 2193 4450 eum
2223 4398 2579 4450 dimittendum
2608 4412 2742 4458 esse,
2786 4398 3092 4449 amandatns
3121 4407 3201 4450 est
3232 4399 3299 4452 ad

154 4480 329 4520 contra
350 4444 655 4530 Euphratem
678 4444 1173 4528 pseudoefiiscopttm
1198 4444 1665 4517 sententiamSitam
1700 4444 1744 4499 ί)
2612 4444 3293 4531 ἶιὶῗιιὲηι”⁷⁵ᾗὲἓέἱίὲέ,ἬιΕὲ

157 4538 371 4599 protulit
416 4536 467 4585 itt
495 4535 712 4586 concilio
746 4534 1026 4598 Agrippino
1053 4547 1191 4583 anno
1234 4531 1334 4583 546
1381 4533 1664 4584 celebrato.

158 4604 365 4654 Multum
394 4612 560 4653 autem
589 4600 721 4651 inter
750 4600 926 4652 Gallia:
955 4601 1229 4665 episeopos
1257 4600 1489 4649 laudatur
1508 4615 1534 4648 a
1558 4601 1671 4651 Sul-

158 4668 283 4735 pitio
306 4671 496 4720 Severo
547 4678 721 4717 noster
748 4667 1029 4727 Servatius,
1062 4669 1148 4727 uui
1180 4668 1397 4718 Arimini
1424 4668 1577 4717 minis
1621 4678 1673 4719 et

160 4738 413 4789 terriculis
444 4738 745 4787 Arianorum
787 4749 885 4785 non
913 4735 1092 4795 cessit,
1120 4735 1210 4785 sed
1238 4746 1411 4785 contra
1437 4749 1528 4785 eos
1554 4735 1670 4787 fidei

159 4805 497 4870 professiones
520 4804 697 4855 edidit.
731 4801 831 4855 Sed
862 4812 912 4853 et
937 4802 1244 4852 Athanasius
1287 4803 1535 4865 praeclare
1560 4801 1672 4867 ejus

160 4873 408 4924 meminit.
439 4872 757 4937 Magnentius
783 4871 977 4935 legatus
996 4870 1293 4920 mittebatur
1312 4885 1339 4919 a
1369 4872 1673 4921 Constantio

159 4940 223 4991 ad
254 4940 583 4990 Constantem
610 4940 839 4990 fratrem.
872 4938 920 4988 ls
946 4948 1197 5005 tyrannus
1225 4938 1558 4989 Constantem
1586 4953 1673 4989 oc-

157 5006 297 5066 cidit,
329 5016 381 5057 et
405 5006 696 5059 Occidentis
721 5006 991 5072 imperium
1022 5019 1160 5055 anno
1189 5006 1288 5057 550
1318 5007 1670 5071 Augustuduni

161 5076 443 5140 occupavit.
492 5073 773 5125 Accusatus
826 5084 904 5125 est
949 5078 1123 5124 statim
1174 5073 1486 5125 Athanasius
1532 5074 1671 5138 quod

160 5159 273 5195 cum
316 5142 605 5208 Magnentio
652 5142 814 5201 egerit
862 5141 925 5192 de
972 5140 1324 5191 interficiendo
1370 5142 1670 5191 Curistante.

160 5210 303 5263 Unde
327 5207 825 5261 adConstantinum
870 5208 1157 5272 apologiam
1201 5207 1445 5272 scripsit:
1502 5210 1549 5258 in
1576 5223 1670 5270 qua

159 5279 291 5329 inter
334 5286 490 5329 testes
520 5276 823 5342 innocentia:
848 5289 953 5325 sum
984 5278 1203 5339 primum
1234 5276 1464 5327 nominat
1489 5278 1672 5329 Serva-

162 5348 283 5397 tinm
326 5346 653 5409 episcopum,
702 5343 786 5409 qui
834 5345 895 5393 ad
941 5342 1273 5394 Constantem
1319 5344 1596 5407 aliquando
1644 5360 1670 5393 a

164 5412 412 5463 Maxentio
438 5428 530 5475 pro
558 5415 723 5478 legato
772 5410 955 5460 missus
992 5412 1176 5461 fuerat.
1224 5411 1419 5461 Natalis
1454 5412 1671 5465 Servatii

162 5480 309 5529 hodie
338 5480 663 5539 celebratur;
714 5480 827 5528 dies
857 5478 1212 5529 translationis
1240 5481 1465 5535 septimo
1494 5479 1629 5528 Junii
1657 5496 1669 5537 ;

162 5546 343 5600 fesmm
390 5546 624 5608 visionis,
667 5562 818 5610 quam
853 5546 1027 5597 ltomm
1074 5547 1249 5595 habuit
1298 5546 1365 5597 de
1394 5544 1670 5596 Galliarum

162 5614 376 5674 exordio,
400 5614 573 5665 incidit
602 5615 651 5665 in
680 5616 817 5663 diem
850 5614 1273 5664 Annuntiationis
1308 5614 1529 5674 Ilomini,
1580 5615 1672 5663 sed

163 5682 503 5750 transponitur
541 5682 591 5733 in
632 5681 767 5734 diem
795 5681 1116 5735 Dominicutn
1161 5692 1274 5749 post
1320 5692 1529 5735 octavas
1571 5679 1669 5733 Pa-

1770 4546 1905 4584 nunc
1949 4533 2192 4585 Heraclea
2233 4534 2438 4597 dicitur,
2478 4545 2630 4599 atque
2677 4534 2798 4587 inde
2841 4534 3157 4601 Byzantium,
3211 4534 3296 4586 ubi

1769 4602 1933 4666 capite
1962 4602 2138 4667 plexos
2166 4613 2264 4654 est.
2296 4605 2479 4654 Postea
2511 4598 2768 4653 exstructa
2799 4598 2926 4652 illi'a
2953 4598 3292 4653 Constantino

1771 4683 1957 4731 magno
1987 4668 2097 4719 :cde
2126 4670 2569 4735 splendidissima,
2622 4674 2669 4727 in
2699 4670 2835 4719 illam
2871 4670 3155 4719 translatus
3198 4679 3296 4721 est.

1773 4736 1957 4788 Passus
2006 4748 2083 4788 est
2129 4741 2225 4787 sub
2268 4738 2601 4790 Diocletiano.
2656 4735 2823 4789 Grteci
2873 4751 2988 4787 eum
3020 4738 3195 4789 colunt
3244 4750 3297 4791 ιι

1771 4804 1907 4855 Maii.
1938 4805 2258 4863 Bocuaous,
2288 4805 2371 4857 die
2398 4820 2448 4855 ιι
2477 4804 2611 4855 Maii.

1842 4878 1863 4899 ε’
1895 4872 2168 4922 Par/tondi.
2229 4873 2549 4924 Sozomeuus
2598 4874 2651 4924 in
2680 4873 2806 4925 Hist.
2868 4872 3003 4925 Eccl.
3061 4872 3161 4937 (ut,
3214 4872 3304 4938 l5)

1770 4940 1947 4991 scribit
1989 4941 2318 4997 l’achomium
2354 4940 2508 4993 fuisse
2526 4940 2939 4993 Tabennensinm
2965 4940 3013 4991 in
3038 4939 3303 4991 Thebaide

1770 5010 2139 5058 monachorum
2188 5017 2452 5060 auctorem
2490 5019 2539 5059 et
2585 5010 2954 5071 institutorem,
3007 5008 3156 5059 initio
3183 5010 3295 5073 qui-

1769 5082 1886 5124 dem
1916 5076 2080 5125 solutn
2124 5076 2172 5125 in
2200 5081 2441 5138 Spelunca
2488 5077 2900 5141 philosophatum
2934 5091 3068 5136 esse,
3121 5086 3296 5141 postea

1772 5156 1892 5192 vero
1920 5146 2157 5209 angelum
2196 5146 2243 5197 ei
2284 5155 2615 5209 apparentem
2660 5147 2922 5196 monuisse
2966 5156 3018 5195 ut
3059 5145 3293 5208 juniores

1772 5212 2051 5262 monachos
2076 5211 2381 5279 colligeret;
2431 5226 2587 5277 porro
2612 5214 2835 5263 tabulam
2865 5212 3071 5263 dedisse
3107 5212 3151 5260 ei
3183 5225 3297 5279 qua)

1770 5278 2049 5329 etiamnum
2081 5280 2371 5332 cusmditur
2400 5295 2427 5329 a
2476 5280 2761 5332 monachis.
2821 5282 2943 5343 Ejus
2973 5280 3098 5329 Acta
3128 5278 3301 5328 decla~

1774 5356 1886 5413 rant
1916 5361 2033 5397 eum
2060 5347 2353 5400 defunctum
2386 5361 2523 5407 esse,
2578 5351 2789 5413 quando
2822 5352 2876 5400 S.
2912 5350 3223 5399 Athanasius
3251 5347 3301 5398 in

1774 5412 2057 5466 licclesiam
2086 5429 2231 5465 suam
2259 5430 2495 5468 reversus
2523 5428 2621 5479 est,
2652 5432 2788 5467 anno
2817 5430 2891 5467 sc.
2920 5415 3041 5467 349.

1773 5546 1818 5599 Μ
1847 5482 2126 5559 ίῑίὶειονὶε.
2181 5483 2427 5550 Martyres
2479 5484 2527 5535 ht
2576 5500 2731 5551 supra
2773 5488 3011 5538 coluntur
3054 5498 3143 5535 vttt
3188 5484 3300 5537 lial.

1822 5562 1909 5599 an.

1847 5621 1869 5655 ε
1904 5618 2064 5672 Verba
2098 5630 2203 5683 post
2226 5619 2327 5672 hwc
2357 5634 2517 5686 usque
2553 5622 2612 5671 ad
2646 5622 2805 5685 capite
2842 5622 3077 5687 suspendi
3108 5637 3209 5672 om.
3243 5620 3298 5670 ιι.
