  <div class='ocr_page' id='page_1' title='image "/cluster/home/n/w/nwhite01/storage/ocr_20150623/94/uva.x000827077/468.png"; bbox 0 0 3888 6348; ppageno 0'>
   <div class='ocr_carea' id='block_1_1' title="bbox 168 438 281 491">
    <p class='ocr_par' dir='ltr' id='par_1_1' title="bbox 168 438 281 491">
     <span class='ocr_line' id='line_1_1' title="bbox 168 438 281 491; baseline -0.035 0"><span class='ocrx_word' id='word_1_1' title='bbox 168 438 281 491; x_wconf 71' lang='lat'><strong>9‘2!</strong></span> 
     </span>
    </p>
   </div>
   <div class='ocr_carea' id='block_1_2' title="bbox 1274 433 2249 487">
    <p class='ocr_par' dir='ltr' id='par_1_2' title="bbox 1274 433 2249 487">
     <span class='ocr_line' id='line_1_2' title="bbox 1274 433 2249 487; baseline -0.001 -2"><span class='ocrx_word' id='word_1_2' title='bbox 1274 433 1459 487; x_wconf 85' lang='lat' dir='ltr'><strong>SECT.</strong></span> <span class='ocrx_word' id='word_1_3' title='bbox 1503 434 1562 487; x_wconf 91' lang='lat' dir='ltr'><strong>II.</strong></span> <span class='ocrx_word' id='word_1_4' title='bbox 1606 463 1667 471; x_wconf 86' lang='lat'><strong>——</strong></span> <span class='ocrx_word' id='word_1_5' title='bbox 1708 433 2249 487; x_wconf 60' lang='lat' dir='ltr'><strong>MHITYIIOIJMILL</strong></span> 
     </span>
    </p>
   </div>
   <div class='ocr_carea' id='block_1_3' title="bbox 1427 518 2130 572">
    <p class='ocr_par' dir='ltr' id='par_1_3' title="bbox 1427 518 2130 572">
     <span class='ocr_line' id='line_1_3' title="bbox 1427 518 2130 572; baseline 0.003 -5"><span class='ocrx_word' id='word_1_6' title='bbox 1427 518 1645 569; x_wconf 81' lang='lat' dir='ltr'><strong>EDITII)</strong></span> <span class='ocrx_word' id='word_1_7' title='bbox 1684 518 2130 572; x_wconf 68' lang='lat' dir='ltr'><strong>(ZOLIINIENSIS.</strong></span> 
     </span>
    </p>
   </div>
   <div class='ocr_carea' id='block_1_4' title="bbox 3216 423 3321 481">
    <p class='ocr_par' dir='ltr' id='par_1_4' title="bbox 3216 423 3321 481">
     <span class='ocr_line' id='line_1_4' title="bbox 3216 423 3321 481; baseline 0.038 -4"><span class='ocrx_word' id='word_1_8' title='bbox 3216 423 3321 481; x_wconf 62' lang='lat'><strong>9‘23</strong></span> 
     </span>
    </p>
   </div>
   <div class='ocr_carea' id='block_1_5' title="bbox 177 598 3322 674">
    <p class='ocr_par' dir='ltr' id='par_1_5' title="bbox 177 598 3322 674">
     <span class='ocr_line' id='line_1_5' title="bbox 177 598 3322 674; baseline -0.001 -20"><span class='ocrx_word' id='word_1_9' title='bbox 177 606 358 671; x_wconf 78' lang='lat' dir='ltr'><strong>virgo,</strong></span> <span class='ocrx_word' id='word_1_10' title='bbox 388 619 531 667; x_wconf 58' lang='lat' dir='ltr'><strong>atque</strong></span> <span class='ocrx_word' id='word_1_11' title='bbox 562 604 900 662; x_wconf 77' lang='lat' dir='ltr'><strong>sanctissima,</strong></span> <span class='ocrx_word' id='word_1_12' title='bbox 948 601 1248 652; x_wconf 86' lang='lat' dir='ltr'><strong>duodecima</strong></span> <span class='ocrx_word' id='word_1_13' title='bbox 1301 601 1558 653; x_wconf 72' lang='lat' dir='ltr'><strong>Kalendas</strong></span> <span class='ocrx_word' id='word_1_14' title='bbox 1600 608 1698 651; x_wconf 78' lang='lat' dir='ltr'><strong>Au-</strong></span> <span class='ocrx_word' id='word_1_15' title='bbox 1732 603 2033 674; x_wconf 66' lang='lat' dir='ltr'><strong>AClIl‘lSiIIS</strong></span> <span class='ocrx_word' id='word_1_16' title='bbox 2080 604 2235 655; x_wconf 82' lang='lat' dir='ltr'><strong>Filius</strong></span> <span class='ocrx_word' id='word_1_17' title='bbox 2288 603 2393 655; x_wconf 87' lang='lat' dir='ltr'><strong>Dei.</strong></span> <span class='ocrx_word' id='word_1_18' title='bbox 2454 603 2512 654; x_wconf 87' lang='lat' dir='ltr'><strong>Et</strong></span> <span class='ocrx_word' id='word_1_19' title='bbox 2563 618 2677 654; x_wconf 92' lang='lat' dir='ltr'><strong>cum</strong></span> <span class='ocrx_word' id='word_1_20' title='bbox 2728 604 2835 652; x_wconf 78' lang='lat' dir='ltr'><strong>Itzec</strong></span> <span class='ocrx_word' id='word_1_21' title='bbox 2882 602 3116 662; x_wconf 79' lang='lat' dir='ltr'><strong>dixisset,</strong></span> <span class='ocrx_word' id='word_1_22' title='bbox 3147 598 3322 665; x_wconf 82' lang='lat' dir='ltr'><strong>gladio</strong></span> 
     </span>
    </p>
   </div>
   <div class='ocr_carea' id='block_1_6' title="bbox 174 692 1709 759">
    <p class='ocr_par' dir='ltr' id='par_1_6' title="bbox 174 692 1709 759">
     <span class='ocr_line' id='line_1_6' title="bbox 174 692 1709 759; baseline -0.002 -15"><span class='ocrx_word' id='word_1_23' title='bbox 174 696 350 759; x_wconf 73' lang='lat' dir='ltr'><strong>gusti,</strong></span> <span class='ocrx_word' id='word_1_24' title='bbox 382 706 434 746; x_wconf 88' lang='lat' dir='ltr'><strong>et</strong></span> <span class='ocrx_word' id='word_1_25' title='bbox 464 698 567 755; x_wconf 81' lang='lat' dir='ltr'><strong>ipsa</strong></span> <span class='ocrx_word' id='word_1_26' title='bbox 589 708 703 743; x_wconf 90' lang='lat' dir='ltr'><strong>cum</strong></span> <span class='ocrx_word' id='word_1_27' title='bbox 733 706 909 742; x_wconf 88' lang='lat' dir='ltr'><strong>sorore</strong></span> <span class='ocrx_word' id='word_1_28' title='bbox 949 692 1098 756; x_wconf 71' lang='lat' dir='ltr'><strong>juxta</strong></span> <span class='ocrx_word' id='word_1_29' title='bbox 1147 701 1341 755; x_wconf 98' lang='lat' dir='ltr'><strong>patrem</strong></span> <span class='ocrx_word' id='word_1_30' title='bbox 1372 701 1599 741; x_wconf 87' lang='lat' dir='ltr'><strong>sanctum</strong></span> <span class='ocrx_word' id='word_1_31' title='bbox 1632 706 1709 741; x_wconf 79' lang='lat' dir='ltr'><strong>se-</strong></span> 
     </span>
    </p>
   </div>
   <div class='ocr_carea' id='block_1_7' title="bbox 179 779 1709 846">
    <p class='ocr_par' dir='ltr' id='par_1_7' title="bbox 179 779 1709 846">
     <span class='ocr_line' id='line_1_7' title="bbox 179 779 1709 846; baseline -0.002 -15"><span class='ocrx_word' id='word_1_32' title='bbox 179 785 358 846; x_wconf 79' lang='lat' dir='ltr'><strong>pulta.</strong></span> <span class='ocrx_word' id='word_1_33' title='bbox 379 784 491 842; x_wconf 74' lang='lat' dir='ltr'><strong>Ipso</strong></span> <span class='ocrx_word' id='word_1_34' title='bbox 520 782 601 832; x_wconf 67' lang='lat' dir='ltr'><strong>d-‘e</strong></span> <span class='ocrx_word' id='word_1_35' title='bbox 626 780 760 831; x_wconf 92' lang='lat' dir='ltr'><strong>beati</strong></span> <span class='ocrx_word' id='word_1_36' title='bbox 783 779 1044 838; x_wconf 79' lang='lat' dir='ltr'><strong>Pudentis,</strong></span> <span class='ocrx_word' id='word_1_37' title='bbox 1063 780 1221 843; x_wconf 89' lang='lat' dir='ltr'><strong>patris</strong></span> <span class='ocrx_word' id='word_1_38' title='bbox 1241 794 1416 829; x_wconf 88' lang='lat' dir='ltr'><strong>earum</strong></span> <span class='ocrx_word' id='word_1_39' title='bbox 1442 780 1709 839; x_wconf 61' lang='lat' dir='ltr'><strong>virginum.</strong></span> 
     </span>
    </p>
   </div>
   <div class='ocr_carea' id='block_1_8' title="bbox 183 864 1707 921">
    <p class='ocr_par' dir='ltr' id='par_1_8' title="bbox 183 864 1707 921">
     <span class='ocr_line' id='line_1_8' title="bbox 183 864 1707 921; baseline -0.004 -2"><span class='ocrx_word' id='word_1_40' title='bbox 183 869 328 919; x_wconf 87' lang='lat' dir='ltr'><strong>Item</strong></span> <span class='ocrx_word' id='word_1_41' title='bbox 358 870 531 918; x_wconf 70' lang='lat' dir='ltr'><strong>Itonia:</strong></span> <span class='ocrx_word' id='word_1_42' title='bbox 557 869 723 917; x_wconf 85' lang='lat' dir='ltr'><strong>natale</strong></span> <span class='ocrx_word' id='word_1_43' title='bbox 750 875 1042 916; x_wconf 89' lang='lat' dir='ltr'><strong>sanctormu</strong></span> <span class='ocrx_word' id='word_1_44' title='bbox 1070 864 1313 916; x_wconf 86' lang='lat' dir='ltr'><strong>Calocerii</strong></span> <span class='ocrx_word' id='word_1_45' title='bbox 1366 876 1414 915; x_wconf 87' lang='lat' dir='ltr'><strong>et</strong></span> <span class='ocrx_word' id='word_1_46' title='bbox 1444 865 1707 921; x_wconf 75' lang='lat' dir='ltr'><strong>Partrniii,</strong></span> 
     </span>
    </p>
   </div>
   <div class='ocr_carea' id='block_1_9' title="bbox 180 944 1714 1022">
    <p class='ocr_par' dir='ltr' id='par_1_9' title="bbox 180 944 1714 1022">
     <span class='ocr_line' id='line_1_9' title="bbox 180 944 1714 1022; baseline -0.005 -12"><span class='ocrx_word' id='word_1_47' title='bbox 180 963 381 1011; x_wconf 73' lang='lat' dir='ltr'><strong>uxoris</strong></span> <span class='ocrx_word' id='word_1_48' title='bbox 401 960 537 1011; x_wconf 82' lang='lat' dir='ltr'><strong>Decii</strong></span> <span class='ocrx_word' id='word_1_49' title='bbox 562 956 881 1022; x_wconf 86' lang='lat' dir='ltr'><strong>imperatoris</strong></span> <span class='ocrx_word' id='word_1_50' title='bbox 899 955 1271 1011; x_wconf 79' lang='lat' dir='ltr'><strong>cunuchorum,</strong></span> <span class='ocrx_word' id='word_1_51' title='bbox 1295 955 1376 1016; x_wconf 84' lang='lat' dir='ltr'><strong>qui</strong></span> <span class='ocrx_word' id='word_1_52' title='bbox 1399 944 1511 1005; x_wconf 81' lang='lat' dir='ltr'><strong>cum</strong></span> <span class='ocrx_word' id='word_1_53' title='bbox 1541 962 1714 1004; x_wconf 80' lang='lat' dir='ltr'><strong>eSScnt</strong></span> 
     </span>
    </p>
   </div>
   <div class='ocr_carea' id='block_1_10' title="bbox 181 1042 1715 1113">
    <p class='ocr_par' dir='ltr' id='par_1_10' title="bbox 181 1042 1715 1113">
     <span class='ocr_line' id='line_1_10' title="bbox 181 1042 1715 1113; baseline -0.006 -13"><span class='ocrx_word' id='word_1_54' title='bbox 181 1065 331 1101; x_wconf 67' lang='lat' dir='ltr'><strong>unus</strong></span> <span class='ocrx_word' id='word_1_55' title='bbox 360 1050 657 1113; x_wconf 67' lang='grc' dir='ltr'><strong>ροπψίιεςίιυδ</strong></span> <span class='ocrx_word' id='word_1_56' title='bbox 684 1046 889 1105; x_wconf 93' lang='lat' dir='ltr'><strong>cubilis,</strong></span> <span class='ocrx_word' id='word_1_57' title='bbox 936 1044 1063 1094; x_wconf 86' lang='lat' dir='ltr'><strong>alter</strong></span> <span class='ocrx_word' id='word_1_58' title='bbox 1114 1042 1451 1107; x_wconf 52' lang='lat' dir='ltr'><strong>primicerius,</strong></span> <span class='ocrx_word' id='word_1_59' title='bbox 1484 1043 1715 1092; x_wconf 81' lang='lat' dir='ltr'><strong>nolentes</strong></span> 
     </span>
    </p>
   </div>
   <div class='ocr_carea' id='block_1_11' title="bbox 186 1127 1717 1190">
    <p class='ocr_par' dir='ltr' id='par_1_11' title="bbox 186 1127 1717 1190">
     <span class='ocr_line' id='line_1_11' title="bbox 186 1127 1717 1190; baseline -0.007 -8"><span class='ocrx_word' id='word_1_60' title='bbox 186 1134 354 1183; x_wconf 88' lang='lat' dir='ltr'><strong>idolis</strong></span> <span class='ocrx_word' id='word_1_61' title='bbox 402 1134 715 1190; x_wconf 65' lang='lat' dir='ltr'><strong>sacrilicarc,</strong></span> <span class='ocrx_word' id='word_1_62' title='bbox 746 1145 773 1179; x_wconf 89' lang='lat' dir='ltr'><strong>a</strong></span> <span class='ocrx_word' id='word_1_63' title='bbox 808 1129 959 1180; x_wconf 86' lang='lat' dir='ltr'><strong>Decio</strong></span> <span class='ocrx_word' id='word_1_64' title='bbox 985 1127 1137 1179; x_wconf 84' lang='lat' dir='ltr'><strong>occisi</strong></span> <span class='ocrx_word' id='word_1_65' title='bbox 1191 1136 1329 1178; x_wconf 88' lang='lat' dir='ltr'><strong>sunt.</strong></span> <span class='ocrx_word' id='word_1_66' title='bbox 1377 1127 1599 1188; x_wconf 87' lang='lat' dir='ltr'><strong>Corpora</strong></span> <span class='ocrx_word' id='word_1_67' title='bbox 1631 1140 1717 1176; x_wconf 84' lang='lat' dir='ltr'><strong>eo-</strong></span> 
     </span>
    </p>
   </div>
   <div class='ocr_carea' id='block_1_12' title="bbox 189 1214 1713 1287">
    <p class='ocr_par' dir='ltr' id='par_1_12' title="bbox 189 1214 1713 1287">
     <span class='ocr_line' id='line_1_12' title="bbox 189 1214 1713 1287; baseline -0.006 -14"><span class='ocrx_word' id='word_1_68' title='bbox 189 1223 470 1287; x_wconf 69' lang='lat' dir='ltr'><strong>rumjuxta</strong></span> <span class='ocrx_word' id='word_1_69' title='bbox 503 1221 858 1285; x_wconf 76' lang='lat' dir='ltr'><strong>iiamAppiam</strong></span> <span class='ocrx_word' id='word_1_70' title='bbox 888 1228 1003 1269; x_wconf 88' lang='lat' dir='ltr'><strong>sunt</strong></span> <span class='ocrx_word' id='word_1_71' title='bbox 1033 1216 1216 1282; x_wconf 87' lang='lat' dir='ltr'><strong>posita.</strong></span> <span class='ocrx_word' id='word_1_72' title='bbox 1235 1215 1495 1280; x_wconf 83' lang='lat' dir='ltr'><strong>Depositio</strong></span> <span class='ocrx_word' id='word_1_73' title='bbox 1535 1214 1713 1265; x_wconf 90' lang='lat' dir='ltr'><strong>domni</strong></span> 
     </span>
    </p>
   </div>
   <div class='ocr_carea' id='block_1_13' title="bbox 193 1310 496 1361">
    <p class='ocr_par' dir='ltr' id='par_1_13' title="bbox 193 1310 496 1361">
     <span class='ocr_line' id='line_1_13' title="bbox 193 1310 496 1361; baseline -0.01 0"><span class='ocrx_word' id='word_1_74' title='bbox 193 1310 496 1361; x_wconf 75' lang='lat' dir='ltr'><strong>Alclttivini.</strong></span> 
     </span>
    </p>
   </div>
   <div class='ocr_carea' id='block_1_14' title="bbox 276 1391 1719 1450">
    <p class='ocr_par' dir='ltr' id='par_1_14' title="bbox 276 1391 1719 1450">
     <span class='ocr_line' id='line_1_14' title="bbox 276 1391 1719 1450; baseline -0.008 0"><span class='ocrx_word' id='word_1_75' title='bbox 276 1400 347 1450; x_wconf 89' lang='lat' dir='ltr'><strong>G.</strong></span> <span class='ocrx_word' id='word_1_76' title='bbox 392 1398 497 1449; x_wconf 74' lang='lat' dir='ltr'><strong>XIII</strong></span> <span class='ocrx_word' id='word_1_77' title='bbox 540 1397 666 1447; x_wconf 72' lang='lat' dir='ltr'><strong>KAL.</strong></span> <span class='ocrx_word' id='word_1_78' title='bbox 698 1396 853 1447; x_wconf 72' lang='lat' dir='ltr'><strong>JUNII.</strong></span> <span class='ocrx_word' id='word_1_79' title='bbox 880 1394 1143 1445; x_wconf 71' lang='lat' dir='ltr'><strong>-Ilom.&#39;e</strong></span> <span class='ocrx_word' id='word_1_80' title='bbox 1190 1393 1268 1443; x_wconf 88' lang='lat' dir='ltr'><strong>via</strong></span> <span class='ocrx_word' id='word_1_81' title='bbox 1312 1392 1507 1443; x_wconf 87' lang='lat' dir='ltr'><strong>Salaria</strong></span> <span class='ocrx_word' id='word_1_82' title='bbox 1556 1391 1719 1440; x_wconf 91' lang='lat' dir='ltr'><strong>natale</strong></span> 
     </span>
    </p>
   </div>
   <div class='ocr_carea' id='block_1_15' title="bbox 197 1476 1717 1545">
    <p class='ocr_par' dir='ltr' id='par_1_15' title="bbox 197 1476 1717 1545">
     <span class='ocr_line' id='line_1_15' title="bbox 197 1476 1717 1545; baseline -0.005 -13"><span class='ocrx_word' id='word_1_83' title='bbox 197 1494 403 1534; x_wconf 66' lang='lat' dir='ltr'><strong>sancta!</strong></span> <span class='ocrx_word' id='word_1_84' title='bbox 426 1483 623 1533; x_wconf 77' lang='lat' dir='ltr'><strong>Ilasillzc</strong></span> <span class='ocrx_word' id='word_1_85' title='bbox 652 1480 858 1543; x_wconf 73' lang='lat' dir='ltr'><strong>virginis</strong></span> <span class='ocrx_word' id='word_1_86' title='bbox 880 1492 929 1531; x_wconf 91' lang='lat' dir='ltr'><strong>et</strong></span> <span class='ocrx_word' id='word_1_87' title='bbox 953 1480 1192 1545; x_wconf 91' lang='lat' dir='ltr'><strong>martyris</strong></span> <span class='ocrx_word' id='word_1_88' title='bbox 1220 1476 1439 1533; x_wconf 84' lang='lat' dir='ltr'><strong>Christi;</strong></span> <span class='ocrx_word' id='word_1_89' title='bbox 1470 1491 1583 1539; x_wconf 67' lang='lat' dir='ltr'><strong>qua:</strong></span> <span class='ocrx_word' id='word_1_90' title='bbox 1604 1490 1717 1525; x_wconf 83' lang='lat' dir='ltr'><strong>cuni</strong></span> 
     </span>
    </p>
   </div>
   <div class='ocr_carea' id='block_1_16' title="bbox 192 1563 1721 1637">
    <p class='ocr_par' dir='ltr' id='par_1_16' title="bbox 192 1563 1721 1637">
     <span class='ocr_line' id='line_1_16' title="bbox 192 1563 1721 1637; baseline -0.007 -16"><span class='ocrx_word' id='word_1_91' title='bbox 192 1581 346 1622; x_wconf 60' lang='lat' dir='ltr'><strong>esset</strong></span> <span class='ocrx_word' id='word_1_92' title='bbox 370 1588 427 1622; x_wconf 72' lang='lat' dir='ltr'><strong>ex</strong></span> <span class='ocrx_word' id='word_1_93' title='bbox 458 1587 641 1637; x_wconf 71' lang='lat' dir='ltr'><strong>genere</strong></span> <span class='ocrx_word' id='word_1_94' title='bbox 666 1572 824 1635; x_wconf 82' lang='lat' dir='ltr'><strong>regio,</strong></span> <span class='ocrx_word' id='word_1_95' title='bbox 855 1578 905 1620; x_wconf 88' lang='lat' dir='ltr'><strong>et</strong></span> <span class='ocrx_word' id='word_1_96' title='bbox 934 1569 1149 1620; x_wconf 89' lang='lat' dir='ltr'><strong>haberet</strong></span> <span class='ocrx_word' id='word_1_97' title='bbox 1170 1574 1410 1631; x_wconf 88' lang='lat' dir='ltr'><strong>sponsum</strong></span> <span class='ocrx_word' id='word_1_98' title='bbox 1435 1563 1721 1614; x_wconf 82' lang='lat' dir='ltr'><strong>illustrissi-</strong></span> 
     </span>
    </p>
   </div>
   <div class='ocr_carea' id='block_1_17' title="bbox 198 1651 1716 1722">
    <p class='ocr_par' dir='ltr' id='par_1_17' title="bbox 198 1651 1716 1722">
     <span class='ocr_line' id='line_1_17' title="bbox 198 1651 1716 1722; baseline -0.005 -13"><span class='ocrx_word' id='word_1_99' title='bbox 198 1676 351 1709; x_wconf 85' lang='lat' dir='ltr'><strong>mum</strong></span> <span class='ocrx_word' id='word_1_100' title='bbox 402 1662 604 1710; x_wconf 76' lang='lat' dir='ltr'><strong>nomine</strong></span> <span class='ocrx_word' id='word_1_101' title='bbox 637 1660 953 1722; x_wconf 81' lang='lat' dir='ltr'><strong>Pompeium,</strong></span> <span class='ocrx_word' id='word_1_102' title='bbox 984 1671 1072 1721; x_wconf 87' lang='lat' dir='ltr'><strong>per</strong></span> <span class='ocrx_word' id='word_1_103' title='bbox 1100 1656 1298 1707; x_wconf 78' lang='lat' dir='ltr'><strong>beatam</strong></span> <span class='ocrx_word' id='word_1_104' title='bbox 1341 1651 1637 1716; x_wconf 82' lang='lat' dir='ltr'><strong>Eugeniam,</strong></span> <span class='ocrx_word' id='word_1_105' title='bbox 1664 1659 1716 1701; x_wconf 84' lang='lat' dir='ltr'><strong>et</strong></span> 
     </span>
    </p>
   </div>
   <div class='ocr_carea' id='block_1_18' title="bbox 200 1736 1717 1796">
    <p class='ocr_par' dir='ltr' id='par_1_18' title="bbox 200 1736 1717 1796">
     <span class='ocr_line' id='line_1_18' title="bbox 200 1736 1717 1796; baseline -0.006 -2"><span class='ocrx_word' id='word_1_106' title='bbox 200 1756 420 1796; x_wconf 72' lang='lat' dir='ltr'><strong>sanctos</strong></span> <span class='ocrx_word' id='word_1_107' title='bbox 441 1745 529 1796; x_wconf 87' lang='lat' dir='ltr'><strong>Dei</strong></span> <span class='ocrx_word' id='word_1_108' title='bbox 550 1745 789 1794; x_wconf 71' lang='lat' dir='ltr'><strong>l‘rotlmm</strong></span> <span class='ocrx_word' id='word_1_109' title='bbox 813 1743 1159 1793; x_wconf 79' lang='lat' dir='ltr'><strong>etJacincInm</strong></span> <span class='ocrx_word' id='word_1_110' title='bbox 1189 1736 1518 1793; x_wconf 61' lang='lat' dir='ltr'><strong>conversa‘ad</strong></span> <span class='ocrx_word' id='word_1_111' title='bbox 1544 1737 1717 1796; x_wconf 79' lang='lat' dir='ltr'><strong>iidem,</strong></span> 
     </span>
    </p>
   </div>
   <div class='ocr_carea' id='block_1_19' title="bbox 193 1823 1717 1896">
    <p class='ocr_par' dir='ltr' id='par_1_19' title="bbox 193 1823 1717 1896">
     <span class='ocr_line' id='line_1_19' title="bbox 193 1823 1717 1896; baseline -0.005 -16"><span class='ocrx_word' id='word_1_112' title='bbox 193 1842 447 1883; x_wconf 78' lang='lat' dir='ltr'><strong>accusata</strong></span> <span class='ocrx_word' id='word_1_113' title='bbox 478 1842 555 1883; x_wconf 89' lang='lat' dir='ltr'><strong>est</strong></span> <span class='ocrx_word' id='word_1_114' title='bbox 583 1848 609 1879; x_wconf 85' lang='lat' dir='ltr'><strong>a</strong></span> <span class='ocrx_word' id='word_1_115' title='bbox 641 1834 854 1892; x_wconf 83' lang='lat' dir='ltr'><strong>pra-lato</strong></span> <span class='ocrx_word' id='word_1_116' title='bbox 883 1844 1074 1896; x_wconf 89' lang='lat' dir='ltr'><strong>sponso</strong></span> <span class='ocrx_word' id='word_1_117' title='bbox 1103 1844 1217 1889; x_wconf 87' lang='lat' dir='ltr'><strong>suo,</strong></span> <span class='ocrx_word' id='word_1_118' title='bbox 1249 1828 1383 1891; x_wconf 88' lang='lat' dir='ltr'><strong>quod</strong></span> <span class='ocrx_word' id='word_1_119' title='bbox 1410 1835 1546 1877; x_wconf 87' lang='lat' dir='ltr'><strong>esset</strong></span> <span class='ocrx_word' id='word_1_120' title='bbox 1574 1823 1717 1873; x_wconf 80' lang='lat' dir='ltr'><strong>Citri-</strong></span> 
     </span>
    </p>
   </div>
   <div class='ocr_carea' id='block_1_20' title="bbox 1816 688 3307 747">
    <p class='ocr_par' dir='ltr' id='par_1_20' title="bbox 1816 688 3307 747">
     <span class='ocr_line' id='line_1_20' title="bbox 1816 688 3307 747; baseline -0.002 -7"><span class='ocrx_word' id='word_1_121' title='bbox 1816 693 2225 743; x_wconf 76' lang='lat' dir='ltr'><strong>transverberata</strong></span> <span class='ocrx_word' id='word_1_122' title='bbox 2255 700 2353 741; x_wconf 88' lang='lat' dir='ltr'><strong>est.</strong></span> <span class='ocrx_word' id='word_1_123' title='bbox 2393 693 2444 743; x_wconf 94' lang='lat' dir='ltr'><strong>ln</strong></span> <span class='ocrx_word' id='word_1_124' title='bbox 2468 689 2647 742; x_wconf 77' lang='lat' dir='ltr'><strong>Galliis</strong></span> <span class='ocrx_word' id='word_1_125' title='bbox 2688 691 2894 740; x_wconf 75' lang='lat' dir='ltr'><strong>civitate</strong></span> <span class='ocrx_word' id='word_1_126' title='bbox 2924 688 3198 747; x_wconf 82' lang='lat' dir='ltr'><strong>Neinauso,</strong></span> <span class='ocrx_word' id='word_1_127' title='bbox 3224 702 3307 737; x_wconf 77' lang='lat' dir='ltr'><strong>na-</strong></span> 
     </span>
    </p>
   </div>
   <div class='ocr_carea' id='block_1_21' title="bbox 1815 776 3323 845">
    <p class='ocr_par' dir='ltr' id='par_1_21' title="bbox 1815 776 3323 845">
     <span class='ocr_line' id='line_1_21' title="bbox 1815 776 3323 845; baseline 0 -19"><span class='ocrx_word' id='word_1_128' title='bbox 1815 776 1914 830; x_wconf 87' lang='lat' dir='ltr'><strong>tale</strong></span> <span class='ocrx_word' id='word_1_129' title='bbox 1945 779 2191 837; x_wconf 84' lang='lat' dir='ltr'><strong>Baudelii,</strong></span> <span class='ocrx_word' id='word_1_130' title='bbox 2214 780 2298 845; x_wconf 92' lang='lat' dir='ltr'><strong>qui</strong></span> <span class='ocrx_word' id='word_1_131' title='bbox 2328 794 2353 828; x_wconf 90' lang='lat' dir='ltr'><strong>a</strong></span> <span class='ocrx_word' id='word_1_132' title='bbox 2388 780 2595 843; x_wconf 79' lang='lat' dir='ltr'><strong>paganis</strong></span> <span class='ocrx_word' id='word_1_133' title='bbox 2651 780 2862 827; x_wconf 83' lang='lat' dir='ltr'><strong>deorum</strong></span> <span class='ocrx_word' id='word_1_134' title='bbox 2890 791 3098 828; x_wconf 89' lang='lat' dir='ltr'><strong>suorum</strong></span> <span class='ocrx_word' id='word_1_135' title='bbox 3129 777 3323 826; x_wconf 84' lang='lat' dir='ltr'><strong>sacrili-</strong></span> 
     </span>
    </p>
   </div>
   <div class='ocr_carea' id='block_1_22' title="bbox 1813 862 3327 929">
    <p class='ocr_par' dir='ltr' id='par_1_22' title="bbox 1813 862 3327 929">
     <span class='ocr_line' id='line_1_22' title="bbox 1813 862 3327 929; baseline -0.004 -13"><span class='ocrx_word' id='word_1_136' title='bbox 1813 866 1889 916; x_wconf 88' lang='lat' dir='ltr'><strong>cia</strong></span> <span class='ocrx_word' id='word_1_137' title='bbox 1918 866 2300 917; x_wconf 68' lang='lat' dir='ltr'><strong>celebrantibus</strong></span> <span class='ocrx_word' id='word_1_138' title='bbox 2320 867 2744 929; x_wconf 76' lang='lat' dir='ltr'><strong>cmnpreliensus,</strong></span> <span class='ocrx_word' id='word_1_139' title='bbox 2765 878 2879 914; x_wconf 91' lang='lat' dir='ltr'><strong>cum</strong></span> <span class='ocrx_word' id='word_1_140' title='bbox 2905 862 3194 913; x_wconf 86' lang='lat' dir='ltr'><strong>sacrilicare</strong></span> <span class='ocrx_word' id='word_1_141' title='bbox 3215 862 3299 911; x_wconf 93' lang='lat' dir='ltr'><strong>nol</strong></span> <span class='ocrx_word' id='word_1_142' title='bbox 3315 888 3327 897; x_wconf 87' lang='lat'><strong>-</strong></span> 
     </span>
    </p>
   </div>
   <div class='ocr_carea' id='block_1_23' title="bbox 1817 952 3324 1013">
    <p class='ocr_par' dir='ltr' id='par_1_23' title="bbox 1817 952 3324 1013">
     <span class='ocr_line' id='line_1_23' title="bbox 1817 952 3324 1013; baseline -0.004 -10"><span class='ocrx_word' id='word_1_143' title='bbox 1817 954 1902 1013; x_wconf 92' lang='lat' dir='ltr'><strong>let,</strong></span> <span class='ocrx_word' id='word_1_144' title='bbox 1936 964 1983 1003; x_wconf 91' lang='lat' dir='ltr'><strong>et</strong></span> <span class='ocrx_word' id='word_1_145' title='bbox 2006 953 2055 1003; x_wconf 93' lang='lat' dir='ltr'><strong>in</strong></span> <span class='ocrx_word' id='word_1_146' title='bbox 2080 952 2179 1004; x_wconf 85' lang='lat' dir='ltr'><strong>Iide</strong></span> <span class='ocrx_word' id='word_1_147' title='bbox 2201 952 2384 1004; x_wconf 80' lang='lat' dir='ltr'><strong>Christi</strong></span> <span class='ocrx_word' id='word_1_148' title='bbox 2410 953 2689 1003; x_wconf 67' lang='lat' dir='ltr'><strong>immobilis</strong></span> <span class='ocrx_word' id='word_1_149' title='bbox 2728 952 2859 1001; x_wconf 89' lang='lat' dir='ltr'><strong>inter</strong></span> <span class='ocrx_word' id='word_1_150' title='bbox 2884 952 3099 1001; x_wconf 83' lang='lat' dir='ltr'><strong>verbera</strong></span> <span class='ocrx_word' id='word_1_151' title='bbox 3141 958 3195 999; x_wconf 91' lang='lat' dir='ltr'><strong>et</strong></span> <span class='ocrx_word' id='word_1_152' title='bbox 3219 958 3324 997; x_wconf 90' lang='lat' dir='ltr'><strong>tor-</strong></span> 
     </span>
    </p>
   </div>
   <div class='ocr_carea' id='block_1_24' title="bbox 1817 1040 3329 1108">
    <p class='ocr_par' dir='ltr' id='par_1_24' title="bbox 1817 1040 3329 1108">
     <span class='ocr_line' id='line_1_24' title="bbox 1817 1040 3329 1108; baseline -0.003 -18"><span class='ocrx_word' id='word_1_153' title='bbox 1817 1051 1988 1093; x_wconf 88' lang='lat' dir='ltr'><strong>menta</strong></span> <span class='ocrx_word' id='word_1_154' title='bbox 2019 1042 2333 1105; x_wconf 82' lang='lat' dir='ltr'><strong>pet-sisteret,</strong></span> <span class='ocrx_word' id='word_1_155' title='bbox 2373 1043 2601 1108; x_wconf 79' lang='lat' dir='ltr'><strong>martyrii</strong></span> <span class='ocrx_word' id='word_1_156' title='bbox 2648 1044 2864 1107; x_wconf 81' lang='lat' dir='ltr'><strong>palmam</strong></span> <span class='ocrx_word' id='word_1_157' title='bbox 2914 1040 3135 1105; x_wconf 85' lang='lat' dir='ltr'><strong>pretiosa</strong></span> <span class='ocrx_word' id='word_1_158' title='bbox 3165 1047 3329 1089; x_wconf 80' lang='lat' dir='ltr'><strong>morte</strong></span> 
     </span>
    </p>
   </div>
   <div class='ocr_carea' id='block_1_25' title="bbox 1817 1132 2061 1193">
    <p class='ocr_par' dir='ltr' id='par_1_25' title="bbox 1817 1132 2061 1193">
     <span class='ocr_line' id='line_1_25' title="bbox 1817 1132 2061 1193; baseline -0.004 -13"><span class='ocrx_word' id='word_1_159' title='bbox 1817 1132 2061 1193; x_wconf 79' lang='lat' dir='ltr'><strong>percepit.</strong></span> 
     </span>
    </p>
   </div>
   <div class='ocr_carea' id='block_1_26' title="bbox 1886 1232 3328 1293">
    <p class='ocr_par' dir='ltr' id='par_1_26' title="bbox 1886 1232 3328 1293">
     <span class='ocr_line' id='line_1_26' title="bbox 1886 1232 3328 1293; baseline -0.002 -7"><span class='ocrx_word' id='word_1_160' title='bbox 1886 1238 1947 1286; x_wconf 81' lang='grc' dir='ltr'>Α.</span> <span class='ocrx_word' id='word_1_161' title='bbox 1979 1236 2066 1287; x_wconf 76' lang='lat' dir='ltr'><strong>XII</strong></span> <span class='ocrx_word' id='word_1_162' title='bbox 2095 1235 2224 1287; x_wconf 73' lang='grc' dir='ltr'>ΚΑΙ..</span> <span class='ocrx_word' id='word_1_163' title='bbox 2273 1236 2424 1287; x_wconf 67' lang='lat' dir='ltr'><strong>Juxn.</strong></span> <span class='ocrx_word' id='word_1_164' title='bbox 2454 1264 2518 1274; x_wconf 92' lang='lat'><strong><em>—</em></strong></span> <span class='ocrx_word' id='word_1_165' title='bbox 2543 1236 2594 1287; x_wconf 91' lang='lat' dir='ltr'><strong>In</strong></span> <span class='ocrx_word' id='word_1_166' title='bbox 2643 1236 2940 1287; x_wconf 80' lang='lat' dir='ltr'><strong>Mauritania</strong></span> <span class='ocrx_word' id='word_1_167' title='bbox 2993 1232 3328 1293; x_wconf 73' lang='lat' dir='ltr'><strong>Czrsariense,</strong></span> 
     </span>
    </p>
   </div>
   <div class='ocr_carea' id='block_1_27' title="bbox 1819 1320 3333 1387">
    <p class='ocr_par' dir='ltr' id='par_1_27' title="bbox 1819 1320 3333 1387">
     <span class='ocr_line' id='line_1_27' title="bbox 1819 1320 3333 1387; baseline -0.002 -16"><span class='ocrx_word' id='word_1_168' title='bbox 1819 1324 1987 1371; x_wconf 88' lang='lat' dir='ltr'><strong>natale</strong></span> <span class='ocrx_word' id='word_1_169' title='bbox 2035 1334 2324 1371; x_wconf 86' lang='lat' dir='ltr'><strong>sanctorum</strong></span> <span class='ocrx_word' id='word_1_170' title='bbox 2370 1322 2644 1379; x_wconf 83' lang='lat' dir='ltr'><strong>Timothei,</strong></span> <span class='ocrx_word' id='word_1_171' title='bbox 2704 1322 2830 1373; x_wconf 82' lang='lat' dir='ltr'><strong>Polii</strong></span> <span class='ocrx_word' id='word_1_172' title='bbox 2880 1331 2930 1373; x_wconf 92' lang='lat' dir='ltr'><strong>et</strong></span> <span class='ocrx_word' id='word_1_173' title='bbox 2963 1320 3195 1387; x_wconf 81' lang='lat' dir='ltr'><strong>Eutychii</strong></span> <span class='ocrx_word' id='word_1_174' title='bbox 3224 1320 3333 1371; x_wconf 90' lang='lat' dir='ltr'><strong>dia-</strong></span> 
     </span>
    </p>
   </div>
   <div class='ocr_carea' id='block_1_28' title="bbox 1821 1411 3333 1478">
    <p class='ocr_par' dir='ltr' id='par_1_28' title="bbox 1821 1411 3333 1478">
     <span class='ocr_line' id='line_1_28' title="bbox 1821 1411 3333 1478; baseline -0.002 -14"><span class='ocrx_word' id='word_1_175' title='bbox 1821 1414 1960 1473; x_wconf 80' lang='lat' dir='ltr'><strong>coni,</strong></span> <span class='ocrx_word' id='word_1_176' title='bbox 1993 1412 2079 1477; x_wconf 86' lang='lat' dir='ltr'><strong>qui</strong></span> <span class='ocrx_word' id='word_1_177' title='bbox 2110 1413 2241 1476; x_wconf 86' lang='lat' dir='ltr'><strong>apud</strong></span> <span class='ocrx_word' id='word_1_178' title='bbox 2295 1414 2553 1476; x_wconf 71' lang='lat' dir='ltr'><strong>prmfatam</strong></span> <span class='ocrx_word' id='word_1_179' title='bbox 2601 1415 2859 1478; x_wconf 75' lang='lat' dir='ltr'><strong>regionem</strong></span> <span class='ocrx_word' id='word_1_180' title='bbox 2892 1413 3099 1463; x_wconf 82' lang='lat' dir='ltr'><strong>verbum</strong></span> <span class='ocrx_word' id='word_1_181' title='bbox 3136 1411 3333 1462; x_wconf 84' lang='lat' dir='ltr'><strong>Domini</strong></span> 
     </span>
    </p>
   </div>
   <div class='ocr_carea' id='block_1_29' title="bbox 1830 1498 3331 1561">
    <p class='ocr_par' dir='ltr' id='par_1_29' title="bbox 1830 1498 3331 1561">
     <span class='ocr_line' id='line_1_29' title="bbox 1830 1498 3331 1561; baseline 0.001 -14"><span class='ocrx_word' id='word_1_182' title='bbox 1830 1500 2249 1557; x_wconf 75' lang='lat' dir='ltr'><strong>disseminantes,</strong></span> <span class='ocrx_word' id='word_1_183' title='bbox 2307 1502 2495 1561; x_wconf 86' lang='lat' dir='ltr'><strong>pariter</strong></span> <span class='ocrx_word' id='word_1_184' title='bbox 2547 1500 2781 1550; x_wconf 87' lang='lat' dir='ltr'><strong>coronari</strong></span> <span class='ocrx_word' id='word_1_185' title='bbox 2844 1508 3161 1551; x_wconf 89' lang='lat' dir='ltr'><strong>meruerunt.</strong></span> <span class='ocrx_word' id='word_1_186' title='bbox 3211 1498 3331 1549; x_wconf 90' lang='lat' dir='ltr'><strong>Item</strong></span> 
     </span>
    </p>
   </div>
   <div class='ocr_carea' id='block_1_30' title="bbox 1820 1586 3333 1653">
    <p class='ocr_par' dir='ltr' id='par_1_30' title="bbox 1820 1586 3333 1653">
     <span class='ocr_line' id='line_1_30' title="bbox 1820 1586 3333 1653; baseline -0.001 -17"><span class='ocrx_word' id='word_1_187' title='bbox 1820 1588 1952 1653; x_wconf 88' lang='lat' dir='ltr'><strong>apud</strong></span> <span class='ocrx_word' id='word_1_188' title='bbox 1984 1586 2269 1637; x_wconf 78' lang='lat' dir='ltr'><strong>Czesareain</strong></span> <span class='ocrx_word' id='word_1_189' title='bbox 2297 1586 2635 1650; x_wconf 71' lang='lat' dir='ltr'><strong>CappadOt&#39;izc</strong></span> <span class='ocrx_word' id='word_1_190' title='bbox 2684 1587 2850 1639; x_wconf 84' lang='lat' dir='ltr'><strong>natale</strong></span> <span class='ocrx_word' id='word_1_191' title='bbox 2875 1598 3167 1638; x_wconf 86' lang='lat' dir='ltr'><strong>sanctorum</strong></span> <span class='ocrx_word' id='word_1_192' title='bbox 3199 1586 3333 1636; x_wconf 79' lang='lat' dir='ltr'><strong>Poli-</strong></span> 
     </span>
    </p>
   </div>
   <div class='ocr_carea' id='block_1_31' title="bbox 1825 1672 3332 1738">
    <p class='ocr_par' dir='ltr' id='par_1_31' title="bbox 1825 1672 3332 1738">
     <span class='ocr_line' id='line_1_31' title="bbox 1825 1672 3332 1738; baseline 0.001 -17"><span class='ocrx_word' id='word_1_193' title='bbox 1825 1673 1944 1732; x_wconf 77' lang='lat' dir='ltr'><strong>veli,</strong></span> <span class='ocrx_word' id='word_1_194' title='bbox 1980 1674 2210 1733; x_wconf 76' lang='lat' dir='ltr'><strong>Victorii,</strong></span> <span class='ocrx_word' id='word_1_195' title='bbox 2246 1673 2444 1723; x_wconf 88' lang='lat' dir='ltr'><strong>Donati.</strong></span> <span class='ocrx_word' id='word_1_196' title='bbox 2474 1672 2527 1725; x_wconf 92' lang='lat' dir='ltr'><strong>In</strong></span> <span class='ocrx_word' id='word_1_197' title='bbox 2557 1673 2727 1725; x_wconf 80' lang='lat' dir='ltr'><strong>Africa</strong></span> <span class='ocrx_word' id='word_1_198' title='bbox 2772 1674 2909 1725; x_wconf 83' lang='lat' dir='ltr'><strong>Casii</strong></span> <span class='ocrx_word' id='word_1_199' title='bbox 2950 1684 3004 1725; x_wconf 90' lang='lat' dir='ltr'><strong>et</strong></span> <span class='ocrx_word' id='word_1_200' title='bbox 3028 1672 3222 1726; x_wconf 60' lang='lat' dir='ltr'><strong>IEniilii</strong></span> <span class='ocrx_word' id='word_1_201' title='bbox 3248 1674 3332 1738; x_wconf 87' lang='lat' dir='ltr'><strong>qui</strong></span> 
     </span>
    </p>
   </div>
   <div class='ocr_carea' id='block_1_32' title="bbox 1823 1760 3334 1828">
    <p class='ocr_par' dir='ltr' id='par_1_32' title="bbox 1823 1760 3334 1828">
     <span class='ocr_line' id='line_1_32' title="bbox 1823 1760 3334 1828; baseline -0.001 -19"><span class='ocrx_word' id='word_1_202' title='bbox 1823 1775 1911 1824; x_wconf 82' lang='lat' dir='ltr'><strong>per</strong></span> <span class='ocrx_word' id='word_1_203' title='bbox 1963 1760 2130 1823; x_wconf 78' lang='lat' dir='ltr'><strong>ignem</strong></span> <span class='ocrx_word' id='word_1_204' title='bbox 2185 1760 2438 1823; x_wconf 88' lang='lat' dir='ltr'><strong>passionis</strong></span> <span class='ocrx_word' id='word_1_205' title='bbox 2478 1762 2776 1828; x_wconf 79' lang='lat' dir='ltr'><strong>martyrium</strong></span> <span class='ocrx_word' id='word_1_206' title='bbox 2828 1768 3334 1811; x_wconf 79' lang='lat' dir='ltr'><strong>consummaverunt.</strong></span> 
     </span>
    </p>
   </div>
   <div class='ocr_carea' id='block_1_33' title="bbox 1823 1844 3336 1912">
    <p class='ocr_par' dir='ltr' id='par_1_33' title="bbox 1823 1844 3336 1912">
     <span class='ocr_line' id='line_1_33' title="bbox 1823 1844 3336 1912; baseline -0.001 -17"><span class='ocrx_word' id='word_1_207' title='bbox 1823 1845 2010 1896; x_wconf 83' lang='lat' dir='ltr'><strong>Scribit</strong></span> <span class='ocrx_word' id='word_1_208' title='bbox 2037 1847 2317 1911; x_wconf 63' lang='lat' dir='ltr'><strong>Cyprianus</strong></span> <span class='ocrx_word' id='word_1_209' title='bbox 2343 1847 2391 1896; x_wconf 90' lang='lat' dir='ltr'><strong>in</strong></span> <span class='ocrx_word' id='word_1_210' title='bbox 2419 1846 2550 1896; x_wconf 80' lang='lat' dir='ltr'><strong>Lbro</strong></span> <span class='ocrx_word' id='word_1_211' title='bbox 2578 1846 2641 1896; x_wconf 91' lang='lat' dir='ltr'><strong>de</strong></span> <span class='ocrx_word' id='word_1_212' title='bbox 2672 1846 2869 1909; x_wconf 78' lang='lat' dir='ltr'><strong>Lapsis.</strong></span> <span class='ocrx_word' id='word_1_213' title='bbox 2906 1846 3047 1912; x_wconf 77' lang='lat' dir='ltr'><strong>Apud</strong></span> <span class='ocrx_word' id='word_1_214' title='bbox 3077 1844 3336 1897; x_wconf 76' lang='lat' dir='ltr'><strong>Corsicam</strong></span> 
     </span>
    </p>
   </div>
   <div class='ocr_carea' id='block_1_34' title="bbox 194 1894 1727 1998">
    <p class='ocr_par' dir='ltr' id='par_1_34' title="bbox 194 1911 1720 1981">
     <span class='ocr_line' id='line_1_34' title="bbox 194 1911 1720 1981; baseline -0.005 -13"><span class='ocrx_word' id='word_1_215' title='bbox 194 1919 399 1969; x_wconf 71' lang='lat' dir='ltr'><strong>stiana.</strong></span> <span class='ocrx_word' id='word_1_216' title='bbox 454 1918 682 1969; x_wconf 79' lang='lat' dir='ltr'><strong>Decrevit</strong></span> <span class='ocrx_word' id='word_1_217' title='bbox 735 1919 975 1968; x_wconf 92' lang='lat' dir='ltr'><strong>continuo</strong></span> <span class='ocrx_word' id='word_1_218' title='bbox 1021 1916 1284 1966; x_wconf 81' lang='lat' dir='ltr'><strong>Gallienus</strong></span> <span class='ocrx_word' id='word_1_219' title='bbox 1314 1916 1593 1981; x_wconf 80' lang='lat' dir='ltr'><strong>Augustus,</strong></span> <span class='ocrx_word' id='word_1_220' title='bbox 1637 1911 1720 1975; x_wconf 92' lang='lat' dir='ltr'><strong>qui</strong></span> 
     </span>
    </p>
   </div>
   <div class='ocr_carea' id='block_1_35' title="bbox 1826 1894 3335 1998">
    <p class='ocr_par' dir='ltr' id='par_1_35' title="bbox 1827 1931 3335 1998">
     <span class='ocr_line' id='line_1_35' title="bbox 1827 1931 3335 1998; baseline 0.002 -17"><span class='ocrx_word' id='word_1_221' title='bbox 1827 1933 1992 1983; x_wconf 84' lang='lat' dir='ltr'><strong>natale</strong></span> <span class='ocrx_word' id='word_1_222' title='bbox 2040 1941 2233 1982; x_wconf 69' lang='lat' dir='ltr'><strong>sanctze</strong></span> <span class='ocrx_word' id='word_1_223' title='bbox 2258 1931 2422 1991; x_wconf 73' lang='lat' dir='ltr'><strong>Julite,</strong></span> <span class='ocrx_word' id='word_1_224' title='bbox 2472 1948 2587 1998; x_wconf 71' lang='lat' dir='ltr'><strong>qua:</strong></span> <span class='ocrx_word' id='word_1_225' title='bbox 2626 1934 2793 1984; x_wconf 87' lang='lat' dir='ltr'><strong>crucis</strong></span> <span class='ocrx_word' id='word_1_226' title='bbox 2820 1933 3069 1998; x_wconf 86' lang='lat' dir='ltr'><strong>supplicio</strong></span> <span class='ocrx_word' id='word_1_227' title='bbox 3096 1942 3335 1984; x_wconf 86' lang='lat' dir='ltr'><strong>coronata</strong></span> 
     </span>
    </p>
   </div>
   <div class='ocr_carea' id='block_1_36' title="bbox 196 2003 1722 2070">
    <p class='ocr_par' dir='ltr' id='par_1_36' title="bbox 196 2003 1722 2070">
     <span class='ocr_line' id='line_1_36' title="bbox 196 2003 1722 2070; baseline -0.002 -17"><span class='ocrx_word' id='word_1_228' title='bbox 196 2014 332 2055; x_wconf 89' lang='lat' dir='ltr'><strong>tunc</strong></span> <span class='ocrx_word' id='word_1_229' title='bbox 359 2005 543 2055; x_wconf 82' lang='lat' dir='ltr'><strong>Christi</strong></span> <span class='ocrx_word' id='word_1_230' title='bbox 577 2005 973 2070; x_wconf 82' lang='lat' dir='ltr'><strong>persequebatur</strong></span> <span class='ocrx_word' id='word_1_231' title='bbox 1007 2003 1307 2061; x_wconf 82' lang='lat' dir='ltr'><strong>Ecclesiatn,</strong></span> <span class='ocrx_word' id='word_1_232' title='bbox 1352 2013 1405 2053; x_wconf 93' lang='lat' dir='ltr'><strong>ut</strong></span> <span class='ocrx_word' id='word_1_233' title='bbox 1458 2010 1543 2052; x_wconf 91' lang='lat' dir='ltr'><strong>aut</strong></span> <span class='ocrx_word' id='word_1_234' title='bbox 1570 2015 1722 2063; x_wconf 81' lang='lat' dir='ltr'><strong>spon-</strong></span> 
     </span>
    </p>
   </div>
   <div class='ocr_carea' id='block_1_37' title="bbox 205 2089 1722 2157">
    <p class='ocr_par' dir='ltr' id='par_1_37' title="bbox 205 2089 1722 2157">
     <span class='ocr_line' id='line_1_37' title="bbox 205 2089 1722 2157; baseline -0.002 -18"><span class='ocrx_word' id='word_1_235' title='bbox 205 2105 333 2141; x_wconf 79' lang='lat' dir='ltr'><strong>sntn</strong></span> <span class='ocrx_word' id='word_1_236' title='bbox 367 2092 633 2154; x_wconf 78' lang='lat' dir='ltr'><strong>reciperet,</strong></span> <span class='ocrx_word' id='word_1_237' title='bbox 658 2102 744 2141; x_wconf 88' lang='lat' dir='ltr'><strong>aut</strong></span> <span class='ocrx_word' id='word_1_238' title='bbox 771 2092 938 2157; x_wconf 87' lang='lat' dir='ltr'><strong>gladio</strong></span> <span class='ocrx_word' id='word_1_239' title='bbox 956 2091 1208 2142; x_wconf 90' lang='lat' dir='ltr'><strong>interiret.</strong></span> <span class='ocrx_word' id='word_1_240' title='bbox 1226 2091 1483 2143; x_wconf 85' lang='lat' dir='ltr'><strong>Conventa</strong></span> <span class='ocrx_word' id='word_1_241' title='bbox 1513 2091 1577 2141; x_wconf 89' lang='lat' dir='ltr'><strong>de</strong></span> <span class='ocrx_word' id='word_1_242' title='bbox 1605 2089 1722 2145; x_wconf 90' lang='lat' dir='ltr'><strong>hoc,</strong></span> 
     </span>
    </p>
   </div>
   <div class='ocr_carea' id='block_1_38' title="bbox 210 2178 1726 2245">
    <p class='ocr_par' dir='ltr' id='par_1_38' title="bbox 210 2178 1726 2245">
     <span class='ocr_line' id='line_1_38' title="bbox 210 2178 1726 2245; baseline -0.002 -17"><span class='ocrx_word' id='word_1_243' title='bbox 210 2178 484 2243; x_wconf 72' lang='lat' dir='ltr'><strong>reSpondit</strong></span> <span class='ocrx_word' id='word_1_244' title='bbox 513 2192 569 2229; x_wconf 88' lang='lat' dir='ltr'><strong>se</strong></span> <span class='ocrx_word' id='word_1_245' title='bbox 598 2193 767 2245; x_wconf 73' lang='lat' dir='ltr'><strong>regem</strong></span> <span class='ocrx_word' id='word_1_246' title='bbox 799 2194 973 2245; x_wconf 84' lang='lat' dir='ltr'><strong>regum</strong></span> <span class='ocrx_word' id='word_1_247' title='bbox 1007 2191 1249 2244; x_wconf 86' lang='lat' dir='ltr'><strong>sponsum</strong></span> <span class='ocrx_word' id='word_1_248' title='bbox 1297 2178 1505 2235; x_wconf 81' lang='lat' dir='ltr'><strong>habere,</strong></span> <span class='ocrx_word' id='word_1_249' title='bbox 1536 2178 1617 2237; x_wconf 81' lang='lat' dir='ltr'><strong>qui</strong></span> <span class='ocrx_word' id='word_1_250' title='bbox 1648 2182 1726 2225; x_wconf 78' lang='lat' dir='ltr'><strong>est</strong></span> 
     </span>
    </p>
   </div>
   <div class='ocr_carea' id='block_1_39' title="bbox 1825 2018 3337 2085">
    <p class='ocr_par' dir='ltr' id='par_1_39' title="bbox 1825 2018 3337 2085">
     <span class='ocr_line' id='line_1_39' title="bbox 1825 2018 3337 2085; baseline 0.001 -16"><span class='ocrx_word' id='word_1_251' title='bbox 1825 2029 1903 2069; x_wconf 87' lang='lat' dir='ltr'><strong>est</strong></span> <span class='ocrx_word' id='word_1_252' title='bbox 1935 2034 1948 2067; x_wconf 89' lang='lat'><strong>:</strong></span> <span class='ocrx_word' id='word_1_253' title='bbox 1984 2028 2033 2068; x_wconf 90' lang='lat' dir='ltr'><strong>et</strong></span> <span class='ocrx_word' id='word_1_254' title='bbox 2080 2020 2240 2069; x_wconf 70' lang='lat' dir='ltr'><strong>sancti</strong></span> <span class='ocrx_word' id='word_1_255' title='bbox 2281 2019 2509 2070; x_wconf 76' lang='lat' dir='ltr'><strong>Valentis</strong></span> <span class='ocrx_word' id='word_1_256' title='bbox 2541 2018 2781 2085; x_wconf 87' lang='lat' dir='ltr'><strong>martyris</strong></span> <span class='ocrx_word' id='word_1_257' title='bbox 2826 2028 2877 2071; x_wconf 91' lang='lat' dir='ltr'><strong>et</strong></span> <span class='ocrx_word' id='word_1_258' title='bbox 2920 2018 3191 2085; x_wconf 80' lang='lat' dir='ltr'><strong>pontiﬁcis,</strong></span> <span class='ocrx_word' id='word_1_259' title='bbox 3221 2035 3337 2070; x_wconf 90' lang='lat' dir='ltr'><strong>cum</strong></span> 
     </span>
    </p>
   </div>
   <div class='ocr_carea' id='block_1_40' title="bbox 1830 2105 2198 2168">
    <p class='ocr_par' dir='ltr' id='par_1_40' title="bbox 1830 2105 2198 2168">
     <span class='ocr_line' id='line_1_40' title="bbox 1830 2105 2198 2168; baseline -0.005 -13"><span class='ocrx_word' id='word_1_260' title='bbox 1830 2105 1988 2155; x_wconf 81' lang='lat' dir='ltr'><strong>tribus</strong></span> <span class='ocrx_word' id='word_1_261' title='bbox 2012 2105 2198 2168; x_wconf 85' lang='lat' dir='ltr'><strong>pueris.</strong></span> 
     </span>
    </p>
   </div>
   <div class='ocr_carea' id='block_1_41' title="bbox 1434 2249 2175 2311">
    <p class='ocr_par' dir='ltr' id='par_1_41' title="bbox 1434 2249 2175 2311">
     <span class='ocr_line' id='line_1_41' title="bbox 1434 2249 2175 2311; baseline -0.018 1"><span class='ocrx_word' id='word_1_262' title='bbox 1434 2260 1650 2311; x_wconf 76' lang='lat' dir='ltr'><strong>EDI&#39;I‘IU</strong></span> <span class='ocrx_word' id='word_1_263' title='bbox 1691 2249 2175 2307; x_wconf 77' lang='lat' dir='ltr'><strong>BOLLANDIANA.</strong></span> 
     </span>
    </p>
   </div>
   <div class='ocr_carea' id='block_1_42' title="bbox 277 2348 1179 2419">
    <p class='ocr_par' dir='ltr' id='par_1_42' title="bbox 277 2348 1179 2419">
     <span class='ocr_line' id='line_1_42' title="bbox 277 2348 1179 2419; baseline -0.002 -18"><span class='ocrx_word' id='word_1_264' title='bbox 277 2350 365 2402; x_wconf 75' lang='lat'><strong>20.</strong></span> <span class='ocrx_word' id='word_1_265' title='bbox 390 2378 455 2387; x_wconf 97' lang='lat'>—</span> <span class='ocrx_word' id='word_1_266' title='bbox 484 2348 590 2401; x_wconf 78' lang='lat' dir='ltr'><strong>XIII</strong></span> <span class='ocrx_word' id='word_1_267' title='bbox 644 2348 770 2399; x_wconf 71' lang='grc' dir='ltr'>Κλι..</span> <span class='ocrx_word' id='word_1_268' title='bbox 818 2348 973 2419; x_wconf 69' lang='lat' dir='ltr'><strong>Vacat</strong></span> <span class='ocrx_word' id='word_1_269' title='bbox 1013 2349 1179 2401; x_wconf 73' lang='lat' dir='ltr'><strong>Baeda.</strong></span> 
     </span>
    </p>
   </div>
   <div class='ocr_carea' id='block_1_43' title="bbox 280 2432 1727 2500">
    <p class='ocr_par' dir='ltr' id='par_1_43' title="bbox 280 2432 1727 2500">
     <span class='ocr_line' id='line_1_43' title="bbox 280 2432 1727 2500; baseline -0.003 -11"><span class='ocrx_word' id='word_1_270' title='bbox 280 2439 368 2498; x_wconf 82' lang='lat' dir='ltr'><strong>\l.,</strong></span> <span class='ocrx_word' id='word_1_271' title='bbox 388 2439 439 2489; x_wconf 92' lang='lat' dir='ltr'><strong>In</strong></span> <span class='ocrx_word' id='word_1_272' title='bbox 466 2438 628 2488; x_wconf 82' lang='lat' dir='ltr'><strong>Africa</strong></span> <span class='ocrx_word' id='word_1_273' title='bbox 650 2437 801 2495; x_wconf 78' lang='lat' dir='ltr'><strong>Victi,</strong></span> <span class='ocrx_word' id='word_1_274' title='bbox 826 2438 1102 2497; x_wconf 75' lang='lat' dir='ltr'><strong>Maurcllze,</strong></span> <span class='ocrx_word' id='word_1_275' title='bbox 1125 2435 1316 2500; x_wconf 81' lang='lat' dir='ltr'><strong>Quinti,</strong></span> <span class='ocrx_word' id='word_1_276' title='bbox 1340 2434 1564 2492; x_wconf 78' lang='lat' dir='ltr'><strong>Primoli,</strong></span> <span class='ocrx_word' id='word_1_277' title='bbox 1584 2432 1727 2485; x_wconf 84' lang='lat' dir='ltr'><strong>Salu-</strong></span> 
     </span>
    </p>
   </div>
   <div class='ocr_carea' id='block_1_44' title="bbox 208 2502 1730 2563">
    <p class='ocr_par' dir='ltr' id='par_1_44' title="bbox 208 2502 1730 2563">
     <span class='ocr_line' id='line_1_44' title="bbox 208 2502 1730 2563; baseline -0.005 -7"><span class='ocrx_word' id='word_1_278' title='bbox 208 2507 322 2563; x_wconf 72' lang='lat' dir='ltr'><strong>Stii.</strong></span> <span class='ocrx_word' id='word_1_279' title='bbox 356 2506 635 2557; x_wconf 79' lang='lat' dir='ltr'><strong>Fortunati.</strong></span> <span class='ocrx_word' id='word_1_280' title='bbox 667 2506 745 2563; x_wconf 77' lang='grc' dir='ltr'>Β..</span> <span class='ocrx_word' id='word_1_281' title='bbox 766 2505 817 2554; x_wconf 91' lang='lat' dir='ltr'><strong>In</strong></span> <span class='ocrx_word' id='word_1_282' title='bbox 844 2506 1013 2555; x_wconf 78' lang='lat' dir='ltr'><strong>Africa</strong></span> <span class='ocrx_word' id='word_1_283' title='bbox 1043 2508 1210 2555; x_wconf 79' lang='lat' dir='ltr'><strong>natale</strong></span> <span class='ocrx_word' id='word_1_284' title='bbox 1240 2513 1526 2553; x_wconf 79' lang='lat' dir='ltr'><strong>sanctarum</strong></span> <span class='ocrx_word' id='word_1_285' title='bbox 1560 2502 1730 2550; x_wconf 81' lang='lat' dir='ltr'><strong>Victu-</strong></span> 
     </span>
    </p>
   </div>
   <div class='ocr_carea' id='block_1_45' title="bbox 206 2568 1732 2633">
    <p class='ocr_par' dir='ltr' id='par_1_45' title="bbox 206 2568 1732 2633">
     <span class='ocr_line' id='line_1_45' title="bbox 206 2568 1732 2633; baseline -0.005 -8"><span class='ocrx_word' id='word_1_286' title='bbox 206 2576 328 2632; x_wconf 64' lang='grc' dir='ltr'><strong>τὴν,</strong></span> <span class='ocrx_word' id='word_1_287' title='bbox 358 2573 689 2630; x_wconf 66' lang='lat' dir='ltr'><strong>alarcellosw,</strong></span> <span class='ocrx_word' id='word_1_288' title='bbox 717 2572 896 2622; x_wconf 65' lang='lat' dir='ltr'><strong>Falsm.</strong></span> <span class='ocrx_word' id='word_1_289' title='bbox 927 2573 987 2622; x_wconf 76' lang='lat' dir='ltr'><strong>Et</strong></span> <span class='ocrx_word' id='word_1_290' title='bbox 1021 2572 1139 2622; x_wconf 87' lang='lat' dir='ltr'><strong>alibi</strong></span> <span class='ocrx_word' id='word_1_291' title='bbox 1176 2570 1424 2633; x_wconf 81' lang='lat' dir='ltr'><strong>depositio</strong></span> <span class='ocrx_word' id='word_1_292' title='bbox 1459 2579 1481 2605; x_wconf 78' lang='grc' dir='ltr'>ι</span> <span class='ocrx_word' id='word_1_293' title='bbox 1528 2568 1732 2619; x_wconf 85' lang='lat' dir='ltr'><strong>Vallesii</strong></span> 
     </span>
    </p>
   </div>
   <div class='ocr_carea' id='block_1_46' title="bbox 206 2636 1728 2704">
    <p class='ocr_par' dir='ltr' id='par_1_46' title="bbox 206 2636 1728 2704">
     <span class='ocr_line' id='line_1_46' title="bbox 206 2636 1728 2704; baseline -0.003 -15"><span class='ocrx_word' id='word_1_294' title='bbox 206 2652 265 2691; x_wconf 84' lang='lat' dir='ltr'><strong>et</strong></span> <span class='ocrx_word' id='word_1_295' title='bbox 326 2638 546 2692; x_wconf 84' lang='lat' dir='ltr'><strong>Faustuli</strong></span> <span class='ocrx_word' id='word_1_296' title='bbox 602 2638 845 2704; x_wconf 87' lang='lat' dir='ltr'><strong>episcopi.</strong></span> <span class='ocrx_word' id='word_1_297' title='bbox 910 2638 967 2688; x_wconf 89' lang='lat' dir='ltr'><strong>D.</strong></span> <span class='ocrx_word' id='word_1_298' title='bbox 1002 2677 1017 2697; x_wconf 95' lang='lat'><strong>,</strong></span> <span class='ocrx_word' id='word_1_299' title='bbox 1080 2638 1253 2687; x_wconf 71' lang='lat' dir='ltr'><strong>liomtc</strong></span> <span class='ocrx_word' id='word_1_300' title='bbox 1291 2636 1619 2704; x_wconf 20' lang='lat' dir='ltr'><strong>jiaisalaria</strong></span> <span class='ocrx_word' id='word_1_301' title='bbox 1674 2636 1728 2684; x_wconf 79' lang='lat' dir='ltr'><strong>S.</strong></span> 
     </span>
    </p>
   </div>
   <div class='ocr_carea' id='block_1_47' title="bbox 134 2702 1726 2770">
    <p class='ocr_par' dir='ltr' id='par_1_47' title="bbox 134 2702 1726 2770">
     <span class='ocr_line' id='line_1_47' title="bbox 134 2702 1726 2770; baseline -0.004 -12"><span class='ocrx_word' id='word_1_302' title='bbox 134 2716 137 2721; x_wconf 84' lang='lat'>&#39;</span> <span class='ocrx_word' id='word_1_303' title='bbox 214 2708 421 2758; x_wconf 70' lang='lat' dir='ltr'><strong>Basillae</strong></span> <span class='ocrx_word' id='word_1_304' title='bbox 459 2702 665 2770; x_wconf 75' lang='lat' dir='ltr'><strong>virginis</strong></span> <span class='ocrx_word' id='word_1_305' title='bbox 704 2716 755 2756; x_wconf 92' lang='lat' dir='ltr'><strong>et</strong></span> <span class='ocrx_word' id='word_1_306' title='bbox 803 2705 1063 2770; x_wconf 85' lang='lat' dir='ltr'><strong>martyris.</strong></span> <span class='ocrx_word' id='word_1_307' title='bbox 1105 2704 1161 2754; x_wconf 77' lang='lat' dir='ltr'><strong>II.</strong></span> <span class='ocrx_word' id='word_1_308' title='bbox 1197 2704 1257 2753; x_wconf 73' lang='grc' dir='ltr'>Α.</span> <span class='ocrx_word' id='word_1_309' title='bbox 1290 2702 1350 2752; x_wconf 87' lang='grc' dir='ltr'><strong>Τ.</strong></span> <span class='ocrx_word' id='word_1_310' title='bbox 1395 2703 1452 2752; x_wconf 81' lang='grc' dir='ltr'>ι..</span> <span class='ocrx_word' id='word_1_311' title='bbox 1488 2740 1503 2762; x_wconf 87' lang='grc'><em>,</em></span> <span class='ocrx_word' id='word_1_312' title='bbox 1554 2702 1726 2770; x_wconf 63' lang='lat' dir='ltr'><strong>ltomte</strong></span> 
     </span>
    </p>
   </div>
   <div class='ocr_carea' id='block_1_48' title="bbox 212 2769 1727 2838">
    <p class='ocr_par' dir='ltr' id='par_1_48' title="bbox 212 2769 1727 2838">
     <span class='ocr_line' id='line_1_48' title="bbox 212 2769 1727 2838; baseline -0.004 -15"><span class='ocrx_word' id='word_1_313' title='bbox 212 2776 386 2824; x_wconf 82' lang='lat' dir='ltr'><strong>natale</strong></span> <span class='ocrx_word' id='word_1_314' title='bbox 412 2773 465 2825; x_wconf 90' lang='lat' dir='ltr'><strong>S.</strong></span> <span class='ocrx_word' id='word_1_315' title='bbox 494 2774 520 2813; x_wconf 71' lang='grc' dir='ltr'>ιι</span> <span class='ocrx_word' id='word_1_316' title='bbox 546 2772 790 2823; x_wconf 69' lang='grc' dir='ltr'><strong>Βειδίιὶδεω</strong></span> <span class='ocrx_word' id='word_1_317' title='bbox 819 2782 865 2823; x_wconf 92' lang='lat' dir='ltr'><strong>et</strong></span> <span class='ocrx_word' id='word_1_318' title='bbox 886 2769 1035 2822; x_wconf 83' lang='lat' dir='ltr'><strong>Aurei</strong></span> <span class='ocrx_word' id='word_1_319' title='bbox 1067 2770 1149 2838; x_wconf 78' lang='grc'>[1..</span> <span class='ocrx_word' id='word_1_320' title='bbox 1177 2780 1349 2838; x_wconf 80' lang='lat' dir='ltr'><strong>om._et</strong></span> <span class='ocrx_word' id='word_1_321' title='bbox 1374 2769 1573 2838; x_wconf 34' lang='lat' dir='ltr'><strong>énreiil</strong></span> <span class='ocrx_word' id='word_1_322' title='bbox 1611 2772 1630 2797; x_wconf 75' lang='grc' dir='ltr'><strong><em>ε</em></strong></span> <span class='ocrx_word' id='word_1_323' title='bbox 1653 2769 1727 2838; x_wconf 69' lang='lat' dir='ltr'><strong>In</strong></span> 
     </span>
    </p>
   </div>
   <div class='ocr_carea' id='block_1_49' title="bbox 214 2836 1724 2899">
    <p class='ocr_par' dir='ltr' id='par_1_49' title="bbox 214 2836 1724 2899">
     <span class='ocr_line' id='line_1_49' title="bbox 214 2836 1724 2899; baseline -0.004 -9"><span class='ocrx_word' id='word_1_324' title='bbox 214 2840 383 2891; x_wconf 74' lang='lat' dir='ltr'><strong>Gallia</strong></span> <span class='ocrx_word' id='word_1_325' title='bbox 427 2840 677 2890; x_wconf 66' lang='lat' dir='ltr'><strong>Nemauso</strong></span> <span class='ocrx_word' id='word_1_326' title='bbox 727 2841 969 2899; x_wconf 77' lang='lat' dir='ltr'><strong>civitate,</strong></span> <span class='ocrx_word' id='word_1_327' title='bbox 1017 2838 1040 2871; x_wconf 77' lang='grc' dir='ltr'>ά</span> <span class='ocrx_word' id='word_1_328' title='bbox 1070 2836 1317 2889; x_wconf 34' lang='lat' dir='ltr'><strong>‘Blaudii.</strong></span> <span class='ocrx_word' id='word_1_329' title='bbox 1372 2836 1431 2886; x_wconf 83' lang='grc' dir='ltr'>Τ.</span> <span class='ocrx_word' id='word_1_330' title='bbox 1460 2874 1473 2891; x_wconf 88' lang='grc'><strong>.</strong></span> <span class='ocrx_word' id='word_1_331' title='bbox 1524 2836 1724 2886; x_wconf 86' lang='lat' dir='ltr'><strong>Bautlii.</strong></span> 
     </span>
    </p>
   </div>
   <div class='ocr_carea' id='block_1_50' title="bbox 217 2902 1727 2984">
    <p class='ocr_par' dir='ltr' id='par_1_50' title="bbox 217 2902 1727 2984">
     <span class='ocr_line' id='line_1_50' title="bbox 217 2902 1727 2984; baseline -0.002 -28"><span class='ocrx_word' id='word_1_332' title='bbox 217 2911 275 2958; x_wconf 81' lang='grc' dir='ltr'>Β.</span> <span class='ocrx_word' id='word_1_333' title='bbox 303 2945 342 2984; x_wconf 42' lang='grc' dir='ltr'><strong>ε.</strong></span> <span class='ocrx_word' id='word_1_334' title='bbox 369 2906 580 2981; x_wconf 63' lang='lat' dir='ltr'><strong>Bauddi.</strong></span> <span class='ocrx_word' id='word_1_335' title='bbox 625 2907 682 2956; x_wconf 84' lang='lat' dir='ltr'><strong>L.</strong></span> <span class='ocrx_word' id='word_1_336' title='bbox 710 2944 725 2968; x_wconf 94' lang='lat'><strong>,</strong></span> <span class='ocrx_word' id='word_1_337' title='bbox 755 2906 912 2957; x_wconf 80' lang='lat' dir='ltr'><strong>Bautii</strong></span> <span class='ocrx_word' id='word_1_338' title='bbox 954 2910 1209 2971; x_wconf 85' lang='lat' dir='ltr'><strong>martyris.</strong></span> <span class='ocrx_word' id='word_1_339' title='bbox 1262 2906 1323 2955; x_wconf 82' lang='lat' dir='ltr'><strong>A.</strong></span> <span class='ocrx_word' id='word_1_340' title='bbox 1368 2902 1426 2955; x_wconf 83' lang='grc' dir='ltr'>Τ.</span> <span class='ocrx_word' id='word_1_341' title='bbox 1458 2904 1513 2954; x_wconf 83' lang='lat' dir='ltr'><strong>L.</strong></span> <span class='ocrx_word' id='word_1_342' title='bbox 1542 2942 1555 2967; x_wconf 87' lang='lat'><strong>,</strong></span> <span class='ocrx_word' id='word_1_343' title='bbox 1598 2902 1727 2955; x_wconf 87' lang='lat' dir='ltr'><strong>Cum</strong></span> 
     </span>
    </p>
   </div>
   <div class='ocr_carea' id='block_1_51' title="bbox 212 2988 526 3026">
    <p class='ocr_par' dir='ltr' id='par_1_51' title="bbox 212 2988 526 3026">
     <span class='ocr_line' id='line_1_51' title="bbox 212 2988 526 3026; baseline -0.006 -2"><span class='ocrx_word' id='word_1_344' title='bbox 212 2989 371 3026; x_wconf 68' lang='lat' dir='ltr'><strong>SOCIIS</strong></span> <span class='ocrx_word' id='word_1_345' title='bbox 400 2988 526 3023; x_wconf 76' lang='lat' dir='ltr'><strong>SIIIB.</strong></span> 
     </span>
    </p>
   </div>
   <div class='ocr_carea' id='block_1_52' title="bbox 279 3057 1113 3110">
    <p class='ocr_par' dir='ltr' id='par_1_52' title="bbox 279 3057 1113 3110">
     <span class='ocr_line' id='line_1_52' title="bbox 279 3057 1113 3110; baseline -0.002 -1"><span class='ocrx_word' id='word_1_346' title='bbox 279 3058 367 3109; x_wconf 64' lang='grc' dir='ltr'>Ἦ.</span> <span class='ocrx_word' id='word_1_347' title='bbox 397 3084 463 3097; x_wconf 71' lang='grc' dir='ltr'><strong>-ν</strong></span> <span class='ocrx_word' id='word_1_348' title='bbox 491 3058 574 3110; x_wconf 74' lang='lat' dir='ltr'><strong>XII</strong></span> <span class='ocrx_word' id='word_1_349' title='bbox 613 3057 742 3109; x_wconf 73' lang='grc' dir='ltr'>ΚΑΙ..</span> <span class='ocrx_word' id='word_1_350' title='bbox 769 3057 923 3108; x_wconf 71' lang='lat' dir='ltr'><strong>Vacat</strong></span> <span class='ocrx_word' id='word_1_351' title='bbox 947 3058 1113 3107; x_wconf 62' lang='lat' dir='ltr'><strong>Baeda.</strong></span> 
     </span>
    </p>
   </div>
   <div class='ocr_carea' id='block_1_53' title="bbox 286 3142 1719 3207">
    <p class='ocr_par' dir='ltr' id='par_1_53' title="bbox 286 3142 1719 3207">
     <span class='ocr_line' id='line_1_53' title="bbox 286 3142 1719 3207; baseline -0.001 -11"><span class='ocrx_word' id='word_1_352' title='bbox 286 3146 466 3198; x_wconf 83' lang='lat' dir='ltr'><strong>Florus</strong></span> <span class='ocrx_word' id='word_1_353' title='bbox 496 3146 544 3195; x_wconf 93' lang='lat' dir='ltr'><strong>in</strong></span> <span class='ocrx_word' id='word_1_354' title='bbox 571 3146 631 3196; x_wconf 87' lang='grc' dir='ltr'>Τ.</span> <span class='ocrx_word' id='word_1_355' title='bbox 663 3157 713 3196; x_wconf 91' lang='lat' dir='ltr'><strong>et</strong></span> <span class='ocrx_word' id='word_1_356' title='bbox 750 3146 805 3195; x_wconf 89' lang='lat' dir='ltr'><strong>L.</strong></span> <span class='ocrx_word' id='word_1_357' title='bbox 839 3184 852 3207; x_wconf 90' lang='lat'><strong>,</strong></span> <span class='ocrx_word' id='word_1_358' title='bbox 898 3146 947 3195; x_wconf 90' lang='lat' dir='ltr'><strong>In</strong></span> <span class='ocrx_word' id='word_1_359' title='bbox 980 3144 1235 3195; x_wconf 89' lang='lat' dir='ltr'><strong>territorio</strong></span> <span class='ocrx_word' id='word_1_360' title='bbox 1262 3142 1568 3195; x_wconf 71' lang='lat' dir='ltr'><strong>Iluburrensi</strong></span> <span class='ocrx_word' id='word_1_361' title='bbox 1603 3158 1719 3207; x_wconf 79' lang='lat' dir='ltr'><strong>pas-</strong></span> 
     </span>
    </p>
   </div>
   <div class='ocr_carea' id='block_1_54' title="bbox 1316 3032 1325 3055">
    <p class='ocr_par' dir='ltr' id='par_1_54' title="bbox 1316 3032 1325 3055">
     <span class='ocr_line' id='line_1_54' title="bbox 1316 3032 1325 3055; baseline 0 0"><span class='ocrx_word' id='word_1_362' title='bbox 1316 3032 1325 3055; x_wconf 64' lang='grc' dir='ltr'><strong>ε</strong></span> 
     </span>
    </p>
   </div>
   <div class='ocr_carea' id='block_1_55' title="bbox 216 3224 1795 3297">
    <p class='ocr_par' dir='ltr' id='par_1_55' title="bbox 216 3224 1795 3297">
     <span class='ocr_line' id='line_1_55' title="bbox 216 3224 1795 3297; baseline 0.001 -16"><span class='ocrx_word' id='word_1_363' title='bbox 216 3235 295 3282; x_wconf 73' lang='lat' dir='ltr'><strong>sio</strong></span> <span class='ocrx_word' id='word_1_364' title='bbox 343 3234 398 3285; x_wconf 91' lang='lat' dir='ltr'><strong>S.</strong></span> <span class='ocrx_word' id='word_1_365' title='bbox 431 3236 453 3260; x_wconf 71' lang='grc' dir='ltr'>θ</span> <span class='ocrx_word' id='word_1_366' title='bbox 484 3233 676 3290; x_wconf 80' lang='lat' dir='ltr'><strong>Manlii,</strong></span> <span class='ocrx_word' id='word_1_367' title='bbox 719 3233 801 3295; x_wconf 90' lang='lat' dir='ltr'><strong>qui</strong></span> <span class='ocrx_word' id='word_1_368' title='bbox 848 3244 1027 3295; x_wconf 82' lang='lat' dir='ltr'><strong>passus</strong></span> <span class='ocrx_word' id='word_1_369' title='bbox 1054 3224 1132 3282; x_wconf 86' lang='lat' dir='ltr'><strong>est</strong></span> <span class='ocrx_word' id='word_1_370' title='bbox 1178 3244 1204 3281; x_wconf 92' lang='lat' dir='ltr'><strong>a</strong></span> <span class='ocrx_word' id='word_1_371' title='bbox 1242 3230 1450 3290; x_wconf 76' lang='lat' dir='ltr'><strong>Iuda-is,</strong></span> <span class='ocrx_word' id='word_1_372' title='bbox 1480 3245 1629 3295; x_wconf 91' lang='lat' dir='ltr'><strong>quem</strong></span> <span class='ocrx_word' id='word_1_373' title='bbox 1658 3231 1724 3282; x_wconf 91' lang='lat' dir='ltr'><strong>ob</strong></span> <span class='ocrx_word' id='word_1_374' title='bbox 1753 3240 1795 3297; x_wconf 72' lang='grc' dir='ltr'>ο</span> 
     </span>
    </p>
   </div>
   <div class='ocr_carea' id='block_1_56' title="bbox 216 3316 1722 3375">
    <p class='ocr_par' dir='ltr' id='par_1_56' title="bbox 216 3316 1722 3375">
     <span class='ocr_line' id='line_1_56' title="bbox 216 3316 1722 3375; baseline -0.003 -6"><span class='ocrx_word' id='word_1_375' title='bbox 216 3318 335 3370; x_wconf 72' lang='lat' dir='ltr'><strong>Filii</strong></span> <span class='ocrx_word' id='word_1_376' title='bbox 385 3320 470 3371; x_wconf 89' lang='lat' dir='ltr'><strong>Dei</strong></span> <span class='ocrx_word' id='word_1_377' title='bbox 515 3319 885 3369; x_wconf 76' lang='lat' dir='ltr'><strong>confessionem</strong></span> <span class='ocrx_word' id='word_1_378' title='bbox 923 3326 1187 3367; x_wconf 79' lang='lat' dir='ltr'><strong>extensum</strong></span> <span class='ocrx_word' id='word_1_379' title='bbox 1237 3316 1429 3367; x_wconf 80' lang='lat' dir='ltr'><strong>funium</strong></span> <span class='ocrx_word' id='word_1_380' title='bbox 1487 3316 1722 3375; x_wconf 82' lang='lat' dir='ltr'><strong>vinculis,</strong></span> 
     </span>
    </p>
   </div>
   <div class='ocr_carea' id='block_1_57' title="bbox 217 3405 1726 3475">
    <p class='ocr_par' dir='ltr' id='par_1_57' title="bbox 217 3405 1726 3475">
     <span class='ocr_line' id='line_1_57' title="bbox 217 3405 1726 3475; baseline -0.005 -16"><span class='ocrx_word' id='word_1_381' title='bbox 217 3407 479 3475; x_wconf 76' lang='lat' dir='ltr'><strong>plagarum</strong></span> <span class='ocrx_word' id='word_1_382' title='bbox 522 3407 706 3459; x_wconf 86' lang='lat' dir='ltr'><strong>ictibus</strong></span> <span class='ocrx_word' id='word_1_383' title='bbox 766 3406 1119 3457; x_wconf 79' lang='lat' dir='ltr'><strong>verberabant.</strong></span> <span class='ocrx_word' id='word_1_384' title='bbox 1189 3405 1513 3457; x_wconf 90' lang='lat' dir='ltr'><strong>Postmodum</strong></span> <span class='ocrx_word' id='word_1_385' title='bbox 1568 3413 1726 3455; x_wconf 88' lang='lat' dir='ltr'><strong>totum</strong></span> 
     </span>
    </p>
   </div>
   <div class='ocr_carea' id='block_1_58' title="bbox 1828 2334 3339 2404">
    <p class='ocr_par' dir='ltr' id='par_1_58' title="bbox 1828 2334 3339 2404">
     <span class='ocr_line' id='line_1_58' title="bbox 1828 2334 3339 2404; baseline 0.005 -18"><span class='ocrx_word' id='word_1_386' title='bbox 1828 2351 2015 2401; x_wconf 85' lang='lat' dir='ltr'><strong>corpus</strong></span> <span class='ocrx_word' id='word_1_387' title='bbox 2060 2334 2359 2386; x_wconf 85' lang='lat' dir='ltr'><strong>arctissimis</strong></span> <span class='ocrx_word' id='word_1_388' title='bbox 2406 2334 2621 2386; x_wconf 87' lang='lat' dir='ltr'><strong>vinculis</strong></span> <span class='ocrx_word' id='word_1_389' title='bbox 2685 2336 3017 2402; x_wconf 72' lang='lat' dir='ltr'><strong>alligaverunt</strong></span> <span class='ocrx_word' id='word_1_390' title='bbox 3081 2340 3339 2404; x_wconf 83' lang='lat' dir='ltr'><strong>tantisque</strong></span> 
     </span>
    </p>
   </div>
   <div class='ocr_carea' id='block_1_59' title="bbox 1829 2423 3337 2487">
    <p class='ocr_par' dir='ltr' id='par_1_59' title="bbox 1829 2423 3337 2487">
     <span class='ocr_line' id='line_1_59' title="bbox 1829 2423 3337 2487; baseline 0.003 -11"><span class='ocrx_word' id='word_1_391' title='bbox 1829 2440 2014 2487; x_wconf 78' lang='lat' dir='ltr'><strong>corpus</strong></span> <span class='ocrx_word' id='word_1_392' title='bbox 2043 2425 2339 2475; x_wconf 80' lang='lat' dir='ltr'><strong>vulneribus</strong></span> <span class='ocrx_word' id='word_1_393' title='bbox 2378 2423 2674 2486; x_wconf 78' lang='lat' dir='ltr'><strong>allecerunt,</strong></span> <span class='ocrx_word' id='word_1_394' title='bbox 2723 2436 2777 2476; x_wconf 92' lang='lat' dir='ltr'><strong>ut</strong></span> <span class='ocrx_word' id='word_1_395' title='bbox 2808 2426 3035 2478; x_wconf 87' lang='lat' dir='ltr'><strong>membra</strong></span> <span class='ocrx_word' id='word_1_396' title='bbox 3076 2430 3337 2480; x_wconf 82' lang='lat' dir='ltr'><strong>vermibus</strong></span> 
     </span>
    </p>
   </div>
   <div class='ocr_carea' id='block_1_60' title="bbox 1832 2506 3338 2579">
    <p class='ocr_par' dir='ltr' id='par_1_60' title="bbox 1832 2506 3338 2579">
     <span class='ocr_line' id='line_1_60' title="bbox 1832 2506 3338 2579; baseline 0.003 -19"><span class='ocrx_word' id='word_1_397' title='bbox 1832 2517 2115 2575; x_wconf 89' lang='lat' dir='ltr'><strong>pascerent.</strong></span> <span class='ocrx_word' id='word_1_398' title='bbox 2151 2509 2168 2545; x_wconf 71' lang='grc' dir='ltr'><em>ί</em></span> <span class='ocrx_word' id='word_1_399' title='bbox 2213 2508 2360 2559; x_wconf 86' lang='lat' dir='ltr'><strong>Ilisce</strong></span> <span class='ocrx_word' id='word_1_400' title='bbox 2397 2506 2641 2573; x_wconf 84' lang='lat' dir='ltr'><strong>adjiciunt</strong></span> <span class='ocrx_word' id='word_1_401' title='bbox 2681 2519 2735 2560; x_wconf 92' lang='lat' dir='ltr'><strong>ut</strong></span> <span class='ocrx_word' id='word_1_402' title='bbox 2773 2514 2839 2560; x_wconf 83' lang='lat' dir='ltr'><strong>ab</strong></span> <span class='ocrx_word' id='word_1_403' title='bbox 2875 2521 2989 2562; x_wconf 90' lang='lat' dir='ltr'><strong>ortu</strong></span> <span class='ocrx_word' id='word_1_404' title='bbox 3010 2512 3134 2565; x_wconf 88' lang='lat' dir='ltr'><strong>solis</strong></span> <span class='ocrx_word' id='word_1_405' title='bbox 3180 2528 3338 2579; x_wconf 85' lang='lat' dir='ltr'><strong>usque</strong></span> 
     </span>
    </p>
   </div>
   <div class='ocr_carea' id='block_1_61' title="bbox 1832 2596 3337 2668">
    <p class='ocr_par' dir='ltr' id='par_1_61' title="bbox 1832 2596 3337 2668">
     <span class='ocr_line' id='line_1_61' title="bbox 1832 2596 3337 2668; baseline 0.003 -20"><span class='ocrx_word' id='word_1_406' title='bbox 1832 2599 1894 2651; x_wconf 89' lang='lat' dir='ltr'><strong>ad</strong></span> <span class='ocrx_word' id='word_1_407' title='bbox 1942 2612 2180 2650; x_wconf 80' lang='lat' dir='ltr'><strong>occasum</strong></span> <span class='ocrx_word' id='word_1_408' title='bbox 2230 2596 2499 2651; x_wconf 75' lang='lat' dir='ltr'><strong>exercendi</strong></span> <span class='ocrx_word' id='word_1_409' title='bbox 2550 2610 2705 2648; x_wconf 83' lang='lat' dir='ltr'><strong>causa</strong></span> <span class='ocrx_word' id='word_1_410' title='bbox 2748 2610 2925 2649; x_wconf 84' lang='lat' dir='ltr'><strong>rursus</strong></span> <span class='ocrx_word' id='word_1_411' title='bbox 2956 2599 3004 2650; x_wconf 94' lang='lat' dir='ltr'><strong>in</strong></span> <span class='ocrx_word' id='word_1_412' title='bbox 3052 2602 3337 2668; x_wconf 79' lang='lat' dir='ltr'><strong>graviorem</strong></span> 
     </span>
    </p>
   </div>
   <div class='ocr_carea' id='block_1_62' title="bbox 1832 2680 3337 2745">
    <p class='ocr_par' dir='ltr' id='par_1_62' title="bbox 1832 2680 3337 2745">
     <span class='ocr_line' id='line_1_62' title="bbox 1832 2680 3337 2745; baseline 0.003 -12"><span class='ocrx_word' id='word_1_413' title='bbox 1832 2683 2084 2734; x_wconf 85' lang='lat' dir='ltr'><strong>culturam</strong></span> <span class='ocrx_word' id='word_1_414' title='bbox 2153 2683 2365 2745; x_wconf 65' lang='lat' dir='ltr'><strong>pwnalis</strong></span> <span class='ocrx_word' id='word_1_415' title='bbox 2434 2695 2678 2732; x_wconf 84' lang='lat' dir='ltr'><strong>numerus</strong></span> <span class='ocrx_word' id='word_1_416' title='bbox 2730 2680 3041 2736; x_wconf 78' lang='lat' dir='ltr'><strong>adderetur:</strong></span> <span class='ocrx_word' id='word_1_417' title='bbox 3086 2685 3175 2737; x_wconf 88' lang='lat' dir='ltr'><strong>sed</strong></span> <span class='ocrx_word' id='word_1_418' title='bbox 3225 2686 3337 2739; x_wconf 85' lang='lat' dir='ltr'><strong>istis</strong></span> 
     </span>
    </p>
   </div>
   <div class='ocr_carea' id='block_1_63' title="bbox 1823 2759 2980 2833">
    <p class='ocr_par' dir='ltr' id='par_1_63' title="bbox 1823 2759 2980 2833">
     <span class='ocr_line' id='line_1_63' title="bbox 1823 2759 2980 2833; baseline 0.001 -16"><span class='ocrx_word' id='word_1_419' title='bbox 1823 2759 2057 2818; x_wconf 83' lang='lat' dir='ltr'><strong>omnibus</strong></span> <span class='ocrx_word' id='word_1_420' title='bbox 2084 2767 2320 2829; x_wconf 75' lang='lat' dir='ltr'><strong>invictus,</strong></span> <span class='ocrx_word' id='word_1_421' title='bbox 2356 2766 2460 2817; x_wconf 87' lang='lat' dir='ltr'><strong>Deo</strong></span> <span class='ocrx_word' id='word_1_422' title='bbox 2484 2766 2713 2833; x_wconf 89' lang='lat' dir='ltr'><strong>spiritum</strong></span> <span class='ocrx_word' id='word_1_423' title='bbox 2744 2768 2980 2819; x_wconf 85' lang='lat' dir='ltr'><strong>reddidit.</strong></span> 
     </span>
    </p>
   </div>
   <div class='ocr_carea' id='block_1_64' title="bbox 1895 2871 3335 2942">
    <p class='ocr_par' dir='ltr' id='par_1_64' title="bbox 1895 2871 3335 2942">
     <span class='ocr_line' id='line_1_64' title="bbox 1895 2871 3335 2942; baseline 0.003 -21"><span class='ocrx_word' id='word_1_424' title='bbox 1895 2875 1978 2934; x_wconf 72' lang='grc' dir='ltr'>ν..</span> <span class='ocrx_word' id='word_1_425' title='bbox 2032 2873 2205 2942; x_wconf 64' lang='lat' dir='ltr'><strong>Roinzp</strong></span> <span class='ocrx_word' id='word_1_426' title='bbox 2235 2882 2257 2916; x_wconf 79' lang='grc' dir='ltr'><strong><em>κ</em></strong></span> <span class='ocrx_word' id='word_1_427' title='bbox 2286 2872 2767 2942; x_wconf 24' lang='grc' dir='ltr'><strong>βιδδίλίίδςφ,-“Ᾱυ1”ϐί,</strong></span> <span class='ocrx_word' id='word_1_428' title='bbox 2797 2871 2822 2907; x_wconf 68' lang='grc' dir='ltr'>δ</span> <span class='ocrx_word' id='word_1_429' title='bbox 2866 2871 3094 2942; x_wconf 69' lang='lat' dir='ltr'><strong>Cervasii</strong></span> <span class='ocrx_word' id='word_1_430' title='bbox 3131 2884 3183 2927; x_wconf 90' lang='lat' dir='ltr'><strong>et</strong></span> <span class='ocrx_word' id='word_1_431' title='bbox 3208 2875 3335 2927; x_wconf 79' lang='lat' dir='ltr'><strong>Pro-</strong></span> 
     </span>
    </p>
   </div>
   <div class='ocr_carea' id='block_1_65' title="bbox 1822 2938 3333 3007">
    <p class='ocr_par' dir='ltr' id='par_1_65' title="bbox 1822 2938 3333 3007">
     <span class='ocr_line' id='line_1_65' title="bbox 1822 2938 3333 3007; baseline 0.009 -25"><span class='ocrx_word' id='word_1_432' title='bbox 1822 2942 1956 2992; x_wconf 66' lang='lat' dir='ltr'><strong>mdi.</strong></span> <span class='ocrx_word' id='word_1_433' title='bbox 1992 2944 2049 2993; x_wconf 72' lang='grc' dir='ltr'>[ι.</span> <span class='ocrx_word' id='word_1_434' title='bbox 2082 2979 2095 2999; x_wconf 88' lang='grc'><strong>.</strong></span> <span class='ocrx_word' id='word_1_435' title='bbox 2145 2938 2471 3007; x_wconf 83' lang='lat' dir='ltr'><strong>Mauritania,</strong></span> <span class='ocrx_word' id='word_1_436' title='bbox 2518 2940 2530 2973; x_wconf 72' lang='grc' dir='ltr'>ί</span> <span class='ocrx_word' id='word_1_437' title='bbox 2567 2939 2818 2990; x_wconf 86' lang='lat' dir='ltr'><strong>Tuuotliei</strong></span> <span class='ocrx_word' id='word_1_438' title='bbox 2855 2938 3135 3007; x_wconf 71' lang='lat' dir='ltr'><strong>presbyteri</strong></span> <span class='ocrx_word' id='word_1_439' title='bbox 3159 2949 3211 2993; x_wconf 89' lang='lat' dir='ltr'><strong>et</strong></span> <span class='ocrx_word' id='word_1_440' title='bbox 3234 2943 3333 2995; x_wconf 80' lang='lat' dir='ltr'><strong>Eu-</strong></span> 
     </span>
    </p>
   </div>
   <div class='ocr_carea' id='block_1_66' title="bbox 1827 3006 3331 3071">
    <p class='ocr_par' dir='ltr' id='par_1_66' title="bbox 1827 3006 3331 3071">
     <span class='ocr_line' id='line_1_66' title="bbox 1827 3006 3331 3071; baseline 0.001 -12"><span class='ocrx_word' id='word_1_441' title='bbox 1827 3011 1942 3067; x_wconf 76' lang='lat' dir='ltr'><strong>tyi-ii</strong></span> <span class='ocrx_word' id='word_1_442' title='bbox 1973 3009 2191 3057; x_wconf 76' lang='lat' dir='ltr'><strong>diaconi.</strong></span> <span class='ocrx_word' id='word_1_443' title='bbox 2227 3008 2281 3057; x_wconf 85' lang='lat' dir='ltr'><strong>Il.</strong></span> <span class='ocrx_word' id='word_1_444' title='bbox 2317 3045 2329 3062; x_wconf 92' lang='lat'><strong>,</strong></span> <span class='ocrx_word' id='word_1_445' title='bbox 2378 3006 2429 3055; x_wconf 90' lang='lat' dir='ltr'><strong>In</strong></span> <span class='ocrx_word' id='word_1_446' title='bbox 2473 3006 2637 3056; x_wconf 73' lang='lat' dir='ltr'><strong>Africa</strong></span> <span class='ocrx_word' id='word_1_447' title='bbox 2681 3007 2981 3059; x_wconf 83' lang='lat' dir='ltr'><strong>nataleSS.</strong></span> <span class='ocrx_word' id='word_1_448' title='bbox 3011 3006 3171 3071; x_wconf 71' lang='lat' dir='ltr'><strong>Vteti,</strong></span> <span class='ocrx_word' id='word_1_449' title='bbox 3200 3011 3331 3061; x_wconf 82' lang='lat' dir='ltr'><strong>Mar-</strong></span> 
     </span>
    </p>
   </div>
   <div class='ocr_carea' id='block_1_67' title="bbox 1826 3072 3337 3138">
    <p class='ocr_par' dir='ltr' id='par_1_67' title="bbox 1826 3072 3337 3138">
     <span class='ocr_line' id='line_1_67' title="bbox 1826 3072 3337 3138; baseline 0.004 -19"><span class='ocrx_word' id='word_1_450' title='bbox 1826 3078 2008 3135; x_wconf 69' lang='lat' dir='ltr'><strong>cellm,</strong></span> <span class='ocrx_word' id='word_1_451' title='bbox 2062 3075 2279 3136; x_wconf 79' lang='lat' dir='ltr'><strong>Quinti,</strong></span> <span class='ocrx_word' id='word_1_452' title='bbox 2341 3072 2585 3130; x_wconf 88' lang='lat' dir='ltr'><strong>Primnli,</strong></span> <span class='ocrx_word' id='word_1_453' title='bbox 2645 3072 2865 3138; x_wconf 90' lang='lat' dir='ltr'><strong>Salutii,</strong></span> <span class='ocrx_word' id='word_1_454' title='bbox 2933 3075 3215 3129; x_wconf 83' lang='lat' dir='ltr'><strong>Fortunati.</strong></span> <span class='ocrx_word' id='word_1_455' title='bbox 3286 3078 3337 3128; x_wconf 90' lang='lat' dir='ltr'><strong>In</strong></span> 
     </span>
    </p>
   </div>
   <div class='ocr_carea' id='block_1_68' title="bbox 1830 3139 3335 3195">
    <p class='ocr_par' dir='ltr' id='par_1_68' title="bbox 1830 3139 3335 3195">
     <span class='ocr_line' id='line_1_68' title="bbox 1830 3139 3335 3195; baseline 0.002 -5"><span class='ocrx_word' id='word_1_456' title='bbox 1830 3145 1842 3190; x_wconf 91' lang='lat' dir='ltr'><strong>I</strong></span> <span class='ocrx_word' id='word_1_457' title='bbox 1883 3143 2134 3194; x_wconf 84' lang='lat' dir='ltr'><strong>Britannia</strong></span> <span class='ocrx_word' id='word_1_458' title='bbox 2186 3140 2349 3191; x_wconf 88' lang='lat' dir='ltr'><strong>natale</strong></span> <span class='ocrx_word' id='word_1_459' title='bbox 2385 3139 2636 3190; x_wconf 81' lang='lat' dir='ltr'><strong>&#39;I&#39;itnotltei</strong></span> <span class='ocrx_word' id='word_1_460' title='bbox 2667 3140 2884 3192; x_wconf 82' lang='lat' dir='ltr'><strong>diacnni.</strong></span> <span class='ocrx_word' id='word_1_461' title='bbox 2926 3143 2976 3193; x_wconf 87' lang='lat' dir='ltr'><strong>lii</strong></span> <span class='ocrx_word' id='word_1_462' title='bbox 3006 3144 3335 3195; x_wconf 79' lang='lat' dir='ltr'><strong>Autisiodoru</strong></span> 
     </span>
    </p>
   </div>
   <div class='ocr_carea' id='block_1_69' title="bbox 1826 3207 3330 3274">
    <p class='ocr_par' dir='ltr' id='par_1_69' title="bbox 1826 3207 3330 3274">
     <span class='ocr_line' id='line_1_69' title="bbox 1826 3207 3330 3274; baseline 0.001 -13"><span class='ocrx_word' id='word_1_463' title='bbox 1826 3211 2076 3273; x_wconf 83' lang='lat' dir='ltr'><strong>depositio</strong></span> <span class='ocrx_word' id='word_1_464' title='bbox 2104 3210 2157 3258; x_wconf 84' lang='grc' dir='ltr'>Β.</span> <span class='ocrx_word' id='word_1_465' title='bbox 2194 3207 2324 3257; x_wconf 76' lang='lat' dir='ltr'><strong>\la-is</strong></span> <span class='ocrx_word' id='word_1_466' title='bbox 2355 3207 2653 3274; x_wconf 50' lang='lat' dir='ltr'><strong>p&#39;esbyteri.</strong></span> <span class='ocrx_word' id='word_1_467' title='bbox 2687 3212 2747 3258; x_wconf 74' lang='grc' dir='ltr'>Α.</span> <span class='ocrx_word' id='word_1_468' title='bbox 2780 3208 2837 3258; x_wconf 85' lang='lat' dir='ltr'><strong>&#39;l‘.</strong></span> <span class='ocrx_word' id='word_1_469' title='bbox 2878 3210 2932 3260; x_wconf 66' lang='grc' dir='ltr'>Ι..</span> <span class='ocrx_word' id='word_1_470' title='bbox 2958 3249 2973 3272; x_wconf 84' lang='grc'><em>,</em></span> <span class='ocrx_word' id='word_1_471' title='bbox 3002 3212 3056 3261; x_wconf 89' lang='lat' dir='ltr'><strong>In</strong></span> <span class='ocrx_word' id='word_1_472' title='bbox 3088 3210 3330 3262; x_wconf 80' lang='lat' dir='ltr'><strong>Maurita-</strong></span> 
     </span>
    </p>
   </div>
   <div class='ocr_carea' id='block_1_70' title="bbox 1831 3274 3332 3340">
    <p class='ocr_par' dir='ltr' id='par_1_70' title="bbox 1831 3274 3332 3340">
     <span class='ocr_line' id='line_1_70' title="bbox 1831 3274 3332 3340; baseline 0.001 -14"><span class='ocrx_word' id='word_1_473' title='bbox 1831 3280 1911 3327; x_wconf 89' lang='lat' dir='ltr'><strong>nia</strong></span> <span class='ocrx_word' id='word_1_474' title='bbox 1938 3278 2101 3326; x_wconf 88' lang='lat' dir='ltr'><strong>natale</strong></span> <span class='ocrx_word' id='word_1_475' title='bbox 2129 3275 2221 3327; x_wconf 88' lang='lat' dir='ltr'><strong>SS.</strong></span> <span class='ocrx_word' id='word_1_476' title='bbox 2248 3275 2269 3307; x_wconf 73' lang='grc'>¹¹</span> <span class='ocrx_word' id='word_1_477' title='bbox 2302 3274 2562 3325; x_wconf 83' lang='lat' dir='ltr'><strong>Polientiei</strong></span> <span class='ocrx_word' id='word_1_478' title='bbox 2590 3274 2808 3334; x_wconf 89' lang='lat' dir='ltr'><strong>diaconi,</strong></span> <span class='ocrx_word' id='word_1_479' title='bbox 2837 3275 3091 3329; x_wconf 85' lang='lat' dir='ltr'><strong>Timothei</strong></span> <span class='ocrx_word' id='word_1_480' title='bbox 3114 3290 3164 3330; x_wconf 91' lang='lat' dir='ltr'><strong>et</strong></span> <span class='ocrx_word' id='word_1_481' title='bbox 3183 3277 3332 3340; x_wconf 79' lang='lat' dir='ltr'><strong>Victi,</strong></span> 
     </span>
    </p>
   </div>
   <div class='ocr_carea' id='block_1_71' title="bbox 1831 3343 2822 3409">
    <p class='ocr_par' dir='ltr' id='par_1_71' title="bbox 1831 3343 2822 3409">
     <span class='ocr_line' id='line_1_71' title="bbox 1831 3343 2822 3409; baseline 0 -18"><span class='ocrx_word' id='word_1_482' title='bbox 1831 3344 1914 3409; x_wconf 87' lang='lat' dir='ltr'><strong>qui</strong></span> <span class='ocrx_word' id='word_1_483' title='bbox 1941 3344 1989 3393; x_wconf 93' lang='lat' dir='ltr'><strong>in</strong></span> <span class='ocrx_word' id='word_1_484' title='bbox 2014 3356 2109 3393; x_wconf 90' lang='lat' dir='ltr'><strong>una</strong></span> <span class='ocrx_word' id='word_1_485' title='bbox 2138 3343 2222 3393; x_wconf 90' lang='lat' dir='ltr'><strong>die</strong></span> <span class='ocrx_word' id='word_1_486' title='bbox 2250 3351 2542 3391; x_wconf 81' lang='lat' dir='ltr'><strong>meruerunt</strong></span> <span class='ocrx_word' id='word_1_487' title='bbox 2568 3344 2822 3391; x_wconf 89' lang='lat' dir='ltr'><strong>coronari.</strong></span> 
     </span>
    </p>
   </div>
   <div class='ocr_carea' id='block_1_72' title="bbox 1573 3490 2023 3545">
    <p class='ocr_par' dir='ltr' id='par_1_72' title="bbox 1573 3490 2023 3545">
     <span class='ocr_line' id='line_1_72' title="bbox 1573 3490 2023 3545; baseline -0.004 -2"><span class='ocrx_word' id='word_1_488' title='bbox 1573 3493 1767 3545; x_wconf 78' lang='lat' dir='ltr'><strong>SMITII</strong></span> <span class='ocrx_word' id='word_1_489' title='bbox 1806 3490 2023 3545; x_wconf 64' lang='grc' dir='ltr'>ΝΟΤιΕ.</span> 
     </span>
    </p>
   </div>
   <div class='ocr_carea' id='block_1_73' title="bbox 220 3583 1729 3651">
    <p class='ocr_par' dir='ltr' id='par_1_73' title="bbox 220 3583 1729 3651">
     <span class='ocr_line' id='line_1_73' title="bbox 220 3583 1729 3651; baseline -0.003 -14"><span class='ocrx_word' id='word_1_490' title='bbox 220 3585 363 3637; x_wconf 85' lang='lat' dir='ltr'><strong>Pauli</strong></span> <span class='ocrx_word' id='word_1_491' title='bbox 394 3584 471 3635; x_wconf 75' lang='lat' dir='ltr'><strong>hic</strong></span> <span class='ocrx_word' id='word_1_492' title='bbox 501 3584 684 3636; x_wconf 91' lang='lat' dir='ltr'><strong>dicitur</strong></span> <span class='ocrx_word' id='word_1_493' title='bbox 707 3585 755 3633; x_wconf 91' lang='lat' dir='ltr'><strong>in</strong></span> <span class='ocrx_word' id='word_1_494' title='bbox 782 3584 1035 3651; x_wconf 79' lang='lat' dir='ltr'><strong>plerisque</strong></span> <span class='ocrx_word' id='word_1_495' title='bbox 1055 3583 1446 3651; x_wconf 76' lang='lat' dir='ltr'><strong>Martyrologiis.</strong></span> <span class='ocrx_word' id='word_1_496' title='bbox 1474 3583 1729 3636; x_wconf 84' lang='lat' dir='ltr'><strong>Antonius</strong></span> 
     </span>
    </p>
   </div>
   <div class='ocr_carea' id='block_1_74' title="bbox 222 3652 1730 3716">
    <p class='ocr_par' dir='ltr' id='par_1_74' title="bbox 222 3652 1730 3716">
     <span class='ocr_line' id='line_1_74' title="bbox 222 3652 1730 3716; baseline -0.002 -12"><span class='ocrx_word' id='word_1_497' title='bbox 222 3652 488 3704; x_wconf 77' lang='lat' dir='ltr'><strong>Gallonius</strong></span> <span class='ocrx_word' id='word_1_498' title='bbox 523 3652 727 3716; x_wconf 74' lang='lat' dir='ltr'><strong>quidem</strong></span> <span class='ocrx_word' id='word_1_499' title='bbox 755 3660 950 3711; x_wconf 79' lang='lat' dir='ltr'><strong>ct-nsel,</strong></span> <span class='ocrx_word' id='word_1_500' title='bbox 997 3652 1128 3715; x_wconf 88' lang='lat' dir='ltr'><strong>quod</strong></span> <span class='ocrx_word' id='word_1_501' title='bbox 1158 3653 1222 3701; x_wconf 83' lang='lat' dir='ltr'><strong>ab</strong></span> <span class='ocrx_word' id='word_1_502' title='bbox 1266 3654 1363 3701; x_wconf 85' lang='lat' dir='ltr'><strong>isto</strong></span> <span class='ocrx_word' id='word_1_503' title='bbox 1407 3654 1608 3703; x_wconf 87' lang='lat' dir='ltr'><strong>seniore</strong></span> <span class='ocrx_word' id='word_1_504' title='bbox 1634 3653 1730 3702; x_wconf 80' lang='lat' dir='ltr'><strong>Pn-</strong></span> 
     </span>
    </p>
   </div>
   <div class='ocr_carea' id='block_1_75' title="bbox 220 3717 1726 3781">
    <p class='ocr_par' dir='ltr' id='par_1_75' title="bbox 220 3717 1726 3781">
     <span class='ocr_line' id='line_1_75' title="bbox 220 3717 1726 3781; baseline -0.002 -12"><span class='ocrx_word' id='word_1_505' title='bbox 220 3721 374 3770; x_wconf 87' lang='lat' dir='ltr'><strong>dente</strong></span> <span class='ocrx_word' id='word_1_506' title='bbox 405 3734 433 3769; x_wconf 85' lang='lat' dir='ltr'><strong>a</strong></span> <span class='ocrx_word' id='word_1_507' title='bbox 464 3720 515 3769; x_wconf 91' lang='lat' dir='ltr'><strong>S.</strong></span> <span class='ocrx_word' id='word_1_508' title='bbox 563 3717 717 3768; x_wconf 79' lang='lat' dir='ltr'><strong>I‘aulo</strong></span> <span class='ocrx_word' id='word_1_509' title='bbox 764 3728 1042 3767; x_wconf 87' lang='lat' dir='ltr'><strong>memorato</strong></span> <span class='ocrx_word' id='word_1_510' title='bbox 1092 3718 1399 3778; x_wconf 81' lang='lat' dir='ltr'><strong>processerit</strong></span> <span class='ocrx_word' id='word_1_511' title='bbox 1437 3719 1586 3778; x_wconf 81' lang='lat' dir='ltr'><strong>alter,</strong></span> <span class='ocrx_word' id='word_1_512' title='bbox 1640 3718 1726 3781; x_wconf 89' lang='lat' dir='ltr'><strong>qui</strong></span> 
     </span>
    </p>
   </div>
   <div class='ocr_carea' id='block_1_76' title="bbox 225 3784 1726 3837">
    <p class='ocr_par' dir='ltr' id='par_1_76' title="bbox 225 3784 1726 3837">
     <span class='ocr_line' id='line_1_76' title="bbox 225 3784 1726 3837; baseline -0.003 0"><span class='ocrx_word' id='word_1_513' title='bbox 225 3787 343 3837; x_wconf 84' lang='lat' dir='ltr'><strong>ideo</strong></span> <span class='ocrx_word' id='word_1_514' title='bbox 387 3788 550 3835; x_wconf 83' lang='lat' dir='ltr'><strong>solum</strong></span> <span class='ocrx_word' id='word_1_515' title='bbox 579 3786 775 3835; x_wconf 81' lang='lat' dir='ltr'><strong>dicatur</strong></span> <span class='ocrx_word' id='word_1_516' title='bbox 819 3800 845 3834; x_wconf 89' lang='lat' dir='ltr'><strong>a</strong></span> <span class='ocrx_word' id='word_1_517' title='bbox 885 3789 938 3835; x_wconf 87' lang='lat' dir='ltr'><strong>S.</strong></span> <span class='ocrx_word' id='word_1_518' title='bbox 990 3784 1145 3836; x_wconf 77' lang='lat' dir='ltr'><strong>Paulo</strong></span> <span class='ocrx_word' id='word_1_519' title='bbox 1196 3786 1406 3835; x_wconf 89' lang='lat' dir='ltr'><strong>edoctus</strong></span> <span class='ocrx_word' id='word_1_520' title='bbox 1455 3793 1505 3834; x_wconf 87' lang='lat' dir='ltr'><strong>et</strong></span> <span class='ocrx_word' id='word_1_521' title='bbox 1534 3786 1726 3833; x_wconf 85' lang='lat' dir='ltr'><strong>amicus</strong></span> 
     </span>
    </p>
   </div>
   <div class='ocr_carea' id='block_1_77' title="bbox 222 3850 1724 3917">
    <p class='ocr_par' dir='ltr' id='par_1_77' title="bbox 222 3850 1724 3917">
     <span class='ocr_line' id='line_1_77' title="bbox 222 3850 1724 3917; baseline 0 -16"><span class='ocrx_word' id='word_1_522' title='bbox 222 3853 585 3917; x_wconf 86' lang='lat' dir='ltr'><strong>apostolorum,</strong></span> <span class='ocrx_word' id='word_1_523' title='bbox 620 3852 751 3915; x_wconf 83' lang='lat' dir='ltr'><strong>quod</strong></span> <span class='ocrx_word' id='word_1_524' title='bbox 783 3851 959 3901; x_wconf 88' lang='lat' dir='ltr'><strong>horum</strong></span> <span class='ocrx_word' id='word_1_525' title='bbox 992 3852 1249 3902; x_wconf 68' lang='lat' dir='ltr'><strong>memoria:</strong></span> <span class='ocrx_word' id='word_1_526' title='bbox 1290 3850 1611 3916; x_wconf 81' lang='lat' dir='ltr'><strong>singulariter</strong></span> <span class='ocrx_word' id='word_1_527' title='bbox 1636 3852 1724 3901; x_wconf 89' lang='lat' dir='ltr'><strong>de—</strong></span> 
     </span>
    </p>
   </div>
   <div class='ocr_carea' id='block_1_78' title="bbox 226 3917 1726 3980">
    <p class='ocr_par' dir='ltr' id='par_1_78' title="bbox 226 3917 1726 3980">
     <span class='ocr_line' id='line_1_78' title="bbox 226 3917 1726 3980; baseline -0.001 -12"><span class='ocrx_word' id='word_1_528' title='bbox 226 3928 374 3969; x_wconf 77' lang='lat' dir='ltr'><strong>Vt-tus</strong></span> <span class='ocrx_word' id='word_1_529' title='bbox 416 3919 594 3979; x_wconf 86' lang='lat' dir='ltr'><strong>luerit;</strong></span> <span class='ocrx_word' id='word_1_530' title='bbox 641 3928 691 3967; x_wconf 90' lang='lat' dir='ltr'><strong>et</strong></span> <span class='ocrx_word' id='word_1_531' title='bbox 720 3917 1038 3980; x_wconf 86' lang='lat' dir='ltr'><strong>disciplinam</strong></span> <span class='ocrx_word' id='word_1_532' title='bbox 1080 3934 1227 3979; x_wconf 89' lang='lat' dir='ltr'><strong>quam</strong></span> <span class='ocrx_word' id='word_1_533' title='bbox 1271 3919 1399 3969; x_wconf 86' lang='lat' dir='ltr'><strong>alter</strong></span> <span class='ocrx_word' id='word_1_534' title='bbox 1438 3919 1493 3969; x_wconf 90' lang='lat' dir='ltr'><strong>S.</strong></span> <span class='ocrx_word' id='word_1_535' title='bbox 1531 3920 1726 3968; x_wconf 63' lang='lat' dir='ltr'><strong>Pudens</strong></span> 
     </span>
    </p>
   </div>
   <div class='ocr_carea' id='block_1_79' title="bbox 225 3983 1726 4049">
    <p class='ocr_par' dir='ltr' id='par_1_79' title="bbox 225 3983 1726 4049">
     <span class='ocr_line' id='line_1_79' title="bbox 225 3983 1726 4049; baseline -0.001 -16"><span class='ocrx_word' id='word_1_536' title='bbox 225 4000 350 4035; x_wconf 85' lang='lat' dir='ltr'><strong>avus</strong></span> <span class='ocrx_word' id='word_1_537' title='bbox 374 3986 449 4033; x_wconf 91' lang='lat' dir='ltr'><strong>vel</strong></span> <span class='ocrx_word' id='word_1_538' title='bbox 477 3995 681 4049; x_wconf 85' lang='lat' dir='ltr'><strong>patruus</strong></span> <span class='ocrx_word' id='word_1_539' title='bbox 703 3983 814 4049; x_wconf 71' lang='lat' dir='ltr'><strong>ejus</strong></span> <span class='ocrx_word' id='word_1_540' title='bbox 841 4000 865 4033; x_wconf 88' lang='lat' dir='ltr'><strong>a</strong></span> <span class='ocrx_word' id='word_1_541' title='bbox 901 3984 1054 4033; x_wconf 82' lang='lat' dir='ltr'><strong>Paulo</strong></span> <span class='ocrx_word' id='word_1_542' title='bbox 1081 3986 1336 4041; x_wconf 82' lang='lat' dir='ltr'><strong>hauserat,</strong></span> <span class='ocrx_word' id='word_1_543' title='bbox 1370 3998 1458 4049; x_wconf 88' lang='lat' dir='ltr'><strong>per</strong></span> <span class='ocrx_word' id='word_1_544' title='bbox 1484 3986 1726 4035; x_wconf 58' lang='lat' dir='ltr'><strong>domesti-</strong></span> 
     </span>
    </p>
   </div>
   <div class='ocr_carea' id='block_1_80' title="bbox 220 4048 1727 4115">
    <p class='ocr_par' dir='ltr' id='par_1_80' title="bbox 220 4048 1727 4115">
     <span class='ocr_line' id='line_1_80' title="bbox 220 4048 1727 4115; baseline 0 -14"><span class='ocrx_word' id='word_1_545' title='bbox 220 4066 333 4101; x_wconf 90' lang='lat' dir='ltr'><strong>cam</strong></span> <span class='ocrx_word' id='word_1_546' title='bbox 363 4048 681 4101; x_wconf 84' lang='lat' dir='ltr'><strong>traditionem</strong></span> <span class='ocrx_word' id='word_1_547' title='bbox 710 4052 943 4102; x_wconf 76' lang='lat' dir='ltr'><strong>servavit.</strong></span> <span class='ocrx_word' id='word_1_548' title='bbox 967 4050 1217 4115; x_wconf 89' lang='lat' dir='ltr'><strong>Quidquid</strong></span> <span class='ocrx_word' id='word_1_549' title='bbox 1261 4048 1430 4100; x_wconf 81' lang='lat' dir='ltr'><strong>autem</strong></span> <span class='ocrx_word' id='word_1_550' title='bbox 1474 4052 1538 4101; x_wconf 88' lang='lat' dir='ltr'><strong>sit</strong></span> <span class='ocrx_word' id='word_1_551' title='bbox 1578 4052 1641 4101; x_wconf 86' lang='lat' dir='ltr'><strong>de</strong></span> <span class='ocrx_word' id='word_1_552' title='bbox 1670 4066 1727 4101; x_wconf 84' lang='lat' dir='ltr'><strong>ea</strong></span> 
     </span>
    </p>
   </div>
   <div class='ocr_carea' id='block_1_81' title="bbox 224 4117 1729 4181">
    <p class='ocr_par' dir='ltr' id='par_1_81' title="bbox 224 4117 1729 4181">
     <span class='ocr_line' id='line_1_81' title="bbox 224 4117 1729 4181; baseline -0.001 -14"><span class='ocrx_word' id='word_1_553' title='bbox 224 4118 583 4181; x_wconf 74' lang='lat' dir='ltr'><strong>explicatione,</strong></span> <span class='ocrx_word' id='word_1_554' title='bbox 616 4132 729 4179; x_wconf 72' lang='lat' dir='ltr'><strong>qua:</strong></span> <span class='ocrx_word' id='word_1_555' title='bbox 768 4118 890 4167; x_wconf 85' lang='lat' dir='ltr'><strong>satis</strong></span> <span class='ocrx_word' id='word_1_556' title='bbox 922 4120 1139 4167; x_wconf 86' lang='lat' dir='ltr'><strong>violenta</strong></span> <span class='ocrx_word' id='word_1_557' title='bbox 1177 4127 1405 4180; x_wconf 75' lang='lat' dir='ltr'><strong>apparet,</strong></span> <span class='ocrx_word' id='word_1_558' title='bbox 1439 4117 1521 4167; x_wconf 89' lang='lat' dir='ltr'><strong>hic</strong></span> <span class='ocrx_word' id='word_1_559' title='bbox 1547 4119 1600 4169; x_wconf 94' lang='grc'><strong>8.</strong></span> <span class='ocrx_word' id='word_1_560' title='bbox 1632 4119 1729 4167; x_wconf 86' lang='lat' dir='ltr'><strong>Pu-</strong></span> 
     </span>
    </p>
   </div>
   <div class='ocr_carea' id='block_1_82' title="bbox 226 4183 1731 4245">
    <p class='ocr_par' dir='ltr' id='par_1_82' title="bbox 226 4183 1731 4245">
     <span class='ocr_line' id='line_1_82' title="bbox 226 4183 1731 4245; baseline 0 -12"><span class='ocrx_word' id='word_1_561' title='bbox 226 4186 354 4235; x_wconf 87' lang='lat' dir='ltr'><strong>dens</strong></span> <span class='ocrx_word' id='word_1_562' title='bbox 371 4195 511 4245; x_wconf 87' lang='lat' dir='ltr'><strong>pater</strong></span> <span class='ocrx_word' id='word_1_563' title='bbox 535 4185 627 4234; x_wconf 88' lang='lat' dir='ltr'><strong>SS.</strong></span> <span class='ocrx_word' id='word_1_564' title='bbox 657 4184 982 4234; x_wconf 70' lang='lat' dir='ltr'><strong>Pudentianai</strong></span> <span class='ocrx_word' id='word_1_565' title='bbox 1009 4193 1061 4233; x_wconf 89' lang='lat' dir='ltr'><strong>et</strong></span> <span class='ocrx_word' id='word_1_566' title='bbox 1090 4185 1330 4234; x_wconf 73' lang='lat' dir='ltr'><strong>Praxedis</strong></span> <span class='ocrx_word' id='word_1_567' title='bbox 1352 4183 1524 4234; x_wconf 82' lang='lat' dir='ltr'><strong>ﬂoruit</strong></span> <span class='ocrx_word' id='word_1_568' title='bbox 1546 4185 1731 4233; x_wconf 68' lang='lat' dir='ltr'><strong>saeculo</strong></span> 
     </span>
    </p>
   </div>
   <div class='ocr_carea' id='block_1_83' title="bbox 225 4251 1727 4313">
    <p class='ocr_par' dir='ltr' id='par_1_83' title="bbox 225 4251 1727 4313">
     <span class='ocr_line' id='line_1_83' title="bbox 225 4251 1727 4313; baseline -0.001 -15"><span class='ocrx_word' id='word_1_569' title='bbox 225 4252 410 4300; x_wconf 82' lang='lat' dir='ltr'><strong>Christi</strong></span> <span class='ocrx_word' id='word_1_570' title='bbox 439 4252 680 4305; x_wconf 84' lang='lat' dir='ltr'><strong>secundo,</strong></span> <span class='ocrx_word' id='word_1_571' title='bbox 732 4260 958 4312; x_wconf 73' lang='lat' dir='ltr'><strong>tempore</strong></span> <span class='ocrx_word' id='word_1_572' title='bbox 987 4252 1040 4300; x_wconf 74' lang='lat' dir='ltr'><strong>S.</strong></span> <span class='ocrx_word' id='word_1_573' title='bbox 1100 4251 1170 4301; x_wconf 76' lang='lat' dir='ltr'><strong>I’ii</strong></span> <span class='ocrx_word' id='word_1_574' title='bbox 1220 4252 1444 4313; x_wconf 85' lang='lat' dir='ltr'><strong>episcopi</strong></span> <span class='ocrx_word' id='word_1_575' title='bbox 1494 4251 1727 4309; x_wconf 73' lang='lat' dir='ltr'><strong>Romani,</strong></span> 
     </span>
    </p>
   </div>
   <div class='ocr_carea' id='block_1_84' title="bbox 227 4314 1731 4382">
    <p class='ocr_par' dir='ltr' id='par_1_84' title="bbox 227 4314 1731 4382">
     <span class='ocr_line' id='line_1_84' title="bbox 227 4314 1731 4382; baseline 0.001 -16"><span class='ocrx_word' id='word_1_576' title='bbox 227 4319 311 4381; x_wconf 86' lang='lat' dir='ltr'><strong>qui</strong></span> <span class='ocrx_word' id='word_1_577' title='bbox 341 4320 404 4366; x_wconf 85' lang='lat' dir='ltr'><strong>ab</strong></span> <span class='ocrx_word' id='word_1_578' title='bbox 441 4331 575 4367; x_wconf 89' lang='lat' dir='ltr'><strong>anno</strong></span> <span class='ocrx_word' id='word_1_579' title='bbox 612 4314 701 4366; x_wconf 70' lang='lat' dir='ltr'><strong>Mli</strong></span> <span class='ocrx_word' id='word_1_580' title='bbox 749 4315 973 4367; x_wconf 84' lang='lat' dir='ltr'><strong>Vicaritis</strong></span> <span class='ocrx_word' id='word_1_581' title='bbox 1021 4317 1198 4382; x_wconf 81' lang='lat' dir='ltr'><strong>Ilygini</strong></span> <span class='ocrx_word' id='word_1_582' title='bbox 1230 4318 1480 4380; x_wconf 88' lang='lat' dir='ltr'><strong>puntilicis</strong></span> <span class='ocrx_word' id='word_1_583' title='bbox 1529 4317 1641 4379; x_wconf 80' lang='lat' dir='ltr'><strong>fuit,</strong></span> <span class='ocrx_word' id='word_1_584' title='bbox 1671 4332 1731 4367; x_wconf 90' lang='lat' dir='ltr'><strong>ac</strong></span> 
     </span>
    </p>
   </div>
   <div class='ocr_carea' id='block_1_85' title="bbox 227 4382 1729 4449">
    <p class='ocr_par' dir='ltr' id='par_1_85' title="bbox 227 4382 1729 4449">
     <span class='ocr_line' id='line_1_85' title="bbox 227 4382 1729 4449; baseline 0 -16"><span class='ocrx_word' id='word_1_585' title='bbox 227 4395 401 4446; x_wconf 83' lang='lat' dir='ltr'><strong>postea</strong></span> <span class='ocrx_word' id='word_1_586' title='bbox 440 4387 651 4449; x_wconf 83' lang='lat' dir='ltr'><strong>ipsemet</strong></span> <span class='ocrx_word' id='word_1_587' title='bbox 691 4382 915 4448; x_wconf 77' lang='lat' dir='ltr'><strong>pontifex</strong></span> <span class='ocrx_word' id='word_1_588' title='bbox 963 4398 1250 4447; x_wconf 74' lang='lat' dir='ltr'><strong>supremus,</strong></span> <span class='ocrx_word' id='word_1_589' title='bbox 1297 4384 1508 4435; x_wconf 81' lang='lat' dir='ltr'><strong>Aniceto</strong></span> <span class='ocrx_word' id='word_1_590' title='bbox 1552 4398 1729 4433; x_wconf 77' lang='lat' dir='ltr'><strong>succe-</strong></span> 
     </span>
    </p>
   </div>
   <div class='ocr_carea' id='block_1_86' title="bbox 225 4427 1807 4515">
    <p class='ocr_par' dir='ltr' id='par_1_86' title="bbox 225 4427 1807 4515">
     <span class='ocr_line' id='line_1_86' title="bbox 225 4427 1807 4515; baseline 0.001 -15"><span class='ocrx_word' id='word_1_591' title='bbox 225 4427 510 4500; x_wconf 49' lang='lat' dir='ltr'><strong>nam;</strong></span> <span class='ocrx_word' id='word_1_592' title='bbox 520 4427 654 4509; x_wconf 56' lang='lat' dir='ltr'><strong>&#39;i&#39;si&#39;,</strong></span> <span class='ocrx_word' id='word_1_593' title='bbox 684 4427 979 4515; x_wconf 43' lang='lat' dir='ltr'><strong>attingens</strong></span> <span class='ocrx_word' id='word_1_594' title='bbox 994 4427 1073 4499; x_wconf 53' lang='lat' dir='ltr'><strong>illi</strong></span> <span class='ocrx_word' id='word_1_595' title='bbox 1091 4427 1279 4500; x_wconf 51' lang='lat' dir='ltr'><strong>una.</strong></span> <span class='ocrx_word' id='word_1_596' title='bbox 1297 4427 1331 4501; x_wconf 71' lang='grc' dir='ltr'><strong>’ἱ</strong></span> <span class='ocrx_word' id='word_1_597' title='bbox 1342 4427 1728 4514; x_wconf 43' lang='lat' dir='ltr'><strong>aliisaliis...</strong></span> <span class='ocrx_word' id='word_1_598' title='bbox 1762 4427 1807 4481; x_wconf 79' lang='grc' dir='ltr'><strong>ί)</strong></span> 
     </span>
    </p>
   </div>
   <div class='ocr_carea' id='block_1_87' title="bbox 233 4515 1726 4569">
    <p class='ocr_par' dir='ltr' id='par_1_87' title="bbox 233 4515 1726 4569">
     <span class='ocr_line' id='line_1_87' title="bbox 233 4515 1726 4569; baseline 0 -4"><span class='ocrx_word' id='word_1_599' title='bbox 233 4515 470 4567; x_wconf 78' lang='lat' dir='ltr'><strong>Pudentis</strong></span> <span class='ocrx_word' id='word_1_600' title='bbox 521 4522 729 4567; x_wconf 85' lang='lat' dir='ltr'><strong>domum</strong></span> <span class='ocrx_word' id='word_1_601' title='bbox 776 4518 1094 4569; x_wconf 84' lang='lat' dir='ltr'><strong>consecravit</strong></span> <span class='ocrx_word' id='word_1_602' title='bbox 1144 4520 1238 4568; x_wconf 86' lang='lat' dir='ltr'><strong>sub</strong></span> <span class='ocrx_word' id='word_1_603' title='bbox 1266 4518 1411 4567; x_wconf 91' lang='lat' dir='ltr'><strong>titqu</strong></span> <span class='ocrx_word' id='word_1_604' title='bbox 1464 4519 1726 4568; x_wconf 74' lang='lat' dir='ltr'><strong>I’astoris:</strong></span> 
     </span>
    </p>
   </div>
   <div class='ocr_carea' id='block_1_88' title="bbox 227 4582 1729 4657">
    <p class='ocr_par' dir='ltr' id='par_1_88' title="bbox 227 4582 1729 4657">
     <span class='ocr_line' id='line_1_88' title="bbox 227 4582 1729 4657; baseline 0.001 -26"><span class='ocrx_word' id='word_1_605' title='bbox 227 4582 326 4642; x_wconf 89' lang='lat' dir='ltr'><strong>hic,</strong></span> <span class='ocrx_word' id='word_1_606' title='bbox 346 4597 409 4657; x_wconf 83' lang='lat' dir='ltr'><strong>eo</strong></span> <span class='ocrx_word' id='word_1_607' title='bbox 431 4592 649 4644; x_wconf 87' lang='lat' dir='ltr'><strong>mortuo,</strong></span> <span class='ocrx_word' id='word_1_608' title='bbox 674 4584 884 4633; x_wconf 88' lang='lat' dir='ltr'><strong>Iiliaruni</strong></span> <span class='ocrx_word' id='word_1_609' title='bbox 906 4596 1078 4648; x_wconf 85' lang='lat' dir='ltr'><strong>rogatu</strong></span> <span class='ocrx_word' id='word_1_610' title='bbox 1104 4584 1451 4649; x_wconf 80' lang='lat' dir='ltr'><strong>baptisterium</strong></span> <span class='ocrx_word' id='word_1_611' title='bbox 1475 4588 1523 4635; x_wconf 92' lang='lat' dir='ltr'><strong>in</strong></span> <span class='ocrx_word' id='word_1_612' title='bbox 1552 4586 1729 4636; x_wconf 88' lang='lat' dir='ltr'><strong>eadem</strong></span> 
     </span>
    </p>
   </div>
   <div class='ocr_carea' id='block_1_89' title="bbox 226 4654 502 4699">
    <p class='ocr_par' dir='ltr' id='par_1_89' title="bbox 226 4654 502 4699">
     <span class='ocr_line' id='line_1_89' title="bbox 226 4654 502 4699; baseline 0.004 -1"><span class='ocrx_word' id='word_1_613' title='bbox 226 4654 502 4699; x_wconf 84' lang='lat' dir='ltr'><strong>constituit.</strong></span> 
     </span>
    </p>
   </div>
   <div class='ocr_carea' id='block_1_90' title="bbox 296 4715 1728 4776">
    <p class='ocr_par' dir='ltr' id='par_1_90' title="bbox 296 4715 1728 4776">
     <span class='ocr_line' id='line_1_90' title="bbox 296 4715 1728 4776; baseline 0.003 -13"><span class='ocrx_word' id='word_1_614' title='bbox 296 4725 319 4751; x_wconf 80' lang='grc' dir='ltr'>ι</span> <span class='ocrx_word' id='word_1_615' title='bbox 353 4715 568 4768; x_wconf 69' lang='grc' dir='ltr'><strong>ναΙιιισὲἱ.</strong></span> <span class='ocrx_word' id='word_1_616' title='bbox 604 4718 663 4766; x_wconf 80' lang='lat' dir='ltr'><strong>Et</strong></span> <span class='ocrx_word' id='word_1_617' title='bbox 694 4715 942 4773; x_wconf 76' lang='lat' dir='ltr'><strong>Faustnli,</strong></span> <span class='ocrx_word' id='word_1_618' title='bbox 972 4718 1070 4776; x_wconf 86' lang='lat' dir='ltr'><strong>vel,</strong></span> <span class='ocrx_word' id='word_1_619' title='bbox 1098 4730 1149 4767; x_wconf 87' lang='lat' dir='ltr'><strong>IIl</strong></span> <span class='ocrx_word' id='word_1_620' title='bbox 1174 4718 1257 4767; x_wconf 86' lang='lat' dir='ltr'><strong>alii</strong></span> <span class='ocrx_word' id='word_1_621' title='bbox 1292 4716 1498 4772; x_wconf 80' lang='lat' dir='ltr'><strong>habt-nt.</strong></span> <span class='ocrx_word' id='word_1_622' title='bbox 1528 4717 1728 4768; x_wconf 80' lang='lat' dir='ltr'><strong>Fausti-</strong></span> 
     </span>
    </p>
   </div>
   <div class='ocr_carea' id='block_1_91' title="bbox 230 4784 1728 4847">
    <p class='ocr_par' dir='ltr' id='par_1_91' title="bbox 230 4784 1728 4847">
     <span class='ocr_line' id='line_1_91' title="bbox 230 4784 1728 4847; baseline 0.005 -18"><span class='ocrx_word' id='word_1_623' title='bbox 230 4785 297 4831; x_wconf 91' lang='lat' dir='ltr'><strong>ni.</strong></span> <span class='ocrx_word' id='word_1_624' title='bbox 328 4784 541 4835; x_wconf 71' lang='lat' dir='ltr'><strong>DilIiCile</strong></span> <span class='ocrx_word' id='word_1_625' title='bbox 595 4794 671 4833; x_wconf 78' lang='lat' dir='ltr'><strong>est</strong></span> <span class='ocrx_word' id='word_1_626' title='bbox 714 4784 896 4847; x_wconf 87' lang='lat' dir='ltr'><strong>aliquid</strong></span> <span class='ocrx_word' id='word_1_627' title='bbox 927 4784 990 4834; x_wconf 89' lang='lat' dir='ltr'><strong>de</strong></span> <span class='ocrx_word' id='word_1_628' title='bbox 1034 4784 1170 4835; x_wconf 87' lang='lat' dir='ltr'><strong>hisce</strong></span> <span class='ocrx_word' id='word_1_629' title='bbox 1215 4785 1404 4834; x_wconf 83' lang='lat' dir='ltr'><strong>sanctis</strong></span> <span class='ocrx_word' id='word_1_630' title='bbox 1432 4788 1728 4846; x_wconf 74' lang='lat' dir='ltr'><strong>drcernere,</strong></span> 
     </span>
    </p>
   </div>
   <div class='ocr_carea' id='block_1_92' title="bbox 232 4851 1729 4914">
    <p class='ocr_par' dir='ltr' id='par_1_92' title="bbox 232 4851 1729 4914">
     <span class='ocr_line' id='line_1_92' title="bbox 232 4851 1729 4914; baseline 0.003 -15"><span class='ocrx_word' id='word_1_631' title='bbox 232 4862 345 4899; x_wconf 89' lang='lat' dir='ltr'><strong>cum</strong></span> <span class='ocrx_word' id='word_1_632' title='bbox 390 4864 482 4900; x_wconf 72' lang='lat' dir='ltr'><strong>nec</strong></span> <span class='ocrx_word' id='word_1_633' title='bbox 511 4853 648 4900; x_wconf 83' lang='lat' dir='ltr'><strong>locus</strong></span> <span class='ocrx_word' id='word_1_634' title='bbox 679 4859 764 4899; x_wconf 91' lang='lat' dir='ltr'><strong>aut</strong></span> <span class='ocrx_word' id='word_1_635' title='bbox 788 4853 931 4901; x_wconf 80' lang='lat' dir='ltr'><strong>sedes</strong></span> <span class='ocrx_word' id='word_1_636' title='bbox 961 4851 1210 4901; x_wconf 87' lang='lat' dir='ltr'><strong>indicetur</strong></span> <span class='ocrx_word' id='word_1_637' title='bbox 1256 4851 1578 4914; x_wconf 85' lang='lat' dir='ltr'><strong>episcopalis.</strong></span> <span class='ocrx_word' id='word_1_638' title='bbox 1637 4868 1729 4904; x_wconf 89' lang='lat' dir='ltr'><strong>nec</strong></span> 
     </span>
    </p>
   </div>
   <div class='ocr_carea' id='block_1_93' title="bbox 230 4915 1732 4982">
    <p class='ocr_par' dir='ltr' id='par_1_93' title="bbox 230 4915 1732 4982">
     <span class='ocr_line' id='line_1_93' title="bbox 230 4915 1732 4982; baseline 0.004 -18"><span class='ocrx_word' id='word_1_639' title='bbox 230 4925 425 4982; x_wconf 56' lang='lat' dir='ltr'><strong>tempus</strong></span> <span class='ocrx_word' id='word_1_640' title='bbox 468 4930 566 4979; x_wconf 90' lang='lat' dir='ltr'><strong>quo</strong></span> <span class='ocrx_word' id='word_1_641' title='bbox 620 4917 861 4967; x_wconf 78' lang='lat' dir='ltr'><strong>vixerint.</strong></span> <span class='ocrx_word' id='word_1_642' title='bbox 910 4915 1249 4968; x_wconf 83' lang='lat' dir='ltr'><strong>Florentinius</strong></span> <span class='ocrx_word' id='word_1_643' title='bbox 1290 4919 1464 4967; x_wconf 84' lang='lat' dir='ltr'><strong>oculos</strong></span> <span class='ocrx_word' id='word_1_644' title='bbox 1513 4920 1732 4982; x_wconf 80' lang='lat' dir='ltr'><strong>conjecit</strong></span> 
     </span>
    </p>
   </div>
   <div class='ocr_carea' id='block_1_94' title="bbox 232 4980 1730 5050">
    <p class='ocr_par' dir='ltr' id='par_1_94' title="bbox 232 4980 1730 5050">
     <span class='ocr_line' id='line_1_94' title="bbox 232 4980 1730 5050; baseline 0.003 -19"><span class='ocrx_word' id='word_1_645' title='bbox 232 4983 278 5031; x_wconf 92' lang='lat' dir='ltr'><strong>iu</strong></span> <span class='ocrx_word' id='word_1_646' title='bbox 306 4980 619 5050; x_wconf 72' lang='lat' dir='ltr'><strong>Faustinum,</strong></span> <span class='ocrx_word' id='word_1_647' title='bbox 644 4984 707 5032; x_wconf 89' lang='lat' dir='ltr'><strong>de</strong></span> <span class='ocrx_word' id='word_1_648' title='bbox 747 4998 847 5046; x_wconf 91' lang='lat' dir='ltr'><strong>quo</strong></span> <span class='ocrx_word' id='word_1_649' title='bbox 888 4985 1095 5048; x_wconf 85' lang='lat' dir='ltr'><strong>scripsit</strong></span> <span class='ocrx_word' id='word_1_650' title='bbox 1138 4985 1189 5035; x_wconf 89' lang='lat' dir='ltr'><strong>S.</strong></span> <span class='ocrx_word' id='word_1_651' title='bbox 1224 4983 1506 5050; x_wconf 89' lang='lat' dir='ltr'><strong>Cyprianus</strong></span> <span class='ocrx_word' id='word_1_652' title='bbox 1550 4980 1730 5049; x_wconf 74' lang='lat' dir='ltr'><strong>irrepi-</strong></span> 
     </span>
    </p>
   </div>
   <div class='ocr_carea' id='block_1_95' title="bbox 231 5048 1733 5116">
    <p class='ocr_par' dir='ltr' id='par_1_95' title="bbox 231 5048 1733 5116">
     <span class='ocr_line' id='line_1_95' title="bbox 231 5048 1733 5116; baseline 0.005 -20"><span class='ocrx_word' id='word_1_653' title='bbox 231 5048 354 5097; x_wconf 85' lang='lat' dir='ltr'><strong>stola</strong></span> <span class='ocrx_word' id='word_1_654' title='bbox 403 5050 463 5099; x_wconf 88' lang='lat' dir='ltr'><strong>ad</strong></span> <span class='ocrx_word' id='word_1_655' title='bbox 518 5048 865 5111; x_wconf 58' lang='lat' dir='ltr'><strong>Stephanum,</strong></span> <span class='ocrx_word' id='word_1_656' title='bbox 905 5065 1028 5116; x_wconf 86' lang='lat' dir='ltr'><strong>eum</strong></span> <span class='ocrx_word' id='word_1_657' title='bbox 1082 5048 1313 5113; x_wconf 81' lang='lat' dir='ltr'><strong>laudans,</strong></span> <span class='ocrx_word' id='word_1_658' title='bbox 1351 5050 1484 5116; x_wconf 86' lang='lat' dir='ltr'><strong>quod</strong></span> <span class='ocrx_word' id='word_1_659' title='bbox 1532 5048 1733 5103; x_wconf 78' lang='lat' dir='ltr'><strong>steterit</strong></span> 
     </span>
    </p>
   </div>
   <div class='ocr_carea' id='block_1_96' title="bbox 231 5115 1731 5182">
    <p class='ocr_par' dir='ltr' id='par_1_96' title="bbox 231 5115 1731 5182">
     <span class='ocr_line' id='line_1_96' title="bbox 231 5115 1731 5182; baseline 0.003 -18"><span class='ocrx_word' id='word_1_660' title='bbox 231 5125 400 5165; x_wconf 81' lang='lat' dir='ltr'><strong>contra</strong></span> <span class='ocrx_word' id='word_1_661' title='bbox 444 5115 747 5165; x_wconf 74' lang='lat' dir='ltr'><strong>Marcianum</strong></span> <span class='ocrx_word' id='word_1_662' title='bbox 798 5115 1145 5168; x_wconf 79' lang='lat' dir='ltr'><strong>Arelatensem</strong></span> <span class='ocrx_word' id='word_1_663' title='bbox 1191 5115 1511 5182; x_wconf 82' lang='lat' dir='ltr'><strong>episcopum,</strong></span> <span class='ocrx_word' id='word_1_664' title='bbox 1562 5124 1731 5182; x_wconf 79' lang='lat' dir='ltr'><strong>quise</strong></span> 
     </span>
    </p>
   </div>
   <div class='ocr_carea' id='block_1_97' title="bbox 234 5182 1731 5247">
    <p class='ocr_par' dir='ltr' id='par_1_97' title="bbox 234 5182 1731 5247">
     <span class='ocr_line' id='line_1_97' title="bbox 234 5182 1731 5247; baseline 0.003 -16"><span class='ocrx_word' id='word_1_665' title='bbox 234 5182 504 5234; x_wconf 68' lang='lat' dir='ltr'><strong>hovaiiano</strong></span> <span class='ocrx_word' id='word_1_666' title='bbox 532 5183 832 5247; x_wconf 77' lang='lat' dir='ltr'><strong>adjunxerat</strong></span> <span class='ocrx_word' id='word_1_667' title='bbox 857 5198 868 5229; x_wconf 90' lang='lat'>:</span> <span class='ocrx_word' id='word_1_668' title='bbox 902 5198 1000 5232; x_wconf 91' lang='lat' dir='ltr'><strong>non</strong></span> <span class='ocrx_word' id='word_1_669' title='bbox 1030 5198 1183 5236; x_wconf 83' lang='lat' dir='ltr'><strong>ausus</strong></span> <span class='ocrx_word' id='word_1_670' title='bbox 1204 5193 1283 5236; x_wconf 72' lang='lat' dir='ltr'><strong>est</strong></span> <span class='ocrx_word' id='word_1_671' title='bbox 1324 5192 1489 5235; x_wconf 89' lang='lat' dir='ltr'><strong>tamen</strong></span> <span class='ocrx_word' id='word_1_672' title='bbox 1520 5186 1731 5235; x_wconf 74' lang='lat' dir='ltr'><strong>incerto</strong></span> 
     </span>
    </p>
   </div>
   <div class='ocr_carea' id='block_1_98' title="bbox 230 5264 854 5312">
    <p class='ocr_par' dir='ltr' id='par_1_98' title="bbox 230 5264 854 5312">
     <span class='ocr_line' id='line_1_98' title="bbox 230 5264 854 5312; baseline 0 -13"><span class='ocrx_word' id='word_1_673' title='bbox 230 5264 470 5301; x_wconf 80' lang='lat' dir='ltr'><strong>asserere.</strong></span> <span class='ocrx_word' id='word_1_674' title='bbox 849 5307 854 5312; x_wconf 89' lang='lat'><em>_</em></span> 
     </span>
    </p>
   </div>
   <div class='ocr_carea' id='block_1_99' title="bbox 297 5312 1731 5382">
    <p class='ocr_par' dir='ltr' id='par_1_99' title="bbox 297 5312 1731 5382">
     <span class='ocr_line' id='line_1_99' title="bbox 297 5312 1731 5382; baseline 0.003 -19"><span class='ocrx_word' id='word_1_675' title='bbox 297 5317 323 5350; x_wconf 71' lang='grc' dir='ltr'>δ</span> <span class='ocrx_word' id='word_1_676' title='bbox 351 5312 567 5367; x_wconf 70' lang='lat' dir='ltr'><strong>Basilla.</strong></span> <span class='ocrx_word' id='word_1_677' title='bbox 596 5317 679 5366; x_wconf 77' lang='lat' dir='ltr'><strong>Vel</strong></span> <span class='ocrx_word' id='word_1_678' title='bbox 706 5316 973 5372; x_wconf 64' lang='lat' dir='ltr'><strong>Basilissue,</strong></span> <span class='ocrx_word' id='word_1_679' title='bbox 1002 5326 1116 5380; x_wconf 68' lang='lat' dir='ltr'><strong>qua:</strong></span> <span class='ocrx_word' id='word_1_680' title='bbox 1142 5333 1255 5367; x_wconf 86' lang='lat' dir='ltr'><strong>cum</strong></span> <span class='ocrx_word' id='word_1_681' title='bbox 1283 5324 1419 5368; x_wconf 77' lang='lat' dir='ltr'><strong>esSet</strong></span> <span class='ocrx_word' id='word_1_682' title='bbox 1456 5331 1513 5366; x_wconf 79' lang='lat' dir='ltr'><strong>ex</strong></span> <span class='ocrx_word' id='word_1_683' title='bbox 1544 5332 1731 5382; x_wconf 75' lang='lat' dir='ltr'><strong>genere</strong></span> 
     </span>
    </p>
   </div>
   <div class='ocr_carea' id='block_1_100' title="bbox 234 5382 1729 5446">
    <p class='ocr_par' dir='ltr' id='par_1_100' title="bbox 234 5382 1729 5446">
     <span class='ocr_line' id='line_1_100' title="bbox 234 5382 1729 5446; baseline 0.003 -15"><span class='ocrx_word' id='word_1_684' title='bbox 234 5382 368 5443; x_wconf 75' lang='lat' dir='ltr'><strong>regio</strong></span> <span class='ocrx_word' id='word_1_685' title='bbox 408 5392 457 5429; x_wconf 90' lang='lat' dir='ltr'><strong>et</strong></span> <span class='ocrx_word' id='word_1_686' title='bbox 503 5383 709 5432; x_wconf 82' lang='lat' dir='ltr'><strong>haberet</strong></span> <span class='ocrx_word' id='word_1_687' title='bbox 758 5399 999 5446; x_wconf 68' lang='lat' dir='ltr'><strong>SpttlIaIIlII</strong></span> <span class='ocrx_word' id='word_1_688' title='bbox 1046 5385 1463 5441; x_wconf 71' lang='lat' dir='ltr'><strong>iilustrissimum,</strong></span> <span class='ocrx_word' id='word_1_689' title='bbox 1496 5396 1729 5435; x_wconf 77' lang='lat' dir='ltr'><strong>accusata</strong></span> 
     </span>
    </p>
   </div>
   <div class='ocr_carea' id='block_1_101' title="bbox 232 5448 1727 5510">
    <p class='ocr_par' dir='ltr' id='par_1_101' title="bbox 232 5448 1727 5510">
     <span class='ocr_line' id='line_1_101' title="bbox 232 5448 1727 5510; baseline 0.003 -14"><span class='ocrx_word' id='word_1_690' title='bbox 232 5448 294 5496; x_wconf 86' lang='lat' dir='ltr'><strong>ab</strong></span> <span class='ocrx_word' id='word_1_691' title='bbox 343 5448 519 5496; x_wconf 85' lang='lat' dir='ltr'><strong>eodem</strong></span> <span class='ocrx_word' id='word_1_692' title='bbox 562 5450 693 5510; x_wconf 90' lang='lat' dir='ltr'><strong>quod</strong></span> <span class='ocrx_word' id='word_1_693' title='bbox 745 5451 1027 5500; x_wconf 77' lang='lat' dir='ltr'><strong>Chrisuana</strong></span> <span class='ocrx_word' id='word_1_694' title='bbox 1066 5461 1227 5509; x_wconf 76' lang='lat' dir='ltr'><strong>esset,</strong></span> <span class='ocrx_word' id='word_1_695' title='bbox 1281 5452 1540 5500; x_wconf 73' lang='lat' dir='ltr'><strong>decretum</strong></span> <span class='ocrx_word' id='word_1_696' title='bbox 1596 5465 1669 5502; x_wconf 71' lang='grc' dir='ltr'><strong>ρει</strong></span> <span class='ocrx_word' id='word_1_697' title='bbox 1702 5468 1727 5501; x_wconf 89' lang='lat' dir='ltr'><strong>a</strong></span> 
     </span>
    </p>
   </div>
   <div class='ocr_carea' id='block_1_102' title="bbox 233 5514 1731 5583">
    <p class='ocr_par' dir='ltr' id='par_1_102' title="bbox 233 5514 1731 5583">
     <span class='ocr_line' id='line_1_102' title="bbox 233 5514 1731 5583; baseline 0.004 -20"><span class='ocrx_word' id='word_1_698' title='bbox 233 5514 461 5563; x_wconf 74' lang='lat' dir='ltr'><strong>Gallieno</strong></span> <span class='ocrx_word' id='word_1_699' title='bbox 485 5517 729 5583; x_wconf 64' lang='lat' dir='ltr'><strong>Augusto,</strong></span> <span class='ocrx_word' id='word_1_700' title='bbox 751 5525 803 5565; x_wconf 92' lang='lat' dir='ltr'><strong>ut</strong></span> <span class='ocrx_word' id='word_1_701' title='bbox 830 5526 917 5565; x_wconf 87' lang='lat' dir='ltr'><strong>aut</strong></span> <span class='ocrx_word' id='word_1_702' title='bbox 955 5532 1193 5578; x_wconf 84' lang='lat' dir='ltr'><strong>sponsum</strong></span> <span class='ocrx_word' id='word_1_703' title='bbox 1226 5524 1491 5580; x_wconf 80' lang='lat' dir='ltr'><strong>reciperet,</strong></span> <span class='ocrx_word' id='word_1_704' title='bbox 1518 5527 1603 5566; x_wconf 82' lang='lat' dir='ltr'><strong>aut</strong></span> <span class='ocrx_word' id='word_1_705' title='bbox 1626 5519 1731 5583; x_wconf 81' lang='lat' dir='ltr'><strong>gla-</strong></span> 
     </span>
    </p>
   </div>
   <div class='ocr_carea' id='block_1_103' title="bbox 233 5580 1729 5635">
    <p class='ocr_par' dir='ltr' id='par_1_103' title="bbox 233 5580 1729 5635">
     <span class='ocr_line' id='line_1_103' title="bbox 233 5580 1729 5635; baseline 0.003 -7"><span class='ocrx_word' id='word_1_706' title='bbox 233 5582 314 5630; x_wconf 83' lang='lat' dir='ltr'><strong>dio</strong></span> <span class='ocrx_word' id='word_1_707' title='bbox 353 5580 593 5631; x_wconf 82' lang='lat' dir='ltr'><strong>interiret.</strong></span> <span class='ocrx_word' id='word_1_708' title='bbox 640 5583 896 5631; x_wconf 68' lang='lat' dir='ltr'><strong>Ilotivcnta</strong></span> <span class='ocrx_word' id='word_1_709' title='bbox 944 5585 1005 5633; x_wconf 89' lang='lat' dir='ltr'><strong>de</strong></span> <span class='ocrx_word' id='word_1_710' title='bbox 1050 5585 1218 5635; x_wconf 80' lang='lat' dir='ltr'><strong>hocet</strong></span> <span class='ocrx_word' id='word_1_711' title='bbox 1260 5600 1474 5634; x_wconf 83' lang='lat' dir='ltr'><strong>renuens</strong></span> <span class='ocrx_word' id='word_1_712' title='bbox 1516 5580 1729 5635; x_wconf 76' lang='lat' dir='ltr'><strong>consen-</strong></span> 
     </span>
    </p>
   </div>
   <div class='ocr_carea' id='block_1_104' title="bbox 232 5648 1726 5715">
    <p class='ocr_par' dir='ltr' id='par_1_104' title="bbox 232 5648 1726 5715">
     <span class='ocr_line' id='line_1_104' title="bbox 232 5648 1726 5715; baseline 0.003 -17"><span class='ocrx_word' id='word_1_713' title='bbox 232 5661 336 5698; x_wconf 83' lang='lat' dir='ltr'><strong>sum</strong></span> <span class='ocrx_word' id='word_1_714' title='bbox 360 5650 601 5713; x_wconf 58' lang='lat' dir='ltr'><strong>piabcrc,</strong></span> <span class='ocrx_word' id='word_1_715' title='bbox 618 5648 778 5715; x_wconf 79' lang='lat' dir='ltr'><strong>gladio</strong></span> <span class='ocrx_word' id='word_1_716' title='bbox 802 5652 1207 5702; x_wconf 80' lang='lat' dir='ltr'><strong>transverberata</strong></span> <span class='ocrx_word' id='word_1_717' title='bbox 1226 5661 1322 5705; x_wconf 86' lang='lat' dir='ltr'><strong>cst.</strong></span> <span class='ocrx_word' id='word_1_718' title='bbox 1345 5651 1471 5715; x_wconf 78' lang='lat' dir='ltr'><strong>Ado,</strong></span> <span class='ocrx_word' id='word_1_719' title='bbox 1490 5650 1726 5715; x_wconf 83' lang='lat' dir='ltr'><strong>Usuard.,</strong></span> 
     </span>
    </p>
   </div>
   <div class='ocr_carea' id='block_1_105' title="bbox 1830 3542 3336 3646">
    <p class='ocr_par' dir='ltr' id='par_1_105' title="bbox 1830 3542 3336 3646">
     <span class='ocr_line' id='line_1_105' title="bbox 1830 3542 3336 3646; baseline 0.005 -17"><span class='ocrx_word' id='word_1_720' title='bbox 1830 3581 1912 3645; x_wconf 92' lang='lat' dir='ltr'><strong>qui</strong></span> <span class='ocrx_word' id='word_1_721' title='bbox 1941 3586 2221 3646; x_wconf 89' lang='lat' dir='ltr'><strong>sequuntur</strong></span> <span class='ocrx_word' id='word_1_722' title='bbox 2244 3578 2393 3631; x_wconf 86' lang='lat' dir='ltr'><strong>Iidem</strong></span> <span class='ocrx_word' id='word_1_723' title='bbox 2418 3579 2660 3631; x_wconf 86' lang='lat' dir='ltr'><strong>Actorum</strong></span> <span class='ocrx_word' id='word_1_724' title='bbox 2685 3578 2739 3635; x_wconf 84' lang='lat' dir='ltr'><strong>S.</strong></span> <span class='ocrx_word' id='word_1_725' title='bbox 2773 3542 3028 3645; x_wconf 42' lang='lat' dir='ltr'><strong>Eugeniae:</strong></span> <span class='ocrx_word' id='word_1_726' title='bbox 3074 3583 3336 3645; x_wconf 84' lang='lat' dir='ltr'><strong>Papebro-</strong></span> 
     </span>
    </p>
   </div>
   <div class='ocr_carea' id='block_1_106' title="bbox 1830 3646 3337 3718">
    <p class='ocr_par' dir='ltr' id='par_1_106' title="bbox 1830 3646 3337 3718">
     <span class='ocr_line' id='line_1_106' title="bbox 1830 3646 3337 3718; baseline 0.005 -21"><span class='ocrx_word' id='word_1_727' title='bbox 1830 3649 1979 3718; x_wconf 83' lang='lat' dir='ltr'><strong>chius</strong></span> <span class='ocrx_word' id='word_1_728' title='bbox 2002 3655 2169 3697; x_wconf 85' lang='lat' dir='ltr'><strong>autem</strong></span> <span class='ocrx_word' id='word_1_729' title='bbox 2201 3646 2251 3697; x_wconf 93' lang='lat' dir='ltr'><strong>in</strong></span> <span class='ocrx_word' id='word_1_730' title='bbox 2281 3649 2420 3718; x_wconf 79' lang='lat' dir='ltr'><strong>Actis</strong></span> <span class='ocrx_word' id='word_1_731' title='bbox 2445 3657 2730 3718; x_wconf 82' lang='lat' dir='ltr'><strong>sanctorum</strong></span> <span class='ocrx_word' id='word_1_732' title='bbox 2766 3652 2941 3718; x_wconf 71' lang='lat' dir='ltr'><strong>prohat</strong></span> <span class='ocrx_word' id='word_1_733' title='bbox 2978 3650 3058 3701; x_wconf 84' lang='lat' dir='ltr'><strong>illa</strong></span> <span class='ocrx_word' id='word_1_734' title='bbox 3087 3652 3141 3702; x_wconf 92' lang='lat' dir='ltr'><strong>S.</strong></span> <span class='ocrx_word' id='word_1_735' title='bbox 3176 3652 3337 3718; x_wconf 81' lang='lat' dir='ltr'><strong>Euge-</strong></span> 
     </span>
    </p>
   </div>
   <div class='ocr_carea' id='block_1_107' title="bbox 1831 3714 3341 3779">
    <p class='ocr_par' dir='ltr' id='par_1_107' title="bbox 1831 3714 3341 3779">
     <span class='ocr_line' id='line_1_107' title="bbox 1831 3714 3341 3779; baseline -0.001 -16"><span class='ocrx_word' id='word_1_736' title='bbox 1831 3716 1927 3763; x_wconf 71' lang='lat' dir='ltr'><strong>niae</strong></span> <span class='ocrx_word' id='word_1_737' title='bbox 1951 3715 2072 3765; x_wconf 81' lang='lat' dir='ltr'><strong>Acta</strong></span> <span class='ocrx_word' id='word_1_738' title='bbox 2102 3714 2358 3764; x_wconf 88' lang='lat' dir='ltr'><strong>contemni</strong></span> <span class='ocrx_word' id='word_1_739' title='bbox 2386 3714 2576 3764; x_wconf 86' lang='lat' dir='ltr'><strong>debere</strong></span> <span class='ocrx_word' id='word_1_740' title='bbox 2620 3724 2855 3777; x_wconf 84' lang='lat' dir='ltr'><strong>tanquam</strong></span> <span class='ocrx_word' id='word_1_741' title='bbox 2881 3714 3093 3779; x_wconf 70' lang='lat' dir='ltr'><strong>fabulas,</strong></span> <span class='ocrx_word' id='word_1_742' title='bbox 3124 3714 3341 3771; x_wconf 62' lang='lat' dir='ltr'><strong>adco&#39;m</strong></span> 
     </span>
    </p>
   </div>
   <div class='ocr_carea' id='block_1_108' title="bbox 1827 3781 3432 3844">
    <p class='ocr_par' dir='ltr' id='par_1_108' title="bbox 1827 3781 3432 3844">
     <span class='ocr_line' id='line_1_108' title="bbox 1827 3781 3432 3844; baseline 0.002 -13"><span class='ocrx_word' id='word_1_743' title='bbox 1827 3794 1888 3831; x_wconf 75' lang='lat' dir='ltr'><strong>ex</strong></span> <span class='ocrx_word' id='word_1_744' title='bbox 1920 3781 2019 3831; x_wconf 89' lang='lat' dir='ltr'><strong>illis</strong></span> <span class='ocrx_word' id='word_1_745' title='bbox 2049 3781 2114 3831; x_wconf 91' lang='lat' dir='ltr'><strong>de</strong></span> <span class='ocrx_word' id='word_1_746' title='bbox 2138 3781 2373 3832; x_wconf 83' lang='lat' dir='ltr'><strong>Basilissa</strong></span> <span class='ocrx_word' id='word_1_747' title='bbox 2402 3781 2572 3833; x_wconf 87' lang='lat' dir='ltr'><strong>haberi</strong></span> <span class='ocrx_word' id='word_1_748' title='bbox 2618 3781 2740 3829; x_wconf 89' lang='lat' dir='ltr'><strong>nihil</strong></span> <span class='ocrx_word' id='word_1_749' title='bbox 2768 3782 2892 3831; x_wconf 88' lang='lat' dir='ltr'><strong>certi</strong></span> <span class='ocrx_word' id='word_1_750' title='bbox 2925 3785 3113 3843; x_wconf 88' lang='lat' dir='ltr'><strong>possit:</strong></span> <span class='ocrx_word' id='word_1_751' title='bbox 3156 3796 3207 3835; x_wconf 93' lang='lat' dir='ltr'><strong>et</strong></span> <span class='ocrx_word' id='word_1_752' title='bbox 3233 3790 3342 3839; x_wconf 89' lang='lat' dir='ltr'><strong>ani-</strong></span> <span class='ocrx_word' id='word_1_753' title='bbox 3429 3842 3432 3844; x_wconf 20' lang='grc' dir='ltr'><strong>ν</strong></span> 
     </span>
    </p>
   </div>
   <div class='ocr_carea' id='block_1_109' title="bbox 1829 3846 3338 3913">
    <p class='ocr_par' dir='ltr' id='par_1_109' title="bbox 1829 3846 3338 3913">
     <span class='ocr_line' id='line_1_109' title="bbox 1829 3846 3338 3913; baseline 0.007 -18"><span class='ocrx_word' id='word_1_754' title='bbox 1829 3850 2148 3898; x_wconf 84' lang='lat' dir='ltr'><strong>madvertcns</strong></span> <span class='ocrx_word' id='word_1_755' title='bbox 2182 3848 2258 3897; x_wconf 82' lang='lat' dir='ltr'><strong>via</strong></span> <span class='ocrx_word' id='word_1_756' title='bbox 2305 3846 2497 3901; x_wconf 77' lang='lat' dir='ltr'><strong>Salaria</strong></span> <span class='ocrx_word' id='word_1_757' title='bbox 2539 3848 2795 3898; x_wconf 77' lang='lat' dir='ltr'><strong>exstitisse</strong></span> <span class='ocrx_word' id='word_1_758' title='bbox 2837 3850 3089 3913; x_wconf 89' lang='lat' dir='ltr'><strong>quoddam</strong></span> <span class='ocrx_word' id='word_1_759' title='bbox 3142 3852 3338 3904; x_wconf 66' lang='lat' dir='ltr'><strong>Itasillaz</strong></span> 
     </span>
    </p>
   </div>
   <div class='ocr_carea' id='block_1_110' title="bbox 1828 3915 3336 3985">
    <p class='ocr_par' dir='ltr' id='par_1_110' title="bbox 1828 3915 3336 3985">
     <span class='ocr_line' id='line_1_110' title="bbox 1828 3915 3336 3985; baseline 0.005 -22"><span class='ocrx_word' id='word_1_760' title='bbox 1828 3916 2224 3985; x_wconf 62' lang='grc' dir='ltr'><strong>ςᾳξίηθιηιτίιιιιι,Δ</strong></span> <span class='ocrx_word' id='word_1_761' title='bbox 2250 3915 2387 3985; x_wconf 70' lang='lat' dir='ltr'><strong>hinc</strong></span> <span class='ocrx_word' id='word_1_762' title='bbox 2406 3915 3008 3985; x_wconf 23' lang='lat' dir='ltr'><strong>veterisdilieronymiani</strong></span> <span class='ocrx_word' id='word_1_763' title='bbox 3041 3917 3336 3985; x_wconf 76' lang='lat' dir='ltr'><strong>Martyrolo-</strong></span> 
     </span>
    </p>
   </div>
   <div class='ocr_carea' id='block_1_111' title="bbox 1828 3980 3335 4044">
    <p class='ocr_par' dir='ltr' id='par_1_111' title="bbox 1828 3980 3335 4044">
     <span class='ocr_line' id='line_1_111' title="bbox 1828 3980 3335 4044; baseline 0.003 -15"><span class='ocrx_word' id='word_1_764' title='bbox 1828 3981 1895 4044; x_wconf 83' lang='lat' dir='ltr'><strong>gii</strong></span> <span class='ocrx_word' id='word_1_765' title='bbox 1940 3982 2227 4042; x_wconf 71' lang='lat' dir='ltr'><strong>huiusmodi</strong></span> <span class='ocrx_word' id='word_1_766' title='bbox 2277 3981 2542 4031; x_wconf 73' lang='lat' dir='ltr'><strong>lectionem</strong></span> <span class='ocrx_word' id='word_1_767' title='bbox 2568 3980 2661 4031; x_wconf 87' lang='lat' dir='ltr'><strong>sibi</strong></span> <span class='ocrx_word' id='word_1_768' title='bbox 2706 3980 2903 4032; x_wconf 80' lang='lat' dir='ltr'><strong>videtur</strong></span> <span class='ocrx_word' id='word_1_769' title='bbox 2925 3980 3201 4037; x_wconf 48' lang='lat' dir='ltr'><strong>elicereft</strong></span> <span class='ocrx_word' id='word_1_770' title='bbox 3242 3994 3335 4034; x_wconf 82' lang='lat' dir='ltr'><strong>Ito-</strong></span> 
     </span>
    </p>
   </div>
   <div class='ocr_carea' id='block_1_112' title="bbox 1830 4047 3331 4119">
    <p class='ocr_par' dir='ltr' id='par_1_112' title="bbox 1830 4047 3331 4119">
     <span class='ocr_line' id='line_1_112' title="bbox 1830 4047 3331 4119; baseline 0.005 -23"><span class='ocrx_word' id='word_1_771' title='bbox 1830 4051 2031 4119; x_wconf 4' lang='lat' dir='ltr'><strong>inaayvia</strong></span> <span class='ocrx_word' id='word_1_772' title='bbox 2055 4050 2326 4119; x_wconf 78' lang='lat' dir='ltr'><strong>Salariain</strong></span> <span class='ocrx_word' id='word_1_773' title='bbox 2358 4048 2550 4100; x_wconf 69' lang='lat' dir='ltr'><strong>Basillte</strong></span> <span class='ocrx_word' id='word_1_774' title='bbox 2581 4047 2947 4116; x_wconf 81' lang='lat' dir='ltr'><strong>(Subintellige</strong></span> <span class='ocrx_word' id='word_1_775' title='bbox 2975 4054 3270 4105; x_wconf 75' lang='lat' dir='ltr'><strong>cmtneterio</strong></span> <span class='ocrx_word' id='word_1_776' title='bbox 3295 4056 3331 4119; x_wconf 84' lang='lat'><strong>),</strong></span> 
     </span>
    </p>
   </div>
   <div class='ocr_carea' id='block_1_113' title="bbox 1832 4116 2333 4175">
    <p class='ocr_par' dir='ltr' id='par_1_113' title="bbox 1832 4116 2333 4175">
     <span class='ocr_line' id='line_1_113' title="bbox 1832 4116 2333 4175; baseline -0.004 -11"><span class='ocrx_word' id='word_1_777' title='bbox 1832 4116 2102 4175; x_wconf 66' lang='lat' dir='ltr'><strong>Iiasilissm,</strong></span> <span class='ocrx_word' id='word_1_778' title='bbox 2131 4116 2301 4165; x_wconf 79' lang='lat' dir='ltr'><strong>Aurei.</strong></span> <span class='ocrx_word' id='word_1_779' title='bbox 2316 4133 2333 4162; x_wconf 71' lang='grc' dir='ltr'>ι</span> 
     </span>
    </p>
   </div>
   <div class='ocr_carea' id='block_1_114' title="bbox 1900 4180 3201 4246">
    <p class='ocr_par' dir='ltr' id='par_1_114' title="bbox 1900 4180 3201 4246">
     <span class='ocr_line' id='line_1_114' title="bbox 1900 4180 3201 4246; baseline 0.003 -14"><span class='ocrx_word' id='word_1_780' title='bbox 1900 4196 1917 4209; x_wconf 81' lang='grc'><strong>·’</strong></span> <span class='ocrx_word' id='word_1_781' title='bbox 1949 4183 2005 4232; x_wconf 80' lang='grc' dir='ltr'>Β.</span> <span class='ocrx_word' id='word_1_782' title='bbox 2038 4218 2051 4239; x_wconf 85' lang='grc'><strong>.</strong></span> <span class='ocrx_word' id='word_1_783' title='bbox 2081 4180 2268 4230; x_wconf 76' lang='lat' dir='ltr'><strong>Nusn&#39;u:</strong></span> <span class='ocrx_word' id='word_1_784' title='bbox 2298 4180 2509 4233; x_wconf 78' lang='lat' dir='ltr'><strong>Nemaai</strong></span> <span class='ocrx_word' id='word_1_785' title='bbox 2538 4196 2626 4246; x_wconf 91' lang='lat' dir='ltr'><strong>pro</strong></span> <span class='ocrx_word' id='word_1_786' title='bbox 2652 4183 2709 4233; x_wconf 87' lang='lat' dir='ltr'><strong>In</strong></span> <span class='ocrx_word' id='word_1_787' title='bbox 2740 4181 2906 4235; x_wconf 85' lang='lat' dir='ltr'><strong>Gallia</strong></span> <span class='ocrx_word' id='word_1_788' title='bbox 2936 4182 3201 4236; x_wconf 70' lang='lat' dir='ltr'><strong>Nemauso.</strong></span> 
     </span>
    </p>
   </div>
   <div class='ocr_carea' id='block_1_115' title="bbox 1900 4247 3333 4315">
    <p class='ocr_par' dir='ltr' id='par_1_115' title="bbox 1900 4247 3333 4315">
     <span class='ocr_line' id='line_1_115' title="bbox 1900 4247 3333 4315; baseline 0.008 -19"><span class='ocrx_word' id='word_1_789' title='bbox 1900 4247 1923 4282; x_wconf 75' lang='grc' dir='ltr'>ἀ</span> <span class='ocrx_word' id='word_1_790' title='bbox 1953 4248 2173 4298; x_wconf 83' lang='lat' dir='ltr'><strong>Blandii.</strong></span> <span class='ocrx_word' id='word_1_791' title='bbox 2204 4249 2286 4298; x_wconf 80' lang='lat' dir='ltr'><strong>Vel</strong></span> <span class='ocrx_word' id='word_1_792' title='bbox 2316 4249 2557 4309; x_wconf 78' lang='lat' dir='ltr'><strong>Baudelii,</strong></span> <span class='ocrx_word' id='word_1_793' title='bbox 2597 4267 2614 4298; x_wconf 74' lang='grc' dir='ltr'>ι</span> <span class='ocrx_word' id='word_1_794' title='bbox 2648 4250 2733 4314; x_wconf 91' lang='lat' dir='ltr'><strong>qui</strong></span> <span class='ocrx_word' id='word_1_795' title='bbox 2772 4251 3188 4315; x_wconf 88' lang='lat' dir='ltr'><strong>comprehensus,</strong></span> <span class='ocrx_word' id='word_1_796' title='bbox 3216 4269 3333 4307; x_wconf 91' lang='lat' dir='ltr'><strong>cum</strong></span> 
     </span>
    </p>
   </div>
   <div class='ocr_carea' id='block_1_116' title="bbox 1829 4315 3333 4377">
    <p class='ocr_par' dir='ltr' id='par_1_116' title="bbox 1829 4315 3333 4377">
     <span class='ocr_line' id='line_1_116' title="bbox 1829 4315 3333 4377; baseline 0.005 -11"><span class='ocrx_word' id='word_1_797' title='bbox 1829 4316 2115 4366; x_wconf 89' lang='lat' dir='ltr'><strong>saerilicare</strong></span> <span class='ocrx_word' id='word_1_798' title='bbox 2145 4315 2322 4377; x_wconf 91' lang='lat' dir='ltr'><strong>nollet,</strong></span> <span class='ocrx_word' id='word_1_799' title='bbox 2345 4324 2394 4367; x_wconf 90' lang='lat' dir='ltr'><strong>et</strong></span> <span class='ocrx_word' id='word_1_800' title='bbox 2424 4319 2473 4365; x_wconf 92' lang='lat' dir='ltr'><strong>in</strong></span> <span class='ocrx_word' id='word_1_801' title='bbox 2504 4315 2602 4368; x_wconf 89' lang='lat' dir='ltr'><strong>lide</strong></span> <span class='ocrx_word' id='word_1_802' title='bbox 2638 4317 2913 4370; x_wconf 85' lang='lat' dir='ltr'><strong>immobilis</strong></span> <span class='ocrx_word' id='word_1_803' title='bbox 2966 4317 3097 4369; x_wconf 92' lang='lat' dir='ltr'><strong>inter</strong></span> <span class='ocrx_word' id='word_1_804' title='bbox 3124 4322 3333 4373; x_wconf 85' lang='lat' dir='ltr'><strong>verbera</strong></span> 
     </span>
    </p>
   </div>
   <div class='ocr_carea' id='block_1_117' title="bbox 1830 4383 3328 4450">
    <p class='ocr_par' dir='ltr' id='par_1_117' title="bbox 1830 4383 3328 4450">
     <span class='ocr_line' id='line_1_117' title="bbox 1830 4383 3328 4450; baseline 0.005 -16"><span class='ocrx_word' id='word_1_805' title='bbox 1830 4393 1879 4434; x_wconf 91' lang='lat' dir='ltr'><strong>et</strong></span> <span class='ocrx_word' id='word_1_806' title='bbox 1911 4391 2156 4433; x_wconf 86' lang='lat' dir='ltr'><strong>tormenta</strong></span> <span class='ocrx_word' id='word_1_807' title='bbox 2203 4383 2512 4450; x_wconf 59' lang='lat' dir='ltr'><strong>persisteret,</strong></span> <span class='ocrx_word' id='word_1_808' title='bbox 2557 4385 2787 4450; x_wconf 85' lang='lat' dir='ltr'><strong>martyrii</strong></span> <span class='ocrx_word' id='word_1_809' title='bbox 2835 4399 3076 4437; x_wconf 88' lang='lat' dir='ltr'><strong>coronam</strong></span> <span class='ocrx_word' id='word_1_810' title='bbox 3109 4389 3328 4450; x_wconf 86' lang='lat' dir='ltr'><strong>pretiosa</strong></span> 
     </span>
    </p>
   </div>
   <div class='ocr_carea' id='block_1_118' title="bbox 1832 4447 2955 4515">
    <p class='ocr_par' dir='ltr' id='par_1_118' title="bbox 1832 4447 2955 4515">
     <span class='ocr_line' id='line_1_118' title="bbox 1832 4447 2955 4515; baseline -0.001 -15"><span class='ocrx_word' id='word_1_811' title='bbox 1832 4459 2003 4515; x_wconf 83' lang='lat' dir='ltr'><strong>morte</strong></span> <span class='ocrx_word' id='word_1_812' title='bbox 2022 4451 2261 4515; x_wconf 65' lang='lat' dir='ltr'><strong>suscepit.</strong></span> <span class='ocrx_word' id='word_1_813' title='bbox 2302 4467 2318 4497; x_wconf 72' lang='grc' dir='ltr'><strong><em>ι</em></strong></span> <span class='ocrx_word' id='word_1_814' title='bbox 2356 4447 2601 4508; x_wconf 68' lang='grc' dir='ltr'><strong>υδυΑιω..</strong></span> <span class='ocrx_word' id='word_1_815' title='bbox 2630 4447 2756 4502; x_wconf 77' lang='lat' dir='ltr'><strong>Ann.</strong></span> <span class='ocrx_word' id='word_1_816' title='bbox 2950 4496 2955 4499; x_wconf 64' lang='lat'><strong>,</strong></span> 
     </span>
    </p>
   </div>
   <div class='ocr_carea' id='block_1_119' title="bbox 1904 4514 3330 4573">
    <p class='ocr_par' dir='ltr' id='par_1_119' title="bbox 1904 4514 3330 4573">
     <span class='ocr_line' id='line_1_119' title="bbox 1904 4514 3330 4573; baseline 0.007 -9"><span class='ocrx_word' id='word_1_817' title='bbox 1904 4519 1926 4545; x_wconf 74' lang='lat'><strong>&#39;~‘</strong></span> <span class='ocrx_word' id='word_1_818' title='bbox 1955 4514 2153 4566; x_wconf 72' lang='lat' dir='ltr'><strong>Manlii.</strong></span> <span class='ocrx_word' id='word_1_819' title='bbox 2176 4514 2410 4567; x_wconf 31' lang='lat' dir='ltr'><strong>’Molanus</strong></span> <span class='ocrx_word' id='word_1_820' title='bbox 2437 4518 2486 4567; x_wconf 92' lang='lat' dir='ltr'><strong>in</strong></span> <span class='ocrx_word' id='word_1_821' title='bbox 2515 4530 2619 4568; x_wconf 81' lang='lat' dir='ltr'><strong>suis</strong></span> <span class='ocrx_word' id='word_1_822' title='bbox 2656 4521 2722 4569; x_wconf 89' lang='lat' dir='ltr'><strong>ad</strong></span> <span class='ocrx_word' id='word_1_823' title='bbox 2752 4518 3031 4573; x_wconf 87' lang='lat' dir='ltr'><strong>Usuardum</strong></span> <span class='ocrx_word' id='word_1_824' title='bbox 3060 4519 3330 4573; x_wconf 85' lang='lat' dir='ltr'><strong>additioni-</strong></span> 
     </span>
    </p>
   </div>
   <div class='ocr_carea' id='block_1_120' title="bbox 1833 4584 3331 4639">
    <p class='ocr_par' dir='ltr' id='par_1_120' title="bbox 1833 4584 3331 4639">
     <span class='ocr_line' id='line_1_120' title="bbox 1833 4584 3331 4639; baseline 0.001 -6"><span class='ocrx_word' id='word_1_825' title='bbox 1833 4584 1925 4633; x_wconf 72' lang='lat' dir='ltr'><strong>bus</strong></span> <span class='ocrx_word' id='word_1_826' title='bbox 1969 4584 2147 4632; x_wconf 70' lang='lat' dir='ltr'><strong>scribit</strong></span> <span class='ocrx_word' id='word_1_827' title='bbox 2198 4585 2253 4633; x_wconf 79' lang='lat' dir='ltr'><strong>S.</strong></span> <span class='ocrx_word' id='word_1_828' title='bbox 2280 4584 2516 4633; x_wconf 79' lang='lat' dir='ltr'><strong>Manlium</strong></span> <span class='ocrx_word' id='word_1_829' title='bbox 2563 4586 2609 4633; x_wconf 90' lang='lat' dir='ltr'><strong>in</strong></span> <span class='ocrx_word' id='word_1_830' title='bbox 2678 4585 2927 4636; x_wconf 83' lang='lat' dir='ltr'><strong>Lusitania</strong></span> <span class='ocrx_word' id='word_1_831' title='bbox 2974 4585 3085 4635; x_wconf 88' lang='lat' dir='ltr'><strong>villa</strong></span> <span class='ocrx_word' id='word_1_832' title='bbox 3134 4587 3331 4639; x_wconf 84' lang='lat' dir='ltr'><strong>Miliana</strong></span> 
     </span>
    </p>
   </div>
   <div class='ocr_carea' id='block_1_121' title="bbox 1834 4652 3327 4718">
    <p class='ocr_par' dir='ltr' id='par_1_121' title="bbox 1834 4652 3327 4718">
     <span class='ocr_line' id='line_1_121' title="bbox 1834 4652 3327 4718; baseline 0.004 -22"><span class='ocrx_word' id='word_1_833' title='bbox 1834 4664 2035 4718; x_wconf 79' lang='lat' dir='ltr'><strong>passum</strong></span> <span class='ocrx_word' id='word_1_834' title='bbox 2065 4666 2075 4698; x_wconf 93' lang='lat'><strong>:</strong></span> <span class='ocrx_word' id='word_1_835' title='bbox 2128 4652 2315 4699; x_wconf 87' lang='lat' dir='ltr'><strong>notavit</strong></span> <span class='ocrx_word' id='word_1_836' title='bbox 2344 4660 2531 4718; x_wconf 73' lang='lat' dir='ltr'><strong>tamen</strong></span> <span class='ocrx_word' id='word_1_837' title='bbox 2556 4652 2689 4715; x_wconf 90' lang='lat' dir='ltr'><strong>quod</strong></span> <span class='ocrx_word' id='word_1_838' title='bbox 2717 4653 2779 4701; x_wconf 86' lang='lat' dir='ltr'><strong>de</strong></span> <span class='ocrx_word' id='word_1_839' title='bbox 2816 4664 2878 4718; x_wconf 77' lang='lat' dir='ltr'><strong>eo</strong></span> <span class='ocrx_word' id='word_1_840' title='bbox 2921 4652 3047 4701; x_wconf 78' lang='lat' dir='ltr'><strong>dixit</strong></span> <span class='ocrx_word' id='word_1_841' title='bbox 3072 4652 3236 4704; x_wconf 86' lang='lat' dir='ltr'><strong>littera</strong></span> <span class='ocrx_word' id='word_1_842' title='bbox 3266 4657 3327 4718; x_wconf 76' lang='grc' dir='ltr'><strong>ρ,</strong></span> 
     </span>
    </p>
   </div>
   <div class='ocr_carea' id='block_1_122' title="bbox 1833 4716 3335 4781">
    <p class='ocr_par' dir='ltr' id='par_1_122' title="bbox 1833 4716 3335 4781">
     <span class='ocr_line' id='line_1_122' title="bbox 1833 4716 3335 4781; baseline 0.001 -14"><span class='ocrx_word' id='word_1_843' title='bbox 1833 4725 1886 4767; x_wconf 90' lang='lat' dir='ltr'><strong>ut</strong></span> <span class='ocrx_word' id='word_1_844' title='bbox 1912 4716 2162 4775; x_wconf 69' lang='lat' dir='ltr'><strong>signiticet</strong></span> <span class='ocrx_word' id='word_1_845' title='bbox 2183 4731 2242 4769; x_wconf 84' lang='lat' dir='ltr'><strong>ea</strong></span> <span class='ocrx_word' id='word_1_846' title='bbox 2275 4716 2447 4767; x_wconf 86' lang='lat' dir='ltr'><strong>haberi</strong></span> <span class='ocrx_word' id='word_1_847' title='bbox 2474 4731 2533 4768; x_wconf 76' lang='lat' dir='ltr'><strong>ex</strong></span> <span class='ocrx_word' id='word_1_848' title='bbox 2560 4719 2778 4781; x_wconf 85' lang='lat' dir='ltr'><strong>quodam</strong></span> <span class='ocrx_word' id='word_1_849' title='bbox 2824 4717 3161 4770; x_wconf 85' lang='lat' dir='ltr'><strong>Ecclesiarum</strong></span> <span class='ocrx_word' id='word_1_850' title='bbox 3206 4716 3335 4771; x_wconf 73' lang='lat' dir='ltr'><strong>Mar-</strong></span> 
     </span>
    </p>
   </div>
   <div class='ocr_carea' id='block_1_123' title="bbox 1833 4784 3329 4850">
    <p class='ocr_par' dir='ltr' id='par_1_123' title="bbox 1833 4784 3329 4850">
     <span class='ocr_line' id='line_1_123' title="bbox 1833 4784 3329 4850; baseline 0.002 -15"><span class='ocrx_word' id='word_1_851' title='bbox 1833 4787 2084 4850; x_wconf 71' lang='lat' dir='ltr'><strong>tyrologio</strong></span> <span class='ocrx_word' id='word_1_852' title='bbox 2112 4786 2343 4841; x_wconf 74' lang='lat' dir='ltr'><strong>confuse,</strong></span> <span class='ocrx_word' id='word_1_853' title='bbox 2389 4798 2504 4833; x_wconf 91' lang='lat' dir='ltr'><strong>cum</strong></span> <span class='ocrx_word' id='word_1_854' title='bbox 2530 4784 2726 4835; x_wconf 81' lang='lat' dir='ltr'><strong>scilicet</strong></span> <span class='ocrx_word' id='word_1_855' title='bbox 2755 4784 2924 4837; x_wconf 90' lang='lat' dir='ltr'><strong>dicere</strong></span> <span class='ocrx_word' id='word_1_856' title='bbox 2974 4800 3071 4835; x_wconf 93' lang='lat' dir='ltr'><strong>non</strong></span> <span class='ocrx_word' id='word_1_857' title='bbox 3117 4797 3329 4850; x_wconf 89' lang='lat' dir='ltr'><strong>poterat,</strong></span> 
     </span>
    </p>
   </div>
   <div class='ocr_carea' id='block_1_124' title="bbox 1830 4851 3333 4917">
    <p class='ocr_par' dir='ltr' id='par_1_124' title="bbox 1830 4851 3333 4917">
     <span class='ocr_line' id='line_1_124' title="bbox 1830 4851 3333 4917; baseline 0.002 -16"><span class='ocrx_word' id='word_1_858' title='bbox 1830 4851 1971 4915; x_wconf 80' lang='lat' dir='ltr'><strong>cujus</strong></span> <span class='ocrx_word' id='word_1_859' title='bbox 2002 4853 2202 4914; x_wconf 87' lang='lat' dir='ltr'><strong>proprie</strong></span> <span class='ocrx_word' id='word_1_860' title='bbox 2235 4853 2283 4900; x_wconf 91' lang='lat' dir='ltr'><strong>id</strong></span> <span class='ocrx_word' id='word_1_861' title='bbox 2308 4851 2547 4901; x_wconf 69' lang='lat' dir='ltr'><strong>Ecclesiae</strong></span> <span class='ocrx_word' id='word_1_862' title='bbox 2584 4862 2740 4917; x_wconf 82' lang='lat' dir='ltr'><strong>esset.</strong></span> <span class='ocrx_word' id='word_1_863' title='bbox 2789 4852 3061 4901; x_wconf 76' lang='lat' dir='ltr'><strong>Eborcnsis</strong></span> <span class='ocrx_word' id='word_1_864' title='bbox 3090 4852 3333 4917; x_wconf 78' lang='lat' dir='ltr'><strong>Ecclesia,</strong></span> 
     </span>
    </p>
   </div>
   <div class='ocr_carea' id='block_1_125' title="bbox 1834 4915 3332 4984">
    <p class='ocr_par' dir='ltr' id='par_1_125' title="bbox 1834 4915 3332 4984">
     <span class='ocr_line' id='line_1_125' title="bbox 1834 4915 3332 4984; baseline 0.003 -17"><span class='ocrx_word' id='word_1_865' title='bbox 1834 4920 1881 4967; x_wconf 89' lang='lat' dir='ltr'><strong>in</strong></span> <span class='ocrx_word' id='word_1_866' title='bbox 1908 4917 2054 4982; x_wconf 85' lang='lat' dir='ltr'><strong>cujus</strong></span> <span class='ocrx_word' id='word_1_867' title='bbox 2084 4916 2316 4967; x_wconf 80' lang='lat' dir='ltr'><strong>districtu</strong></span> <span class='ocrx_word' id='word_1_868' title='bbox 2364 4929 2444 4967; x_wconf 85' lang='lat' dir='ltr'><strong>res</strong></span> <span class='ocrx_word' id='word_1_869' title='bbox 2466 4915 2701 4984; x_wconf 82' lang='lat' dir='ltr'><strong>contigit,</strong></span> <span class='ocrx_word' id='word_1_870' title='bbox 2746 4918 2927 4969; x_wconf 78' lang='lat' dir='ltr'><strong>festum</strong></span> <span class='ocrx_word' id='word_1_871' title='bbox 2952 4918 3007 4969; x_wconf 90' lang='lat' dir='ltr'><strong>S.</strong></span> <span class='ocrx_word' id='word_1_872' title='bbox 3053 4918 3221 4969; x_wconf 82' lang='lat' dir='ltr'><strong>Mantii</strong></span> <span class='ocrx_word' id='word_1_873' title='bbox 3251 4915 3332 4971; x_wconf 57' lang='lat' dir='ltr'><strong>soé</strong></span> 
     </span>
    </p>
   </div>
   <div class='ocr_carea' id='block_1_126' title="bbox 1836 4983 3324 5045">
    <p class='ocr_par' dir='ltr' id='par_1_126' title="bbox 1836 4983 3324 5045">
     <span class='ocr_line' id='line_1_126' title="bbox 1836 4983 3324 5045; baseline 0.004 -13"><span class='ocrx_word' id='word_1_874' title='bbox 1836 4987 2000 5034; x_wconf 90' lang='lat' dir='ltr'><strong>lemne</strong></span> <span class='ocrx_word' id='word_1_875' title='bbox 2050 4984 2309 5034; x_wconf 86' lang='lat' dir='ltr'><strong>celebrare</strong></span> <span class='ocrx_word' id='word_1_876' title='bbox 2351 4983 2563 5045; x_wconf 84' lang='lat' dir='ltr'><strong>solebat,</strong></span> <span class='ocrx_word' id='word_1_877' title='bbox 2616 4983 2666 5035; x_wconf 85' lang='lat' dir='ltr'><strong>et</strong></span> <span class='ocrx_word' id='word_1_878' title='bbox 2705 4997 2979 5036; x_wconf 77' lang='lat' dir='ltr'><strong>etiamnum</strong></span> <span class='ocrx_word' id='word_1_879' title='bbox 3016 4985 3239 5037; x_wconf 89' lang='lat' dir='ltr'><strong>celebrat</strong></span> <span class='ocrx_word' id='word_1_880' title='bbox 3265 4987 3324 5038; x_wconf 73' lang='lat' dir='ltr'><strong>2t</strong></span> 
     </span>
    </p>
   </div>
   <div class='ocr_carea' id='block_1_127' title="bbox 1832 5051 2258 5101">
    <p class='ocr_par' dir='ltr' id='par_1_127' title="bbox 1832 5051 2258 5101">
     <span class='ocr_line' id='line_1_127' title="bbox 1832 5051 2258 5101; baseline 0.002 -1"><span class='ocrx_word' id='word_1_881' title='bbox 1832 5052 1963 5101; x_wconf 77' lang='lat' dir='ltr'><strong>Maii.</strong></span> <span class='ocrx_word' id='word_1_882' title='bbox 2007 5051 2258 5101; x_wconf 60' lang='lat' dir='ltr'><strong>Bonam».</strong></span> 
     </span>
    </p>
   </div>
   <div class='ocr_carea' id='block_1_128' title="bbox 1958 5116 3332 5185">
    <p class='ocr_par' dir='ltr' id='par_1_128' title="bbox 1958 5116 3332 5185">
     <span class='ocr_line' id='line_1_128' title="bbox 1958 5116 3332 5185; baseline 0.002 -16"><span class='ocrx_word' id='word_1_883' title='bbox 1958 5120 2117 5169; x_wconf 83' lang='lat' dir='ltr'><strong>Verba</strong></span> <span class='ocrx_word' id='word_1_884' title='bbox 2155 5117 2286 5167; x_wconf 62' lang='lat' dir='ltr'><strong>hisce</strong></span> <span class='ocrx_word' id='word_1_885' title='bbox 2342 5119 2650 5185; x_wconf 80' lang='lat' dir='ltr'><strong>adjiciunt...</strong></span> <span class='ocrx_word' id='word_1_886' title='bbox 2677 5121 2933 5167; x_wconf 74' lang='lat' dir='ltr'><strong>adderetur</strong></span> <span class='ocrx_word' id='word_1_887' title='bbox 2984 5116 3165 5171; x_wconf 83' lang='lat' dir='ltr'><strong>desunt</strong></span> <span class='ocrx_word' id='word_1_888' title='bbox 3193 5119 3241 5171; x_wconf 90' lang='lat' dir='ltr'><strong>in</strong></span> <span class='ocrx_word' id='word_1_889' title='bbox 3272 5119 3332 5176; x_wconf 67' lang='grc' dir='ltr'>Ι..</span> 
     </span>
    </p>
   </div>
   <div class='ocr_carea' id='block_1_129' title="bbox 1899 5185 3091 5249">
    <p class='ocr_par' dir='ltr' id='par_1_129' title="bbox 1899 5185 3091 5249">
     <span class='ocr_line' id='line_1_129' title="bbox 1899 5185 3091 5249; baseline 0.002 -14"><span class='ocrx_word' id='word_1_890' title='bbox 1899 5186 1922 5221; x_wconf 76' lang='grc'><strong><em>⁸</em></strong></span> <span class='ocrx_word' id='word_1_891' title='bbox 1948 5186 2209 5235; x_wconf 65' lang='lat' dir='ltr'><strong>Basiliam.</strong></span> <span class='ocrx_word' id='word_1_892' title='bbox 2237 5185 2359 5248; x_wconf 66' lang='lat' dir='ltr'><strong>Qua:</strong></span> <span class='ocrx_word' id='word_1_893' title='bbox 2379 5202 2491 5235; x_wconf 80' lang='lat' dir='ltr'><strong>cum</strong></span> <span class='ocrx_word' id='word_1_894' title='bbox 2517 5192 2683 5237; x_wconf 81' lang='lat' dir='ltr'><strong>Aureo</strong></span> <span class='ocrx_word' id='word_1_895' title='bbox 2710 5185 2865 5249; x_wconf 88' lang='lat' dir='ltr'><strong>pridie</strong></span> <span class='ocrx_word' id='word_1_896' title='bbox 2888 5185 3091 5237; x_wconf 89' lang='lat' dir='ltr'><strong>colitur.</strong></span> 
     </span>
    </p>
   </div>
   <div class='ocr_carea' id='block_1_130' title="bbox 1899 5248 3238 5305">
    <p class='ocr_par' dir='ltr' id='par_1_130' title="bbox 1899 5248 3238 5305">
     <span class='ocr_line' id='line_1_130' title="bbox 1899 5248 3238 5305; baseline 0.001 -3"><span class='ocrx_word' id='word_1_897' title='bbox 1899 5248 1921 5279; x_wconf 76' lang='grc'><strong>¹¹</strong></span> <span class='ocrx_word' id='word_1_898' title='bbox 1953 5252 2170 5302; x_wconf 77' lang='lat' dir='ltr'><strong>Gerrain</strong></span> <span class='ocrx_word' id='word_1_899' title='bbox 2199 5265 2241 5300; x_wconf 85' lang='lat' dir='ltr'><strong>et</strong></span> <span class='ocrx_word' id='word_1_900' title='bbox 2268 5253 2495 5303; x_wconf 72' lang='lat' dir='ltr'><strong>Protusii.</strong></span> <span class='ocrx_word' id='word_1_901' title='bbox 2524 5254 2591 5302; x_wconf 86' lang='lat' dir='ltr'><strong>De</strong></span> <span class='ocrx_word' id='word_1_902' title='bbox 2613 5253 2689 5301; x_wconf 81' lang='lat' dir='ltr'><strong>his</strong></span> <span class='ocrx_word' id='word_1_903' title='bbox 2710 5248 2823 5305; x_wconf 78' lang='lat' dir='ltr'><strong>vide</strong></span> <span class='ocrx_word' id='word_1_904' title='bbox 2843 5254 2975 5305; x_wconf 83' lang='lat' dir='ltr'><strong>dictu</strong></span> <span class='ocrx_word' id='word_1_905' title='bbox 3004 5254 3065 5304; x_wconf 81' lang='grc'><strong>10</strong></span> <span class='ocrx_word' id='word_1_906' title='bbox 3084 5252 3238 5304; x_wconf 84' lang='lat' dir='ltr'><strong>Junii.</strong></span> 
     </span>
    </p>
   </div>
   <div class='ocr_carea' id='block_1_131' title="bbox 1907 5318 3332 5385">
    <p class='ocr_par' dir='ltr' id='par_1_131' title="bbox 1907 5318 3332 5385">
     <span class='ocr_line' id='line_1_131' title="bbox 1907 5318 3332 5385; baseline 0.002 -16"><span class='ocrx_word' id='word_1_907' title='bbox 1907 5319 1919 5353; x_wconf 72' lang='grc' dir='ltr'><strong>ί</strong></span> <span class='ocrx_word' id='word_1_908' title='bbox 1961 5318 2211 5369; x_wconf 81' lang='lat' dir='ltr'><strong>Timothei.</strong></span> <span class='ocrx_word' id='word_1_909' title='bbox 2248 5320 2381 5368; x_wconf 71' lang='lat' dir='ltr'><strong>I’aSsi</strong></span> <span class='ocrx_word' id='word_1_910' title='bbox 2427 5322 2473 5368; x_wconf 83' lang='lat' dir='ltr'><strong>iii</strong></span> <span class='ocrx_word' id='word_1_911' title='bbox 2504 5320 2800 5370; x_wconf 80' lang='lat' dir='ltr'><strong>Mauritania</strong></span> <span class='ocrx_word' id='word_1_912' title='bbox 2826 5321 3148 5381; x_wconf 60' lang='lat' dir='ltr'><strong>tLaasariensi,</strong></span> <span class='ocrx_word' id='word_1_913' title='bbox 3189 5319 3332 5385; x_wconf 77' lang='lat' dir='ltr'><strong>juxta</strong></span> 
     </span>
    </p>
   </div>
   <div class='ocr_carea' id='block_1_132' title="bbox 1831 5387 2078 5437">
    <p class='ocr_par' dir='ltr' id='par_1_132' title="bbox 1831 5387 2078 5437">
     <span class='ocr_line' id='line_1_132' title="bbox 1831 5387 2078 5437; baseline -0.016 0"><span class='ocrx_word' id='word_1_914' title='bbox 1831 5387 2078 5437; x_wconf 85' lang='lat' dir='ltr'><strong>Adonem.</strong></span> 
     </span>
    </p>
   </div>
   <div class='ocr_carea' id='block_1_133' title="bbox 1903 5452 3331 5519">
    <p class='ocr_par' dir='ltr' id='par_1_133' title="bbox 1903 5452 3331 5519">
     <span class='ocr_line' id='line_1_133' title="bbox 1903 5452 3331 5519; baseline 0.005 -20"><span class='ocrx_word' id='word_1_915' title='bbox 1903 5467 1914 5499; x_wconf 90' lang='lat' dir='ltr'><strong>I</strong></span> <span class='ocrx_word' id='word_1_916' title='bbox 1948 5452 2221 5501; x_wconf 74' lang='lat' dir='ltr'><strong>Britannia.</strong></span> <span class='ocrx_word' id='word_1_917' title='bbox 2260 5452 2495 5501; x_wconf 78' lang='lat' dir='ltr'><strong>Dubitare</strong></span> <span class='ocrx_word' id='word_1_918' title='bbox 2524 5453 2704 5504; x_wconf 74' lang='lat' dir='ltr'><strong>merito</strong></span> <span class='ocrx_word' id='word_1_919' title='bbox 2732 5456 2841 5516; x_wconf 87' lang='lat' dir='ltr'><strong>quis</strong></span> <span class='ocrx_word' id='word_1_920' title='bbox 2889 5461 3073 5519; x_wconf 88' lang='lat' dir='ltr'><strong>posset,</strong></span> <span class='ocrx_word' id='word_1_921' title='bbox 3116 5466 3179 5503; x_wconf 87' lang='lat' dir='ltr'><strong>an</strong></span> <span class='ocrx_word' id='word_1_922' title='bbox 3226 5453 3331 5506; x_wconf 82' lang='lat' dir='ltr'><strong>Bri-</strong></span> 
     </span>
    </p>
   </div>
   <div class='ocr_carea' id='block_1_134' title="bbox 1834 5520 2832 5571">
    <p class='ocr_par' dir='ltr' id='par_1_134' title="bbox 1834 5520 2832 5571">
     <span class='ocr_line' id='line_1_134' title="bbox 1834 5520 2832 5571; baseline -0.001 0"><span class='ocrx_word' id='word_1_923' title='bbox 1834 5520 2001 5571; x_wconf 75' lang='lat' dir='ltr'><strong>tannia</strong></span> <span class='ocrx_word' id='word_1_924' title='bbox 2030 5534 2090 5569; x_wconf 76' lang='lat' dir='ltr'><strong>cx</strong></span> <span class='ocrx_word' id='word_1_925' title='bbox 2130 5520 2417 5569; x_wconf 65' lang='lat' dir='ltr'><strong>hauritania</strong></span> <span class='ocrx_word' id='word_1_926' title='bbox 2449 5520 2573 5568; x_wconf 83' lang='lat' dir='ltr'><strong>lat-ta</strong></span> <span class='ocrx_word' id='word_1_927' title='bbox 2622 5536 2719 5569; x_wconf 85' lang='lat' dir='ltr'><strong>non</strong></span> <span class='ocrx_word' id='word_1_928' title='bbox 2748 5523 2832 5571; x_wconf 82' lang='lat' dir='ltr'><strong>sit.</strong></span> 
     </span>
    </p>
   </div>
   <div class='ocr_carea' id='block_1_135' title="bbox 1902 5586 3333 5646">
    <p class='ocr_par' dir='ltr' id='par_1_135' title="bbox 1902 5586 3333 5646">
     <span class='ocr_line' id='line_1_135' title="bbox 1902 5586 3333 5646; baseline 0.003 -11"><span class='ocrx_word' id='word_1_929' title='bbox 1902 5587 1922 5621; x_wconf 71' lang='grc' dir='ltr'>ι</span> <span class='ocrx_word' id='word_1_930' title='bbox 1960 5586 2236 5637; x_wconf 62' lang='lat' dir='ltr'><strong>Pollentia.</strong></span> <span class='ocrx_word' id='word_1_931' title='bbox 2268 5587 2411 5646; x_wconf 76' lang='lat' dir='ltr'><strong>Quod</strong></span> <span class='ocrx_word' id='word_1_932' title='bbox 2446 5604 2471 5635; x_wconf 88' lang='lat' dir='ltr'><strong>a</strong></span> <span class='ocrx_word' id='word_1_933' title='bbox 2497 5590 2765 5639; x_wconf 86' lang='lat' dir='ltr'><strong>lesiinantc</strong></span> <span class='ocrx_word' id='word_1_934' title='bbox 2810 5588 3103 5637; x_wconf 84' lang='lat' dir='ltr'><strong>amanuensi</strong></span> <span class='ocrx_word' id='word_1_935' title='bbox 3149 5587 3333 5639; x_wconf 78' lang='lat' dir='ltr'><strong>scribi—</strong></span> 
     </span>
    </p>
   </div>
   <div class='ocr_carea' id='block_1_136' title="bbox 1834 5653 2697 5719">
    <p class='ocr_par' dir='ltr' id='par_1_136' title="bbox 1834 5653 2697 5719">
     <span class='ocr_line' id='line_1_136' title="bbox 1834 5653 2697 5719; baseline 0.001 -15"><span class='ocrx_word' id='word_1_936' title='bbox 1834 5663 1909 5705; x_wconf 91' lang='lat' dir='ltr'><strong>tur</strong></span> <span class='ocrx_word' id='word_1_937' title='bbox 1937 5669 2024 5719; x_wconf 83' lang='lat' dir='ltr'><strong>pro</strong></span> <span class='ocrx_word' id='word_1_938' title='bbox 2057 5654 2198 5716; x_wconf 85' lang='lat' dir='ltr'><strong>I&#39;olii,</strong></span> <span class='ocrx_word' id='word_1_939' title='bbox 2235 5653 2450 5704; x_wconf 70' lang='lat' dir='ltr'><strong>liutictiii</strong></span> <span class='ocrx_word' id='word_1_940' title='bbox 2480 5655 2697 5705; x_wconf 78' lang='lat' dir='ltr'><strong>diaconi.</strong></span> 
     </span>
    </p>
   </div>
  </div>
