  <div class='ocr_page' id='page_1' title='image "/cluster/home/n/w/nwhite01/storage/ocr_20150623/94/uva.x000827077/474.png"; bbox 0 0 3888 6334; ppageno 0'>
   <div class='ocr_carea' id='block_1_1' title="bbox 247 351 353 410">
    <p class='ocr_par' dir='ltr' id='par_1_1' title="bbox 247 351 353 410">
     <span class='ocr_line' id='line_1_1' title="bbox 247 351 353 410; baseline -0.038 0"><span class='ocrx_word' id='word_1_1' title='bbox 247 351 353 410; x_wconf 67' lang='lat' dir='ltr'><strong>I53</strong></span> 
     </span>
    </p>
   </div>
   <div class='ocr_carea' id='block_1_2' title="bbox 1307 357 2269 412">
    <p class='ocr_par' dir='ltr' id='par_1_2' title="bbox 1307 357 2269 412">
     <span class='ocr_line' id='line_1_2' title="bbox 1307 357 2269 412; baseline 0.003 -3"><span class='ocrx_word' id='word_1_2' title='bbox 1307 357 1490 410; x_wconf 77' lang='lat' dir='ltr'><strong>SECT.</strong></span> <span class='ocrx_word' id='word_1_3' title='bbox 1535 359 1594 409; x_wconf 91' lang='lat' dir='ltr'><strong>II.</strong></span> <span class='ocrx_word' id='word_1_4' title='bbox 1635 387 1702 399; x_wconf 87' lang='lat'><strong>—-</strong></span> <span class='ocrx_word' id='word_1_5' title='bbox 1740 359 2269 412; x_wconf 69' lang='lat' dir='ltr'><strong>MARTYIlULOGIA.</strong></span> 
     </span>
    </p>
   </div>
   <div class='ocr_carea' id='block_1_3' title="bbox 3261 377 3359 430">
    <p class='ocr_par' dir='ltr' id='par_1_3' title="bbox 3261 377 3359 430">
     <span class='ocr_line' id='line_1_3' title="bbox 3261 377 3359 430; baseline -0.02 -1"><span class='ocrx_word' id='word_1_6' title='bbox 3261 377 3359 430; x_wconf 64' lang='lat'><strong>931</strong></span> 
     </span>
    </p>
   </div>
   <div class='ocr_carea' id='block_1_4' title="bbox 356 451 2139 535">
    <p class='ocr_par' dir='ltr' id='par_1_4' title="bbox 356 451 2139 535">
     <span class='ocr_line' id='line_1_4' title="bbox 356 451 2139 535; baseline 0.003 -22"><span class='ocrx_word' id='word_1_7' title='bbox 356 528 362 535; x_wconf 91' lang='lat'><em>_</em></span> <span class='ocrx_word' id='word_1_8' title='bbox 1349 451 1352 456; x_wconf 84' lang='grc'><em>’</em></span> <span class='ocrx_word' id='word_1_9' title='bbox 1443 464 1661 516; x_wconf 83' lang='lat' dir='ltr'><strong>EDl&#39;l&#39;lO</strong></span> <span class='ocrx_word' id='word_1_10' title='bbox 1699 465 2139 520; x_wconf 57' lang='lat' dir='ltr'><strong>cuman-2mm.</strong></span> 
     </span>
    </p>
   </div>
   <div class='ocr_carea' id='block_1_5' title="bbox 254 547 3365 622">
    <p class='ocr_par' dir='ltr' id='par_1_5' title="bbox 254 547 3365 622">
     <span class='ocr_line' id='line_1_5' title="bbox 254 547 3365 622; baseline 0.003 -24"><span class='ocrx_word' id='word_1_11' title='bbox 254 547 535 599; x_wconf 76' lang='lat' dir='ltr'><strong>Marcellini</strong></span> <span class='ocrx_word' id='word_1_12' title='bbox 568 547 879 616; x_wconf 77' lang='lat' dir='ltr'><strong>presbyteri,</strong></span> <span class='ocrx_word' id='word_1_13' title='bbox 909 560 955 601; x_wconf 88' lang='lat' dir='ltr'><strong>et</strong></span> <span class='ocrx_word' id='word_1_14' title='bbox 984 549 1117 601; x_wconf 82' lang='lat' dir='ltr'><strong>Pelri</strong></span> <span class='ocrx_word' id='word_1_15' title='bbox 1144 552 1434 612; x_wconf 73' lang='lat' dir='ltr'><strong>exorcistzc,</strong></span> <span class='ocrx_word' id='word_1_16' title='bbox 1467 553 1548 616; x_wconf 89' lang='lat' dir='ltr'><strong>qui</strong></span> <span class='ocrx_word' id='word_1_17' title='bbox 1577 555 1763 603; x_wconf 79' lang='lat' dir='ltr'><strong>multos</strong></span> <span class='ocrx_word' id='word_1_18' title='bbox 1793 561 1834 612; x_wconf 76' lang='grc' dir='ltr'>Α</span> <span class='ocrx_word' id='word_1_19' title='bbox 1865 554 2128 619; x_wconf 80' lang='lat' dir='ltr'><strong>sulphure,</strong></span> <span class='ocrx_word' id='word_1_20' title='bbox 2162 555 2386 620; x_wconf 83' lang='lat' dir='ltr'><strong>piumbo,</strong></span> <span class='ocrx_word' id='word_1_21' title='bbox 2419 557 2545 621; x_wconf 87' lang='lat' dir='ltr'><strong>pice,</strong></span> <span class='ocrx_word' id='word_1_22' title='bbox 2575 568 2693 609; x_wconf 80' lang='lat' dir='ltr'><strong>cera</strong></span> <span class='ocrx_word' id='word_1_23' title='bbox 2720 594 2734 618; x_wconf 90' lang='lat'><strong>,</strong></span> <span class='ocrx_word' id='word_1_24' title='bbox 2779 556 2992 620; x_wconf 89' lang='lat' dir='ltr'><strong>oleoque</strong></span> <span class='ocrx_word' id='word_1_25' title='bbox 3023 555 3200 606; x_wconf 89' lang='lat' dir='ltr'><strong>solutis</strong></span> <span class='ocrx_word' id='word_1_26' title='bbox 3251 570 3365 622; x_wconf 88' lang='lat' dir='ltr'><strong>per-</strong></span> 
     </span>
    </p>
   </div>
   <div class='ocr_carea' id='block_1_6' title="bbox 258 636 1772 704">
    <p class='ocr_par' dir='ltr' id='par_1_6' title="bbox 258 636 1772 704">
     <span class='ocr_line' id='line_1_6' title="bbox 258 636 1772 704; baseline 0.005 -21"><span class='ocrx_word' id='word_1_27' title='bbox 258 636 311 688; x_wconf 85' lang='lat' dir='ltr'><strong>in</strong></span> <span class='ocrx_word' id='word_1_28' title='bbox 338 648 543 686; x_wconf 78' lang='lat' dir='ltr'><strong>carcere</strong></span> <span class='ocrx_word' id='word_1_29' title='bbox 563 636 624 686; x_wconf 89' lang='lat' dir='ltr'><strong>ad</strong></span> <span class='ocrx_word' id='word_1_30' title='bbox 665 637 816 689; x_wconf 84' lang='lat' dir='ltr'><strong>ﬁdem</strong></span> <span class='ocrx_word' id='word_1_31' title='bbox 841 636 1152 699; x_wconf 72' lang='lat' dir='ltr'><strong>ernilientes,</strong></span> <span class='ocrx_word' id='word_1_32' title='bbox 1177 652 1287 702; x_wconf 88' lang='lat' dir='ltr'><strong>post</strong></span> <span class='ocrx_word' id='word_1_33' title='bbox 1310 641 1418 690; x_wconf 80' lang='lat' dir='ltr'><strong>dira</strong></span> <span class='ocrx_word' id='word_1_34' title='bbox 1449 641 1644 690; x_wconf 86' lang='lat' dir='ltr'><strong>vincula</strong></span> <span class='ocrx_word' id='word_1_35' title='bbox 1664 683 1677 704; x_wconf 87' lang='lat'><strong>,</strong></span> <span class='ocrx_word' id='word_1_36' title='bbox 1720 652 1772 691; x_wconf 89' lang='lat' dir='ltr'><strong>et</strong></span> 
     </span>
    </p>
   </div>
   <div class='ocr_carea' id='block_1_7' title="bbox 260 717 1768 791">
    <p class='ocr_par' dir='ltr' id='par_1_7' title="bbox 260 717 1768 791">
     <span class='ocr_line' id='line_1_7' title="bbox 260 717 1768 791; baseline 0.003 -22"><span class='ocrx_word' id='word_1_37' title='bbox 260 717 478 781; x_wconf 86' lang='lat' dir='ltr'><strong>plurima</strong></span> <span class='ocrx_word' id='word_1_38' title='bbox 510 728 766 772; x_wconf 86' lang='lat' dir='ltr'><strong>tormenta</strong></span> <span class='ocrx_word' id='word_1_39' title='bbox 795 723 1031 774; x_wconf 87' lang='lat' dir='ltr'><strong>decollati</strong></span> <span class='ocrx_word' id='word_1_40' title='bbox 1068 732 1187 774; x_wconf 88' lang='lat' dir='ltr'><strong>sunt</strong></span> <span class='ocrx_word' id='word_1_41' title='bbox 1215 725 1309 776; x_wconf 89' lang='lat' dir='ltr'><strong>sub</strong></span> <span class='ocrx_word' id='word_1_42' title='bbox 1333 721 1504 791; x_wconf 78' lang='lat' dir='ltr'><strong>judice</strong></span> <span class='ocrx_word' id='word_1_43' title='bbox 1534 725 1731 778; x_wconf 88' lang='lat' dir='ltr'><strong>Sereno</strong></span> <span class='ocrx_word' id='word_1_44' title='bbox 1756 743 1768 785; x_wconf 92' lang='lat'>;</span> 
     </span>
    </p>
   </div>
   <div class='ocr_carea' id='block_1_8' title="bbox 261 806 1774 876">
    <p class='ocr_par' dir='ltr' id='par_1_8' title="bbox 261 806 1774 876">
     <span class='ocr_line' id='line_1_8' title="bbox 261 806 1774 876; baseline 0.006 -22"><span class='ocrx_word' id='word_1_45' title='bbox 261 815 313 854; x_wconf 83' lang='lat' dir='ltr'><strong>et</strong></span> <span class='ocrx_word' id='word_1_46' title='bbox 336 807 422 870; x_wconf 82' lang='lat' dir='ltr'><strong>qui</strong></span> <span class='ocrx_word' id='word_1_47' title='bbox 455 820 546 857; x_wconf 90' lang='lat' dir='ltr'><strong>eos</strong></span> <span class='ocrx_word' id='word_1_48' title='bbox 591 806 886 868; x_wconf 87' lang='lat' dir='ltr'><strong>decollavit,</strong></span> <span class='ocrx_word' id='word_1_49' title='bbox 915 810 1042 860; x_wconf 89' lang='lat' dir='ltr'><strong>vidit</strong></span> <span class='ocrx_word' id='word_1_50' title='bbox 1086 811 1283 862; x_wconf 86' lang='lat' dir='ltr'><strong>animas</strong></span> <span class='ocrx_word' id='word_1_51' title='bbox 1309 826 1484 862; x_wconf 79' lang='lat' dir='ltr'><strong>eorum</strong></span> <span class='ocrx_word' id='word_1_52' title='bbox 1510 811 1774 876; x_wconf 87' lang='lat' dir='ltr'><strong>splendide</strong></span> 
     </span>
    </p>
   </div>
   <div class='ocr_carea' id='block_1_9' title="bbox 263 899 1772 967">
    <p class='ocr_par' dir='ltr' id='par_1_9' title="bbox 263 899 1772 967">
     <span class='ocr_line' id='line_1_9' title="bbox 263 899 1772 967; baseline 0.001 -17"><span class='ocrx_word' id='word_1_53' title='bbox 263 907 472 950; x_wconf 71' lang='lat' dir='ltr'><strong>Mnatas</strong></span> <span class='ocrx_word' id='word_1_54' title='bbox 499 901 560 952; x_wconf 87' lang='lat' dir='ltr'><strong>ab</strong></span> <span class='ocrx_word' id='word_1_55' title='bbox 603 899 812 967; x_wconf 78' lang='lat' dir='ltr'><strong>Angelis</strong></span> <span class='ocrx_word' id='word_1_56' title='bbox 860 901 980 954; x_wconf 81' lang='lat' dir='ltr'><strong>ferri</strong></span> <span class='ocrx_word' id='word_1_57' title='bbox 1017 901 1077 953; x_wconf 83' lang='lat' dir='ltr'><strong>ad</strong></span> <span class='ocrx_word' id='word_1_58' title='bbox 1128 904 1306 962; x_wconf 75' lang='lat' dir='ltr'><strong>cii-los,</strong></span> <span class='ocrx_word' id='word_1_59' title='bbox 1345 914 1395 954; x_wconf 92' lang='lat' dir='ltr'><strong>et</strong></span> <span class='ocrx_word' id='word_1_60' title='bbox 1429 904 1772 967; x_wconf 67' lang='lat' dir='ltr'><strong>pmnitentiam</strong></span> 
     </span>
    </p>
   </div>
   <div class='ocr_carea' id='block_1_10' title="bbox 262 985 1772 1054">
    <p class='ocr_par' dir='ltr' id='par_1_10' title="bbox 262 985 1772 1054">
     <span class='ocr_line' id='line_1_10' title="bbox 262 985 1772 1054; baseline 0.002 -21"><span class='ocrx_word' id='word_1_61' title='bbox 262 999 420 1050; x_wconf 86' lang='lat' dir='ltr'><strong>agens</strong></span> <span class='ocrx_word' id='word_1_62' title='bbox 449 986 545 1037; x_wconf 93' lang='lat' dir='ltr'><strong>sub</strong></span> <span class='ocrx_word' id='word_1_63' title='bbox 567 985 700 1038; x_wconf 82' lang='lat' dir='ltr'><strong>Julio</strong></span> <span class='ocrx_word' id='word_1_64' title='bbox 721 1003 844 1053; x_wconf 88' lang='lat' dir='ltr'><strong>papa</strong></span> <span class='ocrx_word' id='word_1_65' title='bbox 870 989 1151 1054; x_wconf 81' lang='lat' dir='ltr'><strong>baptizatus</strong></span> <span class='ocrx_word' id='word_1_66' title='bbox 1172 1000 1249 1040; x_wconf 78' lang='lat' dir='ltr'><strong>est</strong></span> <span class='ocrx_word' id='word_1_67' title='bbox 1290 989 1340 1041; x_wconf 91' lang='lat' dir='ltr'><strong>in</strong></span> <span class='ocrx_word' id='word_1_68' title='bbox 1378 1001 1636 1041; x_wconf 56' lang='lat' dir='ltr'><strong>Senectute</strong></span> <span class='ocrx_word' id='word_1_69' title='bbox 1661 1003 1772 1049; x_wconf 86' lang='lat' dir='ltr'><strong>sua,</strong></span> 
     </span>
    </p>
   </div>
   <div class='ocr_carea' id='block_1_11' title="bbox 267 1065 1774 1144">
    <p class='ocr_par' dir='ltr' id='par_1_11' title="bbox 267 1065 1774 1144">
     <span class='ocr_line' id='line_1_11' title="bbox 267 1065 1774 1144; baseline 0.003 -21"><span class='ocrx_word' id='word_1_70' title='bbox 267 1075 476 1125; x_wconf 88' lang='lat' dir='ltr'><strong>nomine</strong></span> <span class='ocrx_word' id='word_1_71' title='bbox 513 1065 834 1128; x_wconf 82' lang='lat' dir='ltr'><strong>Theodorus.</strong></span> <span class='ocrx_word' id='word_1_72' title='bbox 877 1077 1105 1144; x_wconf 77' lang='lat' dir='ltr'><strong>Lugduni</strong></span> <span class='ocrx_word' id='word_1_73' title='bbox 1146 1087 1335 1130; x_wconf 64' lang='lat' dir='ltr'><strong>sanctm</strong></span> <span class='ocrx_word' id='word_1_74' title='bbox 1375 1077 1632 1129; x_wconf 62' lang='lat' dir='ltr'><strong>Blanditiae</strong></span> <span class='ocrx_word' id='word_1_75' title='bbox 1660 1072 1774 1128; x_wconf 84' lang='lat' dir='ltr'><strong>cum</strong></span> 
     </span>
    </p>
   </div>
   <div class='ocr_carea' id='block_1_12' title="bbox 268 1162 1779 1232">
    <p class='ocr_par' dir='ltr' id='par_1_12' title="bbox 268 1162 1779 1232">
     <span class='ocr_line' id='line_1_12' title="bbox 268 1162 1779 1232; baseline 0.003 -21"><span class='ocrx_word' id='word_1_76' title='bbox 268 1162 505 1215; x_wconf 83' lang='lat' dir='ltr'><strong>undecim</strong></span> <span class='ocrx_word' id='word_1_77' title='bbox 554 1171 606 1214; x_wconf 87' lang='lat' dir='ltr'><strong>et</strong></span> <span class='ocrx_word' id='word_1_78' title='bbox 651 1177 767 1216; x_wconf 86' lang='lat' dir='ltr'><strong>octo</strong></span> <span class='ocrx_word' id='word_1_79' title='bbox 822 1166 1166 1231; x_wconf 75' lang='lat' dir='ltr'><strong>martyribus,</strong></span> <span class='ocrx_word' id='word_1_80' title='bbox 1219 1165 1364 1232; x_wconf 82' lang='lat' dir='ltr'><strong>cujus</strong></span> <span class='ocrx_word' id='word_1_81' title='bbox 1401 1181 1427 1216; x_wconf 90' lang='lat' dir='ltr'><strong>a</strong></span> <span class='ocrx_word' id='word_1_82' title='bbox 1457 1165 1617 1226; x_wconf 85' lang='lat' dir='ltr'><strong>prima</strong></span> <span class='ocrx_word' id='word_1_83' title='bbox 1668 1165 1779 1216; x_wconf 83' lang='lat' dir='ltr'><strong>luce</strong></span> 
     </span>
    </p>
   </div>
   <div class='ocr_carea' id='block_1_13' title="bbox 272 1235 1778 1317">
    <p class='ocr_par' dir='ltr' id='par_1_13' title="bbox 272 1235 1778 1317">
     <span class='ocr_line' id='line_1_13' title="bbox 272 1235 1778 1317; baseline 0.003 -21"><span class='ocrx_word' id='word_1_84' title='bbox 272 1261 432 1310; x_wconf 84' lang='lat' dir='ltr'><strong>usque</strong></span> <span class='ocrx_word' id='word_1_85' title='bbox 461 1249 523 1300; x_wconf 89' lang='lat' dir='ltr'><strong>ad</strong></span> <span class='ocrx_word' id='word_1_86' title='bbox 550 1265 812 1316; x_wconf 86' lang='lat' dir='ltr'><strong>vesperam</strong></span> <span class='ocrx_word' id='word_1_87' title='bbox 843 1261 1093 1302; x_wconf 72' lang='lat' dir='ltr'><strong>tormenta</strong></span> <span class='ocrx_word' id='word_1_88' title='bbox 1126 1235 1334 1317; x_wconf 65' lang='lat' dir='ltr'><strong>semper</strong></span> <span class='ocrx_word' id='word_1_89' title='bbox 1359 1253 1682 1310; x_wconf 75' lang='lat' dir='ltr'><strong>innovantes,</strong></span> <span class='ocrx_word' id='word_1_90' title='bbox 1717 1250 1778 1301; x_wconf 86' lang='lat' dir='ltr'><strong>ad</strong></span> 
     </span>
    </p>
   </div>
   <div class='ocr_carea' id='block_1_14' title="bbox 271 1332 1779 1402">
    <p class='ocr_par' dir='ltr' id='par_1_14' title="bbox 271 1332 1779 1402">
     <span class='ocr_line' id='line_1_14' title="bbox 271 1332 1779 1402; baseline 0.003 -20"><span class='ocrx_word' id='word_1_91' title='bbox 271 1332 504 1384; x_wconf 90' lang='lat' dir='ltr'><strong>ultimum</strong></span> <span class='ocrx_word' id='word_1_92' title='bbox 535 1335 695 1386; x_wconf 87' lang='lat' dir='ltr'><strong>victos</strong></span> <span class='ocrx_word' id='word_1_93' title='bbox 723 1350 780 1387; x_wconf 84' lang='lat' dir='ltr'><strong>se</strong></span> <span class='ocrx_word' id='word_1_94' title='bbox 822 1346 1041 1387; x_wconf 67' lang='lat' dir='ltr'><strong>tortores</strong></span> <span class='ocrx_word' id='word_1_95' title='bbox 1079 1339 1411 1392; x_wconf 77' lang='lat' dir='ltr'><strong>conﬁtentur:</strong></span> <span class='ocrx_word' id='word_1_96' title='bbox 1440 1353 1552 1402; x_wconf 80' lang='lat' dir='ltr'><strong>quae</strong></span> <span class='ocrx_word' id='word_1_97' title='bbox 1597 1346 1649 1387; x_wconf 78' lang='lat' dir='ltr'><strong>et</strong></span> <span class='ocrx_word' id='word_1_98' title='bbox 1694 1351 1779 1388; x_wconf 83' lang='lat' dir='ltr'><strong>se-</strong></span> 
     </span>
    </p>
   </div>
   <div class='ocr_carea' id='block_1_15' title="bbox 269 1420 1779 1484">
    <p class='ocr_par' dir='ltr' id='par_1_15' title="bbox 269 1420 1779 1484">
     <span class='ocr_line' id='line_1_15' title="bbox 269 1420 1779 1484; baseline -0.002 -13"><span class='ocrx_word' id='word_1_99' title='bbox 269 1421 441 1471; x_wconf 91' lang='lat' dir='ltr'><strong>cundo</strong></span> <span class='ocrx_word' id='word_1_100' title='bbox 471 1422 684 1484; x_wconf 87' lang='lat' dir='ltr'><strong>pulsata,</strong></span> <span class='ocrx_word' id='word_1_101' title='bbox 732 1424 954 1474; x_wconf 89' lang='lat' dir='ltr'><strong>cruciata</strong></span> <span class='ocrx_word' id='word_1_102' title='bbox 995 1437 1092 1472; x_wconf 91' lang='lat' dir='ltr'><strong>non</strong></span> <span class='ocrx_word' id='word_1_103' title='bbox 1133 1430 1420 1482; x_wconf 82' lang='lat' dir='ltr'><strong>superatur.</strong></span> <span class='ocrx_word' id='word_1_104' title='bbox 1452 1420 1627 1473; x_wconf 85' lang='lat' dir='ltr'><strong>Tertio</strong></span> <span class='ocrx_word' id='word_1_105' title='bbox 1649 1434 1779 1484; x_wconf 84' lang='lat' dir='ltr'><strong>quo-</strong></span> 
     </span>
    </p>
   </div>
   <div class='ocr_carea' id='block_1_16' title="bbox 271 1506 1780 1574">
    <p class='ocr_par' dir='ltr' id='par_1_16' title="bbox 271 1506 1780 1574">
     <span class='ocr_line' id='line_1_16' title="bbox 271 1506 1780 1574; baseline 0.003 -20"><span class='ocrx_word' id='word_1_106' title='bbox 271 1519 375 1570; x_wconf 78' lang='lat' dir='ltr'><strong>que</strong></span> <span class='ocrx_word' id='word_1_107' title='bbox 401 1506 486 1557; x_wconf 87' lang='lat' dir='ltr'><strong>die</strong></span> <span class='ocrx_word' id='word_1_108' title='bbox 515 1507 723 1574; x_wconf 79' lang='lat' dir='ltr'><strong>religata</strong></span> <span class='ocrx_word' id='word_1_109' title='bbox 755 1509 816 1558; x_wconf 84' lang='lat' dir='ltr'><strong>ad</strong></span> <span class='ocrx_word' id='word_1_110' title='bbox 838 1509 1078 1572; x_wconf 80' lang='lat' dir='ltr'><strong>stipitem,</strong></span> <span class='ocrx_word' id='word_1_111' title='bbox 1108 1519 1260 1573; x_wconf 85' lang='lat' dir='ltr'><strong>atque</strong></span> <span class='ocrx_word' id='word_1_112' title='bbox 1301 1511 1348 1559; x_wconf 91' lang='lat' dir='ltr'><strong>in</strong></span> <span class='ocrx_word' id='word_1_113' title='bbox 1379 1510 1545 1559; x_wconf 88' lang='lat' dir='ltr'><strong>crucis</strong></span> <span class='ocrx_word' id='word_1_114' title='bbox 1575 1509 1780 1559; x_wconf 91' lang='lat' dir='ltr'><strong>modum</strong></span> 
     </span>
    </p>
   </div>
   <div class='ocr_carea' id='block_1_17' title="bbox 270 1596 1781 1662">
    <p class='ocr_par' dir='ltr' id='par_1_17' title="bbox 270 1596 1781 1662">
     <span class='ocr_line' id='line_1_17' title="bbox 270 1596 1781 1662; baseline 0.003 -17"><span class='ocrx_word' id='word_1_115' title='bbox 270 1596 513 1656; x_wconf 65' lang='lat' dir='ltr'><strong>distenta,</strong></span> <span class='ocrx_word' id='word_1_116' title='bbox 562 1596 736 1647; x_wconf 82' lang='lat' dir='ltr'><strong>bestiis</strong></span> <span class='ocrx_word' id='word_1_117' title='bbox 786 1597 1020 1660; x_wconf 79' lang='lat' dir='ltr'><strong>pabulum</strong></span> <span class='ocrx_word' id='word_1_118' title='bbox 1070 1609 1403 1662; x_wconf 72' lang='lat' dir='ltr'><strong>przeparatur.</strong></span> <span class='ocrx_word' id='word_1_119' title='bbox 1454 1598 1614 1661; x_wconf 84' lang='lat' dir='ltr'><strong>Quam</strong></span> <span class='ocrx_word' id='word_1_120' title='bbox 1665 1611 1781 1649; x_wconf 89' lang='lat' dir='ltr'><strong>cum</strong></span> 
     </span>
    </p>
   </div>
   <div class='ocr_carea' id='block_1_18' title="bbox 273 1682 1784 1750">
    <p class='ocr_par' dir='ltr' id='par_1_18' title="bbox 273 1682 1784 1750">
     <span class='ocr_line' id='line_1_18' title="bbox 273 1682 1784 1750; baseline 0.003 -17"><span class='ocrx_word' id='word_1_121' title='bbox 273 1682 414 1733; x_wconf 89' lang='lat' dir='ltr'><strong>nulla</strong></span> <span class='ocrx_word' id='word_1_122' title='bbox 443 1697 502 1735; x_wconf 76' lang='lat' dir='ltr'><strong>ex</strong></span> <span class='ocrx_word' id='word_1_123' title='bbox 540 1682 716 1737; x_wconf 79' lang='lat' dir='ltr'><strong>bestiis</strong></span> <span class='ocrx_word' id='word_1_124' title='bbox 753 1688 965 1736; x_wconf 75' lang='lat' dir='ltr'><strong>auderet</strong></span> <span class='ocrx_word' id='word_1_125' title='bbox 1011 1694 1234 1750; x_wconf 77' lang='lat' dir='ltr'><strong>tangere,</strong></span> <span class='ocrx_word' id='word_1_126' title='bbox 1269 1701 1468 1737; x_wconf 79' lang='lat' dir='ltr'><strong>rursum</strong></span> <span class='ocrx_word' id='word_1_127' title='bbox 1519 1695 1784 1738; x_wconf 74' lang='lat' dir='ltr'><strong>revocatur</strong></span> 
     </span>
    </p>
   </div>
   <div class='ocr_carea' id='block_1_19' title="bbox 272 1771 1782 1838">
    <p class='ocr_par' dir='ltr' id='par_1_19' title="bbox 272 1771 1782 1838">
     <span class='ocr_line' id='line_1_19' title="bbox 272 1771 1782 1838; baseline 0.003 -18"><span class='ocrx_word' id='word_1_128' title='bbox 272 1771 338 1822; x_wconf 88' lang='lat' dir='ltr'><strong>ad</strong></span> <span class='ocrx_word' id='word_1_129' title='bbox 365 1784 655 1832; x_wconf 86' lang='lat' dir='ltr'><strong>carcerem;</strong></span> <span class='ocrx_word' id='word_1_130' title='bbox 685 1784 867 1838; x_wconf 85' lang='lat' dir='ltr'><strong>quarto</strong></span> <span class='ocrx_word' id='word_1_131' title='bbox 895 1774 1050 1825; x_wconf 88' lang='lat' dir='ltr'><strong>etiam</strong></span> <span class='ocrx_word' id='word_1_132' title='bbox 1079 1775 1374 1826; x_wconf 79' lang='lat' dir='ltr'><strong>verberibus</strong></span> <span class='ocrx_word' id='word_1_133' title='bbox 1402 1789 1531 1834; x_wconf 86' lang='lat' dir='ltr'><strong>acia,</strong></span> <span class='ocrx_word' id='word_1_134' title='bbox 1562 1777 1782 1826; x_wconf 84' lang='lat' dir='ltr'><strong>craticu-</strong></span> 
     </span>
    </p>
   </div>
   <div class='ocr_carea' id='block_1_20' title="bbox 1869 641 3372 708">
    <p class='ocr_par' dir='ltr' id='par_1_20' title="bbox 1869 641 3372 708">
     <span class='ocr_line' id='line_1_20' title="bbox 1869 641 3372 708; baseline 0 -16"><span class='ocrx_word' id='word_1_135' title='bbox 1869 643 2030 701; x_wconf 59' lang='grc' dir='ltr'><strong>ἤιδεις,</strong></span> <span class='ocrx_word' id='word_1_136' title='bbox 2060 642 2246 708; x_wconf 80' lang='lat' dir='ltr'><strong>ingenti</strong></span> <span class='ocrx_word' id='word_1_137' title='bbox 2287 641 2530 693; x_wconf 87' lang='lat' dir='ltr'><strong>miraculo</strong></span> <span class='ocrx_word' id='word_1_138' title='bbox 2560 643 2747 694; x_wconf 70' lang='lat' dir='ltr'><strong>illaesns</strong></span> <span class='ocrx_word' id='word_1_139' title='bbox 2789 643 3040 706; x_wconf 74' lang='lat' dir='ltr'><strong>apparuit.</strong></span> <span class='ocrx_word' id='word_1_140' title='bbox 3071 643 3215 703; x_wconf 80' lang='lat' dir='ltr'><strong>Quod</strong></span> <span class='ocrx_word' id='word_1_141' title='bbox 3256 657 3372 693; x_wconf 83' lang='lat' dir='ltr'><strong>cunt</strong></span> 
     </span>
    </p>
   </div>
   <div class='ocr_carea' id='block_1_21' title="bbox 1871 725 3373 794">
    <p class='ocr_par' dir='ltr' id='par_1_21' title="bbox 1871 725 3373 794">
     <span class='ocr_line' id='line_1_21' title="bbox 1871 725 3373 794; baseline 0 -16"><span class='ocrx_word' id='word_1_142' title='bbox 1871 725 2012 778; x_wconf 88' lang='lat' dir='ltr'><strong>multi</strong></span> <span class='ocrx_word' id='word_1_143' title='bbox 2043 727 2293 786; x_wconf 80' lang='lat' dir='ltr'><strong>viderent,</strong></span> <span class='ocrx_word' id='word_1_144' title='bbox 2329 728 2476 778; x_wconf 73' lang='grc' dir='ltr'><strong>Ιὶόυιιι</strong></span> <span class='ocrx_word' id='word_1_145' title='bbox 2503 727 2687 778; x_wconf 73' lang='lat' dir='ltr'><strong>Chrisri</strong></span> <span class='ocrx_word' id='word_1_146' title='bbox 2712 728 2912 791; x_wconf 68' lang='lat' dir='ltr'><strong>rejectis</strong></span> <span class='ocrx_word' id='word_1_147' title='bbox 2947 727 3098 778; x_wconf 88' lang='lat' dir='ltr'><strong>idolis</strong></span> <span class='ocrx_word' id='word_1_148' title='bbox 3132 741 3373 794; x_wconf 84' lang='lat' dir='ltr'><strong>suscepe-</strong></span> 
     </span>
    </p>
   </div>
   <div class='ocr_carea' id='block_1_22' title="bbox 1871 813 3374 881">
    <p class='ocr_par' dir='ltr' id='par_1_22' title="bbox 1871 813 3374 881">
     <span class='ocr_line' id='line_1_22' title="bbox 1871 813 3374 881; baseline 0.001 -16"><span class='ocrx_word' id='word_1_149' title='bbox 1871 825 2004 865; x_wconf 90' lang='lat' dir='ltr'><strong>runt.</strong></span> <span class='ocrx_word' id='word_1_150' title='bbox 2053 813 2173 866; x_wconf 86' lang='lat' dir='ltr'><strong>Inde</strong></span> <span class='ocrx_word' id='word_1_151' title='bbox 2217 815 2466 868; x_wconf 81' lang='lat' dir='ltr'><strong>immenso</strong></span> <span class='ocrx_word' id='word_1_152' title='bbox 2515 818 2739 881; x_wconf 86' lang='lat' dir='ltr'><strong>pondere</strong></span> <span class='ocrx_word' id='word_1_153' title='bbox 2767 816 2887 866; x_wconf 74' lang='lat' dir='ltr'><strong>ferri</strong></span> <span class='ocrx_word' id='word_1_154' title='bbox 2934 816 3276 875; x_wconf 86' lang='lat' dir='ltr'><strong>constrictus,</strong></span> <span class='ocrx_word' id='word_1_155' title='bbox 3326 817 3374 866; x_wconf 87' lang='lat' dir='ltr'><strong>iti</strong></span> 
     </span>
    </p>
   </div>
   <div class='ocr_carea' id='block_1_23' title="bbox 1871 901 3378 966">
    <p class='ocr_par' dir='ltr' id='par_1_23' title="bbox 1871 901 3378 966">
     <span class='ocr_line' id='line_1_23' title="bbox 1871 901 3378 966; baseline 0.001 -17"><span class='ocrx_word' id='word_1_156' title='bbox 1871 915 2078 951; x_wconf 70' lang='lat' dir='ltr'><strong>carcere</strong></span> <span class='ocrx_word' id='word_1_157' title='bbox 2105 901 2337 952; x_wconf 79' lang='lat' dir='ltr'><strong>reclusus</strong></span> <span class='ocrx_word' id='word_1_158' title='bbox 2365 901 2459 950; x_wconf 85' lang='lat' dir='ltr'><strong>sub</strong></span> <span class='ocrx_word' id='word_1_159' title='bbox 2500 901 2607 951; x_wconf 87' lang='lat' dir='ltr'><strong>dira</strong></span> <span class='ocrx_word' id='word_1_160' title='bbox 2636 901 2862 952; x_wconf 88' lang='lat' dir='ltr'><strong>custodia</strong></span> <span class='ocrx_word' id='word_1_161' title='bbox 2891 910 2988 961; x_wconf 85' lang='lat' dir='ltr'><strong>est,</strong></span> <span class='ocrx_word' id='word_1_162' title='bbox 3015 901 3078 951; x_wconf 90' lang='lat' dir='ltr'><strong>de</strong></span> <span class='ocrx_word' id='word_1_163' title='bbox 3103 915 3196 966; x_wconf 88' lang='lat' dir='ltr'><strong>qua</strong></span> <span class='ocrx_word' id='word_1_164' title='bbox 3226 914 3378 965; x_wconf 84' lang='lat' dir='ltr'><strong>ange-</strong></span> 
     </span>
    </p>
   </div>
   <div class='ocr_carea' id='block_1_24' title="bbox 1875 987 3376 1052">
    <p class='ocr_par' dir='ltr' id='par_1_24' title="bbox 1875 987 3376 1052">
     <span class='ocr_line' id='line_1_24' title="bbox 1875 987 3376 1052; baseline 0.001 -15"><span class='ocrx_word' id='word_1_165' title='bbox 1875 987 1968 1038; x_wconf 82' lang='lat' dir='ltr'><strong>lica</strong></span> <span class='ocrx_word' id='word_1_166' title='bbox 2010 987 2301 1038; x_wconf 81' lang='lat' dir='ltr'><strong>visitatione</strong></span> <span class='ocrx_word' id='word_1_167' title='bbox 2329 988 2524 1038; x_wconf 89' lang='lat' dir='ltr'><strong>solutus</strong></span> <span class='ocrx_word' id='word_1_168' title='bbox 2553 989 2781 1051; x_wconf 81' lang='lat' dir='ltr'><strong>eripitur.</strong></span> <span class='ocrx_word' id='word_1_169' title='bbox 2835 988 3018 1042; x_wconf 79' lang='lat' dir='ltr'><strong>Verum</strong></span> <span class='ocrx_word' id='word_1_170' title='bbox 3060 987 3376 1052; x_wconf 87' lang='lat' dir='ltr'><strong>postmodum</strong></span> 
     </span>
    </p>
   </div>
   <div class='ocr_carea' id='block_1_25' title="bbox 1873 1076 3379 1141">
    <p class='ocr_par' dir='ltr' id='par_1_25' title="bbox 1873 1076 3379 1141">
     <span class='ocr_line' id='line_1_25' title="bbox 1873 1076 3379 1141; baseline 0.001 -16"><span class='ocrx_word' id='word_1_171' title='bbox 1873 1076 2155 1127; x_wconf 74' lang='lat' dir='ltr'><strong>clarissima</strong></span> <span class='ocrx_word' id='word_1_172' title='bbox 2198 1077 2354 1132; x_wconf 71' lang='lat' dir='ltr'><strong>it-Sills</strong></span> <span class='ocrx_word' id='word_1_173' title='bbox 2383 1078 2511 1126; x_wconf 71' lang='lat' dir='ltr'><strong>fama</strong></span> <span class='ocrx_word' id='word_1_174' title='bbox 2539 1080 2800 1141; x_wconf 86' lang='lat' dir='ltr'><strong>vnlgante,</strong></span> <span class='ocrx_word' id='word_1_175' title='bbox 2832 1087 2997 1128; x_wconf 70' lang='lat' dir='ltr'><strong>lentus</strong></span> <span class='ocrx_word' id='word_1_176' title='bbox 3026 1087 3103 1128; x_wconf 88' lang='lat' dir='ltr'><strong>est</strong></span> <span class='ocrx_word' id='word_1_177' title='bbox 3125 1077 3189 1126; x_wconf 87' lang='lat' dir='ltr'><strong>ab</strong></span> <span class='ocrx_word' id='word_1_178' title='bbox 3216 1077 3379 1126; x_wconf 84' lang='lat' dir='ltr'><strong>altero</strong></span> 
     </span>
    </p>
   </div>
   <div class='ocr_carea' id='block_1_26' title="bbox 1874 1158 3379 1226">
    <p class='ocr_par' dir='ltr' id='par_1_26' title="bbox 1874 1158 3379 1226">
     <span class='ocr_line' id='line_1_26' title="bbox 1874 1158 3379 1226; baseline -0.001 -15"><span class='ocrx_word' id='word_1_179' title='bbox 1874 1161 2179 1224; x_wconf 89' lang='lat' dir='ltr'><strong>imperatore</strong></span> <span class='ocrx_word' id='word_1_180' title='bbox 2219 1161 2542 1220; x_wconf 63' lang='lat' dir='ltr'><strong>Maximiano,</strong></span> <span class='ocrx_word' id='word_1_181' title='bbox 2566 1175 2592 1209; x_wconf 89' lang='lat' dir='ltr'><strong>a</strong></span> <span class='ocrx_word' id='word_1_182' title='bbox 2623 1175 2723 1226; x_wconf 89' lang='lat' dir='ltr'><strong>quo</strong></span> <span class='ocrx_word' id='word_1_183' title='bbox 2751 1160 2966 1212; x_wconf 80' lang='lat' dir='ltr'><strong>diversis</strong></span> <span class='ocrx_word' id='word_1_184' title='bbox 2992 1158 3252 1225; x_wconf 78' lang='lat' dir='ltr'><strong>suppliciis</strong></span> <span class='ocrx_word' id='word_1_185' title='bbox 3275 1167 3379 1211; x_wconf 81' lang='lat' dir='ltr'><strong>tor-</strong></span> 
     </span>
    </p>
   </div>
   <div class='ocr_carea' id='block_1_27' title="bbox 1878 1246 3380 1313">
    <p class='ocr_par' dir='ltr' id='par_1_27' title="bbox 1878 1246 3380 1313">
     <span class='ocr_line' id='line_1_27' title="bbox 1878 1246 3380 1313; baseline -0.001 -15"><span class='ocrx_word' id='word_1_186' title='bbox 1878 1257 1955 1298; x_wconf 90' lang='lat' dir='ltr'><strong>lus</strong></span> <span class='ocrx_word' id='word_1_187' title='bbox 1985 1258 2061 1298; x_wconf 89' lang='lat' dir='ltr'><strong>est</strong></span> <span class='ocrx_word' id='word_1_188' title='bbox 2089 1246 2137 1298; x_wconf 90' lang='lat' dir='ltr'><strong>in</strong></span> <span class='ocrx_word' id='word_1_189' title='bbox 2173 1258 2387 1306; x_wconf 84' lang='lat' dir='ltr'><strong>tantum,</strong></span> <span class='ocrx_word' id='word_1_190' title='bbox 2432 1257 2482 1299; x_wconf 91' lang='lat' dir='ltr'><strong>ut</strong></span> <span class='ocrx_word' id='word_1_191' title='bbox 2527 1249 2692 1298; x_wconf 83' lang='lat' dir='ltr'><strong>tunica</strong></span> <span class='ocrx_word' id='word_1_192' title='bbox 2738 1249 2888 1313; x_wconf 83' lang='lat' dir='ltr'><strong>ignita</strong></span> <span class='ocrx_word' id='word_1_193' title='bbox 2932 1263 3062 1299; x_wconf 73' lang='lat' dir='ltr'><strong>aurea</strong></span> <span class='ocrx_word' id='word_1_194' title='bbox 3091 1249 3380 1304; x_wconf 88' lang='lat' dir='ltr'><strong>vestirelur.</strong></span> 
     </span>
    </p>
   </div>
   <div class='ocr_carea' id='block_1_28' title="bbox 1881 1336 3382 1401">
    <p class='ocr_par' dir='ltr' id='par_1_28' title="bbox 1881 1336 3382 1401">
     <span class='ocr_line' id='line_1_28' title="bbox 1881 1336 3382 1401; baseline -0.001 -14"><span class='ocrx_word' id='word_1_195' title='bbox 1881 1337 2167 1400; x_wconf 86' lang='lat' dir='ltr'><strong>iterumque</strong></span> <span class='ocrx_word' id='word_1_196' title='bbox 2198 1337 2246 1385; x_wconf 93' lang='lat' dir='ltr'><strong>in</strong></span> <span class='ocrx_word' id='word_1_197' title='bbox 2293 1336 2414 1395; x_wconf 87' lang='lat' dir='ltr'><strong>olla,</strong></span> <span class='ocrx_word' id='word_1_198' title='bbox 2447 1351 2562 1400; x_wconf 75' lang='lat' dir='ltr'><strong>qua:</strong></span> <span class='ocrx_word' id='word_1_199' title='bbox 2592 1337 2820 1401; x_wconf 84' lang='lat' dir='ltr'><strong>plumbo.</strong></span> <span class='ocrx_word' id='word_1_200' title='bbox 2853 1337 2984 1401; x_wconf 86' lang='lat' dir='ltr'><strong>pice,</strong></span> <span class='ocrx_word' id='word_1_201' title='bbox 3029 1350 3167 1396; x_wconf 88' lang='lat' dir='ltr'><strong>cera,</strong></span> <span class='ocrx_word' id='word_1_202' title='bbox 3196 1336 3382 1395; x_wconf 84' lang='lat' dir='ltr'><strong>resina.</strong></span> 
     </span>
    </p>
   </div>
   <div class='ocr_carea' id='block_1_29' title="bbox 1877 1423 3383 1486">
    <p class='ocr_par' dir='ltr' id='par_1_29' title="bbox 1877 1423 3383 1486">
     <span class='ocr_line' id='line_1_29' title="bbox 1877 1423 3383 1486; baseline 0.001 -13"><span class='ocrx_word' id='word_1_203' title='bbox 1877 1424 1992 1474; x_wconf 88' lang='lat' dir='ltr'><strong>oleo</strong></span> <span class='ocrx_word' id='word_1_204' title='bbox 2024 1423 2299 1475; x_wconf 75' lang='lat' dir='ltr'><strong>fervefacta</strong></span> <span class='ocrx_word' id='word_1_205' title='bbox 2329 1433 2474 1486; x_wconf 87' lang='lat' dir='ltr'><strong>erat,</strong></span> <span class='ocrx_word' id='word_1_206' title='bbox 2533 1425 2720 1475; x_wconf 83' lang='lat' dir='ltr'><strong>missus</strong></span> <span class='ocrx_word' id='word_1_207' title='bbox 2752 1425 2935 1474; x_wconf 90' lang='lat' dir='ltr'><strong>virtute</strong></span> <span class='ocrx_word' id='word_1_208' title='bbox 2975 1423 3172 1475; x_wconf 88' lang='lat' dir='ltr'><strong>Domini</strong></span> <span class='ocrx_word' id='word_1_209' title='bbox 3217 1425 3383 1475; x_wconf 89' lang='lat' dir='ltr'><strong>omnia</strong></span> 
     </span>
    </p>
   </div>
   <div class='ocr_carea' id='block_1_30' title="bbox 1877 1510 3384 1576">
    <p class='ocr_par' dir='ltr' id='par_1_30' title="bbox 1877 1510 3384 1576">
     <span class='ocr_line' id='line_1_30' title="bbox 1877 1510 3384 1576; baseline -0.001 -15"><span class='ocrx_word' id='word_1_210' title='bbox 1877 1524 2125 1574; x_wconf 87' lang='lat' dir='ltr'><strong>superans</strong></span> <span class='ocrx_word' id='word_1_211' title='bbox 2155 1512 2344 1562; x_wconf 68' lang='lat' dir='ltr'><strong>illaesos</strong></span> <span class='ocrx_word' id='word_1_212' title='bbox 2371 1510 2555 1561; x_wconf 79' lang='lat' dir='ltr'><strong>exinde</strong></span> <span class='ocrx_word' id='word_1_213' title='bbox 2588 1510 2938 1576; x_wconf 86' lang='lat' dir='ltr'><strong>progreditur;</strong></span> <span class='ocrx_word' id='word_1_214' title='bbox 2967 1510 3144 1576; x_wconf 79' lang='lat' dir='ltr'><strong>sicque</strong></span> <span class='ocrx_word' id='word_1_215' title='bbox 3184 1512 3384 1562; x_wconf 81' lang='lat' dir='ltr'><strong>lamleot</strong></span> 
     </span>
    </p>
   </div>
   <div class='ocr_carea' id='block_1_31' title="bbox 1879 1585 3385 1660">
    <p class='ocr_par' dir='ltr' id='par_1_31' title="bbox 1879 1585 3385 1660">
     <span class='ocr_line' id='line_1_31' title="bbox 1879 1585 3385 1660; baseline 0 -12"><span class='ocrx_word' id='word_1_216' title='bbox 1879 1599 1942 1649; x_wconf 92' lang='lat' dir='ltr'><strong>ad</strong></span> <span class='ocrx_word' id='word_1_217' title='bbox 1988 1585 2391 1651; x_wconf 81' lang='lat' dir='ltr'><strong>conﬁrmandum</strong></span> <span class='ocrx_word' id='word_1_218' title='bbox 2446 1608 2659 1649; x_wconf 60' lang='lat' dir='ltr'><strong>ceteros</strong></span> <span class='ocrx_word' id='word_1_219' title='bbox 2688 1613 2714 1647; x_wconf 91' lang='lat' dir='ltr'><strong>a</strong></span> <span class='ocrx_word' id='word_1_220' title='bbox 2747 1597 2968 1649; x_wconf 88' lang='lat' dir='ltr'><strong>Dotnino</strong></span> <span class='ocrx_word' id='word_1_221' title='bbox 3011 1608 3281 1660; x_wconf 80' lang='lat' dir='ltr'><strong>servatus,</strong></span> <span class='ocrx_word' id='word_1_222' title='bbox 3339 1597 3385 1648; x_wconf 92' lang='lat' dir='ltr'><strong>in</strong></span> 
     </span>
    </p>
   </div>
   <div class='ocr_carea' id='block_1_32' title="bbox 1881 1671 3386 1750">
    <p class='ocr_par' dir='ltr' id='par_1_32' title="bbox 1881 1671 3386 1750">
     <span class='ocr_line' id='line_1_32' title="bbox 1881 1671 3386 1750; baseline 0.001 -17"><span class='ocrx_word' id='word_1_223' title='bbox 1881 1683 2206 1748; x_wconf 78' lang='lat' dir='ltr'><strong>Campaniam</strong></span> <span class='ocrx_word' id='word_1_224' title='bbox 2238 1685 2461 1736; x_wconf 89' lang='lat' dir='ltr'><strong>munitus</strong></span> <span class='ocrx_word' id='word_1_225' title='bbox 2489 1685 2717 1749; x_wconf 66' lang='lat' dir='ltr'><strong>angelico</strong></span> <span class='ocrx_word' id='word_1_226' title='bbox 2759 1671 2944 1746; x_wconf 57' lang='lat' dir='ltr'><strong>solati)</strong></span> <span class='ocrx_word' id='word_1_227' title='bbox 2991 1685 3260 1750; x_wconf 78' lang='lat' dir='ltr'><strong>pervenit;</strong></span> <span class='ocrx_word' id='word_1_228' title='bbox 3305 1684 3386 1735; x_wconf 83' lang='lat' dir='ltr'><strong>ubi</strong></span> 
     </span>
    </p>
   </div>
   <div class='ocr_carea' id='block_1_33' title="bbox 1882 1773 3387 1838">
    <p class='ocr_par' dir='ltr' id='par_1_33' title="bbox 1882 1773 3387 1838">
     <span class='ocr_line' id='line_1_33' title="bbox 1882 1773 3387 1838; baseline -0.003 -11"><span class='ocrx_word' id='word_1_229' title='bbox 1882 1789 1997 1827; x_wconf 92' lang='lat' dir='ltr'><strong>cum</strong></span> <span class='ocrx_word' id='word_1_230' title='bbox 2021 1773 2261 1838; x_wconf 89' lang='lat' dir='ltr'><strong>plurimos</strong></span> <span class='ocrx_word' id='word_1_231' title='bbox 2288 1774 2396 1826; x_wconf 80' lang='lat' dir='ltr'><strong>sive</strong></span> <span class='ocrx_word' id='word_1_232' title='bbox 2436 1775 2485 1825; x_wconf 94' lang='lat' dir='ltr'><strong>in</strong></span> <span class='ocrx_word' id='word_1_233' title='bbox 2529 1774 2626 1826; x_wconf 90' lang='lat' dir='ltr'><strong>lide</strong></span> <span class='ocrx_word' id='word_1_234' title='bbox 2672 1773 2983 1836; x_wconf 87' lang='lat' dir='ltr'><strong>roborasset,</strong></span> <span class='ocrx_word' id='word_1_235' title='bbox 3011 1773 3118 1825; x_wconf 81' lang='lat' dir='ltr'><strong>sive</strong></span> <span class='ocrx_word' id='word_1_236' title='bbox 3145 1773 3204 1824; x_wconf 91' lang='lat' dir='ltr'><strong>ad</strong></span> <span class='ocrx_word' id='word_1_237' title='bbox 3239 1773 3387 1825; x_wconf 82' lang='lat' dir='ltr'><strong>ﬁdem</strong></span> 
     </span>
    </p>
   </div>
   <div class='ocr_carea' id='block_1_34' title="bbox 275 1857 3392 1930">
    <p class='ocr_par' dir='ltr' id='par_1_34' title="bbox 275 1857 3392 1930">
     <span class='ocr_line' id='line_1_34' title="bbox 275 1857 3392 1930; baseline 0 -20"><span class='ocrx_word' id='word_1_238' title='bbox 275 1859 340 1910; x_wconf 82' lang='lat' dir='ltr'><strong>lis</strong></span> <span class='ocrx_word' id='word_1_239' title='bbox 363 1870 561 1917; x_wconf 60' lang='lat' dir='ltr'><strong>curta.</strong></span> <span class='ocrx_word' id='word_1_240' title='bbox 591 1871 642 1912; x_wconf 89' lang='lat' dir='ltr'><strong>et</strong></span> <span class='ocrx_word' id='word_1_241' title='bbox 679 1863 838 1913; x_wconf 91' lang='lat' dir='ltr'><strong>multa</strong></span> <span class='ocrx_word' id='word_1_242' title='bbox 860 1862 956 1912; x_wconf 90' lang='lat' dir='ltr'><strong>alia</strong></span> <span class='ocrx_word' id='word_1_243' title='bbox 989 1875 1246 1928; x_wconf 84' lang='lat' dir='ltr'><strong>perpessa,</strong></span> <span class='ocrx_word' id='word_1_244' title='bbox 1274 1863 1335 1913; x_wconf 84' lang='lat' dir='ltr'><strong>ad</strong></span> <span class='ocrx_word' id='word_1_245' title='bbox 1366 1863 1597 1913; x_wconf 91' lang='lat' dir='ltr'><strong>ultimum</strong></span> <span class='ocrx_word' id='word_1_246' title='bbox 1619 1862 1788 1927; x_wconf 87' lang='lat' dir='ltr'><strong>gladio</strong></span> <span class='ocrx_word' id='word_1_247' title='bbox 1816 1857 1862 1914; x_wconf 84' lang='grc' dir='ltr'><strong>Β</strong></span> <span class='ocrx_word' id='word_1_248' title='bbox 1887 1860 2074 1912; x_wconf 83' lang='lat' dir='ltr'><strong>Christi</strong></span> <span class='ocrx_word' id='word_1_249' title='bbox 2103 1861 2696 1930; x_wconf 46' lang='lat' dir='ltr'><strong>convertissetnvomnte</strong></span> <span class='ocrx_word' id='word_1_250' title='bbox 2720 1859 2936 1911; x_wconf 91' lang='lat' dir='ltr'><strong>Domino</strong></span> <span class='ocrx_word' id='word_1_251' title='bbox 2957 1863 3202 1927; x_wconf 85' lang='lat' dir='ltr'><strong>martyrio</strong></span> <span class='ocrx_word' id='word_1_252' title='bbox 3221 1861 3392 1912; x_wconf 81' lang='lat' dir='ltr'><strong>clarus</strong></span> 
     </span>
    </p>
   </div>
   <div class='ocr_carea' id='block_1_35' title="bbox 271 1944 1786 2014">
    <p class='ocr_par' dir='ltr' id='par_1_35' title="bbox 271 1944 1786 2014">
     <span class='ocr_line' id='line_1_35' title="bbox 271 1944 1786 2014; baseline 0.003 -19"><span class='ocrx_word' id='word_1_253' title='bbox 271 1944 557 2010; x_wconf 76' lang='lat' dir='ltr'><strong>iugulatur.</strong></span> <span class='ocrx_word' id='word_1_254' title='bbox 583 1946 725 1998; x_wconf 84' lang='lat' dir='ltr'><strong>Tunc</strong></span> <span class='ocrx_word' id='word_1_255' title='bbox 754 1959 801 2004; x_wconf 83' lang='lat' dir='ltr'><strong>et</strong></span> <span class='ocrx_word' id='word_1_256' title='bbox 837 1949 1073 1999; x_wconf 85' lang='lat' dir='ltr'><strong>Ponticus</strong></span> <span class='ocrx_word' id='word_1_257' title='bbox 1119 1963 1260 2013; x_wconf 88' lang='lat' dir='ltr'><strong>puer,</strong></span> <span class='ocrx_word' id='word_1_258' title='bbox 1292 1964 1536 2000; x_wconf 90' lang='lat' dir='ltr'><strong>annorum</strong></span> <span class='ocrx_word' id='word_1_259' title='bbox 1576 1947 1786 2014; x_wconf 85' lang='lat' dir='ltr'><strong>quinde-</strong></span> 
     </span>
    </p>
   </div>
   <div class='ocr_carea' id='block_1_36' title="bbox 275 2033 1789 2104">
    <p class='ocr_par' dir='ltr' id='par_1_36' title="bbox 275 2033 1789 2104">
     <span class='ocr_line' id='line_1_36' title="bbox 275 2033 1789 2104; baseline 0.004 -22"><span class='ocrx_word' id='word_1_260' title='bbox 275 2033 402 2092; x_wconf 84' lang='lat' dir='ltr'><strong>citn,</strong></span> <span class='ocrx_word' id='word_1_261' title='bbox 430 2047 519 2098; x_wconf 88' lang='lat' dir='ltr'><strong>per</strong></span> <span class='ocrx_word' id='word_1_262' title='bbox 546 2034 713 2084; x_wconf 86' lang='lat' dir='ltr'><strong>omnia</strong></span> <span class='ocrx_word' id='word_1_263' title='bbox 748 2041 1129 2087; x_wconf 73' lang='lat' dir='ltr'><strong>tormentormn&#39;</strong></span> <span class='ocrx_word' id='word_1_264' title='bbox 1163 2051 1350 2104; x_wconf 68' lang='lat' dir='ltr'><strong>genera</strong></span> <span class='ocrx_word' id='word_1_265' title='bbox 1375 2051 1487 2089; x_wconf 93' lang='lat' dir='ltr'><strong>cum</strong></span> <span class='ocrx_word' id='word_1_266' title='bbox 1534 2039 1640 2101; x_wconf 89' lang='lat' dir='ltr'><strong>ipsa</strong></span> <span class='ocrx_word' id='word_1_267' title='bbox 1686 2037 1789 2088; x_wconf 87' lang='lat' dir='ltr'><strong>cir-</strong></span> 
     </span>
    </p>
   </div>
   <div class='ocr_carea' id='block_1_37' title="bbox 275 2123 1788 2190">
    <p class='ocr_par' dir='ltr' id='par_1_37' title="bbox 275 2123 1788 2190">
     <span class='ocr_line' id='line_1_37' title="bbox 275 2123 1788 2190; baseline 0.002 -18"><span class='ocrx_word' id='word_1_268' title='bbox 275 2130 566 2182; x_wconf 84' lang='lat' dir='ltr'><strong>cumactus,</strong></span> <span class='ocrx_word' id='word_1_269' title='bbox 595 2131 648 2174; x_wconf 91' lang='lat' dir='ltr'><strong>et</strong></span> <span class='ocrx_word' id='word_1_270' title='bbox 691 2132 920 2174; x_wconf 87' lang='lat' dir='ltr'><strong>materna</strong></span> <span class='ocrx_word' id='word_1_271' title='bbox 963 2123 1076 2190; x_wconf 85' lang='lat' dir='ltr'><strong>ejus</strong></span> <span class='ocrx_word' id='word_1_272' title='bbox 1118 2127 1471 2176; x_wconf 86' lang='lat' dir='ltr'><strong>cohortatione</strong></span> <span class='ocrx_word' id='word_1_273' title='bbox 1499 2127 1788 2185; x_wconf 80' lang='lat' dir='ltr'><strong>roboratus,</strong></span> 
     </span>
    </p>
   </div>
   <div class='ocr_carea' id='block_1_38' title="bbox 275 2209 1789 2277">
    <p class='ocr_par' dir='ltr' id='par_1_38' title="bbox 275 2209 1789 2277">
     <span class='ocr_line' id='line_1_38' title="bbox 275 2209 1789 2277; baseline 0.003 -21"><span class='ocrx_word' id='word_1_274' title='bbox 275 2216 398 2259; x_wconf 79' lang='lat' dir='ltr'><strong>ante</strong></span> <span class='ocrx_word' id='word_1_275' title='bbox 447 2209 585 2258; x_wconf 83' lang='lat' dir='ltr'><strong>illam</strong></span> <span class='ocrx_word' id='word_1_276' title='bbox 627 2211 922 2277; x_wconf 80' lang='lat' dir='ltr'><strong>martyrium</strong></span> <span class='ocrx_word' id='word_1_277' title='bbox 971 2214 1359 2263; x_wconf 82' lang='lat' dir='ltr'><strong>consummavit.</strong></span> <span class='ocrx_word' id='word_1_278' title='bbox 1412 2211 1462 2263; x_wconf 92' lang='lat' dir='ltr'><strong>In</strong></span> <span class='ocrx_word' id='word_1_279' title='bbox 1516 2211 1789 2274; x_wconf 82' lang='lat' dir='ltr'><strong>Campania</strong></span> 
     </span>
    </p>
   </div>
   <div class='ocr_carea' id='block_1_39' title="bbox 281 2295 1794 2364">
    <p class='ocr_par' dir='ltr' id='par_1_39' title="bbox 281 2295 1794 2364">
     <span class='ocr_line' id='line_1_39' title="bbox 281 2295 1794 2364; baseline 0.002 -20"><span class='ocrx_word' id='word_1_280' title='bbox 281 2295 417 2346; x_wconf 82' lang='lat' dir='ltr'><strong>beati</strong></span> <span class='ocrx_word' id='word_1_281' title='bbox 439 2296 634 2348; x_wconf 74' lang='grc' dir='ltr'><strong>Ιίηωί</strong></span> <span class='ocrx_word' id='word_1_282' title='bbox 651 2299 892 2362; x_wconf 83' lang='lat' dir='ltr'><strong>martyris</strong></span> <span class='ocrx_word' id='word_1_283' title='bbox 914 2306 964 2348; x_wconf 81' lang='lat' dir='ltr'><strong>et</strong></span> <span class='ocrx_word' id='word_1_284' title='bbox 990 2300 1235 2364; x_wconf 82' lang='lat' dir='ltr'><strong>episcopi,</strong></span> <span class='ocrx_word' id='word_1_285' title='bbox 1259 2299 1350 2349; x_wconf 88' lang='lat' dir='ltr'><strong>sub</strong></span> <span class='ocrx_word' id='word_1_286' title='bbox 1372 2297 1681 2348; x_wconf 87' lang='lat' dir='ltr'><strong>Diocletiano</strong></span> <span class='ocrx_word' id='word_1_287' title='bbox 1703 2297 1794 2348; x_wconf 83' lang='lat' dir='ltr'><strong>iiii-</strong></span> 
     </span>
    </p>
   </div>
   <div class='ocr_carea' id='block_1_40' title="bbox 282 2382 1797 2450">
    <p class='ocr_par' dir='ltr' id='par_1_40' title="bbox 282 2382 1797 2450">
     <span class='ocr_line' id='line_1_40' title="bbox 282 2382 1797 2450; baseline 0.003 -19"><span class='ocrx_word' id='word_1_288' title='bbox 282 2389 522 2444; x_wconf 85' lang='lat' dir='ltr'><strong>peratore</strong></span> <span class='ocrx_word' id='word_1_289' title='bbox 563 2392 614 2434; x_wconf 89' lang='lat' dir='ltr'><strong>et</strong></span> <span class='ocrx_word' id='word_1_290' title='bbox 658 2383 985 2445; x_wconf 77' lang='lat' dir='ltr'><strong>Maximiano,</strong></span> <span class='ocrx_word' id='word_1_291' title='bbox 1025 2385 1276 2450; x_wconf 85' lang='lat' dir='ltr'><strong>qoijussu</strong></span> <span class='ocrx_word' id='word_1_292' title='bbox 1321 2386 1459 2449; x_wconf 89' lang='lat' dir='ltr'><strong>impii</strong></span> <span class='ocrx_word' id='word_1_293' title='bbox 1503 2382 1797 2436; x_wconf 84' lang='lat' dir='ltr'><strong>Diocletiani</strong></span> 
     </span>
    </p>
   </div>
   <div class='ocr_carea' id='block_1_41' title="bbox 282 2467 1798 2536">
    <p class='ocr_par' dir='ltr' id='par_1_41' title="bbox 282 2467 1798 2536">
     <span class='ocr_line' id='line_1_41' title="bbox 282 2467 1798 2536; baseline 0 -17"><span class='ocrx_word' id='word_1_294' title='bbox 282 2467 649 2532; x_wconf 76' lang='lat' dir='ltr'><strong>imperatoris,</strong></span> <span class='ocrx_word' id='word_1_295' title='bbox 707 2472 873 2534; x_wconf 89' lang='lat' dir='ltr'><strong>primo</strong></span> <span class='ocrx_word' id='word_1_296' title='bbox 922 2471 1198 2536; x_wconf 67' lang='lat' dir='ltr'><strong>plumbatis</strong></span> <span class='ocrx_word' id='word_1_297' title='bbox 1259 2470 1535 2523; x_wconf 82' lang='lat' dir='ltr'><strong>crudeliter</strong></span> <span class='ocrx_word' id='word_1_298' title='bbox 1595 2484 1798 2532; x_wconf 61' lang='lat' dir='ltr'><strong>cmsus,</strong></span> 
     </span>
    </p>
   </div>
   <div class='ocr_carea' id='block_1_42' title="bbox 280 2554 1798 2624">
    <p class='ocr_par' dir='ltr' id='par_1_42' title="bbox 280 2554 1798 2624">
     <span class='ocr_line' id='line_1_42' title="bbox 280 2554 1798 2624; baseline -0.001 -13"><span class='ocrx_word' id='word_1_299' title='bbox 280 2554 478 2614; x_wconf 83' lang='lat' dir='ltr'><strong>deinde</strong></span> <span class='ocrx_word' id='word_1_300' title='bbox 528 2559 743 2612; x_wconf 78' lang='lat' dir='ltr'><strong>fustibus</strong></span> <span class='ocrx_word' id='word_1_301' title='bbox 790 2561 1074 2613; x_wconf 88' lang='lat' dir='ltr'><strong>diutissime</strong></span> <span class='ocrx_word' id='word_1_302' title='bbox 1120 2569 1407 2624; x_wconf 88' lang='lat' dir='ltr'><strong>mactatus,</strong></span> <span class='ocrx_word' id='word_1_303' title='bbox 1457 2567 1572 2622; x_wconf 85' lang='lat' dir='ltr'><strong>post</strong></span> <span class='ocrx_word' id='word_1_304' title='bbox 1613 2560 1798 2620; x_wconf 85' lang='lat' dir='ltr'><strong>resina,</strong></span> 
     </span>
    </p>
   </div>
   <div class='ocr_carea' id='block_1_43' title="bbox 1886 1946 2418 2014">
    <p class='ocr_par' dir='ltr' id='par_1_43' title="bbox 1886 1946 2418 2014">
     <span class='ocr_line' id='line_1_43' title="bbox 1886 1946 2418 2014; baseline 0.002 -16"><span class='ocrx_word' id='word_1_305' title='bbox 1886 1957 2064 1999; x_wconf 85' lang='lat' dir='ltr'><strong>sancto</strong></span> <span class='ocrx_word' id='word_1_306' title='bbox 2091 1946 2188 1998; x_wconf 83' lang='lat' dir='ltr'><strong>line</strong></span> <span class='ocrx_word' id='word_1_307' title='bbox 2211 1947 2418 2014; x_wconf 90' lang='lat' dir='ltr'><strong>quievit.</strong></span> 
     </span>
    </p>
   </div>
   <div class='ocr_carea' id='block_1_44' title="bbox 1955 2055 3390 2122">
    <p class='ocr_par' dir='ltr' id='par_1_44' title="bbox 1955 2055 3390 2122">
     <span class='ocr_line' id='line_1_44' title="bbox 1955 2055 3390 2122; baseline -0.003 -12"><span class='ocrx_word' id='word_1_308' title='bbox 1955 2056 2016 2110; x_wconf 86' lang='lat' dir='ltr'><strong>G.</strong></span> <span class='ocrx_word' id='word_1_309' title='bbox 2071 2057 2131 2109; x_wconf 91' lang='lat' dir='ltr'><strong>Ill</strong></span> <span class='ocrx_word' id='word_1_310' title='bbox 2168 2057 2294 2109; x_wconf 69' lang='lat' dir='ltr'><strong>Non.</strong></span> <span class='ocrx_word' id='word_1_311' title='bbox 2328 2057 2483 2109; x_wconf 70' lang='lat' dir='ltr'><strong>lusu.</strong></span> <span class='ocrx_word' id='word_1_312' title='bbox 2541 2082 2608 2097; x_wconf 90' lang='lat'><em>--</em></span> <span class='ocrx_word' id='word_1_313' title='bbox 2661 2055 2806 2122; x_wconf 76' lang='lat' dir='ltr'><strong>Apud</strong></span> <span class='ocrx_word' id='word_1_314' title='bbox 2857 2057 3082 2108; x_wconf 75' lang='lat' dir='ltr'><strong>Aretium</strong></span> <span class='ocrx_word' id='word_1_315' title='bbox 3138 2056 3390 2108; x_wconf 86' lang='lat' dir='ltr'><strong>civitatem</strong></span> 
     </span>
    </p>
   </div>
   <div class='ocr_carea' id='block_1_45' title="bbox 1890 2133 3434 2210">
    <p class='ocr_par' dir='ltr' id='par_1_45' title="bbox 1890 2133 3434 2210">
     <span class='ocr_line' id='line_1_45' title="bbox 1890 2133 3434 2210; baseline -0.003 -13"><span class='ocrx_word' id='word_1_316' title='bbox 1890 2145 2089 2197; x_wconf 73' lang='lat' dir='ltr'><strong>Tuscia:</strong></span> <span class='ocrx_word' id='word_1_317' title='bbox 2137 2143 2303 2195; x_wconf 88' lang='lat' dir='ltr'><strong>natale</strong></span> <span class='ocrx_word' id='word_1_318' title='bbox 2345 2150 2638 2194; x_wconf 88' lang='lat' dir='ltr'><strong>sanctorum</strong></span> <span class='ocrx_word' id='word_1_319' title='bbox 2686 2151 2965 2210; x_wconf 88' lang='lat' dir='ltr'><strong>martyrum</strong></span> <span class='ocrx_word' id='word_1_320' title='bbox 3021 2141 3305 2208; x_wconf 78' lang='lat' dir='ltr'><strong>Pergentini</strong></span> <span class='ocrx_word' id='word_1_321' title='bbox 3343 2133 3434 2192; x_wconf 44' lang='lat' dir='ltr'><strong>et&#39;</strong></span> 
     </span>
    </p>
   </div>
   <div class='ocr_carea' id='block_1_46' title="bbox 1896 2228 3396 2296">
    <p class='ocr_par' dir='ltr' id='par_1_46' title="bbox 1896 2228 3396 2296">
     <span class='ocr_line' id='line_1_46' title="bbox 1896 2228 3396 2296; baseline -0.003 -12"><span class='ocrx_word' id='word_1_322' title='bbox 1896 2230 2150 2284; x_wconf 75' lang='lat' dir='ltr'><strong>Laurentii</strong></span> <span class='ocrx_word' id='word_1_323' title='bbox 2173 2229 2407 2290; x_wconf 77' lang='lat' dir='ltr'><strong>fratrum,</strong></span> <span class='ocrx_word' id='word_1_324' title='bbox 2431 2229 2514 2293; x_wconf 89' lang='lat' dir='ltr'><strong>qui</strong></span> <span class='ocrx_word' id='word_1_325' title='bbox 2539 2229 2897 2296; x_wconf 82' lang='lat' dir='ltr'><strong>persecutione</strong></span> <span class='ocrx_word' id='word_1_326' title='bbox 2921 2228 3079 2289; x_wconf 89' lang='lat' dir='ltr'><strong>Decii,</strong></span> <span class='ocrx_word' id='word_1_327' title='bbox 3109 2229 3204 2280; x_wconf 86' lang='lat' dir='ltr'><strong>sub</strong></span> <span class='ocrx_word' id='word_1_328' title='bbox 3227 2228 3396 2294; x_wconf 80' lang='lat' dir='ltr'><strong>judice</strong></span> 
     </span>
    </p>
   </div>
   <div class='ocr_carea' id='block_1_47' title="bbox 1896 2315 3392 2383">
    <p class='ocr_par' dir='ltr' id='par_1_47' title="bbox 1896 2315 3392 2383">
     <span class='ocr_line' id='line_1_47' title="bbox 1896 2315 3392 2383; baseline -0.003 -12"><span class='ocrx_word' id='word_1_329' title='bbox 1896 2318 2100 2379; x_wconf 83' lang='lat' dir='ltr'><strong>Turcio,</strong></span> <span class='ocrx_word' id='word_1_330' title='bbox 2125 2331 2238 2370; x_wconf 91' lang='lat' dir='ltr'><strong>cum</strong></span> <span class='ocrx_word' id='word_1_331' title='bbox 2269 2318 2618 2380; x_wconf 89' lang='lat' dir='ltr'><strong>essentpueri,</strong></span> <span class='ocrx_word' id='word_1_332' title='bbox 2643 2325 2755 2383; x_wconf 90' lang='lat' dir='ltr'><strong>post</strong></span> <span class='ocrx_word' id='word_1_333' title='bbox 2785 2317 2911 2367; x_wconf 87' lang='lat' dir='ltr'><strong>dura</strong></span> <span class='ocrx_word' id='word_1_334' title='bbox 2941 2315 3141 2367; x_wconf 88' lang='lat' dir='ltr'><strong>vincula</strong></span> <span class='ocrx_word' id='word_1_335' title='bbox 3163 2316 3392 2377; x_wconf 87' lang='lat' dir='ltr'><strong>tolerata,</strong></span> 
     </span>
    </p>
   </div>
   <div class='ocr_carea' id='block_1_48' title="bbox 1897 2403 3395 2471">
    <p class='ocr_par' dir='ltr' id='par_1_48' title="bbox 1897 2403 3395 2471">
     <span class='ocr_line' id='line_1_48' title="bbox 1897 2403 3395 2471; baseline -0.003 -13"><span class='ocrx_word' id='word_1_336' title='bbox 1897 2416 1949 2459; x_wconf 89' lang='lat' dir='ltr'><strong>et</strong></span> <span class='ocrx_word' id='word_1_337' title='bbox 1976 2419 2156 2470; x_wconf 86' lang='lat' dir='ltr'><strong>magna</strong></span> <span class='ocrx_word' id='word_1_338' title='bbox 2187 2404 2426 2455; x_wconf 88' lang='lat' dir='ltr'><strong>miracula</strong></span> <span class='ocrx_word' id='word_1_339' title='bbox 2451 2403 2862 2471; x_wconf 83' lang='lat' dir='ltr'><strong>ostensa,gladio</strong></span> <span class='ocrx_word' id='word_1_340' title='bbox 2884 2413 3002 2456; x_wconf 91' lang='lat' dir='ltr'><strong>sunt</strong></span> <span class='ocrx_word' id='word_1_341' title='bbox 3022 2403 3159 2465; x_wconf 63' lang='grc' dir='ltr'><strong>ωδε,</strong></span> <span class='ocrx_word' id='word_1_342' title='bbox 3192 2413 3241 2456; x_wconf 90' lang='lat' dir='ltr'><strong>et</strong></span> <span class='ocrx_word' id='word_1_343' title='bbox 3263 2404 3395 2471; x_wconf 88' lang='lat' dir='ltr'><strong>apud</strong></span> 
     </span>
    </p>
   </div>
   <div class='ocr_carea' id='block_1_49' title="bbox 1900 2489 2579 2545">
    <p class='ocr_par' dir='ltr' id='par_1_49' title="bbox 1900 2489 2579 2545">
     <span class='ocr_line' id='line_1_49' title="bbox 1900 2489 2579 2545; baseline -0.004 0"><span class='ocrx_word' id='word_1_344' title='bbox 1900 2491 2130 2545; x_wconf 83' lang='lat' dir='ltr'><strong>eamdem</strong></span> <span class='ocrx_word' id='word_1_345' title='bbox 2162 2492 2338 2543; x_wconf 87' lang='lat' dir='ltr'><strong>urbem</strong></span> <span class='ocrx_word' id='word_1_346' title='bbox 2362 2489 2579 2544; x_wconf 88' lang='lat' dir='ltr'><strong>conditi.</strong></span> 
     </span>
    </p>
   </div>
   <div class='ocr_carea' id='block_1_50' title="bbox 1472 2659 2199 2716">
    <p class='ocr_par' dir='ltr' id='par_1_50' title="bbox 1472 2659 2199 2716">
     <span class='ocr_line' id='line_1_50' title="bbox 1472 2659 2199 2716; baseline -0.007 0"><span class='ocrx_word' id='word_1_347' title='bbox 1472 2663 1688 2716; x_wconf 84' lang='lat' dir='ltr'><strong>EDITIO</strong></span> <span class='ocrx_word' id='word_1_348' title='bbox 1724 2659 2199 2715; x_wconf 69' lang='lat' dir='ltr'><strong>BULLANDIANA.</strong></span> 
     </span>
    </p>
   </div>
   <div class='ocr_carea' id='block_1_51' title="bbox 283 2768 1783 2840">
    <p class='ocr_par' dir='ltr' id='par_1_51' title="bbox 283 2768 1783 2840">
     <span class='ocr_line' id='line_1_51' title="bbox 283 2768 1783 2840; baseline 0.001 -20"><span class='ocrx_word' id='word_1_349' title='bbox 283 2768 429 2835; x_wconf 81' lang='lat' dir='ltr'><strong>ginta</strong></span> <span class='ocrx_word' id='word_1_350' title='bbox 458 2779 651 2834; x_wconf 82' lang='lat' dir='ltr'><strong>septem</strong></span> <span class='ocrx_word' id='word_1_351' title='bbox 680 2770 984 2840; x_wconf 76' lang='lat' dir='ltr'><strong>martyribus</strong></span> <span class='ocrx_word' id='word_1_352' title='bbox 1010 2788 1021 2822; x_wconf 92' lang='lat'><strong>:</strong></span> <span class='ocrx_word' id='word_1_353' title='bbox 1049 2771 1128 2822; x_wconf 90' lang='lat' dir='ltr'><strong>cui</strong></span> <span class='ocrx_word' id='word_1_354' title='bbox 1158 2786 1183 2821; x_wconf 89' lang='lat' dir='ltr'><strong>a</strong></span> <span class='ocrx_word' id='word_1_355' title='bbox 1214 2771 1372 2838; x_wconf 89' lang='lat' dir='ltr'><strong>prima</strong></span> <span class='ocrx_word' id='word_1_356' title='bbox 1401 2773 1512 2824; x_wconf 90' lang='lat' dir='ltr'><strong>luce</strong></span> <span class='ocrx_word' id='word_1_357' title='bbox 1539 2785 1694 2837; x_wconf 88' lang='lat' dir='ltr'><strong>usque</strong></span> <span class='ocrx_word' id='word_1_358' title='bbox 1722 2771 1783 2822; x_wconf 88' lang='lat' dir='ltr'><strong>ad</strong></span> 
     </span>
    </p>
   </div>
   <div class='ocr_carea' id='block_1_52' title="bbox 297 2861 1794 2926">
    <p class='ocr_par' dir='ltr' id='par_1_52' title="bbox 297 2861 1794 2926">
     <span class='ocr_line' id='line_1_52' title="bbox 297 2861 1794 2926; baseline -0.003 -12"><span class='ocrx_word' id='word_1_359' title='bbox 297 2877 562 2926; x_wconf 72' lang='lat' dir='ltr'><strong>vesperam</strong></span> <span class='ocrx_word' id='word_1_360' title='bbox 592 2870 841 2914; x_wconf 88' lang='lat' dir='ltr'><strong>tormenta</strong></span> <span class='ocrx_word' id='word_1_361' title='bbox 869 2875 1074 2926; x_wconf 88' lang='lat' dir='ltr'><strong>semper</strong></span> <span class='ocrx_word' id='word_1_362' title='bbox 1112 2861 1430 2918; x_wconf 84' lang='lat' dir='ltr'><strong>innovantes.</strong></span> <span class='ocrx_word' id='word_1_363' title='bbox 1460 2861 1522 2911; x_wconf 88' lang='lat' dir='ltr'><strong>ad</strong></span> <span class='ocrx_word' id='word_1_364' title='bbox 1562 2861 1794 2911; x_wconf 90' lang='lat' dir='ltr'><strong>ultimum</strong></span> 
     </span>
    </p>
   </div>
   <div class='ocr_carea' id='block_1_53' title="bbox 295 2947 1799 3014">
    <p class='ocr_par' dir='ltr' id='par_1_53' title="bbox 295 2947 1799 3014">
     <span class='ocr_line' id='line_1_53' title="bbox 295 2947 1799 3014; baseline 0.001 -15"><span class='ocrx_word' id='word_1_365' title='bbox 295 2951 463 3004; x_wconf 80' lang='lat' dir='ltr'><strong>victos</strong></span> <span class='ocrx_word' id='word_1_366' title='bbox 489 2963 548 3003; x_wconf 85' lang='lat' dir='ltr'><strong>se</strong></span> <span class='ocrx_word' id='word_1_367' title='bbox 569 2958 790 3002; x_wconf 89' lang='lat' dir='ltr'><strong>tortores</strong></span> <span class='ocrx_word' id='word_1_368' title='bbox 815 2950 1120 3001; x_wconf 88' lang='lat' dir='ltr'><strong>conliteutur</strong></span> <span class='ocrx_word' id='word_1_369' title='bbox 1145 2967 1156 2998; x_wconf 86' lang='lat'><strong>:</strong></span> <span class='ocrx_word' id='word_1_370' title='bbox 1187 2962 1302 3014; x_wconf 60' lang='lat' dir='ltr'><strong>quas</strong></span> <span class='ocrx_word' id='word_1_371' title='bbox 1329 2951 1353 2979; x_wconf 82' lang='grc'><strong>⁸</strong></span> <span class='ocrx_word' id='word_1_372' title='bbox 1379 2959 1430 3000; x_wconf 90' lang='lat' dir='ltr'><strong>et</strong></span> <span class='ocrx_word' id='word_1_373' title='bbox 1456 2947 1681 3000; x_wconf 72' lang='lat' dir='ltr'><strong>secundo</strong></span> <span class='ocrx_word' id='word_1_374' title='bbox 1711 2947 1799 3000; x_wconf 82' lang='lat' dir='ltr'><strong>die</strong></span> 
     </span>
    </p>
   </div>
   <div class='ocr_carea' id='block_1_54' title="bbox 1895 2742 3388 2810">
    <p class='ocr_par' dir='ltr' id='par_1_54' title="bbox 1895 2742 3388 2810">
     <span class='ocr_line' id='line_1_54' title="bbox 1895 2742 3388 2810; baseline -0.003 -12"><span class='ocrx_word' id='word_1_375' title='bbox 1895 2747 2155 2801; x_wconf 79' lang='lat' dir='ltr'><strong>Antonino</strong></span> <span class='ocrx_word' id='word_1_376' title='bbox 2187 2745 2338 2797; x_wconf 86' lang='lat' dir='ltr'><strong>Vero.</strong></span> <span class='ocrx_word' id='word_1_377' title='bbox 2364 2743 2621 2810; x_wconf 86' lang='lat' dir='ltr'><strong>Scriptum</strong></span> <span class='ocrx_word' id='word_1_378' title='bbox 2669 2743 2718 2796; x_wconf 91' lang='lat' dir='ltr'><strong>in</strong></span> <span class='ocrx_word' id='word_1_379' title='bbox 2764 2743 2980 2796; x_wconf 86' lang='lat' dir='ltr'><strong>llistoria</strong></span> <span class='ocrx_word' id='word_1_380' title='bbox 3026 2742 3388 2801; x_wconf 86' lang='lat' dir='ltr'><strong>ecclesiastica.</strong></span> 
     </span>
    </p>
   </div>
   <div class='ocr_carea' id='block_1_55' title="bbox 1895 2834 2242 2900">
    <p class='ocr_par' dir='ltr' id='par_1_55' title="bbox 1895 2834 2242 2900">
     <span class='ocr_line' id='line_1_55' title="bbox 1895 2834 2242 2900; baseline -0.009 -12"><span class='ocrx_word' id='word_1_381' title='bbox 1895 2836 2023 2888; x_wconf 90' lang='lat' dir='ltr'><strong>libro</strong></span> <span class='ocrx_word' id='word_1_382' title='bbox 2048 2834 2242 2900; x_wconf 90' lang='lat' dir='ltr'><strong>quinto.</strong></span> 
     </span>
    </p>
   </div>
   <div class='ocr_carea' id='block_1_56' title="bbox 1965 2917 3392 2999">
    <p class='ocr_par' dir='ltr' id='par_1_56' title="bbox 1965 2917 3392 2999">
     <span class='ocr_line' id='line_1_56' title="bbox 1965 2917 3392 2999; baseline 0 -26"><span class='ocrx_word' id='word_1_383' title='bbox 1965 2921 2052 2999; x_wconf 59' lang='grc' dir='ltr'><strong>γ..</strong></span> <span class='ocrx_word' id='word_1_384' title='bbox 2087 2922 2276 2973; x_wconf 81' lang='lat' dir='ltr'><strong>Eodem</strong></span> <span class='ocrx_word' id='word_1_385' title='bbox 2325 2920 2407 2972; x_wconf 90' lang='lat' dir='ltr'><strong>die</strong></span> <span class='ocrx_word' id='word_1_386' title='bbox 2442 2919 2500 2973; x_wconf 91' lang='lat' dir='ltr'><strong>S.</strong></span> <span class='ocrx_word' id='word_1_387' title='bbox 2529 2928 2550 2955; x_wconf 77' lang='grc' dir='ltr'><strong>ο</strong></span> <span class='ocrx_word' id='word_1_388' title='bbox 2577 2917 2772 2970; x_wconf 86' lang='lat' dir='ltr'><strong>Erasmi</strong></span> <span class='ocrx_word' id='word_1_389' title='bbox 2821 2918 3046 2984; x_wconf 80' lang='lat' dir='ltr'><strong>episcOpi</strong></span> <span class='ocrx_word' id='word_1_390' title='bbox 3093 2927 3145 2971; x_wconf 91' lang='lat' dir='ltr'><strong>et</strong></span> <span class='ocrx_word' id='word_1_391' title='bbox 3188 2918 3392 2973; x_wconf 80' lang='lat' dir='ltr'><strong>confes-</strong></span> 
     </span>
    </p>
   </div>
   <div class='ocr_carea' id='block_1_57' title="bbox 1901 3004 2358 3042">
    <p class='ocr_par' dir='ltr' id='par_1_57' title="bbox 1901 3004 2358 3042">
     <span class='ocr_line' id='line_1_57' title="bbox 1901 3004 2358 3042; baseline -0.013 0"><span class='ocrx_word' id='word_1_392' title='bbox 1901 3004 2050 3042; x_wconf 73' lang='lat' dir='ltr'><strong>SOI‘IS.</strong></span> <span class='ocrx_word' id='word_1_393' title='bbox 2354 3007 2358 3012; x_wconf 92' lang='lat'>&#39;</span> 
     </span>
    </p>
   </div>
   <div class='ocr_carea' id='block_1_58' title="bbox 297 3037 2791 3127">
    <p class='ocr_par' dir='ltr' id='par_1_58' title="bbox 297 3037 2791 3127">
     <span class='ocr_line' id='line_1_58' title="bbox 297 3037 2791 3127; baseline -0.001 -35"><span class='ocrx_word' id='word_1_394' title='bbox 297 3039 495 3105; x_wconf 88' lang='lat' dir='ltr'><strong>pulsata</strong></span> <span class='ocrx_word' id='word_1_395' title='bbox 537 3041 846 3093; x_wconf 83' lang='lat' dir='ltr'><strong>cruciatibus</strong></span> <span class='ocrx_word' id='word_1_396' title='bbox 879 3055 978 3090; x_wconf 83' lang='lat' dir='ltr'><strong>non</strong></span> <span class='ocrx_word' id='word_1_397' title='bbox 1019 3048 1308 3105; x_wconf 88' lang='lat' dir='ltr'><strong>superatur.</strong></span> <span class='ocrx_word' id='word_1_398' title='bbox 1341 3037 1364 3075; x_wconf 70' lang='grc' dir='ltr'>δ</span> <span class='ocrx_word' id='word_1_399' title='bbox 1394 3039 1564 3091; x_wconf 88' lang='lat' dir='ltr'><strong>&#39;l&#39;crtio</strong></span> <span class='ocrx_word' id='word_1_400' title='bbox 1595 3051 1797 3102; x_wconf 88' lang='lat' dir='ltr'><strong>quoque</strong></span> <span class='ocrx_word' id='word_1_401' title='bbox 1827 3045 1872 3105; x_wconf 74' lang='grc' dir='ltr'>ε</span> <span class='ocrx_word' id='word_1_402' title='bbox 1901 3037 2190 3127; x_wconf 27' lang='grc' dir='ltr'><strong>’ἑῇ-ιη</strong></span> <span class='ocrx_word' id='word_1_403' title='bbox 2220 3072 2408 3125; x_wconf 49' lang='lat' dir='ltr'><strong>Non“.</strong></span> <span class='ocrx_word' id='word_1_404' title='bbox 2439 3071 2595 3125; x_wconf 56' lang='lat' dir='ltr'><strong>vaca,</strong></span> <span class='ocrx_word' id='word_1_405' title='bbox 2621 3070 2791 3123; x_wconf 45' lang='lat' dir='ltr'><strong>Baeda.</strong></span> 
     </span>
    </p>
   </div>
   <div class='ocr_carea' id='block_1_59' title="bbox 301 3127 1797 3196">
    <p class='ocr_par' dir='ltr' id='par_1_59' title="bbox 301 3127 1797 3196">
     <span class='ocr_line' id='line_1_59' title="bbox 301 3127 1797 3196; baseline -0.001 -18"><span class='ocrx_word' id='word_1_406' title='bbox 301 3128 386 3178; x_wconf 88' lang='lat' dir='ltr'><strong>die</strong></span> <span class='ocrx_word' id='word_1_407' title='bbox 431 3128 642 3196; x_wconf 85' lang='lat' dir='ltr'><strong>religata</strong></span> <span class='ocrx_word' id='word_1_408' title='bbox 687 3127 750 3178; x_wconf 85' lang='lat' dir='ltr'><strong>ad</strong></span> <span class='ocrx_word' id='word_1_409' title='bbox 795 3127 1039 3192; x_wconf 86' lang='lat' dir='ltr'><strong>stipitem,</strong></span> <span class='ocrx_word' id='word_1_410' title='bbox 1090 3135 1240 3190; x_wconf 89' lang='lat' dir='ltr'><strong>atque</strong></span> <span class='ocrx_word' id='word_1_411' title='bbox 1287 3129 1334 3176; x_wconf 91' lang='lat' dir='ltr'><strong>in</strong></span> <span class='ocrx_word' id='word_1_412' title='bbox 1379 3127 1546 3177; x_wconf 82' lang='lat' dir='ltr'><strong>crucis</strong></span> <span class='ocrx_word' id='word_1_413' title='bbox 1591 3127 1797 3176; x_wconf 84' lang='lat' dir='ltr'><strong>modum</strong></span> 
     </span>
    </p>
   </div>
   <div class='ocr_carea' id='block_1_60' title="bbox 299 3211 1799 3278">
    <p class='ocr_par' dir='ltr' id='par_1_60' title="bbox 299 3211 1799 3278">
     <span class='ocr_line' id='line_1_60' title="bbox 299 3211 1799 3278; baseline 0 -16"><span class='ocrx_word' id='word_1_414' title='bbox 299 3211 541 3275; x_wconf 84' lang='lat' dir='ltr'><strong>distenta,</strong></span> <span class='ocrx_word' id='word_1_415' title='bbox 589 3211 768 3264; x_wconf 83' lang='lat' dir='ltr'><strong>bestiis</strong></span> <span class='ocrx_word' id='word_1_416' title='bbox 815 3212 1055 3278; x_wconf 89' lang='lat' dir='ltr'><strong>pabulum</strong></span> <span class='ocrx_word' id='word_1_417' title='bbox 1101 3221 1433 3276; x_wconf 71' lang='lat' dir='ltr'><strong>pneparatur.</strong></span> <span class='ocrx_word' id='word_1_418' title='bbox 1482 3215 1642 3276; x_wconf 80' lang='lat' dir='ltr'><strong>Quam</strong></span> <span class='ocrx_word' id='word_1_419' title='bbox 1682 3225 1799 3262; x_wconf 90' lang='lat' dir='ltr'><strong>cum</strong></span> 
     </span>
    </p>
   </div>
   <div class='ocr_carea' id='block_1_61' title="bbox 301 3294 1802 3363">
    <p class='ocr_par' dir='ltr' id='par_1_61' title="bbox 301 3294 1802 3363">
     <span class='ocr_line' id='line_1_61' title="bbox 301 3294 1802 3363; baseline 0.001 -14"><span class='ocrx_word' id='word_1_420' title='bbox 301 3295 440 3349; x_wconf 84' lang='lat' dir='ltr'><strong>nulla</strong></span> <span class='ocrx_word' id='word_1_421' title='bbox 470 3309 531 3349; x_wconf 80' lang='lat' dir='ltr'><strong>es</strong></span> <span class='ocrx_word' id='word_1_422' title='bbox 577 3295 752 3350; x_wconf 79' lang='lat' dir='ltr'><strong>bestiis</strong></span> <span class='ocrx_word' id='word_1_423' title='bbox 780 3294 992 3349; x_wconf 88' lang='lat' dir='ltr'><strong>auderet</strong></span> <span class='ocrx_word' id='word_1_424' title='bbox 1017 3299 1291 3363; x_wconf 81' lang='lat' dir='ltr'><strong>attingere,</strong></span> <span class='ocrx_word' id='word_1_425' title='bbox 1319 3313 1522 3349; x_wconf 89' lang='lat' dir='ltr'><strong>rursum</strong></span> <span class='ocrx_word' id='word_1_426' title='bbox 1570 3309 1802 3350; x_wconf 80' lang='lat' dir='ltr'><strong>revorata</strong></span> 
     </span>
    </p>
   </div>
   <div class='ocr_carea' id='block_1_62' title="bbox 299 3372 1803 3450">
    <p class='ocr_par' dir='ltr' id='par_1_62' title="bbox 299 3372 1803 3450">
     <span class='ocr_line' id='line_1_62' title="bbox 299 3372 1803 3450; baseline 0 -16"><span class='ocrx_word' id='word_1_427' title='bbox 299 3383 364 3434; x_wconf 90' lang='lat' dir='ltr'><strong>ad</strong></span> <span class='ocrx_word' id='word_1_428' title='bbox 395 3396 686 3448; x_wconf 85' lang='lat' dir='ltr'><strong>carcerem;</strong></span> <span class='ocrx_word' id='word_1_429' title='bbox 716 3372 898 3450; x_wconf 79' lang='lat' dir='ltr'><strong>quarto</strong></span> <span class='ocrx_word' id='word_1_430' title='bbox 940 3385 1093 3438; x_wconf 88' lang='lat' dir='ltr'><strong>etiam</strong></span> <span class='ocrx_word' id='word_1_431' title='bbox 1134 3383 1432 3436; x_wconf 84' lang='lat' dir='ltr'><strong>verberibus</strong></span> <span class='ocrx_word' id='word_1_432' title='bbox 1474 3395 1605 3444; x_wconf 78' lang='lat' dir='ltr'><strong>acta,</strong></span> <span class='ocrx_word' id='word_1_433' title='bbox 1651 3385 1803 3435; x_wconf 86' lang='lat' dir='ltr'><strong>crati-</strong></span> 
     </span>
    </p>
   </div>
   <div class='ocr_carea' id='block_1_63' title="bbox 301 3470 1804 3534">
    <p class='ocr_par' dir='ltr' id='par_1_63' title="bbox 301 3470 1804 3534">
     <span class='ocr_line' id='line_1_63' title="bbox 301 3470 1804 3534; baseline -0.001 -12"><span class='ocrx_word' id='word_1_434' title='bbox 301 3471 434 3522; x_wconf 92' lang='lat' dir='ltr'><strong>culis</strong></span> <span class='ocrx_word' id='word_1_435' title='bbox 458 3479 662 3532; x_wconf 79' lang='lat' dir='ltr'><strong>exusta,</strong></span> <span class='ocrx_word' id='word_1_436' title='bbox 688 3481 742 3522; x_wconf 90' lang='lat' dir='ltr'><strong>et</strong></span> <span class='ocrx_word' id='word_1_437' title='bbox 766 3471 919 3522; x_wconf 88' lang='lat' dir='ltr'><strong>multa</strong></span> <span class='ocrx_word' id='word_1_438' title='bbox 947 3471 1041 3522; x_wconf 88' lang='lat' dir='ltr'><strong>alia</strong></span> <span class='ocrx_word' id='word_1_439' title='bbox 1070 3483 1330 3534; x_wconf 88' lang='lat' dir='ltr'><strong>perpessa,</strong></span> <span class='ocrx_word' id='word_1_440' title='bbox 1355 3471 1416 3521; x_wconf 87' lang='lat' dir='ltr'><strong>ad</strong></span> <span class='ocrx_word' id='word_1_441' title='bbox 1449 3472 1679 3524; x_wconf 88' lang='lat' dir='ltr'><strong>ultimum</strong></span> <span class='ocrx_word' id='word_1_442' title='bbox 1703 3470 1804 3534; x_wconf 76' lang='lat' dir='ltr'><strong>gla-</strong></span> 
     </span>
    </p>
   </div>
   <div class='ocr_carea' id='block_1_64' title="bbox 302 3557 1807 3628">
    <p class='ocr_par' dir='ltr' id='par_1_64' title="bbox 302 3557 1807 3628">
     <span class='ocr_line' id='line_1_64' title="bbox 302 3557 1807 3628; baseline 0 -18"><span class='ocrx_word' id='word_1_443' title='bbox 302 3557 390 3610; x_wconf 89' lang='lat' dir='ltr'><strong>dio</strong></span> <span class='ocrx_word' id='word_1_444' title='bbox 425 3558 710 3625; x_wconf 79' lang='lat' dir='ltr'><strong>jugulalur.</strong></span> <span class='ocrx_word' id='word_1_445' title='bbox 741 3558 884 3611; x_wconf 87' lang='lat' dir='ltr'><strong>Tunc</strong></span> <span class='ocrx_word' id='word_1_446' title='bbox 909 3569 961 3612; x_wconf 88' lang='lat' dir='ltr'><strong>et</strong></span> <span class='ocrx_word' id='word_1_447' title='bbox 1003 3558 1245 3623; x_wconf 88' lang='lat' dir='ltr'><strong>Ponticus</strong></span> <span class='ocrx_word' id='word_1_448' title='bbox 1277 3557 1385 3628; x_wconf 82' lang='lat' dir='ltr'><strong>[L.,</strong></span> <span class='ocrx_word' id='word_1_449' title='bbox 1431 3558 1656 3628; x_wconf 80' lang='lat' dir='ltr'><strong>Pontius]</strong></span> <span class='ocrx_word' id='word_1_450' title='bbox 1683 3574 1807 3624; x_wconf 89' lang='lat' dir='ltr'><strong>puer</strong></span> 
     </span>
    </p>
   </div>
   <div class='ocr_carea' id='block_1_65' title="bbox 301 3645 1805 3715">
    <p class='ocr_par' dir='ltr' id='par_1_65' title="bbox 301 3645 1805 3715">
     <span class='ocr_line' id='line_1_65' title="bbox 301 3645 1805 3715; baseline -0.001 -17"><span class='ocrx_word' id='word_1_451' title='bbox 301 3659 550 3698; x_wconf 87' lang='lat' dir='ltr'><strong>annorum</strong></span> <span class='ocrx_word' id='word_1_452' title='bbox 571 3645 882 3714; x_wconf 89' lang='lat' dir='ltr'><strong>quindecim,</strong></span> <span class='ocrx_word' id='word_1_453' title='bbox 909 3662 998 3715; x_wconf 88' lang='lat' dir='ltr'><strong>per</strong></span> <span class='ocrx_word' id='word_1_454' title='bbox 1018 3648 1188 3700; x_wconf 88' lang='lat' dir='ltr'><strong>omnia</strong></span> <span class='ocrx_word' id='word_1_455' title='bbox 1221 3655 1589 3699; x_wconf 87' lang='lat' dir='ltr'><strong>tormentorum</strong></span> <span class='ocrx_word' id='word_1_456' title='bbox 1620 3662 1805 3714; x_wconf 84' lang='lat' dir='ltr'><strong>genera</strong></span> 
     </span>
    </p>
   </div>
   <div class='ocr_carea' id='block_1_66' title="bbox 302 3733 1842 3800">
    <p class='ocr_par' dir='ltr' id='par_1_66' title="bbox 302 3733 1842 3800">
     <span class='ocr_line' id='line_1_66' title="bbox 302 3733 1842 3800; baseline -0.002 -13"><span class='ocrx_word' id='word_1_457' title='bbox 302 3747 418 3787; x_wconf 88' lang='lat' dir='ltr'><strong>cum</strong></span> <span class='ocrx_word' id='word_1_458' title='bbox 448 3733 554 3799; x_wconf 88' lang='lat' dir='ltr'><strong>ipsa</strong></span> <span class='ocrx_word' id='word_1_459' title='bbox 581 3733 938 3796; x_wconf 80' lang='lat' dir='ltr'><strong>circumactus,</strong></span> <span class='ocrx_word' id='word_1_460' title='bbox 965 3744 1016 3786; x_wconf 88' lang='lat' dir='ltr'><strong>et</strong></span> <span class='ocrx_word' id='word_1_461' title='bbox 1057 3744 1284 3786; x_wconf 87' lang='lat' dir='ltr'><strong>materna</strong></span> <span class='ocrx_word' id='word_1_462' title='bbox 1312 3733 1425 3800; x_wconf 90' lang='lat' dir='ltr'><strong>ejus</strong></span> <span class='ocrx_word' id='word_1_463' title='bbox 1454 3736 1842 3788; x_wconf 67' lang='lat' dir='ltr'><strong>cohortatione,</strong></span> 
     </span>
    </p>
   </div>
   <div class='ocr_carea' id='block_1_67' title="bbox 309 3818 1810 3898">
    <p class='ocr_par' dir='ltr' id='par_1_67' title="bbox 309 3818 1810 3898">
     <span class='ocr_line' id='line_1_67' title="bbox 309 3818 1810 3898; baseline 0.002 -28"><span class='ocrx_word' id='word_1_464' title='bbox 309 3819 592 3898; x_wconf 55' lang='lat' dir='ltr'><strong>roboratus,</strong></span> <span class='ocrx_word' id='word_1_465' title='bbox 622 3827 741 3872; x_wconf 82' lang='lat' dir='ltr'><strong>ante</strong></span> <span class='ocrx_word' id='word_1_466' title='bbox 771 3818 908 3871; x_wconf 88' lang='lat' dir='ltr'><strong>illam</strong></span> <span class='ocrx_word' id='word_1_467' title='bbox 954 3820 1252 3888; x_wconf 87' lang='lat' dir='ltr'><strong>martyrium</strong></span> <span class='ocrx_word' id='word_1_468' title='bbox 1289 3822 1665 3872; x_wconf 88' lang='lat' dir='ltr'><strong>consummavit</strong></span> <span class='ocrx_word' id='word_1_469' title='bbox 1713 3822 1810 3874; x_wconf 89' lang='lat' dir='ltr'><strong>sub</strong></span> 
     </span>
    </p>
   </div>
   <div class='ocr_carea' id='block_1_68' title="bbox 1970 3155 3398 3224">
    <p class='ocr_par' dir='ltr' id='par_1_68' title="bbox 1970 3155 3398 3224">
     <span class='ocr_line' id='line_1_68' title="bbox 1970 3155 3398 3224; baseline -0.001 -12"><span class='ocrx_word' id='word_1_470' title='bbox 1970 3159 2147 3212; x_wconf 81' lang='lat' dir='ltr'><strong>Florus</strong></span> <span class='ocrx_word' id='word_1_471' title='bbox 2176 3161 2223 3210; x_wconf 85' lang='lat' dir='ltr'><strong>iii</strong></span> <span class='ocrx_word' id='word_1_472' title='bbox 2256 3163 2318 3212; x_wconf 82' lang='lat' dir='ltr'><strong>A.</strong></span> <span class='ocrx_word' id='word_1_473' title='bbox 2344 3155 2402 3211; x_wconf 82' lang='grc' dir='ltr'>Τ.</span> <span class='ocrx_word' id='word_1_474' title='bbox 2427 3159 2509 3219; x_wconf 71' lang='grc' dir='ltr'><strong>ι..</strong></span> <span class='ocrx_word' id='word_1_475' title='bbox 2536 3157 2822 3211; x_wconf 81' lang='lat' dir='ltr'><strong>Aurelianis</strong></span> <span class='ocrx_word' id='word_1_476' title='bbox 2867 3156 2980 3210; x_wconf 90' lang='lat' dir='ltr'><strong>vico</strong></span> <span class='ocrx_word' id='word_1_477' title='bbox 3021 3157 3270 3224; x_wconf 84' lang='lat' dir='ltr'><strong>Magduno</strong></span> <span class='ocrx_word' id='word_1_478' title='bbox 3305 3159 3398 3212; x_wconf 83' lang='lat' dir='ltr'><strong>de-</strong></span> 
     </span>
    </p>
   </div>
   <div class='ocr_carea' id='block_1_69' title="bbox 1904 3245 3399 3313">
    <p class='ocr_par' dir='ltr' id='par_1_69' title="bbox 1904 3245 3399 3313">
     <span class='ocr_line' id='line_1_69' title="bbox 1904 3245 3399 3313; baseline 0.001 -15"><span class='ocrx_word' id='word_1_479' title='bbox 1904 3249 2088 3313; x_wconf 73' lang='lat' dir='ltr'><strong>pOSillO</strong></span> <span class='ocrx_word' id='word_1_480' title='bbox 2132 3245 2232 3300; x_wconf 81' lang='lat' dir='ltr'><strong>S.d</strong></span> <span class='ocrx_word' id='word_1_481' title='bbox 2262 3245 2500 3312; x_wconf 88' lang='lat' dir='ltr'><strong>Liphardi</strong></span> <span class='ocrx_word' id='word_1_482' title='bbox 2557 3245 2984 3313; x_wconf 81' lang='lat' dir='ltr'><strong>presbyterizqui</strong></span> <span class='ocrx_word' id='word_1_483' title='bbox 3035 3254 3187 3298; x_wconf 66' lang='lat' dir='ltr'><strong>tantae</strong></span> <span class='ocrx_word' id='word_1_484' title='bbox 3239 3248 3399 3300; x_wconf 88' lang='lat' dir='ltr'><strong>absti-</strong></span> 
     </span>
    </p>
   </div>
   <div class='ocr_carea' id='block_1_70' title="bbox 1907 3324 3404 3399">
    <p class='ocr_par' dir='ltr' id='par_1_70' title="bbox 1907 3324 3404 3399">
     <span class='ocr_line' id='line_1_70' title="bbox 1907 3324 3404 3399; baseline 0 -15"><span class='ocrx_word' id='word_1_485' title='bbox 1907 3324 2088 3384; x_wconf 76' lang='lat' dir='ltr'><strong>nentia:</strong></span> <span class='ocrx_word' id='word_1_486' title='bbox 2135 3333 2227 3383; x_wconf 90' lang='lat' dir='ltr'><strong>luit</strong></span> <span class='ocrx_word' id='word_1_487' title='bbox 2268 3344 2319 3382; x_wconf 92' lang='lat' dir='ltr'><strong>ut</strong></span> <span class='ocrx_word' id='word_1_488' title='bbox 2352 3331 2496 3382; x_wconf 89' lang='lat' dir='ltr'><strong>uncia</strong></span> <span class='ocrx_word' id='word_1_489' title='bbox 2529 3331 2801 3383; x_wconf 85' lang='lat' dir='ltr'><strong>hordeacei</strong></span> <span class='ocrx_word' id='word_1_490' title='bbox 2833 3332 2976 3397; x_wconf 80' lang='lat' dir='ltr'><strong>panis</strong></span> <span class='ocrx_word' id='word_1_491' title='bbox 3017 3333 3246 3385; x_wconf 91' lang='lat' dir='ltr'><strong>manibus</strong></span> <span class='ocrx_word' id='word_1_492' title='bbox 3286 3348 3404 3399; x_wconf 68' lang='lat' dir='ltr'><strong>pro—</strong></span> 
     </span>
    </p>
   </div>
   <div class='ocr_carea' id='block_1_71' title="bbox 1908 3403 3406 3486">
    <p class='ocr_par' dir='ltr' id='par_1_71' title="bbox 1908 3403 3406 3486">
     <span class='ocr_line' id='line_1_71' title="bbox 1908 3403 3406 3486; baseline 0.002 -16"><span class='ocrx_word' id='word_1_493' title='bbox 1908 3422 2028 3486; x_wconf 87' lang='lat' dir='ltr'><strong>priis</strong></span> <span class='ocrx_word' id='word_1_494' title='bbox 2069 3418 2356 3485; x_wconf 89' lang='lat' dir='ltr'><strong>compositi,</strong></span> <span class='ocrx_word' id='word_1_495' title='bbox 2392 3427 2445 3470; x_wconf 87' lang='lat' dir='ltr'><strong>et</strong></span> <span class='ocrx_word' id='word_1_496' title='bbox 2475 3419 2550 3470; x_wconf 86' lang='lat' dir='ltr'><strong>‘ad</strong></span> <span class='ocrx_word' id='word_1_497' title='bbox 2595 3419 2730 3470; x_wconf 88' lang='lat' dir='ltr'><strong>diem</strong></span> <span class='ocrx_word' id='word_1_498' title='bbox 2781 3420 3013 3481; x_wconf 82' lang='lat' dir='ltr'><strong>tertium,</strong></span> <span class='ocrx_word' id='word_1_499' title='bbox 3065 3421 3112 3470; x_wconf 91' lang='lat' dir='ltr'><strong>in</strong></span> <span class='ocrx_word' id='word_1_500' title='bbox 3162 3403 3406 3473; x_wconf 54' lang='lat' dir='ltr'><strong>bibitione</strong></span> 
     </span>
    </p>
   </div>
   <div class='ocr_carea' id='block_1_72' title="bbox 1907 3504 3403 3573">
    <p class='ocr_par' dir='ltr' id='par_1_72' title="bbox 1907 3504 3403 3573">
     <span class='ocr_line' id='line_1_72' title="bbox 1907 3504 3403 3573; baseline -0.001 -15"><span class='ocrx_word' id='word_1_501' title='bbox 1907 3521 2035 3573; x_wconf 88' lang='lat' dir='ltr'><strong>aqua</strong></span> <span class='ocrx_word' id='word_1_502' title='bbox 2065 3507 2386 3557; x_wconf 78' lang='lat' dir='ltr'><strong>solummodo</strong></span> <span class='ocrx_word' id='word_1_503' title='bbox 2418 3504 2712 3571; x_wconf 78' lang='lat' dir='ltr'><strong>parcissime</strong></span> <span class='ocrx_word' id='word_1_504' title='bbox 2743 3513 2993 3557; x_wconf 88' lang='lat' dir='ltr'><strong>uteretur.</strong></span> <span class='ocrx_word' id='word_1_505' title='bbox 3017 3504 3099 3564; x_wconf 84' lang='grc' dir='ltr'><strong>Τ..</strong></span> <span class='ocrx_word' id='word_1_506' title='bbox 3127 3505 3224 3556; x_wconf 88' lang='lat' dir='ltr'><strong>llic’</strong></span> <span class='ocrx_word' id='word_1_507' title='bbox 3243 3506 3403 3556; x_wconf 80' lang='lat' dir='ltr'><strong>maxi-</strong></span> 
     </span>
    </p>
   </div>
   <div class='ocr_carea' id='block_1_73' title="bbox 1912 3593 3403 3661">
    <p class='ocr_par' dir='ltr' id='par_1_73' title="bbox 1912 3593 3403 3661">
     <span class='ocr_line' id='line_1_73' title="bbox 1912 3593 3403 3661; baseline -0.003 -15"><span class='ocrx_word' id='word_1_508' title='bbox 1912 3597 2008 3646; x_wconf 86' lang='lat' dir='ltr'><strong>mis</strong></span> <span class='ocrx_word' id='word_1_509' title='bbox 2039 3595 2236 3660; x_wconf 90' lang='lat' dir='ltr'><strong>pollens</strong></span> <span class='ocrx_word' id='word_1_510' title='bbox 2264 3595 2476 3656; x_wconf 87' lang='lat' dir='ltr'><strong>meritis,</strong></span> <span class='ocrx_word' id='word_1_511' title='bbox 2509 3595 2558 3645; x_wconf 91' lang='lat' dir='ltr'><strong>in</strong></span> <span class='ocrx_word' id='word_1_512' title='bbox 2601 3593 2805 3646; x_wconf 89' lang='lat' dir='ltr'><strong>sublimi</strong></span> <span class='ocrx_word' id='word_1_513' title='bbox 2837 3594 3118 3646; x_wconf 66' lang='lat' dir='ltr'><strong>caelestium</strong></span> <span class='ocrx_word' id='word_1_514' title='bbox 3146 3593 3403 3661; x_wconf 83' lang='lat' dir='ltr'><strong>agminum</strong></span> 
     </span>
    </p>
   </div>
   <div class='ocr_carea' id='block_1_74' title="bbox 1905 3663 3453 3747">
    <p class='ocr_par' dir='ltr' id='par_1_74' title="bbox 1905 3663 3453 3747">
     <span class='ocr_line' id='line_1_74' title="bbox 1905 3663 3453 3747; baseline -0.001 -13"><span class='ocrx_word' id='word_1_515' title='bbox 1905 3685 2115 3734; x_wconf 86' lang='lat' dir='ltr'><strong>chorum</strong></span> <span class='ocrx_word' id='word_1_516' title='bbox 2136 3682 2676 3742; x_wconf 26' lang='lat' dir='ltr'><strong>animre&#39;l‘herldomiri,</strong></span> <span class='ocrx_word' id='word_1_517' title='bbox 2695 3682 2946 3747; x_wconf 84' lang='lat' dir='ltr'><strong>quondam</strong></span> <span class='ocrx_word' id='word_1_518' title='bbox 2972 3682 3286 3735; x_wconf 83' lang='lat' dir='ltr'><strong>Miciacensis</strong></span> <span class='ocrx_word' id='word_1_519' title='bbox 3311 3663 3403 3733; x_wconf 60' lang='grc' dir='ltr'><strong>δυ’·</strong></span> <span class='ocrx_word' id='word_1_520' title='bbox 3448 3715 3453 3733; x_wconf 75' lang='grc' dir='ltr'>ι</span> 
     </span>
    </p>
   </div>
   <div class='ocr_carea' id='block_1_75' title="bbox 1907 3767 3403 3834">
    <p class='ocr_par' dir='ltr' id='par_1_75' title="bbox 1907 3767 3403 3834">
     <span class='ocr_line' id='line_1_75' title="bbox 1907 3767 3403 3834; baseline -0.003 -10"><span class='ocrx_word' id='word_1_521' title='bbox 1907 3771 2036 3824; x_wconf 88' lang='lat' dir='ltr'><strong>batis</strong></span> <span class='ocrx_word' id='word_1_522' title='bbox 2065 3769 2189 3820; x_wconf 91' lang='lat' dir='ltr'><strong>vidit</strong></span> <span class='ocrx_word' id='word_1_523' title='bbox 2228 3782 2518 3830; x_wconf 81' lang='lat' dir='ltr'><strong>occurrere,</strong></span> <span class='ocrx_word' id='word_1_524' title='bbox 2547 3777 2598 3820; x_wconf 89' lang='lat' dir='ltr'><strong>et</strong></span> <span class='ocrx_word' id='word_1_525' title='bbox 2626 3782 2740 3819; x_wconf 92' lang='lat' dir='ltr'><strong>cum</strong></span> <span class='ocrx_word' id='word_1_526' title='bbox 2787 3767 2969 3834; x_wconf 83' lang='lat' dir='ltr'><strong>gaudio</strong></span> <span class='ocrx_word' id='word_1_527' title='bbox 2996 3768 3056 3817; x_wconf 88' lang='lat' dir='ltr'><strong>ad</strong></span> <span class='ocrx_word' id='word_1_528' title='bbox 3087 3767 3270 3819; x_wconf 68' lang='lat' dir='ltr'><strong>caelum</strong></span> <span class='ocrx_word' id='word_1_529' title='bbox 3314 3781 3403 3820; x_wconf 86' lang='lat' dir='ltr'><strong>ca-</strong></span> 
     </span>
    </p>
   </div>
   <div class='ocr_carea' id='block_1_76' title="bbox 1909 3854 3220 3926">
    <p class='ocr_par' dir='ltr' id='par_1_76' title="bbox 1909 3854 3220 3926">
     <span class='ocr_line' id='line_1_76' title="bbox 1909 3854 3220 3926; baseline -0.005 -14"><span class='ocrx_word' id='word_1_530' title='bbox 1909 3859 2075 3912; x_wconf 88' lang='lat' dir='ltr'><strong>neudo</strong></span> <span class='ocrx_word' id='word_1_531' title='bbox 2103 3873 2262 3926; x_wconf 89' lang='lat' dir='ltr'><strong>usque</strong></span> <span class='ocrx_word' id='word_1_532' title='bbox 2284 3857 2500 3911; x_wconf 84' lang='lat' dir='ltr'><strong>delerre.</strong></span> <span class='ocrx_word' id='word_1_533' title='bbox 2533 3858 2784 3922; x_wconf 85' lang='lat' dir='ltr'><strong>Scriptum</strong></span> <span class='ocrx_word' id='word_1_534' title='bbox 2818 3857 2867 3908; x_wconf 92' lang='lat' dir='ltr'><strong>in</strong></span> <span class='ocrx_word' id='word_1_535' title='bbox 2897 3854 3065 3908; x_wconf 88' lang='lat' dir='ltr'><strong>Gestis</strong></span> <span class='ocrx_word' id='word_1_536' title='bbox 3091 3855 3220 3921; x_wconf 87' lang='lat' dir='ltr'><strong>ejus.</strong></span> 
     </span>
    </p>
   </div>
   <div class='ocr_carea' id='block_1_77' title="bbox 1618 3945 2072 4003">
    <p class='ocr_par' dir='ltr' id='par_1_77' title="bbox 1618 3945 2072 4003">
     <span class='ocr_line' id='line_1_77' title="bbox 1618 3945 2072 4003; baseline -0.009 -1"><span class='ocrx_word' id='word_1_537' title='bbox 1618 3949 1814 4003; x_wconf 74' lang='lat' dir='ltr'><strong>SMITII</strong></span> <span class='ocrx_word' id='word_1_538' title='bbox 1854 3945 2072 4000; x_wconf 70' lang='lat' dir='ltr'><strong>NO&#39;I‘E.</strong></span> 
     </span>
    </p>
   </div>
   <div class='ocr_carea' id='block_1_78' title="bbox 307 4031 1800 4101">
    <p class='ocr_par' dir='ltr' id='par_1_78' title="bbox 307 4031 1800 4101">
     <span class='ocr_line' id='line_1_78' title="bbox 307 4031 1800 4101; baseline 0.002 -16"><span class='ocrx_word' id='word_1_539' title='bbox 307 4035 444 4098; x_wconf 78' lang='lat' dir='ltr'><strong>vius,</strong></span> <span class='ocrx_word' id='word_1_540' title='bbox 491 4031 714 4095; x_wconf 86' lang='lat' dir='ltr'><strong>Primus,</strong></span> <span class='ocrx_word' id='word_1_541' title='bbox 761 4032 956 4101; x_wconf 89' lang='lat' dir='ltr'><strong>Ulpius,</strong></span> <span class='ocrx_word' id='word_1_542' title='bbox 999 4034 1200 4097; x_wconf 81' lang='lat' dir='ltr'><strong>Vitalis,</strong></span> <span class='ocrx_word' id='word_1_543' title='bbox 1243 4037 1518 4097; x_wconf 88' lang='lat' dir='ltr'><strong>Cominus,</strong></span> <span class='ocrx_word' id='word_1_544' title='bbox 1562 4035 1800 4096; x_wconf 85' lang='lat' dir='ltr'><strong>October.</strong></span> 
     </span>
    </p>
   </div>
   <div class='ocr_carea' id='block_1_79' title="bbox 310 4101 1800 4166">
    <p class='ocr_par' dir='ltr' id='par_1_79' title="bbox 310 4101 1800 4166">
     <span class='ocr_line' id='line_1_79' title="bbox 310 4101 1800 4166; baseline -0.001 -14"><span class='ocrx_word' id='word_1_545' title='bbox 310 4101 646 4163; x_wconf 86' lang='lat' dir='ltr'><strong>Philuminus,</strong></span> <span class='ocrx_word' id='word_1_546' title='bbox 677 4101 940 4163; x_wconf 85' lang='lat' dir='ltr'><strong>Geminos,</strong></span> <span class='ocrx_word' id='word_1_547' title='bbox 970 4102 1121 4166; x_wconf 87' lang='lat' dir='ltr'><strong>Julia,</strong></span> <span class='ocrx_word' id='word_1_548' title='bbox 1155 4105 1352 4162; x_wconf 82' lang='lat' dir='ltr'><strong>Albina.</strong></span> <span class='ocrx_word' id='word_1_549' title='bbox 1381 4103 1557 4162; x_wconf 78' lang='lat' dir='ltr'><strong>Grata.-</strong></span> <span class='ocrx_word' id='word_1_550' title='bbox 1590 4105 1800 4166; x_wconf 80' lang='lat' dir='ltr'><strong>Rogata,</strong></span> 
     </span>
    </p>
   </div>
   <div class='ocr_carea' id='block_1_80' title="bbox 309 4167 1803 4234">
    <p class='ocr_par' dir='ltr' id='par_1_80' title="bbox 309 4167 1803 4234">
     <span class='ocr_line' id='line_1_80' title="bbox 309 4167 1803 4234; baseline -0.001 -12"><span class='ocrx_word' id='word_1_551' title='bbox 309 4167 539 4229; x_wconf 68' lang='lat' dir='ltr'><strong>Emilia,</strong></span> <span class='ocrx_word' id='word_1_552' title='bbox 580 4169 825 4228; x_wconf 83' lang='lat' dir='ltr'><strong>Potamia,</strong></span> <span class='ocrx_word' id='word_1_553' title='bbox 861 4170 1114 4234; x_wconf 80' lang='lat' dir='ltr'><strong>Pompeia,</strong></span> <span class='ocrx_word' id='word_1_554' title='bbox 1145 4171 1404 4230; x_wconf 76' lang='lat' dir='ltr'><strong>Rhodana,</strong></span> <span class='ocrx_word' id='word_1_555' title='bbox 1440 4173 1611 4232; x_wconf 70' lang='lat' dir='ltr'><strong>liiblis,</strong></span> <span class='ocrx_word' id='word_1_556' title='bbox 1639 4174 1803 4233; x_wconf 76' lang='lat' dir='ltr'><strong>Quar-</strong></span> 
     </span>
    </p>
   </div>
   <div class='ocr_carea' id='block_1_81' title="bbox 311 4235 1800 4302">
    <p class='ocr_par' dir='ltr' id='par_1_81' title="bbox 311 4235 1800 4302">
     <span class='ocr_line' id='line_1_81' title="bbox 311 4235 1800 4302; baseline 0 -15"><span class='ocrx_word' id='word_1_557' title='bbox 311 4238 402 4296; x_wconf 81' lang='lat' dir='ltr'><strong>tia,</strong></span> <span class='ocrx_word' id='word_1_558' title='bbox 429 4235 676 4294; x_wconf 77' lang='lat' dir='ltr'><strong>Materna,</strong></span> <span class='ocrx_word' id='word_1_559' title='bbox 705 4235 889 4302; x_wconf 82' lang='lat' dir='ltr'><strong>Helpes</strong></span> <span class='ocrx_word' id='word_1_560' title='bbox 915 4251 1027 4301; x_wconf 70' lang='lat' dir='ltr'><strong>qua:</strong></span> <span class='ocrx_word' id='word_1_561' title='bbox 1068 4247 1118 4288; x_wconf 78' lang='lat' dir='ltr'><strong>et</strong></span> <span class='ocrx_word' id='word_1_562' title='bbox 1159 4239 1366 4289; x_wconf 80' lang='lat' dir='ltr'><strong>Amnas.</strong></span> <span class='ocrx_word' id='word_1_563' title='bbox 1407 4238 1465 4289; x_wconf 88' lang='lat' dir='ltr'><strong>Hi</strong></span> <span class='ocrx_word' id='word_1_564' title='bbox 1489 4248 1606 4290; x_wconf 87' lang='lat' dir='ltr'><strong>sunt</strong></span> <span class='ocrx_word' id='word_1_565' title='bbox 1634 4250 1800 4288; x_wconf 86' lang='lat' dir='ltr'><strong>autem</strong></span> 
     </span>
    </p>
   </div>
   <div class='ocr_carea' id='block_1_82' title="bbox 309 4302 1800 4368">
    <p class='ocr_par' dir='ltr' id='par_1_82' title="bbox 309 4302 1800 4368">
     <span class='ocr_line' id='line_1_82' title="bbox 309 4302 1800 4368; baseline 0.004 -19"><span class='ocrx_word' id='word_1_566' title='bbox 309 4303 398 4368; x_wconf 83' lang='lat' dir='ltr'><strong>qui</strong></span> <span class='ocrx_word' id='word_1_567' title='bbox 433 4302 607 4355; x_wconf 85' lang='lat' dir='ltr'><strong>bestiis</strong></span> <span class='ocrx_word' id='word_1_568' title='bbox 647 4302 813 4354; x_wconf 86' lang='lat' dir='ltr'><strong>traditi</strong></span> <span class='ocrx_word' id='word_1_569' title='bbox 844 4314 958 4354; x_wconf 87' lang='lat' dir='ltr'><strong>sunt</strong></span> <span class='ocrx_word' id='word_1_570' title='bbox 986 4321 997 4354; x_wconf 95' lang='lat'>:</span> <span class='ocrx_word' id='word_1_571' title='bbox 1029 4304 1264 4365; x_wconf 82' lang='lat' dir='ltr'><strong>Sanctus,</strong></span> <span class='ocrx_word' id='word_1_572' title='bbox 1296 4306 1539 4366; x_wconf 76' lang='lat' dir='ltr'><strong>Maturus,</strong></span> <span class='ocrx_word' id='word_1_573' title='bbox 1582 4309 1800 4364; x_wconf 79' lang='lat' dir='ltr'><strong>Attalus,</strong></span> 
     </span>
    </p>
   </div>
   <div class='ocr_carea' id='block_1_83' title="bbox 314 4371 1804 4432">
    <p class='ocr_par' dir='ltr' id='par_1_83' title="bbox 314 4371 1804 4432">
     <span class='ocr_line' id='line_1_83' title="bbox 314 4371 1804 4432; baseline 0.001 -12"><span class='ocrx_word' id='word_1_574' title='bbox 314 4371 628 4428; x_wconf 75' lang='lat' dir='ltr'><strong>Alexander.</strong></span> <span class='ocrx_word' id='word_1_575' title='bbox 661 4372 920 4432; x_wconf 79' lang='lat' dir='ltr'><strong>Ponticus,</strong></span> <span class='ocrx_word' id='word_1_576' title='bbox 959 4371 1220 4422; x_wconf 84' lang='lat' dir='ltr'><strong>Blandina.</strong></span> <span class='ocrx_word' id='word_1_577' title='bbox 1255 4372 1312 4422; x_wconf 87' lang='lat' dir='ltr'><strong>Hi</strong></span> <span class='ocrx_word' id='word_1_578' title='bbox 1346 4388 1464 4423; x_wconf 84' lang='lat' dir='ltr'><strong>vero</strong></span> <span class='ocrx_word' id='word_1_579' title='bbox 1506 4374 1553 4422; x_wconf 92' lang='lat' dir='ltr'><strong>in</strong></span> <span class='ocrx_word' id='word_1_580' title='bbox 1598 4385 1804 4423; x_wconf 79' lang='lat' dir='ltr'><strong>earcere</strong></span> 
     </span>
    </p>
   </div>
   <div class='ocr_carea' id='block_1_84' title="bbox 311 4436 1809 4503">
    <p class='ocr_par' dir='ltr' id='par_1_84' title="bbox 311 4436 1809 4503">
     <span class='ocr_line' id='line_1_84' title="bbox 311 4436 1809 4503; baseline 0.001 -15"><span class='ocrx_word' id='word_1_581' title='bbox 311 4436 548 4503; x_wconf 88' lang='lat' dir='ltr'><strong>spiritum</strong></span> <span class='ocrx_word' id='word_1_582' title='bbox 589 4437 962 4490; x_wconf 88' lang='lat' dir='ltr'><strong>reddiderunt:</strong></span> <span class='ocrx_word' id='word_1_583' title='bbox 993 4441 1274 4492; x_wconf 58' lang='lat' dir='ltr'><strong>Aristaaus.</strong></span> <span class='ocrx_word' id='word_1_584' title='bbox 1323 4437 1614 4503; x_wconf 87' lang='lat' dir='ltr'><strong>Cornelios,</strong></span> <span class='ocrx_word' id='word_1_585' title='bbox 1661 4438 1809 4490; x_wconf 84' lang='lat' dir='ltr'><strong>Zosi-</strong></span> 
     </span>
    </p>
   </div>
   <div class='ocr_carea' id='block_1_85' title="bbox 315 4502 1809 4572">
    <p class='ocr_par' dir='ltr' id='par_1_85' title="bbox 315 4502 1809 4572">
     <span class='ocr_line' id='line_1_85' title="bbox 315 4502 1809 4572; baseline 0.001 -18"><span class='ocrx_word' id='word_1_586' title='bbox 315 4517 449 4565; x_wconf 86' lang='lat' dir='ltr'><strong>tnus,</strong></span> <span class='ocrx_word' id='word_1_587' title='bbox 488 4502 656 4572; x_wconf 51' lang='lat' dir='ltr'><strong>:l&#39;itus,</strong></span> <span class='ocrx_word' id='word_1_588' title='bbox 697 4505 879 4567; x_wconf 82' lang='lat' dir='ltr'><strong>Julius,</strong></span> <span class='ocrx_word' id='word_1_589' title='bbox 909 4504 1135 4572; x_wconf 83' lang='lat' dir='ltr'><strong>Zoticus,</strong></span> <span class='ocrx_word' id='word_1_590' title='bbox 1162 4507 1478 4572; x_wconf 82' lang='lat' dir='ltr'><strong>Apollonius,</strong></span> <span class='ocrx_word' id='word_1_591' title='bbox 1527 4502 1809 4557; x_wconf 81' lang='lat' dir='ltr'><strong>Germinia-</strong></span> 
     </span>
    </p>
   </div>
   <div class='ocr_carea' id='block_1_86' title="bbox 316 4570 1808 4637">
    <p class='ocr_par' dir='ltr' id='par_1_86' title="bbox 316 4570 1808 4637">
     <span class='ocr_line' id='line_1_86' title="bbox 316 4570 1808 4637; baseline 0.001 -17"><span class='ocrx_word' id='word_1_592' title='bbox 316 4585 432 4630; x_wconf 89' lang='lat' dir='ltr'><strong>nus,</strong></span> <span class='ocrx_word' id='word_1_593' title='bbox 479 4570 940 4637; x_wconf 44' lang='lat' dir='ltr'><strong>JuliahAusonia,</strong></span> <span class='ocrx_word' id='word_1_594' title='bbox 986 4570 1220 4636; x_wconf 54' lang='lat' dir='ltr'><strong>IEntilia,</strong></span> <span class='ocrx_word' id='word_1_595' title='bbox 1258 4573 1504 4633; x_wconf 82' lang='lat' dir='ltr'><strong>Jamnica,</strong></span> <span class='ocrx_word' id='word_1_596' title='bbox 1554 4573 1808 4637; x_wconf 75' lang='lat' dir='ltr'><strong>Pompeia,</strong></span> 
     </span>
    </p>
   </div>
   <div class='ocr_carea' id='block_1_87' title="bbox 317 4636 1811 4705">
    <p class='ocr_par' dir='ltr' id='par_1_87' title="bbox 317 4636 1811 4705">
     <span class='ocr_line' id='line_1_87' title="bbox 317 4636 1811 4705; baseline 0 -17"><span class='ocrx_word' id='word_1_597' title='bbox 317 4637 533 4698; x_wconf 62' lang='lat' dir='ltr'><strong>Domita,</strong></span> <span class='ocrx_word' id='word_1_598' title='bbox 559 4636 720 4698; x_wconf 54' lang='lat' dir='ltr'><strong>lum,</strong></span> <span class='ocrx_word' id='word_1_599' title='bbox 770 4637 1065 4702; x_wconf 79' lang='lat' dir='ltr'><strong>Trepltima,</strong></span> <span class='ocrx_word' id='word_1_600' title='bbox 1098 4643 1332 4692; x_wconf 79' lang='lat' dir='ltr'><strong>Antonia.</strong></span> <span class='ocrx_word' id='word_1_601' title='bbox 1366 4639 1608 4705; x_wconf 62' lang='lat' dir='ltr'><strong>Reliquiae</strong></span> <span class='ocrx_word' id='word_1_602' title='bbox 1636 4636 1811 4700; x_wconf 82' lang='lat' dir='ltr'><strong>aper-</strong></span> 
     </span>
    </p>
   </div>
   <div class='ocr_carea' id='block_1_88' title="bbox 314 4705 1812 4765">
    <p class='ocr_par' dir='ltr' id='par_1_88' title="bbox 314 4705 1812 4765">
     <span class='ocr_line' id='line_1_88' title="bbox 314 4705 1812 4765; baseline -0.001 -7"><span class='ocrx_word' id='word_1_603' title='bbox 314 4705 634 4758; x_wconf 80' lang='lat' dir='ltr'><strong>secutoribus</strong></span> <span class='ocrx_word' id='word_1_604' title='bbox 662 4706 882 4758; x_wconf 68' lang='lat' dir='ltr'><strong>incensaa</strong></span> <span class='ocrx_word' id='word_1_605' title='bbox 920 4716 1055 4765; x_wconf 87' lang='lat' dir='ltr'><strong>sunt,</strong></span> <span class='ocrx_word' id='word_1_606' title='bbox 1087 4719 1136 4757; x_wconf 91' lang='lat' dir='ltr'><strong>et</strong></span> <span class='ocrx_word' id='word_1_607' title='bbox 1176 4708 1224 4756; x_wconf 92' lang='lat' dir='ltr'><strong>in</strong></span> <span class='ocrx_word' id='word_1_608' title='bbox 1267 4707 1566 4758; x_wconf 79' lang='lat' dir='ltr'><strong>Rhodanum</strong></span> <span class='ocrx_word' id='word_1_609' title='bbox 1602 4706 1812 4758; x_wconf 84' lang='lat' dir='ltr'><strong>ﬂuvium</strong></span> 
     </span>
    </p>
   </div>
   <div class='ocr_carea' id='block_1_89' title="bbox 317 4771 1813 4840">
    <p class='ocr_par' dir='ltr' id='par_1_89' title="bbox 317 4771 1813 4840">
     <span class='ocr_line' id='line_1_89' title="bbox 317 4771 1813 4840; baseline -0.001 -17"><span class='ocrx_word' id='word_1_610' title='bbox 317 4772 586 4836; x_wconf 57' lang='lat' dir='ltr'><strong>dispersas.</strong></span> <span class='ocrx_word' id='word_1_611' title='bbox 629 4771 726 4824; x_wconf 90' lang='lat' dir='ltr'><strong>Se-l</strong></span> <span class='ocrx_word' id='word_1_612' title='bbox 755 4774 865 4824; x_wconf 88' lang='lat' dir='ltr'><strong>loco</strong></span> <span class='ocrx_word' id='word_1_613' title='bbox 891 4789 990 4840; x_wconf 89' lang='lat' dir='ltr'><strong>quo</strong></span> <span class='ocrx_word' id='word_1_614' title='bbox 1020 4774 1297 4825; x_wconf 72' lang='lat' dir='ltr'><strong>combusta:</strong></span> <span class='ocrx_word' id='word_1_615' title='bbox 1323 4787 1461 4837; x_wconf 71' lang='lat' dir='ltr'><strong>sunt,</strong></span> <span class='ocrx_word' id='word_1_616' title='bbox 1491 4779 1689 4826; x_wconf 73' lang='lat' dir='ltr'><strong>cineres</strong></span> <span class='ocrx_word' id='word_1_617' title='bbox 1711 4777 1813 4826; x_wconf 78' lang='lat' dir='ltr'><strong>col-</strong></span> 
     </span>
    </p>
   </div>
   <div class='ocr_carea' id='block_1_90' title="bbox 320 4840 1819 4907">
    <p class='ocr_par' dir='ltr' id='par_1_90' title="bbox 320 4840 1819 4907">
     <span class='ocr_line' id='line_1_90' title="bbox 320 4840 1819 4907; baseline -0.001 -15"><span class='ocrx_word' id='word_1_618' title='bbox 320 4841 572 4906; x_wconf 81' lang='lat' dir='ltr'><strong>legerunt,</strong></span> <span class='ocrx_word' id='word_1_619' title='bbox 612 4851 664 4892; x_wconf 89' lang='lat' dir='ltr'><strong>et</strong></span> <span class='ocrx_word' id='word_1_620' title='bbox 706 4845 798 4892; x_wconf 86' lang='lat' dir='ltr'><strong>sub</strong></span> <span class='ocrx_word' id='word_1_621' title='bbox 838 4844 983 4892; x_wconf 83' lang='lat' dir='ltr'><strong>altari</strong></span> <span class='ocrx_word' id='word_1_622' title='bbox 1031 4840 1384 4893; x_wconf 82' lang='lat' dir='ltr'><strong>condiderunt.</strong></span> <span class='ocrx_word' id='word_1_623' title='bbox 1417 4843 1578 4893; x_wconf 89' lang='lat' dir='ltr'><strong>Locus</strong></span> <span class='ocrx_word' id='word_1_624' title='bbox 1620 4843 1668 4891; x_wconf 91' lang='lat' dir='ltr'><strong>in</strong></span> <span class='ocrx_word' id='word_1_625' title='bbox 1719 4856 1819 4907; x_wconf 90' lang='lat' dir='ltr'><strong>quo</strong></span> 
     </span>
    </p>
   </div>
   <div class='ocr_carea' id='block_1_91' title="bbox 321 4908 1823 4974">
    <p class='ocr_par' dir='ltr' id='par_1_91' title="bbox 321 4908 1823 4974">
     <span class='ocr_line' id='line_1_91' title="bbox 321 4908 1823 4974; baseline 0.001 -16"><span class='ocrx_word' id='word_1_626' title='bbox 321 4908 454 4973; x_wconf 64' lang='lat' dir='ltr'><strong>passi</strong></span> <span class='ocrx_word' id='word_1_627' title='bbox 484 4915 605 4958; x_wconf 88' lang='lat' dir='ltr'><strong>sunt</strong></span> <span class='ocrx_word' id='word_1_628' title='bbox 642 4909 938 4960; x_wconf 80' lang='lat' dir='ltr'><strong>Athanacho</strong></span> <span class='ocrx_word' id='word_1_629' title='bbox 965 4917 1304 4974; x_wconf 88' lang='lat' dir='ltr'><strong>nuncupatur,</strong></span> <span class='ocrx_word' id='word_1_630' title='bbox 1339 4910 1555 4974; x_wconf 66' lang='lat' dir='ltr'><strong>lileoiluu</strong></span> <span class='ocrx_word' id='word_1_631' title='bbox 1584 4909 1823 4959; x_wconf 88' lang='lat' dir='ltr'><strong>dicuntur</strong></span> 
     </span>
    </p>
   </div>
   <div class='ocr_carea' id='block_1_92' title="bbox 320 4975 994 5029">
    <p class='ocr_par' dir='ltr' id='par_1_92' title="bbox 320 4975 994 5029">
     <span class='ocr_line' id='line_1_92' title="bbox 320 4975 994 5029; baseline 0.004 -3"><span class='ocrx_word' id='word_1_632' title='bbox 320 4982 571 5029; x_wconf 71' lang='lat' dir='ltr'><strong>martyres</strong></span> <span class='ocrx_word' id='word_1_633' title='bbox 596 4975 994 5029; x_wconf 80' lang='lat' dir='ltr'><strong>Athanarenses.</strong></span> 
     </span>
    </p>
   </div>
   <div class='ocr_carea' id='block_1_93' title="bbox 389 5041 1789 5110">
    <p class='ocr_par' dir='ltr' id='par_1_93' title="bbox 389 5041 1789 5110">
     <span class='ocr_line' id='line_1_93' title="bbox 389 5041 1789 5110; baseline 0.001 -17"><span class='ocrx_word' id='word_1_634' title='bbox 389 5048 415 5110; x_wconf 54' lang='grc' dir='ltr'>ξ</span> <span class='ocrx_word' id='word_1_635' title='bbox 456 5041 618 5110; x_wconf 59' lang='lat' dir='ltr'><strong>Yerba</strong></span> <span class='ocrx_word' id='word_1_636' title='bbox 647 5044 943 5110; x_wconf 55' lang='lat' dir='ltr'><strong>etsecunda,</strong></span> <span class='ocrx_word' id='word_1_637' title='bbox 974 5053 1095 5108; x_wconf 92' lang='lat' dir='ltr'><strong>etc.,</strong></span> <span class='ocrx_word' id='word_1_638' title='bbox 1125 5057 1280 5110; x_wconf 80' lang='lat' dir='ltr'><strong>usque</strong></span> <span class='ocrx_word' id='word_1_639' title='bbox 1304 5042 1367 5094; x_wconf 90' lang='lat' dir='ltr'><strong>ad</strong></span> <span class='ocrx_word' id='word_1_640' title='bbox 1397 5052 1568 5110; x_wconf 84' lang='lat' dir='ltr'><strong>quarto</strong></span> <span class='ocrx_word' id='word_1_641' title='bbox 1595 5058 1698 5095; x_wconf 88' lang='lat' dir='ltr'><strong>oin.</strong></span> <span class='ocrx_word' id='word_1_642' title='bbox 1733 5043 1789 5094; x_wconf 85' lang='lat' dir='ltr'><strong>L.</strong></span> 
     </span>
    </p>
   </div>
   <div class='ocr_carea' id='block_1_94' title="bbox 390 5107 824 5162">
    <p class='ocr_par' dir='ltr' id='par_1_94' title="bbox 390 5107 824 5162">
     <span class='ocr_line' id='line_1_94' title="bbox 390 5107 824 5162; baseline 0 -2"><span class='ocrx_word' id='word_1_643' title='bbox 390 5107 417 5144; x_wconf 77' lang='grc'><strong>¹⁵</strong></span> <span class='ocrx_word' id='word_1_644' title='bbox 457 5109 621 5162; x_wconf 78' lang='lat' dir='ltr'><strong>Verba</strong></span> <span class='ocrx_word' id='word_1_645' title='bbox 663 5107 824 5162; x_wconf 81' lang='lat' dir='ltr'><strong>Tertio</strong></span> 
     </span>
    </p>
   </div>
   <div class='ocr_carea' id='block_1_95' title="bbox 326 5174 669 5230">
    <p class='ocr_par' dir='ltr' id='par_1_95' title="bbox 326 5174 669 5230">
     <span class='ocr_line' id='line_1_95' title="bbox 326 5174 669 5230; baseline -0.006 0"><span class='ocrx_word' id='word_1_646' title='bbox 326 5174 456 5230; x_wconf 75' lang='lat' dir='ltr'><strong>Vero</strong></span> <span class='ocrx_word' id='word_1_647' title='bbox 479 5191 583 5227; x_wconf 89' lang='lat' dir='ltr'><strong>om.</strong></span> <span class='ocrx_word' id='word_1_648' title='bbox 607 5181 669 5228; x_wconf 80' lang='grc' dir='ltr'><strong>Α.</strong></span> 
     </span>
    </p>
   </div>
   <div class='ocr_carea' id='block_1_96' title="bbox 396 5238 1859 5310">
    <p class='ocr_par' dir='ltr' id='par_1_96' title="bbox 396 5238 1859 5310">
     <span class='ocr_line' id='line_1_96' title="bbox 396 5238 1859 5310; baseline 0.001 -15"><span class='ocrx_word' id='word_1_649' title='bbox 396 5252 418 5280; x_wconf 71' lang='grc' dir='ltr'><strong><em>ο</em></strong></span> <span class='ocrx_word' id='word_1_650' title='bbox 457 5242 671 5296; x_wconf 76' lang='lat' dir='ltr'><strong>Erasini.</strong></span> <span class='ocrx_word' id='word_1_651' title='bbox 694 5243 746 5296; x_wconf 89' lang='lat' dir='ltr'><strong>In</strong></span> <span class='ocrx_word' id='word_1_652' title='bbox 768 5241 1043 5310; x_wconf 87' lang='lat' dir='ltr'><strong>Campania</strong></span> <span class='ocrx_word' id='word_1_653' title='bbox 1073 5244 1227 5309; x_wconf 80' lang='lat' dir='ltr'><strong>passi.</strong></span> <span class='ocrx_word' id='word_1_654' title='bbox 1250 5245 1345 5308; x_wconf 82' lang='lat' dir='ltr'><strong>Qui</strong></span> <span class='ocrx_word' id='word_1_655' title='bbox 1368 5247 1417 5296; x_wconf 91' lang='lat' dir='ltr'><strong>in</strong></span> <span class='ocrx_word' id='word_1_656' title='bbox 1446 5245 1638 5297; x_wconf 84' lang='lat' dir='ltr'><strong>Libano</strong></span> <span class='ocrx_word' id='word_1_657' title='bbox 1659 5255 1831 5297; x_wconf 83' lang='lat' dir='ltr'><strong>monte</strong></span> <span class='ocrx_word' id='word_1_658' title='bbox 1856 5238 1859 5241; x_wconf 73' lang='grc'><strong>’</strong></span> 
     </span>
    </p>
   </div>
   <div class='ocr_carea' id='block_1_97' title="bbox 326 5313 1829 5377">
    <p class='ocr_par' dir='ltr' id='par_1_97' title="bbox 326 5313 1829 5377">
     <span class='ocr_line' id='line_1_97' title="bbox 326 5313 1829 5377; baseline 0.001 -15"><span class='ocrx_word' id='word_1_659' title='bbox 326 5326 418 5373; x_wconf 85' lang='lat' dir='ltr'><strong>per</strong></span> <span class='ocrx_word' id='word_1_660' title='bbox 443 5321 637 5377; x_wconf 87' lang='lat' dir='ltr'><strong>septem</strong></span> <span class='ocrx_word' id='word_1_661' title='bbox 664 5325 825 5364; x_wconf 87' lang='lat' dir='ltr'><strong>annos</strong></span> <span class='ocrx_word' id='word_1_662' title='bbox 849 5315 1018 5377; x_wconf 83' lang='lat' dir='ltr'><strong>degit;</strong></span> <span class='ocrx_word' id='word_1_663' title='bbox 1046 5313 1134 5363; x_wconf 88' lang='lat' dir='ltr'><strong>sed</strong></span> <span class='ocrx_word' id='word_1_664' title='bbox 1163 5314 1485 5376; x_wconf 81' lang='lat' dir='ltr'><strong>postmodum</strong></span> <span class='ocrx_word' id='word_1_665' title='bbox 1507 5314 1653 5376; x_wconf 86' lang='lat' dir='ltr'><strong>jussu</strong></span> <span class='ocrx_word' id='word_1_666' title='bbox 1687 5313 1829 5375; x_wconf 87' lang='lat' dir='ltr'><strong>impii</strong></span> 
     </span>
    </p>
   </div>
   <div class='ocr_carea' id='block_1_98' title="bbox 329 5378 1830 5442">
    <p class='ocr_par' dir='ltr' id='par_1_98' title="bbox 329 5378 1830 5442">
     <span class='ocr_line' id='line_1_98' title="bbox 329 5378 1830 5442; baseline 0.001 -12"><span class='ocrx_word' id='word_1_667' title='bbox 329 5378 626 5431; x_wconf 86' lang='lat' dir='ltr'><strong>Diocletiani</strong></span> <span class='ocrx_word' id='word_1_668' title='bbox 659 5381 820 5440; x_wconf 87' lang='lat' dir='ltr'><strong>primo</strong></span> <span class='ocrx_word' id='word_1_669' title='bbox 843 5381 1116 5442; x_wconf 82' lang='lat' dir='ltr'><strong>plumbatis</strong></span> <span class='ocrx_word' id='word_1_670' title='bbox 1139 5381 1415 5431; x_wconf 89' lang='lat' dir='ltr'><strong>crudeliter</strong></span> <span class='ocrx_word' id='word_1_671' title='bbox 1433 5395 1616 5441; x_wconf 58' lang='lat' dir='ltr'><strong>caesus,</strong></span> <span class='ocrx_word' id='word_1_672' title='bbox 1641 5379 1830 5431; x_wconf 86' lang='lat' dir='ltr'><strong>deinde</strong></span> 
     </span>
    </p>
   </div>
   <div class='ocr_carea' id='block_1_99' title="bbox 327 5446 1826 5511">
    <p class='ocr_par' dir='ltr' id='par_1_99' title="bbox 327 5446 1826 5511">
     <span class='ocr_line' id='line_1_99' title="bbox 327 5446 1826 5511; baseline 0.002 -15"><span class='ocrx_word' id='word_1_673' title='bbox 327 5446 548 5498; x_wconf 76' lang='lat' dir='ltr'><strong>fustibus</strong></span> <span class='ocrx_word' id='word_1_674' title='bbox 574 5447 861 5499; x_wconf 74' lang='lat' dir='ltr'><strong>diutiSsime</strong></span> <span class='ocrx_word' id='word_1_675' title='bbox 890 5457 1138 5500; x_wconf 86' lang='lat' dir='ltr'><strong>mactatus</strong></span> <span class='ocrx_word' id='word_1_676' title='bbox 1163 5462 1176 5509; x_wconf 91' lang='lat'><strong>;</strong></span> <span class='ocrx_word' id='word_1_677' title='bbox 1204 5457 1320 5511; x_wconf 87' lang='lat' dir='ltr'><strong>post</strong></span> <span class='ocrx_word' id='word_1_678' title='bbox 1343 5449 1529 5508; x_wconf 89' lang='lat' dir='ltr'><strong>resina,</strong></span> <span class='ocrx_word' id='word_1_679' title='bbox 1564 5449 1826 5510; x_wconf 85' lang='lat' dir='ltr'><strong>sulphure.</strong></span> 
     </span>
    </p>
   </div>
   <div class='ocr_carea' id='block_1_100' title="bbox 325 5513 1828 5583">
    <p class='ocr_par' dir='ltr' id='par_1_100' title="bbox 325 5513 1828 5583">
     <span class='ocr_line' id='line_1_100' title="bbox 325 5513 1828 5583; baseline 0.001 -18"><span class='ocrx_word' id='word_1_680' title='bbox 325 5513 554 5583; x_wconf 85' lang='lat' dir='ltr'><strong>plumbo,</strong></span> <span class='ocrx_word' id='word_1_681' title='bbox 581 5513 709 5580; x_wconf 89' lang='lat' dir='ltr'><strong>pice,</strong></span> <span class='ocrx_word' id='word_1_682' title='bbox 748 5527 864 5568; x_wconf 85' lang='lat' dir='ltr'><strong>cera</strong></span> <span class='ocrx_word' id='word_1_683' title='bbox 892 5517 1108 5583; x_wconf 87' lang='lat' dir='ltr'><strong>oleoque</strong></span> <span class='ocrx_word' id='word_1_684' title='bbox 1136 5515 1318 5568; x_wconf 87' lang='lat' dir='ltr'><strong>solutis</strong></span> <span class='ocrx_word' id='word_1_685' title='bbox 1344 5516 1599 5581; x_wconf 79' lang='lat' dir='ltr'><strong>perfusus,</strong></span> <span class='ocrx_word' id='word_1_686' title='bbox 1637 5517 1828 5582; x_wconf 85' lang='lat' dir='ltr'><strong>ingenti</strong></span> 
     </span>
    </p>
   </div>
   <div class='ocr_carea' id='block_1_101' title="bbox 867 5113 1829 5201">
    <p class='ocr_par' dir='ltr' id='par_1_101' title="bbox 867 5113 1829 5201">
     <span class='ocr_line' id='line_1_101' title="bbox 867 5113 1829 5201; baseline 0.002 -41"><span class='ocrx_word' id='word_1_687' title='bbox 867 5126 1075 5176; x_wconf 83' lang='lat' dir='ltr'><strong>quoque,</strong></span> <span class='ocrx_word' id='word_1_688' title='bbox 1118 5123 1241 5174; x_wconf 86' lang='lat' dir='ltr'><strong>etc.,</strong></span> <span class='ocrx_word' id='word_1_689' title='bbox 1274 5125 1430 5176; x_wconf 84' lang='lat' dir='ltr'><strong>usque</strong></span> <span class='ocrx_word' id='word_1_690' title='bbox 1476 5113 1538 5161; x_wconf 86' lang='lat' dir='ltr'><strong>ad</strong></span> <span class='ocrx_word' id='word_1_691' title='bbox 1583 5113 1829 5201; x_wconf 57' lang='lat' dir='ltr'><strong>Anto&#39;nino</strong></span> 
     </span>
    </p>
   </div>
   <div class='ocr_carea' id='block_1_102' title="bbox 1904 4033 3401 4098">
    <p class='ocr_par' dir='ltr' id='par_1_102' title="bbox 1904 4033 3401 4098">
     <span class='ocr_line' id='line_1_102' title="bbox 1904 4033 3401 4098; baseline -0.001 -12"><span class='ocrx_word' id='word_1_692' title='bbox 1904 4034 2147 4086; x_wconf 84' lang='lat' dir='ltr'><strong>miraculo</strong></span> <span class='ocrx_word' id='word_1_693' title='bbox 2175 4033 2362 4086; x_wconf 70' lang='lat' dir='ltr'><strong>illtesus</strong></span> <span class='ocrx_word' id='word_1_694' title='bbox 2387 4034 2634 4097; x_wconf 87' lang='lat' dir='ltr'><strong>apparuit.</strong></span> <span class='ocrx_word' id='word_1_695' title='bbox 2661 4033 2802 4097; x_wconf 88' lang='lat' dir='ltr'><strong>Quod</strong></span> <span class='ocrx_word' id='word_1_696' title='bbox 2831 4047 2946 4086; x_wconf 89' lang='lat' dir='ltr'><strong>cum</strong></span> <span class='ocrx_word' id='word_1_697' title='bbox 2977 4035 3117 4085; x_wconf 89' lang='lat' dir='ltr'><strong>mulli</strong></span> <span class='ocrx_word' id='word_1_698' title='bbox 3139 4036 3401 4098; x_wconf 76' lang='lat' dir='ltr'><strong>viderent,</strong></span> 
     </span>
    </p>
   </div>
   <div class='ocr_carea' id='block_1_103' title="bbox 1906 4102 3399 4166">
    <p class='ocr_par' dir='ltr' id='par_1_103' title="bbox 1906 4102 3399 4166">
     <span class='ocr_line' id='line_1_103' title="bbox 1906 4102 3399 4166; baseline 0.002 -14"><span class='ocrx_word' id='word_1_699' title='bbox 1906 4102 2056 4153; x_wconf 82' lang='lat' dir='ltr'><strong>tidem</strong></span> <span class='ocrx_word' id='word_1_700' title='bbox 2094 4102 2282 4152; x_wconf 83' lang='lat' dir='ltr'><strong>Christi</strong></span> <span class='ocrx_word' id='word_1_701' title='bbox 2311 4103 2658 4166; x_wconf 80' lang='lat' dir='ltr'><strong>susceperunt.</strong></span> <span class='ocrx_word' id='word_1_702' title='bbox 2707 4102 2825 4150; x_wconf 81' lang='lat' dir='ltr'><strong>lude</strong></span> <span class='ocrx_word' id='word_1_703' title='bbox 2875 4103 3123 4152; x_wconf 60' lang='lat' dir='ltr'><strong>immenso</strong></span> <span class='ocrx_word' id='word_1_704' title='bbox 3173 4104 3399 4166; x_wconf 87' lang='lat' dir='ltr'><strong>pondere</strong></span> 
     </span>
    </p>
   </div>
   <div class='ocr_carea' id='block_1_104' title="bbox 1906 4169 3398 4226">
    <p class='ocr_par' dir='ltr' id='par_1_104' title="bbox 1906 4169 3398 4226">
     <span class='ocr_line' id='line_1_104' title="bbox 1906 4169 3398 4226; baseline -0.001 -8"><span class='ocrx_word' id='word_1_705' title='bbox 1906 4169 2024 4222; x_wconf 81' lang='lat' dir='ltr'><strong>ferri</strong></span> <span class='ocrx_word' id='word_1_706' title='bbox 2053 4170 2377 4226; x_wconf 70' lang='lat' dir='ltr'><strong>constrictus,</strong></span> <span class='ocrx_word' id='word_1_707' title='bbox 2412 4171 2458 4218; x_wconf 89' lang='lat' dir='ltr'><strong>in</strong></span> <span class='ocrx_word' id='word_1_708' title='bbox 2481 4183 2686 4219; x_wconf 75' lang='lat' dir='ltr'><strong>carcere</strong></span> <span class='ocrx_word' id='word_1_709' title='bbox 2713 4169 2936 4218; x_wconf 72' lang='lat' dir='ltr'><strong>reclusus</strong></span> <span class='ocrx_word' id='word_1_710' title='bbox 2965 4172 3056 4218; x_wconf 90' lang='lat' dir='ltr'><strong>snh</strong></span> <span class='ocrx_word' id='word_1_711' title='bbox 3088 4169 3198 4219; x_wconf 87' lang='lat' dir='ltr'><strong>dira</strong></span> <span class='ocrx_word' id='word_1_712' title='bbox 3231 4179 3398 4219; x_wconf 86' lang='lat' dir='ltr'><strong>custo-</strong></span> 
     </span>
    </p>
   </div>
   <div class='ocr_carea' id='block_1_105' title="bbox 1905 4235 3399 4300">
    <p class='ocr_par' dir='ltr' id='par_1_105' title="bbox 1905 4235 3399 4300">
     <span class='ocr_line' id='line_1_105' title="bbox 1905 4235 3399 4300; baseline 0 -14"><span class='ocrx_word' id='word_1_713' title='bbox 1905 4237 1984 4286; x_wconf 91' lang='lat' dir='ltr'><strong>dia</strong></span> <span class='ocrx_word' id='word_1_714' title='bbox 2009 4245 2105 4295; x_wconf 63' lang='lat' dir='ltr'><strong>est,</strong></span> <span class='ocrx_word' id='word_1_715' title='bbox 2135 4235 2200 4286; x_wconf 90' lang='lat' dir='ltr'><strong>de</strong></span> <span class='ocrx_word' id='word_1_716' title='bbox 2225 4250 2320 4300; x_wconf 85' lang='lat' dir='ltr'><strong>qua</strong></span> <span class='ocrx_word' id='word_1_717' title='bbox 2342 4235 2564 4298; x_wconf 80' lang='lat' dir='ltr'><strong>angelica</strong></span> <span class='ocrx_word' id='word_1_718' title='bbox 2591 4235 2873 4286; x_wconf 80' lang='lat' dir='ltr'><strong>visitatione</strong></span> <span class='ocrx_word' id='word_1_719' title='bbox 2887 4243 2965 4286; x_wconf 87' lang='lat' dir='ltr'><strong>est</strong></span> <span class='ocrx_word' id='word_1_720' title='bbox 2983 4238 3056 4286; x_wconf 86' lang='lat' dir='ltr'><strong>sol</strong></span> <span class='ocrx_word' id='word_1_721' title='bbox 3081 4249 3194 4287; x_wconf 65' lang='lat' dir='ltr'><strong>ltus.</strong></span> <span class='ocrx_word' id='word_1_722' title='bbox 3221 4237 3399 4286; x_wconf 86' lang='lat' dir='ltr'><strong>Verum</strong></span> 
     </span>
    </p>
   </div>
   <div class='ocr_carea' id='block_1_106' title="bbox 1908 4303 3400 4367">
    <p class='ocr_par' dir='ltr' id='par_1_106' title="bbox 1908 4303 3400 4367">
     <span class='ocr_line' id='line_1_106' title="bbox 1908 4303 3400 4367; baseline 0.004 -18"><span class='ocrx_word' id='word_1_723' title='bbox 1908 4304 2224 4367; x_wconf 71' lang='lat' dir='ltr'><strong>postmodum</strong></span> <span class='ocrx_word' id='word_1_724' title='bbox 2269 4304 2554 4353; x_wconf 85' lang='lat' dir='ltr'><strong>clarissima</strong></span> <span class='ocrx_word' id='word_1_725' title='bbox 2598 4303 2732 4352; x_wconf 84' lang='lat' dir='ltr'><strong>illius</strong></span> <span class='ocrx_word' id='word_1_726' title='bbox 2772 4303 2901 4352; x_wconf 81' lang='lat' dir='ltr'><strong>faina</strong></span> <span class='ocrx_word' id='word_1_727' title='bbox 2934 4303 3184 4367; x_wconf 76' lang='lat' dir='ltr'><strong>vulg-aute,</strong></span> <span class='ocrx_word' id='word_1_728' title='bbox 3231 4312 3400 4355; x_wconf 72' lang='lat' dir='ltr'><strong>tentus</strong></span> 
     </span>
    </p>
   </div>
   <div class='ocr_carea' id='block_1_107' title="bbox 1905 4369 3406 4435">
    <p class='ocr_par' dir='ltr' id='par_1_107' title="bbox 1905 4369 3406 4435">
     <span class='ocr_line' id='line_1_107' title="bbox 1905 4369 3406 4435; baseline -0.001 -15"><span class='ocrx_word' id='word_1_729' title='bbox 1905 4378 1984 4420; x_wconf 86' lang='lat' dir='ltr'><strong>est</strong></span> <span class='ocrx_word' id='word_1_730' title='bbox 2011 4370 2076 4419; x_wconf 91' lang='lat' dir='ltr'><strong>ab</strong></span> <span class='ocrx_word' id='word_1_731' title='bbox 2102 4372 2261 4420; x_wconf 83' lang='lat' dir='ltr'><strong>altero</strong></span> <span class='ocrx_word' id='word_1_732' title='bbox 2289 4373 2592 4434; x_wconf 80' lang='lat' dir='ltr'><strong>imperatore</strong></span> <span class='ocrx_word' id='word_1_733' title='bbox 2619 4369 2946 4429; x_wconf 75' lang='lat' dir='ltr'><strong>Maximiano,</strong></span> <span class='ocrx_word' id='word_1_734' title='bbox 2992 4384 3018 4418; x_wconf 91' lang='lat' dir='ltr'><strong>a</strong></span> <span class='ocrx_word' id='word_1_735' title='bbox 3063 4384 3162 4435; x_wconf 89' lang='lat' dir='ltr'><strong>quo</strong></span> <span class='ocrx_word' id='word_1_736' title='bbox 3190 4370 3406 4422; x_wconf 89' lang='lat' dir='ltr'><strong>diversis</strong></span> 
     </span>
    </p>
   </div>
   <div class='ocr_carea' id='block_1_108' title="bbox 1909 4436 3403 4502">
    <p class='ocr_par' dir='ltr' id='par_1_108' title="bbox 1909 4436 3403 4502">
     <span class='ocr_line' id='line_1_108' title="bbox 1909 4436 3403 4502; baseline 0.001 -17"><span class='ocrx_word' id='word_1_737' title='bbox 1909 4437 2168 4500; x_wconf 58' lang='lat' dir='ltr'><strong>suppliciis</strong></span> <span class='ocrx_word' id='word_1_738' title='bbox 2192 4447 2352 4487; x_wconf 82' lang='lat' dir='ltr'><strong>tortus</strong></span> <span class='ocrx_word' id='word_1_739' title='bbox 2380 4448 2458 4487; x_wconf 82' lang='lat' dir='ltr'><strong>est</strong></span> <span class='ocrx_word' id='word_1_740' title='bbox 2496 4439 2544 4488; x_wconf 87' lang='lat' dir='ltr'><strong>in</strong></span> <span class='ocrx_word' id='word_1_741' title='bbox 2577 4446 2789 4494; x_wconf 87' lang='lat' dir='ltr'><strong>tantum,</strong></span> <span class='ocrx_word' id='word_1_742' title='bbox 2817 4446 2870 4486; x_wconf 84' lang='grc' dir='ltr'><strong>ιιι</strong></span> <span class='ocrx_word' id='word_1_743' title='bbox 2899 4436 3066 4496; x_wconf 78' lang='lat' dir='ltr'><strong>tunica</strong></span> <span class='ocrx_word' id='word_1_744' title='bbox 3095 4439 3244 4502; x_wconf 74' lang='lat' dir='ltr'><strong>ignita</strong></span> <span class='ocrx_word' id='word_1_745' title='bbox 3274 4453 3403 4488; x_wconf 71' lang='lat' dir='ltr'><strong>terea</strong></span> 
     </span>
    </p>
   </div>
   <div class='ocr_carea' id='block_1_109' title="bbox 1913 4503 3401 4568">
    <p class='ocr_par' dir='ltr' id='par_1_109' title="bbox 1913 4503 3401 4568">
     <span class='ocr_line' id='line_1_109' title="bbox 1913 4503 3401 4568; baseline 0.003 -16"><span class='ocrx_word' id='word_1_746' title='bbox 1913 4505 2202 4564; x_wconf 68' lang='lat' dir='ltr'><strong>vestiretur,</strong></span> <span class='ocrx_word' id='word_1_747' title='bbox 2254 4506 2538 4568; x_wconf 80' lang='lat' dir='ltr'><strong>iterumque</strong></span> <span class='ocrx_word' id='word_1_748' title='bbox 2586 4503 2633 4554; x_wconf 92' lang='lat' dir='ltr'><strong>in</strong></span> <span class='ocrx_word' id='word_1_749' title='bbox 2686 4505 2786 4554; x_wconf 83' lang='lat' dir='ltr'><strong>ulla</strong></span> <span class='ocrx_word' id='word_1_750' title='bbox 2831 4519 2943 4566; x_wconf 67' lang='lat' dir='ltr'><strong>quae</strong></span> <span class='ocrx_word' id='word_1_751' title='bbox 2998 4506 3224 4568; x_wconf 90' lang='lat' dir='ltr'><strong>plumbo,</strong></span> <span class='ocrx_word' id='word_1_752' title='bbox 3272 4510 3401 4567; x_wconf 84' lang='lat' dir='ltr'><strong>pice,</strong></span> 
     </span>
    </p>
   </div>
   <div class='ocr_carea' id='block_1_110' title="bbox 1910 4571 3408 4633">
    <p class='ocr_par' dir='ltr' id='par_1_110' title="bbox 1910 4571 3408 4633">
     <span class='ocr_line' id='line_1_110' title="bbox 1910 4571 3408 4633; baseline 0 -11"><span class='ocrx_word' id='word_1_753' title='bbox 1910 4585 2048 4633; x_wconf 77' lang='lat' dir='ltr'><strong>cera,</strong></span> <span class='ocrx_word' id='word_1_754' title='bbox 2097 4574 2282 4629; x_wconf 56' lang='lat' dir='ltr'><strong>resina,</strong></span> <span class='ocrx_word' id='word_1_755' title='bbox 2319 4573 2431 4621; x_wconf 84' lang='lat' dir='ltr'><strong>oleo</strong></span> <span class='ocrx_word' id='word_1_756' title='bbox 2479 4571 2747 4622; x_wconf 78' lang='lat' dir='ltr'><strong>fervefacm</strong></span> <span class='ocrx_word' id='word_1_757' title='bbox 2796 4583 2922 4629; x_wconf 86' lang='lat' dir='ltr'><strong>erat.</strong></span> <span class='ocrx_word' id='word_1_758' title='bbox 2972 4571 3173 4633; x_wconf 84' lang='lat' dir='ltr'><strong>missos,</strong></span> <span class='ocrx_word' id='word_1_759' title='bbox 3223 4571 3408 4622; x_wconf 87' lang='lat' dir='ltr'><strong>virtute</strong></span> 
     </span>
    </p>
   </div>
   <div class='ocr_carea' id='block_1_111' title="bbox 1917 4637 3404 4703">
    <p class='ocr_par' dir='ltr' id='par_1_111' title="bbox 1917 4637 3404 4703">
     <span class='ocr_line' id='line_1_111' title="bbox 1917 4637 3404 4703; baseline 0.001 -16"><span class='ocrx_word' id='word_1_760' title='bbox 1917 4639 2113 4688; x_wconf 86' lang='lat' dir='ltr'><strong>Domini</strong></span> <span class='ocrx_word' id='word_1_761' title='bbox 2143 4641 2310 4687; x_wconf 87' lang='lat' dir='ltr'><strong>omnia</strong></span> <span class='ocrx_word' id='word_1_762' title='bbox 2355 4653 2602 4702; x_wconf 89' lang='lat' dir='ltr'><strong>superans</strong></span> <span class='ocrx_word' id='word_1_763' title='bbox 2633 4639 2820 4688; x_wconf 68' lang='lat' dir='ltr'><strong>illaesos</strong></span> <span class='ocrx_word' id='word_1_764' title='bbox 2846 4637 3043 4689; x_wconf 74' lang='lat' dir='ltr'><strong>exinde</strong></span> <span class='ocrx_word' id='word_1_765' title='bbox 3068 4638 3404 4703; x_wconf 77' lang='lat' dir='ltr'><strong>progreditur.</strong></span> 
     </span>
    </p>
   </div>
   <div class='ocr_carea' id='block_1_112' title="bbox 1913 4703 3407 4771">
    <p class='ocr_par' dir='ltr' id='par_1_112' title="bbox 1913 4703 3407 4771">
     <span class='ocr_line' id='line_1_112' title="bbox 1913 4703 3407 4771; baseline -0.001 -15"><span class='ocrx_word' id='word_1_766' title='bbox 1913 4708 2102 4771; x_wconf 80' lang='lat' dir='ltr'><strong>Sthne</strong></span> <span class='ocrx_word' id='word_1_767' title='bbox 2134 4705 2334 4756; x_wconf 84' lang='lat' dir='ltr'><strong>tandem</strong></span> <span class='ocrx_word' id='word_1_768' title='bbox 2384 4705 2432 4755; x_wconf 88' lang='lat' dir='ltr'><strong>in</strong></span> <span class='ocrx_word' id='word_1_769' title='bbox 2479 4703 2808 4768; x_wconf 73' lang='lat' dir='ltr'><strong>Campaniam</strong></span> <span class='ocrx_word' id='word_1_770' title='bbox 2855 4705 3117 4769; x_wconf 80' lang='lat' dir='ltr'><strong>pervenit,</strong></span> <span class='ocrx_word' id='word_1_771' title='bbox 3166 4705 3250 4756; x_wconf 87' lang='lat' dir='ltr'><strong>ubi</strong></span> <span class='ocrx_word' id='word_1_772' title='bbox 3296 4721 3407 4756; x_wconf 90' lang='lat' dir='ltr'><strong>cum</strong></span> 
     </span>
    </p>
   </div>
   <div class='ocr_carea' id='block_1_113' title="bbox 1920 4772 3405 4835">
    <p class='ocr_par' dir='ltr' id='par_1_113' title="bbox 1920 4772 3405 4835">
     <span class='ocr_line' id='line_1_113' title="bbox 1920 4772 3405 4835; baseline 0.002 -16"><span class='ocrx_word' id='word_1_773' title='bbox 1920 4777 2158 4835; x_wconf 84' lang='lat' dir='ltr'><strong>plurimos</strong></span> <span class='ocrx_word' id='word_1_774' title='bbox 2181 4787 2290 4824; x_wconf 83' lang='lat' dir='ltr'><strong>$.ve</strong></span> <span class='ocrx_word' id='word_1_775' title='bbox 2321 4775 2367 4822; x_wconf 90' lang='lat' dir='ltr'><strong>in</strong></span> <span class='ocrx_word' id='word_1_776' title='bbox 2401 4773 2495 4822; x_wconf 86' lang='lat' dir='ltr'><strong>lide</strong></span> <span class='ocrx_word' id='word_1_777' title='bbox 2526 4777 2835 4830; x_wconf 77' lang='lat' dir='ltr'><strong>roborosset,</strong></span> <span class='ocrx_word' id='word_1_778' title='bbox 2864 4774 2971 4822; x_wconf 86' lang='lat' dir='ltr'><strong>sive</strong></span> <span class='ocrx_word' id='word_1_779' title='bbox 2999 4772 3059 4821; x_wconf 89' lang='lat' dir='ltr'><strong>ad</strong></span> <span class='ocrx_word' id='word_1_780' title='bbox 3091 4773 3238 4824; x_wconf 79' lang='lat' dir='ltr'><strong>[idem</strong></span> <span class='ocrx_word' id='word_1_781' title='bbox 3268 4773 3405 4823; x_wconf 81' lang='lat' dir='ltr'><strong>Chri-</strong></span> 
     </span>
    </p>
   </div>
   <div class='ocr_carea' id='block_1_114' title="bbox 1921 4837 3408 4906">
    <p class='ocr_par' dir='ltr' id='par_1_114' title="bbox 1921 4837 3408 4906">
     <span class='ocr_line' id='line_1_114' title="bbox 1921 4837 3408 4906; baseline -0.001 -17"><span class='ocrx_word' id='word_1_782' title='bbox 1921 4840 1984 4889; x_wconf 81' lang='lat' dir='ltr'><strong>sti</strong></span> <span class='ocrx_word' id='word_1_783' title='bbox 2028 4842 2391 4902; x_wconf 80' lang='lat' dir='ltr'><strong>Convertisset,</strong></span> <span class='ocrx_word' id='word_1_784' title='bbox 2441 4848 2653 4889; x_wconf 86' lang='lat' dir='ltr'><strong>vocante</strong></span> <span class='ocrx_word' id='word_1_785' title='bbox 2702 4837 2916 4889; x_wconf 84' lang='lat' dir='ltr'><strong>Domino</strong></span> <span class='ocrx_word' id='word_1_786' title='bbox 2967 4843 3211 4906; x_wconf 88' lang='lat' dir='ltr'><strong>martyrio</strong></span> <span class='ocrx_word' id='word_1_787' title='bbox 3244 4840 3408 4889; x_wconf 77' lang='lat' dir='ltr'><strong>i-larus</strong></span> 
     </span>
    </p>
   </div>
   <div class='ocr_carea' id='block_1_115' title="bbox 1925 4906 3410 4970">
    <p class='ocr_par' dir='ltr' id='par_1_115' title="bbox 1925 4906 3410 4970">
     <span class='ocr_line' id='line_1_115' title="bbox 1925 4906 3410 4970; baseline 0.001 -14"><span class='ocrx_word' id='word_1_788' title='bbox 1925 4918 2100 4958; x_wconf 87' lang='lat' dir='ltr'><strong>sancto</strong></span> <span class='ocrx_word' id='word_1_789' title='bbox 2124 4910 2219 4957; x_wconf 87' lang='lat' dir='ltr'><strong>line</strong></span> <span class='ocrx_word' id='word_1_790' title='bbox 2241 4909 2448 4970; x_wconf 84' lang='lat' dir='ltr'><strong>quievit.</strong></span> <span class='ocrx_word' id='word_1_791' title='bbox 2481 4906 2700 4958; x_wconf 66' lang='lat' dir='ltr'><strong>Ususno.</strong></span> <span class='ocrx_word' id='word_1_792' title='bbox 2729 4906 2877 4957; x_wconf 68' lang='grc' dir='ltr'><strong>ΒδυΑ</strong></span> <span class='ocrx_word' id='word_1_793' title='bbox 2905 4922 3132 4969; x_wconf 63' lang='grc' dir='ltr'><strong>διιρμυς..</strong></span> <span class='ocrx_word' id='word_1_794' title='bbox 3160 4907 3316 4956; x_wconf 70' lang='lat' dir='ltr'><strong>Parit.</strong></span> <span class='ocrx_word' id='word_1_795' title='bbox 3349 4921 3410 4957; x_wconf 73' lang='grc' dir='ltr'><strong>οε</strong></span> 
     </span>
    </p>
   </div>
   <div class='ocr_carea' id='block_1_116' title="bbox 1927 4973 3414 5036">
    <p class='ocr_par' dir='ltr' id='par_1_116' title="bbox 1927 4973 3414 5036">
     <span class='ocr_line' id='line_1_116' title="bbox 1927 4973 3414 5036; baseline -0.002 -11"><span class='ocrx_word' id='word_1_796' title='bbox 1927 4973 2120 5026; x_wconf 66' lang='grc' dir='ltr'><strong>ΝΑτλι..</strong></span> <span class='ocrx_word' id='word_1_797' title='bbox 2147 4975 2396 5025; x_wconf 79' lang='lat' dir='ltr'><strong>Nmkeius</strong></span> <span class='ocrx_word' id='word_1_798' title='bbox 2421 4985 2608 5036; x_wconf 85' lang='lat' dir='ltr'><strong>autem,</strong></span> <span class='ocrx_word' id='word_1_799' title='bbox 2636 4973 2742 5024; x_wconf 81' lang='lat' dir='ltr'><strong>Adu</strong></span> <span class='ocrx_word' id='word_1_800' title='bbox 2768 4981 2820 5024; x_wconf 90' lang='lat' dir='ltr'><strong>et</strong></span> <span class='ocrx_word' id='word_1_801' title='bbox 2843 4989 2936 5028; x_wconf 86' lang='lat' dir='ltr'><strong>ms.</strong></span> <span class='ocrx_word' id='word_1_802' title='bbox 2964 4974 3260 5025; x_wconf 79' lang='lat' dir='ltr'><strong>Divionense</strong></span> <span class='ocrx_word' id='word_1_803' title='bbox 3289 4975 3414 5025; x_wconf 78' lang='lat' dir='ltr'><strong>inlra</strong></span> 
     </span>
    </p>
   </div>
   <div class='ocr_carea' id='block_1_117' title="bbox 1929 5044 3300 5105">
    <p class='ocr_par' dir='ltr' id='par_1_117' title="bbox 1929 5044 3300 5105">
     <span class='ocr_line' id='line_1_117' title="bbox 1929 5044 3300 5105; baseline -0.004 -13"><span class='ocrx_word' id='word_1_804' title='bbox 1929 5045 2051 5092; x_wconf 85' lang='lat' dir='ltr'><strong>colit</strong></span> <span class='ocrx_word' id='word_1_805' title='bbox 2075 5057 2188 5092; x_wconf 87' lang='lat' dir='ltr'><strong>eum</strong></span> <span class='ocrx_word' id='word_1_806' title='bbox 2220 5045 2299 5091; x_wconf 85' lang='lat' dir='ltr'><strong>die</strong></span> <span class='ocrx_word' id='word_1_807' title='bbox 2326 5044 2574 5105; x_wconf 66' lang='lat' dir='ltr'><strong>sequenti.</strong></span> <span class='ocrx_word' id='word_1_808' title='bbox 3297 5102 3300 5104; x_wconf 13' lang='grc' dir='ltr'>γ</span> 
     </span>
    </p>
   </div>
   <div class='ocr_carea' id='block_1_118' title="bbox 1999 5106 3418 5174">
    <p class='ocr_par' dir='ltr' id='par_1_118' title="bbox 1999 5106 3418 5174">
     <span class='ocr_line' id='line_1_118' title="bbox 1999 5106 3418 5174; baseline -0.001 -16"><span class='ocrx_word' id='word_1_809' title='bbox 1999 5112 2025 5150; x_wconf 88' lang='lat' dir='ltr'><strong>d</strong></span> <span class='ocrx_word' id='word_1_810' title='bbox 2063 5108 2474 5174; x_wconf 77' lang='lat' dir='ltr'><strong>Liplturdi.Apud</strong></span> <span class='ocrx_word' id='word_1_811' title='bbox 2495 5109 2790 5172; x_wconf 77' lang='lat' dir='ltr'><strong>Aurelianps</strong></span> <span class='ocrx_word' id='word_1_812' title='bbox 2821 5106 3009 5174; x_wconf 90' lang='lat' dir='ltr'><strong>inclyta</strong></span> <span class='ocrx_word' id='word_1_813' title='bbox 3038 5108 3134 5157; x_wconf 88' lang='lat' dir='ltr'><strong>orti</strong></span> <span class='ocrx_word' id='word_1_814' title='bbox 3160 5108 3418 5172; x_wconf 73' lang='lat' dir='ltr'><strong>prosapia,</strong></span> 
     </span>
    </p>
   </div>
   <div class='ocr_carea' id='block_1_119' title="bbox 1935 5175 3419 5242">
    <p class='ocr_par' dir='ltr' id='par_1_119' title="bbox 1935 5175 3419 5242">
     <span class='ocr_line' id='line_1_119' title="bbox 1935 5175 3419 5242; baseline -0.002 -17"><span class='ocrx_word' id='word_1_815' title='bbox 1935 5179 2019 5242; x_wconf 90' lang='lat' dir='ltr'><strong>qui</strong></span> <span class='ocrx_word' id='word_1_816' title='bbox 2052 5179 2105 5227; x_wconf 80' lang='lat' dir='ltr'><strong>S.</strong></span> <span class='ocrx_word' id='word_1_817' title='bbox 2139 5177 2386 5227; x_wconf 78' lang='lat' dir='ltr'><strong>Leonardi</strong></span> <span class='ocrx_word' id='word_1_818' title='bbox 2417 5190 2706 5240; x_wconf 82' lang='lat' dir='ltr'><strong>germanus,</strong></span> <span class='ocrx_word' id='word_1_819' title='bbox 2736 5175 2908 5242; x_wconf 31' lang='lat' dir='ltr'><strong>|elicto</strong></span> <span class='ocrx_word' id='word_1_820' title='bbox 2936 5175 3144 5234; x_wconf 71' lang='lat' dir='ltr'><strong>saeculo,</strong></span> <span class='ocrx_word' id='word_1_821' title='bbox 3169 5176 3224 5227; x_wconf 88' lang='lat' dir='ltr'><strong>S.</strong></span> <span class='ocrx_word' id='word_1_822' title='bbox 3250 5175 3419 5225; x_wconf 84' lang='lat' dir='ltr'><strong>Remi-</strong></span> 
     </span>
    </p>
   </div>
   <div class='ocr_carea' id='block_1_120' title="bbox 1935 5235 3424 5310">
    <p class='ocr_par' dir='ltr' id='par_1_120' title="bbox 1935 5235 3424 5310">
     <span class='ocr_line' id='line_1_120' title="bbox 1935 5235 3424 5310; baseline -0.003 -17"><span class='ocrx_word' id='word_1_823' title='bbox 1935 5235 2018 5310; x_wconf 76' lang='lat' dir='ltr'><strong>gio</strong></span> <span class='ocrx_word' id='word_1_824' title='bbox 2050 5244 2321 5295; x_wconf 68' lang='lat' dir='ltr'><strong>lthemensi</strong></span> <span class='ocrx_word' id='word_1_825' title='bbox 2350 5235 2589 5308; x_wconf 82' lang='lat' dir='ltr'><strong>episcopo</strong></span> <span class='ocrx_word' id='word_1_826' title='bbox 2632 5235 2866 5310; x_wconf 60' lang='lat' dir='ltr'><strong>adhirsit,</strong></span> <span class='ocrx_word' id='word_1_827' title='bbox 2893 5250 2947 5292; x_wconf 91' lang='lat' dir='ltr'><strong>et</strong></span> <span class='ocrx_word' id='word_1_828' title='bbox 2972 5241 3143 5310; x_wconf 82' lang='lat' dir='ltr'><strong>abeo</strong></span> <span class='ocrx_word' id='word_1_829' title='bbox 3184 5243 3424 5292; x_wconf 82' lang='lat' dir='ltr'><strong>diaconus</strong></span> 
     </span>
    </p>
   </div>
   <div class='ocr_carea' id='block_1_121' title="bbox 1931 5308 3423 5376">
    <p class='ocr_par' dir='ltr' id='par_1_121' title="bbox 1931 5308 3423 5376">
     <span class='ocr_line' id='line_1_121' title="bbox 1931 5308 3423 5376; baseline -0.005 -14"><span class='ocrx_word' id='word_1_830' title='bbox 1931 5308 2196 5362; x_wconf 85' lang='lat' dir='ltr'><strong>ordinatus</strong></span> <span class='ocrx_word' id='word_1_831' title='bbox 2219 5320 2298 5360; x_wconf 90' lang='lat' dir='ltr'><strong>est</strong></span> <span class='ocrx_word' id='word_1_832' title='bbox 2321 5327 2334 5361; x_wconf 86' lang='lat'><strong>:</strong></span> <span class='ocrx_word' id='word_1_833' title='bbox 2357 5323 2528 5375; x_wconf 87' lang='lat' dir='ltr'><strong>postea</strong></span> <span class='ocrx_word' id='word_1_834' title='bbox 2548 5323 2748 5376; x_wconf 87' lang='lat' dir='ltr'><strong>quoque</strong></span> <span class='ocrx_word' id='word_1_835' title='bbox 2775 5308 2824 5359; x_wconf 90' lang='lat' dir='ltr'><strong>in</strong></span> <span class='ocrx_word' id='word_1_836' title='bbox 2846 5319 3018 5360; x_wconf 91' lang='lat' dir='ltr'><strong>tn0nte</strong></span> <span class='ocrx_word' id='word_1_837' title='bbox 3044 5308 3289 5374; x_wconf 80' lang='lat' dir='ltr'><strong>Magdqu</strong></span> <span class='ocrx_word' id='word_1_838' title='bbox 3309 5325 3423 5357; x_wconf 75' lang='lat' dir='ltr'><strong>rum</strong></span> 
     </span>
    </p>
   </div>
   <div class='ocr_carea' id='block_1_122' title="bbox 1933 5376 3427 5444">
    <p class='ocr_par' dir='ltr' id='par_1_122' title="bbox 1933 5376 3427 5444">
     <span class='ocr_line' id='line_1_122' title="bbox 1933 5376 3427 5444; baseline -0.005 -15"><span class='ocrx_word' id='word_1_839' title='bbox 1933 5379 2137 5430; x_wconf 84' lang='lat' dir='ltr'><strong>Urbicio</strong></span> <span class='ocrx_word' id='word_1_840' title='bbox 2169 5379 2325 5428; x_wconf 89' lang='lat' dir='ltr'><strong>vitam</strong></span> <span class='ocrx_word' id='word_1_841' title='bbox 2363 5379 2465 5444; x_wconf 89' lang='lat' dir='ltr'><strong>egit</strong></span> <span class='ocrx_word' id='word_1_842' title='bbox 2495 5380 2828 5440; x_wconf 77' lang='lat' dir='ltr'><strong>eremiticam,</strong></span> <span class='ocrx_word' id='word_1_843' title='bbox 2873 5378 2956 5428; x_wconf 82' lang='lat' dir='ltr'><strong>tibi</strong></span> <span class='ocrx_word' id='word_1_844' title='bbox 2999 5376 3269 5428; x_wconf 87' lang='lat' dir='ltr'><strong>immanem</strong></span> <span class='ocrx_word' id='word_1_845' title='bbox 3313 5377 3427 5426; x_wconf 77' lang='lat' dir='ltr'><strong>dra-</strong></span> 
     </span>
    </p>
   </div>
   <div class='ocr_carea' id='block_1_123' title="bbox 1928 5444 3425 5512">
    <p class='ocr_par' dir='ltr' id='par_1_123' title="bbox 1928 5444 3425 5512">
     <span class='ocr_line' id='line_1_123' title="bbox 1928 5444 3425 5512; baseline -0.003 -16"><span class='ocrx_word' id='word_1_846' title='bbox 1928 5459 2109 5498; x_wconf 90' lang='lat' dir='ltr'><strong>conem</strong></span> <span class='ocrx_word' id='word_1_847' title='bbox 2133 5445 2238 5495; x_wconf 88' lang='lat' dir='ltr'><strong>suis</strong></span> <span class='ocrx_word' id='word_1_848' title='bbox 2267 5451 2503 5512; x_wconf 66' lang='lat' dir='ltr'><strong>prcolbus</strong></span> <span class='ocrx_word' id='word_1_849' title='bbox 2523 5446 2796 5497; x_wconf 81' lang='lat' dir='ltr'><strong>interfecit.</strong></span> <span class='ocrx_word' id='word_1_850' title='bbox 2829 5447 3022 5496; x_wconf 78' lang='lat' dir='ltr'><strong>Marcus</strong></span> <span class='ocrx_word' id='word_1_851' title='bbox 3050 5444 3425 5495; x_wconf 68' lang='lat' dir='ltr'><strong>Aurelianensis</strong></span> 
     </span>
    </p>
   </div>
   <div class='ocr_carea' id='block_1_124' title="bbox 1931 5512 3424 5565">
    <p class='ocr_par' dir='ltr' id='par_1_124' title="bbox 1931 5512 3424 5565">
     <span class='ocr_line' id='line_1_124' title="bbox 1931 5512 3424 5565; baseline -0.001 -1"><span class='ocrx_word' id='word_1_852' title='bbox 1931 5513 1981 5564; x_wconf 88' lang='lat' dir='ltr'><strong>in</strong></span> <span class='ocrx_word' id='word_1_853' title='bbox 2014 5513 2127 5564; x_wconf 87' lang='lat' dir='ltr'><strong>vico</strong></span> <span class='ocrx_word' id='word_1_854' title='bbox 2155 5512 2387 5565; x_wconf 80' lang='lat' dir='ltr'><strong>Clartaco</strong></span> <span class='ocrx_word' id='word_1_855' title='bbox 2425 5514 2490 5565; x_wconf 90' lang='lat' dir='ltr'><strong>ob</strong></span> <span class='ocrx_word' id='word_1_856' title='bbox 2528 5521 2694 5564; x_wconf 87' lang='lat' dir='ltr'><strong>certas</strong></span> <span class='ocrx_word' id='word_1_857' title='bbox 2724 5527 2899 5565; x_wconf 80' lang='lat' dir='ltr'><strong>causas</strong></span> <span class='ocrx_word' id='word_1_858' title='bbox 2931 5512 3158 5563; x_wconf 84' lang='lat' dir='ltr'><strong>residens</strong></span> <span class='ocrx_word' id='word_1_859' title='bbox 3200 5527 3315 5563; x_wconf 89' lang='lat' dir='ltr'><strong>eum</strong></span> <span class='ocrx_word' id='word_1_860' title='bbox 3347 5527 3424 5562; x_wconf 81' lang='lat' dir='ltr'><strong>sa-</strong></span> 
     </span>
    </p>
   </div>
  </div>
