3888 6344
153 507 253 563 941
1227 509 1413 562 SECT.
1456 510 1517 563 ΙΙ.
1557 538 1621 549 -—-
1662 499 2202 561 MABTYROI.OGIA.
3207 498 3307 548 lli-2

1342 609 1350 617 ’
1388 619 1613 671 como
1652 612 2106 667 CULONIENSIS.

158 710 244 759 tiae
290 706 520 771 spiritum
567 708 780 771 habuit,
826 717 905 760 ter
954 707 1125 775 quinis
1191 708 1339 760 annis
1396 707 1677 761 Veroman-
1703 709 1751 764 Α
1780 703 1937 769 genti.
1979 700 2267 754 Novissime
2316 708 2437 751 vero
2483 698 2644 749 sancti
2698 702 2953 764 martyres
2981 708 3011 746 a
3058 692 3299 760 praedicto

152 796 396 847 densium
446 794 587 847 urbis
631 796 980 861 episcopatum
1029 795 1225 858 tenuit,
1274 794 1337 845 ad
1391 802 1683 846 extremum
1780 789 1969 844 comite
2016 788 2252 840 decollati
2323 795 2471 849 sunt;
2525 800 2745 852 quorum
2799 796 3013 850 eorpOra
3073 784 3225 837 noctu
3272 796 3305 837 a

154 884 220 934 ad
252 883 477 936 caelestia
521 883 765 949 migrans.
810 880 954 935 Tunc
1006 884 1066 933 ad
1115 882 1451 934 Suessionum
1502 880 1681 931 urbem

151 986 347 1036 corpus
373 970 484 1035 ejus
517 972 822 1021 translatum
862 979 962 1033 est,
994 970 1164 1035 ibique
1206 969 1460 1036 sepultum
1507 966 1686 1020 multis

152 1061 405 1111 virtutum
456 1058 615 1109 titulis
661 1058 867 1108 claruit.
929 1056 1217 1122 Andegavis
1268 1054 1432 1107 sancti
1503 1053 1686 1106 Licinii

150 1146 389 1209 episcopi
422 1152 473 1194 el.
512 1142 852 1196 confessoris.
901 1142 1091 1194 Eodem
1137 1141 1222 1193 die
1251 1142 1415 1193 sancti
1462 1137 1685 1190 Carileffl

151 1231 498 1292 confessoris,
530 1241 582 1283 et
610 1230 771 1282 sancti
800 1229 1015 1281 Naburis
1037 1228 1369 1281 confessoris.
1399 1228 1451 1279 In
1492 1226 1689 1277 Tharso

148 1316 355 1370 Ciliciae
394 1326 677 1383 martyrum
708 1314 885 1382 viginti
912 1316 1008 1367 sub
1034 1314 1301 1381 Simplicio
1324 1313 1517 1381 judice.

230 1406 291 1458 ιτ.
341 1408 375 1458 ν
418 1407 532 1459 laus
560 1407 715 1460 JUNll.
739 1432 805 1443 -
840 1406 1011 1456 ltomre
1039 1404 1089 1456 in
1120 1411 1293 1455 monte
1336 1402 1495 1454 Caelio
1522 1400 1691 1453 natale

151 1503 458 1545 sanctorum
510 1502 794 1559 martyrum
846 1490 1001 1542 Primi
1049 1500 1103 1542 et
1158 1488 1426 1548 Feliciani,
1458 1488 1543 1553 qui
1594 1486 1691 1539 sub

154 1578 482 1631 Diocletiano
515 1586 568 1630 et
612 1577 920 1629 Maximiano
951 1575 1349 1642 imperatoribus
1380 1588 1473 1640 pro
1498 1571 1690 1625 Christi

151 1666 375 1718 nomine
411 1664 567 1717 multa
608 1672 857 1716 tormenta
918 1662 1051 1727 passi
1092 1671 1229 1714 sunt.
1283 1662 1408 1713 Nam
1452 1661 1693 1712 Promoto

154 1754 371 1818 praesidi
402 1752 495 1816 ipsi
540 1750 841 1818 nequissimi
889 1749 1224 1817 imperatores
1274 1749 1336 1800 ad
1377 1747 1693 1815 puniendum

150 1856 255 1893 eos
286 1840 620 1893 tradiderunt.
674 1839 769 1903 Qui
809 1853 924 1890 cum
956 1837 1154 1891 videret
1208 1852 1300 1891 eos
1348 1836 1490 1890 nullo
1542 1837 1695 1889 modo

154 1942 321 1994 posse
346 1942 373 1978 a
404 1926 592 1979 Christi
637 1924 965 1977 confessione
1011 1926 1275 1985 converti.
1320 1925 1577 1989 separavit
1605 1938 1694 1975 eos

1781 874 2084 929 Christianis
2137 874 2371 925 ﬁdelibus
2424 883 2588 939 rapta,
2640 872 2836 939 sepulta
2886 879 3009 923 aunt
3047 870 3109 922 ad
3153 884 3307 923 arcus

1783 964 2134 1016 Numentanos
2173 961 2312 1012 intra
2361 959 2709 1010 harenarium.
2762 958 2815 1009 ln
2868 954 3047 1008 Galliis
3095 956 3308 1010 civitate

1784 1052 1947 1119 Agino
1971 1089 1985 1112 ,
2026 1049 2145 1102 loco
2195 1046 2539 1113 Pompeiaco,
2593 1044 2763 1109 passio
2803 1042 2964 1095 sancti
3021 1042 3309 1103 Vinmntil,

1786 1136 1950 1187 levitas
1980 1144 2033 1187 et
2062 1133 2321 1199 martyris.
2350 1131 2403 1183 in
2424 1130 2597 1184 Scotia
2632 1129 2797 1181 sancti
2823 1128 3086 1182 Columba:
3108 1128 3312 1182 confes-

1784 1226 1939 1274 soris.

1854 1316 1917 1366 ti.
1950 1314 2010 1365 iV
2041 1314 2156 1366 lous
2184 1312 2344 1366 Jumt.
2367 1341 2431 1350 —
2461 1310 2637 1363 Romae
2664 1310 2740 1362 via
2788 1304 3018 1371 Aurelia,
3067 1307 3309 1361 milliario

1787 1403 1940 1456 tertio
1968 1401 2188 1461 decimo,
2238 1401 2406 1453 natale
2448 1400 2611 1452 sancti
2642 1397 2877 1451 Basilidis
2907 1398 3161 1465 martyris.
3192 1396 3314 1450 Tri-

1789 1491 1936 1555 podis
1965 1500 2016 1542 et
2037 1488 2287 1541 Mandalis
2314 1487 2410 1539 sub
2440 1486 2716 1539 Aureliano
2741 1487 3069 1550 imperatore,
3103 1483 3317 1537 Platenie

1790 1578 2027 1645 prmside,
2069 1585 2121 1629 et
2148 1575 2366 1628 aliorum
2401 1573 2578 1641 viginti
2626 1582 2929 1640 martyrum.
2984 1570 3174 1624 Eodem
3229 1571 3315 1623 die

1790 1664 1926 1716 beati
1955 1662 2178 1715 Gethulii
2210 1661 2481 1729 martyris,
2516 1660 2831 1725 temporibus
2853 1658 3059 1711 Adriani
3086 1659 3314 1721 impera.

1791 1752 1939 1813 toris,
1970 1750 2063 1802 sub
2105 1750 2277 1816 judice
2307 1749 2504 1801 Licinio
2535 1766 2545 1798 :
2576 1760 2692 1800 nam
2740 1760 2855 1798 cum
2906 1756 3044 1799 esset
3068 1741 3317 1797 Christia-

1793 1840 2057 1901 nissimus,
2079 1851 2131 1890 et
2159 1838 2314 1889 multa
2342 1834 2478 1889 bona
2506 1851 2662 1903 opera
2713 1836 2941 1897 fecisset,
2972 1835 3192 1888 traditus
3235 1839 3316 1890 est

1792 1927 1987 1981 Cereali
2018 1927 2206 1979 vicario
2233 1925 2297 1977 ad
2322 1925 2668 1991 puniendum;
2697 1926 2786 1976 sed
2811 1932 3018 1977 sanctus
3048 1922 3316 1977 Getbulius

152 2015 478 2075 abiuvicem,
508 2021 560 2065 et
590 2013 822 2079 primitus
869 2011 1179 2065 Felicianum
1226 2012 1481 2079 octoginta
1528 2026 1691 2064 annos
1724 2011 1765 2067 Β
1790 2029 1914 2067 sana
1945 2014 2305 2081 praedicatione
2332 2012 2588 2065 convertit
2633 2011 2695 2061 ad
2743 2010 2897 2063 ﬁdem
2924 2012 3134 2074 Christi,
3176 2012 3314 2064 sicut

160 2099 470 2163 habentem,
508 2101 661 2167 jussit
689 2100 963 2168 plumbatis
1010 2103 1171 2162 tundi,
1203 2110 1377 2168 postea
1408 2115 1527 2155 vero
1552 2101 1695 2153 misit

158 2202 291 2242 eum
322 2189 372 2241 in
397 2203 685 2251 carcerem,
713 2198 766 2241 et
791 2204 956 2255 neque
994 2191 1186 2253 cibum,
1214 2204 1381 2256 neque
1423 2204 1605 2252 aquam
1646 2187 1695 2240 ei

165 2275 376 2327 sinebat
399 2276 630 2342 praebere
656 2275 825 2327 tribas
853 2277 1065 2339 diebus;
1093 2276 1276 2328 deinde
1307 2275 1531 2328 l'rimum
1559 2275 1698 2326 simi-

164 2368 291 2419 liter
338 2367 489 2433 jussit
540 2367 762 2419 fastibus
799 2366 949 2428 cadi,
1001 2368 1185 2419 dehinc
1237 2381 1359 2418 vero
1409 2366 1458 2417 in
1498 2365 1697 2429 amphi-

166 2454 378 2505 theatro
405 2462 612 2506 sanctos
664 2462 919 2517 martyres
969 2451 1203 2504 leonibus
1253 2454 1381 2503 tradi
1415 2452 1692 2517 pimcepit;

165 2541 269 2593 sed
298 2541 439 2593 nullo
467 2541 619 2593 modo
645 2540 709 2592 ab
733 2541 807 2591 eis
836 2540 939 2591 laesi
977 2548 1115 2591 sunt.
1146 2538 1289 2601 Quod
1320 2539 1549 2591 videntes
1590 2548 1697 2589 tur-

163 2630 253 2681 ba:
284 2630 611 2683 crediderunt
661 2629 712 2681 in
760 2628 1017 2682 Christum
1056 2630 1340 2695 plusquam
1369 2628 1509 2681 mille
1549 2628 1699 2695 quin-

1792 2104 1915 2157 fecit
1962 2103 2255 2156 Amantium
2326 2101 2589 2154 tribunum
2644 2098 2855 2153 fratrem
2910 2099 3039 2168 ejus.
3092 2099 3316 2155 Sanctus

1796 2204 1917 2242 vero
1971 2189 2149 2243 Sixtns
2198 2202 2327 2257 papa
2385 2186 2661 2254 baptizavit
2706 2186 2989 2247 Cerealem.
3018 2197 3081 2242 iet
3129 2185 3316 2242 confir-

1796 2276 1953 2353 mavit
1984 2276 2033 2327 in
2057 2274 2179 2327 fide.
2212 2273 2395 2327 Postea
2428 2288 2545 2326 vero
2572 2286 2687 2327 cum
2737 2274 2963 2326 audisset
2989 2273 3089 2328 hoc
3128 2275 3317 2330 factum

1795 2362 2075 2429 prmdictus
2129 2361 2430 2428 imperator,
2484 2361 2693 2412 tradidit
2740 2371 2972 2413 sanctum
3020 2358 3315 2418 Gethuiium

1796 2449 1992 2502 Licinio
2048 2448 2291 2515 pmfecto
2344 2461 2459 2512 suo,
2490 2455 2544 2500 ut
2590 2462 2711 2500 eum
2759 2462 2873 2500 cum
2916 2448 3071 2502 sociis
3114 2451 3239 2513 suis,
3270 2453 3316 2505 si

1795 2539 1954 2591 nollet
1981 2536 2271 2590 sacriﬁcare
2296 2536 2474 2600 idolis,
2506 2538 2737 2590 mitteret
2784 2536 2833 2588 in
2876 2539 3134 2591 caminum
3183 2533 3316 2608 ignis

1794 2625 2077 2678 ardentem.
2117 2624 2261 2691 Quod
2312 2639 2427 2678 cum
2472 2625 2662 2678 factum
2718 2622 2917 2692 fuisset,
2971 2628 3113 2682 nullo
3160 2630 3317 2685 modo

1374 2734 1597 2788 EDITIO
1638 2729 2123 2785 BOLLANDIANA.

162 2828 301 2880 iatio
324 2828 379 2879 S.
400 2834 424 2861 ³
442 2824 717 2879 Andomaii
744 2824 965 2891 episcopi
992 2822 1236 2876 secunda.
1272 2822 1356 2882 8.,
1382 2821 1437 2873 In
1460 2820 1694 2875 Sardinia

172 2896 353 2948 natale
378 2894 403 2930 δ
425 2894 725 2946 Sallustiani.

245 2986 300 3037 9.
322 3012 390 3023 -—
417 2984 454 3033 V
486 2983 601 3036 Inus
628 2983 780 3037 Juxn.
813 2981 988 3035 Natale
1019 2980 1110 3036 SS.
1138 2979 1292 3034 Primi
1323 2988 1376 3032 et
1400 2990 1420 3017 ε
1445 2975 1688 3032 Feliciani

171 3080 487 3140 martyrum.

247 3160 513 3224 Adjectum
541 3166 649 3209 erat
678 3168 858 3224 postea
884 3158 944 3208 ad
968 3172 1063 3211 ms.
1097 3156 1175 3219 D.,
1203 3155 1266 3209 In
1294 3156 1475 3210 Cilinio
1502 3166 1697 3224 monte;

1868 2813 1954 2880 νη
1985 2817 2104 2870 alibi
2132 2826 2153 2853 ε
2176 2816 2403 2887 Januarii
2425 2858 2439 2879 ,
2476 2814 2770 2873 Alexandri.
2824 2819 2904 2882 Β..
2933 2820 3312 2887 Romaapassio

1796 2894 2088 2937 sanctorum
2110 2884 2328 2938 militum
2347 2902 2557 2937 nurnero
2584 2903 2666 2938 xv.
2700 2887 2753 2941 In
2776 2887 3081 2942 Alexandria
3104 2884 3313 2945 Maximi

1798 2954 2106 3022 presbyteri,
2139 2955 2353 3006 Amandi
2380 2963 2432 3007 et
2457 2953 2710 3009 Januarii.

1867 3062 1950 3114 10.
1977 3090 2042 3099 -
2066 3054 2127 3113 IV
2157 3060 2288 3113 lous.
2324 3060 2476 3113 Vacat
2508 3060 2679 3113 Bmda.

1866 3148 1947 3210 D.,
1977 3148 2156 3200 Roma:
2184 3148 2263 3199 via
2293 3148 2495 3200 Aurelia
2526 3154 2542 3191 τ
2572 3146 2819 3211 Basilidis,
2848 3140 3087 3215 Tripodis
3114 3157 3165 3205 et
3189 3156 3320 3207 alio-

168 3225 227 3278 ivt
265 3228 304 3277 Α
325 3215 471 3286 'vero,
504 3228 553 3277 in
584 3215 741 3278 monte
781 3225 933 3276 CCBftO
968 3215 1171 3277 flente.
1205 3226 1423 3278 Additur
1450 3226 1499 3277 in
1524 3226 1605 3287 1%.,
1637 3223 1699 3275 Et
1728 3228 1771 3287 C
1801 3231 1947 3287 Nm,
1979 3216 2060 3278 3-.
2091 3215 2267 3287 Romi?
2298 3217 2803 3287 ηιίιῇζῢηζυεδὶίίάὶεν
2836 3216 3043 3287 Bogali.
3075 3218 3311 3273 Martiani

170 3293 200 3329 ά
243 3292 487 3344 Viuccntii
516 3302 687 3357 mart.;
734 3293 785 3345 in
826 3292 885 3344 L.
914 3303 1108 3354 autem,
1142 3291 1313 3345 Roma:
1352 3294 1431 3344 via
1471 3292 1695 3345 Numen-

173 3371 324 3413 (arta.

256 3448 439 3498 Florus
470 3449 517 3498 in
547 3446 607 3498 A.
636 3446 719 3510 T.,
740 3447 938 3513 Aginno
966 3447 1135 3511 passio
1160 3445 1215 3501 S.
1237 3445 1262 3481 ά
1286 3445 1529 3499 Vincentii
1561 3460 1699 3498 mar-

176 3536 334 3605 tyris,
365 3536 452 3603 qui
480 3536 694 3588 leviticae
723 3538 869 3588 stolae
898 3537 1125 3589 candore
1154 3538 1369 3599 micans,
1408 3548 1499 3600 pro
1523 3544 1700 3586 amore

174 3625 371 3676 Christi
400 3624 701 3692 martyrium
733 3626 969 3690 adeptus,
999 3624 1197 3691 magnis
1224 3624 1515 3691 smpissime
1542 3622 1700 3675 virtu—

174 3712 317 3763 tibus
343 3710 519 3777 fulget.
1603 3696 1610 3703 ’

1802 3293 1853 3335 et
1888 3285 2104 3336 aliorum
2142 3283 2337 3349 viginti.
2392 3284 2473 3344 V..
2505 3285 2681 3335 Roma:
2712 3286 2791 3335 via
2824 3283 3027 3338 Aurelia
3070 3289 3313 3342 milliaria

1804 3352 2005 3405 decimo
2053 3352 2225 3412 tertio,
2276 3353 2466 3411 Basilii,
2497 3359 2519 3395 Β
2548 3353 2757 3419 Autisii.
2809 3351 3010 3419 Rogati,
3057 3356 3311 3411 Januarii.

1798 3419 1880 3481 L.,
1923 3419 2097 3471 Roma:
2127 3420 2204 3469 via
2238 3419 2439 3486 Aurelia
2483 3421 2651 3483 passio
2696 3417 2793 3472 SS.
2825 3417 3031 3486 Rogati,
3077 3422 3311 3478 Januarii

1798 3502 1917 3538 cum
1969 3486 2121 3537 sociis
2151 3484 2415 3545 tredecim.
2458 3490 2518 3537 Λ.
2572 3486 2657 3548 Τ..
2706 3487 2881 3538 Romae
2908 3484 3077 3543 natale
3130 3494 3312 3545 Basili-

1797 3554 1913 3619 dis,
1943 3553 2119 3619 Rogati
2149 3562 2199 3604 et
2232 3552 2469 3603 Victoris.
2501 3552 2560 3604 Τ.
2596 3554 2676 3615 ll.,
2712 3554 2763 3605 ln
2796 3554 3088 3608 Nicomedia
3135 3561 3307 3612 natale

1797 3622 1849 3673 S.
1868 3618 2171 3699 .Zacbariae.
2199 3619 2277 3683 8.,
2304 3619 2356 3672 lu
2387 3620 2744 3674 Autissiodoro
2771 3621 3025 3690 depositio
3048 3623 3071 3659 ⁵
3094 3624 3313 3680 Censori

1798 3702 2023 3756 episcopi
2034 3728 2047 3741 .

1539 3794 1739 3849 SMITII
1776 3795 1998 3851 NOTAE.

254 3889 281 3915 ⁸
309 3882 598 3935 Audumari.
626 3881 854 3936 Molanus
875 3883 924 3934 in
947 3882 1293 3935 additionibus
1318 3882 1379 3933 ad
1409 3880 1692 3935 lfsuardnm

174 3950 245 4004 de
276 3952 373 4003 hac
393 3951 749 4002 Translatione
780 3952 853 4003 sic
882 3954 1063 4003 scrihit
1090 3967 1101 4001 :
1135 3968 1152 3999 ι
1189 3950 1498 4002 Monasterio
1524 3948 1560 4001 S
1585 3950 1692 4002 tltiu

175 4019 365 4072 relatio
405 4020 459 4069 S.
490 4017 767 4069 Audomari
813 4018 1036 4083 episcopi
1080 4022 1284 4082 quando
1326 4018 1379 4068 S.
1410 4014 1697 4083 Folqniuus

176 4099 374 4152 corpus
423 4084 535 4153 ejus
586 4087 756 4153 fugato
787 4084 997 4153 Hugone
1026 4085 1211 4135 abbate
1258 4085 1324 4136 de
1374 4084 1696 4153 Lishonrch,

181 4150 361 4205 retulit
387 4150 521 4204 anno
551 4150 669 4211 845‘,
721 4162 773 4202 et
818 4155 867 4201 in
899 4152 1064 4205 Stthiu
1092 4152 1237 4215 juxta
1266 4165 1452 4217 corpus
1486 4150 1544 4203 Β.
1575 4153 1697 4203 Ber-

182 4222 278 4270 tini
310 4222 403 4272 sub
434 4230 567 4271 terra
600 4219 905 4271 recondidit.
948 4218 1038 4272 Ubi
1072 4233 1162 4283 per
1193 4217 1383 4271 multos
1414 4232 1575 4269 annos
1602 4219 1697 4269 ho-

183 4288 354 4337 mines
382 4289 588 4351 quidem
620 4287 795 4348 latuit;
829 4296 879 4337 at
908 4286 1169 4339 revelatus
1198 4292 1298 4350 est,
1332 4287 1415 4337 ubi
1448 4287 1697 4337 Dominus

181 4352 369 4404 voluit.
403 4371 421 4401 ι
762 4369 773 4383 ·

256 4418 285 4457 δ
314 4420 611 4472 Saluslintti.
664 4419 926 4470 Ferrarius
968 4419 1019 4488 in
1063 4421 1297 4487 catalogo
1327 4418 1548 4488 generali
1579 4428 1695 4471 eum

186 4499 375 4540 censet
404 4490 533 4539 inter
559 4488 879 4537 Calaritanos
909 4486 1177 4552 episcOpOS
1206 4486 1602 4540 numerandum.

261 4565 283 4590 ε
316 4554 576 4605 Pelii-iani.
623 4554 729 4607 Sub
759 4554 1073 4605 Diocletiano
1112 4564 1164 4606 et
1192 4555 1501 4606 Maximiano
1530 4555 1694 4619 impe—

187 4624 470 4674 ratoribus.
528 4623 583 4673 lli
631 4622 837 4688 gloriosi
882 4631 1153 4686 martyres,
1186 4638 1319 4674 nunc
1348 4622 1499 4673 simul
1532 4626 1694 4688 paria,

186 4704 329 4739 nunc
368 4690 661 4756 singillatim
691 4690 891 4741 diversa
918 4728 933 4751 ,
982 4698 1034 4738 et
1077 4691 1328 4755 exquisita
1378 4691 1698 4752 perferentes

185 4766 471 4818 tormenta,
504 4759 707 4808 tandem
756 4770 784 4806 a
834 4757 1070 4807 Promoto
1118 4758 1332 4817 praeside
1375 4757 1699 4807 Numentano

183 4823 363 4889 gladio
392 4824 729 4875 animadversi
771 4832 909 4873 sunt.
961 4822 1187 4883 Usuxso,
1218 4826 1347 4874 Aoo.
1397 4823 1699 4889 Theodorus

187 4888 322 4957 papa
354 4894 711 4955 prrdictorum
742 4898 1021 4955 martyrum
1060 4903 1275 4955 corpora
1318 4904 1431 4955 quae
1454 4888 1614 4942 erant
1646 4891 1697 4941 in

185 4960 430 5009 arenario
476 4960 553 5009 via
602 4958 914 5007 Nomentana
942 4994 955 5015 ,
1008 4957 1229 5009 eleVavit
1258 4996 1273 5019 ,
1323 4966 1375 5010 et
1421 4958 1469 5009 in
1521 4960 1699 5010 urbem

188 5025 498 5085 transtullt,
550 5024 936 5088 recinididitque
988 5023 1038 5073 in
1091 5024 1301 5077 basilica
1352 5025 1406 5077 S.
1458 5024 1698 5089 Stephani

188 5092 587 5169 protomartyris
623 5094 883 5157 multaque
927 5090 1061 5142 dona
1106 5091 1307 5144 obtulit.
1358 5091 1607 5144 Batonius
1648 5093 1699 5144 in

186 5168 347 5212 notis.

263 5227 290 5262 ά
327 5224 587 5276 Vincentii.
636 5225 834 5289 Aginno
864 5226 975 5277 loco
1006 5224 1318 5288 Pompeiano
1360 5226 1518 5291 passi.
1572 5228 1698 5279 Ano.

187 5294 265 5348 De
313 5294 573 5363 miraculis
618 5292 687 5363 ad
726 5292 838 5363 ejus
882 5295 1173 5357 sepulcrum
1216 5292 1514 5363 editis__agit
1543 5292 1698 5363 Greg.

190 5363 389 5413 Turon.
423 5362 511 5413 lih.
540 5360 602 5411 de
633 5358 803 5411 Gloria
834 5367 1110 5427 martyrum
1155 5368 1269 5425 cap.
1304 5358 1422 5423 105,
1450 5358 1525 5413 'et
1573 5358 1701 5414 Hist.

192 5440 284 5490 vn,
315 5428 399 5479 55.
453 5427 581 5478 Huic
609 5435 787 5478 sancto
816 5428 1026 5494 martyri
1059 5429 1235 5479 Patres
1284 5428 1333 5479 iu
1364 5429 1581 5481 concilio
1608 5428 1705 5481 Ca-

190 5496 446 5549 bilonensi
476 5495 793 5561 c0ugregati,
820 5507 912 5557 pro
934 5495 1031 5543 vita
1056 5494 1335 5547 Cblodovci
1365 5496 1500 5562 regis
1528 5510 1704 5559 preces

192 5564 512 5625 obtulerunt,
541 5572 593 5613 ut
621 5570 818 5613 constat
848 5572 907 5611 ex
936 5562 1047 5623 ejus
1075 5563 1257 5627 synodi
1287 5564 1414 5614 actis
1441 5577 1489 5613 c.
1518 5565 1563 5613 ‘l.

262 5640 285 5665 ο
315 5631 566 5680 Januarii.
604 5630 661 5680 Ili
694 5631 742 5681 in
769 5628 1071 5681 Alexandria
1100 5630 1232 5691 passi
1262 5640 1379 5680 sunt
1407 5645 1521 5683 cum
1548 5629 1701 5684 Maxi-

192 5716 275 5755 mu
305 5708 358 5752 et
384 5699 635 5750 Amando.
670 5697 927 5763 Martyrol.
960 5694 1281 5761 Hieronymi.

1720 4458 1772 4513 Β

1874 3880 1889 3918 ι
1925 3879 2183 3958 Basilidis.
2207 3881 2280 3958 _E_t
2305 3875 2563 3958 Tripodis,
2594 3883 2825 3958 tetttpore
2852 3884 3119 3958 Aureliani
3148 3888 3316 3958 impos

1799 3950 1985 4002 ratoris
2012 3944 2144 4014 apud
2174 3944 2431 4002 civitatem
2461 3944 2788 4005 Aurelianam
2818 3956 3133 4009 claruerunt.
3173 3944 3302 4011 Cum

1800 4018 1951 4088 enim
1971 4018 2214 4088 Basilides
2251 4026 2399 4088 esset
2436 4018 2672 4088 officialis
2715 4022 2938 4077 Platonis
2984 4026 3213 4088 prafecti
3258 4028 3309 4080 itt

1803 4084 2034 4149 partibus
2058 4084 2307 4153 (trientis,
2333 4085 2571 4153 Christus
2601 4090 2646 4137 ei
2676 4091 2941 4153 apparuit,
2986 4084 3039 4142 et
3069 4093 3308 4146 tninisteo

1802 4153 1933 4227 rium
1980 4151 2185 4227 gentilis
2236 4163 2290 4201 ut
2335 4150 2645 4227 relinqueret
2676 4150 2987 4227 mandavit;
3047 4160 3315 4227 navigavit

1802 4218 1959 4294 igitur
1987 4218 2240 4294 Basilides
2270 4232 2384 4294 cum
2413 4221 2565 4271 sociis
2597 4221 2646 4271 in
2676 4218 3198 4294 Italiamad’portun't
3229 4230 3311 4279 ci~

1802 4285 1974 4357 vitatis
2023 4286 2263 4357 Aurelim.
2313 4285 2452 4357 _Cum
2502 4296 2675 4337 autem
2725 4285 3040 4357 audivissent
3089 4296 3315 4357 qualiter

1801 4352 2107 4404 Aurelianus
2135 4354 2452 4404 Christianos
2482 4356 2898 4420 persequebatur,
2940 4358 3003 4409 ad
3048 4352 3309 4413 civitatem

1804 4434 1877 4471 Ire
1908 4420 2170 4493 timebant.
2218 4422 2411 4493 lterum
2440 4432 2610 4472 autem
2655 4425 2728 4474 eis
2756 4422 2995 4475 Christus
3032 4430 3268 4492 apparuit
3294 4468 3313 4493 ,

1798 4498 1852 4539 ct
1880 4502 1969 4538 eos
1998 4490 2116 4539 cibo
2155 4488 2362 4546 refecit;
2414 4496 2463 4537 ct
2513 4498 2780 4553 postquam
2826 4488 3177 4546 comedissent
3214 4488 3311 4548 ob:

1798 4556 2140 4606 dormierunt.
2174 4556 2317 4606 Mane
2338 4570 2459 4607 vero
2482 4569 2536 4606 se
2558 4560 2839 4611 excitantes
2861 4561 2923 4609 ad
2948 4562 3113 4622 ipsum
3141 4562 3311 4616 locum

1798 4622 1883 4673 ubi
1914 4624 1977 4673 de
2006 4622 2119 4672 navi
2152 4623 2386 4674 exierant
2414 4638 2471 4674 se
2499 4625 2821 4677 invenerunt.
2854 4627 3074 4679 Orantes
3098 4629 3217 4680 dein
3245 4630 3313 4684 ad

1796 4689 2061 4741 Christum
2087 4699 2139 4740 ut
2164 4704 2339 4742 eorum
2363 4691 2559 4742 animas
2581 4696 2627 4742 in
2653 4708 2777 4756 pace
2798 4695 3109 4759 susciperet,
3127 4698 3313 4751 cadent

1798 4759 1921 4808 liora
1955 4759 2194 4821 spiritum
2226 4760 2525 4809 emiserunt.
2560 4759 2810 4814 Psrn..n'e
2838 4760 3038 4814 ΝΑτΑι..

1873 4833 1897 4869 s
1933 4826 2138 4897 Aurisii.
2191 4826 2300 4881 Hie.
2331 4826 2414 4890 qui
2446 4826 2635 4897 dicitur
2661 4837 2713 4876 et
2738 4826 2974 4897 Aresius,
3007 4840 3055 4881 et
3088 4829 3313 4897 Rogatus

1796 4890 1939 4963 juxta
1976 4894 2338 4963 Hieronymum
2358 4926 2371 4952 ,
2423 4896 2475 4943 et
2521 4892 2724 4945 lla-dant
2756 4896 2915 4963 vulg.,
2944 4906 2997 4949 et
3027 4890 3235 4960 L‘aroi.,
3266 4900 3319 4953 in

1801 4959 1967 5011 Africa
1999 4961 2134 5023 passi
2163 4959 2299 5011 sunt.

1867 5023 1889 5060 ῖι
1922 5026 2147 5079 Cettsuri.
2178 5027 2272 5089 Qui
2318 5023 2450 5077 sedit
2480 5041 2640 5078 annos
2669 5027 2756 5088 38,
2806 5044 3009 5083 menses
3037 5028 3088 5092 3,
3122 5030 3233 5085 dies
3254 5034 3306 5087 ϐ.

1802 5094 1889 5145 ilic
1936 5106 2015 5145 est
2063 5095 2208 5157 cujus
2248 5095 2567 5161 temporibus
2601 5097 2928 5147 Cuttstanlius
2980 5108 3155 5151 orator
3211 5104 3310 5151 nli-

1802 5170 1944 5228 t_cntu
1991 5161 2047 5213 S.
2097 5164 2339 5214 Patientis
2382 5162 2735 5228 Lugdunensis
2763 5167 2987 5228 episcOpi
3036 5167 3198 5219 Vitam
3248 5170 3312 5218 Β.

1800 5226 2039 5297 Germani
2066 5230 2224 5281 edidit
2252 5226 2497 5297 Omnique
2521 5230 2778 5297 diligentia
2801 5226 3119 5285 elaboratam
3143 5228 3308 5287 eidem

1802 5295 2126 5360 posti‘odum
2174 5298 2417 5362 episcopo
2463 5295 2713 5347 Censurio
2758 5296 3044 5351 habendam
3102 5302 3308 5353 direxit.

1802 5364 2041 5425 Sepultus
2067 5374 2150 5415 est
2197 5366 2246 5415 in
2290 5363 2506 5431 ecclesia
2535 5364 2589 5415 S.
2618 5362 2876 5431 ,Germani
2905 5370 3150 5431 eptsmpi.
3197 5367 3326 5420 Fuit-

1802 5440 1971 5504 antem
2016 5432 2329 5504 temporibus
2362 5430 2811 5504 Felii:is,_Celasii.
2858 5430 3133 5493 Anastasii,
3164 5440 3317 5504 Sym-

1804 5499 1992 5557 machi,
2042 5510 2194 5561 atque
2243 5499 2525 5551 Hormisda:
2575 5498 2923 5552 Romanorum
2974 5498 3315 5565 pomillciini;

1806 5566 2176 5627 imperantibus
2208 5567 2477 5635 Anastasio
2496 5577 2550 5618 et
2576 5566 2777 5622 ,ιυειὶιηι
2798 5568 3018 5635 seniore.
3048 5570 3177 5623 Hist.
3206 5575 3314 5635 epi-

1804 5647 2076 5754 ilsxeili’poaum
2118 5634 2641 5689 Autissiodurensium
2689 5634 2820 5699 apud
2870 5634 3090 5703 Philippi
3140 5634 3313 5690 Labbe

1850 5720 1860 5754 Ι
1924 5738 1936 5752 υ
1972 5732 1980 5751 t
2014 5716 2179 5753 ovain.

1825 5705 1936 5754 libi.
1972 5705 2179 5753 Novam.
