3888 6336
235 405 340 461 985

1296 406 1476 459 SEC'I’.
1518 406 1575 456 II.
1615 432 1681 442 -—
1718 402 2251 456 .llARTYIlOLOCIA.

3232 395 3331 451 9‘8

1468 506 1681 559 EDI'I'IO
1717 506 2156 560 COLUNIENSIS.

308 602 366 655 C.
398 602 510 654 lous
550 601 702 653 latnt.
734 627 799 637 —
844 597 1016 651 Romae
1060 596 1226 649 natale
1266 606 1454 649 sancta:
1499 595 1738 647 Felicola:
1767 596 1978 660 Aqueri
2019 594 2155 659 jnssa
2200 602 2307 655 est,
2359 592 2522 643 donec
2568 590 2824 642 emitteret
2868 589 3141 655 spiritum:
3191 595 3242 639 et
3272 587 3347 638 sic

238 687 475 754 virginis,
523 700 671 749 quam
718 698 830 736 cum
874 683 1083 737 Flaccus
1129 696 1303 734 comes
1342 691 1453 747 post
1480 694 1747 733 excessum

240 773 543 827 Petronellae
565 771 717 824 vellet
739 771 923 823 ducere
946 784 1175 835 uxorem,
1200 780 1350 834 atque
1370 768 1432 819 ad
1453 770 1747 821 terrenti-nm

236 878 354 915 eam
384 863 729 928 proposuisset
751 861 920 911 dicens
952 876 965 909 :
996 858 1164 912 Unum
1197 857 1287 911 tibi
1313 872 1341 909 e
1369 857 1566 909 duobus
1594 857 1746 923 elige,

236 961 329 1002 aut
352 928 462 1002 ista
492 963 615 1000 uxor
636 962 766 1008 mea,
798 956 881 998 aut
902 946 1001 999 diis
1030 947 1257 998 sacriﬁca
1287 962 1300 1007 ;
1352 958 1653 1009 responsum
1684 945 1747 997 ab

232 1051 298 1089 ea
328 1036 507 1103 accipit
536 1053 545 1084 :
580 1034 680 1087 Nec
710 1048 834 1085 uxor
866 1041 949 1085 tua
978 1047 1068 1085 era
1116 1032 1255 1099 (quia
1302 1032 1508 1083 Christo
1550 1040 1745 1083 sacrata

234 1126 401 1190 sum),
454 1138 547 1195 nec
590 1123 863 1176 immolabo
895 1123 1045 1175 idolis
1091 1122 1227 1187 (quia
1269 1121 1560 1173 Christiana
1587 1122 1746 1184 sum).

233 1208 384 1263 'I'unc
426 1209 636 1262 Flaccus
665 1209 868 1261 tradidit
894 1223 1005 1260 eam
1035 1207 1243 1268 vicario,
1289 1208 1374 1271 qui
1403 1206 1522 1260 fecit
1553 1221 1666 1259 eam
1698 1208 1749 1261 in

234 1298 514 1352 tenebroso
534 1298 697 1350 claudi
728 1296 975 1359 cubiculo,
1010 1296 1123 1349 sine
1143 1295 1259 1347 cibo
1286 1309 1377 1362 per
1394 1304 1589 1358 septem
1617 1293 1746 1346 dies.

236 1386 361 1439 Post
392 1386 501 1439 hac
537 1386 788 1437 duxerunt
830 1399 942 1436 eam
986 1383 1047 1435 ad
1079 1382 1295 1448 virgines
1342 1380 1510 1433 Vesta:
1536 1420 1548 1441 ,
1580 1382 1751 1447 ibique

236 1489 332 1539 per
364 1475 555 1537 alteros
581 1483 774 1539 septem
808 1473 915 1524 dies
939 1472 1047 1525 sine
1068 1471 1182 1522 cibo
1199 1470 1510 1537 permansit;
1533 1483 1594 1520 eo
1614 1468 1747 1534 quod

235 1562 381 1613 nulla
410 1562 605 1613 ratione
632 1560 800 1612 cibum
831 1568 1088 1624 pateretur
1134 1556 1394 1632 decorum
1427 1568 1578 1605 manu
1617 1554 1750 1605 acci-

238 1634 382 1712 pere.
413 1646 606 1701 Dehinc
634 1646 791 1699 levata
821 1654 897 1697 est
926 1645 975 1696 in
1005 1643 1275 1709 equuleum
1296 1684 1311 1709 ,
1358 1651 1408 1695 et
1433 1640 1605 1694 tandiu
1648 1649 1754 1692 tor-

1851 680 2159 747 praecipitata
2188 688 2263 730 est
2292 678 2340 729 in
2363 676 2611 738 cloacam,
2635 689 2786 742 quam
2812 685 3015 727 sanctus
3047 673 3350 728 Nicomedes

1852 765 2115 832 presbyter
2138 765 2269 825 tulit,
2298 774 2347 817 et
2377 762 2607 829 sepelivit
2628 764 2847 826 septimo
2874 761 3109 815 milliario
3136 761 3200 814 ab
3221 763 3349 815 urbe

1852 854 2032 907 Roma.
2057 853 2109 904 In
2141 852 2330 913 Africa,
2362 852 2565 905 Luciaui
2591 862 2643 905 et
2666 852 2947 903 Fortunati.

1918 941 1977 991 D.
2008 938 2158 991 XVIII
2183 939 2431 1000 Busan.
2459 938 2612 992 Juut.
2644 967 2709 976 -—
2734 938 2936 991 llelismi
2966 938 3244 1004 prophetae,
3267 939 3351 1005 qui

1848 1029 1978 1094 apud
2001 1029 2277 1081 Samariam
2307 1028 2555 1079 Palaestini
2583 1028 2711 1080 Situs
2738 1037 2837 1091 est,
2866 1028 2949 1078 ubi
2975 1036 3024 1079 et
3054 1026 3241 1078 Abdias
3267 1040 3349 1079 re-

1848 1114 2080 1180 quiescit,
2112 1123 2159 1166 et
2178 1128 2278 1178 quo
2303 1113 2465 1177 major
2488 1114 2617 1165 inter
2641 1124 2784 1164 natos
2810 1114 3079 1165 mulierum
3113 1126 3211 1164 non
3236 1112 3349 1171 fuit,

1850 1200 2067 1253 Joannes
2095 1201 2339 1265 Baptista,
2367 1200 2455 1251 ubi
2482 1200 2633 1252 multa
2664 1200 2907 1251 miracula
2936 1200 3080 1251 ﬁunt.
3115 1198 3352 1251 Suessio-

1855 1290 1933 1342 nis
1962 1289 2166 1340 civitate
2196 1290 2361 1354 passio
2405 1295 2694 1339 sanctarum
2736 1298 3041 1354 martyrum,
3090 1285 3276 1337 Valerii
3309 1296 3359 1337 et

1854 1376 2039 1429 lluﬁni.
2089 1374 2231 1440 Apud
2275 1374 2558 1426 Caesaream
2605 1374 2937 1439 Cappadocia:
2980 1374 3141 1425 sancti
3186 1373 3359 1426 Basilii

1850 1463 2092 1529 episcOpi,
2151 1463 2318 1514 fratris
2368 1461 2594 1529 Gregorii
2640 1472 2692 1515 et
2735 1462 2890 1515 Petri.
2939 1461 3146 1515 Viennre
3190 1462 3355 1515 sancti

1854 1549 2040 1601 Etherii
2065 1549 2307 1613 episc0pi.

1925 1638 1983 1689 Ε.
2018 1636 2147 1688 XVII
2171 1634 2399 1687 Κλιεκυ.
2430 1634 2580 1687 lunt.
2611 1664 2677 1677 —
2716 1636 2858 1703 Apud
2885 1636 3104 1688 Siciliam
3149 1645 3351 1688 sancto-

1441 1746 1655 1802 EDITIO
1693 1742 2179 1802 BOLLANDIANA.

313 1861 397 1916 l5.
425 1888 493 1900 —
538 1860 715 1913 latens.
746 1858 798 1911 In
826 1857 996 1910 Africa
1024 1857 1193 1909 natale
1220 1857 1312 1910 SS.
1346 1858 1577 1925 Luciani,
1620 1855 1747 1908 For-
1780 1859 1823 1915 Β
1851 1853 2169 1919 subjungens
2206 1850 2447 1917 elogium)
2479 1859 2707 1914 tempore
2759 1848 3051 1901 Diocletiani
3083 1857 3136 1902 et
3185 1847 3344 1901 Maxi-

240 1952 406 2005 tunati
431 1960 483 2005 et
510 1950 872 2011 Crescentiani,
903 1949 1075 2001 Romaz
1099 1948 1157 2001 S.
1193 1957 1217 1985 ιι
1243 1948 1497 2001 Ρειὶουισε.

313 2036 373 2089 V.
405 2038 461 2090 Β.
489 2037 548 2089 C.
593 2035 766 2100 primis
790 2035 984 2087 addunt
1031 2035 1209 2099 ultimo
1246 2048 1428 2087 nomen
1469 2034 1648 2086 Teclw.
1684 2033 1745 2087 D.

235 2120 422 2157 omnes
450 2104 621 2157 omisit
648 2118 922 2168 eorumque
954 2106 1064 2155 loco
1093 2118 1155 2155 ex
1208 2104 1437 2169 sequenti
1482 2102 1564 2154 die
1594 2102 1747 2153 habet

244 2171 517 2225 Heliadum
562 2169 995 2239 ῃνρριιειιιηιμτη
1045 2170 1287 2239 Candavo
1312 2180 1483 2223 castra
1526 2170 1741 2223 elevatio

237 2240 469 2308 corporis
494 2240 547 2293 S.
579 2236 602 2273 δ
632 2236 912 2291 Landualdi
938 2238 1262 2290 confessoris.
1737 2262 1741 2271 -

310 2367 395 2419 Η.
420 2393 490 2406 --
518 2360 669 2418 XVIII
718 2364 847 2418 KAL.
874 2364 1026 2417 Juut.
1077 2377 1098 2402 ο
1130 2363 1339 2417 Ηυιιῑτεί
1368 2366 1627 2431 prapbetz
1647 2364 1749 2418 Au-

238 2456 447 2509 relianis
471 2457 675 2507 civitate
706 2453 969 2507 translatio
1009 2454 1242 2520 corporis
1274 2452 1329 2507 S.
1363 2454 1388 2492 ἀ
1413 2452 1597 2505 Aniani
1640 2450 1747 2520 epi-

242 2545 384 2611 scopi
414 2552 465 2596 et
490 2543 819 2596 confessoris.

313 2633 456 2699 IniD.
486 2633 723 2683 scribitur
751 2632 930 2683 natalis
961 2648 977 2693 ,'
1010 2631 1061 2683 in
1094 2631 1153 2683 V.
1190 2632 1246 2682 Β.
1297 2629 1355 2682 C.
1406 2630 1744 2699 interponitur

208 2699 306 2750 \Et
333 2698 587 2777 ρἐιιευιω,
612 2713 795 2751 nomen
819 2714 879 2751 ex
907 2699 989 2751 die
1021 2700 1326 2763 prtccedentl
1354 2712 1620 2765 perperam
1665 2713 1747 2752 re-

244 2776 475 2831 petitum.

310 2876 494 2931 Florus
522 2876 569 2931 in
601 2879 662 2932 Α.
689 2876 750 2930 Τ.
780 2874 862 2941 L.,
897 2878 946 2930 In
982 2892 1109 2945 pago
1134 2875 1427 2931 Snessionis
1456 2875 1622 2943 passio
1647 2873 1743 2930 SS.

236 2965 428 3021 Valerii
448 2977 499 3021 et
527 2970 549 2996 ⁹
582 2968 690 3020 Ruﬁ
719 2966 824 3035 ιι...
850 2965 1039 3034 Rufini}
1071 2977 1348 3033 martyrum
1375 2980 1391 3018 :
1416 2966 1501 3032 qui
1528 2965 1605 3031 (ut
1628 2978 1737 3031 pro-

1854 1941 2006 1993 miani
2040 1941 2199 1991 lloma
2228 1939 2419 2006 egressi
2447 1948 2500 1991 et
2524 1937 2713 1991 Gallias
2740 1940 2960 2003 aggressi
2988 1952 3016 1988 a
3056 1936 3343 1991 Rictiovaro

1853 2027 2093 2095 pra-lecto
2121 2025 2498 2092 comprehensi,
2523 2024 2718 2077 catenis
2741 2038 2801 2077 ac
2828 2023 3021 2077 carceri
3052 2024 3345 2090 mancipati,

1850 2115 2079 2184 equuleis
2118 2115 2372 2179 suspensi,
2404 2114 2677 2181 plumbatis
2720 2114 2858 2177 cesi,
2913 2121 3050 2165 tanta
3086 2127 3345 2180 poenarum

1850 2213 1967 2258 sunt
2013 2204 2292 2257 acerbitate
2338 2200 2533 2265 afﬂicti,
2578 2210 2633 2255 ut
2664 2211 2819 2255 totam
2864 2201 3095 2268 corporis
3123 2202 3343 2269 speciem

1851 2306 2005 2346 unum
2034 2292 2215 2343 vulnus
2262 2290 2559 2353 abduceret,
2602 2299 2653 2343 et
2680 2304 2837 2342 carne
2862 2289 3121 2344 deﬂuente
3147 2301 3345 2345 secreta

1849 2378 2097 2431 viscerum
2148 2378 2510 2443 pauderentur.
2558 2377 2744 2444 Sicque
2783 2376 2964 2429 iterum
3009 2378 3061 2429 in
3089 2391 3348 2433 carcerem

1844 2465 1985 2519 missi
2012 2474 2062 2520 et
2090 2466 2275 2518 ibidem
2305 2466 2369 2519 ab
2393 2466 2577 2534 angelo
2612 2466 2809 2520 Domini
2834 2466 3128 2532 confortati,
3171 2466 3235 2519 ad
3264 2467 3342 2519 ul-

1844 2560 2017 2613 timum
2043 2559 2210 2625 gladio
2242 2558 2557 2627 jugulantur.

1914 2668 1965 2721 In
1994 2668 2054 2721 Τ.
2086 2668 2288 2719 additur
2316 2676 2361 2719 et
2396 2672 2413 2709 ῐ
2446 2668 2669 2719 liberatio
2693 2668 2849 2733 ipsius
2879 2668 3082 2720 civitatis
3106 2684 3137 2720 α
3184 2668 3340 2722 Wan-

1848 2738 1993 2789 dalis.
2023 2737 2086 2791 A.
2114 2737 2173 2787 Τ.
2208 2735 2285 2793 Β..
2318 2736 2369 2786 In
2404 2736 2628 2802 Aquileia
2658 2732 2823 2786 natale
2853 2735 2908 2789 S.
2942 2744 2964 2780 κ
2995 2736 3151 2791 Proti.
3181 2736 3260 2795 Β..
3290 2738 3341 2788 Ιιι

1848 2806 2007 2858 Gallia
2036 2803 2323 2857 Snessionis
2352 2802 2556 2855 civitate
2588 2803 2757 2870 passio
2780 2801 2873 2855 SS.
2912 2803 3078 2858 llulini
3107 2813 3157 2858 et
3186 2803 3344 2859 Vale—

1847 2873 1907 2928 rii
1938 2882 2233 2939 martyrum.

1914 2963 1996 3017 15.
2021 2994 2090 3005 --
2116 2961 2249 3015 XVII
2278 2961 2409 3015 KH...
2450 2960 2623 3013 Natale
2649 2960 2702 3013 S.
2728 2959 2752 2996 ¹³
2795 2960 2892 3013 Viti
2921 2963 3177 3030 martyris.

236 3056 466 3124 sequitur
494 3055 553 3108 L.
603 3057 790 3118 solum,
838 3054 992 3108 Floro
1039 3054 1373 3109 nihilominus
1399 3052 1747 3121 imputandum
1777 3056 1823 3117 ο
1923 3050 2073 3103 Addit
2100 3049 2159 3101 V.
2186 3058 2236 3103 et
2270 3049 2327 3102 C.
2358 3048 2571 3102 Modesti
2600 3057 2649 3101 et
2677 3047 3005 3101 Crescentiai.

1541 3158 1738 3213 SMITH
1774 3156 1985 3212 NOTAE.

308 3259 331 3286 ⁸
361 3248 616 3303 ΡειὶοιιΙω.
647 3248 769 3313 Qum
795 3246 887 3300 fuit
933 3246 1255 3301 collaclanea
1287 3245 1591 3301 Petronellae
1634 3250 1738 3301 vir-

232 3317 367 3385 ginis
391 3333 423 3370 n
450 3316 564 3369 Kal.
587 3317 719 3369 Junii
736 3316 1011 3385 celebrata:
1032 3329 1097 3385 ;a
1126 3315 1309 3368 Flacco
1333 3326 1507 3368 autem
1530 3316 1735 3385 comite,

232 3383 323 3450 qui
351 3394 465 3453 post
489 3385 683 3437 obitum
710 3384 767 3437 S.
815 3384 1137 3453 Petronellte.
1167 3397 1317 3453 quam
1366 3385 1505 3449 prius
1530 3383 1739 3453 adama-

236 3449 365 3517 hat,'
396 3453 576 3505 tradita
614 3461 710 3514 est,
760 3452 971 3519 quiarei
1016 3452 1177 3504 noluit
1222 3452 1435 3513 nubere,
1468 3460 1563 3519 nec
1591 3449 1738 3503 idolis

235 3519 525 3580 iuunolare,
574 3518 787 3571 cuidam
818 3518 998 3583 judici,
1030 3520 1114 3583 qui
1163 3533 1276 3571 eam
1325 3519 1375 3570 in
1427 3518 1749 3572 confessione

234 3587 425 3639 Christi
456 3594 892 3652 perseverantem,
918 3594 1031 3652 post
1062 3586 1433 3638 tenebricosam
1461 3584 1748 3638 custodiam

235 3663 290 3705 ιιι
318 3651 465 3705 famis
494 3655 733 3716 inediam,
768 3654 941 3705 tandiu
982 3651 1097 3704 fecit
1140 3654 1189 3703 in
1240 3654 1455 3719 equulca
1498 3653 1744 3719 torqueri,

234 3721 399 3774 donec
426 3725 686 3773 emitteret
728 3722 997 3787 spiritum;
1026 3730 1075 3771 et
1110 3721 1183 3772 sic
1225 3720 1428 3771 demum
1472 3722 1655 3787 deponi
1697 3728 1749 3771 et

232 3790 289 3841 in
314 3790 539 3841 cloacam
567 3788 870 3850 prtecipitari
902 3805 911 3838 :
945 3802 1094 3854 quam
1138 3787 1193 3840 S.
1233 3787 1535 3840 Nicomedes
1564 3788 1747 3852 sepeli-

229 3858 305 3908 vit
335 3855 425 3908 Via
471 3855 750 3907 Ardeatina
796 3857 1017 3921 septimo
1042 3854 1285 3907 milliaria
1304 3854 1368 3906 ab
1408 3856 1533 3907 urbe
1561 3855 1741 3906 Iloma.

242 3923 370 3976 Vide
397 3926 528 3989 apud
561 3926 684 3991 Acta
708 3920 1001 3991 sanctorum
1032 3937 1113 3975 res
1142 3932 1311 3990 gestas
1332 3920 1427 3976 SS.
1459 3922 1740 3991 Martyrum

230 3991 383 4044 Nerei
417 3999 469 4044 et
497 3989 731 4055 Achillei,
758 4004 826 4041 xu
857 3990 992 4043 Maii.

309 4076 333 4112 δ
369 4075 675 4129 Landunldi.
718 4078 875 4145 Cujus
923 4078 1107 4131 natalis
1133 4091 1284 4145 supra
1332 4079 1619 4134 celebratur
1660 4093 1743 4130 xw

228 4143 347 4198 Kal.
376 4144 586 4198 Aprilis.
1459 4172 1462 4176 λ

334 4182 347 4197 .
376 4161 586 4209 Aprilis.
1459 4172 1462 4176 λ

304 4222 325 4248 ε
355 4212 581 4264 Baliari.
614 4212 709 4276 Qui
760 4213 1079 4278 praphetavit
1126 4221 1177 4265 et
1220 4213 1403 4265 claruit
1430 4214 1525 4266 sub
1566 4215 1737 4268 Joram

230 4286 289 4331 et
315 4280 446 4331 Jebu
473 4291 525 4332 et
552 4280 774 4330 Joat-haz
798 4281 999 4346 regibus
1025 4281 1175 4332 Israel
1207 4282 1254 4332 in
1282 4281 1532 4333 Samaria.
1561 4284 1741 4345 Sepul-

230 4356 313 4397 tus
342 4358 414 4397 est
448 4358 616 4400 autem
646 4348 695 4398 in
723 4346 951 4401 Samaria
982 4348 1286 4411 Palaestinae,
1312 4363 1463 4413 quam
1490 4351 1737 4402 Sehasten

227 4416 281 4465 in
310 4414 575 4483 honorem
607 4415 819 4483 Augusti
868 4414 1091 4467 Herodes
1122 4417 1442 4482 postmodum
1488 4417 1687 4469 vocavit
1724 4435 1735 4468 :

233 4482 320 4532 ubi
351 4492 401 4533 et
424 4483 613 4533 Abdias
641 4485 880 4547 prapheta
912 4491 965 4534 et
989 4483 1215 4535 Joannes
1253 4484 1476 4548 Baptista
1508 4485 1737 4551 requies—

224 4552 497 4619 eunt.__Atl
537 4565 755 4619 quorum
774 4551 1167 4619 isepuleraa'aria
1210 4552 1451 4603 miracula
1487 4553 1610 4604 fiunt
1635 4572 1657 4619 ,·
1686 4562 1739 4606 ut

222 4615 355 4669 dicit
378 4613 719 4682 Hieronymus
750 4613 881 4668 libro
908 4617 970 4669 de
996 4616 1106 4668 Vita
1136 4619 1323 4671 Paulae.

222 4769 270 4823 Ν
296 4701 548 4822 ἀΑιιῖιιιί.
577 4704 731 4769 Cujus
774 4705 955 4757 natalis
998 4705 1126 4757 infra
1172 4707 1458 4760 celebratur
1499 4708 1580 4761 die
1630 4724 1739 4763 xvu

273 4785 423 4823 avem
465 4785 552 4823 ris.

273 4785 552 4824 OVBmDﬂS.

298 4865 321 4893 ο
353 4857 489 4922 Rufi.
504 4857 686 4925 iAliler
734 4857 925 4910 Rufini.
958 4858 1146 4910 llorum
1177 4872 1389 4925 corpora
1421 4861 1541 4914 dum
1585 4863 1735 4916 Chri-

222 4925 469 4992 stianiad
498 4924 843 4977 Birt-mensem
882 4927 1141 4979 civitatem
1178 4924 1379 4981 deferre
1408 4931 1629 4992 vellent,
1672 4933 1736 4984 tle

223 4994 341 5044 loco
389 4991 440 5043 in
490 5007 591 5058 quo
635 4995 883 5043 decollata
934 4995 1137 5045 fuerant
1184 4996 1472 5049 nullatenus
1524 4991 1736 5053 movere

222 5067 525 5127 potuerunt.
560 5059 733 5126 Ibique
760 5074 817 5111 ea
845 5061 1179 5125 sepelierunt.

302 5125 321 5163 ί
372 5125 655 5178 Liberalia.
696 5127 822 5178 Cum
874 5138 1044 5180 autem
1092 5128 1247 5179 Attila
1298 5128 1594 5183 Chunornm
1639 5148 1733 5187 rex

221 5194 645 5264 Aurelianensem
703 5194 963 5264 civitatem
1014 5195 1284 5247 obsidione
1342 5209 1618 5264 premeret,
1669 5203 1726 5255 S.

220 5260 453 5330 Anianns
478 5259 705 5328 ejusdem
735 5262 830 5330 loci
854 5263 1125 5329 episcopus
1156 5259 1394 5330 precibus
1438 5267 1544 5319 suis
1568 5259 1727 5321 a’Deo

218 5327 465 5379 annlium
490 5327 811 5396 impetravit;
839 5331 1016 5383 Aetius
1034 5327 1196 5389 enim.
1225 5341 1276 5383 et
1299 5331 1602 5386 Theodorus
1625 5335 1727 5388 Go-

221 5396 431 5447 thorum
463 5411 570 5459 rex,
600 5411 659 5451 ac
688 5396 1094 5449 Thorismundus
1124 5399 1257 5451 Illius
1298 5399 1416 5459 ejus
1454 5402 1517 5452 ad
1548 5404 1723 5454 civita.

217 5472 324 5535 tein
371 5476 642 5535 accurrere
690 5476 741 5535 et
785 5465 983 5535 hostem
1016 5466 1269 5531 repulere.
1328 5465 1477 5535 Creg.
1526 5470 1718 5523 'furon.

217 5529 351 5581 Hist.
384 5547 439 5593 ιι,
466 5530 515 5582 7.
550 5531 875 5599 Freodegarii
903 5529 1205 5599 Fragmenta
1234 5536 1296 5586 de
1324 5529 1455 5587 IlisC
1495 5537 1719 5589 Franco-

217 5610 354 5659 rum,
383 5613 496 5665 cap.
528 5600 576 5654 5.
604 5599 853 5654 Scribitur
881 5602 931 5653 in
960 5601 1180 5654 llistoria
1206 5606 1604 5667 patriarcharum
1632 5606 1715 5658 Bi-

1849 3248 2202 3310 turicensium,
2231 3262 2344 3313 cap.
2376 3249 2457 3313 I5,
2480 3249 2609 3316 apud
2644 3248 2772 3302 Phil.
2808 3248 3173 3302 LabhzciBibl.
3216 3249 3342 3301 Nov.

1844 3316 1899 3367 S.
1932 3319 2184 3367 Aniannm
2231 3317 2524 3368 liberavisse
2552 3318 2807 3375 civitatem
2841 3326 2989 3369 sexto
3017 3333 3150 3369 anno
3179 3318 3344 3371 Palla—

1842 3384 1909 3433 dii
1954 3384 2135 3452 decimi
2177 3383 2318 3452 tertii
2369 3384 2651 3452 Biturigum
2702 3385 3113 3451 archiepiscopi,
3156 3385 3203 3437 id
3261 3395 3343 3438 est

1842 3463 1974 3501 anno
2001 3448 2189 3502 Christi
2218 3450 2337 3503 455.

1912 3522 1935 3558 ε
1960 3515 2117 3570 Proti.
2142 3518 2235 3571 llic
2282 3531 2397 3570 cum
2419 3518 2597 3572 Cantia
2631 3526 2683 3573 et
2710 3518 2958 3571 Cantiano
2986 3532 3135 3586 supra
3158 3520 3344 3571 colitur

1843 3600 1941 3637 xxx
1965 3586 2098 3637 Maii.
2142 3586 2244 3638 llos
2280 3595 2448 3639 tamen
2470 3600 2663 3640 “omnes
2690 3586 2953 3640 Ferrarius
2975 3587 3027 3639 in
3067 3602 3159 3640 sua
3196 3588 3343 3640 Cata~

1845 3653 1961 3717 loga
2016 3656 2206 3705 enerali
2241 3654 2391 3706 hodie
2418 3666 2688 3707 memorat.

1910 3719 1936 3756 δ
1976 3668 2093 3770 ῧὶιὶ.
2126 3720 2336 3770 Modesti
2362 3734 2408 3770 et
2436 3722 2688 3770 Crescentit

1910 3719 1936 3756 δ
1976 3719 2093 3781 Viti,
2126 3720 2336 3772 Modesti
2362 3734 2408 3772 et
2436 3722 2739 3774 Crescentiaz.
2771 3722 2865 3785 Qui
2896 3723 3074 3785 beatus
3105 3723 3248 3775 Vitus
3290 3725 3341 3775 in

1845 3788 2129 3851 puerilitate
2194 3790 2462 3839 virtutibus
2510 3800 2776 3853 maturus,
2830 3791 3046 3855 primum
3115 3805 3142 3841 a
3196 3801 3338 3856 patre

1843 3869 1935 3923 suo
1956 3857 2205 3923 sacrilego
2228 3856 2371 3923 llyla,
2393 3867 2446 3907 ut
2474 3872 2501 3907 a
2531 3858 2627 3909 ﬁde
2647 3857 2939 3921 decederet,
2970 3866 3190 3910 tentatus
3216 3870 3291 3910 est
3319 3876 3331 3911 :

1847 3922 2032 3990 deinde
2060 3937 2087 3973 a
2119 3922 2386 3975 Valeriano
2425 3924 2593 3990 judice
2620 3925 2869 3977 cathomis
2892 3940 3079 3987 cznsns,
3125 3927 3174 3977 in
3217 3940 3340 3976 con-

1846 3989 2071 4042 fessione
2117 3991 2307 4043 Christi
2364 3989 2658 4055 permansit.
2714 3993 2833 4044 Inde
2881 3993 3107 4045 redditus
3169 3996 3339 4057 patri,

1850 4072 1966 4109 cum
1996 4060 2157 4121 pinnis
2188 4058 2411 4123 afﬂigere
2439 4075 2554 4112 eum
2589 4069 2729 4126 pater
2757 4061 3109 4122 meditaretur,
3141 4063 3338 4112 monitu

1846 4126 2011 4190 angeli
2054 4126 2227 4176 navim
2267 4127 2619 4179 conscendens
2659 4128 3023 4179 comitantibus
3068 4143 3183 4180 eum
3229 4128 3338 4181 Mo-

1845 4193 1991 4262 desto
2033 4202 2082 4262 et
2126 4192 2433 4245 Crescentize
2470 4195 2819 4255 nutritoribus,
2875 4195 2936 4244 ad
2974 4196 3137 4246 locum
3185 4211 3338 4262 quem

1844 4260 2172 4327 Allectot-ium
2220 4272 2400 4313 vocant
2449 4262 2657 4315 devenit
2700 4279 2711 4313 :
2758 4262 2876 4315 inde
2926 4274 3134 4327 promer
3181 4260 3337 4315 tiliam

1844 4325 2140 4379 Diocletiani
2167 4328 2420 4380 dazmonio
2444 4344 2674 4381 vexatam
2703 4325 2945 4395 quaesitus
2984 4325 3034 4381 et
3065 4328 3335 4393 adductus,

1842 4408 1953 4447 eam
1998 4398 2228 4449 aratione
2272 4400 2484 4447 sanavit.
2516 4399 2616 4449 Sed
2664 4412 2777 4448 cum
2820 4400 3095 4463 imperator
3134 4413 3330 4464 nequa-

1782 4488 1783 4495 ι
1841 4477 1990 4526 quam
2017 4478 2134 4516 eum
2177 4466 2239 4515 ad
2268 4479 2571 4516 consensum
2602 4464 2850 4517 idolorum
2896 4465 3205 4530 persuadere
3246 4481 3331 4532 po-

1842 4532 2041 4594 tuisset,
2071 4532 2287 4583 vinculis
2324 4532 2497 4584 ferreis
2526 4534 2785 4587 astrictum
2825 4534 2874 4585 in
2903 4548 3162 4585 carcerem
3209 4548 3333 4586 con-

1835 4598 1921 4663 jici
1957 4599 2109 4663 jussit
2149 4614 2263 4667 cum
2318 4600 2547 4653 Modesto
2598 4610 2750 4667 atque
2798 4601 3088 4652 Crescentia
3142 4617 3152 4651 :
3203 4616 3332 4665 quos

1840 4676 2015 4731 postea
2040 4666 2377 4719 Diocletianus
2398 4668 2446 4719 in
2469 4670 2623 4721 ollam
2657 4666 2824 4721 resina
2844 4678 2895 4720 et
2916 4668 3025 4733 pice
3049 4677 3099 4720 et
3122 4667 3332 4733 plumbo

1837 4746 2132 4802 succensatn
2158 4735 2340 4799 jactari
2366 4740 2638 4801 przecepit:
2669 4738 2965 4802 egressique
3006 4737 3071 4787 de
3135 4736 3235 4787 olla
3263 4736 3327 4787 il-

1837 4800 1964 4861 Iresi,
1991 4802 2231 4852 dimissus
2267 4806 2340 4853 eis
2383 4804 2459 4853 leo
2500 4800 2866 4865 ferocissimus,
2888 4800 2893 4801 7
2914 4804 2999 4869 qui
3027 4818 3144 4854 mox
3173 4803 3327 4867 pedes

1836 4880 2012 4919 eorum
2066 4870 2253 4934 lingere
2276 4872 2447 4934 coepit.
2480 4870 2763 4923 Novissime
2789 4880 3118 4923 veroorante
3163 4885 3323 4935 puero

1837 4943 1889 5004 ut
1916 4935 2363 5004 liberarentur,ab
2399 4940 2575 5004 angelo
2605 4940 2815 5004 repositi
2859 4949 2973 4990 sunt
3002 4939 3145 4988 illico
3185 4937 3326 5002 juxta

1833 5002 2040 5053 ﬂuvium
2070 5002 2156 5068 qui
2196 5003 2382 5056 dicitur
2418 5002 2610 5058 Silarus
2638 5002 2687 5058 in
2736 5006 2996 5066 Lucania;
3030 5006 3115 5056 ubi
3155 5006 3328 5073 quies-

1831 5083 2006 5122 centes
2032 5074 2129 5121 sub
2172 5077 2373 5130 arhare.
2418 5074 2611 5125 animas
2656 5086 2777 5127 suas‘
2816 5075 2919 5124 Deo
2961 5074 3317 5125 reddiderunt.

1832 5136 2085 5189 Florentia
2115 5152 2235 5189 vero
2264 5142 2446 5192 femina
2491 5143 2830 5193 illu~trissima
2860 5154 3072 5207 corpora
3118 5150 3325 5192 saneto-

1831 5218 1939 5254 rnut
1970 5207 2191 5275 collegit,
2221 5216 2270 5257 et
2296 5208 2491 5275 inloco
2511 5211 2594 5275 qui
2621 5209 2805 5260 dicitur
2823 5208 3093 5268 Marianus,
3118 5208 3322 5267 condita

1830 5274 2139 5339 aromatihus
2168 5274 2418 5336 sepelivit.
2449 5274 2577 5336 Ana,
2615 5276 2824 5339 Sumus,
2857 5287 2978 5328 tom.
3014 5275 3095 5327 Ill.
3125 5275 3325 5338 Corpus

1827 5338 1881 5407 S.
1918 5340 2011 5389 Viti
2040 5341 2335 5393 translatum
2365 5357 2478 5395 esse
2522 5343 2676 5396 Roma
2710 5338 2928 5396 Parisios
2961 5342 3137 5396 scribit
3179 5342 3323 5407 Sige-

1826 5406 1961 5459 bert.
1994 5412 2042 5457 in
2069 5409 2257 5459 Chron.
2287 5424 2420 5462 anno
2447 5410 2562 5463 755.
2598 5412 2717 5463 Inde
2745 5426 2883 5469 vero.
2915 5421 2967 5461 ut
2996 5411 3128 5462 idem
3157 5406 3253 5468 ait,
3274 5412 3323 5460 in

1825 5474 2098 5527 Saturniam
2125 5476 2347 5528 delatum
2375 5488 2452 5529 est
2478 5494 2613 5532 anno
2642 5479 2762 5531 856.
2797 5479 2849 5530 In
2875 5478 3047 5531 Sicilia
3096 5478 3319 5528 maxime

1824 5543 2180 5611 celebrantur,
2214 5554 2267 5594 ut
2310 5556 2507 5598 constat
2551 5562 2612 5600 ex
2662 5546 3031 5611 Martyrolagtis
3082 5545 3323 5607 Usuardi,

1827 5610 2037 5671 Adonis,
2074 5612 2235 5664 Baeda:
2261 5627 2467 5680 snppos.
2500 5623 2551 5669 et
2580 5620 2734 5668 nostri
2764 5613 2919 5665 Flori.
