3888 6356
215 394 343 448 953

1342 392 1525 447 SECT.
1566 392 1623 443 ll.
1665 419 1728 429 -
1768 388 2300 444 MARTYROLUGIA.

3158 370 3162 375 ’
3253 378 3351 432 954

1431 486 1646 550 EDITID
1683 494 2131 549 cocomeasrs.

220 585 428 638 Albani
458 588 715 654 martyris,
765 586 847 653 qui
876 588 970 638 sub
1004 585 1315 637 Diocletiano
1354 584 1660 648 imperatore
1685 582 1750 635 de
1778 588 1822 639 Α
1852 583 2121 648 percussit,
2167 580 2353 645 pariter
2402 575 2712 631 ceciderunt.
2763 572 2950 626 Passus
2997 565 3077 624 est
3122 586 3235 623 eum
3288 584 3349 623 eo

220 672 411 723 insula
442 674 622 724 Nansia
653 688 863 738 pergens
884 688 998 723 cum
1030 682 1209 723 saneto
1230 670 1520 723 Theonesto
1546 678 1597 722 et
1620 669 1753 720 Urso

198 757 584 810 .Mediolatrum
611 760 774 809 venit:
806 758 1021 823 indeque
1040 758 1216 809 exiens
1235 758 1509 808 auxiliante
1537 754 1752 805 Domino

224 850 482 913 pervenit
524 850 585 899 ad
617 849 841 909 Gallias,
872 850 1037 913 ibique
1082 848 1131 899 irt
1160 847 1368 898 servitio
1400 845 1485 896 Dei
1516 858 1747 904 manens,

220 936 298 986 ad
328 937 628 1003 martyrium
678 950 767 1001 pro
797 937 999 987 nomine
1045 934 1319 987 Salvatoris
1350 940 1610 998 promptus
1641 929 1750 981 fuit.

227 1018 518 1083 Postquam
560 1030 726 1072 autem
775 1023 824 1072 in
866 1022 1088 1087 Augusta
1131 1020 1332 1071 civitate
1377 1019 1551 1068 beatus
1596 1017 1753 1069 Ursus

223 1108 542 1173 martyrium
572 1108 786 1174 accepit,
818 1106 1135 1159 Theonestus
1160 1120 1279 1158 eum
1321 1106 1515 1156 Albano
1546 1104 1752 1168 Mogun-

226 1197 363 1247 tiam
394 1198 649 1261 pervenit;
696 1197 919 1264 dumque
948 1197 1013 1249 ibi
1058 1195 1356 1262 praedicaret
1399 1192 1610 1245 verbum
1639 1190 1750 1253 Dei,

225 1283 469 1333 Albanus
484 1282 763 1350 discipulus
781 1284 891 1348 ejus
911 1283 1206 1351 martyrium
1228 1281 1469 1345 explevit,
1499 1287 1548 1329 et
1577 1279 1752 1342 sepul-

228 1378 323 1422 tus
338 1382 420 1423 est
439 1372 503 1423 ibi
519 1373 658 1437 juxta
682 1371 1272 1439 prtedictamcivitatem.
1297 1366 1561 1434 Syracusis
1586 1364 1753 1416 uatale

225 1468 533 1509 sanctorum
580 1469 855 1531 martyrum
891 1456 1007 1511 Rufi
1046 1466 1097 1510 et
1120 1457 1327 1509 Martias.
1364 1455 1538 1505 Romae
1561 1460 1751 1504 sancta

226 1542 513 1598 Demetrire
537 1544 763 1609 virginis.
787 1532 897 1611 qua:
920 1544 1004 1594 iuit
1026 1543 1155 1593 beati
1178 1540 1344 1592 Fausti
1366 1539 1488 1590 tilia.
1507 1538 1620 1589 llaec
1637 1551 1749 1587 cum

224 1638 359 1682 ante
389 1631 592 1696 impium
612 1630 866 1684 Julianum
882 1644 972 1696 pro
994 1629 1091 1681 [ide
1112 1626 1298 1679 Christi
1327 1628 1749 1685 introduceretur,

228 1714 289 1766 in
313 1718 635 1771 confessione
657 1719 889 1784 spiritum
918 1718 1117 1768 emisit:
1140 1716 1335 1780 sepulta
1353 1728 1379 1761 a
1400 1712 1545 1762 beato
1560 1709 1754 1761 Joanne

229 1806 570 1873 presbytero.
597 1808 739 1871 juxta
770 1818 981 1858 matrem
1014 1821 1157 1857 suam
1199 1812 1425 1855 sanctam
1450 1800 1750 1861 Dail’rosam,

226 1900 285 1944 et
311 1905 543 1944 sororem
568 1892 850 1954 Vivianam,
869 1893 1012 1958 juxta
1032 1893 1267 1956 palatium
1287 1889 1587 1939 Luciauum.

308 1980 371 2030 Ε.
400 1979 438 2031 Χ
473 1980 703 2034 Κλιικο.
728 1980 881 2033 Jour.
920 2007 988 2019 —
1026 1979 1078 2030 In
1111 1977 1365 2029 Britannia
1388 1973 1550 2027 sancti
1582 1972 1751 2024 Albini

228 2068 499 2133 martyris,
529 2070 613 2134 qui
636 2078 863 2132 tempore
897 2060 1192 2119 Diocletiani
1236 2064 1286 2116 in
1314 2060 1604 2115 Verclarnio
1625 2059 1752 2111 civi-

233 2160 363 2215 tate,
394 2162 505 2219 post
544 2154 753 2207 verbera
798 2163 851 2207 et
876 2162 1125 2205 tormenta
1154 2151 1338 2203 acerba
1383 2149 1549 2214 capite
1578 2147 1753 2213 plexos

229 2252 334 2293 est.
379 2242 477 2297 Sed
503 2243 589 2296 iilo
632 2244 680 2295 in
711 2252 894 2296 terram
922 2243 1155 2305 cadente,
1203 2238 1335 2293 oculi
1364 2237 1476 2304 ejus
1522 2236 1605 2302 qui
1637 2249 1751 2286 eum

1853 670 2003 721 etiam
2034 681 2163 719 unus
2202 667 2265 717 de
2286 665 2547 727 militibus,
2592 677 2654 715 eo
2680 662 2813 729 quod
2837 676 2950 714 eum
2978 660 3135 713 ferire
3163 661 3352 726 jussus,

1851 756 2105 809 noluerit:
2148 754 2320 806 divino
2350 754 2522 819 utique
2560 751 2861 818 perterritus
2901 748 3150 801 miraculo
3189 766 3200 798 :
3241 748 3354 811 quia

1853 845 2047 895 viderat
2071 844 2269 894 beatum
2289 836 2559 907 martyrem
2578 840 2671 890 sibi
2692 837 2809 889 dum
2831 838 2892 888 ad
2905 850 3148 888 coronam
3170 846 3355 901 marty-
3406 842 3407 847 ‘

1850 934 1909 984 rii
1935 929 2455 997 properaret,alveum
2476 927 2639 977 amnis
2661 924 2942 987 interpositi
2964 922 3157 974 orando
3188 930 3355 971 trans-

1852 1019 2117 1070 meabiiem
2142 1017 2442 1068 reddidisse.
2468 1014 2517 1065 In
2542 1014 2743 1065 civitate
2764 1012 2949 1064 Nolana
2969 1007 3256 1074 Campania:
3282 1021 3363 1058 na-

1853 1104 1951 1155 tale
1965 1105 2122 1154 sancti
2139 1098 2330 1152 Paulini
2345 1098 2570 1164 episcopi
2582 1082 2964 1155 etconiessoris,
2984 1095 3050 1147 de
3064 1109 3164 1160 quo
3180 1094 3361 1145 beatus

1851 1190 2125 1253 Gregorius
2164 1189 2213 1240 in
2239 1186 2370 1238 libro
2419 1185 2733 1250 Dialogorum
2780 1193 2973 1236 narrat.
3022 1183 3085 1235 Et
3110 1182 3363 1246 depositio

1851 1278 1980 1329 beati
1996 1274 2180 1327 Niceta
2199 1272 2509 1324 Romatiana:
2520 1270 2733 1325 civitatis
2747 1269 2989 1334 episcopi,
3011 1280 3058 1320 et
3076 1268 3359 1319 Cousnrtiae

1852 1361 2076 1427 virginis.
2104 1359 2341 1427 Etpassio
2373 1367 2664 1411 sanctorum
2702 1356 2875 1408 decem
2914 1354 3123 1406 millium
3164 1362 3360 1419 marty-

1850 1464 1983 1500 1⁵11111.

1920 1538 1975 1589 F.
2005 1538 2067 1588 lX
2098 1536 2326 1588 KALEND.
2354 1533 2507 1586 Jour.
2541 1558 2607 1572 -—
2629 1530 2804 1583 Natale
2824 1529 3033 1581 Joannis
3054 1528 3356 1594 presbyteri,

1851 1642 2000 1693 quem
2028 1626 2217 1691 impius
2244 1623 2471 1674 Julianus
2517 1620 2795 1672 inauditum
2843 1618 2920 1668 via
2953 1616 3145 1668 Salaria
3188 1624 3360 1666 vetere

1852 1721 1967 1764 ante
2008 1712 2334 1764 simulacrum
2377 1710 2501 1761 solis
2541 1706 2783 1759 decollari
2828 1704 3100 1771 praecepit;
3148 1701 3361 1767 ejusque

1853 1813 2039 1865 corpus
2066 1814 2093 1849 a
2136 1800 2283 1850 beato
2321 1796 2604 1849 Concordio
2652 1793 2946 1861 presbytero
2994 1791 3265 1845 collectum
3309 1798 3362 1840 et

1693 1914 1696 1918 λ
1786 1880 1828 1936 Β
1857 1888 2107 1951 sepultum
2134 1894 2213 1935 est
2236 1885 2377 1948 juxta
2407 1882 2619 1934 concilia
2649 1892 2945 1946 martyrum.
2992 1876 3133 1943 Apud
3166 1876 3361 1927 Britan-

1856 1974 1989 2026 niam
2018 1982 2206 2024 sancue
2234 1968 2509 2021 Ediltrudis
2538 1966 2743 2032 virginis
2770 1976 2823 2018 et
2844 1965 3050 2030 reginze,
3073 1963 3219 2027 cujus
3249 1976 3363 2013 cor-

1852 2071 1947 2126 pus
1972 2071 2087 2109 cum
2118 2054 2348 2108 undecim
2370 2053 2517 2104 annis
2537 2058 2675 2105 esset
2699 2051 2949 2115 sepultum
2966 2085 2981 2107 .
3013 2048 3361 2113 incorruptum

1853 2148 2110 2199 inventum
2132 2153 2230 2195 est.
2281 2142 2341 2193 Et
2367 2138 2534 2206 vigilia
2566 2138 2724 2191 sancti
2755 2136 2966 2189 Joannis
3000 2134 3258 2201 Baptistae.

1923 2230 1989 2282 G.
2020 2229 2127 2281 \‘lll
2158 2227 2387 2280 KALEND.
2420 2225 2571 2279 Jour.
2601 2252 2667 2263 —
2705 2223 2951 2274 Nativitas
2994 2223 3125 2273 beati
3154 2218 3365 2273 Joannis

1430 2325 1643 2377 EDITIU
1684 2320 2163 2373 ΒοιιειΝυιΑΝΑ.

303 2418 393 2469 εξ.
415 2445 481 2456 -—
504 2416 543 2469 Χ
574 2417 703 2469 ΚΑι..
736 2417 786 2469 In
818 2416 1072 2466 Britannia
1126 2414 1179 2467 S.
1215 2422 1240 2450 κ
1272 2412 1451 2465 Albani
1482 2408 1741 2477 martyris.

235 2506 456 2559 Additur
485 2507 532 2556 in
561 2506 622 2556 Α.
652 2522 662 2554 :
692 2519 806 2555 cum
838 2504 949 2554 aliis
978 2502 1282 2569 octingentis
1324 2498 1578 2564 octoginta
1608 2506 1746 2549 octo.

238 2596 339 2659 Qui
370 2603 595 2661 tempore
644 2592 943 2645 Diocletiani
990 2590 1312 2655 imperatoris
1357 2588 1408 2640 in
1458 2586 1751 2639 Verulamio

243 2683 487 2741 civitate,
539 2690 650 2748 post
701 2683 910 2734 verbera
965 2690 1017 2733 et
1055 2688 1304 2731 tormenta
1348 2676 1529 2730 acerba
1585 2674 1751 2737 capite

242 2772 422 2834 plexos
452 2780 529 2822 est
560 2788 571 2822 :
596 2771 682 2822 sed
711 2769 796 2821 illo
819 2769 867 2820 in
893 2778 1079 2820 terram
1103 2766 1337 2827 cadente,
1372 2763 1503 2814 oculi
1532 2763 1642 2827 ejus
1662 2761 1748 2828 qui

236 2873 358 2911 eum
385 2858 632 2924 percussit
658 2856 843 2923 pariter
868 2853 1177 2908 ceciderunt.
1201 2850 1478 2921 (Hactenus
1506 2848 1548 2900 Α
1578 2846 1614 2909 ).
1633 2848 1752 2899 Pas-

240 2962 332 3001 sus
377 2956 457 3001 est
500 2962 613 3001 eum
660 2949 745 3000 illo
775 2930 926 3001 etiam
959 2960 1090 2999 unus
1136 2945 1200 2997 de
1228 2943 1497 3003 militibus,
1522 2955 1584 2993 eo
1615 2940 1746 3001 quod

242 3049 360 3088 eum
393 3032 733 3101 ferirejussus
762 3034 1015 3086 noluerit:
1044 3033 1219 3084 divlno
1248 3031 1421 3096 utique
1452 3028 1748 3091 perterritus

245 3125 509 3184 tniraculo,
536 3127 651 3191 quia
680 3124 878 3175 viderat
902 3122 1102 3173 beatum
1150 3130 1423 3187 martyrem
1480 3118 1597 3173 sibi,
1628 3118 1746 3167 dum

1851 2406 1926 2459 dit
1962 2406 2131 2456 omnia
2160 2417 2273 2469 quae
2301 2400 2519 2453 habebat
2542 2408 2591 2452 et
2632 2399 2770 2451 dedit
2798 2398 3098 2464 pauperibus
3130 2414 3141 2448 ;
3176 2398 3362 2451 deinde

1850 2498 2118 2561 episc0pus
2149 2494 2313 2544 factus
2343 2500 2537 2542 tantum
2566 2489 2756 2540 virtute
2807 2487 3136 2552 multiplicata
3168 2487 3215 2537 in
3248 2501 3364 2553 gra-

1854 2584 2035 2634 tiarum
2086 2580 2394 2633 charismata
2443 2578 2773 2645 resplenduit,
2834 2587 2883 2627 ιιι
2924 2577 2973 2628 in
3012 2576 3149 2627 obitu
3179 2590 3277 2633 suo
3304 2576 3361 2628 S.

1848 2669 2125 2723 Martinam
2177 2678 2230 2720 et
2280 2666 2336 2719 S.
2386 2665 2680 2718 Januarium
2740 2665 3033 2728 episcopum
3100 2662 3360 2725 Italicum,

1865 2759 2158 2825 priusquam
2202 2755 2439 2822 spiritum
2493 2754 2748 2814 redderet,
2779 2751 3038 2817 corporeis
3058 2750 3218 2801 oculis
3236 2764 3362 2800 eon—

1866 2845 2200 2912 templarctur
2234 2859 2245 2894 :
2278 2842 2417 2908 prius
2462 2842 2598 2893 enim
2619 2853 2683 2892 eo
2711 2840 2774 2893 de
2811 2841 2907 2890 hoc
2956 2838 3143 2890 mundo
3180 2835 3362 2903 migra-

1853 2944 2055 2986 verunt.

1920 3022 2009 3073 9.5.
2056 3050 2120 3059 —
2169 3020 2231 3072 IX
2272 3019 2406 3071 ΚΑΙ..
2448 3018 2499 3071 S.
2534 3018 2555 3052 ά
2600 3017 2877 3070 Ediltruda:
2942 3015 3031 3083 [.V.
3076 3024 3119 3065 et
3149 3013 3228 3075 ϐ..
3262 3015 3365 3065 Eli-

1855 3113 2028 3163 druda:
2067 3108 2085 3178 ]
2148 3110 2356 3173 virginis
2415 3118 2466 3159 et
2529 3109 2713 3174 regina:
2764 3106 2814 3157 itt
2860 3103 3115 3155 Britannia
3159 3118 3173 3153 :
3220 3103 3366 3167 cujus

244 3212 307 3269 ad
335 3225 575 3264 coronam
605 3207 835 3277 martyrii
876 3216 1189 3275 properaret,
1237 3206 1435 3259 alveum
1478 3205 1641 3255 amnis
1672 3205 1749 3255 in-
1781 3194 1825 3256 C
1854 3216 2041 3265 corpus
2062 3216 2177 3253 cum
2207 3198 2439 3251 undecim
2479 3196 2628 3250 annis
2682 3202 2820 3247 esset
2865 3192 3144 3259 sepultum,
3193 3190 3363 3241 incor-

248 3301 473 3367 terpositi
495 3300 688 3353 orando
711 3296 1115 3351 transrueabilem
1141 3296 1442 3348 reddidisse.

316 3389 521 3444 Addunt
547 3390 605 3441 ν.
629 3398 678 3441 et
705 3389 762 3441 C.
796 3405 807 3438 ε
836 3387 893 3439 Et
916 3403 1029 3439 cum
1056 3402 1117 3439 eo
1134 3387 1216 3438 alii
1245 3399 1458 3437 numero
1478 3383 1753 3447 octingenti

246 3458 501 3521 ormginta
533 3472 711 3510 navem
742 3458 887 3520 positi
919 3456 966 3507 in
1013 3456 1342 3517 Catltalacum
1372 3470 1385 3504 :
1414 3466 1629 3521 quorum
1662 3466 1753 3500 no-

252 3520 383 3577 rnina
415 3527 600 3589 scripta
648 3524 838 3577 suntin
874 3524 1001 3573 libro
1048 3524 1182 3589 vita).
1218 3526 1305 3574 Ast
1356 3522 1411 3571 Β.
1448 3520 1749 3589 pra’mittit:

253 3591 302 3655 lu
350 3587 651 3644 Alexandria
697 3591 902 3643 civitate
955 3591 1120 3641 natale
1150 3588 1203 3641 S.
1239 3589 1384 3647 littii;
1414 3601 1464 3638 et
1499 3588 1665 3637 natale
1697 3587 1753 3636 ὃ.

251 3661 420 3713 Jacobi
452 3660 689 3723 apostoli,
721 3669 767 3710 et
793 3662 956 3709 natale
984 3668 1274 3708 sanctorum
1298 3655 1321 3689 ι’
1353 3655 1756 3723 ιιιίηθγιμιτιιινξη-

248 3729 378 3790 gnti
424 3722 697 3793 octoginta.
729 3725 1005 3787 (Hactenus
1044 3724 1149 3793 L.).
1191 3725 1275 3789 B.,
1326 3723 1379 3775 In
1408 3722 1612 3773 civitate
1632 3722 1753 3772 Nola

252 3795 412 3845 natale
439 3794 492 3846 S.
521 3805 543 3831 ε
577 3794 771 3846 Paulini
793 3793 1033 3860 episcopi.

288 3883 491 3935 'l-‘lorus
519 3882 567 3935 in
597 3884 655 3935 A.
688 3882 749 3933 Τ.
796 3882 877 3943 Ι...
908 3882 1096 3934 Eodem
1124 3878 1207 3934 die
1232 3878 1427 3932 Nolano
1448 3878 1598 3940 (deest
1623 3877 1759 3929 locus

249 3971 297 4029 in
325 3973 431 4042 A.).
460 3970 711 4039 depositio
736 3970 794 4029 S.
823 3970 1019 4029 Paulini
1060 3968 1286 4043 episcopi
1338 3977 1390 4026 et
1423 3967 1752 4033 confessoris,

251 4067 332 4135 qui
360 4067 507 4119 valde
527 4067 670 4120 dives
698 4075 749 4120 et
770 4066 998 4133 locuples
1023 4066 1085 4118 ad
1108 4066 1316 4119 verbum
1346 4063 1546 4141 Domini
1574 4063 1752 4116 vendi-

1860 3300 2060 3357 ruptum
2110 3290 2370 3340 inventum
2416 3294 2515 3338 est.
2584 3284 2647 3336 Et
2692 3282 2859 3350 vigilia
2906 3281 2962 3335 S.
3016 3278 3225 3333 Joannis
3270 3277 3363 3328 Ba-

1857 3379 2041 3443 ptista'.

1929 3465 2009 3528 8.,
2055 3462 2105 3513 in
2158 3470 2181 3497 ε
2224 3460 2515 3513 Nicomedia
2563 3458 2733 3528 passio
2776 3466 3066 3528 sanctarum
3112 3457 3362 3528 virginum

1858 3524 2031 3592 Pistis,
2060 3530 2253 3593 Helpis,
2285 3539 2333 3580 et
2362 3528 2542 3593 Agapaz
2574 3527 2749 3578 matris
2792 3539 2987 3588 earum,
3018 3524 3279 3590 Capitonis
3312 3534 3364 3575 et

1859 3600 2078 3651 aliorum
2106 3598 2426 3662 septuaginta
2454 3605 2507 3646 et
2524 3605 2661 3647 octo.

1924 3687 2010 3738 24.
2034 3714 2099 3724 —
2119 3683 2225 3735 Vill
2257 3682 2385 3735 ΚΑι..
2418 3682 2659 3733 Nativitas
2683 3678 3017 3732 Prmcursoris
3040 3677 3258 3729 Domini.

1930 3772 2110 3823 Florus
2138 3773 2187 3821 in
2212 3773 2272 3821 Α.
2301 3769 2360 3820 Τ.
2396 3768 2475 3827 L.,
2505 3767 2696 3817 Eodem
2719 3766 2801 3817 die
2830 3766 3056 3830 Augusta
3087 3762 3363 3814 Veroman-

1860 3862 2074 3913 duorum
2106 3862 2155 3910 in
2186 3858 2343 3910 ﬂuvio
2370 3858 2625 3917 Somente,
2664 3853 2891 3906 inventio
2918 3853 2983 3904 ab
3011 3851 3221 3903 Eusebia
3253 3863 3369 3902 cor-

1861 3951 1999 4023 poris
2030 3949 2087 4006 B.
2116 3948 2131 3983 τ
2159 3945 2383 4011 Quintini
2408 3945 2665 4012 martyris,
2691 3942 2955 4009 insigniter
2979 3940 3191 4007 probati.
3215 3936 3366 4007 [Pcr-

1862 4048 1931 4115 git
1978 4044 2063 4113 'l‘.]
2106 4043 2229 4095 Nam
2281 4040 2457 4093 eadem
2506 4045 2756 4100 matrona,
2784 4032 2964 4101 angelo
3002 4029 3280 4092 rcvelante,
3304 4024 3365 4079 ad

1599 4165 1790 4220 SMITH
1829 4155 2046 4212 NOTAE.

252 4265 539 4332 martyrium
572 4279 662 4328 pro
693 4265 895 4315 nomine
927 4265 1113 4315 (Iltrisd
1148 4270 1428 4325 promptus.
1472 4259 1747 4332 Postquam

250 4328 423 4410 autem
447 4334 494 4383 in
524 4336 740 4397 Augusta
770 4332 973 4410 civitate
1005 4332 1061 4383 Pi.
1091 4335 1247 4410 ursus
1277 4328 1573 4405 martyrium
1603 4340 1749 4403 acce—
1784 4353 1829 4410 υ

255 4406 339 4468 pit,
369 4393 684 4453 Thetim-sius
727 4415 841 4450 cum
891 4400 1084 4468 Albano
1130 4393 1436 4468 Moguntiam
1486 4393 1751 4459 pervenit;

253 4463 469 4534 donique
513 4468 579 4517 ibi
612 4467 910 4529 praedicaret
941 4465 1147 4517 verbum
1180 4464 1265 4534 Dei
1299 4463 1522 4534 Albanus
1554 4469 1752 4534 marty-

255 4530 672 4603 rium-explevit,
726 4543 779 4587 et
800 4536 1042 4603 sepultus
1080 4541 1157 4583 est
1195 4532 1260 4582 ibi
1297 4532 1435 4603 jttttta
1464 4530 1751 4603 t_civitatem.

257 4597 503 4668 luamus,
532 4604 765 4654 Νοτκιῖιι.
795 4601 863 4651 De
891 4615 1120 4663 tempore
1144 4598 1371 4668 martyrii
1396 4597 1543 4661 hujus
1574 4610 1753 4668 magna

254 4683 327 4725 est
362 4664 500 4722 inter
528 4672 801 4733 scriptores
830 4669 1070 4719 varietas.
1112 4666 1280 4730 Aliqui
1317 4679 1379 4717 ex
1417 4678 1591 4715 errore
1624 4664 1757 4726 judi-

258 4749 427 4790 cantes
457 4739 590 4789 hunc
620 4753 717 4787 non
752 4738 906 4788 alium
936 4750 1050 4786 esse
1076 4735 1139 4785 ab
1162 4734 1356 4783 Albano
1386 4740 1756 4797 protomartyre

258 4808 524 4866 Britanno,
551 4819 750 4865 passum
784 4806 1018 4854 referunt
1060 4801 1372 4864 temporibus
1414 4800 1713 4849 Diocletiani
1742 4814 1753 4848 ε

255 4886 421 4925 contra
471 4888 592 4923 Vero
614 4872 720 4933 alii,
749 4883 800 4922 ut
831 4873 1009 4922 Petrus
1037 4872 1100 4922 de
1130 4868 1295 4919 Natal.
1329 4882 1378 4927 χ,
1418 4868 1503 4927 97,
1528 4876 1580 4917 et
1608 4866 1755 4917 Gale.

256 4943 427 5000 sinitis,
458 4942 578 4991 tium
605 4951 757 5007 agunt
777 4940 840 4991 de
868 4940 1162 4989 Theonesto
1189 4938 1305 5007 ejus
1350 4935 1577 5007 tttartyrii
1616 4934 1758 4984 socio

255 5010 331 5060 die
353 5009 416 5061 50
437 5002 987 5073 υριοιι.,ἰειηρ‹›ι·ώιις
1033 5007 1231 5055 Damasi
1263 5004 1325 5073 ab
1353 5002 1557 5073 Arionis
1597 5016 1759 5073 neca-

258 5087 355 5129 tum
382 5069 663 5133 aiiirtnant;
706 5069 907 5126 diverse
937 5078 1001 5124 ab
1025 5075 1101 5125 Iris
1129 5072 1366 5123 omnibus
1414 5070 1681 5135 Sigebcrt.
1710 5069 1756 5117 in

257 5142 437 5197 Chron.
484 5143 602 5195 dum
644 5144 826 5193 Albani
876 5151 930 5194 et
973 5142 1225 5194 sociorum
1274 5139 1571 5204 martyrium
1605 5134 1760 5188 refert

257 5212 520 5275 contigisse
543 5224 677 5261 anno
707 5208 828 5260 425.

322 5288 345 5315 ι
375 5272 566 5330 Albani.
594 5279 664 5330 De
690 5278 838 5341 hujus
860 5286 911 5328 et
930 5276 1189 5328 sociorum
1231 5273 1481 5341 martyrio
1512 5273 1629 5327 vide
1660 5272 1758 5324 Ba:-

260 5345 328 5398 dat
358 5346 486 5399 llist.
514 5347 723 5405 Ιεὶοι-Ιηι,
750 5346 799 5395 7.

320 5413 345 5451 δ
370 5412 506 5473 Mille
530 5416 1013 5481 quadringentorum.
1043 5410 1286 5481 Samaria!
1314 5417 1603 5481 sanctorum
1636 5405 1760 5481 HSQ

263 5477 669 5548 martyrutn'suh
723 5477 952 5533 Cosrohe
1000 5493 1119 5545 rege
1170 5478 1443 5548 Rersarum
1470 5492 1483 5538 ;
1513 5478 1598 5543 qui
1628 5477 1758 5539 passi

260 5546 521 5602 suntt'it'ca
545 5564 626 5601 an.
656 5551 774 5603 614.
812 5551 1065 5601 Baaonrus
1092 5552 1139 5597 in
1168 5546 1313 5598 illart.

329 5630 346 5654 ε
377 5617 596 5670 Paulini.
655 5617 933 5685 liurdegala
983 5614 1262 5667 Galliarum
1311 5610 1497 5678 oppido
1535 5610 1755 5663 oriundi.

1859 4242 2155 4298 Tlterasizim
2202 4238 2283 4289 hic
2330 4236 2545 4288 similem
2591 4234 2688 4284 sibi
2721 4230 2933 4282 sortitus
2963 4238 3038 4298 est
3070 4229 3360 4298 conjugcm.

1856 4295 1981 4366 Cum
2007 4308 2331 4359 saevientium
2362 4305 2701 4354 Vandalorttzu
2740 4308 2845 4350 tem
2859 4313 2979 4366 pore
3018 4295 3197 4348 fuisset
3228 4298 3363 4349 Italia

1860 4383 1906 4433 itt
1935 4375 2227 4439 Campania:
2259 4373 2485 4435 partibus
2532 4372 2813 4439 devastata,
2839 4365 3080 4439 "tollique
3108 4375 3281 4415 essent
3301 4368 3364 4439 de

1859 4450 1949 4501 hac
1982 4432 2113 4499 terra
2148 4444 2195 4492 itt
2221 4432 2439 4491 A'l'ricatn
2495 4436 2733 4494 traducti,
2774 4434 3009 4484 Paulinus
3038 4445 3165 4501 sua
3194 4432 3361 4483 omnia

1856 4498 2066 4581 captivis
2092 4522 2139 4561 et
2169 4508 2471 4581 pauperibus
2495 4504 2730 4581 largitus.
2753 4501 2819 4581 _F.t
2850 4510 2964 4551 cum
3000 4499 3124 4550 nihil
3156 4498 3367 4551 haberet

1855 4571 2070 4649 amplius
2100 4576 2234 4642 quod
2265 4571 2428 4649 daret,
2462 4574 2608 4649 vidua
2634 4571 2852 4637 quadam
2895 4577 3103 4649 rogante
3134 4574 3187 4616 ιιι
3216 4581 3363 4649 pectr-

1856 4632 1957 4704 In}!
1992 4632 2147 4701 lilium
2205 4632 2439 4701 redimat,
2489 4655 2545 4691 se
2574 4632 2735 4702 ipsum
2768 4648 2959 4704 progeo
2985 4632 3358 4704 redimendorirt

1855 4702 2117 4770 servitium
2165 4711 2334 4770 dedit;
2360 4718 2411 4760 et
2458 4708 2607 4758 horto
2635 4702 2918 4755 excolendo
2954 4715 3160 4765 operam
3201 4702 3361 4762 dedit,

1855 4787 2019 4838 donec
2048 4797 2163 4837 cum
2196 4778 2367 4829 multis
2396 4776 2510 4827 aliis
2543 4788 2691 4824 manu
2740 4773 2925 4820 missus
2954 4772 3014 4818 ad
3042 4782 3245 4838 gregem
3279 4783 3362 4819 re-

1856 4836 2135 4905 tiiiﬂUbiit
2163 4848 2218 4900 S.
2257 4846 2497 4897 Paulinus
2519 4844 2788 4905 episenpus
2838 4838 2998 4888 Busso
3036 4836 3366 4905 etgatrtiocho

2143 4924 2220 4968 est
2244 4916 2377 4964 circa
2425 4926 2509 4961 an.
2545 4901 2664 4959 451.
2699 4901 2902 4960 ’Ξυιιιυδ
2933 4916 3055 4955 tom.
3090 4901 3169 4953 lll.
3203 4902 3371 4955 Pauli-

1857 5004 1953 5040 nus
1981 4990 2076 5039 sub
2106 4981 2387 5037 Gunthario
2417 4994 2534 5044 rege
2586 4976 2923 5044 l‘andalorunt
2966 4972 3370 5044 captivusmau-

1857 5039 1943 5115 sit,
1973 5072 2071 5107 non
2095 5052 2188 5103 sub
2215 5049 2435 5111 Alarico,
2470 5039 2526 5098 tit
2566 5042 2841 5098 BalduinUS
2889 5042 2937 5091 itt
2987 5039 3163 5092 Schol.
3196 5042 3369 5105 Uptat.

1855 5124 2115 5189 cognavh.

1926 5176 2275 5241 πεαειιηιάω.
2319 5184 2391 5238 De
2420 5183 2513 5235 tne
2552 5181 2666 5233 vide
2716 5176 2879 5229 omne
2934 5178 3072 5230 Eccl.
3116 5178 3243 5229 llisl.
3296 5190 3368 5238 ιν,

1860 5261 1943 5313 t‘J.
1983 5259 2069 5308 an.

1928 5299 1949 5361 ἒ
1983 5299 2291 5376 λέξοιηειιία.
2352 5319 2520 5381 Pistis,
2570 5316 2729 5381 Elpis,
2764 5315 2950 5381 Agapie
2977 5320 3028 5365 et
3072 5311 3245 5365 mttris
3275 5326 3365 5364 ea-

1858 5410 1967 5447 rum
1993 5394 2217 5457 Sapltim.
2250 5390 2480 5440 Νοτκειι.

1933 5462 1944 5498 ί
1979 5448 2218 5524 ρυῖηιὶηι.
2256 5458 2324 5508 De
2355 5457 2503 5517 hujus
2527 5452 2759 5524 passione
2790 5451 2903 5524 vide
2946 5465 3062 5524 aut
3114 5448 3373 5499 Uclobris.

1862 5518 2189 5597 Ejtts~corpus
2218 5532 2474 5590 repertum
2497 5532 2578 5574 θδι
2607 5523 2741 5573 circa
2766 5536 2848 5571 an.
2875 5518 2991 5570 3i“).
