3888 6352
520 414 622 469 955
1146 420 1147 423 “
1246 417 1441 471 ΒΕΒᾸΞ
1483 417 1920 473 VENERABILIS
1957 419 2100 475 OPP.
2130 422 2404 478 PAllSlV.
2444 454 2511 466 --
2549 425 2914 480 lllSTOlllCA.
3582 428 3687 487 93

1740 527 1958 581 Εοιτιυ
1996 529 2442 585 COLONIENSIS.

507 606 752 675 llaptistae
780 614 1109 675 przecursoris
1136 612 1358 679 Domini,
1391 615 1651 669 Zachariae
1680 627 1727 670 et
1774 619 2032 671 Elisabetb
2062 624 2109 678 Α
2140 632 2255 687 post
2297 624 2560 676 innumera
2611 639 2724 691 qua:
2773 622 3088 693 perpetravit
3132 628 3287 684 bona.
3340 642 3369 679 a
3411 626 3683 681 Rancian

511 694 624 755 Ilii.
657 699 742 764 qui
770 697 961 762 Spiritu
1001 710 1178 753 sancto
1202 703 1433 767 repletus
1468 704 1638 756 adhuc
1679 706 1728 756 itt
1757 714 1906 757 utero
1934 721 2040 757 ma-

514 784 607 834 tris
632 797 759 847 sum,
786 787 847 837 ad
869 786 1017 839 Israel
1045 787 1382 850 confortatus,
1400 790 1591 856 Spiritu
1609 780 1852 858 agebatur
1876 792 1925 843 itt
1950 791 2041 844 de-

511 874 681 935 sertis,
714 875 929 927 vestitus
960 876 1074 941 pilis
1104 877 1437 941 camelorum,
1466 879 1659 931 habens
1680 893 1862 931 zonam
1895 880 2041 945 pelli-

511 974 653 1014 ceam
680 963 817 1016 circa
849 965 1047 1017 lumbos
1075 976 1197 1019 suos
1221 984 1233 1029 ;
1285 981 1399 1019 esca
1429 977 1596 1021 autem
1625 970 1735 1035 ejus
1759 980 1867 1020 erat
1898 970 2041 1022 Iocu-

512 1057 613 1113 sta,
642 1060 692 1101 et
713 1052 812 1103 tnel
840 1052 1081 1109 silvestre
1104 1053 1306 1106 edebat.
1329 1070 1425 1106 xxx
1457 1057 1623 1107 inlatis
1649 1071 1802 1117 anno,
1834 1059 2040 1123 quinto-

512 1135 713 1188 deeimo
743 1152 880 1191 anno
908 1138 1108 1203 imperii
1133 1141 1337 1207 Tyberii
1361 1142 1579 1195 Cmsaris
1600 1183 1616 1209 ,
1647 1160 1764 1195 cum
1792 1160 2043 1211 procura-

511 1233 596 1280 tor
624 1238 760 1282 esset
784 1230 831 1282 itt
854 1228 1027 1283 Judaza
1047 1232 1258 1296 Pilatus,
1283 1233 1493 1299 jamque
1514 1250 1724 1302 regnum
1747 1235 2040 1288 ludat-orum

512 1318 563 1369 itt
589 1327 807 1382 quatuor
827 1320 1141 1386 principatus
1165 1330 1302 1373 esset
1324 1322 1562 1385 divisum,
1590 1325 1730 1376 venit
1759 1325 1805 1374 in
1835 1340 2040 1379 omnem

512 1408 772 1473 regionem
801 1409 1036 1462 Iordanis
1062 1451 1074 1471 ,
1108 1412 1396 1478 prmdicans
1447 1412 1754 1476 baptismum
1790 1415 2043 1478 peniten-

513 1497 597 1548 tia:
623 1498 671 1548 in
692 1498 1046 1551 remissionem
1080 1513 1427 1564 peccatorum.
1460 1502 1635 1553 Roma:
1665 1502 1820 1567 Fisci,
1850 1504 2040 1568 Luciae,

510 1600 627 1637 cum
657 1584 768 1639 aliis
794 1587 974 1653 viginti
1003 1587 1222 1640 duobus.
1242 1589 1616 1657 Augustuduno
1638 1590 1889 1657 depositio
1918 1606 2041 1645 san-

512 1674 577 1725 eti
606 1672 877 1740 Simplicii.

582 1768 644 1819 A.
678 1767 763 1820 VII
811 1767 1045 1821 KALEND.
1077 1768 1232 1822 Jour.
1287 1797 1353 1808 ——
1392 1770 1538 1835 Apud
1595 1769 1831 1824 Berteam
1877 1774 2040 1825 sancti

513 1853 816 1921 Sosipatris,
850 1856 1081 1922 discipuli
1110 1858 1271 1910 sancti
1305 1857 1444 1909 Pauli
1468 1857 1704 1916 apostoli.
1746 1858 1892 1925 Apud
1923 1859 2040 1912 Alc.

2141 708 2329 763 comite
2359 726 2628 777 percussus
2656 714 2827 778 gladio
2874 715 3112 789 intigravit
3142 715 3207 767 ad
3239 716 3528 770 Christum.
3569 716 3681 768 8.-

2142 814 2240 851 ma:
2261 798 2429 852 Lucia:
2455 799 2684 867 virginis,
2709 815 2823 853 cum
2849 801 2962 853 aliis
2987 802 3164 868 viginti
3188 803 3411 866 duobus,
3432 816 3482 856 et
3504 806 3679 857 Acri:

2143 888 2301 953 regis.
2330 887 2713 939 Thessalonica:
2755 897 3074 951 sanctorum,
3123 891 3303 958 Bigati,
3350 892 3677 957 Lantani,“

2142 974 2385 1025 dormitio
2415 973 2577 1025 sancti
2608 974 2818 1026 Joannis
2850 976 3209 1043 Evangelistm.
3278 994 3282 999 '

2210 1061 2267 1112 Β.
2301 1061 2362 1113 γι
2409 1062 2638 1114 ΚΑιεΜ).
2667 1062 2821 1117 Ioui.
2854 1092 2921 1101 —
2957 1064 3136 1115 Romae
3164 1064 3383 1119 Joannis
3430 1074 3483 1118 et
3526 1066 3670 1119 Pauli

2143 1148 2379 1212 fratrum,
2411 1164 2626 1214 quorum
2659 1150 2861 1214 primus
2900 1151 3224 1215 praepositus,
3277 1154 3536 1205 secundus
3566 1154 3670 1219 pri-

2146 1236 2390 1289 micerius
2418 1235 2512 1287 fuit
2535 1236 2849 1289 Constantia:
2877 1238 3107 1303 virginis,
3156 1239 3274 1293 tilia
3322 1240 3667 1292 Constantini.

2142 1325 2239 1390 Qui
2266 1340 2381 1377 tum
2410 1325 2548 1377 omni
2578 1325 2661 1376 die
2689 1316 2883 1377 turmas
2909 1326 3317 1379 Christianorum
3350 1339 3666 1389 recreat-ent,

2143 1428 2205 1467 ex
2234 1415 2312 1467 his
2340 1414 2544 1478 Opibus,
2578 1427 2704 1480 quas
2731 1416 3079 1467 sacratissima
3129 1415 3273 1483 virgo
3320 1416 3511 1468 Christi
3544 1418 3669 1468 reti-

2140 1510 2319 1569 querat
2341 1540 2355 1562 ,
2388 1501 2621 1568 pervenit
2669 1500 2766 1553 Itoc
2796 1501 2857 1553 ad
2886 1502 3183 1565 Iulianum;
3228 1504 3312 1569 qui
3347 1504 3513 1554 misso
3537 1503 3667 1555 Ter-

2141 1591 2375 1645 reutiuno
2400 1592 2566 1657 campi
2599 1589 2813 1642 ductore
2839 1628 2853 1654 ,
2884 1590 3013 1641 intra
3046 1590 3255 1642 domum
3287 1592 3546 1656 propriam
3575 1590 3668 1643 de-

2140 1678 2310 1731 collati
2352 1688 2511 1740 sunt;
2557 1677 2644 1743 qui
2691 1686 2860 1729 tamen
2910 1687 3082 1743 postea
3127 1678 3452 1731 Christianus
3502 1677 3668 1731 factus

2141 1775 2238 1820 est.
2292 1766 2482 1818 Eodem
2513 1766 2597 1817 die
2623 1764 2786 1816 sancti
2829 1765 3072 1827 Quadrati
3118 1767 3469 1833 apostolorum
3510 1768 3664 1819 disci-

2145 1856 2269 1922 puli,
2300 1854 2384 1919 qui
2417 1853 2465 1904 in
2497 1852 2665 1906 locum
2693 1852 2827 1903 beati
2876 1852 3039 1905 Publii
3090 1854 3410 1906 Athenarum
3437 1855 3666 1921 episcopi

513 1941 780 1993 xandriam
810 1943 969 1994 sancti
999 1942 1244 1995 Gallicani
1277 1944 1538 2011 martyris,
1562 1945 1645 2011 qui
1677 1960 1767 2010 per
1791 1947 2037 2012 praedica-
2067 1930 2111 1987 B
2141 1934 2487 2003 substituitur,
2520 1951 2571 1994 et
2603 1941 2881 1994 Ecclesiam
2923 1942 3102 2007 grandi
3155 1951 3354 1995 terrore
3381 1942 3663 2009 dispersam

515 2030 709 2082 tionem
739 2030 952 2085 Ioannis
981 2042 1034 2086 et
1062 2032 1203 2086 Pauli
1229 2033 1291 2087 ad
1324 2034 1474 2086 fidem
1515 2034 1703 2087 Christi
1732 2050 2031 2100 conversus,

2144 2034 2246 2085 fide
2268 2041 2319 2084 et
2347 2028 2596 2083 industria
2623 2030 2970 2103 congregavit.

1725 2121 1943 2174 EDITIO
1982 2118 2458 2177 BOLLANDIANA.

513 2216 700 2272 pagum
746 2210 797 2255 et
846 2202 1014 2256 locItm
1043 2204 1290 2269 ﬂuminis,
1324 2204 1407 2256 ubi
1452 2205 1617 2272 ipsum
1665 2220 1848 2271 corpus
1894 2210 2043 2260 antiis

511 2294 881 2362 quinquaginta
911 2297 1142 2362 quinque
1165 2296 1424 2363 jacuerat,
1462 2300 1712 2362 pervenit,
1747 2309 2043 2366 prreconata

513 2380 750 2432 oratione
782 2396 795 2431 :
827 2382 889 2431 ad
918 2396 974 2434 se
1005 2391 1209 2434 ventum
1242 2383 1401 2435 nimio
1425 2387 1647 2437 candore
1674 2394 1727 2439 et
1755 2389 1914 2439 odore
1942 2387 2043 2439 fra-

511 2470 679 2539 granti
711 2472 846 2524 nulla
882 2474 1081 2527 macula
1126 2484 1420 2542 eorrttptum
1460 2477 1688 2543 suscepit
1719 2495 1730 2528 :
1759 2479 2042 2545 volensque

512 2576 627 2612 cum
655 2561 956 2615 Vermandis
978 2565 1168 2630 Oppido
1193 2566 1437 2631 sepelire,
1471 2575 1660 2619 tantam
1689 2568 1772 2621 sui
1798 2569 2039 2635 ponderis

508 2652 886 2717 gravitudiuem
917 2654 1078 2717 dedit,
1104 2666 1154 2706 ut
1194 2655 1258 2707 de
1304 2656 1439 2715 loco,
1463 2672 1614 2724 quem
1642 2672 1736 2710 suo
1763 2672 2037 2711 consecra-

509 2743 951 2809 veratsattguine,
982 2746 1175 2797 moveri
1219 2747 1437 2798 ulterius
1468 2763 1569 2798 non
1620 2756 1814 2814 posset.
1858 2748 2041 2801 Inven-

512 2832 627 2887 Irici
649 2848 771 2886 vero
791 2849 898 2887 suae
923 2850 1012 2902 pro
1030 2836 1292 2890 bcnclicnis
1313 2837 1554 2889 exhibitis
1579 2838 1748 2891 lumen
1768 2836 2037 2900 amissum;

508 2931 561 2972 et
585 2919 841 2984 omnibus,
886 2937 1017 2989 quos
1061 2923 1241 2987 eadem
1294 2926 1416 2976 liora
1448 2925 1550 2977 illic
1595 2925 1811 2993 contigit
1842 2927 2036 2993 venire,

510 3010 723 3077 pristina
758 3021 835 3065 est
864 3013 1057 3066 reddita
1083 3017 1296 3067 sanitas.

581 3097 637 3152 Β.
684 3100 742 3151 C.
801 3101 884 3165 V.,
936 3101 1111 3153 Romte
1141 3100 1232 3154 SS.
1290 3102 1431 3166 Sisti,
1465 3102 1687 3157 Lueeim.
1733 3104 1893 3165 B.C.,
1926 3118 2040 3158 cum

510 3167 625 3241 aliis
650 3168 826 3241 viginti
853 3169 1071 3241 duobus.
1102 3173 1162 3241 Α.
1192 3171 1253 3222 Τ.
1286 3172 1341 3241 L.
1377 3172 1458 3232 8.,
1494 3173 1865 3241 Augustoduno
1886 3177 2042 3241 depo-

509 3237 626 3288 sitio
646 3237 702 3290 S.
734 3246 758 3273 ι
788 3237 1034 3300 Simplicii
1066 3239 1293 3304 episcopi
1317 3253 1367 3291 et
1393 3239 1729 3293 confessoris.

576 3326 663 3379 25.
685 3353 753 3365 -
775 3325 858 3378 Vll
888 3326 1016 3379 ΚΜ..
1046 3325 1201 3377 Vacat
1228 3326 1396 3380 Baeda.

588 3415 671 3487 f).,
697 3414 1036 3487 Pyrtltiltcroa
1062 3416 1087 3453 ι’
1126 3416 1424 3485 Sosipatris.
1456 3419 1697 3477 discipuli
1729 3420 1870 3474 Pauli
1916 3435 2043 3487 apo-

515 3485 654 3557 steti.
933 3485 1219 3557 Lamptani,
1250 3484 1549 3557 'Salttnica}
1581 3488 1685 3557 [C.,
1734 3484 2040 3557 Lalunicarrl,

516 3559 538 3626 ς
560 3550 984 3626 lateeiaevirginjs
1006 3550 1296 3626 tet—Aceegze
1329 3558 1459 3626 regis
1484 3557 1500 3625 ΙΔ
1516 3550 1600 3620 νς
1615 3560 1827 3625 Arcegae
1848 3550 2034 3626 Itium].

513 3617 597 3677 L.,
622 3620 800 3690 Natale
845 3617 902 3673 S.
930 3622 1078 3690 Luca:
1102 3617 1311 3689 virginis
1342 3617 1592 3675 et'At'icei'
1614 3617 1889 3690 regis'cum
1918 3617 2035 3676 aliis

509 3701 716 3741 novem.
741 3689 802 3741 A.
830 3698 881 3741 et
904 3689 986 3755 'I‘.,
1023 3690 1074 3742 In
1106 3690 1477 3744 Thessalonica
1512 3696 1735 3745 'cintate
1778 3694 1947 3749 natale
1975 3694 2032 3745 S.

2145 2206 2316 2260 Luciaa
2344 2203 2576 2271 virginis.
2603 2202 2667 2254 Et
2693 2202 2861 2255 natale
2877 2202 2930 2255 S.
2957 2204 3181 2271 Agapiti.
3204 2204 3289 2264 A.,
3314 2204 3376 2256 Et
3401 2205 3456 2257 S.
3482 2208 3664 2259 Aman-

2148 2275 2202 2327 tii
2256 2272 2503 2339 episcopi.
2550 2270 2838 2322 Translatio
2860 2273 2886 2310 ά
2921 2270 3069 2335 Eligti
3113 2282 3165 2325 et
3196 2274 3475 2325 Vindieiani
3504 2276 3662 2338 primo

2144 2346 2279 2395 loco.
2309 2340 2397 2401 T.,
2420 2339 2611 2407 Eodem
2641 2341 2723 2392 die
2748 2340 2804 2391 ὃ.
2832 2350 2854 2374 υ
2888 2339 3138 2392 Lietbuini
3200 2343 3425 2407 episcopi
3456 2350 3506 2393 et
3542 2356 3663 2395 eon-

2142 2409 2378 2471 fessoris,
2414 2400 2463 2459 et
2497 2407 2653 2459 Λιιρεί
2678 2407 2809 2471 regis
2832 2421 2945 2465 cum
2992 2408 3105 2459 aliis
3134 2400 3273 2460 octo.
3320 2400 3401 2469 Β..
3433 2408 3481 2460 lit
3511 2409 3666 2463 These

2143 2478 2373 2533 salonica
2404 2474 2669 2539 Lamptani
2696 2484 2743 2526 et
2776 2475 2966 2541 Bigitti.
3004 2478 3056 2527 In
3108 2475 3387 2529 Geuelaico
3415 2478 3580 2530 natale
3605 2479 3661 2532 S.

2149 2550 2166 2588 ῐ
2203 2544 2418 2597 Antantli
2442 2543 2771 2594 confessoris.

2212 2628 2303 2682 26.
2332 2658 2399 2669 -
2421 2627 2479 2679 VI
2509 2628 2635 2679 ΚΜ..
2672 2627 2843 2679 noua:
2872 2628 2965 2681 SS.
2998 2637 3021 2673 8
3051 2627 3268 2681 Joannis
3290 2639 3341 2681 et
3367 2630 3523 2693 Pauli,
3545 2648 3661 2698 quo-

2146 2733 2260 2773 rum
2307 2719 2501 2785 primus
2555 2718 2880 2783 praepositus,
2931 2718 3191 2770 secundus
3230 2721 3549 2786 primicerius
3577 2722 3665 2773 fuit

2145 2807 2462 2860 Constantia:
2490 2806 2704 2870 virginis
2732 2806 2846 2857 lilia:
2870 2805 3195 2859 Constantini
3228 2825 3241 2859 :
3266 2811 3350 2876 qui
3381 2819 3551 2876 postea
3573 2810 3664 2862 sub

2145 2896 2350 2949 Iuliano
2396 2895 2701 2960 martyrium
2748 2894 2931 2957 capitis
2978 2894 3303 2948 abscissione
3358 2908 3662 2959 meruerunt,

2148 2997 2239 3052 per
2268 2980 2637 3034 Terentianum
2675 2980 3108 3046 campiductorem
3144 2999 3155 3033 :
3188 2982 3273 3049 qui
3304 2981 3486 3036 deinde
3520 2984 3665 3035 Citrio

2146 3071 2344 3123 stianus
2378 3066 2541 3118 factus
2571 3075 2667 3120 est.

2212 3158 2436 3211 Additur
2465 3156 2514 3208 itt
2544 3156 2607 3209 Τ.
2635 3166 2682 3210 et
2713 3155 2768 3208 L.
2797 3170 2824 3208 a
2857 3155 3009 3207 Floro
3031 3167 3080 3208 ut
3106 3156 3417 3222 Opinamur:
3448 3156 3533 3209 llic
3554 3170 3663 3209 cum

2147 3245 2402 3313 quoddam
2450 3244 2643 3296 idolum
2693 3244 2741 3295 in
2795 3246 3014 3310 quodam
3063 3244 3176 3295 loco
3224 3244 3579 3310 confregisset,
3618 3246 3663 3297 in

2147 3335 2377 3402 ejusdem
2408 3332 2531 3387 idoli
2558 3333 2666 3385 basi
2693 3332 2945 3395 residens,
2968 3341 3019 3385 et
3050 3332 3264 3385 verbum
3294 3332 3520 3384 divinum
3542 3347 3665 3398 pre-

2145 3425 2344 3486 dicans,
2369 3422 2434 3475 ab
2463 3422 2645 3475 incolis
2674 3421 2773 3474 loci
2804 3422 2939 3473 illius
2969 3421 3133 3475 imbre
3165 3420 3391 3487 lapidum
3422 3421 3663 3482 obruitur,

2145 3527 2198 3570 et
2224 3517 2300 3569 sic
2328 3515 2558 3583 martyrii
2585 3513 2747 3581 gloria
2771 3521 3067 3566 coronatur.

2212 3624 2349 3680 Idem
2382 3622 2431 3673 in
2462 3622 2521 3673 Α.
2554 3620 2615 3673 Τ.
2650 3621 2732 3686 L.,
2757 3620 2873 3687 Ipso
2894 3620 2978 3673 die
3016 3619 3151 3688 apud
3203 3592 3533 3672 Valentianas
3560 3633 3667 3687 pas-

2141 3713 2216 3765 sio
2238 3715 2292 3765 S.
2325 3712 2351 3747 ιι
2374 3711 2531 3766 Salvii
2559 3710 2790 3780 episcOpi
2831 3721 2882 3764 et
2929 3710 3193 3778 martyris.
3242 3709 3331 3771 T.,
3358 3708 3448 3776 qui
3476 3724 3561 3777 pro
3582 3723 3668 3761 no-

1845 3802 2046 3856 SMITII
2085 3803 2307 3858 ΝΟΤᾸΞ.

580 3896 604 3921 η
636 3888 903 3957 Simplicii.
930 3918 996 3928 —-
1016 3888 1111 3953 Qui
1137 3890 1385 3947 successit
1429 3890 1711 3957 Egemottio
1758 3891 1807 3941 in
1832 3891 2037 3954 episco—

510 3966 633 4035 patu
663 3956 915 4035 @duepsi
943 3976 953 4008 :
989 3958 1153 4008 Ilorttit
1183 3968 1358 4035 anteiri
1386 3956 1707 4035 temporibus
1751 3958 2047 4035 Ciitt_statt_tii.

508 4022 663 4088 imp.,
699 4022 1028 4091 ittterfuitque
1056 4040 1152 4076 una
1181 4041 1295 4077 cum
1329 4027 1383 4078 S.
1429 4029 1660 4077 Servatio
1707 4024 1927 4077 COIIl‘iilU
1949 4028 2042 4077 Co-

511 4091 729 4145 loniensi
753 4100 928 4144 contra
958 4093 1265 4157 Euplttatem
1294 4092 1523 4159 ejusdem
1557 4094 1697 4145 urltis
1737 4094 2040 4157 episcopum

508 4174 642 4229 anno
669 4161 771 4213 546
814 4162 1092 4214 celebrato.
1128 4162 1197 4214 De
1227 4164 1324 4214 hoc
1368 4163 1482 4214 vide
1525 4164 1668 4229 plura
1720 4162 1853 4225 apttd
1880 4161 2036 4229 Greg.

509 4227 707 4296 Turno.
736 4229 822 4280 lib.
850 4230 913 4282 de
944 4230 1083 4283 Glor.
1109 4228 1345 4282 Confess.
1368 4244 1481 4296 cap.
1504 4227 1591 4291 76,
1621 4232 1707 4293 77,
1730 4232 1817 4283 78.

577 4294 929 4366 bisosipatris.
963 4300 1107 4363 Apud
1134 4299 1312 4366 Pyrrhi
1343 4294 1597 4353 Bermant.
1624 4300 1767 4350 lluttc
1786 4299 2038 4365 Origenes

506 4365 556 4416 itt
589 4365 751 4429 Epist.
783 4368 843 4418 ad
880 4366 1028 4417 ltom.
1060 4369 1130 4418 ait
1160 4365 1452 4418 urdiuatttm
1508 4368 1666 4419 fuisse
1706 4368 2040 4419 Thessaloni-

2220 3966 2243 3993 ε
2264 3956 2534 4011 Lietbtiiiti.
2567 3959 2618 4012 Si
2648 3955 2730 4011 hic
2758 3957 2825 4009 sit
2874 3956 3007 4009 idem
3056 3971 3173 4009 eunt
3206 3956 3439 4010 Leottino
3467 3956 3669 4024 presby-

2147 4034 2279 4085 tero,
2298 4042 2360 4078 ex
2391 4027 2670 4090 Anglorum
2695 4040 2847 4091 gente
2867 4025 3116 4077 oriundus
3139 4034 3238 4089 est,
3267 4039 3314 4076 et
3339 4026 3404 4077 de
3429 4035 3560 4077 terra
3580 4036 3666 4075 sua

2149 4096 2325 4146 exiens
2351 4097 2496 4157 petiit
2524 4095 2813 4159 Trajectum
2852 4111 2863 4144 :
2891 4103 2942 4146 et
2963 4108 2991 4145 εὶ
3017 4092 3075 4145 S.
3107 4093 3362 4160 Gregorio
3406 4094 3667 4159 episcopo,

2148 4176 2262 4213 cum
2294 4161 2349 4214 S.
2387 4162 2681 4215 Marcellino
2708 4163 2769 4213 ad
2800 4161 2977 4213 Iselaut
3005 4160 3216 4212 fluvium
3252 4161 3302 4211 in
3354 4160 3670 4212 Transisela-

2148 4243 2332 4280 norum
2367 4242 2533 4295 partes
2562 4232 2747 4281 missus
2772 4228 3095 4295 praedicavit;
3126 4238 3239 4293 post
3261 4232 3540 4281 multorum
3567 4236 3669 4279 tan-

2145 4296 2262 4348 dem
2292 4296 2681 4351 conversionem
2710 4312 2769 4350 ac
2799 4297 3002 4349 labores
3027 4296 3156 4348 obiit
3198 4295 3511 4356 Daventriae,
3548 4305 3597 4345 et
3618 4296 3667 4348 in

2144 4365 2427 4421 cathedraii
2460 4367 2678 4421 ecclesia
2706 4366 2965 4431 depositus
2996 4364 3107 4416 fuit.
3163 4364 3280 4416 Dies
3333 4364 3667 4430 depositionis

507 4410 1066 4502 (‘ettsletitit‘pi-SCOpUIII,
1103 4436 1221 4488 licet
1250 4435 1539 4487 Dorotlteus
1583 4438 1631 4488 itt
1680 4436 1873 4502 Synop.
1922 4450 2039 4487 eum
2077 4410 2439 4486 Dcelcbratni‘
2492 4450 2558 4487 XII
2605 4410 2907 4502 Novenibris
2934 4449 2946 4482 :
2974 4432 3327 4484 translationis
3373 4410 3473 4483 arav
3517 4431 3665 4483 Junii.

505 4500 707 4620 setllisse
736 4501 889 4555 lconii
921 4514 1208 4575 asset-etet,
1241 4513 1291 4557 et
1322 4505 1479 4559 fuisse
1512 4520 1668 4556 unqu
1700 4500 1759 4556 es
1792 4503 1857 4553 72
1884 4503 2040 4556 disci-

505 4582 572 4620 nu
600 4584 661 4620 IS.

505 4582 661 4634 putts.

580 4648 602 4673 ο
628 4636 841 4691 ιιιιοεῑω.
884 4638 1070 4692 Luceia
1124 4642 1265 4705 virgo
1310 4648 1363 4692 et
1401 4641 1619 4692 Aticeias
1667 4640 1906 4692 dominus
1928 4639 2041 4702 ejus

509 4708 808 4777 temporalis
860 4707 1037 4762 Romae
1088 4707 1390 4777 martyrium
1422 4709 1556 4775 passi
1578 4710 2041 4777 sunttetttporthus

505 4773 833 4829 Diocletiani.
861 4778 980 4831 Iltec
999 4773 1447 4843 llomatta'origiue
1471 4780 1535 4830 ab
1562 4776 1751 4828 Anceia
1798 4776 2042 4829 baibaio-

509 4858 621 4893 rum
657 4859 775 4909 rege
803 4853 949 4911 capta
981 4857 1031 4897 et
1058 4848 1107 4897 iit
1134 4849 1345 4912 patriam
1375 4846 1486 4911 ejus
1507 4845 1724 4896 adducta
1753 4856 1850 4895 est.
1876 4846 2039 4908 Quarti

509 4912 629 4963 dum
662 4912 912 4965 barbarus
962 4914 1154 4967 violare
1197 4916 1395 4966 vellet:
1430 4914 1643 4965 audiens
1689 4912 1756 4963 ab
1798 4926 1856 4963 ea
1906 4913 2041 4976 quod

514 4977 673 5049 Deum
720 4981 936 5035 haberet
981 4998 1225 5048 sponsum
1255 4985 1368 5049 ejus
1417 4981 2035 5044 dell0rattonisultorem,

504 5048 745 5101 extimuit
789 5058 843 5103 et
895 5064 1197 5105 reverenter
1251 5048 1363 5104 eam
1411 5055 1668 5103 llat‘lztvll.
1702 5050 1856 5113 Cujus
1886 5051 2039 5101 etiam

509 5117 751 5187 precibus
800 5119 935 5172 idem
968 5135 1055 5172 rex
1089 5120 1284 5187 pluries
1314 5120 1379 5171 de
1429 5121 1538 5171 suis
1583 5119 1827 5187 hostibus
1862 5118 2041 5187 trium-

506 5185 698 5250 phavit,
734 5189 1071 5252 quamobrem
1090 5185 1161 5241 Vati
1194 5188 1453 5242 Christum
1482 5201 1764 5240 conversus
1787 5186 2035 5252 virginem

502 5255 824 5308 manumisit.
868 5258 990 5308 Dutn
1039 5268 1209 5310 autem
1262 5258 1345 5308 illa
1374 5258 1437 5307 ad
1480 5264 1695 5321 patriam
1738 5254 1906 5307 redire
1937 5257 2042 5307 γυι-

502 5322 591 5386 let,
647 5325 757 5391 ipse
799 5327 1021 5378 Anceias
1061 5330 1267 5379 deserto
1317 5341 1474 5389 regno
1525 5326 1769 5390 virginem
1822 5325 2038 5375 Romam

502 5405 669 5458 usque
701 5406 905 5447 secutus
936 5404 1033 5456 est,
1070 5396 1155 5446 tibi
1180 5398 1333 5447 ambo
1357 5394 1526 5460 gladio
1557 5396 1675 5444 cgesi
1706 5399 1845 5443 sont.
1875 5391 2037 5443 PETR.

506 5475 567 5510 με
601 5462 796 5516 Nam!"
833 5463 959 5517 Male
986 5465 1175 5515 dietur
1202 5465 1299 5516 hoc
1332 5466 1444 5516 loco
1476 5462 1635 5515 Lucia
1656 5461 2042 5513 Thessalonica:

503 5542 672 5594 passa.

573 5595 598 5632 ἀ
640 5598 791 5666 Ιέιίθίἰ
834 5610 876 5652 et
941 5601 1243 5651 l’indicimti.
1279 5600 1423 5666 liligii
1471 5600 1725 5663 depositio
1751 5598 2041 5651 celi-bratur

504 5665 743 5722 kalendis
772 5670 1066 5724 Decembris
1095 5688 1103 5721 ;
1149 5665 1428 5723 Vittdimani
1466 5680 1633 5724 autem
1658 5684 1683 5721 v
1706 5667 1821 5721 ldus
1852 5668 2035 5721 Martii.

510 5746 519 5767 δ

2143 4503 2387 4556 ΜῡιΑιωε
2415 4502 2479 4553 de
2501 4504 2595 4555 SS.
2635 4502 2811 4568 llelgii.
2845 4499 3204 4568 GHINIUsSEN.

2214 4568 2231 4605 ί
2261 4572 2492 4621 Αυιαηαὶ.
2520 4570 2570 4621 In
2593 4566 2888 4623 Gentelaico
2914 4583 3029 4620 cum
3061 4567 3402 4621 Dumnoleno.
3426 4566 3668 4621 Momms

2142 4638 2191 4689 itt
2226 4638 2444 4690 Usuard.
2485 4638 2753 4691 Ferrarius
2781 4650 2872 4691 eos
2901 4636 3066 4705 pridie
3090 4645 3366 4697 memorat,
3388 4647 3441 4689 et
3487 4635 3668 4690 Leuio-

2142 4707 2265 4758 vicis
2295 4722 2472 4770 passos
2504 4707 2702 4758 scribit.
2920 4766 2934 4772 Α,

2211 4781 2235 4816 3
2264 4774 2477 4827 Joannis
2529 4787 2574 4828 et
2618 4774 2787 4827 Pauli.
2855 4770 2933 4826 os
2966 4773 3043 4826 his
3069 4773 3189 4827 vide
3216 4775 3366 4841 plura
3395 4774 3449 4829 in
3472 4772 3669 4839 Adone,

2143 4842 2387 4907 Notketo,
2421 4844 2556 4895 Petr.
2585 4844 2650 4894 de
2681 4842 2846 4896 Natal.

2210 4913 2237 4947 ιι
2269 4911 2445 4964 Salvii.
2485 4911 2722 4977 Episcopi
2754 4909 3176 4976 Engolismensis,
3208 4911 3293 4977 qui
3317 4910 3382 4961 de
3404 4910 3669 4974 Aquitania

2142 4981 2435 5047 Spargettdo
2465 4980 2605 5032 verbi
2635 4979 2723 5031 Dei
2765 4979 2982 5047 semina,
3008 4986 3264 5047 pervenit
3314 4993 3432 5029 cum
3463 4992 3564 5029 uno
3586 4992 3673 5029 co-

2144 5045 2518 5114 mite‘Superio
2542 5052 2604 5099 ad
2633 5050 2897 5101 civitatem
2931 5045 3282 5106 Vitlet‘tcenas;
3316 5058 3370 5100 et
3416 5048 3490 5099 ire
3516 5047 3670 5097 voluit

2140 5118 2425 5169 Condatum
2469 5117 2530 5169 ad
2576 5120 2871 5171 cwnobium
2916 5114 2971 5166 Β.
3021 5115 3216 5169 Maria.
3249 5115 3305 5169 In
3354 5118 3467 5182 ipso
3506 5123 3673 5182 autem

2143 5187 2346 5249 itinere,
2367 5188 2416 5238 iit
2449 5187 2564 5237 villa
2590 5200 2666 5242 sc.
2695 5200 2810 5251 qua:
2840 5182 3027 5236 dicitur
3063 5181 3428 5243 Bevitieuma
3450 5181 3668 5251 quodam

2144 5264 2363 5321 tyranno
2413 5248 2724 5321 Winegario'
2744 5251 2890 5319 jussu
2939 5251 3135 5303 domini
3165 5255 3245 5321 sui
3291 5248 3593 5319 Winegardi
3620 5248 3669 5302 in

2140 5320 2315 5387 capite
2342 5326 2508 5375 securi
2540 5320 2837 5389 pi-rcussus,
2861 5334 2977 5389 cum
3001 5320 3300 5389 supradicto
3320 5323 3510 5389 comite
3537 5333 3672 5389 atar—

2143 5382 2333 5457 tyriuttt
2363 5382 2661 5453 sultiithui
2686 5382 2837 5440 ambo
2860 5387 2910 5440 in
2936 5382 3139 5441 stabulo
3164 5388 3417 5441 reconditi
3440 5397 3552 5453 post
3574 5382 3674 5440 [res

2140 5473 2303 5532 annos
2321 5461 2648 5532 revelatioue
2670 5459 2841 5532 divina
2868 5459 2933 5510 ab
2954 5458 3266 5532 imperatore
3284 5458 3472 5532 Carolo
3495 5457 3671 5532 tinguo

2142 5528 2356 5592 inventi,
2388 5538 2441 5581 et
2470 5530 2518 5579 in
2552 5528 2663 5579 loco
2691 5526 2775 5579 ubi
2806 5539 2945 5579 nunc
2992 5526 3253 5593 prioratus
3299 5533 3383 5579 est
3407 5524 3465 5578 S.
3497 5523 3669 5593 Salvii,

2141 5598 2330 5663 sepulti
2361 5605 2499 5649 sunt.
2528 5596 2893 5648 Monasterium
2917 5592 3001 5648 est
3023 5600 3169 5645 extra
3210 5593 3530 5648 Valencenas
3551 5592 3674 5645 dite-

2144 5666 2273 5722 ccsis
2299 5663 2719 5732 Cameracensis,
2756 5664 2840 5719 ubi
2868 5664 2979 5717 dies
3008 5665 3247 5732 martyrii
3274 5663 3671 5719 rcculiturseato

3818 6218 3837 6251 Λ
