3888 6396
453 394 554 451 959

1109 396 1305 451 BEDIE
1338 395 1768 454 VENERABILIS
1804 399 1945 453 OPP.
1988 402 2157 455 PARS
2196 402 2281 455 iV.
2320 428 2384 441 -
2424 402 2790 456 IllS'l'ORlCA.

3426 0 3835 480 Π

3490 398 3606 453 ’60

1622 504 1839 562 EDITIO
1875 506 2302 563 COLONIENSIS

455 598 551 650 sim
592 597 872 657 damnavit,
932 602 985 647 et
1024 592 1402 647 sanctissimum
1449 594 1719 647 concilium
1756 594 1967 647 Chalce-
1995 600 2040 657 Α
2069 606 2293 664 sumpta,
2320 609 2351 649 e
2375 599 2527 649 terris
2568 599 2804 665 migravit
2842 601 2905 651 ad
2932 600 3142 679 cmlum.
3173 601 3418 667 Lugduno
3457 602 3604 653 Gal-

456 686 688 736 donense
715 697 804 735 sua
836 682 1077 734 industria
1102 682 1401 748 congregari
1439 681 1579 733 fecit.
1634 681 1729 734 Hic
1771 681 1967 734 consti-

461 771 556 824 tuit
586 772 712 823 intra
739 770 990 822 actionem
1037 769 1212 821 dicere
1260 777 1495 820 sanctum
1539 768 1869 830 sacriﬁcium,
1915 777 1967 820 et

463 857 764 911 monacham
793 872 893 907 non
922 857 1151 922 accipere
1179 857 1411 907 velamen
1438 856 1621 921 capitis
1642 856 1966 908 benedictum

458 946 524 996 ab
544 944 804 1009 episcopo,
827 943 921 997 nisi
948 943 1084 1006 prius
1106 941 1313 1005 probata
1338 942 1475 993 illius
1504 938 1767 1007 virginitas
1794 941 1966 994 fuer't.

458 1032 628 1096 Apud“
652 1027 1012 1080 Alexandriam
1040 1035 1334 1079 sanctorum
1365 1038 1649 1095 martyrum
1684 1028 1965 1089 Plutarchi,

461 1116 661 1178 Sereni,
686 1116 958 1177 Eraclidis,
986 1114 1199 1176 llerois;
1241 1114 1362 1168 item
1392 1115 1597 1177 Sereni,
1634 1113 1963 1176 Potamienm,

460 1202 735 1265 Marcellini,
766 1201 1169 1265 Catechuminze,
1205 1202 1372 1265 Herm,
1413 1201 1630 1265 Nomius,
1663 1201 1966 1267 baptismum

461 1291 1049 1359 martyriiiconsecutm.
1104 1291 1239 1343 Inter
1286 1304 1416 1356 quos
1461 1288 1719 1355 praecipue
1763 1288 1970 1341 emicuit

459 1377 752 1430 Potamiena
794 1379 959 1445 virgo,
993 1392 1107 1445 quae
1138 1387 1251 1445 post
1282 1379 1581 1431 innumeros
1619 1391 1810 1443 agones
1852 1391 1969 1429 eum

462 1466 740 1518 venerabili
789 1476 957 1518 matre
1015 1466 1282 1529 Marcella,
1341 1466 1473 1532 ignis
1525 1465 1789 1533 suppliciis
1836 1479 1967 1518 con-

2070 681 2151 733 lita
2193 682 2354 733 Sancti
2402 682 2578 736 Irenzci
2608 684 2864 749 episcopi,
2896 685 2981 751 qui
3012 698 3128 737 cum
3158 688 3301 739 omni
3326 688 3429 743 iere
3449 686 3569 740 civi
3589 713 3601 724 -

2070 768 2188 819 tatis
2227 783 2335 821 sua:
2384 770 2569 834 populo
2613 768 2840 836 glorioso
2878 782 3157 824 coronatus
3191 782 3272 825 est
3314 775 3598 844 martyrio.

2071 856 2167 908 Sub
2211 854 2402 909 Severo
2448 857 2699 922 principe,
2722 859 3054 926 sepultusque
3083 875 3111 912 a
3144 859 3389 913 Zacharia
3436 876 3601 928 prea—

2071 941 2253 1011 bytero
2293 944 2341 996 in
2377 954 2555 1010 crypta
2599 944 2826 997 basilica:
2873 946 3006 999 beati
3048 948 3262 1000 Joannis
3307 951 3594 1016 Baptista.

2070 1031 2167 1083 sub
2193 1032 2361 1083 altari.
2370 1032 2460 1101 3t
2487 1033 2655 1097 vigilia
2684 1035 3036 1098 apostolomm
3070 1036 3203 1089 Petri
3241 1048 3293 1090 et
3324 1038 3480 1092 Pauli.

2139 1118 2201 1170 E.
2265 1118 2328 1171 111
2374 1119 2602 1173 ΚΑιεκυ.
2648 1120 2799 1175 Juut.
2848 1123 3023 1175 Romae
3064 1125 3234 1178 natale
3284 1137 3592 1178 sanctorum

2071 1204 2423 1268 apostolorum
2458 1204 2594 1257 Petri
2639 1217 2691 1258 et
2734 1207 2897 1271 Pauli,
2928 1208 3015 1271 qui
3047 1210 3182 1273 passi
3218 1218 3340 1260 sunt
3361 1211 3457 1261 sub
3481 1211 3595 1263 Νε-

2072 1303 2220 1352 rone,
2252 1290 2410 1342 Basso
2453 1301 2506 1345 et
2551 1291 2719 1346 Tusco
2766 1296 3080 1348 consulibus.
3132 1297 3315 1351 Petrus
3357 1300 3595 1352 secundo

2072 1374 2269 1429 Claudii
2297 1390 2455 1439 anno,
2493 1388 2605 1444 post
2630 1382 2981 1448 episcopatum
3012 1380 3382 1438 Antiochensis
3410 1387 3593 1439 Eccle-

2075 1464 2185 1525 εἰπε,
2229 1472 2279 1516 et
2325 1464 2739 1529 praedicationem
2787 1468 3122 1535 dispersionis
3168 1487 3343 1526 eorum
3388 1479 3469 1542 qui
3512 1476 3592 1526 do

1610 1612 1613 1613 ,
1649 1553 1864 1606 EDlTIO
1905 1550 2380 1605 BOLLANDIANA.

536 1646 595 1696 Α.
625 1641 685 1693 Τ.
719 1642 800 1698 Ι...
829 1641 879 1692 1η
907 1640 1209 1692 Alexandria
1240 1640 1333 1692 SS.
1363 1648 1385 1673 ³
1408 1641 1585 1693 Sereni
1614 1650 1664 1693 et
1692 1639 1969 1691 Theodori.

464 1709 543 1766 Β..
594 1709 646 1760 1η
690 1710 854 1761 Alrica
902 1710 1127 1764 Fabiani.
1176 1709 1379 1769 Felicis,
1414 1708 1642 1768 Venusti,
1673 1706 1972 1759 Crescentii.

464 1778 517 1828 lit
550 1777 850 1827 Alexandria
880 1776 1045 1825 natale
1073 1776 1167 1828 SS.
1207 1776 1385 1827 Sereni
1427 1783 1482 1825 et
1521 1773 1799 1826 Theodori.
1842 1774 1975 1840 Lug-

462 1845 603 1895 duoo
628 1842 802 1895 Gallia:
831 1846 996 1895 natale
1026 1842 1113 1894 δὲ»
1148 1844 1341 1894 Ereuaii
1370 1856 1485 1896 cum
1512 1840 1627 1895 aliis
1651 1856 1764 1895 sex.

499 1958 620 2079 'Qp9.
731 1958 789 2012 111
816 1958 945 2012 ΚΑι..
985 1957 1159 2011 Roma:
1200 1956 1385 2011 natalis
1425 1956 1771 2025 apostolorum
1794 1960 1815 1989 °
1844 1956 1980 2011 Petri

583 2044 643 2078 il"
666 2045 700 2079 1.

462 2042 511 2079 ΘΙ
541 2042 700 2080 1³31111.

539 2155 691 2206 Addit
739 2155 917 2221 Florus
957 2155 1006 2205 in
1053 2154 1115 2205 τ.
1145 2162 1197 2205 et
1224 2153 1308 2217 L.,
1340 2153 1435 2215 Qui
1461 2153 1606 2219 jussu
1638 2152 1854 2207 Neronis
1885 2153 1980 2205 im-

464 2242 721 2311 peratoris
744 2242 923 2295 Petrus
948 2240 1301 2305 cruciﬁxione,
1330 2239 1517 2292 Paulus
1537 2239 1721 2307 capitis
1741 2241 1981 2307 plexione

2028 1666 2031 1671 ι
2080 1639 2322 1703 martyrio
2351 1640 2579 1692 coronati
2607 1650 2743 1693 sunl.

2150 1724 2398 1790 Longiora
2445 1728 2706 1800 utriusque
2747 1728 2909 1796 elogia
2939 1728 3004 1795 ab
3041 1740 3216 1800 etymo
3246 1734 3463 1787 nominis
3489 1738 3589 1789 ini—

2082 1792 2206 1866 tium
2252 1794 2503 1866 sumentis
2551 1794 2796 1847 habentur
2828 1792 2876 1866 i'n
2909 1792 3005 1849 nis.
3043 1792 3243 1866 νίψω
3265 1808 3537 1857 omittimus
3565 1824 3579 1856 :

2077 1860 2207 1935 sicut
2235 1868 2285 1911 et
2310 1861 2410 1935 alia
2439 1862 2650 1935 aliorum
2674 1864 3041 1935 apostolorum,
3086 1860 3266 1919 diebus
3294 1870 3473 1935 cuique
3500 1872 3581 1924 hic

2078 1928 2351 1994 assignatis
2379 1937 2464 1980 aut
2483 1930 2801 1995 assigiiandis
2826 1934 3064 1995 inscripta
3089 1935 3200 1985 istis
3228 1928 3410 1986 similia
3438 1953 3454 1988 :
3479 1948 3580 1990 tum

2077 1998 2193 2061 quia
2242 1998 2303 2048 att
2348 1997 2512 2049 lla‘tla:
2549 2007 2635 2048 aut
2667 1998 2799 2050 Fiori
2848 2010 3017 2052 textus
3058 2002 3423 2055 discernendos
3464 2005 3580 2057 nihil

2081 2062 2289 2131 iaciunt,
2322 2072 2425 2115 tttm
2455 2065 2569 2131 quia
2601 2064 2718 2117 alibi
2768 2068 2935 2117 obvia.
2986 2069 3065 2122 Β..
3111 2069 3174 2119 Et
3205 2071 3371 2121 natale
3396 2070 3453 2124 S.
3482 2071 3575 2124 Noe

2079 2130 2528 2204 vatiatii__blartyr_is
2550 2147 2662 2204 cum
2692 2136 3099 2204 aliisgnoiigetitis
3128 2142 3439 2204 septuaginta
3462 2150 3573 2192 octo

2079 2197 2544 2313 {nartyribus.'C.,
2595 2201 2657 2251 lit
2700 2201 2723 2235 α
2772 2197 2987 2254 aliorum
3039 2197 3395 2257 DCCCC-1.x"le
3448 2223 3576 2259 mar-

2102 2278 2270 2313 vrum.

2101 2278 2270 2330 yrum.

1785 2344 1981 2401 SMlTll
2017 2344 2239 2403 ΝΟΤᾹΞ.

542 2448 567 2474 ι
597 2439 787 2491 Sereui.
822 2437 967 2501 Apud
998 2436 1185 2488 Euseb.
1230 2434 1366 2487 Eccl.
1409 2435 1541 2487 llist.
1566 2449 1635 2498 vi,
1671 2436 1724 2493 5.
1762 2435 1978 2488 duorum

473 2510 776 2559 Serennrum
802 2505 990 2556 mentio
1020 2506 1101 2556 lit:
1127 2518 1341 2565 quorum
1366 2503 1497 2555 alter
1523 2517 1610 2565 per
1639 2504 1827 2569 ignem,
1852 2504 1983 2555 alter

478 2587 568 2641 pt-r
597 2575 989 2641 ilecollationem
1019 2572 1318 2641 martyrium
1348 2570 1641 2641 c_omplevit2

547 2642 572 2679 δ
606 2640 800 2694 Irenrri.
834 2641 926 2693 llic
971 2639 1064 2691 fuit
1102 2641 1308 2690 natione
1355 2637 1580 2690 Gnaeus.
1627 2637 1806 2691 Narrat
1848 2637 1981 2689 enim

470 2710 554 2763 vir
579 2721 785 2763 sanctus
812 2710 860 2761 iu
892 2708 1099 2773 epistola
1133 2708 1193 2757 ad
1221 2705 1693 2771 Florianum,cujiis
1722 2707 1987 2773 fragmen-

475 2789 582 2833 tum
612 2778 794 2830 recilat
820 2772 1088 2836 Eusebius,
1120 2791 1169 2825 se
1196 2790 1400 2840 puerum
1421 2775 1603 2836 adhuc,
1634 2774 1713 2826 vel
1738 2782 1792 2824 ut
1822 2772 1985 2838 loqui-

478 2855 561 2898 tur
586 2846 634 2895 in
660 2858 816 2909 opere
862 2843 1102 2893 adversits
1143 2845 1382 2901 litereses,
1428 2841 1485 2909 in
1524 2843 1679 2901 prima
1720 2855 1807 2909 sua
1842 2846 1989 2890 (etate

482 2907 814 2979 Polycorpum
851 2911 953 2975 jam
986 2910 1131 2979 valde
1161 2923 1332 2979 senem
1358 2908 1595 2979 andiisse,
1619 2919 1668 2979 et
1696 2907 1760 2958 ab
1789 2922 1851 2959 eo
1879 2908 1987 2969 pri-

482 2975 922 3033 mis'tLhiistianai
966 2976 1225 3040 rel’giouis
1270 2975 1532 3041 praeceptis
1571 2975 1820 3027 imbutum
1851 2989 1985 3028 esse.

480 3052 606 3099 t'um
636 3056 802 3097 autem
837 3045 1141 3111 Polycarpits
1163 3046 1460 3110 mar:yriitm
1492 3044 1702 3095 subierit
1723 3057 1858 3095 anno
1882 3045 1983 3095 cir-

480 3115 609 3169 t-iler
644 3113 762 3175 ltili,
796 3130 895 3165 non
924 3115 1096 3181 proettl
1126 3129 1151 3163 a
1184 3127 1304 3165 vero
1332 3112 1704 3181 aberravimus,
1745 3112 1787 3162 si
1819 3120 1991 3162 natum

482 3186 729 3236 li‘enmunt
776 3178 1003 3233 dicamus
1053 3197 1188 3232 anno
1213 3180 1417 3231 circiter
1448 3178 1563 3231 MO.
1588 3182 1840 3243 Quantum
1869 3186 1997 3228 tein-

481 3258 619 3317 poris
660 3254 707 3301 iii
757 3253 963 3301 Uricute
1002 3258 1232 3317 versatus
1278 3247 1460 3309 fuerat,
1501 3245 1999 3317 l_:|C6Illiillls‘\'cl_Cl'_i¢

488 3312 582 3372 bus
609 3318 704 3369 dici
752 3332 849 3369 nou
881 3324 1067 3382 potest.
1100 3314 1223 3367 Illud
1255 3324 1475 3375 certum,
1510 3314 1759 3366 lreiimitm
1790 3314 1837 3364 in
1866 3312 2000 3365 Gal-

484 3390 579 3439 lias
620 3388 924 3452 prolecutm,
976 3384 1273 3446 Lugdunum
1321 3383 1538 3452 venisse,
1580 3384 1781 3448 quando
1803 3396 1943 3441 vero,
1971 3394 1999 3432 a

488 3451 697 3516 qtio,et
722 3468 819 3520 qua
846 3455 1114 3520 occasione
1142 3454 1325 3503 missus
1353 3451 1523 3510 luerit,
1567 3454 1815 3520 incertum
1848 3464 2001 3515 pror-

485 3537 593 3574 sus.
637 3529 699 3574 Α.
740 3518 795 3574 S.
838 3520 1054 3571 Pothino
1088 3519 1410 3587 Lugdoiiensi
1440 3519 1680 3584 episcopo
1708 3518 2000 3587 ordinatum

491 3590 647 3643 fuisse
701 3594 1079 3656 presbyterum,
1253 3588 1543 3656 Hieronymi
1590 3587 1760 3656 vir-his
1811 3584 2001 3653 inferre

485 3660 647 3711 licet:
696 3651 811 3709 eum
856 3651 991 3707 enim
1040 3654 1236 3705 Pothini
1280 3651 1507 3718 episcopi
1539 3655 1886 3721 presbyterum
1913 3652 2002 3701 vo-

486 3736 587 3778 rat.
620 3726 779 3789 Quam
822 3724 1060 3788 ιιι-ςιξειητθ
1102 3722 1273 3772 autem
1315 3735 1370 3772 se
1415 3722 1631 3786 gesserit
1660 3720 1709 3773 in
1741 3720 2002 3789 presbyte-

489 3804 620 3853 t-atti,
662 3796 789 3845 satis
836 3792 1050 3855 probant
1101 3805 1159 3841 ca
1208 3789 1391 3855 quibus
1440 3789 1675 3854 pietatem
1717 3788 1829 3854 ejus
1855 3802 2000 3838 com-

486 3860 727 3913 mendant
770 3868 1049 3919 martyrum
1092 3856 1507 3924 Lugdunensium
1542 3862 1696 3907 verba
1725 3856 1864 3924 apud
1895 3856 2001 3905 Eu-

494 3931 602 3981 sob.
633 3944 681 3989 v,
711 3927 763 3989 xi,
803 3927 851 3977 iii
881 3928 940 3977 iis
965 3940 1090 3989 quas
1115 3923 1189 3976 ad
1208 3925 1537 3976 Eleutherum
1566 3938 1747 3989 papam
1771 3923 2002 3975 scribunt

494 3996 745 4061 epistolis,
776 4009 901 4060 quas
924 3991 1263 4061 perferendas
1281 3992 1473 4061 lrenaeo
1491 3993 1833 4061 tradiderunt.
1856 3989 2002 4042 Circa

497 4059 692 4114 initium
731 4059 1106 4127 persecutionis
1134 4061 1229 4111 sub
1253 4059 1313 4110 Μ.
1347 4059 1555 4111 Aurelio
1584 4059 1843 4127 Antonino
1870 4072 2005 4127 niur-

495 4142 582 4183 tito
622 4125 839 4183 Pothino
882 4132 1143 4195 episropo,
1185 4129 1281 4179 hoc
1309 4138 1387 4178 est
1413 4141 1546 4178 anno
1572 4125 1921 4195 εἰιείιθτᾹἹἹ,
1956 4125 2004 4176 itt

493 4200 603 4262 ejus
644 4200 813 4250 locum
853 4193 923 4248 S.'
955 4198 1178 4247 Irenazus
1225 4196 1529 4247 substitutus
1574 4204 1670 4255 est,
1701 4204 1752 4247 et
1779 4193 1953 4246 Roma:
1979 4210 2006 4243 a

500 4268 556 4317 l5.
584 4268 857 4317 Eleuthero
880 4274 1243 4324 Consecratus;
1274 4272 1423 4327 atque
1446 4271 1501 4313 ut
1523 4262 1831 4325 provinciam
1855 4277 2007 4328 quant

492 4342 671 4385 nactus
700 4342 780 4384 est
809 4333 991 4384 melius
1021 4343 1251 4393 ornaret,
1291 4331 1441 4383 nullis
1472 4331 1728 4383 laboribus
1760 4331 2005 4395 pepercit,

2080 2435 2272 2515 [idcum
2298 2455 2311 2501 ;
2341 2454 2441 2492 non
2464 2455 2585 2494 vero
2610 2455 2743 2515 anno
2767 2442 2854 2506 67,
2877 2444 2978 2503 vel,
3002 2446 3138 2511 quod
3168 2447 3302 2499 idem
3324 2457 3422 2510 est,
3443 2449 3579 2515 juxta

2080 2503 2374 2574 Baronium,
2432 2522 2567 2561 anno
2610 2508 2675 2574 6’9
2705 2526 2716 2558 :
2748 2503 2862 2561 cum
2888 2548 2903 2571 ,
2949 2503 3337 2567 ut'communis
3387 2503 3583 2568 traditio

2084 2570 2210 2645 left,
2243 2573 2441 2645 Nerone
2470 2571 2721 2637 praesente
2751 2570 2895 2645 passi
2933 2580 3139 2641 luerim,
3188 2590 3243 2632 et
3280 2586 3479 2645 quidem
3507 2584 3587 2636 die

2086 2590 2210 2632 ten,
2243 2590 2441 2625 iverone
2470 2590 2721 2637 prasente
2784 2590 2886 2628 aSSI
2933 2590 3139 2641 tuertnt,
3188 2590 3243 2632 et
3280 2590 3479 2645 quidem
3507 2590 3587 2636 die

2086 2637 2318 2717 thlunii
2345 2655 2359 2702 ;
2390 2656 2492 2717 quo
2522 2651 2687 2694 tamen
2732 2590 2817 2695 die
2832 2658 2993 2717 _anno
3024 2645 3100 2717 _67
3143 2647 3393 2700 Neronem
3438 2651 3587 2701 Itonia

2089 2705 2317 2780 abfuisse
2342 2709 2511 2780 .plane
2562 2719 2781 2762 certum.
2830 2710 3071 2765 Secundo
3109 2730 3209 2766 non
3236 2727 3349 2780 post
3378 2718 3588 2769 reditum

2090 2774 2303 2845 Neronis
2325 2790 2383 2827 ex
2415 2774 2642 2838 Oriente.
2671 2780 2761 2830 sed
2791 2790 3063 2845 antequam
3096 2781 3145 2832 iit
3175 2774 3434 2835 (trientem
3462 2787 3589 2835 Nero

2092 2843 2522 2908 proﬁcisceretur,
2568 2845 2778 2898 eosdem
2821 2843 3039 2899 occisos.
3071 2850 3181 2899 Non
3210 2853 3418 2902 defuere
3442 2853 3587 2902 etiam

2093 2911 2176 2976 qui
2207 2911 2583 2981 __eitis_timarint
2634 2914 2945 2981 martyrium
3006 2916 3188 2965 borum
3243 2919 3591 2981 apostolorum

2093 2992 2182 3031 viti
2207 2977 2318 3028 Kal.
2347 2977 2511 3046 Martii
2539 2977 2805 3044 accidisse,
2838 2981 2972 3046 quod
3013 2983 3075 3033 ad
3121 2977 3356 3036 eamdem
3383 2986 3512 3037 diem
3544 2986 3594 3037 in

2098 3044 2571 3117 Laterculo__Sylvli
2620 3047 2815 3117 legatur
2854 3044 2866 3097 Ξ
2907 3046 3160 3117 Depositio
3210 3052 3313 3104 SS.
3373 3050 3503 3103 Petri
3553 3063 3597 3104 et

2098 3113 2283 3173 Pauli;
2315 3112 2499 3172 quibus
2524 3129 2585 3166 ex
2612 3115 2780 3166 verbis
2809 3112 3044 3176 intulere,
3076 3118 3283 3170 Petrum
3308 3129 3361 3172 et
3387 3120 3591 3173 Paulum

2093 3195 2194 3233 non
2226 3194 2277 3231 iii
2305 3179 2414 3234 Kal.
2444 3180 2627 3251 Julias,
2670 3196 2763 3234 seu
2791 3184 2873 3251 die
2914 3184 2982 3237 20
3024 3184 3185 3246 Junii,
3218 3202 3319 3251 quo
3343 3188 3591 3249 coluntur,

2096 3264 2272 3311 passos
2301 3262 2439 3310 esse,
2468 3248 2558 3301 sed
2585 3251 2669 3303 die
2699 3264 2787 3302 viii
2835 3250 2947 3303 Kal.
2996 3248 3450 3307 Martias.VVerum
3474 3270 3598 3305 vana

2097 3317 2205 3385 lirec
2230 3316 2426 3385 illatio.
2466 3316 2763 3385 Antiquitus
2783 3317 2918 3370 enim
2949 3319 3099 3370 sicuti
3128 3330 3177 3371 et
3208 3337 3345 3373 nunc
3374 3338 3461 3374 viii
3485 3323 3595 3374 Kal.

2096 3383 2329 3443 Martias,
2360 3383 2618 3435 cathedra
2650 3386 2707 3438 S.
2747 3384 2882 3437 Petri
2916 3386 3201 3439 Antiochia:
3226 3391 3598 3441 celebrabatur.

2099 3453 2151 3503 In
2182 3452 2411 3521 lodicula
2429 3452 2769 3521 depositionis
2796 3462 3075 3521 martyrum
3102 3457 3237 3519 apud
3271 3458 3597 3515 Bucberiiim,

2096 3536 2159 3570 eo
2197 3522 2281 3572 die
2320 3518 2535 3585 legitur:
2564 3520 2748 3571 Natale
2794 3518 3017 3571 l’elrt'de
3044 3518 3309 3575 Catiiedra.
3357 3525 3601 3587 Reliquias

2096 3597 2267 3639 autem
2312 3596 2607 3657 sanctorum
2657 3588 2833 3639 iisdem
2879 3604 3015 3655 sche
3043 3591 3244 3651 diebus,
3288 3592 3376 3657 qui
3423 3594 3600 3641 horum

2100 3656 2295 3707 natales
2326 3654 2685 3725 eranulaetre.
2714 3658 2882 3719 Quare
2911 3654 2973 3725 es
3006 3657 3276 3710 Latercuto
3301 3654 3489 3725 Sylvii,
3519 3664 3601 3708 ubi

2097 3725 2159 3774 ad
2208 3737 2293 3773 viii
2337 3720 2448 3773 Kal.
2495 3724 2643 3790 Mart.
2678 3724 2892 3790 legimus
2937 3724 3309 3789 di-po~itionem
3341 3720 3435 3779 SS.
3470 3728 3604 3776 Petri

2097 3739 2159 3774 au
2208 3739 2293 3773 viii
2337 3739 2448 3773 nat.
2495 3739 2569 3774 aia
2606 3739 2643 3774 ι.
2678 3739 2892 3790 tegimus
2937 3739 3309 3789 tlt’pt)~ll|t)ltem
3341 3739 3435 3779 bs.
3470 3739 3597 3776 Petrl

2097 3800 2150 3844 et
2181 3790 2341 3852 Pauli,
2386 3739 2712 3856 intelliJmns
2760 3797 2939 3842 horum
2982 3793 3220 3858 reliquias
3248 3796 3331 3845 die
3355 3808 3457 3858 quo
3495 3798 3597 3856 iam

2101 3862 2283 3929 Petrus
2308 3859 2594 3911 Antiochi-aa
2616 3858 2898 3920 colebatur,
2924 3863 3193 3929 translatas~
3224 3861 3398 3915 fuisse.
3422 3860 3609 3913 Trans-

2103 3927 2349 3979 latioiiem
2390 3932 2525 3979 cnim
2571 3938 2865 3979 sanctorum
2913 3927 3247 3991 depositimiis
3294 3932 3501 3981 nomine
3546 3930 3611 3979 ab

2102 3996 2321 4060 antiquis
2351 4011 2488 4055 saepe
2509 4010 2830 4062 expressam,
2867 3997 3096 4060 pluribus
3117 3999 3369 4062 exemplis
3387 4004 3607 4049 constat.

2102 4062 2189 4116 Sic
2220 4078 2354 4115 anno
2384 4063 2504 4126 258,
2540 4064 2748 4127 quando
2778 4065 2833 4115 Β.
2866 4066 3040 4115 Sislus
3082 4065 3343 4115 Romanus
3392 4065 3608 4128 pontilea

2105 4131 2404 4183 eorumdem
2466 4130 2811 4191 apostolorum
2879 4144 3092 4194 corpora
3156 4132 3216 4182 ad
3272 4132 3611 4183 Catacumbas

2109 4198 2388 4251 transferre
2428 4198 2606 4264 voluit,
2640 4212 2741 4250 non
2770 4199 2922 4249 alium
2953 4200 3088 4250 diem
3115 4199 3269 4263 elegit
3298 4203 3448 4266 quam
3478 4201 3611 4251 vitae.b

2107 4270 2291 4318 simum
2339 4280 2531 4317 nonum
2576 4268 2765 4317 mensis
2806 4266 2941 4317 Junii
2969 4281 3147 4318 eorum
3178 4268 3330 4318 natali
3368 4267 3609 4323 dicatum.

2111 4347 2163 4385 ut
2192 4335 2436 4387 discimus
2464 4349 2524 4386 ex
2559 4336 2763 4385 laudato
2791 4333 3055 4386 lndiculo:
3090 4349 3144 4387 tit
3182 4333 3299 4386 Kal.
3328 4331 3449 4385 Julii
3480 4331 3613 4382 Pari

496 4404 768 4453 illcl‘ﬂliCﬂS
816 4401 969 4452 verbo
998 4408 1050 4452 et
1076 4400 1278 4463 scriptis
1306 4398 1581 4460 refiitarit,
1615 4403 1662 4451 in
1694 4403 1879 4451 unione
1912 4399 2002 4450 Ec-
2038 4400 2158 4457 Diti
2204 4403 2545 4463 Catacumbas,
2592 4410 2637 4453 et
2682 4400 2828 4452 Pauli
2877 4402 3121 4461 Ostiense,
3172 4401 3329 4453 Tusco
3371 4411 3419 4451 et
3461 4399 3611 4450 Basso

496 4472 765 4523 etesiarum
820 4470 1163 4527 iesarcicnda,
1223 4471 1507 4533 praesertim
1552 4472 1600 4519 in
1651 4469 2002 4532 componenda

502 4537 737 4590 l‘aschali
783 4550 1154 4594 controversia,
1210 4536 1480 4597 plurimum
1536 4538 2006 4599 laboravitzeoque

500 4607 703 4657 nomine
759 4605 1019 4655 Victori-iit
1074 4604 1357 4655 Romanum
1415 4606 1703 4669 poulilicetn
1760 4604 2003 4654 Ecclesiis

500 4674 737 4727 Asiaticis
790 4672 1060 4724 anathema
1103 4681 1365 4738 parantem
1417 4686 1505 4735 per
1555 4672 1748 4722 litteras
1800 4671 2009 4734 pacilice

501 4744 784 4793 admonuit.
834 4742 968 4793 Obiit
1005 4741 1168 4805 rapite
1215 4747 1477 4788 linteatus
1518 4742 1613 4789 sub
1657 4740 2009 4801 persecutione

500 4812 777 4861 Severiana
806 4824 941 4859 anno
966 4807 1085 4859 ‘202.
1105 4808 1207 4873 _Coi
1227 4824 1315 4873 pus
1348 4805 1459 4871 ejus
1488 4807 1719 4871 Gregorii
1746 4807 2009 4857 'l'uroueu-

498 4879 568 4929 sis
596 4886 748 4927 aetate
782 4878 831 4928 in
859 4889 1031 4940 crypta
1070 4870 1291 4928 b’asilicic
1323 4870 1384 4926 ll.
1405 4870 1616 4928 Joannis
1642 4876 1735 4925 sub
1756 4873 1898 4925 altari
1929 4888 2010 4923 se-

505 4946 698 5008 pultum
749 4946 1077 5010 quiescebat;
1136 4944 1201 4993 ab
1246 4958 1346 4995 uno
1386 4944 1590 5009 quidem
1630 4945 1789 4994 latere
1820 4941 2011 5010 Epipo-

504 5015 664 5072 tlinm,
698 5012 761 5064 ab
792 5014 893 5063 alio
924 5026 1045 5062 vero
1074 5012 1423 5063 Alexandrum
1458 5012 1673 5062 habens.
1714 5010 1813 5061 Sed
1842 5009 2013 5059 Calvi-

506 5082 651 5131 nistie
705 5094 839 5131 anno
888 5077 1041 5139 1561’,
1092 5089 1239 5142 capto
1294 5079 1558 5143 Lugdune,
1608 5077 1796 5129 amenti
1845 5076 2014 5127 lurore

510 5148 708 5211 perciti,
733 5150 789 5199 S.
815 5150 1055 5214 martyris
1085 5150 1373 5211 sepulcrum
1402 5148 1534 5197 laede
1560 5147 1903 5214 violaverunt;
1926 5158 2013 5194 os-

507 5219 749 5282 srbusque
778 5212 1062 5279 dissipatis,
1094 5216 1274 5277 capitis
1300 5214 1551 5273 craiiiuiii,
1589 5212 1639 5263 in
1662 5214 1827 5265 media
1854 5214 2015 5276 platea

508 5285 722 5348 turpiter
768 5283 1046 5349 projectum
1094 5284 1263 5333 tandm
1308 5283 1488 5345 iacuit,
1535 5282 1697 5332 donec
1726 5283 1842 5331 hinc
1870 5295 2018 5343 erep-

508 5368 613 5404 tum
667 5354 820 5403 hodie
874 5350 1101 5415 Lugduni
1164 5350 1398 5414 religiose
1448 5360 1760 5401 asservatur.
1822 5349 2016 5401 “sum

508 5425 782 5485 MASSUET,
840 5421 1062 5471 seconda
1120 5419 1408 5471 dissertatio
1466 5420 1653 5482 praevia
1723 5418 1771 5468 iii
1840 5418 2018 5469 lrcuaei

505 5493 682 5541 libros.

577 5561 595 5585 ο
633 5557 786 5607 Petri.
820 5556 878 5609 lli
921 5556 1052 5621 passi
1090 5565 1203 5605 sunt
1248 5569 1381 5606 anno
1424 5553 1612 5607 Christi
1645 5555 1729 5616 65,
1762 5552 1928 5606 Nerva
1970 5563 2023 5606 et

512 5624 724 5677 \‘estiuo
766 5640 924 5689 coss.,
978 5633 1029 5675 ut
1076 5625 1263 5690 legitur
1293 5625 1338 5674 iu
1367 5622 1608 5691 Catalogo
1638 5632 1867 5677 veterum
1898 5638 2023 5691 pon-

2105 4488 2229 4522 cosr.
2280 4474 2402 4531 Quae
2445 4472 2597 4523 verba
2634 4471 2909 4520 Bucherius
2939 4483 3040 4520 non
3087 4470 3377 4535 intelligens
3401 4469 3451 4518 in
3484 4481 3613 4535 mar-

2106 4540 2222 4605 giiie
2252 4537 2319 4588 ait
2348 4551 2484 4588 coss.
2534 4538 2693 4588 fuisse
2741 4538 2962 4598 laxatos,
3012 4533 3289 4603 persuasus
3332 4537 3414 4601 agi
3454 4534 3521 4586 ibi
3549 4533 3612 4605 de

2108 4601 2200 4660 SS.
2235 4605 2583 4671 apostolorum
2612 4607 2878 4671 martyrio,
2908 4601 3026 4655 coiri
3060 4617 3229 4655 tamen
3257 4618 3433 4655 sermo
3460 4605 3527 4654 sit
3552 4601 3613 4653 de

2110 4670 2442 4725 translatione
2497 4674 2580 4724 die
2630 4670 2810 4724 eorum
2863 4672 3027 4723 natali.
3070 4675 3221 4739 iacta.
3286 4670 3615 4739 Clarissiqu

2108 4742 2417 4793 Pearsonius
2442 4741 2491 4791 in
2524 4740 2806 4793 Annalibus
2834 4738 3148 4806 Cyprianicis
3171 4744 3231 4789 ad
3258 4754 3342 4789 an.
3371 4738 3494 4798 $58,
3517 4750 3616 4801 quo

2108 4810 2305 4861 Tuscus
2342 4818 2395 4861 et
2445 4810 2632 4860 Bassus
2669 4821 2805 4859 coss.
2856 4806 3022 4874 fuere,
3063 4809 3347 4869 existimat,
3397 4808 3491 4858 alia
3537 4806 3617 4855 die

2109 4877 2204 4930 SS.
2235 4877 2580 4940 apostolorum
2624 4877 2925 4941 martyrium
2972 4877 3238 4935 accidisse,
3292 4876 3391 4925 alia
3444 4886 3615 4923 eorum

2112 4946 2523 5005 translationem,
2574 4946 2803 5007 hancque
2830 4952 3060 4994 secutam
3092 4954 3266 5007 p05tea
3296 4956 3413 4995 esse
3441 4941 3619 4991 soletn-

2111 5018 2321 5063 nitatem
2372 5022 2423 5063 et
2449 5010 2656 5069 festum.
2696 5019 2748 5062 et
2790 5019 2909 5061 ante
2953 5010 3359 5062 l’sendo-lsidmi
3398 5018 3616 5064 atatem.

2111 5091 2162 5131 et
2207 5078 2363 5130 Gesta
2410 5079 2717 5144 pontilitalia
2765 5079 2922 5139 edita,
2968 5079 3220 5130 natalibus
3250 5082 3436 5130 borum
3465 5077 3617 5128 alium

2113 5148 2247 5198 diem
2295 5147 2631 5212 assignatum,
2682 5145 2835 5211 idque
2878 5160 2941 5197 ex
2988 5147 3148 5213 Sylvii
3190 5146 3461 5199 Laterculo
3494 5156 3619 5195 con-

2112 5225 2273 5267 stare.
2327 5216 2429 5266 Sed
2484 5213 2672 5265 lallitur
2722 5219 2799 5263 vir
2849 5215 3439 5268 eruditissimus:5ixto
3490 5213 3620 5260 enim

2116 5283 2352 5346 sedente,
2386 5282 2520 5333 Petri
2548 5291 2600 5333 et
2631 5280 2770 5332 Pauli
2808 5280 3057 5347 reliquiae,
3088 5298 3203 5348 qua:
3228 5293 3377 5334 antea
3406 5280 3457 5332 in
3490 5279 3623 5329 Vati-

2118 5365 2245 5402 cano
2272 5362 2423 5417 atque
2452 5349 2674 5400 Ostiensi
2710 5354 3142 5417 iasservabantur,
3191 5352 3255 5402 ad
3287 5350 3623 5417 Catacumbas

2119 5414 2377 5470 translata:
2422 5429 2541 5469 sunt
2581 5418 2664 5467 die
2699 5416 2765 5483 ἓξ)
2794 5418 2953 5479 Junii,
2993 5434 3095 5483 quo
3122 5434 3301 5469 eorum
3332 5414 3623 5483 soletunitas

2120 5484 2367 5555 celebrari
2413 5486 2563 5537 solita
2607 5493 2704 5537 est.
2743 5475 2867 5538 Vide
2896 5475 3036 5552 plura
3065 5488 3203 5552 apud
3234 5486 3354 5555 Pagi
3382 5499 3514 5538 anno
3539 5481 3622 5543 b‘l,

2121 5562 2245 5607 sect.
2274 5554 2324 5616 5,
2354 5556 2404 5605 ι.

2190 5619 2213 5655 ά
2242 5624 2484 5673 Aliorum.
2519 5621 2579 5672 lli
2604 5622 2775 5674 Roma:
2803 5622 2937 5687 pas'si
2964 5635 3098 5673 sunt.

3320 5666 3868 6294 _l
