  <div class='ocr_page' id='page_1' title='image "/cluster/home/n/w/nwhite01/storage/ocr_20150623/94/uva.x000827077/490.png"; bbox 0 0 3888 6330; ppageno 0'>
   <div class='ocr_carea' id='block_1_1' title="bbox 204 416 327 471">
    <p class='ocr_par' dir='ltr' id='par_1_1' title="bbox 204 416 327 471">
     <span class='ocr_line' id='line_1_1' title="bbox 204 416 327 471; baseline 0 -1"><span class='ocrx_word' id='word_1_1' title='bbox 204 416 327 471; x_wconf 70' lang='lat'><strong>965</strong></span> 
     </span>
    </p>
   </div>
   <div class='ocr_carea' id='block_1_2' title="bbox 1319 409 2296 469">
    <p class='ocr_par' dir='ltr' id='par_1_2' title="bbox 1319 409 2296 469">
     <span class='ocr_line' id='line_1_2' title="bbox 1319 409 2296 469; baseline -0.007 -2"><span class='ocrx_word' id='word_1_2' title='bbox 1319 417 1503 469; x_wconf 70' lang='lat' dir='ltr'><strong>SEll&#39;l‘.</strong></span> <span class='ocrx_word' id='word_1_3' title='bbox 1549 415 1609 467; x_wconf 92' lang='lat' dir='ltr'><strong>Il.</strong></span> <span class='ocrx_word' id='word_1_4' title='bbox 1658 443 1715 453; x_wconf 85' lang='lat'><strong>--</strong></span> <span class='ocrx_word' id='word_1_5' title='bbox 1757 409 2296 465; x_wconf 69' lang='lat' dir='ltr'><strong>MARTYROLOGH.</strong></span> 
     </span>
    </p>
   </div>
   <div class='ocr_carea' id='block_1_3' title="bbox 3283 402 3386 460">
    <p class='ocr_par' dir='ltr' id='par_1_3' title="bbox 3283 402 3386 460">
     <span class='ocr_line' id='line_1_3' title="bbox 3283 402 3386 460; baseline 0 0"><span class='ocrx_word' id='word_1_6' title='bbox 3283 402 3386 460; x_wconf 79' lang='lat'><strong>966</strong></span> 
     </span>
    </p>
   </div>
   <div class='ocr_carea' id='block_1_4' title="bbox 1458 521 2166 576">
    <p class='ocr_par' dir='ltr' id='par_1_4' title="bbox 1458 521 2166 576">
     <span class='ocr_line' id='line_1_4' title="bbox 1458 521 2166 576; baseline -0.003 -1"><span class='ocrx_word' id='word_1_7' title='bbox 1458 523 1677 576; x_wconf 72' lang='lat' dir='ltr'><strong>EDlTll)</strong></span> <span class='ocrx_word' id='word_1_8' title='bbox 1716 521 2166 575; x_wconf 74' lang='lat' dir='ltr'><strong>COLONIENSIS.</strong></span> 
     </span>
    </p>
   </div>
   <div class='ocr_carea' id='block_1_5' title="bbox 196 604 3383 679">
    <p class='ocr_par' dir='ltr' id='par_1_5' title="bbox 196 604 3383 679">
     <span class='ocr_line' id='line_1_5' title="bbox 196 604 3383 679; baseline -0.002 -16"><span class='ocrx_word' id='word_1_9' title='bbox 196 612 361 664; x_wconf 60' lang='grc' dir='ltr'><strong>εκεῖ.</strong></span> <span class='ocrx_word' id='word_1_10' title='bbox 393 609 621 679; x_wconf 84' lang='lat' dir='ltr'><strong>Corpora</strong></span> <span class='ocrx_word' id='word_1_11' title='bbox 651 624 827 664; x_wconf 88' lang='lat' dir='ltr'><strong>eorum</strong></span> <span class='ocrx_word' id='word_1_12' title='bbox 866 610 1014 663; x_wconf 89' lang='lat' dir='ltr'><strong>beata</strong></span> <span class='ocrx_word' id='word_1_13' title='bbox 1061 609 1248 662; x_wconf 86' lang='lat' dir='ltr'><strong>Lucina</strong></span> <span class='ocrx_word' id='word_1_14' title='bbox 1278 610 1510 677; x_wconf 77' lang='lat' dir='ltr'><strong>collegit,</strong></span> <span class='ocrx_word' id='word_1_15' title='bbox 1541 621 1592 662; x_wconf 89' lang='lat' dir='ltr'><strong>et</strong></span> <span class='ocrx_word' id='word_1_16' title='bbox 1622 625 1740 661; x_wconf 89' lang='lat' dir='ltr'><strong>cum</strong></span> <span class='ocrx_word' id='word_1_17' title='bbox 1775 613 1815 668; x_wconf 73' lang='grc' dir='ltr'><strong>Α</strong></span> <span class='ocrx_word' id='word_1_18' title='bbox 1848 623 1961 673; x_wconf 67' lang='lat' dir='ltr'><strong>quae</strong></span> <span class='ocrx_word' id='word_1_19' title='bbox 1988 609 2037 661; x_wconf 92' lang='lat' dir='ltr'><strong>in</strong></span> <span class='ocrx_word' id='word_1_20' title='bbox 2061 609 2197 674; x_wconf 80' lang='lat' dir='ltr'><strong>regia</strong></span> <span class='ocrx_word' id='word_1_21' title='bbox 2224 607 2347 658; x_wconf 88' lang='lat' dir='ltr'><strong>urbe</strong></span> <span class='ocrx_word' id='word_1_22' title='bbox 2370 606 2631 657; x_wconf 80' lang='lat' dir='ltr'><strong>celebrata</strong></span> <span class='ocrx_word' id='word_1_23' title='bbox 2656 611 2753 667; x_wconf 89' lang='lat' dir='ltr'><strong>est,</strong></span> <span class='ocrx_word' id='word_1_24' title='bbox 2776 604 2860 656; x_wconf 82' lang='lat' dir='ltr'><strong>tibi</strong></span> <span class='ocrx_word' id='word_1_25' title='bbox 2886 604 3109 657; x_wconf 91' lang='lat' dir='ltr'><strong>damnati</strong></span> <span class='ocrx_word' id='word_1_26' title='bbox 3141 614 3259 657; x_wconf 88' lang='lat' dir='ltr'><strong>sunt</strong></span> <span class='ocrx_word' id='word_1_27' title='bbox 3280 604 3383 671; x_wconf 56' lang='lat' dir='ltr'><strong>Cy-</strong></span> 
     </span>
    </p>
   </div>
   <div class='ocr_carea' id='block_1_6' title="bbox 207 696 1743 764">
    <p class='ocr_par' dir='ltr' id='par_1_6' title="bbox 207 696 1743 764">
     <span class='ocr_line' id='line_1_6' title="bbox 207 696 1743 764; baseline 0.002 -17"><span class='ocrx_word' id='word_1_28' title='bbox 207 698 543 751; x_wconf 81' lang='lat' dir='ltr'><strong>aromatibus</strong></span> <span class='ocrx_word' id='word_1_29' title='bbox 571 697 807 764; x_wconf 87' lang='lat' dir='ltr'><strong>sepelivit</strong></span> <span class='ocrx_word' id='word_1_30' title='bbox 836 697 885 749; x_wconf 93' lang='lat' dir='ltr'><strong>in</strong></span> <span class='ocrx_word' id='word_1_31' title='bbox 923 696 1118 763; x_wconf 77' lang='lat' dir='ltr'><strong>prtedio</strong></span> <span class='ocrx_word' id='word_1_32' title='bbox 1144 710 1260 748; x_wconf 90' lang='lat' dir='ltr'><strong>suo.</strong></span> <span class='ocrx_word' id='word_1_33' title='bbox 1288 696 1414 749; x_wconf 85' lang='lat' dir='ltr'><strong>item</strong></span> <span class='ocrx_word' id='word_1_34' title='bbox 1444 705 1743 750; x_wconf 91' lang='lat' dir='ltr'><strong>sanctorum</strong></span> 
     </span>
    </p>
   </div>
   <div class='ocr_carea' id='block_1_7' title="bbox 204 783 1746 855">
    <p class='ocr_par' dir='ltr' id='par_1_7' title="bbox 204 783 1746 855">
     <span class='ocr_line' id='line_1_7' title="bbox 204 783 1746 855; baseline 0.001 -19"><span class='ocrx_word' id='word_1_35' title='bbox 204 796 506 855; x_wconf 86' lang='lat' dir='ltr'><strong>martyrum</strong></span> <span class='ocrx_word' id='word_1_36' title='bbox 534 827 546 848; x_wconf 92' lang='lat'><strong>,</strong></span> <span class='ocrx_word' id='word_1_37' title='bbox 596 786 902 847; x_wconf 80' lang='lat' dir='ltr'><strong>Aristionis,</strong></span> <span class='ocrx_word' id='word_1_38' title='bbox 946 783 1339 847; x_wconf 86' lang='lat' dir='ltr'><strong>Crescenliani&#39;,</strong></span> <span class='ocrx_word' id='word_1_39' title='bbox 1392 785 1702 853; x_wconf 84' lang='lat' dir='ltr'><strong>Eutyehiani</strong></span> <span class='ocrx_word' id='word_1_40' title='bbox 1731 824 1746 847; x_wconf 91' lang='lat'><strong>,</strong></span> 
     </span>
    </p>
   </div>
   <div class='ocr_carea' id='block_1_8' title="bbox 210 869 1747 937">
    <p class='ocr_par' dir='ltr' id='par_1_8' title="bbox 210 869 1747 937">
     <span class='ocr_line' id='line_1_8' title="bbox 210 869 1747 937; baseline -0.001 -11"><span class='ocrx_word' id='word_1_41' title='bbox 210 872 446 937; x_wconf 80' lang='lat' dir='ltr'><strong>Urbani,</strong></span> <span class='ocrx_word' id='word_1_42' title='bbox 474 872 675 935; x_wconf 71' lang='lat' dir='ltr'><strong>Vitalis,</strong></span> <span class='ocrx_word' id='word_1_43' title='bbox 698 872 852 932; x_wconf 53' lang='lat' dir='ltr'><strong>Justi,</strong></span> <span class='ocrx_word' id='word_1_44' title='bbox 884 870 1208 933; x_wconf 83' lang='lat' dir='ltr'><strong>Felicissimi,</strong></span> <span class='ocrx_word' id='word_1_45' title='bbox 1235 869 1443 929; x_wconf 83' lang='lat' dir='ltr'><strong>Felicis.</strong></span> <span class='ocrx_word' id='word_1_46' title='bbox 1472 871 1674 924; x_wconf 71' lang='lat' dir='ltr'><strong>Marcia:</strong></span> <span class='ocrx_word' id='word_1_47' title='bbox 1695 881 1747 925; x_wconf 88' lang='lat' dir='ltr'><strong>et</strong></span> 
     </span>
    </p>
   </div>
   <div class='ocr_carea' id='block_1_9' title="bbox 211 958 1748 1030">
    <p class='ocr_par' dir='ltr' id='par_1_9' title="bbox 211 958 1748 1030">
     <span class='ocr_line' id='line_1_9' title="bbox 211 958 1748 1030; baseline 0 -15"><span class='ocrx_word' id='word_1_48' title='bbox 211 963 604 1030; x_wconf 67' lang='lat' dir='ltr'><strong>Simphorosz,</strong></span> <span class='ocrx_word' id='word_1_49' title='bbox 631 962 716 1027; x_wconf 87' lang='lat' dir='ltr'><strong>qui</strong></span> <span class='ocrx_word' id='word_1_50' title='bbox 745 974 925 1013; x_wconf 88' lang='lat' dir='ltr'><strong>omnes</strong></span> <span class='ocrx_word' id='word_1_51' title='bbox 962 960 1093 1027; x_wconf 91' lang='lat' dir='ltr'><strong>apud</strong></span> <span class='ocrx_word' id='word_1_52' title='bbox 1132 958 1463 1024; x_wconf 75' lang='lat' dir='ltr'><strong>Campaniam</strong></span> <span class='ocrx_word' id='word_1_53' title='bbox 1502 961 1748 1030; x_wconf 80' lang='lat' dir='ltr'><strong>martyrio</strong></span> 
     </span>
    </p>
   </div>
   <div class='ocr_carea' id='block_1_10' title="bbox 202 1048 617 1101">
    <p class='ocr_par' dir='ltr' id='par_1_10' title="bbox 202 1048 617 1101">
     <span class='ocr_line' id='line_1_10' title="bbox 202 1048 617 1101; baseline 0.002 -2"><span class='ocrx_word' id='word_1_54' title='bbox 202 1048 453 1101; x_wconf 77' lang='lat' dir='ltr'><strong>coronati</strong></span> <span class='ocrx_word' id='word_1_55' title='bbox 480 1056 617 1100; x_wconf 89' lang='lat' dir='ltr'><strong>sunt.</strong></span> 
     </span>
    </p>
   </div>
   <div class='ocr_carea' id='block_1_11' title="bbox 291 1132 1751 1201">
    <p class='ocr_par' dir='ltr' id='par_1_11' title="bbox 291 1132 1751 1201">
     <span class='ocr_line' id='line_1_11' title="bbox 291 1132 1751 1201; baseline -0.001 -13"><span class='ocrx_word' id='word_1_56' title='bbox 291 1140 351 1189; x_wconf 84' lang='grc' dir='ltr'><strong>Β.</strong></span> <span class='ocrx_word' id='word_1_57' title='bbox 405 1136 441 1189; x_wconf 85' lang='lat' dir='ltr'><strong>V</strong></span> <span class='ocrx_word' id='word_1_58' title='bbox 482 1136 609 1188; x_wconf 67' lang='lat' dir='ltr'><strong>Non.</strong></span> <span class='ocrx_word' id='word_1_59' title='bbox 634 1133 808 1187; x_wconf 79' lang='lat' dir='ltr'><strong>JULII.</strong></span> <span class='ocrx_word' id='word_1_60' title='bbox 854 1132 1044 1188; x_wconf 85' lang='lat' dir='ltr'><strong>Leonis</strong></span> <span class='ocrx_word' id='word_1_61' title='bbox 1105 1148 1272 1201; x_wconf 74' lang='lat' dir='ltr'><strong>paptr,</strong></span> <span class='ocrx_word' id='word_1_62' title='bbox 1304 1135 1387 1199; x_wconf 88' lang='lat' dir='ltr'><strong>qui</strong></span> <span class='ocrx_word' id='word_1_63' title='bbox 1416 1134 1547 1187; x_wconf 81' lang='lat' dir='ltr'><strong>sedit</strong></span> <span class='ocrx_word' id='word_1_64' title='bbox 1575 1134 1751 1187; x_wconf 56' lang='lat' dir='ltr'><strong>Romae</strong></span> 
     </span>
    </p>
   </div>
   <div class='ocr_carea' id='block_1_12' title="bbox 202 1220 1744 1285">
    <p class='ocr_par' dir='ltr' id='par_1_12' title="bbox 202 1220 1744 1285">
     <span class='ocr_line' id='line_1_12' title="bbox 202 1220 1744 1285; baseline -0.001 -10"><span class='ocrx_word' id='word_1_65' title='bbox 202 1236 428 1277; x_wconf 80' lang='lat' dir='ltr'><strong>menses</strong></span> <span class='ocrx_word' id='word_1_66' title='bbox 456 1224 655 1275; x_wconf 81' lang='lat' dir='ltr'><strong>decem.</strong></span> <span class='ocrx_word' id='word_1_67' title='bbox 690 1222 781 1274; x_wconf 85' lang='lat' dir='ltr'><strong>Hic</strong></span> <span class='ocrx_word' id='word_1_68' title='bbox 817 1222 1275 1285; x_wconf 88' lang='lat' dir='ltr'><strong>eloquentissimus</strong></span> <span class='ocrx_word' id='word_1_69' title='bbox 1303 1231 1355 1273; x_wconf 90' lang='lat' dir='ltr'><strong>et</strong></span> <span class='ocrx_word' id='word_1_70' title='bbox 1381 1220 1570 1273; x_wconf 82' lang='lat' dir='ltr'><strong>divinis</strong></span> <span class='ocrx_word' id='word_1_71' title='bbox 1601 1222 1744 1274; x_wconf 78' lang='lat' dir='ltr'><strong>Scri-</strong></span> 
     </span>
    </p>
   </div>
   <div class='ocr_carea' id='block_1_13' title="bbox 207 1306 1750 1374">
    <p class='ocr_par' dir='ltr' id='par_1_13' title="bbox 207 1306 1750 1374">
     <span class='ocr_line' id='line_1_13' title="bbox 207 1306 1750 1374; baseline -0.001 -12"><span class='ocrx_word' id='word_1_72' title='bbox 207 1311 390 1374; x_wconf 87' lang='lat' dir='ltr'><strong>pturis</strong></span> <span class='ocrx_word' id='word_1_73' title='bbox 439 1308 752 1361; x_wconf 83' lang='lat' dir='ltr'><strong>sufficienter</strong></span> <span class='ocrx_word' id='word_1_74' title='bbox 789 1310 1069 1360; x_wconf 89' lang='lat' dir='ltr'><strong>instructus</strong></span> <span class='ocrx_word' id='word_1_75' title='bbox 1108 1306 1222 1370; x_wconf 90' lang='lat' dir='ltr'><strong>fuit,</strong></span> <span class='ocrx_word' id='word_1_76' title='bbox 1256 1307 1434 1358; x_wconf 63' lang='lat' dir='ltr'><strong>Graeca</strong></span> <span class='ocrx_word' id='word_1_77' title='bbox 1469 1306 1750 1374; x_wconf 78' lang='lat' dir='ltr'><strong>L-atiuaque</strong></span> 
     </span>
    </p>
   </div>
   <div class='ocr_carea' id='block_1_14' title="bbox 205 1394 1749 1499">
    <p class='ocr_par' dir='ltr' id='par_1_14' title="bbox 205 1394 1749 1499">
     <span class='ocr_line' id='line_1_14' title="bbox 205 1394 1749 1499; baseline -0.003 -50"><span class='ocrx_word' id='word_1_78' title='bbox 205 1396 394 1466; x_wconf 83' lang='lat' dir='ltr'><strong>lingua</strong></span> <span class='ocrx_word' id='word_1_79' title='bbox 421 1396 673 1449; x_wconf 89' lang='lat' dir='ltr'><strong>eruditus.</strong></span> <span class='ocrx_word' id='word_1_80' title='bbox 703 1394 793 1447; x_wconf 87' lang='lat' dir='ltr'><strong>[lic</strong></span> <span class='ocrx_word' id='word_1_81' title='bbox 816 1404 1046 1499; x_wconf 54' lang='lat' dir='ltr'><strong>sanctam</strong></span> <span class='ocrx_word' id='word_1_82' title='bbox 1084 1405 1284 1446; x_wconf 79' lang='lat' dir='ltr'><strong>sextam</strong></span> <span class='ocrx_word' id='word_1_83' title='bbox 1322 1395 1575 1461; x_wconf 72' lang='lat' dir='ltr'><strong>synodum</strong></span> <span class='ocrx_word' id='word_1_84' title='bbox 1609 1394 1749 1457; x_wconf 88' lang='lat' dir='ltr'><strong>fecit,</strong></span> 
     </span>
    </p>
   </div>
   <div class='ocr_carea' id='block_1_15' title="bbox 1860 692 3383 761">
    <p class='ocr_par' dir='ltr' id='par_1_15' title="bbox 1860 692 3383 761">
     <span class='ocr_line' id='line_1_15' title="bbox 1860 692 3383 761; baseline -0.001 -13"><span class='ocrx_word' id='word_1_85' title='bbox 1860 710 1968 759; x_wconf 90' lang='lat' dir='ltr'><strong>rus,</strong></span> <span class='ocrx_word' id='word_1_86' title='bbox 1995 696 2227 761; x_wconf 80' lang='lat' dir='ltr'><strong>Sergius,</strong></span> <span class='ocrx_word' id='word_1_87' title='bbox 2254 694 2526 752; x_wconf 79' lang='lat' dir='ltr'><strong>llonorius,</strong></span> <span class='ocrx_word' id='word_1_88' title='bbox 2556 692 2803 759; x_wconf 80' lang='lat' dir='ltr'><strong>Pyrrhus,</strong></span> <span class='ocrx_word' id='word_1_89' title='bbox 2831 692 3037 753; x_wconf 81' lang='lat' dir='ltr'><strong>Paulus,</strong></span> <span class='ocrx_word' id='word_1_90' title='bbox 3058 694 3263 757; x_wconf 83' lang='lat' dir='ltr'><strong>Petrus,</strong></span> <span class='ocrx_word' id='word_1_91' title='bbox 3285 693 3383 746; x_wconf 75' lang='lat' dir='ltr'><strong>Ma-</strong></span> 
     </span>
    </p>
   </div>
   <div class='ocr_carea' id='block_1_16' title="bbox 1856 780 3384 851">
    <p class='ocr_par' dir='ltr' id='par_1_16' title="bbox 1856 780 3384 851">
     <span class='ocr_line' id='line_1_16' title="bbox 1856 780 3384 851; baseline -0.003 -14"><span class='ocrx_word' id='word_1_92' title='bbox 1856 785 2085 851; x_wconf 85' lang='lat' dir='ltr'><strong>charins,</strong></span> <span class='ocrx_word' id='word_1_93' title='bbox 2109 783 2423 848; x_wconf 86' lang='lat' dir='ltr'><strong>Stephanus,</strong></span> <span class='ocrx_word' id='word_1_94' title='bbox 2456 780 2830 849; x_wconf 68' lang='lat' dir='ltr'><strong>Polycltronius</strong></span> <span class='ocrx_word' id='word_1_95' title='bbox 2873 789 2932 833; x_wconf 90' lang='lat' dir='ltr'><strong>et</strong></span> <span class='ocrx_word' id='word_1_96' title='bbox 2976 796 3138 833; x_wconf 89' lang='lat' dir='ltr'><strong>novus</strong></span> <span class='ocrx_word' id='word_1_97' title='bbox 3180 782 3384 845; x_wconf 86' lang='lat' dir='ltr'><strong>Simon,</strong></span> 
     </span>
    </p>
   </div>
   <div class='ocr_carea' id='block_1_17' title="bbox 1853 869 3381 941">
    <p class='ocr_par' dir='ltr' id='par_1_17' title="bbox 1853 869 3381 941">
     <span class='ocr_line' id='line_1_17' title="bbox 1853 869 3381 941; baseline -0.001 -16"><span class='ocrx_word' id='word_1_98' title='bbox 1853 874 1940 941; x_wconf 87' lang='lat' dir='ltr'><strong>qui</strong></span> <span class='ocrx_word' id='word_1_99' title='bbox 1972 888 2122 925; x_wconf 91' lang='lat' dir='ltr'><strong>unam</strong></span> <span class='ocrx_word' id='word_1_100' title='bbox 2145 873 2455 923; x_wconf 89' lang='lat' dir='ltr'><strong>voluntatem</strong></span> <span class='ocrx_word' id='word_1_101' title='bbox 2482 879 2537 922; x_wconf 93' lang='lat' dir='ltr'><strong>et</strong></span> <span class='ocrx_word' id='word_1_102' title='bbox 2562 870 2915 935; x_wconf 83' lang='lat' dir='ltr'><strong>Operationem</strong></span> <span class='ocrx_word' id='word_1_103' title='bbox 2941 870 2989 922; x_wconf 90' lang='lat' dir='ltr'><strong>in</strong></span> <span class='ocrx_word' id='word_1_104' title='bbox 3014 869 3231 921; x_wconf 83' lang='lat' dir='ltr'><strong>Domino</strong></span> <span class='ocrx_word' id='word_1_105' title='bbox 3258 872 3381 923; x_wconf 89' lang='lat' dir='ltr'><strong>Jestt</strong></span> 
     </span>
    </p>
   </div>
   <div class='ocr_carea' id='block_1_18' title="bbox 1855 959 3380 1029">
    <p class='ocr_par' dir='ltr' id='par_1_18' title="bbox 1855 959 3380 1029">
     <span class='ocr_line' id='line_1_18' title="bbox 1855 959 3380 1029; baseline -0.002 -14"><span class='ocrx_word' id='word_1_106' title='bbox 1855 963 2061 1015; x_wconf 84' lang='lat' dir='ltr'><strong>Christo</strong></span> <span class='ocrx_word' id='word_1_107' title='bbox 2103 961 2468 1029; x_wconf 67' lang='lat' dir='ltr'><strong>praedicabant.</strong></span> <span class='ocrx_word' id='word_1_108' title='bbox 2515 959 2661 1025; x_wconf 83' lang='lat' dir='ltr'><strong>Apud</strong></span> <span class='ocrx_word' id='word_1_109' title='bbox 2716 959 2964 1025; x_wconf 85' lang='lat' dir='ltr'><strong>Edessam</strong></span> <span class='ocrx_word' id='word_1_110' title='bbox 2998 959 3380 1029; x_wconf 73' lang='lat' dir='ltr'><strong>Mesopotamia:</strong></span> 
     </span>
    </p>
   </div>
   <div class='ocr_carea' id='block_1_19' title="bbox 1866 1045 3386 1116">
    <p class='ocr_par' dir='ltr' id='par_1_19' title="bbox 1866 1045 3386 1116">
     <span class='ocr_line' id='line_1_19' title="bbox 1866 1045 3386 1116; baseline 0.001 -17"><span class='ocrx_word' id='word_1_111' title='bbox 1866 1051 2133 1102; x_wconf 75' lang='lat' dir='ltr'><strong>translatio</strong></span> <span class='ocrx_word' id='word_1_112' title='bbox 2168 1048 2399 1116; x_wconf 90' lang='lat' dir='ltr'><strong>corporis</strong></span> <span class='ocrx_word' id='word_1_113' title='bbox 2432 1048 2596 1099; x_wconf 85' lang='lat' dir='ltr'><strong>sancti</strong></span> <span class='ocrx_word' id='word_1_114' title='bbox 2625 1046 2836 1099; x_wconf 63' lang='lat' dir='ltr'><strong>Thomas</strong></span> <span class='ocrx_word' id='word_1_115' title='bbox 2865 1045 3103 1111; x_wconf 87' lang='lat' dir='ltr'><strong>apostoli.</strong></span> <span class='ocrx_word' id='word_1_116' title='bbox 3136 1045 3386 1100; x_wconf 62' lang='lat' dir='ltr'><strong>Caesarem</strong></span> 
     </span>
    </p>
   </div>
   <div class='ocr_carea' id='block_1_20' title="bbox 1870 1131 3383 1199">
    <p class='ocr_par' dir='ltr' id='par_1_20' title="bbox 1870 1131 3383 1199">
     <span class='ocr_line' id='line_1_20' title="bbox 1870 1131 3383 1199; baseline -0.001 -13"><span class='ocrx_word' id='word_1_117' title='bbox 1870 1133 2018 1186; x_wconf 84' lang='lat' dir='ltr'><strong>Ponti</strong></span> <span class='ocrx_word' id='word_1_118' title='bbox 2065 1134 2235 1187; x_wconf 82' lang='lat' dir='ltr'><strong>natale</strong></span> <span class='ocrx_word' id='word_1_119' title='bbox 2280 1134 2441 1186; x_wconf 87' lang='lat' dir='ltr'><strong>sancti</strong></span> <span class='ocrx_word' id='word_1_120' title='bbox 2492 1131 2728 1198; x_wconf 83' lang='lat' dir='ltr'><strong>Gregorii</strong></span> <span class='ocrx_word' id='word_1_121' title='bbox 2773 1131 2998 1198; x_wconf 87' lang='lat' dir='ltr'><strong>episcopi</strong></span> <span class='ocrx_word' id='word_1_122' title='bbox 3028 1142 3080 1184; x_wconf 89' lang='lat' dir='ltr'><strong>et</strong></span> <span class='ocrx_word' id='word_1_123' title='bbox 3120 1134 3383 1199; x_wconf 79' lang='lat' dir='ltr'><strong>martyris,</strong></span> 
     </span>
    </p>
   </div>
   <div class='ocr_carea' id='block_1_21' title="bbox 1868 1221 3387 1289">
    <p class='ocr_par' dir='ltr' id='par_1_21' title="bbox 1868 1221 3387 1289">
     <span class='ocr_line' id='line_1_21' title="bbox 1868 1221 3387 1289; baseline 0.001 -15"><span class='ocrx_word' id='word_1_124' title='bbox 1868 1222 2002 1275; x_wconf 85' lang='lat' dir='ltr'><strong>beati</strong></span> <span class='ocrx_word' id='word_1_125' title='bbox 2019 1222 2341 1275; x_wconf 79' lang='lat' dir='ltr'><strong>Athenodori</strong></span> <span class='ocrx_word' id='word_1_126' title='bbox 2363 1223 2592 1288; x_wconf 86' lang='lat' dir='ltr'><strong>episcopi</strong></span> <span class='ocrx_word' id='word_1_127' title='bbox 2617 1221 2813 1283; x_wconf 81' lang='lat' dir='ltr'><strong>fratris,</strong></span> <span class='ocrx_word' id='word_1_128' title='bbox 2831 1221 2917 1287; x_wconf 88' lang='lat' dir='ltr'><strong>qui</strong></span> <span class='ocrx_word' id='word_1_129' title='bbox 2940 1223 3135 1274; x_wconf 83' lang='lat' dir='ltr'><strong>orando</strong></span> <span class='ocrx_word' id='word_1_130' title='bbox 3151 1232 3387 1289; x_wconf 80' lang='lat' dir='ltr'><strong>stagnum</strong></span> 
     </span>
    </p>
   </div>
   <div class='ocr_carea' id='block_1_22' title="bbox 1864 1310 3201 1377">
    <p class='ocr_par' dir='ltr' id='par_1_22' title="bbox 1864 1310 3201 1377">
     <span class='ocr_line' id='line_1_22' title="bbox 1864 1310 3201 1377; baseline -0.004 -15"><span class='ocrx_word' id='word_1_131' title='bbox 1864 1310 2121 1377; x_wconf 85' lang='lat' dir='ltr'><strong>quoddam</strong></span> <span class='ocrx_word' id='word_1_132' title='bbox 2150 1310 2408 1361; x_wconf 84' lang='lat' dir='ltr'><strong>convertit</strong></span> <span class='ocrx_word' id='word_1_133' title='bbox 2435 1310 2485 1361; x_wconf 93' lang='lat' dir='ltr'><strong>in</strong></span> <span class='ocrx_word' id='word_1_134' title='bbox 2508 1310 2812 1361; x_wconf 78' lang='lat' dir='ltr'><strong>siccitatem.</strong></span> <span class='ocrx_word' id='word_1_135' title='bbox 3200 1370 3201 1373; x_wconf 19' lang='grc' dir='ltr'><strong>η</strong></span> 
     </span>
    </p>
   </div>
   <div class='ocr_carea' id='block_1_23' title="bbox 1926 1394 3383 1464">
    <p class='ocr_par' dir='ltr' id='par_1_23' title="bbox 1926 1394 3383 1464">
     <span class='ocr_line' id='line_1_23' title="bbox 1926 1394 3383 1464; baseline 0.002 -16"><span class='ocrx_word' id='word_1_136' title='bbox 1926 1394 1985 1448; x_wconf 93' lang='lat' dir='ltr'><strong>C.</strong></span> <span class='ocrx_word' id='word_1_137' title='bbox 2028 1396 2089 1448; x_wconf 82' lang='grc' dir='ltr'><strong>ιγ</strong></span> <span class='ocrx_word' id='word_1_138' title='bbox 2132 1395 2261 1448; x_wconf 69' lang='lat' dir='ltr'><strong>Non.</strong></span> <span class='ocrx_word' id='word_1_139' title='bbox 2293 1394 2445 1448; x_wconf 82' lang='lat' dir='ltr'><strong>JULll.</strong></span> <span class='ocrx_word' id='word_1_140' title='bbox 2494 1396 2641 1447; x_wconf 71' lang='lat'>088:8</span> <span class='ocrx_word' id='word_1_141' title='bbox 2689 1405 2743 1448; x_wconf 88' lang='lat' dir='ltr'><strong>et</strong></span> <span class='ocrx_word' id='word_1_142' title='bbox 2791 1396 2962 1462; x_wconf 60' lang='lat' dir='ltr'><strong>Aggxi</strong></span> <span class='ocrx_word' id='word_1_143' title='bbox 2996 1397 3383 1464; x_wconf 87' lang='lat' dir='ltr'><strong>prophetarum.</strong></span> 
     </span>
    </p>
   </div>
   <div class='ocr_carea' id='block_1_24' title="bbox 1476 1498 2209 1553">
    <p class='ocr_par' dir='ltr' id='par_1_24' title="bbox 1476 1498 2209 1553">
     <span class='ocr_line' id='line_1_24' title="bbox 1476 1498 2209 1553; baseline 0.007 -5"><span class='ocrx_word' id='word_1_144' title='bbox 1476 1498 1691 1550; x_wconf 77' lang='lat' dir='ltr'><strong>EDITIO</strong></span> <span class='ocrx_word' id='word_1_145' title='bbox 1728 1499 2209 1553; x_wconf 81' lang='lat' dir='ltr'><strong>BOLLANDIANA.</strong></span> 
     </span>
    </p>
   </div>
   <div class='ocr_carea' id='block_1_25' title="bbox 205 1582 1750 1650">
    <p class='ocr_par' dir='ltr' id='par_1_25' title="bbox 205 1582 1750 1650">
     <span class='ocr_line' id='line_1_25' title="bbox 205 1582 1750 1650; baseline -0.001 -13"><span class='ocrx_word' id='word_1_146' title='bbox 205 1588 287 1640; x_wconf 80' lang='lat' dir='ltr'><strong>ab</strong></span> <span class='ocrx_word' id='word_1_147' title='bbox 300 1584 653 1638; x_wconf 70' lang='lat' dir='ltr'><strong>lncarnatione</strong></span> <span class='ocrx_word' id='word_1_148' title='bbox 671 1582 874 1635; x_wconf 87' lang='lat' dir='ltr'><strong>Domini</strong></span> <span class='ocrx_word' id='word_1_149' title='bbox 890 1582 1750 1650; x_wconf 72' lang='lat' dir='ltr'><strong>octingentesimoquinquagesimo</strong></span> 
     </span>
    </p>
   </div>
   <div class='ocr_carea' id='block_1_26' title="bbox 206 1648 1751 1717">
    <p class='ocr_par' dir='ltr' id='par_1_26' title="bbox 206 1648 1751 1717">
     <span class='ocr_line' id='line_1_26' title="bbox 206 1648 1751 1717; baseline 0.001 -13"><span class='ocrx_word' id='word_1_150' title='bbox 206 1656 469 1707; x_wconf 76' lang='lat' dir='ltr'><strong>secundo.</strong></span> <span class='ocrx_word' id='word_1_151' title='bbox 502 1653 580 1711; x_wconf 86' lang='grc' dir='ltr'><strong>Β..</strong></span> <span class='ocrx_word' id='word_1_152' title='bbox 609 1652 829 1703; x_wconf 88' lang='lat' dir='ltr'><strong>Turonis</strong></span> <span class='ocrx_word' id='word_1_153' title='bbox 855 1651 1107 1715; x_wconf 82' lang='lat' dir='ltr'><strong>depositio</strong></span> <span class='ocrx_word' id='word_1_154' title='bbox 1135 1650 1190 1717; x_wconf 71' lang='lat' dir='ltr'><strong>S.</strong></span> <span class='ocrx_word' id='word_1_155' title='bbox 1226 1658 1248 1683; x_wconf 80' lang='grc' dir='ltr'><strong>υ</strong></span> <span class='ocrx_word' id='word_1_156' title='bbox 1280 1648 1614 1717; x_wconf 64' lang='grc' dir='ltr'><strong>Μυιιρειιιιιὶὶε</strong></span> <span class='ocrx_word' id='word_1_157' title='bbox 1642 1653 1751 1705; x_wconf 84' lang='lat' dir='ltr'><strong>vir-</strong></span> 
     </span>
    </p>
   </div>
   <div class='ocr_carea' id='block_1_27' title="bbox 206 1715 1372 1788">
    <p class='ocr_par' dir='ltr' id='par_1_27' title="bbox 206 1715 1372 1788">
     <span class='ocr_line' id='line_1_27' title="bbox 206 1715 1372 1788; baseline -0.003 -16"><span class='ocrx_word' id='word_1_158' title='bbox 206 1722 377 1788; x_wconf 75' lang='lat' dir='ltr'><strong>ginis.</strong></span> <span class='ocrx_word' id='word_1_159' title='bbox 415 1722 494 1779; x_wconf 89' lang='lat' dir='ltr'><strong>L.,</strong></span> <span class='ocrx_word' id='word_1_160' title='bbox 526 1721 549 1756; x_wconf 69' lang='grc' dir='ltr'>δ</span> <span class='ocrx_word' id='word_1_161' title='bbox 581 1720 812 1771; x_wconf 84' lang='lat' dir='ltr'><strong>Visitatio</strong></span> <span class='ocrx_word' id='word_1_162' title='bbox 856 1719 909 1769; x_wconf 79' lang='grc'><strong>11.</strong></span> <span class='ocrx_word' id='word_1_163' title='bbox 945 1718 1113 1770; x_wconf 83' lang='lat' dir='ltr'><strong>Mariae</strong></span> <span class='ocrx_word' id='word_1_164' title='bbox 1144 1715 1372 1783; x_wconf 77' lang='lat' dir='ltr'><strong>virginis.</strong></span> 
     </span>
    </p>
   </div>
   <div class='ocr_carea' id='block_1_28' title="bbox 292 1805 1752 1873">
    <p class='ocr_par' dir='ltr' id='par_1_28' title="bbox 292 1805 1752 1873">
     <span class='ocr_line' id='line_1_28' title="bbox 292 1805 1752 1873; baseline 0 -12"><span class='ocrx_word' id='word_1_165' title='bbox 292 1809 475 1862; x_wconf 80' lang='lat' dir='ltr'><strong>Florus</strong></span> <span class='ocrx_word' id='word_1_166' title='bbox 502 1809 550 1859; x_wconf 95' lang='lat' dir='ltr'><strong>in</strong></span> <span class='ocrx_word' id='word_1_167' title='bbox 579 1810 641 1860; x_wconf 74' lang='grc' dir='ltr'><strong>Α.</strong></span> <span class='ocrx_word' id='word_1_168' title='bbox 674 1808 735 1858; x_wconf 84' lang='grc' dir='ltr'><strong>Τ.</strong></span> <span class='ocrx_word' id='word_1_169' title='bbox 768 1807 851 1870; x_wconf 88' lang='lat' dir='ltr'><strong>L.,</strong></span> <span class='ocrx_word' id='word_1_170' title='bbox 883 1806 1103 1858; x_wconf 83' lang='lat' dir='ltr'><strong>&#39;f‘nronis</strong></span> <span class='ocrx_word' id='word_1_171' title='bbox 1148 1806 1205 1859; x_wconf 89' lang='lat' dir='ltr'><strong>S.</strong></span> <span class='ocrx_word' id='word_1_172' title='bbox 1233 1805 1567 1871; x_wconf 81' lang='lat' dir='ltr'><strong>Moncgnudis</strong></span> <span class='ocrx_word' id='word_1_173' title='bbox 1592 1847 1606 1869; x_wconf 94' lang='lat'><strong>,</strong></span> <span class='ocrx_word' id='word_1_174' title='bbox 1639 1822 1752 1873; x_wconf 65' lang='lat' dir='ltr'><strong>qua!</strong></span> 
     </span>
    </p>
   </div>
   <div class='ocr_carea' id='block_1_29' title="bbox 207 1887 1751 1962">
    <p class='ocr_par' dir='ltr' id='par_1_29' title="bbox 207 1887 1751 1962">
     <span class='ocr_line' id='line_1_29' title="bbox 207 1887 1751 1962; baseline -0.001 -14"><span class='ocrx_word' id='word_1_175' title='bbox 207 1887 421 1949; x_wconf 84' lang='lat' dir='ltr'><strong>duabus</strong></span> <span class='ocrx_word' id='word_1_176' title='bbox 448 1896 650 1947; x_wconf 89' lang='lat' dir='ltr'><strong>filiabus</strong></span> <span class='ocrx_word' id='word_1_177' title='bbox 671 1894 868 1956; x_wconf 81' lang='lat' dir='ltr'><strong>orbata,</strong></span> <span class='ocrx_word' id='word_1_178' title='bbox 896 1903 1068 1962; x_wconf 79' lang='lat' dir='ltr'><strong>spreto</strong></span> <span class='ocrx_word' id='word_1_179' title='bbox 1090 1893 1181 1945; x_wconf 88' lang='lat' dir='ltr'><strong>viri</strong></span> <span class='ocrx_word' id='word_1_180' title='bbox 1206 1894 1487 1956; x_wconf 90' lang='lat' dir='ltr'><strong>consortio,</strong></span> <span class='ocrx_word' id='word_1_181' title='bbox 1509 1894 1570 1945; x_wconf 92' lang='lat' dir='ltr'><strong>ad</strong></span> <span class='ocrx_word' id='word_1_182' title='bbox 1601 1894 1751 1946; x_wconf 85' lang='lat' dir='ltr'><strong>Chri-</strong></span> 
     </span>
    </p>
   </div>
   <div class='ocr_carea' id='block_1_30' title="bbox 212 1980 1826 2053">
    <p class='ocr_par' dir='ltr' id='par_1_30' title="bbox 212 1980 1826 2053">
     <span class='ocr_line' id='line_1_30' title="bbox 212 1980 1826 2053; baseline 0 -19"><span class='ocrx_word' id='word_1_183' title='bbox 212 1996 364 2039; x_wconf 73' lang='lat' dir='ltr'><strong>stum</strong></span> <span class='ocrx_word' id='word_1_184' title='bbox 389 1982 710 2043; x_wconf 83' lang='lat' dir='ltr'><strong>convolavit;</strong></span> <span class='ocrx_word' id='word_1_185' title='bbox 736 1981 881 2047; x_wconf 82' lang='lat' dir='ltr'><strong>cujus</strong></span> <span class='ocrx_word' id='word_1_186' title='bbox 911 1995 1086 2033; x_wconf 90' lang='lat' dir='ltr'><strong>amore</strong></span> <span class='ocrx_word' id='word_1_187' title='bbox 1112 1980 1160 2032; x_wconf 91' lang='lat' dir='ltr'><strong>in</strong></span> <span class='ocrx_word' id='word_1_188' title='bbox 1192 1994 1345 2046; x_wconf 85' lang='lat' dir='ltr'><strong>parva</strong></span> <span class='ocrx_word' id='word_1_189' title='bbox 1377 1980 1559 2033; x_wconf 92' lang='lat' dir='ltr'><strong>cellula</strong></span> <span class='ocrx_word' id='word_1_190' title='bbox 1596 1995 1651 2031; x_wconf 88' lang='lat' dir='ltr'><strong>se</strong></span> <span class='ocrx_word' id='word_1_191' title='bbox 1675 1995 1752 2034; x_wconf 83' lang='lat' dir='ltr'><strong>re-</strong></span> <span class='ocrx_word' id='word_1_192' title='bbox 1788 1996 1826 2053; x_wconf 73' lang='grc' dir='ltr'><strong>Β</strong></span> 
     </span>
    </p>
   </div>
   <div class='ocr_carea' id='block_1_31' title="bbox 210 2068 1754 2136">
    <p class='ocr_par' dir='ltr' id='par_1_31' title="bbox 210 2068 1754 2136">
     <span class='ocr_line' id='line_1_31' title="bbox 210 2068 1754 2136; baseline -0.001 -11"><span class='ocrx_word' id='word_1_193' title='bbox 210 2074 438 2125; x_wconf 89' lang='lat' dir='ltr'><strong>cludens</strong></span> <span class='ocrx_word' id='word_1_194' title='bbox 468 2071 652 2123; x_wconf 82' lang='lat' dir='ltr'><strong>ibidem</strong></span> <span class='ocrx_word' id='word_1_195' title='bbox 682 2084 863 2136; x_wconf 78' lang='lat' dir='ltr'><strong>magna</strong></span> <span class='ocrx_word' id='word_1_196' title='bbox 914 2068 1095 2121; x_wconf 85' lang='lat' dir='ltr'><strong>enituit</strong></span> <span class='ocrx_word' id='word_1_197' title='bbox 1139 2068 1448 2121; x_wconf 75' lang='lat' dir='ltr'><strong>abstinentia</strong></span> <span class='ocrx_word' id='word_1_198' title='bbox 1480 2079 1530 2122; x_wconf 92' lang='lat' dir='ltr'><strong>et</strong></span> <span class='ocrx_word' id='word_1_199' title='bbox 1559 2080 1676 2121; x_wconf 88' lang='lat' dir='ltr'><strong>ante</strong></span> <span class='ocrx_word' id='word_1_200' title='bbox 1702 2078 1754 2123; x_wconf 88' lang='lat' dir='ltr'><strong>et</strong></span> 
     </span>
    </p>
   </div>
   <div class='ocr_carea' id='block_1_32' title="bbox 216 2156 1415 2227">
    <p class='ocr_par' dir='ltr' id='par_1_32' title="bbox 216 2156 1415 2227">
     <span class='ocr_line' id='line_1_32' title="bbox 216 2156 1415 2227; baseline -0.004 -15"><span class='ocrx_word' id='word_1_201' title='bbox 216 2170 345 2227; x_wconf 81' lang='lat' dir='ltr'><strong>post</strong></span> <span class='ocrx_word' id='word_1_202' title='bbox 375 2159 643 2210; x_wconf 86' lang='lat' dir='ltr'><strong>transitum</strong></span> <span class='ocrx_word' id='word_1_203' title='bbox 676 2156 1002 2208; x_wconf 82' lang='lat' dir='ltr'><strong>multitudine</strong></span> <span class='ocrx_word' id='word_1_204' title='bbox 1032 2156 1415 2209; x_wconf 72' lang='lat' dir='ltr'><strong>miraculorum.</strong></span> 
     </span>
    </p>
   </div>
   <div class='ocr_carea' id='block_1_33' title="bbox 292 2243 1751 2310">
    <p class='ocr_par' dir='ltr' id='par_1_33' title="bbox 292 2243 1751 2310">
     <span class='ocr_line' id='line_1_33' title="bbox 292 2243 1751 2310; baseline -0.001 -13"><span class='ocrx_word' id='word_1_205' title='bbox 292 2247 339 2297; x_wconf 79' lang='lat'><strong>&#39;5.</strong></span> <span class='ocrx_word' id='word_1_206' title='bbox 373 2275 439 2285; x_wconf 92' lang='lat'><strong>—</strong></span> <span class='ocrx_word' id='word_1_207' title='bbox 469 2246 504 2295; x_wconf 82' lang='lat' dir='ltr'><strong>V</strong></span> <span class='ocrx_word' id='word_1_208' title='bbox 536 2247 726 2297; x_wconf 64' lang='lat' dir='ltr'><strong>Novas.</strong></span> <span class='ocrx_word' id='word_1_209' title='bbox 764 2245 1055 2296; x_wconf 78' lang='lat' dir='ltr'><strong>Translatio</strong></span> <span class='ocrx_word' id='word_1_210' title='bbox 1099 2244 1154 2297; x_wconf 90' lang='lat' dir='ltr'><strong>S.</strong></span> <span class='ocrx_word' id='word_1_211' title='bbox 1188 2243 1400 2296; x_wconf 70' lang='lat' dir='ltr'><strong>Thema:</strong></span> <span class='ocrx_word' id='word_1_212' title='bbox 1444 2244 1659 2310; x_wconf 75' lang='lat' dir='ltr'><strong>apostoli</strong></span> <span class='ocrx_word' id='word_1_213' title='bbox 1703 2245 1751 2296; x_wconf 92' lang='lat' dir='ltr'><strong>in</strong></span> 
     </span>
    </p>
   </div>
   <div class='ocr_carea' id='block_1_34' title="bbox 223 2336 761 2397">
    <p class='ocr_par' dir='ltr' id='par_1_34' title="bbox 223 2336 761 2397">
     <span class='ocr_line' id='line_1_34' title="bbox 223 2336 761 2397; baseline -0.004 -9"><span class='ocrx_word' id='word_1_214' title='bbox 223 2346 251 2372; x_wconf 68' lang='grc' dir='ltr'><strong>θ</strong></span> <span class='ocrx_word' id='word_1_215' title='bbox 290 2337 482 2388; x_wconf 69' lang='lat' dir='ltr'><strong>Edessa</strong></span> <span class='ocrx_word' id='word_1_216' title='bbox 512 2352 569 2397; x_wconf 82' lang='lat' dir='ltr'><strong>ex</strong></span> <span class='ocrx_word' id='word_1_217' title='bbox 602 2336 761 2387; x_wconf 88' lang='lat' dir='ltr'><strong>ludia.</strong></span> 
     </span>
    </p>
   </div>
   <div class='ocr_carea' id='block_1_35' title="bbox 293 2423 1755 2489">
    <p class='ocr_par' dir='ltr' id='par_1_35' title="bbox 293 2423 1755 2489">
     <span class='ocr_line' id='line_1_35' title="bbox 293 2423 1755 2489; baseline 0.001 -13"><span class='ocrx_word' id='word_1_218' title='bbox 293 2424 501 2476; x_wconf 84' lang='lat' dir='ltr'><strong>Addidit</strong></span> <span class='ocrx_word' id='word_1_219' title='bbox 531 2424 608 2485; x_wconf 75' lang='lat'><strong>8.,</strong></span> <span class='ocrx_word' id='word_1_220' title='bbox 638 2426 721 2489; x_wconf 89' lang='lat' dir='ltr'><strong>qui</strong></span> <span class='ocrx_word' id='word_1_221' title='bbox 752 2424 843 2475; x_wconf 90' lang='lat' dir='ltr'><strong>fuit</strong></span> <span class='ocrx_word' id='word_1_222' title='bbox 873 2438 1049 2488; x_wconf 77' lang='lat' dir='ltr'><strong>passus</strong></span> <span class='ocrx_word' id='word_1_223' title='bbox 1075 2423 1124 2475; x_wconf 89' lang='lat' dir='ltr'><strong>in</strong></span> <span class='ocrx_word' id='word_1_224' title='bbox 1159 2424 1295 2474; x_wconf 85' lang='lat' dir='ltr'><strong>India</strong></span> <span class='ocrx_word' id='word_1_225' title='bbox 1330 2439 1400 2478; x_wconf 75' lang='lat' dir='ltr'><strong>XII</strong></span> <span class='ocrx_word' id='word_1_226' title='bbox 1429 2423 1541 2476; x_wconf 82' lang='lat' dir='ltr'><strong>Kal.</strong></span> <span class='ocrx_word' id='word_1_227' title='bbox 1564 2424 1755 2477; x_wconf 82' lang='lat' dir='ltr'><strong>Janua-</strong></span> 
     </span>
    </p>
   </div>
   <div class='ocr_carea' id='block_1_36' title="bbox 215 2491 1753 2555">
    <p class='ocr_par' dir='ltr' id='par_1_36' title="bbox 215 2491 1753 2555">
     <span class='ocr_line' id='line_1_36' title="bbox 215 2491 1753 2555; baseline -0.001 -11"><span class='ocrx_word' id='word_1_228' title='bbox 215 2491 305 2544; x_wconf 79' lang='lat' dir='ltr'><strong>I’ii.</strong></span> <span class='ocrx_word' id='word_1_229' title='bbox 338 2496 399 2544; x_wconf 80' lang='grc' dir='ltr'><strong>Α.</strong></span> <span class='ocrx_word' id='word_1_230' title='bbox 426 2492 489 2542; x_wconf 83' lang='grc' dir='ltr'><strong>Τ.</strong></span> <span class='ocrx_word' id='word_1_231' title='bbox 518 2493 594 2553; x_wconf 89' lang='lat' dir='ltr'><strong>L.,</strong></span> <span class='ocrx_word' id='word_1_232' title='bbox 631 2493 680 2542; x_wconf 85' lang='lat' dir='ltr'><strong>Iit</strong></span> <span class='ocrx_word' id='word_1_233' title='bbox 707 2493 1011 2543; x_wconf 64' lang='lat' dir='ltr'><strong>Alexandria</strong></span> <span class='ocrx_word' id='word_1_234' title='bbox 1043 2493 1209 2544; x_wconf 80' lang='lat' dir='ltr'><strong>natale</strong></span> <span class='ocrx_word' id='word_1_235' title='bbox 1239 2492 1334 2545; x_wconf 89' lang='lat' dir='ltr'><strong>SS.</strong></span> <span class='ocrx_word' id='word_1_236' title='bbox 1360 2493 1596 2555; x_wconf 74' lang='lat' dir='ltr'><strong>Menelai,</strong></span> <span class='ocrx_word' id='word_1_237' title='bbox 1626 2493 1753 2543; x_wconf 82' lang='lat' dir='ltr'><strong>Atti-</strong></span> 
     </span>
    </p>
   </div>
   <div class='ocr_carea' id='block_1_37' title="bbox 216 2558 1754 2628">
    <p class='ocr_par' dir='ltr' id='par_1_37' title="bbox 216 2558 1754 2628">
     <span class='ocr_line' id='line_1_37' title="bbox 216 2558 1754 2628; baseline 0.003 -21"><span class='ocrx_word' id='word_1_238' title='bbox 216 2562 380 2628; x_wconf 54' lang='lat' dir='ltr'><strong>ﬂlﬂnii</strong></span> <span class='ocrx_word' id='word_1_239' title='bbox 411 2558 531 2628; x_wconf 85' lang='lat' dir='ltr'><strong>[L..</strong></span> <span class='ocrx_word' id='word_1_240' title='bbox 566 2559 871 2628; x_wconf 58' lang='lat' dir='ltr'><strong>Ammonis]</strong></span> <span class='ocrx_word' id='word_1_241' title='bbox 919 2570 970 2610; x_wconf 81' lang='lat' dir='ltr'><strong>et</strong></span> <span class='ocrx_word' id='word_1_242' title='bbox 1000 2559 1199 2628; x_wconf 9' lang='lat' dir='ltr'><strong>Cyrilgli.</strong></span> <span class='ocrx_word' id='word_1_243' title='bbox 1224 2560 1343 2628; x_wconf 86' lang='lat' dir='ltr'><strong>_B.,_</strong></span> <span class='ocrx_word' id='word_1_244' title='bbox 1364 2560 1416 2611; x_wconf 89' lang='lat' dir='ltr'><strong>In</strong></span> <span class='ocrx_word' id='word_1_245' title='bbox 1446 2560 1754 2612; x_wconf 76' lang='lat' dir='ltr'><strong>Alexandria</strong></span> 
     </span>
    </p>
   </div>
   <div class='ocr_carea' id='block_1_38' title="bbox 215 2625 1754 2694">
    <p class='ocr_par' dir='ltr' id='par_1_38' title="bbox 215 2625 1754 2694">
     <span class='ocr_line' id='line_1_38' title="bbox 215 2625 1754 2694; baseline 0.001 -17"><span class='ocrx_word' id='word_1_246' title='bbox 215 2625 481 2690; x_wconf 82' lang='lat' dir='ltr'><strong>Tripouis,</strong></span> <span class='ocrx_word' id='word_1_247' title='bbox 518 2628 763 2694; x_wconf 61' lang='lat' dir='ltr'><strong>Menelai,</strong></span> <span class='ocrx_word' id='word_1_248' title='bbox 802 2625 1003 2691; x_wconf 60' lang='lat' dir='ltr'><strong>erilli,</strong></span> <span class='ocrx_word' id='word_1_249' title='bbox 1048 2625 1267 2690; x_wconf 88' lang='lat' dir='ltr'><strong>Juliatti,</strong></span> <span class='ocrx_word' id='word_1_250' title='bbox 1307 2625 1754 2694; x_wconf 78' lang='lat' dir='ltr'><strong>Constantinopoli</strong></span> 
     </span>
    </p>
   </div>
   <div class='ocr_carea' id='block_1_39' title="bbox 215 2692 1008 2755">
    <p class='ocr_par' dir='ltr' id='par_1_39' title="bbox 215 2692 1008 2755">
     <span class='ocr_line' id='line_1_39' title="bbox 215 2692 1008 2755; baseline -0.001 -11"><span class='ocrx_word' id='word_1_251' title='bbox 215 2694 497 2755; x_wconf 70' lang='lat' dir='ltr'><strong>Eul&#39;etniae,</strong></span> <span class='ocrx_word' id='word_1_252' title='bbox 531 2694 705 2754; x_wconf 80' lang='lat' dir='ltr'><strong>Acaci,</strong></span> <span class='ocrx_word' id='word_1_253' title='bbox 740 2692 1008 2745; x_wconf 78' lang='lat' dir='ltr'><strong>Deuiet:ii.</strong></span> 
     </span>
    </p>
   </div>
   <div class='ocr_carea' id='block_1_40' title="bbox 289 2780 1756 2859">
    <p class='ocr_par' dir='ltr' id='par_1_40' title="bbox 289 2780 1756 2859">
     <span class='ocr_line' id='line_1_40' title="bbox 289 2780 1756 2859; baseline 0.001 -26"><span class='ocrx_word' id='word_1_254' title='bbox 289 2782 343 2833; x_wconf 76' lang='grc'><strong>4.</strong></span> <span class='ocrx_word' id='word_1_255' title='bbox 378 2809 445 2819; x_wconf 94' lang='grc'><strong><em>-</em></strong></span> <span class='ocrx_word' id='word_1_256' title='bbox 493 2780 553 2833; x_wconf 84' lang='lat' dir='ltr'><strong>IV</strong></span> <span class='ocrx_word' id='word_1_257' title='bbox 599 2780 787 2832; x_wconf 63' lang='lat' dir='ltr'><strong>Nostis.</strong></span> <span class='ocrx_word' id='word_1_258' title='bbox 829 2780 1050 2833; x_wconf 85' lang='lat' dir='ltr'><strong>Turonis</strong></span> <span class='ocrx_word' id='word_1_259' title='bbox 1096 2781 1360 2859; x_wconf 65' lang='lat' dir='ltr'><strong>translatio</strong></span> <span class='ocrx_word' id='word_1_260' title='bbox 1408 2780 1465 2833; x_wconf 94' lang='lat' dir='ltr'><strong>S.</strong></span> <span class='ocrx_word' id='word_1_261' title='bbox 1496 2782 1519 2816; x_wconf 72' lang='grc' dir='ltr'>α</span> <span class='ocrx_word' id='word_1_262' title='bbox 1554 2781 1756 2834; x_wconf 82' lang='lat' dir='ltr'><strong>Martini</strong></span> 
     </span>
    </p>
   </div>
   <div class='ocr_carea' id='block_1_41' title="bbox 214 2866 1756 2937">
    <p class='ocr_par' dir='ltr' id='par_1_41' title="bbox 214 2866 1756 2937">
     <span class='ocr_line' id='line_1_41' title="bbox 214 2866 1756 2937; baseline 0.003 -19"><span class='ocrx_word' id='word_1_263' title='bbox 214 2866 556 2930; x_wconf 72' lang='lat' dir='ltr'><strong>confessoris,</strong></span> <span class='ocrx_word' id='word_1_264' title='bbox 590 2870 669 2920; x_wconf 92' lang='lat' dir='ltr'><strong>vel</strong></span> <span class='ocrx_word' id='word_1_265' title='bbox 701 2868 952 2921; x_wconf 88' lang='lat' dir='ltr'><strong>ordinatio</strong></span> <span class='ocrx_word' id='word_1_266' title='bbox 978 2869 1303 2936; x_wconf 75' lang='lat' dir='ltr'><strong>epist-Opauts</strong></span> <span class='ocrx_word' id='word_1_267' title='bbox 1333 2869 1465 2937; x_wconf 84' lang='lat' dir='ltr'><strong>ejus,</strong></span> <span class='ocrx_word' id='word_1_268' title='bbox 1493 2884 1586 2922; x_wconf 83' lang='lat' dir='ltr'><strong>seu</strong></span> <span class='ocrx_word' id='word_1_269' title='bbox 1605 2869 1756 2923; x_wconf 88' lang='lat' dir='ltr'><strong>dedi-</strong></span> 
     </span>
    </p>
   </div>
   <div class='ocr_carea' id='block_1_42' title="bbox 222 2954 1089 3031">
    <p class='ocr_par' dir='ltr' id='par_1_42' title="bbox 222 2954 1089 3031">
     <span class='ocr_line' id='line_1_42' title="bbox 222 2954 1089 3031; baseline 0.003 -25"><span class='ocrx_word' id='word_1_270' title='bbox 222 2955 359 3006; x_wconf 78' lang='lat' dir='ltr'><strong>catio</strong></span> <span class='ocrx_word' id='word_1_271' title='bbox 389 2954 609 3005; x_wconf 66' lang='lat' dir='ltr'><strong>basiliem</strong></span> <span class='ocrx_word' id='word_1_272' title='bbox 644 2955 821 3020; x_wconf 90' lang='lat' dir='ltr'><strong>ipsius.</strong></span> <span class='ocrx_word' id='word_1_273' title='bbox 1076 3021 1089 3031; x_wconf 82' lang='lat'><em>_</em></span> 
     </span>
    </p>
   </div>
   <div class='ocr_carea' id='block_1_43' title="bbox 294 3038 1757 3105">
    <p class='ocr_par' dir='ltr' id='par_1_43' title="bbox 294 3038 1757 3105">
     <span class='ocr_line' id='line_1_43' title="bbox 294 3038 1757 3105; baseline 0.003 -12"><span class='ocrx_word' id='word_1_274' title='bbox 294 3040 478 3093; x_wconf 79' lang='lat' dir='ltr'><strong>Florus</strong></span> <span class='ocrx_word' id='word_1_275' title='bbox 523 3038 570 3091; x_wconf 79' lang='lat' dir='ltr'><strong>in</strong></span> <span class='ocrx_word' id='word_1_276' title='bbox 598 3041 661 3092; x_wconf 82' lang='lat' dir='ltr'><strong>A.</strong></span> <span class='ocrx_word' id='word_1_277' title='bbox 690 3042 751 3094; x_wconf 88' lang='grc' dir='ltr'><strong>Τ.</strong></span> <span class='ocrx_word' id='word_1_278' title='bbox 786 3041 871 3103; x_wconf 89' lang='lat' dir='ltr'><strong>L.,</strong></span> <span class='ocrx_word' id='word_1_279' title='bbox 921 3041 1096 3093; x_wconf 79' lang='lat' dir='ltr'><strong>Romae</strong></span> <span class='ocrx_word' id='word_1_280' title='bbox 1142 3043 1311 3095; x_wconf 78' lang='lat' dir='ltr'><strong>natale</strong></span> <span class='ocrx_word' id='word_1_281' title='bbox 1342 3052 1364 3079; x_wconf 75' lang='grc' dir='ltr'><strong>ε</strong></span> <span class='ocrx_word' id='word_1_282' title='bbox 1395 3042 1537 3105; x_wconf 70' lang='lat' dir='ltr'><strong>Zom,</strong></span> <span class='ocrx_word' id='word_1_283' title='bbox 1586 3045 1757 3098; x_wconf 82' lang='lat' dir='ltr'><strong>uxoris</strong></span> 
     </span>
    </p>
   </div>
   <div class='ocr_carea' id='block_1_44' title="bbox 224 3127 1756 3197">
    <p class='ocr_par' dir='ltr' id='par_1_44' title="bbox 224 3127 1756 3197">
     <span class='ocr_line' id='line_1_44' title="bbox 224 3127 1756 3197; baseline 0.001 -16"><span class='ocrx_word' id='word_1_284' title='bbox 224 3127 503 3181; x_wconf 77' lang='lat' dir='ltr'><strong>Nicostrati</strong></span> <span class='ocrx_word' id='word_1_285' title='bbox 553 3128 831 3196; x_wconf 71' lang='lat' dir='ltr'><strong>(Iluctrnus</strong></span> <span class='ocrx_word' id='word_1_286' title='bbox 862 3128 976 3194; x_wconf 87' lang='lat' dir='ltr'><strong>L.),</strong></span> <span class='ocrx_word' id='word_1_287' title='bbox 1008 3143 1121 3195; x_wconf 68' lang='lat' dir='ltr'><strong>qua:</strong></span> <span class='ocrx_word' id='word_1_288' title='bbox 1149 3130 1411 3182; x_wconf 76' lang='lat' dir='ltr'><strong>nimietate</strong></span> <span class='ocrx_word' id='word_1_289' title='bbox 1439 3131 1756 3197; x_wconf 57' lang='lat' dir='ltr'><strong>egritudinis</strong></span> 
     </span>
    </p>
   </div>
   <div class='ocr_carea' id='block_1_45' title="bbox 221 3216 1757 3280">
    <p class='ocr_par' dir='ltr' id='par_1_45' title="bbox 221 3216 1757 3280">
     <span class='ocr_line' id='line_1_45' title="bbox 221 3216 1757 3280; baseline -0.001 -11"><span class='ocrx_word' id='word_1_290' title='bbox 221 3230 316 3269; x_wconf 81' lang='lat' dir='ltr'><strong>sex</strong></span> <span class='ocrx_word' id='word_1_291' title='bbox 344 3218 491 3268; x_wconf 89' lang='lat' dir='ltr'><strong>annis</strong></span> <span class='ocrx_word' id='word_1_292' title='bbox 520 3224 681 3280; x_wconf 87' lang='lat' dir='ltr'><strong>muta,</strong></span> <span class='ocrx_word' id='word_1_293' title='bbox 716 3227 767 3269; x_wconf 85' lang='lat' dir='ltr'><strong>et</strong></span> <span class='ocrx_word' id='word_1_294' title='bbox 793 3231 819 3267; x_wconf 88' lang='lat' dir='ltr'><strong>a</strong></span> <span class='ocrx_word' id='word_1_295' title='bbox 851 3216 904 3268; x_wconf 83' lang='grc' dir='ltr'><strong>Β.</strong></span> <span class='ocrx_word' id='word_1_296' title='bbox 936 3217 1242 3270; x_wconf 87' lang='lat' dir='ltr'><strong>Sebastiano</strong></span> <span class='ocrx_word' id='word_1_297' title='bbox 1271 3229 1444 3270; x_wconf 88' lang='lat' dir='ltr'><strong>curata</strong></span> <span class='ocrx_word' id='word_1_298' title='bbox 1467 3257 1482 3279; x_wconf 89' lang='lat'><strong>,</strong></span> <span class='ocrx_word' id='word_1_299' title='bbox 1508 3219 1757 3272; x_wconf 78' lang='lat' dir='ltr'><strong>Christia-</strong></span> 
     </span>
    </p>
   </div>
   <div class='ocr_carea' id='block_1_46' title="bbox 223 3301 1827 3372">
    <p class='ocr_par' dir='ltr' id='par_1_46' title="bbox 223 3301 1827 3372">
     <span class='ocr_line' id='line_1_46' title="bbox 223 3301 1827 3372; baseline 0.003 -15"><span class='ocrx_word' id='word_1_300' title='bbox 223 3304 544 3370; x_wconf 83' lang='lat' dir='ltr'><strong>nissimaque</strong></span> <span class='ocrx_word' id='word_1_301' title='bbox 587 3303 766 3357; x_wconf 70' lang='lat' dir='ltr'><strong>effecta</strong></span> <span class='ocrx_word' id='word_1_302' title='bbox 798 3322 809 3355; x_wconf 93' lang='lat'>:</span> <span class='ocrx_word' id='word_1_303' title='bbox 836 3304 957 3357; x_wconf 88' lang='lat' dir='ltr'><strong>dum</strong></span> <span class='ocrx_word' id='word_1_304' title='bbox 1008 3305 1056 3357; x_wconf 93' lang='lat' dir='ltr'><strong>in</strong></span> <span class='ocrx_word' id='word_1_305' title='bbox 1105 3306 1257 3358; x_wconf 83' lang='lat' dir='ltr'><strong>natali</strong></span> <span class='ocrx_word' id='word_1_306' title='bbox 1288 3306 1640 3372; x_wconf 78' lang='lat' dir='ltr'><strong>apostolorum</strong></span> <span class='ocrx_word' id='word_1_307' title='bbox 1688 3308 1749 3357; x_wconf 92' lang='lat' dir='ltr'><strong>ad</strong></span> <span class='ocrx_word' id='word_1_308' title='bbox 1781 3301 1827 3362; x_wconf 88' lang='lat' dir='ltr'><strong>C</strong></span> 
     </span>
    </p>
   </div>
   <div class='ocr_carea' id='block_1_47' title="bbox 1864 1586 3385 1658">
    <p class='ocr_par' dir='ltr' id='par_1_47' title="bbox 1864 1586 3385 1658">
     <span class='ocr_line' id='line_1_47' title="bbox 1864 1586 3385 1658; baseline 0.004 -20"><span class='ocrx_word' id='word_1_309' title='bbox 1864 1586 2238 1648; x_wconf 88' lang='lat' dir='ltr'><strong>confessionem</strong></span> <span class='ocrx_word' id='word_1_310' title='bbox 2270 1587 2325 1655; x_wconf 81' lang='grc' dir='ltr'><strong>Β.</strong></span> <span class='ocrx_word' id='word_1_311' title='bbox 2360 1587 2493 1639; x_wconf 89' lang='lat' dir='ltr'><strong>Petri</strong></span> <span class='ocrx_word' id='word_1_312' title='bbox 2522 1596 2728 1652; x_wconf 91' lang='lat' dir='ltr'><strong>oraret,</strong></span> <span class='ocrx_word' id='word_1_313' title='bbox 2756 1588 2820 1641; x_wconf 87' lang='lat' dir='ltr'><strong>ab</strong></span> <span class='ocrx_word' id='word_1_314' title='bbox 2847 1587 3205 1643; x_wconf 84' lang='lat' dir='ltr'><strong>insidiantibus</strong></span> <span class='ocrx_word' id='word_1_315' title='bbox 3232 1604 3385 1658; x_wconf 84' lang='lat' dir='ltr'><strong>paga-</strong></span> 
     </span>
    </p>
   </div>
   <div class='ocr_carea' id='block_1_48' title="bbox 1856 1672 3388 1743">
    <p class='ocr_par' dir='ltr' id='par_1_48' title="bbox 1856 1672 3388 1743">
     <span class='ocr_line' id='line_1_48' title="bbox 1856 1672 3388 1743; baseline 0.005 -20"><span class='ocrx_word' id='word_1_316' title='bbox 1856 1672 1938 1724; x_wconf 91' lang='lat' dir='ltr'><strong>nis</strong></span> <span class='ocrx_word' id='word_1_317' title='bbox 1961 1682 2189 1725; x_wconf 91' lang='lat' dir='ltr'><strong>arctatur</strong></span> <span class='ocrx_word' id='word_1_318' title='bbox 2218 1672 2522 1738; x_wconf 86' lang='lat' dir='ltr'><strong>duciturque</strong></span> <span class='ocrx_word' id='word_1_319' title='bbox 2548 1673 2610 1725; x_wconf 91' lang='lat' dir='ltr'><strong>ad</strong></span> <span class='ocrx_word' id='word_1_320' title='bbox 2644 1683 2917 1741; x_wconf 87' lang='lat' dir='ltr'><strong>patronum</strong></span> <span class='ocrx_word' id='word_1_321' title='bbox 2950 1678 3172 1743; x_wconf 76' lang='lat' dir='ltr'><strong>regionis</strong></span> <span class='ocrx_word' id='word_1_322' title='bbox 3204 1677 3222 1715; x_wconf 73' lang='grc' dir='ltr'>ί</span> <span class='ocrx_word' id='word_1_323' title='bbox 3250 1680 3388 1731; x_wconf 81' lang='lat' dir='ltr'><strong>Natt-</strong></span> 
     </span>
    </p>
   </div>
   <div class='ocr_carea' id='block_1_49' title="bbox 1857 1754 3429 1833">
    <p class='ocr_par' dir='ltr' id='par_1_49' title="bbox 1857 1754 3429 1833">
     <span class='ocr_line' id='line_1_49' title="bbox 1857 1754 3429 1833; baseline 0.005 -21"><span class='ocrx_word' id='word_1_324' title='bbox 1857 1760 2137 1822; x_wconf 87' lang='lat' dir='ltr'><strong>machium,</strong></span> <span class='ocrx_word' id='word_1_325' title='bbox 2169 1771 2221 1813; x_wconf 88' lang='lat' dir='ltr'><strong>et</strong></span> <span class='ocrx_word' id='word_1_326' title='bbox 2247 1760 2569 1827; x_wconf 89' lang='lat' dir='ltr'><strong>compellitur</strong></span> <span class='ocrx_word' id='word_1_327' title='bbox 2592 1761 2768 1813; x_wconf 83' lang='lat' dir='ltr'><strong>Martis</strong></span> <span class='ocrx_word' id='word_1_328' title='bbox 2795 1764 3103 1828; x_wconf 81' lang='lat' dir='ltr'><strong>statuncula,</strong></span> <span class='ocrx_word' id='word_1_329' title='bbox 3128 1766 3260 1833; x_wconf 88' lang='lat' dir='ltr'><strong>quod</strong></span> <span class='ocrx_word' id='word_1_330' title='bbox 3286 1768 3391 1820; x_wconf 89' lang='lat' dir='ltr'><strong>illio</strong></span> <span class='ocrx_word' id='word_1_331' title='bbox 3416 1754 3429 1773; x_wconf 47' lang='grc' dir='ltr'><em>ί</em></span> 
     </span>
    </p>
   </div>
   <div class='ocr_carea' id='block_1_50' title="bbox 1860 1849 3389 1922">
    <p class='ocr_par' dir='ltr' id='par_1_50' title="bbox 1860 1849 3389 1922">
     <span class='ocr_line' id='line_1_50' title="bbox 1860 1849 3389 1922; baseline 0.005 -22"><span class='ocrx_word' id='word_1_332' title='bbox 1860 1849 2049 1912; x_wconf 88' lang='lat' dir='ltr'><strong>stabat,</strong></span> <span class='ocrx_word' id='word_1_333' title='bbox 2078 1851 2243 1903; x_wconf 84' lang='lat' dir='ltr'><strong>thuris</strong></span> <span class='ocrx_word' id='word_1_334' title='bbox 2285 1861 2481 1917; x_wconf 77' lang='lat' dir='ltr'><strong>guttam</strong></span> <span class='ocrx_word' id='word_1_335' title='bbox 2531 1852 2824 1905; x_wconf 84' lang='lat' dir='ltr'><strong>incendere.</strong></span> <span class='ocrx_word' id='word_1_336' title='bbox 2861 1852 3138 1921; x_wconf 63' lang='lat' dir='ltr'><strong>(Hactenus</strong></span> <span class='ocrx_word' id='word_1_337' title='bbox 3182 1855 3270 1922; x_wconf 86' lang='lat' dir='ltr'><strong>A.)</strong></span> <span class='ocrx_word' id='word_1_338' title='bbox 3301 1857 3389 1908; x_wconf 93' lang='lat' dir='ltr'><strong>Illa</strong></span> 
     </span>
    </p>
   </div>
   <div class='ocr_carea' id='block_1_51' title="bbox 1860 1937 3385 1995">
    <p class='ocr_par' dir='ltr' id='par_1_51' title="bbox 1860 1937 3385 1995">
     <span class='ocr_line' id='line_1_51' title="bbox 1860 1937 3385 1995; baseline 0.004 -6"><span class='ocrx_word' id='word_1_339' title='bbox 1860 1937 1971 1990; x_wconf 66' lang='lat' dir='ltr'><strong>haec</strong></span> <span class='ocrx_word' id='word_1_340' title='bbox 2006 1938 2244 1992; x_wconf 90' lang='lat' dir='ltr'><strong>deridens</strong></span> <span class='ocrx_word' id='word_1_341' title='bbox 2271 1939 2321 1991; x_wconf 92' lang='lat' dir='ltr'><strong>in</strong></span> <span class='ocrx_word' id='word_1_342' title='bbox 2346 1940 2575 1991; x_wconf 88' lang='lat' dir='ltr'><strong>custodia</strong></span> <span class='ocrx_word' id='word_1_343' title='bbox 2620 1940 2982 1993; x_wconf 86' lang='lat' dir='ltr'><strong>obscurissima</strong></span> <span class='ocrx_word' id='word_1_344' title='bbox 3013 1943 3264 1995; x_wconf 89' lang='lat' dir='ltr'><strong>mittitur:</strong></span> <span class='ocrx_word' id='word_1_345' title='bbox 3297 1942 3385 1995; x_wconf 80' lang='lat' dir='ltr'><strong>ubi</strong></span> 
     </span>
    </p>
   </div>
   <div class='ocr_carea' id='block_1_52' title="bbox 1856 2026 3390 2101">
    <p class='ocr_par' dir='ltr' id='par_1_52' title="bbox 1856 2026 3390 2101">
     <span class='ocr_line' id='line_1_52' title="bbox 1856 2026 3390 2101; baseline 0.004 -23"><span class='ocrx_word' id='word_1_346' title='bbox 1856 2039 1947 2091; x_wconf 87' lang='lat' dir='ltr'><strong>per</strong></span> <span class='ocrx_word' id='word_1_347' title='bbox 1976 2026 2200 2094; x_wconf 89' lang='lat' dir='ltr'><strong>quinque</strong></span> <span class='ocrx_word' id='word_1_348' title='bbox 2228 2027 2358 2091; x_wconf 89' lang='lat' dir='ltr'><strong>dies,</strong></span> <span class='ocrx_word' id='word_1_349' title='bbox 2406 2042 2500 2080; x_wconf 92' lang='lat' dir='ltr'><strong>nec</strong></span> <span class='ocrx_word' id='word_1_350' title='bbox 2531 2028 2701 2080; x_wconf 91' lang='lat' dir='ltr'><strong>lumen</strong></span> <span class='ocrx_word' id='word_1_351' title='bbox 2731 2029 2933 2089; x_wconf 85' lang='lat' dir='ltr'><strong>videns.</strong></span> <span class='ocrx_word' id='word_1_352' title='bbox 2974 2045 3068 2084; x_wconf 91' lang='lat' dir='ltr'><strong>nec</strong></span> <span class='ocrx_word' id='word_1_353' title='bbox 3097 2032 3265 2084; x_wconf 86' lang='lat' dir='ltr'><strong>cibum</strong></span> <span class='ocrx_word' id='word_1_354' title='bbox 3297 2047 3390 2101; x_wconf 79' lang='lat' dir='ltr'><strong>po-</strong></span> 
     </span>
    </p>
   </div>
   <div class='ocr_carea' id='block_1_53' title="bbox 1855 2118 3395 2183">
    <p class='ocr_par' dir='ltr' id='par_1_53' title="bbox 1855 2118 3395 2183">
     <span class='ocr_line' id='line_1_53' title="bbox 1855 2118 3395 2183; baseline 0.007 -16"><span class='ocrx_word' id='word_1_355' title='bbox 1855 2124 2065 2182; x_wconf 89' lang='lat' dir='ltr'><strong>tumque</strong></span> <span class='ocrx_word' id='word_1_356' title='bbox 2094 2118 2371 2183; x_wconf 89' lang='lat' dir='ltr'><strong>accipiens,</strong></span> <span class='ocrx_word' id='word_1_357' title='bbox 2420 2118 2487 2169; x_wconf 87' lang='lat' dir='ltr'><strong>ab</strong></span> <span class='ocrx_word' id='word_1_358' title='bbox 2518 2120 2778 2172; x_wconf 89' lang='lat' dir='ltr'><strong>inclusore</strong></span> <span class='ocrx_word' id='word_1_359' title='bbox 2825 2122 3135 2177; x_wconf 87' lang='lat' dir='ltr'><strong>minabatur.</strong></span> <span class='ocrx_word' id='word_1_360' title='bbox 3184 2124 3395 2177; x_wconf 78' lang='lat' dir='ltr'><strong>Transi-</strong></span> 
     </span>
    </p>
   </div>
   <div class='ocr_carea' id='block_1_54' title="bbox 1855 2202 3393 2274">
    <p class='ocr_par' dir='ltr' id='par_1_54' title="bbox 1855 2202 3393 2274">
     <span class='ocr_line' id='line_1_54' title="bbox 1855 2202 3393 2274; baseline 0.006 -19"><span class='ocrx_word' id='word_1_361' title='bbox 1855 2202 2019 2271; x_wconf 86' lang='lat' dir='ltr'><strong>lisque</strong></span> <span class='ocrx_word' id='word_1_362' title='bbox 2047 2203 2236 2256; x_wconf 89' lang='lat' dir='ltr'><strong>diebus</strong></span> <span class='ocrx_word' id='word_1_363' title='bbox 2264 2219 2354 2258; x_wconf 80' lang='lat' dir='ltr'><strong>sex</strong></span> <span class='ocrx_word' id='word_1_364' title='bbox 2380 2205 2517 2271; x_wconf 88' lang='lat' dir='ltr'><strong>jussa</strong></span> <span class='ocrx_word' id='word_1_365' title='bbox 2545 2216 2625 2259; x_wconf 89' lang='lat' dir='ltr'><strong>est</strong></span> <span class='ocrx_word' id='word_1_366' title='bbox 2652 2220 2678 2256; x_wconf 89' lang='lat' dir='ltr'><strong>a</strong></span> <span class='ocrx_word' id='word_1_367' title='bbox 2697 2208 2833 2259; x_wconf 91' lang='lat' dir='ltr'><strong>collo</strong></span> <span class='ocrx_word' id='word_1_368' title='bbox 2860 2216 2913 2258; x_wconf 87' lang='lat' dir='ltr'><strong>et</strong></span> <span class='ocrx_word' id='word_1_369' title='bbox 2939 2210 3133 2274; x_wconf 86' lang='lat' dir='ltr'><strong>capillis</strong></span> <span class='ocrx_word' id='word_1_370' title='bbox 3162 2211 3212 2263; x_wconf 89' lang='lat' dir='ltr'><strong>in</strong></span> <span class='ocrx_word' id='word_1_371' title='bbox 3241 2213 3393 2265; x_wconf 77' lang='lat' dir='ltr'><strong>arbo—</strong></span> 
     </span>
    </p>
   </div>
   <div class='ocr_carea' id='block_1_55' title="bbox 1853 2293 3393 2365">
    <p class='ocr_par' dir='ltr' id='par_1_55' title="bbox 1853 2293 3393 2365">
     <span class='ocr_line' id='line_1_55' title="bbox 1853 2293 3393 2365; baseline 0.006 -23"><span class='ocrx_word' id='word_1_372' title='bbox 1853 2306 1961 2343; x_wconf 91' lang='lat' dir='ltr'><strong>rem</strong></span> <span class='ocrx_word' id='word_1_373' title='bbox 1989 2293 2248 2344; x_wconf 82' lang='lat' dir='ltr'><strong>excelsam</strong></span> <span class='ocrx_word' id='word_1_374' title='bbox 2276 2294 2541 2359; x_wconf 84' lang='lat' dir='ltr'><strong>suspendi,</strong></span> <span class='ocrx_word' id='word_1_375' title='bbox 2574 2302 2626 2345; x_wconf 76' lang='lat' dir='ltr'><strong>et</strong></span> <span class='ocrx_word' id='word_1_376' title='bbox 2655 2297 2829 2347; x_wconf 90' lang='lat' dir='ltr'><strong>subter</strong></span> <span class='ocrx_word' id='word_1_377' title='bbox 2857 2295 3050 2357; x_wconf 87' lang='lat' dir='ltr'><strong>fumum</strong></span> <span class='ocrx_word' id='word_1_378' title='bbox 3080 2312 3141 2348; x_wconf 76' lang='lat' dir='ltr'><strong>es</strong></span> <span class='ocrx_word' id='word_1_379' title='bbox 3172 2301 3393 2365; x_wconf 88' lang='lat' dir='ltr'><strong>sterqui-</strong></span> 
     </span>
    </p>
   </div>
   <div class='ocr_carea' id='block_1_56' title="bbox 1854 2375 3392 2448">
    <p class='ocr_par' dir='ltr' id='par_1_56' title="bbox 1854 2375 3392 2448">
     <span class='ocr_line' id='line_1_56' title="bbox 1854 2375 3392 2448; baseline 0.008 -19"><span class='ocrx_word' id='word_1_380' title='bbox 1854 2375 1981 2431; x_wconf 90' lang='lat' dir='ltr'><strong>linio</strong></span> <span class='ocrx_word' id='word_1_381' title='bbox 2023 2379 2253 2432; x_wconf 88' lang='lat' dir='ltr'><strong>adhiberi</strong></span> <span class='ocrx_word' id='word_1_382' title='bbox 2285 2397 2295 2430; x_wconf 92' lang='lat'>:</span> <span class='ocrx_word' id='word_1_383' title='bbox 2326 2380 2376 2433; x_wconf 89' lang='lat' dir='ltr'><strong>in</strong></span> <span class='ocrx_word' id='word_1_384' title='bbox 2405 2396 2501 2443; x_wconf 88' lang='lat' dir='ltr'><strong>qua</strong></span> <span class='ocrx_word' id='word_1_385' title='bbox 2552 2396 2803 2448; x_wconf 84' lang='lat' dir='ltr'><strong>suspensa</strong></span> <span class='ocrx_word' id='word_1_386' title='bbox 2847 2384 2895 2435; x_wconf 92' lang='lat' dir='ltr'><strong>in</strong></span> <span class='ocrx_word' id='word_1_387' title='bbox 2918 2384 3248 2440; x_wconf 87' lang='lat' dir='ltr'><strong>confessione</strong></span> <span class='ocrx_word' id='word_1_388' title='bbox 3291 2388 3392 2441; x_wconf 85' lang='lat' dir='ltr'><strong>Do-</strong></span> 
     </span>
    </p>
   </div>
   <div class='ocr_carea' id='block_1_57' title="bbox 1855 2463 3394 2538">
    <p class='ocr_par' dir='ltr' id='par_1_57' title="bbox 1855 2463 3394 2538">
     <span class='ocr_line' id='line_1_57' title="bbox 1855 2463 3394 2538; baseline 0.01 -24"><span class='ocrx_word' id='word_1_389' title='bbox 1855 2464 1977 2517; x_wconf 89' lang='lat' dir='ltr'><strong>mini</strong></span> <span class='ocrx_word' id='word_1_390' title='bbox 2008 2463 2181 2531; x_wconf 80' lang='lat' dir='ltr'><strong>emisit</strong></span> <span class='ocrx_word' id='word_1_391' title='bbox 2206 2467 2467 2532; x_wconf 78' lang='lat' dir='ltr'><strong>Spiritutn.</strong></span> <span class='ocrx_word' id='word_1_392' title='bbox 2521 2466 2677 2535; x_wconf 87' lang='lat' dir='ltr'><strong>Cujus</strong></span> <span class='ocrx_word' id='word_1_393' title='bbox 2708 2484 2893 2537; x_wconf 90' lang='lat' dir='ltr'><strong>corpus</strong></span> <span class='ocrx_word' id='word_1_394' title='bbox 2928 2482 3282 2538; x_wconf 88' lang='lat' dir='ltr'><strong>persecutores</strong></span> <span class='ocrx_word' id='word_1_395' title='bbox 3302 2491 3394 2529; x_wconf 89' lang='lat' dir='ltr'><strong>au-</strong></span> 
     </span>
    </p>
   </div>
   <div class='ocr_carea' id='block_1_58' title="bbox 1856 2553 3396 2625">
    <p class='ocr_par' dir='ltr' id='par_1_58' title="bbox 1856 2553 3396 2625">
     <span class='ocr_line' id='line_1_58' title="bbox 1856 2553 3396 2625; baseline 0.009 -22"><span class='ocrx_word' id='word_1_396' title='bbox 1856 2553 2077 2607; x_wconf 84' lang='lat' dir='ltr'><strong>ferentes</strong></span> <span class='ocrx_word' id='word_1_397' title='bbox 2103 2568 2229 2608; x_wconf 84' lang='lat' dir='ltr'><strong>saxo</strong></span> <span class='ocrx_word' id='word_1_398' title='bbox 2254 2556 2561 2625; x_wconf 83' lang='lat' dir='ltr'><strong>ligaverunt,</strong></span> <span class='ocrx_word' id='word_1_399' title='bbox 2614 2565 2667 2611; x_wconf 90' lang='lat' dir='ltr'><strong>et</strong></span> <span class='ocrx_word' id='word_1_400' title='bbox 2693 2557 2895 2611; x_wconf 88' lang='lat' dir='ltr'><strong>Tiberis</strong></span> <span class='ocrx_word' id='word_1_401' title='bbox 2938 2561 3086 2614; x_wconf 81' lang='lat' dir='ltr'><strong>alveo</strong></span> <span class='ocrx_word' id='word_1_402' title='bbox 3130 2563 3396 2617; x_wconf 86' lang='lat' dir='ltr'><strong>immerse-</strong></span> 
     </span>
    </p>
   </div>
   <div class='ocr_carea' id='block_1_59' title="bbox 1857 2641 3396 2714">
    <p class='ocr_par' dir='ltr' id='par_1_59' title="bbox 1857 2641 3396 2714">
     <span class='ocr_line' id='line_1_59' title="bbox 1857 2641 3396 2714; baseline 0.011 -23"><span class='ocrx_word' id='word_1_403' title='bbox 1857 2650 1996 2703; x_wconf 90' lang='lat' dir='ltr'><strong>runt,</strong></span> <span class='ocrx_word' id='word_1_404' title='bbox 2025 2641 2293 2698; x_wconf 88' lang='lat' dir='ltr'><strong>dicentes:</strong></span> <span class='ocrx_word' id='word_1_405' title='bbox 2328 2646 2412 2702; x_wconf 82' lang='lat' dir='ltr'><strong>Ne.</strong></span> <span class='ocrx_word' id='word_1_406' title='bbox 2430 2645 2711 2699; x_wconf 88' lang='lat' dir='ltr'><strong>Christiani</strong></span> <span class='ocrx_word' id='word_1_407' title='bbox 2762 2648 2811 2699; x_wconf 88' lang='lat' dir='ltr'><strong>id</strong></span> <span class='ocrx_word' id='word_1_408' title='bbox 2858 2648 3071 2714; x_wconf 89' lang='lat' dir='ltr'><strong>tollant,</strong></span> <span class='ocrx_word' id='word_1_409' title='bbox 3121 2660 3173 2704; x_wconf 91' lang='lat' dir='ltr'><strong>et</strong></span> <span class='ocrx_word' id='word_1_410' title='bbox 3205 2652 3396 2708; x_wconf 75' lang='lat' dir='ltr'><strong>faciant</strong></span> 
     </span>
    </p>
   </div>
   <div class='ocr_carea' id='block_1_60' title="bbox 1857 2734 3319 2813">
    <p class='ocr_par' dir='ltr' id='par_1_60' title="bbox 1857 2734 3319 2813">
     <span class='ocr_line' id='line_1_60' title="bbox 1857 2734 3319 2813; baseline 0.003 -28"><span class='ocrx_word' id='word_1_411' title='bbox 1857 2734 1994 2813; x_wconf 76' lang='lat' dir='ltr'><strong>illam</strong></span> <span class='ocrx_word' id='word_1_412' title='bbox 2024 2735 2119 2787; x_wconf 90' lang='lat' dir='ltr'><strong>sibi</strong></span> <span class='ocrx_word' id='word_1_413' title='bbox 2155 2735 2325 2789; x_wconf 87' lang='lat' dir='ltr'><strong>deam.</strong></span> <span class='ocrx_word' id='word_1_414' title='bbox 2359 2736 2618 2803; x_wconf 83' lang='lat' dir='ltr'><strong>Scriptum</strong></span> <span class='ocrx_word' id='word_1_415' title='bbox 2650 2738 2697 2789; x_wconf 92' lang='lat' dir='ltr'><strong>in</strong></span> <span class='ocrx_word' id='word_1_416' title='bbox 2726 2738 2884 2804; x_wconf 79' lang='lat' dir='ltr'><strong>gestis</strong></span> <span class='ocrx_word' id='word_1_417' title='bbox 2916 2738 2973 2789; x_wconf 83' lang='grc' dir='ltr'><strong>Β.</strong></span> <span class='ocrx_word' id='word_1_418' title='bbox 3004 2736 3319 2791; x_wconf 81' lang='lat' dir='ltr'><strong>Sebastiani.</strong></span> 
     </span>
    </p>
   </div>
   <div class='ocr_carea' id='block_1_61' title="bbox 1925 2863 3391 2932">
    <p class='ocr_par' dir='ltr' id='par_1_61' title="bbox 1925 2863 3391 2932">
     <span class='ocr_line' id='line_1_61' title="bbox 1925 2863 3391 2932; baseline -0.001 -17"><span class='ocrx_word' id='word_1_419' title='bbox 1925 2864 1981 2915; x_wconf 89' lang='lat' dir='ltr'><strong>C.</strong></span> <span class='ocrx_word' id='word_1_420' title='bbox 2019 2863 2101 2922; x_wconf 83' lang='lat' dir='ltr'><strong>V.,</strong></span> <span class='ocrx_word' id='word_1_421' title='bbox 2138 2864 2202 2915; x_wconf 80' lang='lat' dir='ltr'><strong>Et</strong></span> <span class='ocrx_word' id='word_1_422' title='bbox 2229 2866 2399 2917; x_wconf 86' lang='lat' dir='ltr'><strong>natale</strong></span> <span class='ocrx_word' id='word_1_423' title='bbox 2429 2865 2484 2918; x_wconf 87' lang='lat' dir='ltr'><strong>S.</strong></span> <span class='ocrx_word' id='word_1_424' title='bbox 2516 2874 2540 2910; x_wconf 80' lang='grc' dir='ltr'>ι</span> <span class='ocrx_word' id='word_1_425' title='bbox 2573 2866 2811 2917; x_wconf 87' lang='lat' dir='ltr'><strong>Lauriani</strong></span> <span class='ocrx_word' id='word_1_426' title='bbox 2844 2880 3081 2932; x_wconf 84' lang='lat' dir='ltr'><strong>martyris</strong></span> <span class='ocrx_word' id='word_1_427' title='bbox 3126 2864 3274 2931; x_wconf 86' lang='lat' dir='ltr'><strong>cujus</strong></span> <span class='ocrx_word' id='word_1_428' title='bbox 3300 2880 3391 2918; x_wconf 83' lang='lat' dir='ltr'><strong>ca-</strong></span> 
     </span>
    </p>
   </div>
   <div class='ocr_carea' id='block_1_62' title="bbox 1857 2932 3392 3002">
    <p class='ocr_par' dir='ltr' id='par_1_62' title="bbox 1857 2932 3392 3002">
     <span class='ocr_line' id='line_1_62' title="bbox 1857 2932 3392 3002; baseline 0.003 -22"><span class='ocrx_word' id='word_1_429' title='bbox 1857 2940 1948 3002; x_wconf 83' lang='lat' dir='ltr'><strong>put</strong></span> <span class='ocrx_word' id='word_1_430' title='bbox 1975 2932 2022 3002; x_wconf 90' lang='lat' dir='ltr'><strong>in</strong></span> <span class='ocrx_word' id='word_1_431' title='bbox 2046 2934 2226 3002; x_wconf 69' lang='lat' dir='ltr'><strong>Spanis</strong></span> <span class='ocrx_word' id='word_1_432' title='bbox 2252 2944 2505 3002; x_wconf 78' lang='lat' dir='ltr'><strong>portatum</strong></span> <span class='ocrx_word' id='word_1_433' title='bbox 2518 2946 2599 3002; x_wconf 62' lang='lat' dir='ltr'><strong>est</strong></span> <span class='ocrx_word' id='word_1_434' title='bbox 2627 2932 2703 3002; x_wconf 59' lang='grc' dir='ltr'><strong>[(ξ.</strong></span> <span class='ocrx_word' id='word_1_435' title='bbox 2725 2933 2970 3002; x_wconf 76' lang='lat' dir='ltr'><strong>Hispalim</strong></span> <span class='ocrx_word' id='word_1_436' title='bbox 2995 2943 3248 3002; x_wconf 72' lang='lat' dir='ltr'><strong>portatum</strong></span> <span class='ocrx_word' id='word_1_437' title='bbox 3268 2933 3392 3002; x_wconf 85' lang='lat' dir='ltr'><strong>est],</strong></span> 
     </span>
    </p>
   </div>
   <div class='ocr_carea' id='block_1_63' title="bbox 1857 2990 3392 3065">
    <p class='ocr_par' dir='ltr' id='par_1_63' title="bbox 1857 2990 3392 3065">
     <span class='ocr_line' id='line_1_63' title="bbox 1857 2990 3392 3065; baseline 0.005 -17"><span class='ocrx_word' id='word_1_438' title='bbox 1857 2990 1945 3049; x_wconf 77' lang='lat' dir='ltr'><strong>scd</strong></span> <span class='ocrx_word' id='word_1_439' title='bbox 1979 3000 2038 3049; x_wconf 82' lang='grc' dir='ltr'><strong>Λ.</strong></span> <span class='ocrx_word' id='word_1_440' title='bbox 2072 2990 2131 3049; x_wconf 82' lang='lat' dir='ltr'><strong>&#39;i‘.</strong></span> <span class='ocrx_word' id='word_1_441' title='bbox 2163 3014 2221 3049; x_wconf 88' lang='lat' dir='ltr'><strong>ac</strong></span> <span class='ocrx_word' id='word_1_442' title='bbox 2252 2990 2332 3061; x_wconf 84' lang='lat' dir='ltr'><strong>L.,</strong></span> <span class='ocrx_word' id='word_1_443' title='bbox 2367 2990 2847 3051; x_wconf 44' lang='lat' dir='ltr'><strong>Bituri’cas‘civitate</strong></span> <span class='ocrx_word' id='word_1_444' title='bbox 2878 2990 3044 3065; x_wconf 86' lang='lat' dir='ltr'><strong>passio</strong></span> <span class='ocrx_word' id='word_1_445' title='bbox 3069 2990 3392 3055; x_wconf 77' lang='lat' dir='ltr'><strong>S.J.auriatii</strong></span> 
     </span>
    </p>
   </div>
   <div class='ocr_carea' id='block_1_64' title="bbox 1860 3066 3382 3133">
    <p class='ocr_par' dir='ltr' id='par_1_64' title="bbox 1860 3066 3382 3133">
     <span class='ocr_line' id='line_1_64' title="bbox 1860 3066 3382 3133; baseline 0.004 -18"><span class='ocrx_word' id='word_1_446' title='bbox 1860 3066 2132 3133; x_wconf 82' lang='lat' dir='ltr'><strong>martyris;</strong></span> <span class='ocrx_word' id='word_1_447' title='bbox 2185 3066 2331 3131; x_wconf 85' lang='lat' dir='ltr'><strong>cujus</strong></span> <span class='ocrx_word' id='word_1_448' title='bbox 2360 3078 2512 3132; x_wconf 90' lang='lat' dir='ltr'><strong>caput</strong></span> <span class='ocrx_word' id='word_1_449' title='bbox 2561 3068 2609 3117; x_wconf 91' lang='lat' dir='ltr'><strong>in</strong></span> <span class='ocrx_word' id='word_1_450' title='bbox 2643 3066 2935 3130; x_wconf 64' lang='lat' dir='ltr'><strong>Hispaniam</strong></span> <span class='ocrx_word' id='word_1_451' title='bbox 2986 3076 3237 3131; x_wconf 84' lang='lat' dir='ltr'><strong>portatum</strong></span> <span class='ocrx_word' id='word_1_452' title='bbox 3280 3081 3382 3121; x_wconf 91' lang='lat' dir='ltr'><strong>est.</strong></span> 
     </span>
    </p>
   </div>
   <div class='ocr_carea' id='block_1_65' title="bbox 1862 3132 3388 3201">
    <p class='ocr_par' dir='ltr' id='par_1_65' title="bbox 1862 3132 3388 3201">
     <span class='ocr_line' id='line_1_65' title="bbox 1862 3132 3388 3201; baseline 0.003 -16"><span class='ocrx_word' id='word_1_453' title='bbox 1862 3134 1942 3196; x_wconf 77' lang='grc' dir='ltr'><strong>Β..</strong></span> <span class='ocrx_word' id='word_1_454' title='bbox 1978 3132 2026 3185; x_wconf 89' lang='lat' dir='ltr'><strong>lu</strong></span> <span class='ocrx_word' id='word_1_455' title='bbox 2055 3132 2243 3187; x_wconf 87' lang='lat' dir='ltr'><strong>Sirmia</strong></span> <span class='ocrx_word' id='word_1_456' title='bbox 2269 3133 2529 3186; x_wconf 76' lang='lat' dir='ltr'><strong>Sabhatize</strong></span> <span class='ocrx_word' id='word_1_457' title='bbox 2576 3135 2827 3186; x_wconf 84' lang='lat' dir='ltr'><strong>Innoceos</strong></span> <span class='ocrx_word' id='word_1_458' title='bbox 2874 3148 2988 3185; x_wconf 90' lang='lat' dir='ltr'><strong>cum</strong></span> <span class='ocrx_word' id='word_1_459' title='bbox 3022 3134 3137 3185; x_wconf 89' lang='lat' dir='ltr'><strong>aliis</strong></span> <span class='ocrx_word' id='word_1_460' title='bbox 3160 3136 3388 3201; x_wconf 83' lang='lat' dir='ltr'><strong>triginta.</strong></span> 
     </span>
    </p>
   </div>
   <div class='ocr_carea' id='block_1_66' title="bbox 1860 3202 3393 3269">
    <p class='ocr_par' dir='ltr' id='par_1_66' title="bbox 1860 3202 3393 3269">
     <span class='ocr_line' id='line_1_66' title="bbox 1860 3202 3393 3269; baseline 0.003 -18"><span class='ocrx_word' id='word_1_461' title='bbox 1860 3202 2099 3253; x_wconf 72' lang='lat' dir='ltr'><strong>lietirieio</strong></span> <span class='ocrx_word' id='word_1_462' title='bbox 2126 3202 2332 3254; x_wconf 85' lang='lat' dir='ltr'><strong>civitate</strong></span> <span class='ocrx_word' id='word_1_463' title='bbox 2360 3204 2528 3255; x_wconf 83' lang='lat' dir='ltr'><strong>natale</strong></span> <span class='ocrx_word' id='word_1_464' title='bbox 2572 3204 2639 3261; x_wconf 55' lang='grc'><strong>8.,</strong></span> <span class='ocrx_word' id='word_1_465' title='bbox 2660 3202 2894 3255; x_wconf 82' lang='lat' dir='ltr'><strong>Lauriani</strong></span> <span class='ocrx_word' id='word_1_466' title='bbox 2925 3203 3147 3269; x_wconf 79' lang='lat' dir='ltr'><strong>episcOpi</strong></span> <span class='ocrx_word' id='word_1_467' title='bbox 3178 3212 3230 3256; x_wconf 91' lang='lat' dir='ltr'><strong>et</strong></span> <span class='ocrx_word' id='word_1_468' title='bbox 3257 3218 3393 3256; x_wconf 87' lang='lat' dir='ltr'><strong>mar-</strong></span> 
     </span>
    </p>
   </div>
   <div class='ocr_carea' id='block_1_67' title="bbox 1861 3269 2008 3334">
    <p class='ocr_par' dir='ltr' id='par_1_67' title="bbox 1861 3269 2008 3334">
     <span class='ocr_line' id='line_1_67' title="bbox 1861 3269 2008 3334; baseline 0.007 -16"><span class='ocrx_word' id='word_1_469' title='bbox 1861 3269 2008 3334; x_wconf 82' lang='lat' dir='ltr'><strong>tyris.</strong></span> 
     </span>
    </p>
   </div>
   <div class='ocr_carea' id='block_1_68' title="bbox 1588 3398 2050 3453">
    <p class='ocr_par' dir='ltr' id='par_1_68' title="bbox 1588 3398 2050 3453">
     <span class='ocr_line' id='line_1_68' title="bbox 1588 3398 2050 3453; baseline -0.002 0"><span class='ocrx_word' id='word_1_470' title='bbox 1588 3398 1788 3453; x_wconf 80' lang='lat' dir='ltr'><strong>SMITII</strong></span> <span class='ocrx_word' id='word_1_471' title='bbox 1828 3398 2050 3452; x_wconf 73' lang='grc' dir='ltr'><strong>ΝΟΤΑΞ.</strong></span> 
     </span>
    </p>
   </div>
   <div class='ocr_carea' id='block_1_69' title="bbox 311 3484 1753 3552">
    <p class='ocr_par' dir='ltr' id='par_1_69' title="bbox 311 3484 1753 3552">
     <span class='ocr_line' id='line_1_69' title="bbox 311 3484 1753 3552; baseline 0.001 -16"><span class='ocrx_word' id='word_1_472' title='bbox 311 3495 334 3521; x_wconf 75' lang='grc' dir='ltr'>ἰ</span> <span class='ocrx_word' id='word_1_473' title='bbox 362 3484 709 3552; x_wconf 74' lang='lat' dir='ltr'><strong>Monegundw.</strong></span> <span class='ocrx_word' id='word_1_474' title='bbox 741 3484 866 3548; x_wconf 63' lang='lat' dir='ltr'><strong>Quae</strong></span> <span class='ocrx_word' id='word_1_475' title='bbox 894 3484 1040 3537; x_wconf 87' lang='lat' dir='ltr'><strong>vidua</strong></span> <span class='ocrx_word' id='word_1_476' title='bbox 1073 3484 1187 3547; x_wconf 85' lang='lat' dir='ltr'><strong>fuit,</strong></span> <span class='ocrx_word' id='word_1_477' title='bbox 1213 3485 1302 3537; x_wconf 89' lang='lat' dir='ltr'><strong>sed</strong></span> <span class='ocrx_word' id='word_1_478' title='bbox 1332 3486 1753 3550; x_wconf 87' lang='lat' dir='ltr'><strong>sanctimonialis,</strong></span> 
     </span>
    </p>
   </div>
   <div class='ocr_carea' id='block_1_70' title="bbox 232 3552 1756 3621">
    <p class='ocr_par' dir='ltr' id='par_1_70' title="bbox 232 3552 1756 3621">
     <span class='ocr_line' id='line_1_70' title="bbox 232 3552 1756 3621; baseline 0 -17"><span class='ocrx_word' id='word_1_479' title='bbox 232 3564 287 3621; x_wconf 80' lang='lat' dir='ltr'><strong>et</strong></span> <span class='ocrx_word' id='word_1_480' title='bbox 308 3556 375 3606; x_wconf 90' lang='lat' dir='ltr'><strong>ob</strong></span> <span class='ocrx_word' id='word_1_481' title='bbox 401 3554 447 3604; x_wconf 88' lang='lat' dir='ltr'><strong>id</strong></span> <span class='ocrx_word' id='word_1_482' title='bbox 472 3552 913 3621; x_wconf 89' lang='lat' dir='ltr'><strong>virginis_nomine</strong></span> <span class='ocrx_word' id='word_1_483' title='bbox 941 3557 1239 3605; x_wconf 85' lang='lat' dir='ltr'><strong>honoratur.</strong></span> <span class='ocrx_word' id='word_1_484' title='bbox 1284 3552 1586 3621; x_wconf 67' lang='lat' dir='ltr'><strong>Carnutenai</strong></span> <span class='ocrx_word' id='word_1_485' title='bbox 1613 3555 1756 3606; x_wconf 84' lang='lat' dir='ltr'><strong>urbis</strong></span> 
     </span>
    </p>
   </div>
   <div class='ocr_carea' id='block_1_71' title="bbox 228 3618 1759 3686">
    <p class='ocr_par' dir='ltr' id='par_1_71' title="bbox 228 3618 1759 3686">
     <span class='ocr_line' id='line_1_71' title="bbox 228 3618 1759 3686; baseline 0 -13"><span class='ocrx_word' id='word_1_486' title='bbox 228 3620 333 3673; x_wconf 88' lang='lat' dir='ltr'><strong>fuit</strong></span> <span class='ocrx_word' id='word_1_487' title='bbox 372 3618 627 3686; x_wconf 83' lang='lat' dir='ltr'><strong>indigena.</strong></span> <span class='ocrx_word' id='word_1_488' title='bbox 667 3618 913 3672; x_wconf 87' lang='lat' dir='ltr'><strong>Cellulaiu</strong></span> <span class='ocrx_word' id='word_1_489' title='bbox 954 3633 1120 3672; x_wconf 87' lang='lat' dir='ltr'><strong>autem</strong></span> <span class='ocrx_word' id='word_1_490' title='bbox 1165 3635 1307 3670; x_wconf 89' lang='lat' dir='ltr'><strong>suam</strong></span> <span class='ocrx_word' id='word_1_491' title='bbox 1349 3620 1663 3685; x_wconf 83' lang='lat' dir='ltr'><strong>relinquens,</strong></span> <span class='ocrx_word' id='word_1_492' title='bbox 1709 3623 1759 3673; x_wconf 93' lang='lat' dir='ltr'><strong>in</strong></span> 
     </span>
    </p>
   </div>
   <div class='ocr_carea' id='block_1_72' title="bbox 231 3687 1761 3754">
    <p class='ocr_par' dir='ltr' id='par_1_72' title="bbox 231 3687 1761 3754">
     <span class='ocr_line' id='line_1_72' title="bbox 231 3687 1761 3754; baseline 0.001 -17"><span class='ocrx_word' id='word_1_493' title='bbox 231 3702 356 3753; x_wconf 88' lang='lat' dir='ltr'><strong>qua,</strong></span> <span class='ocrx_word' id='word_1_494' title='bbox 387 3696 652 3752; x_wconf 85' lang='lat' dir='ltr'><strong>postquam</strong></span> <span class='ocrx_word' id='word_1_495' title='bbox 690 3695 830 3739; x_wconf 87' lang='lat' dir='ltr'><strong>esset</strong></span> <span class='ocrx_word' id='word_1_496' title='bbox 864 3687 1061 3740; x_wconf 88' lang='lat' dir='ltr'><strong>filiabus</strong></span> <span class='ocrx_word' id='word_1_497' title='bbox 1096 3690 1306 3754; x_wconf 82' lang='lat' dir='ltr'><strong>privata,</strong></span> <span class='ocrx_word' id='word_1_498' title='bbox 1340 3688 1615 3739; x_wconf 87' lang='lat' dir='ltr'><strong>solitariam</strong></span> <span class='ocrx_word' id='word_1_499' title='bbox 1656 3691 1761 3753; x_wconf 84' lang='lat' dir='ltr'><strong>egit</strong></span> 
     </span>
    </p>
   </div>
   <div class='ocr_carea' id='block_1_73' title="bbox 240 3755 1755 3818">
    <p class='ocr_par' dir='ltr' id='par_1_73' title="bbox 240 3755 1755 3818">
     <span class='ocr_line' id='line_1_73' title="bbox 240 3755 1755 3818; baseline 0.003 -15"><span class='ocrx_word' id='word_1_500' title='bbox 240 3756 423 3813; x_wconf 83' lang='lat' dir='ltr'><strong>vitam,</strong></span> <span class='ocrx_word' id='word_1_501' title='bbox 460 3755 523 3804; x_wconf 92' lang='lat' dir='ltr'><strong>ad</strong></span> <span class='ocrx_word' id='word_1_502' title='bbox 550 3755 780 3806; x_wconf 83' lang='lat' dir='ltr'><strong>Turones</strong></span> <span class='ocrx_word' id='word_1_503' title='bbox 819 3768 876 3806; x_wconf 88' lang='lat' dir='ltr'><strong>se</strong></span> <span class='ocrx_word' id='word_1_504' title='bbox 918 3757 1153 3817; x_wconf 87' lang='lat' dir='ltr'><strong>contulit,</strong></span> <span class='ocrx_word' id='word_1_505' title='bbox 1183 3756 1267 3807; x_wconf 84' lang='lat' dir='ltr'><strong>tibi</strong></span> <span class='ocrx_word' id='word_1_506' title='bbox 1310 3757 1356 3805; x_wconf 91' lang='lat' dir='ltr'><strong>in</strong></span> <span class='ocrx_word' id='word_1_507' title='bbox 1384 3769 1537 3818; x_wconf 62' lang='lat' dir='ltr'><strong>parva</strong></span> <span class='ocrx_word' id='word_1_508' title='bbox 1576 3756 1755 3807; x_wconf 87' lang='lat' dir='ltr'><strong>cellula</strong></span> 
     </span>
    </p>
   </div>
   <div class='ocr_carea' id='block_1_74' title="bbox 234 3820 1757 3888">
    <p class='ocr_par' dir='ltr' id='par_1_74' title="bbox 234 3820 1757 3888">
     <span class='ocr_line' id='line_1_74' title="bbox 234 3820 1757 3888; baseline 0 -15"><span class='ocrx_word' id='word_1_509' title='bbox 234 3836 352 3888; x_wconf 65' lang='lat' dir='ltr'><strong>quae</strong></span> <span class='ocrx_word' id='word_1_510' title='bbox 392 3822 483 3872; x_wconf 88' lang='lat' dir='ltr'><strong>fuit</strong></span> <span class='ocrx_word' id='word_1_511' title='bbox 522 3823 570 3871; x_wconf 91' lang='lat' dir='ltr'><strong>in</strong></span> <span class='ocrx_word' id='word_1_512' title='bbox 609 3822 826 3873; x_wconf 89' lang='lat' dir='ltr'><strong>ecclesia</strong></span> <span class='ocrx_word' id='word_1_513' title='bbox 849 3821 903 3873; x_wconf 92' lang='lat' dir='ltr'><strong>S.</strong></span> <span class='ocrx_word' id='word_1_514' title='bbox 927 3820 1124 3873; x_wconf 80' lang='lat' dir='ltr'><strong>Martini</strong></span> <span class='ocrx_word' id='word_1_515' title='bbox 1154 3820 1340 3886; x_wconf 82' lang='lat' dir='ltr'><strong>paucas</strong></span> <span class='ocrx_word' id='word_1_516' title='bbox 1359 3823 1601 3888; x_wconf 73' lang='lat' dir='ltr'><strong>colligens</strong></span> <span class='ocrx_word' id='word_1_517' title='bbox 1644 3839 1757 3873; x_wconf 90' lang='lat' dir='ltr'><strong>mo-</strong></span> 
     </span>
    </p>
   </div>
   <div class='ocr_carea' id='block_1_75' title="bbox 233 3887 1753 3953">
    <p class='ocr_par' dir='ltr' id='par_1_75' title="bbox 233 3887 1753 3953">
     <span class='ocr_line' id='line_1_75' title="bbox 233 3887 1753 3953; baseline 0.001 -12"><span class='ocrx_word' id='word_1_518' title='bbox 233 3887 426 3942; x_wconf 77' lang='lat' dir='ltr'><strong>nachas</strong></span> <span class='ocrx_word' id='word_1_519' title='bbox 470 3889 649 3939; x_wconf 90' lang='lat' dir='ltr'><strong>durum</strong></span> <span class='ocrx_word' id='word_1_520' title='bbox 691 3890 807 3938; x_wconf 66' lang='lat' dir='ltr'><strong>vita:</strong></span> <span class='ocrx_word' id='word_1_521' title='bbox 846 3902 1050 3939; x_wconf 91' lang='lat' dir='ltr'><strong>cursum</strong></span> <span class='ocrx_word' id='word_1_522' title='bbox 1088 3890 1324 3941; x_wconf 88' lang='lat' dir='ltr'><strong>instituit.</strong></span> <span class='ocrx_word' id='word_1_523' title='bbox 1368 3887 1521 3953; x_wconf 78' lang='lat' dir='ltr'><strong>Greg.</strong></span> <span class='ocrx_word' id='word_1_524' title='bbox 1560 3891 1753 3944; x_wconf 89' lang='lat' dir='ltr'><strong>Turon.</strong></span> 
     </span>
    </p>
   </div>
   <div class='ocr_carea' id='block_1_76' title="bbox 237 3954 1754 4021">
    <p class='ocr_par' dir='ltr' id='par_1_76' title="bbox 237 3954 1754 4021">
     <span class='ocr_line' id='line_1_76' title="bbox 237 3954 1754 4021; baseline 0.004 -18"><span class='ocrx_word' id='word_1_525' title='bbox 237 3957 366 4007; x_wconf 73' lang='lat' dir='ltr'><strong>Vita:</strong></span> <span class='ocrx_word' id='word_1_526' title='bbox 394 3959 529 4006; x_wconf 82' lang='lat' dir='ltr'><strong>l’atr.</strong></span> <span class='ocrx_word' id='word_1_527' title='bbox 564 3970 675 4021; x_wconf 84' lang='lat' dir='ltr'><strong>cap.</strong></span> <span class='ocrx_word' id='word_1_528' title='bbox 701 3954 783 4006; x_wconf 82' lang='grc'><strong>19.</strong></span> <span class='ocrx_word' id='word_1_529' title='bbox 826 3954 1034 4019; x_wconf 80' lang='lat' dir='ltr'><strong>Sepulta</strong></span> <span class='ocrx_word' id='word_1_530' title='bbox 1078 3965 1170 4007; x_wconf 37' lang='lat' dir='ltr'><strong>est.</strong></span> <span class='ocrx_word' id='word_1_531' title='bbox 1195 3958 1243 4007; x_wconf 92' lang='lat' dir='ltr'><strong>in</strong></span> <span class='ocrx_word' id='word_1_532' title='bbox 1285 3957 1501 4007; x_wconf 72' lang='lat' dir='ltr'><strong>ecclesia</strong></span> <span class='ocrx_word' id='word_1_533' title='bbox 1541 3958 1595 4008; x_wconf 90' lang='lat' dir='ltr'><strong>S.</strong></span> <span class='ocrx_word' id='word_1_534' title='bbox 1622 3960 1754 4009; x_wconf 74' lang='lat' dir='ltr'><strong>Petri</strong></span> 
     </span>
    </p>
   </div>
   <div class='ocr_carea' id='block_1_77' title="bbox 230 4023 1757 4090">
    <p class='ocr_par' dir='ltr' id='par_1_77' title="bbox 230 4023 1757 4090">
     <span class='ocr_line' id='line_1_77' title="bbox 230 4023 1757 4090; baseline 0.002 -17"><span class='ocrx_word' id='word_1_535' title='bbox 230 4023 494 4090; x_wconf 85' lang='lat' dir='ltr'><strong>puellaris,</strong></span> <span class='ocrx_word' id='word_1_536' title='bbox 522 4023 604 4073; x_wconf 90' lang='lat' dir='ltr'><strong>ubi</strong></span> <span class='ocrx_word' id='word_1_537' title='bbox 625 4024 735 4090; x_wconf 88' lang='lat' dir='ltr'><strong>ejus</strong></span> <span class='ocrx_word' id='word_1_538' title='bbox 758 4023 981 4089; x_wconf 70' lang='lat' dir='ltr'><strong>reliquis:</strong></span> <span class='ocrx_word' id='word_1_539' title='bbox 1015 4026 1063 4074; x_wconf 91' lang='lat' dir='ltr'><strong>in</strong></span> <span class='ocrx_word' id='word_1_540' title='bbox 1094 4024 1235 4074; x_wconf 89' lang='lat' dir='ltr'><strong>theca</strong></span> <span class='ocrx_word' id='word_1_541' title='bbox 1286 4024 1503 4087; x_wconf 79' lang='lat' dir='ltr'><strong>pretiosa</strong></span> <span class='ocrx_word' id='word_1_542' title='bbox 1544 4037 1757 4076; x_wconf 58' lang='grc' dir='ltr'><strong>διέγνωκε</strong></span> 
     </span>
    </p>
   </div>
   <div class='ocr_carea' id='block_1_78' title="bbox 229 4089 1757 4157">
    <p class='ocr_par' dir='ltr' id='par_1_78' title="bbox 229 4089 1757 4157">
     <span class='ocr_line' id='line_1_78' title="bbox 229 4089 1757 4157; baseline 0.001 -16"><span class='ocrx_word' id='word_1_543' title='bbox 229 4089 353 4141; x_wconf 82' lang='lat' dir='ltr'><strong>sitnt</strong></span> <span class='ocrx_word' id='word_1_544' title='bbox 390 4093 453 4141; x_wconf 86' lang='lat' dir='ltr'><strong>ad</strong></span> <span class='ocrx_word' id='word_1_545' title='bbox 488 4105 574 4141; x_wconf 89' lang='lat' dir='ltr'><strong>an.</strong></span> <span class='ocrx_word' id='word_1_546' title='bbox 602 4089 755 4153; x_wconf 64' lang='grc'><strong>1562,</strong></span> <span class='ocrx_word' id='word_1_547' title='bbox 778 4106 879 4157; x_wconf 87' lang='lat' dir='ltr'><strong>qtto</strong></span> <span class='ocrx_word' id='word_1_548' title='bbox 914 4092 1193 4143; x_wconf 85' lang='lat' dir='ltr'><strong>Calviniani</strong></span> <span class='ocrx_word' id='word_1_549' title='bbox 1234 4093 1456 4141; x_wconf 84' lang='lat' dir='ltr'><strong>furentes</strong></span> <span class='ocrx_word' id='word_1_550' title='bbox 1494 4107 1604 4145; x_wconf 83' lang='lat' dir='ltr'><strong>eam</strong></span> <span class='ocrx_word' id='word_1_551' title='bbox 1633 4092 1757 4143; x_wconf 86' lang='lat' dir='ltr'><strong>diri-</strong></span> 
     </span>
    </p>
   </div>
   <div class='ocr_carea' id='block_1_79' title="bbox 250 4170 474 4209">
    <p class='ocr_par' dir='ltr' id='par_1_79' title="bbox 250 4170 474 4209">
     <span class='ocr_line' id='line_1_79' title="bbox 250 4170 474 4209; baseline 0.018 -4"><span class='ocrx_word' id='word_1_552' title='bbox 250 4170 474 4209; x_wconf 82' lang='lat' dir='ltr'><strong>inerunt.</strong></span> 
     </span>
    </p>
   </div>
   <div class='ocr_carea' id='block_1_80' title="bbox 231 4175 1752 4288">
    <p class='ocr_par' dir='ltr' id='par_1_80' title="bbox 231 4175 1752 4288">
     <span class='ocr_line' id='line_1_80' title="bbox 231 4175 1752 4288; baseline 0.004 -17"><span class='ocrx_word' id='word_1_553' title='bbox 231 4175 612 4276; x_wconf 52' lang='lat' dir='ltr'><strong>puﬁnll&#39;liiitatio.</strong></span> <span class='ocrx_word' id='word_1_554' title='bbox 647 4222 765 4274; x_wconf 72' lang='lat' dir='ltr'><strong>Haec</strong></span> <span class='ocrx_word' id='word_1_555' title='bbox 804 4225 1005 4288; x_wconf 86' lang='lat' dir='ltr'><strong>quidem</strong></span> <span class='ocrx_word' id='word_1_556' title='bbox 1049 4226 1345 4276; x_wconf 88' lang='lat' dir='ltr'><strong>solemnitas</strong></span> <span class='ocrx_word' id='word_1_557' title='bbox 1367 4225 1430 4275; x_wconf 89' lang='lat' dir='ltr'><strong>ab</strong></span> <span class='ocrx_word' id='word_1_558' title='bbox 1459 4226 1662 4277; x_wconf 83' lang='lat' dir='ltr'><strong>Urbano</strong></span> <span class='ocrx_word' id='word_1_559' title='bbox 1689 4227 1752 4277; x_wconf 84' lang='lat' dir='ltr'><strong>Vl</strong></span> 
     </span>
    </p>
   </div>
   <div class='ocr_carea' id='block_1_81' title="bbox 232 4290 1753 4357">
    <p class='ocr_par' dir='ltr' id='par_1_81' title="bbox 232 4290 1753 4357">
     <span class='ocr_line' id='line_1_81' title="bbox 232 4290 1753 4357; baseline 0.002 -14"><span class='ocrx_word' id='word_1_560' title='bbox 232 4293 484 4353; x_wconf 58' lang='lat' dir='ltr'><strong>instituta,</strong></span> <span class='ocrx_word' id='word_1_561' title='bbox 523 4301 573 4343; x_wconf 89' lang='lat' dir='ltr'><strong>et</strong></span> <span class='ocrx_word' id='word_1_562' title='bbox 610 4307 636 4341; x_wconf 93' lang='lat' dir='ltr'><strong>a</strong></span> <span class='ocrx_word' id='word_1_563' title='bbox 671 4291 924 4344; x_wconf 85' lang='lat' dir='ltr'><strong>Bonifacio</strong></span> <span class='ocrx_word' id='word_1_564' title='bbox 966 4290 1031 4342; x_wconf 71' lang='grc' dir='ltr'>ιχ</span> <span class='ocrx_word' id='word_1_565' title='bbox 1073 4296 1370 4344; x_wconf 84' lang='lat' dir='ltr'><strong>confirmata</strong></span> <span class='ocrx_word' id='word_1_566' title='bbox 1410 4302 1463 4343; x_wconf 90' lang='lat' dir='ltr'><strong>et</strong></span> <span class='ocrx_word' id='word_1_567' title='bbox 1502 4296 1753 4357; x_wconf 72' lang='lat' dir='ltr'><strong>publicata</strong></span> 
     </span>
    </p>
   </div>
   <div class='ocr_carea' id='block_1_82' title="bbox 227 4369 331 4412">
    <p class='ocr_par' dir='ltr' id='par_1_82' title="bbox 227 4369 331 4412">
     <span class='ocr_line' id='line_1_82' title="bbox 227 4369 331 4412; baseline -0.019 -1"><span class='ocrx_word' id='word_1_568' title='bbox 227 4369 331 4412; x_wconf 82' lang='lat' dir='ltr'><strong>est.</strong></span> 
     </span>
    </p>
   </div>
   <div class='ocr_carea' id='block_1_83' title="bbox 308 4425 1756 4494">
    <p class='ocr_par' dir='ltr' id='par_1_83' title="bbox 308 4425 1756 4494">
     <span class='ocr_line' id='line_1_83' title="bbox 308 4425 1756 4494; baseline 0.001 -17"><span class='ocrx_word' id='word_1_569' title='bbox 308 4438 329 4465; x_wconf 75' lang='grc' dir='ltr'><strong><em>ο</em></strong></span> <span class='ocrx_word' id='word_1_570' title='bbox 365 4425 573 4477; x_wconf 77' lang='lat' dir='ltr'><strong>Edessa.</strong></span> <span class='ocrx_word' id='word_1_571' title='bbox 616 4428 667 4478; x_wconf 93' lang='lat' dir='ltr'><strong>ln</strong></span> <span class='ocrx_word' id='word_1_572' title='bbox 708 4441 804 4492; x_wconf 85' lang='lat' dir='ltr'><strong>qua</strong></span> <span class='ocrx_word' id='word_1_573' title='bbox 845 4426 1348 4494; x_wconf 67' lang='lat' dir='ltr'><strong>civitate,egreginm</strong></span> <span class='ocrx_word' id='word_1_574' title='bbox 1392 4429 1632 4492; x_wconf 87' lang='lat' dir='ltr'><strong>templum</strong></span> <span class='ocrx_word' id='word_1_575' title='bbox 1678 4437 1756 4479; x_wconf 79' lang='lat' dir='ltr'><strong>est</strong></span> 
     </span>
    </p>
   </div>
   <div class='ocr_carea' id='block_1_84' title="bbox 232 4494 1756 4561">
    <p class='ocr_par' dir='ltr' id='par_1_84' title="bbox 232 4494 1756 4561">
     <span class='ocr_line' id='line_1_84' title="bbox 232 4494 1756 4561; baseline -0.001 -14"><span class='ocrx_word' id='word_1_576' title='bbox 232 4494 291 4548; x_wconf 87' lang='lat' dir='ltr'><strong>S.</strong></span> <span class='ocrx_word' id='word_1_577' title='bbox 318 4494 531 4545; x_wconf 78' lang='lat' dir='ltr'><strong>Thema:</strong></span> <span class='ocrx_word' id='word_1_578' title='bbox 570 4495 816 4555; x_wconf 89' lang='lat' dir='ltr'><strong>dicatum,</strong></span> <span class='ocrx_word' id='word_1_579' title='bbox 859 4498 1138 4561; x_wconf 85' lang='lat' dir='ltr'><strong>crebraque</strong></span> <span class='ocrx_word' id='word_1_580' title='bbox 1182 4497 1443 4545; x_wconf 53' lang='lat' dir='ltr'><strong>hominum</strong></span> <span class='ocrx_word' id='word_1_581' title='bbox 1487 4497 1756 4546; x_wconf 88' lang='lat' dir='ltr'><strong>tnultitudo</strong></span> 
     </span>
    </p>
   </div>
   <div class='ocr_carea' id='block_1_85' title="bbox 236 4563 1755 4627">
    <p class='ocr_par' dir='ltr' id='par_1_85' title="bbox 236 4563 1755 4627">
     <span class='ocr_line' id='line_1_85' title="bbox 236 4563 1755 4627; baseline -0.001 -13"><span class='ocrx_word' id='word_1_582' title='bbox 236 4574 302 4614; x_wconf 81' lang='lat' dir='ltr'><strong>eo</strong></span> <span class='ocrx_word' id='word_1_583' title='bbox 343 4572 549 4626; x_wconf 91' lang='lat' dir='ltr'><strong>propter</strong></span> <span class='ocrx_word' id='word_1_584' title='bbox 591 4563 685 4612; x_wconf 88' lang='lat' dir='ltr'><strong>loci</strong></span> <span class='ocrx_word' id='word_1_585' title='bbox 726 4568 1045 4614; x_wconf 72' lang='lat' dir='ltr'><strong>sanctitatem</strong></span> <span class='ocrx_word' id='word_1_586' title='bbox 1092 4563 1353 4614; x_wconf 76' lang='lat' dir='ltr'><strong>confluxit.</strong></span> <span class='ocrx_word' id='word_1_587' title='bbox 1404 4566 1641 4615; x_wconf 74' lang='lat' dir='ltr'><strong>Socrates</strong></span> <span class='ocrx_word' id='word_1_588' title='bbox 1687 4578 1755 4627; x_wconf 82' lang='lat' dir='ltr'><strong>iv,</strong></span> 
     </span>
    </p>
   </div>
   <div class='ocr_carea' id='block_1_86' title="bbox 242 4628 1686 4694">
    <p class='ocr_par' dir='ltr' id='par_1_86' title="bbox 242 4628 1686 4694">
     <span class='ocr_line' id='line_1_86' title="bbox 242 4628 1686 4694; baseline -0.001 -14"><span class='ocrx_word' id='word_1_589' title='bbox 242 4635 329 4687; x_wconf 73' lang='lat' dir='ltr'><strong>M,</strong></span> <span class='ocrx_word' id='word_1_590' title='bbox 361 4628 567 4679; x_wconf 78' lang='lat' dir='ltr'><strong>Sozom.</strong></span> <span class='ocrx_word' id='word_1_591' title='bbox 597 4644 666 4688; x_wconf 74' lang='lat' dir='ltr'><strong>Vl,</strong></span> <span class='ocrx_word' id='word_1_592' title='bbox 703 4628 783 4678; x_wconf 69' lang='lat' dir='ltr'><strong>ili.</strong></span> <span class='ocrx_word' id='word_1_593' title='bbox 824 4630 944 4680; x_wconf 77' lang='lat' dir='ltr'><strong>Vide</strong></span> <span class='ocrx_word' id='word_1_594' title='bbox 982 4630 1112 4680; x_wconf 87' lang='lat' dir='ltr'><strong>infra</strong></span> <span class='ocrx_word' id='word_1_595' title='bbox 1141 4630 1253 4694; x_wconf 89' lang='lat' dir='ltr'><strong>ejus</strong></span> <span class='ocrx_word' id='word_1_596' title='bbox 1284 4630 1415 4680; x_wconf 88' lang='lat' dir='ltr'><strong>diem</strong></span> <span class='ocrx_word' id='word_1_597' title='bbox 1448 4632 1686 4681; x_wconf 59' lang='lat' dir='ltr'><strong>natalem.</strong></span> 
     </span>
    </p>
   </div>
   <div class='ocr_carea' id='block_1_87' title="bbox 313 4695 1756 4762">
    <p class='ocr_par' dir='ltr' id='par_1_87' title="bbox 313 4695 1756 4762">
     <span class='ocr_line' id='line_1_87' title="bbox 313 4695 1756 4762; baseline -0.001 -16"><span class='ocrx_word' id='word_1_598' title='bbox 313 4697 339 4734; x_wconf 72' lang='grc' dir='ltr'><strong>εἰ</strong></span> <span class='ocrx_word' id='word_1_599' title='bbox 372 4695 593 4746; x_wconf 73' lang='lat' dir='ltr'><strong>Martini.</strong></span> <span class='ocrx_word' id='word_1_600' title='bbox 634 4695 781 4746; x_wconf 81' lang='lat' dir='ltr'><strong>Juxta</strong></span> <span class='ocrx_word' id='word_1_601' title='bbox 815 4695 966 4762; x_wconf 74' lang='lat' dir='ltr'><strong>(ireg.</strong></span> <span class='ocrx_word' id='word_1_602' title='bbox 997 4698 1191 4747; x_wconf 86' lang='lat' dir='ltr'><strong>Turon.</strong></span> <span class='ocrx_word' id='word_1_603' title='bbox 1225 4697 1352 4747; x_wconf 87' lang='lat' dir='ltr'><strong>Ilist.</strong></span> <span class='ocrx_word' id='word_1_604' title='bbox 1389 4712 1435 4754; x_wconf 69' lang='grc' dir='ltr'><strong>ι,</strong></span> <span class='ocrx_word' id='word_1_605' title='bbox 1467 4698 1549 4748; x_wconf 80' lang='grc'><strong>51.</strong></span> <span class='ocrx_word' id='word_1_606' title='bbox 1584 4698 1756 4748; x_wconf 83' lang='lat' dir='ltr'><strong>Marti-</strong></span> 
     </span>
    </p>
   </div>
   <div class='ocr_carea' id='block_1_88' title="bbox 238 4762 1759 4827">
    <p class='ocr_par' dir='ltr' id='par_1_88' title="bbox 238 4762 1759 4827">
     <span class='ocr_line' id='line_1_88' title="bbox 238 4762 1759 4827; baseline 0.001 -12"><span class='ocrx_word' id='word_1_607' title='bbox 238 4778 338 4816; x_wconf 86' lang='lat' dir='ltr'><strong>nus</strong></span> <span class='ocrx_word' id='word_1_608' title='bbox 376 4764 509 4815; x_wconf 82' lang='lat' dir='ltr'><strong>sedit</strong></span> <span class='ocrx_word' id='word_1_609' title='bbox 546 4778 707 4815; x_wconf 82' lang='lat' dir='ltr'><strong>annos</strong></span> <span class='ocrx_word' id='word_1_610' title='bbox 745 4762 833 4821; x_wconf 63' lang='lat'><strong>26,</strong></span> <span class='ocrx_word' id='word_1_611' title='bbox 868 4778 1069 4815; x_wconf 89' lang='lat' dir='ltr'><strong>menses</strong></span> <span class='ocrx_word' id='word_1_612' title='bbox 1098 4763 1149 4822; x_wconf 80' lang='grc'><strong>4,</strong></span> <span class='ocrx_word' id='word_1_613' title='bbox 1180 4764 1289 4813; x_wconf 69' lang='lat' dir='ltr'><strong>dies</strong></span> <span class='ocrx_word' id='word_1_614' title='bbox 1318 4765 1402 4814; x_wconf 68' lang='lat'><strong>27.</strong></span> <span class='ocrx_word' id='word_1_615' title='bbox 1453 4765 1577 4813; x_wconf 80' lang='lat' dir='ltr'><strong>Cum</strong></span> <span class='ocrx_word' id='word_1_616' title='bbox 1610 4766 1759 4827; x_wconf 70' lang='lat' dir='ltr'><strong>igitur</strong></span> 
     </span>
    </p>
   </div>
   <div class='ocr_carea' id='block_1_89' title="bbox 244 4830 1760 4894">
    <p class='ocr_par' dir='ltr' id='par_1_89' title="bbox 244 4830 1760 4894">
     <span class='ocr_line' id='line_1_89' title="bbox 244 4830 1760 4894; baseline -0.001 -12"><span class='ocrx_word' id='word_1_617' title='bbox 244 4834 301 4883; x_wconf 81' lang='lat' dir='ltr'><strong>S.</strong></span> <span class='ocrx_word' id='word_1_618' title='bbox 330 4833 571 4881; x_wconf 79' lang='lat' dir='ltr'><strong>Martinus</strong></span> <span class='ocrx_word' id='word_1_619' title='bbox 599 4832 681 4882; x_wconf 89' lang='lat' dir='ltr'><strong>die</strong></span> <span class='ocrx_word' id='word_1_620' title='bbox 709 4846 759 4883; x_wconf 76' lang='grc' dir='ltr'><strong>ιι</strong></span> <span class='ocrx_word' id='word_1_621' title='bbox 789 4832 1035 4882; x_wconf 73' lang='lat' dir='ltr'><strong>Novemb.</strong></span> <span class='ocrx_word' id='word_1_622' title='bbox 1067 4831 1167 4881; x_wconf 65' lang='grc' dir='ltr'><strong>4υο</strong></span> <span class='ocrx_word' id='word_1_623' title='bbox 1195 4832 1423 4894; x_wconf 62' lang='grc' dir='ltr'><strong>μνίτιιυιιι</strong></span> <span class='ocrx_word' id='word_1_624' title='bbox 1457 4830 1560 4881; x_wconf 91' lang='lat' dir='ltr'><strong>Deo</strong></span> <span class='ocrx_word' id='word_1_625' title='bbox 1591 4834 1760 4882; x_wconf 85' lang='lat' dir='ltr'><strong>reddi-</strong></span> 
     </span>
    </p>
   </div>
   <div class='ocr_carea' id='block_1_90' title="bbox 244 4898 1757 4962">
    <p class='ocr_par' dir='ltr' id='par_1_90' title="bbox 244 4898 1757 4962">
     <span class='ocr_line' id='line_1_90' title="bbox 244 4898 1757 4962; baseline 0.001 -13"><span class='ocrx_word' id='word_1_626' title='bbox 244 4901 399 4958; x_wconf 77' lang='lat' dir='ltr'><strong>derit,</strong></span> <span class='ocrx_word' id='word_1_627' title='bbox 428 4898 752 4949; x_wconf 87' lang='lat' dir='ltr'><strong>manifestum</strong></span> <span class='ocrx_word' id='word_1_628' title='bbox 780 4908 857 4949; x_wconf 87' lang='lat' dir='ltr'><strong>est</strong></span> <span class='ocrx_word' id='word_1_629' title='bbox 882 4900 991 4962; x_wconf 86' lang='lat' dir='ltr'><strong>ejus</strong></span> <span class='ocrx_word' id='word_1_630' title='bbox 1018 4898 1387 4949; x_wconf 67' lang='lat' dir='ltr'><strong>ordinationem</strong></span> <span class='ocrx_word' id='word_1_631' title='bbox 1420 4914 1606 4949; x_wconf 84' lang='lat' dir='ltr'><strong>annum</strong></span> <span class='ocrx_word' id='word_1_632' title='bbox 1636 4902 1757 4961; x_wconf 67' lang='lat' dir='ltr'><strong>5H,</strong></span> 
     </span>
    </p>
   </div>
   <div class='ocr_carea' id='block_1_91' title="bbox 239 4965 1759 5031">
    <p class='ocr_par' dir='ltr' id='par_1_91' title="bbox 239 4965 1759 5031">
     <span class='ocr_line' id='line_1_91' title="bbox 239 4965 1759 5031; baseline 0 -14"><span class='ocrx_word' id='word_1_633' title='bbox 239 4965 482 5031; x_wconf 86' lang='lat' dir='ltr'><strong>diemque</strong></span> <span class='ocrx_word' id='word_1_634' title='bbox 508 4979 572 5015; x_wconf 81' lang='lat' dir='ltr'><strong>xv</strong></span> <span class='ocrx_word' id='word_1_635' title='bbox 601 4965 789 5015; x_wconf 85' lang='lat' dir='ltr'><strong>mensis</strong></span> <span class='ocrx_word' id='word_1_636' title='bbox 814 4966 969 5027; x_wconf 84' lang='lat' dir='ltr'><strong>Junii,</strong></span> <span class='ocrx_word' id='word_1_637' title='bbox 1000 4969 1080 5030; x_wconf 87' lang='lat' dir='ltr'><strong>qui</strong></span> <span class='ocrx_word' id='word_1_638' title='bbox 1118 4965 1440 5016; x_wconf 71' lang='lat' dir='ltr'><strong>Dotnitiicalii</strong></span> <span class='ocrx_word' id='word_1_639' title='bbox 1468 4977 1597 5028; x_wconf 86' lang='lat' dir='ltr'><strong>erat,</strong></span> <span class='ocrx_word' id='word_1_640' title='bbox 1634 4968 1759 5017; x_wconf 81' lang='lat' dir='ltr'><strong>inri-</strong></span> 
     </span>
    </p>
   </div>
   <div class='ocr_carea' id='block_1_92' title="bbox 241 5032 1759 5095">
    <p class='ocr_par' dir='ltr' id='par_1_92' title="bbox 241 5032 1759 5095">
     <span class='ocr_line' id='line_1_92' title="bbox 241 5032 1759 5095; baseline 0 -12"><span class='ocrx_word' id='word_1_641' title='bbox 241 5034 402 5084; x_wconf 82' lang='lat' dir='ltr'><strong>disse.</strong></span> <span class='ocrx_word' id='word_1_642' title='bbox 456 5032 755 5084; x_wconf 66' lang='lat' dir='ltr'><strong>Celebrator</strong></span> <span class='ocrx_word' id='word_1_643' title='bbox 801 5036 1002 5093; x_wconf 74' lang='lat' dir='ltr'><strong>quidrnt</strong></span> <span class='ocrx_word' id='word_1_644' title='bbox 1049 5035 1157 5085; x_wconf 83' lang='lat' dir='ltr'><strong>dies</strong></span> <span class='ocrx_word' id='word_1_645' title='bbox 1202 5035 1311 5095; x_wconf 82' lang='lat' dir='ltr'><strong>ejus</strong></span> <span class='ocrx_word' id='word_1_646' title='bbox 1350 5034 1684 5084; x_wconf 84' lang='lat' dir='ltr'><strong>ordinationis</strong></span> <span class='ocrx_word' id='word_1_647' title='bbox 1712 5050 1759 5085; x_wconf 90' lang='lat' dir='ltr'><strong>tv</strong></span> 
     </span>
    </p>
   </div>
   <div class='ocr_carea' id='block_1_93' title="bbox 240 5100 1758 5161">
    <p class='ocr_par' dir='ltr' id='par_1_93' title="bbox 240 5100 1758 5161">
     <span class='ocr_line' id='line_1_93' title="bbox 240 5100 1758 5161; baseline -0.003 -8"><span class='ocrx_word' id='word_1_648' title='bbox 240 5101 414 5153; x_wconf 77' lang='lat' dir='ltr'><strong>Nonas</strong></span> <span class='ocrx_word' id='word_1_649' title='bbox 439 5100 577 5159; x_wconf 83' lang='lat' dir='ltr'><strong>Julii,</strong></span> <span class='ocrx_word' id='word_1_650' title='bbox 611 5111 660 5149; x_wconf 89' lang='lat' dir='ltr'><strong>ut</strong></span> <span class='ocrx_word' id='word_1_651' title='bbox 692 5108 875 5161; x_wconf 74' lang='lat' dir='ltr'><strong>praeter</strong></span> <span class='ocrx_word' id='word_1_652' title='bbox 905 5102 1253 5152; x_wconf 76' lang='lat' dir='ltr'><strong>&#39;l‘nrouensetn</strong></span> <span class='ocrx_word' id='word_1_653' title='bbox 1298 5112 1358 5161; x_wconf 88' lang='lat' dir='ltr'><strong>ti,</strong></span> <span class='ocrx_word' id='word_1_654' title='bbox 1382 5101 1461 5158; x_wconf 73' lang='grc'><strong>14,</strong></span> <span class='ocrx_word' id='word_1_655' title='bbox 1496 5104 1631 5151; x_wconf 79' lang='lat' dir='ltr'><strong>varia</strong></span> <span class='ocrx_word' id='word_1_656' title='bbox 1664 5104 1758 5149; x_wconf 88' lang='lat' dir='ltr'><strong>do-</strong></span> 
     </span>
    </p>
   </div>
   <div class='ocr_carea' id='block_1_94' title="bbox 237 5167 1756 5234">
    <p class='ocr_par' dir='ltr' id='par_1_94' title="bbox 237 5167 1756 5234">
     <span class='ocr_line' id='line_1_94' title="bbox 237 5167 1756 5234; baseline 0 -14"><span class='ocrx_word' id='word_1_657' title='bbox 237 5177 360 5220; x_wconf 86' lang='lat' dir='ltr'><strong>cent</strong></span> <span class='ocrx_word' id='word_1_658' title='bbox 387 5167 762 5234; x_wconf 83' lang='lat' dir='ltr'><strong>Martyrolugia.</strong></span> <span class='ocrx_word' id='word_1_659' title='bbox 801 5168 981 5217; x_wconf 73' lang='lat' dir='ltr'><strong>Verum</strong></span> <span class='ocrx_word' id='word_1_660' title='bbox 1028 5169 1157 5220; x_wconf 85' lang='lat' dir='ltr'><strong>sicut</strong></span> <span class='ocrx_word' id='word_1_661' title='bbox 1187 5168 1440 5218; x_wconf 84' lang='lat' dir='ltr'><strong>ordinatio</strong></span> <span class='ocrx_word' id='word_1_662' title='bbox 1482 5171 1536 5217; x_wconf 68' lang='grc' dir='ltr'><strong>ὃ.</strong></span> <span class='ocrx_word' id='word_1_663' title='bbox 1566 5169 1756 5231; x_wconf 78' lang='lat' dir='ltr'><strong>Basilii,</strong></span> 
     </span>
    </p>
   </div>
   <div class='ocr_carea' id='block_1_95' title="bbox 237 5234 1759 5299">
    <p class='ocr_par' dir='ltr' id='par_1_95' title="bbox 237 5234 1759 5299">
     <span class='ocr_line' id='line_1_95' title="bbox 237 5234 1759 5299; baseline 0.002 -15"><span class='ocrx_word' id='word_1_664' title='bbox 237 5251 354 5297; x_wconf 70' lang='lat' dir='ltr'><strong>qua:</strong></span> <span class='ocrx_word' id='word_1_665' title='bbox 381 5249 496 5287; x_wconf 80' lang='lat' dir='ltr'><strong>cum</strong></span> <span class='ocrx_word' id='word_1_666' title='bbox 523 5239 605 5286; x_wconf 86' lang='lat' dir='ltr'><strong>die</strong></span> <span class='ocrx_word' id='word_1_667' title='bbox 638 5248 720 5285; x_wconf 76' lang='lat' dir='ltr'><strong>xiv</strong></span> <span class='ocrx_word' id='word_1_668' title='bbox 752 5234 941 5299; x_wconf 76' lang='lat' dir='ltr'><strong>mensis</strong></span> <span class='ocrx_word' id='word_1_669' title='bbox 970 5235 1106 5285; x_wconf 85' lang='lat' dir='ltr'><strong>Junii</strong></span> <span class='ocrx_word' id='word_1_670' title='bbox 1148 5235 1195 5287; x_wconf 93' lang='lat' dir='ltr'><strong>in</strong></span> <span class='ocrx_word' id='word_1_671' title='bbox 1232 5234 1414 5285; x_wconf 87' lang='lat' dir='ltr'><strong>tabulis</strong></span> <span class='ocrx_word' id='word_1_672' title='bbox 1442 5236 1759 5287; x_wconf 85' lang='lat' dir='ltr'><strong>ecclesiasti-</strong></span> 
     </span>
    </p>
   </div>
   <div class='ocr_carea' id='block_1_96' title="bbox 236 5302 1761 5366">
    <p class='ocr_par' dir='ltr' id='par_1_96' title="bbox 236 5302 1761 5366">
     <span class='ocr_line' id='line_1_96' title="bbox 236 5302 1761 5366; baseline 0.002 -14"><span class='ocrx_word' id='word_1_673' title='bbox 236 5304 311 5353; x_wconf 88' lang='lat' dir='ltr'><strong>cis</strong></span> <span class='ocrx_word' id='word_1_674' title='bbox 339 5303 629 5366; x_wconf 85' lang='lat' dir='ltr'><strong>copulatur,</strong></span> <span class='ocrx_word' id='word_1_675' title='bbox 659 5315 724 5353; x_wconf 89' lang='lat' dir='ltr'><strong>eo</strong></span> <span class='ocrx_word' id='word_1_676' title='bbox 752 5302 835 5353; x_wconf 81' lang='lat' dir='ltr'><strong>die</strong></span> <span class='ocrx_word' id='word_1_677' title='bbox 862 5310 1062 5366; x_wconf 80' lang='lat' dir='ltr'><strong>peracta</strong></span> <span class='ocrx_word' id='word_1_678' title='bbox 1107 5318 1203 5354; x_wconf 92' lang='lat' dir='ltr'><strong>non</strong></span> <span class='ocrx_word' id='word_1_679' title='bbox 1238 5311 1334 5363; x_wconf 87' lang='lat' dir='ltr'><strong>est,</strong></span> <span class='ocrx_word' id='word_1_680' title='bbox 1375 5303 1447 5353; x_wconf 87' lang='lat' dir='ltr'><strong>sic</strong></span> <span class='ocrx_word' id='word_1_681' title='bbox 1491 5316 1586 5353; x_wconf 87' lang='lat' dir='ltr'><strong>nec</strong></span> <span class='ocrx_word' id='word_1_682' title='bbox 1631 5304 1761 5355; x_wconf 86' lang='lat' dir='ltr'><strong>ordi-</strong></span> 
     </span>
    </p>
   </div>
   <div class='ocr_carea' id='block_1_97' title="bbox 238 5368 1758 5423">
    <p class='ocr_par' dir='ltr' id='par_1_97' title="bbox 238 5368 1758 5423">
     <span class='ocr_line' id='line_1_97' title="bbox 238 5368 1758 5423; baseline 0.003 -5"><span class='ocrx_word' id='word_1_683' title='bbox 238 5371 383 5419; x_wconf 90' lang='lat' dir='ltr'><strong>natio</strong></span> <span class='ocrx_word' id='word_1_684' title='bbox 410 5370 466 5419; x_wconf 83' lang='lat' dir='ltr'><strong>S.</strong></span> <span class='ocrx_word' id='word_1_685' title='bbox 491 5370 693 5421; x_wconf 83' lang='lat' dir='ltr'><strong>Martini</strong></span> <span class='ocrx_word' id='word_1_686' title='bbox 723 5370 809 5420; x_wconf 88' lang='lat' dir='ltr'><strong>die</strong></span> <span class='ocrx_word' id='word_1_687' title='bbox 860 5384 905 5419; x_wconf 92' lang='lat' dir='ltr'><strong>tv</strong></span> <span class='ocrx_word' id='word_1_688' title='bbox 939 5368 1129 5420; x_wconf 88' lang='lat' dir='ltr'><strong>mensis</strong></span> <span class='ocrx_word' id='word_1_689' title='bbox 1154 5370 1292 5421; x_wconf 88' lang='lat' dir='ltr'><strong>Jttlii.</strong></span> <span class='ocrx_word' id='word_1_690' title='bbox 1326 5370 1563 5421; x_wconf 76' lang='lat' dir='ltr'><strong>Testatur</strong></span> <span class='ocrx_word' id='word_1_691' title='bbox 1589 5380 1758 5423; x_wconf 88' lang='lat' dir='ltr'><strong>autem</strong></span> 
     </span>
    </p>
   </div>
   <div class='ocr_carea' id='block_1_98' title="bbox 236 5435 1760 5503">
    <p class='ocr_par' dir='ltr' id='par_1_98' title="bbox 236 5435 1760 5503">
     <span class='ocr_line' id='line_1_98' title="bbox 236 5435 1760 5503; baseline 0 -15"><span class='ocrx_word' id='word_1_692' title='bbox 236 5435 555 5503; x_wconf 84' lang='lat' dir='ltr'><strong>Turonensis</strong></span> <span class='ocrx_word' id='word_1_693' title='bbox 603 5438 689 5487; x_wconf 90' lang='lat' dir='ltr'><strong>lib.</strong></span> <span class='ocrx_word' id='word_1_694' title='bbox 725 5452 757 5498; x_wconf 90' lang='lat' dir='ltr'><strong>t,</strong></span> <span class='ocrx_word' id='word_1_695' title='bbox 808 5439 870 5487; x_wconf 92' lang='lat' dir='ltr'><strong>de</strong></span> <span class='ocrx_word' id='word_1_696' title='bbox 914 5438 1170 5488; x_wconf 80' lang='lat' dir='ltr'><strong>miraculis</strong></span> <span class='ocrx_word' id='word_1_697' title='bbox 1218 5438 1271 5487; x_wconf 83' lang='lat' dir='ltr'><strong>S.</strong></span> <span class='ocrx_word' id='word_1_698' title='bbox 1303 5436 1505 5488; x_wconf 88' lang='lat' dir='ltr'><strong>Martini</strong></span> <span class='ocrx_word' id='word_1_699' title='bbox 1560 5452 1674 5503; x_wconf 85' lang='lat' dir='ltr'><strong>cap.</strong></span> <span class='ocrx_word' id='word_1_700' title='bbox 1706 5438 1760 5501; x_wconf 86' lang='lat'><strong>6,</strong></span> 
     </span>
    </p>
   </div>
   <div class='ocr_carea' id='block_1_99' title="bbox 235 5501 1761 5569">
    <p class='ocr_par' dir='ltr' id='par_1_99' title="bbox 235 5501 1761 5569">
     <span class='ocr_line' id='line_1_99' title="bbox 235 5501 1761 5569; baseline 0.002 -15"><span class='ocrx_word' id='word_1_701' title='bbox 235 5518 375 5554; x_wconf 87' lang='lat' dir='ltr'><strong>anno</strong></span> <span class='ocrx_word' id='word_1_702' title='bbox 406 5501 491 5563; x_wconf 69' lang='grc'><strong>04,</strong></span> <span class='ocrx_word' id='word_1_703' title='bbox 526 5514 638 5567; x_wconf 90' lang='lat' dir='ltr'><strong>post</strong></span> <span class='ocrx_word' id='word_1_704' title='bbox 685 5507 949 5555; x_wconf 81' lang='lat' dir='ltr'><strong>transitum</strong></span> <span class='ocrx_word' id='word_1_705' title='bbox 994 5504 1049 5555; x_wconf 91' lang='lat' dir='ltr'><strong>S.</strong></span> <span class='ocrx_word' id='word_1_706' title='bbox 1083 5504 1305 5567; x_wconf 82' lang='lat' dir='ltr'><strong>Martini,</strong></span> <span class='ocrx_word' id='word_1_707' title='bbox 1357 5506 1577 5569; x_wconf 80' lang='lat' dir='ltr'><strong>ideoque</strong></span> <span class='ocrx_word' id='word_1_708' title='bbox 1624 5501 1761 5557; x_wconf 85' lang='lat' dir='ltr'><strong>anno</strong></span> 
     </span>
    </p>
   </div>
   <div class='ocr_carea' id='block_1_100' title="bbox 237 5570 1759 5637">
    <p class='ocr_par' dir='ltr' id='par_1_100' title="bbox 237 5570 1759 5637">
     <span class='ocr_line' id='line_1_100' title="bbox 237 5570 1759 5637; baseline 0.003 -17"><span class='ocrx_word' id='word_1_709' title='bbox 237 5572 431 5622; x_wconf 74' lang='lat' dir='ltr'><strong>Christi</strong></span> <span class='ocrx_word' id='word_1_710' title='bbox 455 5573 545 5621; x_wconf 70' lang='lat' dir='ltr'><strong>Mil</strong></span> <span class='ocrx_word' id='word_1_711' title='bbox 581 5571 723 5635; x_wconf 75' lang='lat' dir='ltr'><strong>juxta</strong></span> <span class='ocrx_word' id='word_1_712' title='bbox 758 5570 1165 5633; x_wconf 70' lang='lat' dir='ltr'><strong>supputationem</strong></span> <span class='ocrx_word' id='word_1_713' title='bbox 1196 5570 1450 5637; x_wconf 86' lang='lat' dir='ltr'><strong>Gregorii,</strong></span> <span class='ocrx_word' id='word_1_714' title='bbox 1483 5587 1596 5637; x_wconf 68' lang='lat' dir='ltr'><strong>qua:</strong></span> <span class='ocrx_word' id='word_1_715' title='bbox 1628 5572 1759 5626; x_wconf 88' lang='lat' dir='ltr'><strong>hanc</strong></span> 
     </span>
    </p>
   </div>
   <div class='ocr_carea' id='block_1_101' title="bbox 237 5638 1756 5709">
    <p class='ocr_par' dir='ltr' id='par_1_101' title="bbox 237 5638 1756 5709">
     <span class='ocr_line' id='line_1_101' title="bbox 237 5638 1756 5709; baseline -0.001 -17"><span class='ocrx_word' id='word_1_716' title='bbox 237 5641 491 5709; x_wconf 83' lang='lat' dir='ltr'><strong>cpocltatn</strong></span> <span class='ocrx_word' id='word_1_717' title='bbox 530 5642 594 5690; x_wconf 88' lang='lat' dir='ltr'><strong>ab</strong></span> <span class='ocrx_word' id='word_1_718' title='bbox 638 5655 769 5691; x_wconf 84' lang='lat' dir='ltr'><strong>anno</strong></span> <span class='ocrx_word' id='word_1_719' title='bbox 798 5640 893 5691; x_wconf 80' lang='lat'><strong>597</strong></span> <span class='ocrx_word' id='word_1_720' title='bbox 932 5638 1152 5705; x_wconf 83' lang='lat' dir='ltr'><strong>deducit,</strong></span> <span class='ocrx_word' id='word_1_721' title='bbox 1187 5638 1454 5695; x_wconf 66' lang='lat' dir='ltr'><strong>Turouita:</strong></span> <span class='ocrx_word' id='word_1_722' title='bbox 1493 5640 1631 5697; x_wconf 85' lang='lat' dir='ltr'><strong>sedis</strong></span> <span class='ocrx_word' id='word_1_723' title='bbox 1668 5666 1756 5707; x_wconf 69' lang='lat' dir='ltr'><strong>ca.</strong></span> 
     </span>
    </p>
   </div>
   <div class='ocr_carea' id='block_1_102' title="bbox 1863 3486 3383 3555">
    <p class='ocr_par' dir='ltr' id='par_1_102' title="bbox 1863 3486 3383 3555">
     <span class='ocr_line' id='line_1_102' title="bbox 1863 3486 3383 3555; baseline 0.011 -20"><span class='ocrx_word' id='word_1_724' title='bbox 1863 3486 2096 3538; x_wconf 88' lang='lat' dir='ltr'><strong>thedram</strong></span> <span class='ocrx_word' id='word_1_725' title='bbox 2132 3486 2431 3553; x_wconf 86' lang='lat' dir='ltr'><strong>Perpetuum</strong></span> <span class='ocrx_word' id='word_1_726' title='bbox 2480 3491 2716 3542; x_wconf 88' lang='lat' dir='ltr'><strong>sortitum</strong></span> <span class='ocrx_word' id='word_1_727' title='bbox 2765 3503 2897 3551; x_wconf 88' lang='lat' dir='ltr'><strong>esse,</strong></span> <span class='ocrx_word' id='word_1_728' title='bbox 2947 3500 2996 3542; x_wconf 88' lang='lat' dir='ltr'><strong>et</strong></span> <span class='ocrx_word' id='word_1_729' title='bbox 3044 3491 3287 3555; x_wconf 80' lang='lat' dir='ltr'><strong>reliquias</strong></span> <span class='ocrx_word' id='word_1_730' title='bbox 3323 3495 3383 3550; x_wconf 83' lang='lat'><strong>8.</strong></span> 
     </span>
    </p>
   </div>
   <div class='ocr_carea' id='block_1_103' title="bbox 1866 3554 3391 3625">
    <p class='ocr_par' dir='ltr' id='par_1_103' title="bbox 1866 3554 3391 3625">
     <span class='ocr_line' id='line_1_103' title="bbox 1866 3554 3391 3625; baseline 0.007 -20"><span class='ocrx_word' id='word_1_731' title='bbox 1866 3554 2071 3605; x_wconf 86' lang='lat' dir='ltr'><strong>Martini</strong></span> <span class='ocrx_word' id='word_1_732' title='bbox 2122 3556 2170 3606; x_wconf 87' lang='lat' dir='ltr'><strong>iit</strong></span> <span class='ocrx_word' id='word_1_733' title='bbox 2220 3558 2455 3622; x_wconf 88' lang='lat' dir='ltr'><strong>ampliori</strong></span> <span class='ocrx_word' id='word_1_734' title='bbox 2509 3562 2723 3623; x_wconf 82' lang='lat' dir='ltr'><strong>templo,</strong></span> <span class='ocrx_word' id='word_1_735' title='bbox 2754 3573 2904 3625; x_wconf 88' lang='lat' dir='ltr'><strong>quam</strong></span> <span class='ocrx_word' id='word_1_736' title='bbox 2953 3560 2999 3609; x_wconf 89' lang='lat' dir='ltr'><strong>id</strong></span> <span class='ocrx_word' id='word_1_737' title='bbox 3027 3554 3165 3622; x_wconf 84' lang='lat' dir='ltr'><strong>quod</strong></span> <span class='ocrx_word' id='word_1_738' title='bbox 3196 3562 3391 3618; x_wconf 81' lang='lat' dir='ltr'><strong>Bricius</strong></span> 
     </span>
    </p>
   </div>
   <div class='ocr_carea' id='block_1_104' title="bbox 1863 3624 3385 3695">
    <p class='ocr_par' dir='ltr' id='par_1_104' title="bbox 1863 3624 3385 3695">
     <span class='ocr_line' id='line_1_104' title="bbox 1863 3624 3385 3695; baseline 0.008 -24"><span class='ocrx_word' id='word_1_739' title='bbox 1863 3625 2512 3695; x_wconf 52' lang='lat' dir='ltr'><strong>construxerat,honorari</strong></span> <span class='ocrx_word' id='word_1_740' title='bbox 2534 3624 2789 3695; x_wconf 69' lang='lat' dir='ltr'><strong>voluisse.</strong></span> <span class='ocrx_word' id='word_1_741' title='bbox 2824 3624 3091 3695; x_wconf 62' lang='lat' dir='ltr'><strong>Basilicam</strong></span> <span class='ocrx_word' id='word_1_742' title='bbox 3136 3628 3304 3695; x_wconf 82' lang='lat' dir='ltr'><strong>itaque</strong></span> <span class='ocrx_word' id='word_1_743' title='bbox 3335 3632 3385 3683; x_wconf 89' lang='lat' dir='ltr'><strong>in</strong></span> 
     </span>
    </p>
   </div>
   <div class='ocr_carea' id='block_1_105' title="bbox 1864 3688 3388 3760">
    <p class='ocr_par' dir='ltr' id='par_1_105' title="bbox 1864 3688 3388 3760">
     <span class='ocr_line' id='line_1_105' title="bbox 1864 3688 3388 3760; baseline 0.006 -23"><span class='ocrx_word' id='word_1_744' title='bbox 1864 3688 2110 3760; x_wconf 79' lang='lat' dir='ltr'><strong>honorem</strong></span> <span class='ocrx_word' id='word_1_745' title='bbox 2152 3690 2209 3742; x_wconf 89' lang='lat' dir='ltr'><strong>S.</strong></span> <span class='ocrx_word' id='word_1_746' title='bbox 2242 3692 2437 3740; x_wconf 86' lang='lat' dir='ltr'><strong>Martini</strong></span> <span class='ocrx_word' id='word_1_747' title='bbox 2470 3692 2764 3752; x_wconf 59' lang='lat' dir='ltr'><strong>adificavii,</strong></span> <span class='ocrx_word' id='word_1_748' title='bbox 2794 3703 2844 3744; x_wconf 85' lang='lat' dir='ltr'><strong>et</strong></span> <span class='ocrx_word' id='word_1_749' title='bbox 2877 3694 3073 3744; x_wconf 86' lang='lat' dir='ltr'><strong>vicinos</strong></span> <span class='ocrx_word' id='word_1_750' title='bbox 3118 3688 3388 3760; x_wconf 63' lang='lat' dir='ltr'><strong>episcopos</strong></span> 
     </span>
    </p>
   </div>
   <div class='ocr_carea' id='block_1_106' title="bbox 1862 3756 3389 3819">
    <p class='ocr_par' dir='ltr' id='par_1_106' title="bbox 1862 3756 3389 3819">
     <span class='ocr_line' id='line_1_106' title="bbox 1862 3756 3389 3819; baseline 0.008 -15"><span class='ocrx_word' id='word_1_751' title='bbox 1862 3770 1922 3806; x_wconf 88' lang='lat' dir='ltr'><strong>ac</strong></span> <span class='ocrx_word' id='word_1_752' title='bbox 1946 3756 2156 3807; x_wconf 88' lang='lat' dir='ltr'><strong>abhatcs</strong></span> <span class='ocrx_word' id='word_1_753' title='bbox 2204 3762 2526 3819; x_wconf 88' lang='lat' dir='ltr'><strong>convocavit,</strong></span> <span class='ocrx_word' id='word_1_754' title='bbox 2558 3769 2610 3809; x_wconf 94' lang='lat' dir='ltr'><strong>ut</strong></span> <span class='ocrx_word' id='word_1_755' title='bbox 2646 3775 2757 3811; x_wconf 77' lang='lat' dir='ltr'><strong>eam</strong></span> <span class='ocrx_word' id='word_1_756' title='bbox 2807 3762 2854 3811; x_wconf 87' lang='lat' dir='ltr'><strong>iit</strong></span> <span class='ocrx_word' id='word_1_757' title='bbox 2885 3760 3122 3812; x_wconf 76' lang='lat' dir='ltr'><strong>Kalendis</strong></span> <span class='ocrx_word' id='word_1_758' title='bbox 3151 3756 3271 3814; x_wconf 88' lang='lat' dir='ltr'><strong>Julii</strong></span> <span class='ocrx_word' id='word_1_759' title='bbox 3296 3756 3389 3816; x_wconf 80' lang='lat' dir='ltr'><strong>de-</strong></span> 
     </span>
    </p>
   </div>
   <div class='ocr_carea' id='block_1_107' title="bbox 1862 3823 3384 3894">
    <p class='ocr_par' dir='ltr' id='par_1_107' title="bbox 1862 3823 3384 3894">
     <span class='ocr_line' id='line_1_107' title="bbox 1862 3823 3384 3894; baseline 0.007 -21"><span class='ocrx_word' id='word_1_760' title='bbox 1862 3823 2154 3894; x_wconf 86' lang='lat' dir='ltr'><strong>dicaret,_et</strong></span> <span class='ocrx_word' id='word_1_761' title='bbox 2184 3824 2233 3874; x_wconf 93' lang='lat' dir='ltr'><strong>in</strong></span> <span class='ocrx_word' id='word_1_762' title='bbox 2265 3826 2497 3877; x_wconf 81' lang='lat' dir='ltr'><strong>eamdem</strong></span> <span class='ocrx_word' id='word_1_763' title='bbox 2528 3826 2583 3879; x_wconf 89' lang='lat' dir='ltr'><strong>S.</strong></span> <span class='ocrx_word' id='word_1_764' title='bbox 2610 3827 2806 3879; x_wconf 78' lang='lat' dir='ltr'><strong>Martini</strong></span> <span class='ocrx_word' id='word_1_765' title='bbox 2860 3829 3099 3894; x_wconf 81' lang='lat' dir='ltr'><strong>reliquias</strong></span> <span class='ocrx_word' id='word_1_766' title='bbox 3139 3832 3384 3885; x_wconf 77' lang='lat' dir='ltr'><strong>transfer-</strong></span> 
     </span>
    </p>
   </div>
   <div class='ocr_carea' id='block_1_108' title="bbox 1862 3891 3387 3961">
    <p class='ocr_par' dir='ltr' id='par_1_108' title="bbox 1862 3891 3387 3961">
     <span class='ocr_line' id='line_1_108' title="bbox 1862 3891 3387 3961; baseline 0.008 -21"><span class='ocrx_word' id='word_1_767' title='bbox 1862 3902 1970 3952; x_wconf 88' lang='lat' dir='ltr'><strong>ret;</strong></span> <span class='ocrx_word' id='word_1_768' title='bbox 2002 3891 2090 3961; x_wconf 76' lang='lat' dir='ltr'><strong>sed</strong></span> <span class='ocrx_word' id='word_1_769' title='bbox 2130 3905 2245 3961; x_wconf 83' lang='lat' dir='ltr'><strong>cum</strong></span> <span class='ocrx_word' id='word_1_770' title='bbox 2282 3902 2415 3961; x_wconf 87' lang='lat' dir='ltr'><strong>terra</strong></span> <span class='ocrx_word' id='word_1_771' title='bbox 2471 3910 2488 3941; x_wconf 84' lang='lat' dir='ltr'><strong>t</strong></span> <span class='ocrx_word' id='word_1_772' title='bbox 2526 3910 2639 3960; x_wconf 77' lang='lat' dir='ltr'><strong>qurc</strong></span> <span class='ocrx_word' id='word_1_773' title='bbox 2679 3910 2833 3961; x_wconf 85' lang='lat' dir='ltr'><strong>super</strong></span> <span class='ocrx_word' id='word_1_774' title='bbox 2890 3891 3119 3948; x_wconf 82' lang='lat' dir='ltr'><strong>sanctum</strong></span> <span class='ocrx_word' id='word_1_775' title='bbox 3160 3910 3267 3950; x_wconf 73' lang='lat' dir='ltr'><strong>erat</strong></span> <span class='ocrx_word' id='word_1_776' title='bbox 3308 3909 3387 3952; x_wconf 82' lang='lat' dir='ltr'><strong>tu-</strong></span> 
     </span>
    </p>
   </div>
   <div class='ocr_carea' id='block_1_109' title="bbox 1867 3959 3383 4027">
    <p class='ocr_par' dir='ltr' id='par_1_109' title="bbox 1867 3959 3383 4027">
     <span class='ocr_line' id='line_1_109' title="bbox 1867 3959 3383 4027; baseline 0.011 -22"><span class='ocrx_word' id='word_1_777' title='bbox 1867 3975 1883 4004; x_wconf 74' lang='lat' dir='ltr'><strong>r</strong></span> <span class='ocrx_word' id='word_1_778' title='bbox 1931 3959 2124 4009; x_wconf 88' lang='lat' dir='ltr'><strong>mulum</strong></span> <span class='ocrx_word' id='word_1_779' title='bbox 2150 3960 2299 4011; x_wconf 74' lang='lat' dir='ltr'><strong>effodi</strong></span> <span class='ocrx_word' id='word_1_780' title='bbox 2331 3974 2429 4011; x_wconf 90' lang='lat' dir='ltr'><strong>non</strong></span> <span class='ocrx_word' id='word_1_781' title='bbox 2459 3959 2649 4023; x_wconf 84' lang='lat' dir='ltr'><strong>posset,</strong></span> <span class='ocrx_word' id='word_1_782' title='bbox 2672 3959 2793 4014; x_wconf 80' lang='lat' dir='ltr'><strong>dicit</strong></span> <span class='ocrx_word' id='word_1_783' title='bbox 2823 3964 2867 4015; x_wconf 90' lang='lat' dir='ltr'><strong>ei</strong></span> <span class='ocrx_word' id='word_1_784' title='bbox 2902 3980 3028 4015; x_wconf 85' lang='lat' dir='ltr'><strong>unus</strong></span> <span class='ocrx_word' id='word_1_785' title='bbox 3058 3979 3119 4015; x_wconf 80' lang='lat' dir='ltr'><strong>ex</strong></span> <span class='ocrx_word' id='word_1_786' title='bbox 3150 3966 3383 4027; x_wconf 86' lang='lat' dir='ltr'><strong>Clericis.</strong></span> 
     </span>
    </p>
   </div>
   <div class='ocr_carea' id='block_1_110' title="bbox 1866 4028 3380 4096">
    <p class='ocr_par' dir='ltr' id='par_1_110' title="bbox 1866 4028 3380 4096">
     <span class='ocr_line' id='line_1_110' title="bbox 1866 4028 3380 4096; baseline 0.011 -25"><span class='ocrx_word' id='word_1_787' title='bbox 1866 4041 1882 4071; x_wconf 78' lang='grc' dir='ltr'>ι</span> <span class='ocrx_word' id='word_1_788' title='bbox 1929 4028 2121 4096; x_wconf 78' lang='lat' dir='ltr'><strong>sciatis,</strong></span> <span class='ocrx_word' id='word_1_789' title='bbox 2152 4028 2266 4088; x_wconf 86' lang='lat' dir='ltr'><strong>quia</strong></span> <span class='ocrx_word' id='word_1_790' title='bbox 2301 4037 2414 4091; x_wconf 84' lang='lat' dir='ltr'><strong>post</strong></span> <span class='ocrx_word' id='word_1_791' title='bbox 2443 4034 2537 4080; x_wconf 89' lang='lat' dir='ltr'><strong>hoc</strong></span> <span class='ocrx_word' id='word_1_792' title='bbox 2569 4029 2788 4080; x_wconf 87' lang='lat' dir='ltr'><strong>triduum</strong></span> <span class='ocrx_word' id='word_1_793' title='bbox 2823 4032 3017 4081; x_wconf 71' lang='lat' dir='ltr'><strong>natalis</strong></span> <span class='ocrx_word' id='word_1_794' title='bbox 3038 4033 3380 4096; x_wconf 78' lang='lat' dir='ltr'><strong>Episcopatus</strong></span> 
     </span>
    </p>
   </div>
   <div class='ocr_carea' id='block_1_111' title="bbox 1865 4092 3384 4157">
    <p class='ocr_par' dir='ltr' id='par_1_111' title="bbox 1865 4092 3384 4157">
     <span class='ocr_line' id='line_1_111' title="bbox 1865 4092 3384 4157; baseline 0.01 -18"><span class='ocrx_word' id='word_1_795' title='bbox 1865 4110 1883 4139; x_wconf 75' lang='grc' dir='ltr'>ι</span> <span class='ocrx_word' id='word_1_796' title='bbox 1927 4092 2037 4157; x_wconf 82' lang='lat' dir='ltr'><strong>ejus</strong></span> <span class='ocrx_word' id='word_1_797' title='bbox 2074 4107 2189 4144; x_wconf 74' lang='lat' dir='ltr'><strong>esse</strong></span> <span class='ocrx_word' id='word_1_798' title='bbox 2230 4104 2589 4153; x_wconf 84' lang='lat' dir='ltr'><strong>consueverat,</strong></span> <span class='ocrx_word' id='word_1_799' title='bbox 2636 4107 2686 4147; x_wconf 83' lang='lat' dir='ltr'><strong>ct</strong></span> <span class='ocrx_word' id='word_1_800' title='bbox 2730 4098 2935 4148; x_wconf 81' lang='lat' dir='ltr'><strong>forsitan</strong></span> <span class='ocrx_word' id='word_1_801' title='bbox 2987 4100 3034 4148; x_wconf 91' lang='lat' dir='ltr'><strong>iu</strong></span> <span class='ocrx_word' id='word_1_802' title='bbox 3078 4092 3169 4150; x_wconf 72' lang='lat' dir='ltr'><strong>hac</strong></span> <span class='ocrx_word' id='word_1_803' title='bbox 3208 4092 3289 4151; x_wconf 85' lang='lat' dir='ltr'><strong>die</strong></span> <span class='ocrx_word' id='word_1_804' title='bbox 3329 4117 3384 4154; x_wconf 80' lang='lat' dir='ltr'><strong>se</strong></span> 
     </span>
    </p>
   </div>
   <div class='ocr_carea' id='block_1_112' title="bbox 1862 4159 3377 4224">
    <p class='ocr_par' dir='ltr' id='par_1_112' title="bbox 1862 4159 3377 4224">
     <span class='ocr_line' id='line_1_112' title="bbox 1862 4159 3377 4224; baseline 0.007 -17"><span class='ocrx_word' id='word_1_805' title='bbox 1862 4175 1879 4207; x_wconf 71' lang='grc' dir='ltr'>ι</span> <span class='ocrx_word' id='word_1_806' title='bbox 1930 4159 2186 4209; x_wconf 86' lang='lat' dir='ltr'><strong>transferri</strong></span> <span class='ocrx_word' id='word_1_807' title='bbox 2227 4161 2416 4213; x_wconf 72' lang='lat' dir='ltr'><strong>debere</strong></span> <span class='ocrx_word' id='word_1_808' title='bbox 2443 4177 2531 4213; x_wconf 89' lang='lat' dir='ltr'><strong>vos</strong></span> <span class='ocrx_word' id='word_1_809' title='bbox 2573 4165 2833 4224; x_wconf 83' lang='lat' dir='ltr'><strong>admonet,</strong></span> <span class='ocrx_word' id='word_1_810' title='bbox 2874 4182 2891 4213; x_wconf 71' lang='grc' dir='ltr'><strong><em>ι</em></strong></span> <span class='ocrx_word' id='word_1_811' title='bbox 2938 4176 2989 4215; x_wconf 91' lang='lat' dir='ltr'><strong>ut</strong></span> <span class='ocrx_word' id='word_1_812' title='bbox 3021 4164 3179 4217; x_wconf 77' lang='lat' dir='ltr'><strong>refert</strong></span> <span class='ocrx_word' id='word_1_813' title='bbox 3208 4168 3377 4219; x_wconf 80' lang='lat' dir='ltr'><strong>&#39;l&#39;uro-</strong></span> 
     </span>
    </p>
   </div>
   <div class='ocr_carea' id='block_1_113' title="bbox 1860 4226 3374 4295">
    <p class='ocr_par' dir='ltr' id='par_1_113' title="bbox 1860 4226 3374 4295">
     <span class='ocr_line' id='line_1_113' title="bbox 1860 4226 3374 4295; baseline 0.007 -19"><span class='ocrx_word' id='word_1_814' title='bbox 1860 4226 2032 4277; x_wconf 67' lang='lat' dir='ltr'><strong>nensis</strong></span> <span class='ocrx_word' id='word_1_815' title='bbox 2063 4230 2173 4279; x_wconf 90' lang='lat' dir='ltr'><strong>loco</strong></span> <span class='ocrx_word' id='word_1_816' title='bbox 2201 4228 2421 4289; x_wconf 82' lang='lat' dir='ltr'><strong>laudato,</strong></span> <span class='ocrx_word' id='word_1_817' title='bbox 2452 4232 2533 4295; x_wconf 89' lang='lat' dir='ltr'><strong>qui</strong></span> <span class='ocrx_word' id='word_1_818' title='bbox 2564 4232 2703 4283; x_wconf 82' lang='lat' dir='ltr'><strong>addit</strong></span> <span class='ocrx_word' id='word_1_819' title='bbox 2731 4235 2794 4283; x_wconf 83' lang='lat' dir='ltr'><strong>ita</strong></span> <span class='ocrx_word' id='word_1_820' title='bbox 2828 4234 3011 4283; x_wconf 87' lang='lat' dir='ltr'><strong>factum</strong></span> <span class='ocrx_word' id='word_1_821' title='bbox 3045 4232 3222 4287; x_wconf 65' lang='lat' dir='ltr'><strong>fuisse.</strong></span> <span class='ocrx_word' id='word_1_822' title='bbox 3254 4236 3374 4288; x_wconf 68' lang='lat' dir='ltr'><strong>llaic</strong></span> 
     </span>
    </p>
   </div>
   <div class='ocr_carea' id='block_1_114' title="bbox 1861 4297 3377 4361">
    <p class='ocr_par' dir='ltr' id='par_1_114' title="bbox 1861 4297 3377 4361">
     <span class='ocr_line' id='line_1_114' title="bbox 1861 4297 3377 4361; baseline 0.007 -15"><span class='ocrx_word' id='word_1_823' title='bbox 1861 4297 2125 4346; x_wconf 65' lang='lat' dir='ltr'><strong>translatio</strong></span> <span class='ocrx_word' id='word_1_824' title='bbox 2168 4298 2352 4347; x_wconf 73' lang='lat' dir='ltr'><strong>acciiit</strong></span> <span class='ocrx_word' id='word_1_825' title='bbox 2394 4312 2528 4347; x_wconf 87' lang='lat' dir='ltr'><strong>anno</strong></span> <span class='ocrx_word' id='word_1_826' title='bbox 2564 4299 2674 4361; x_wconf 71' lang='grc'><strong>175,</strong></span> <span class='ocrx_word' id='word_1_827' title='bbox 2707 4303 2789 4361; x_wconf 75' lang='lat' dir='ltr'><strong>qtlj</strong></span> <span class='ocrx_word' id='word_1_828' title='bbox 2819 4302 3129 4353; x_wconf 84' lang='lat' dir='ltr'><strong>centesimus</strong></span> <span class='ocrx_word' id='word_1_829' title='bbox 3172 4311 3284 4355; x_wconf 85' lang='lat' dir='ltr'><strong>erat</strong></span> <span class='ocrx_word' id='word_1_830' title='bbox 3311 4308 3377 4357; x_wconf 85' lang='lat' dir='ltr'><strong>ab</strong></span> 
     </span>
    </p>
   </div>
   <div class='ocr_carea' id='block_1_115' title="bbox 1859 4351 3034 4427">
    <p class='ocr_par' dir='ltr' id='par_1_115' title="bbox 1859 4351 3034 4427">
     <span class='ocr_line' id='line_1_115' title="bbox 1859 4351 3034 4427; baseline 0.005 -16"><span class='ocrx_word' id='word_1_831' title='bbox 1859 4364 1967 4426; x_wconf 83' lang='lat' dir='ltr'><strong>ejus</strong></span> <span class='ocrx_word' id='word_1_832' title='bbox 1998 4363 2335 4414; x_wconf 67' lang='lat' dir='ltr'><strong>ordinatione.</strong></span> <span class='ocrx_word' id='word_1_833' title='bbox 2370 4364 2488 4426; x_wconf 69' lang='lat' dir='ltr'><strong>Pagi</strong></span> <span class='ocrx_word' id='word_1_834' title='bbox 2520 4351 2800 4426; x_wconf 51' lang='lat' dir='ltr'><strong>anuo&#39;b&#39;ii,</strong></span> <span class='ocrx_word' id='word_1_835' title='bbox 2836 4383 2902 4427; x_wconf 78' lang='lat' dir='ltr'><strong>vr,</strong></span> <span class='ocrx_word' id='word_1_836' title='bbox 2935 4380 3034 4419; x_wconf 89' lang='lat' dir='ltr'><strong>etc.</strong></span> 
     </span>
    </p>
   </div>
   <div class='ocr_carea' id='block_1_116' title="bbox 1930 4427 3384 4501">
    <p class='ocr_par' dir='ltr' id='par_1_116' title="bbox 1930 4427 3384 4501">
     <span class='ocr_line' id='line_1_116' title="bbox 1930 4427 3384 4501; baseline 0.01 -25"><span class='ocrx_word' id='word_1_837' title='bbox 1930 4437 1951 4463; x_wconf 74' lang='grc' dir='ltr'>ο</span> <span class='ocrx_word' id='word_1_838' title='bbox 1981 4427 2113 4478; x_wconf 70' lang='lat' dir='ltr'><strong>Zotc.</strong></span> <span class='ocrx_word' id='word_1_839' title='bbox 2151 4431 2219 4479; x_wconf 90' lang='lat' dir='ltr'><strong>De</strong></span> <span class='ocrx_word' id='word_1_840' title='bbox 2257 4445 2313 4501; x_wconf 77' lang='lat' dir='ltr'><strong>ea</strong></span> <span class='ocrx_word' id='word_1_841' title='bbox 2350 4430 2625 4493; x_wconf 82' lang='lat' dir='ltr'><strong>Usuardus,</strong></span> <span class='ocrx_word' id='word_1_842' title='bbox 2664 4436 2790 4495; x_wconf 75' lang='lat' dir='ltr'><strong>Ado,</strong></span> <span class='ocrx_word' id='word_1_843' title='bbox 2825 4436 2969 4486; x_wconf 68' lang='lat' dir='ltr'><strong>Bthtt</strong></span> <span class='ocrx_word' id='word_1_844' title='bbox 3019 4449 3231 4501; x_wconf 88' lang='lat' dir='ltr'><strong>suppos.</strong></span> <span class='ocrx_word' id='word_1_845' title='bbox 3288 4438 3384 4489; x_wconf 88' lang='lat' dir='ltr'><strong>Ba-</strong></span> 
     </span>
    </p>
   </div>
   <div class='ocr_carea' id='block_1_117' title="bbox 1861 4500 2998 4565">
    <p class='ocr_par' dir='ltr' id='par_1_117' title="bbox 1861 4500 2998 4565">
     <span class='ocr_line' id='line_1_117' title="bbox 1861 4500 2998 4565; baseline 0.008 -22"><span class='ocrx_word' id='word_1_846' title='bbox 1861 4510 1950 4545; x_wconf 91' lang='lat' dir='ltr'><strong>ron</strong></span> <span class='ocrx_word' id='word_1_847' title='bbox 1977 4510 2034 4565; x_wconf 71' lang='lat' dir='ltr'><strong>lI_S</strong></span> <span class='ocrx_word' id='word_1_848' title='bbox 2060 4511 2119 4546; x_wconf 88' lang='lat' dir='ltr'><strong>ac</strong></span> <span class='ocrx_word' id='word_1_849' title='bbox 2148 4500 2315 4547; x_wconf 57' lang='lat' dir='ltr'><strong>elateri</strong></span> <span class='ocrx_word' id='word_1_850' title='bbox 2347 4514 2525 4549; x_wconf 86' lang='lat' dir='ltr'><strong>omnes</strong></span> <span class='ocrx_word' id='word_1_851' title='bbox 2551 4514 2703 4565; x_wconf 77' lang='lat' dir='ltr'><strong>agunt</strong></span> <span class='ocrx_word' id='word_1_852' title='bbox 2739 4504 2998 4565; x_wconf 83' lang='lat' dir='ltr'><strong>postridie.</strong></span> 
     </span>
    </p>
   </div>
   <div class='ocr_carea' id='block_1_118' title="bbox 1935 4561 3379 4627">
    <p class='ocr_par' dir='ltr' id='par_1_118' title="bbox 1935 4561 3379 4627">
     <span class='ocr_line' id='line_1_118' title="bbox 1935 4561 3379 4627; baseline 0.009 -15"><span class='ocrx_word' id='word_1_853' title='bbox 1935 4568 1949 4602; x_wconf 79' lang='grc' dir='ltr'>ῐ</span> <span class='ocrx_word' id='word_1_854' title='bbox 1985 4561 2363 4615; x_wconf 52' lang='lat' dir='ltr'><strong>damnat/tium.</strong></span> <span class='ocrx_word' id='word_1_855' title='bbox 2402 4561 2949 4627; x_wconf 26' lang='lat' dir='ltr'><strong>Melittstauutachim,</strong></span> <span class='ocrx_word' id='word_1_856' title='bbox 2980 4578 3033 4619; x_wconf 90' lang='lat' dir='ltr'><strong>ut</strong></span> <span class='ocrx_word' id='word_1_857' title='bbox 3060 4570 3300 4622; x_wconf 84' lang='lat' dir='ltr'><strong>scribitur</strong></span> <span class='ocrx_word' id='word_1_858' title='bbox 3330 4573 3379 4626; x_wconf 82' lang='lat' dir='ltr'><strong>in</strong></span> 
     </span>
    </p>
   </div>
   <div class='ocr_carea' id='block_1_119' title="bbox 1782 4630 3369 4692">
    <p class='ocr_par' dir='ltr' id='par_1_119' title="bbox 1782 4630 3369 4692">
     <span class='ocr_line' id='line_1_119' title="bbox 1782 4630 3369 4692; baseline 0.009 -15"><span class='ocrx_word' id='word_1_859' title='bbox 1782 4638 1791 4643; x_wconf 78' lang='lat'>‘</span> <span class='ocrx_word' id='word_1_860' title='bbox 1861 4630 1999 4679; x_wconf 69' lang='lat' dir='ltr'><strong>Artis</strong></span> <span class='ocrx_word' id='word_1_861' title='bbox 2049 4634 2103 4683; x_wconf 69' lang='grc' dir='ltr'><strong>ὃ.</strong></span> <span class='ocrx_word' id='word_1_862' title='bbox 2135 4632 2421 4684; x_wconf 64' lang='grc' dir='ltr'><strong>Βριμδιῡαιιὶ</strong></span> <span class='ocrx_word' id='word_1_863' title='bbox 2468 4651 2494 4685; x_wconf 81' lang='lat' dir='ltr'><strong>a</strong></span> <span class='ocrx_word' id='word_1_864' title='bbox 2530 4637 2777 4687; x_wconf 77' lang='lat' dir='ltr'><strong>Bollattdu‘</strong></span> <span class='ocrx_word' id='word_1_865' title='bbox 2819 4651 2881 4687; x_wconf 78' lang='lat' dir='ltr'><strong>xx</strong></span> <span class='ocrx_word' id='word_1_866' title='bbox 2928 4636 3151 4687; x_wconf 82' lang='lat' dir='ltr'><strong>Januarii</strong></span> <span class='ocrx_word' id='word_1_867' title='bbox 3200 4640 3369 4692; x_wconf 83' lang='lat' dir='ltr'><strong>editis.</strong></span> 
     </span>
    </p>
   </div>
   <div class='ocr_carea' id='block_1_120' title="bbox 1805 4697 3378 4769">
    <p class='ocr_par' dir='ltr' id='par_1_120' title="bbox 1805 4697 3378 4769">
     <span class='ocr_line' id='line_1_120' title="bbox 1805 4697 3378 4769; baseline 0.01 -25"><span class='ocrx_word' id='word_1_868' title='bbox 1805 4748 1811 4754; x_wconf 64' lang='grc'><strong>,</strong></span> <span class='ocrx_word' id='word_1_869' title='bbox 1863 4697 1923 4745; x_wconf 67' lang='lat' dir='ltr'><strong>lit</strong></span> <span class='ocrx_word' id='word_1_870' title='bbox 1955 4700 2120 4769; x_wconf 76' lang='lat' dir='ltr'><strong>plures</strong></span> <span class='ocrx_word' id='word_1_871' title='bbox 2156 4702 2372 4769; x_wconf 69' lang='lat' dir='ltr'><strong>quidem</strong></span> <span class='ocrx_word' id='word_1_872' title='bbox 2414 4704 2611 4753; x_wconf 79' lang='lat' dir='ltr'><strong>fuerunt</strong></span> <span class='ocrx_word' id='word_1_873' title='bbox 2643 4703 2965 4754; x_wconf 64' lang='lat' dir='ltr'><strong>Nautnncliiai</strong></span> <span class='ocrx_word' id='word_1_874' title='bbox 3000 4705 3048 4755; x_wconf 92' lang='lat' dir='ltr'><strong>in</strong></span> <span class='ocrx_word' id='word_1_875' title='bbox 3092 4707 3247 4769; x_wconf 86' lang='lat' dir='ltr'><strong>urbe;</strong></span> <span class='ocrx_word' id='word_1_876' title='bbox 3280 4707 3378 4759; x_wconf 71' lang='lat' dir='ltr'><strong>DO‘</strong></span> 
     </span>
    </p>
   </div>
   <div class='ocr_carea' id='block_1_121' title="bbox 1860 4767 3367 4831">
    <p class='ocr_par' dir='ltr' id='par_1_121' title="bbox 1860 4767 3367 4831">
     <span class='ocr_line' id='line_1_121' title="bbox 1860 4767 3367 4831; baseline 0.011 -18"><span class='ocrx_word' id='word_1_877' title='bbox 1860 4768 2051 4815; x_wconf 74' lang='lat' dir='ltr'><strong>mutaui</strong></span> <span class='ocrx_word' id='word_1_878' title='bbox 2101 4771 2307 4831; x_wconf 76' lang='lat' dir='ltr'><strong>regione</strong></span> <span class='ocrx_word' id='word_1_879' title='bbox 2349 4767 2400 4828; x_wconf 85' lang='lat'><strong>9,</strong></span> <span class='ocrx_word' id='word_1_880' title='bbox 2450 4770 2562 4818; x_wconf 71' lang='lat' dir='ltr'><strong>alia:</strong></span> <span class='ocrx_word' id='word_1_881' title='bbox 2602 4768 2685 4827; x_wconf 83' lang='grc'><strong>15,</strong></span> <span class='ocrx_word' id='word_1_882' title='bbox 2716 4773 2827 4821; x_wconf 66' lang='lat' dir='ltr'><strong>duae</strong></span> <span class='ocrx_word' id='word_1_883' title='bbox 2866 4772 2949 4831; x_wconf 67' lang='lat' dir='ltr'><strong>l4,</strong></span> <span class='ocrx_word' id='word_1_884' title='bbox 2981 4767 3367 4829; x_wconf 72' lang='lat' dir='ltr'><strong>&#39;l‘ransttberitn.</strong></span> 
     </span>
    </p>
   </div>
   <div class='ocr_carea' id='block_1_122' title="bbox 1862 4831 3374 4900">
    <p class='ocr_par' dir='ltr' id='par_1_122' title="bbox 1862 4831 3374 4900">
     <span class='ocr_line' id='line_1_122' title="bbox 1862 4831 3374 4900; baseline 0.01 -20"><span class='ocrx_word' id='word_1_885' title='bbox 1862 4832 1923 4880; x_wconf 77' lang='lat' dir='ltr'><strong>Et</strong></span> <span class='ocrx_word' id='word_1_886' title='bbox 1956 4831 2201 4884; x_wconf 82' lang='lat' dir='ltr'><strong>Baronius</strong></span> <span class='ocrx_word' id='word_1_887' title='bbox 2230 4850 2361 4883; x_wconf 87' lang='lat' dir='ltr'><strong>anno</strong></span> <span class='ocrx_word' id='word_1_888' title='bbox 2388 4839 2507 4895; x_wconf 68' lang='lat'><strong>:86,</strong></span> <span class='ocrx_word' id='word_1_889' title='bbox 2540 4852 2677 4887; x_wconf 85' lang='lat' dir='ltr'><strong>nunt.</strong></span> <span class='ocrx_word' id='word_1_890' title='bbox 2708 4836 2790 4900; x_wconf 78' lang='grc'><strong>15,</strong></span> <span class='ocrx_word' id='word_1_891' title='bbox 2840 4840 2935 4890; x_wconf 90' lang='lat' dir='ltr'><strong>hoc</strong></span> <span class='ocrx_word' id='word_1_892' title='bbox 2984 4848 3123 4891; x_wconf 81' lang='lat' dir='ltr'><strong>trans</strong></span> <span class='ocrx_word' id='word_1_893' title='bbox 3149 4842 3374 4895; x_wconf 80' lang='lat' dir='ltr'><strong>Tiberini</strong></span> 
     </span>
    </p>
   </div>
   <div class='ocr_carea' id='block_1_123' title="bbox 1859 4909 3375 4972">
    <p class='ocr_par' dir='ltr' id='par_1_123' title="bbox 1859 4909 3375 4972">
     <span class='ocr_line' id='line_1_123' title="bbox 1859 4909 3375 4972; baseline 0.008 -21"><span class='ocrx_word' id='word_1_894' title='bbox 1859 4911 2053 4972; x_wconf 81' lang='lat' dir='ltr'><strong>gestum</strong></span> <span class='ocrx_word' id='word_1_895' title='bbox 2104 4912 2298 4972; x_wconf 78' lang='lat' dir='ltr'><strong>censet,</strong></span> <span class='ocrx_word' id='word_1_896' title='bbox 2339 4912 2390 4952; x_wconf 90' lang='lat' dir='ltr'><strong>et</strong></span> <span class='ocrx_word' id='word_1_897' title='bbox 2434 4919 2561 4972; x_wconf 78' lang='lat' dir='ltr'><strong>nova</strong></span> <span class='ocrx_word' id='word_1_898' title='bbox 2615 4921 2823 4956; x_wconf 87' lang='lat' dir='ltr'><strong>munera</strong></span> <span class='ocrx_word' id='word_1_899' title='bbox 2877 4917 2994 4958; x_wconf 89' lang='lat' dir='ltr'><strong>tunc</strong></span> <span class='ocrx_word' id='word_1_900' title='bbox 3031 4909 3181 4958; x_wconf 88' lang='lat' dir='ltr'><strong>certis</strong></span> <span class='ocrx_word' id='word_1_901' title='bbox 3229 4911 3375 4972; x_wconf 86' lang='lat' dir='ltr'><strong>locis,</strong></span> 
     </span>
    </p>
   </div>
   <div class='ocr_carea' id='block_1_124' title="bbox 1858 4968 3375 5037">
    <p class='ocr_par' dir='ltr' id='par_1_124' title="bbox 1858 4968 3375 5037">
     <span class='ocr_line' id='line_1_124' title="bbox 1858 4968 3375 5037; baseline 0.008 -20"><span class='ocrx_word' id='word_1_902' title='bbox 1858 4968 2007 5019; x_wconf 56' lang='lat' dir='ltr'><strong>certis</strong></span> <span class='ocrx_word' id='word_1_903' title='bbox 2048 4969 2345 5037; x_wconf 75' lang='lat' dir='ltr'><strong>hominibus</strong></span> <span class='ocrx_word' id='word_1_904' title='bbox 2374 4972 2434 5021; x_wconf 83' lang='lat' dir='ltr'><strong>ad</strong></span> <span class='ocrx_word' id='word_1_905' title='bbox 2476 4969 2807 5037; x_wconf 60' lang='lat' dir='ltr'><strong>inquirendas</strong></span> <span class='ocrx_word' id='word_1_906' title='bbox 2836 4975 3156 5025; x_wconf 70' lang='lat' dir='ltr'><strong>Christianos</strong></span> <span class='ocrx_word' id='word_1_907' title='bbox 3189 4968 3375 5027; x_wconf 51' lang='lat' dir='ltr'><strong>dis‘tin;</strong></span> 
     </span>
    </p>
   </div>
   <div class='ocr_carea' id='block_1_125' title="bbox 1857 5036 3370 5107">
    <p class='ocr_par' dir='ltr' id='par_1_125' title="bbox 1857 5036 3370 5107">
     <span class='ocr_line' id='line_1_125' title="bbox 1857 5036 3370 5107; baseline 0.006 -21"><span class='ocrx_word' id='word_1_908' title='bbox 1857 5044 1936 5086; x_wconf 88' lang='lat' dir='ltr'><strong>cta</strong></span> <span class='ocrx_word' id='word_1_909' title='bbox 1972 5052 1981 5083; x_wconf 91' lang='lat'>:</span> <span class='ocrx_word' id='word_1_910' title='bbox 2015 5036 2087 5107; x_wconf 83' lang='lat' dir='ltr'><strong>sic</strong></span> <span class='ocrx_word' id='word_1_911' title='bbox 2119 5038 2285 5107; x_wconf 71' lang='lat' dir='ltr'><strong>utuni</strong></span> <span class='ocrx_word' id='word_1_912' title='bbox 2326 5054 2384 5088; x_wconf 90' lang='lat' dir='ltr'><strong>ur</strong></span> <span class='ocrx_word' id='word_1_913' title='bbox 2408 5041 2464 5090; x_wconf 64' lang='lat' dir='ltr'><strong>iis</strong></span> <span class='ocrx_word' id='word_1_914' title='bbox 2504 5036 2695 5104; x_wconf 66' lang='lat' dir='ltr'><strong>regioni</strong></span> <span class='ocrx_word' id='word_1_915' title='bbox 2740 5043 2906 5105; x_wconf 88' lang='lat' dir='ltr'><strong>plures</strong></span> <span class='ocrx_word' id='word_1_916' title='bbox 2944 5054 3109 5092; x_wconf 73' lang='lat' dir='ltr'><strong>essent</strong></span> <span class='ocrx_word' id='word_1_917' title='bbox 3148 5046 3370 5107; x_wconf 71' lang='lat' dir='ltr'><strong>prietecti</strong></span> 
     </span>
    </p>
   </div>
   <div class='ocr_carea' id='block_1_126' title="bbox 1861 5103 3373 5179">
    <p class='ocr_par' dir='ltr' id='par_1_126' title="bbox 1861 5103 3373 5179">
     <span class='ocr_line' id='line_1_126' title="bbox 1861 5103 3373 5179; baseline 0.008 -30"><span class='ocrx_word' id='word_1_918' title='bbox 1861 5105 2081 5179; x_wconf 77' lang='lat' dir='ltr'><strong>patroni,</strong></span> <span class='ocrx_word' id='word_1_919' title='bbox 2104 5103 2191 5179; x_wconf 82' lang='lat' dir='ltr'><strong>qui</strong></span> <span class='ocrx_word' id='word_1_920' title='bbox 2220 5105 2402 5171; x_wconf 78' lang='lat' dir='ltr'><strong>singuli</strong></span> <span class='ocrx_word' id='word_1_921' title='bbox 2430 5110 2476 5158; x_wconf 90' lang='lat' dir='ltr'><strong>in</strong></span> <span class='ocrx_word' id='word_1_922' title='bbox 2506 5120 2649 5173; x_wconf 74' lang='lat' dir='ltr'><strong>parte</strong></span> <span class='ocrx_word' id='word_1_923' title='bbox 2679 5103 2771 5159; x_wconf 80' lang='lat' dir='ltr'><strong>sibi</strong></span> <span class='ocrx_word' id='word_1_924' title='bbox 2802 5109 3099 5160; x_wconf 60' lang='lat' dir='ltr'><strong>concredita</strong></span> <span class='ocrx_word' id='word_1_925' title='bbox 3133 5103 3373 5161; x_wconf 41' lang='lat' dir='ltr'><strong>t&#39;hristta-</strong></span> 
     </span>
    </p>
   </div>
   <div class='ocr_carea' id='block_1_127' title="bbox 1861 5184 2316 5232">
    <p class='ocr_par' dir='ltr' id='par_1_127' title="bbox 1861 5184 2316 5232">
     <span class='ocr_line' id='line_1_127' title="bbox 1861 5184 2316 5232; baseline 0.009 -14"><span class='ocrx_word' id='word_1_926' title='bbox 1861 5184 1951 5219; x_wconf 78' lang='lat' dir='ltr'><strong>IIUS</strong></span> <span class='ocrx_word' id='word_1_927' title='bbox 1982 5184 2316 5232; x_wconf 68' lang='lat' dir='ltr'><strong>lllqull’ef&#39;elll.</strong></span> 
     </span>
    </p>
   </div>
   <div class='ocr_carea' id='block_1_128' title="bbox 1930 5235 3377 5308">
    <p class='ocr_par' dir='ltr' id='par_1_128' title="bbox 1930 5235 3377 5308">
     <span class='ocr_line' id='line_1_128' title="bbox 1930 5235 3377 5308; baseline 0.004 -23"><span class='ocrx_word' id='word_1_928' title='bbox 1930 5245 1952 5279; x_wconf 79' lang='grc' dir='ltr'><strong><em>κ</em></strong></span> <span class='ocrx_word' id='word_1_929' title='bbox 1983 5235 2491 5308; x_wconf 45' lang='lat' dir='ltr'><strong>Laut-iannJoanues</strong></span> <span class='ocrx_word' id='word_1_930' title='bbox 2525 5242 2727 5293; x_wconf 67' lang='lat' dir='ltr'><strong>Vasmus</strong></span> <span class='ocrx_word' id='word_1_931' title='bbox 2768 5243 2817 5293; x_wconf 92' lang='lat' dir='ltr'><strong>in</strong></span> <span class='ocrx_word' id='word_1_932' title='bbox 2847 5242 3097 5295; x_wconf 87' lang='lat' dir='ltr'><strong>Chronico</strong></span> <span class='ocrx_word' id='word_1_933' title='bbox 3126 5244 3377 5308; x_wconf 62' lang='lat' dir='ltr'><strong>Hispania;</strong></span> 
     </span>
    </p>
   </div>
   <div class='ocr_carea' id='block_1_129' title="bbox 1857 5305 3375 5373">
    <p class='ocr_par' dir='ltr' id='par_1_129' title="bbox 1857 5305 3375 5373">
     <span class='ocr_line' id='line_1_129' title="bbox 1857 5305 3375 5373; baseline 0.006 -20"><span class='ocrx_word' id='word_1_934' title='bbox 1857 5305 1920 5353; x_wconf 89' lang='lat' dir='ltr'><strong>ad</strong></span> <span class='ocrx_word' id='word_1_935' title='bbox 1951 5318 2140 5373; x_wconf 79' lang='lat' dir='ltr'><strong>annum</strong></span> <span class='ocrx_word' id='word_1_936' title='bbox 2167 5305 2289 5367; x_wconf 67' lang='lat' dir='ltr'><strong>5M,</strong></span> <span class='ocrx_word' id='word_1_937' title='bbox 2324 5310 2431 5360; x_wconf 75' lang='lat' dir='ltr'><strong>lucc</strong></span> <span class='ocrx_word' id='word_1_938' title='bbox 2462 5310 2611 5359; x_wconf 78' lang='lat' dir='ltr'><strong>habet</strong></span> <span class='ocrx_word' id='word_1_939' title='bbox 2644 5326 2653 5357; x_wconf 90' lang='lat'>:</span> <span class='ocrx_word' id='word_1_940' title='bbox 2689 5310 2796 5360; x_wconf 85' lang='lat' dir='ltr'><strong>Hoc</strong></span> <span class='ocrx_word' id='word_1_941' title='bbox 2827 5321 3042 5373; x_wconf 80' lang='lat' dir='ltr'><strong>tempore</strong></span> <span class='ocrx_word' id='word_1_942' title='bbox 3070 5314 3152 5373; x_wconf 85' lang='lat' dir='ltr'><strong>qui</strong></span> <span class='ocrx_word' id='word_1_943' title='bbox 3178 5305 3237 5359; x_wconf 69' lang='lat' dir='ltr'><strong>de</strong></span> <span class='ocrx_word' id='word_1_944' title='bbox 3262 5328 3375 5362; x_wconf 59' lang='lat' dir='ltr'><strong>san-</strong></span> 
     </span>
    </p>
   </div>
   <div class='ocr_carea' id='block_1_130' title="bbox 1858 5369 3373 5440">
    <p class='ocr_par' dir='ltr' id='par_1_130' title="bbox 1858 5369 3373 5440">
     <span class='ocr_line' id='line_1_130' title="bbox 1858 5369 3373 5440; baseline 0.007 -20"><span class='ocrx_word' id='word_1_945' title='bbox 1858 5373 1945 5421; x_wconf 59' lang='lat' dir='ltr'><strong>clis</strong></span> <span class='ocrx_word' id='word_1_946' title='bbox 1978 5369 2238 5440; x_wconf 65' lang='lat' dir='ltr'><strong>Hispania</strong></span> <span class='ocrx_word' id='word_1_947' title='bbox 2265 5378 2582 5440; x_wconf 78' lang='lat' dir='ltr'><strong>scripserunt,</strong></span> <span class='ocrx_word' id='word_1_948' title='bbox 2617 5382 2861 5429; x_wconf 62' lang='lat' dir='ltr'><strong>memorie</strong></span> <span class='ocrx_word' id='word_1_949' title='bbox 2892 5369 3122 5427; x_wconf 75' lang='lat' dir='ltr'><strong>mandunt</strong></span> <span class='ocrx_word' id='word_1_950' title='bbox 3156 5377 3210 5427; x_wconf 86' lang='grc' dir='ltr'><strong>Β.</strong></span> <span class='ocrx_word' id='word_1_951' title='bbox 3241 5379 3373 5431; x_wconf 80' lang='lat' dir='ltr'><strong>Lau-</strong></span> 
     </span>
    </p>
   </div>
   <div class='ocr_carea' id='block_1_131' title="bbox 1860 5434 3371 5511">
    <p class='ocr_par' dir='ltr' id='par_1_131' title="bbox 1860 5434 3371 5511">
     <span class='ocr_line' id='line_1_131' title="bbox 1860 5434 3371 5511; baseline 0.008 -24"><span class='ocrx_word' id='word_1_952' title='bbox 1860 5434 2438 5511; x_wconf 10' lang='lat' dir='ltr'><strong>reanum&#39;ﬂiispulgnsrm</strong></span> <span class='ocrx_word' id='word_1_953' title='bbox 2473 5445 2913 5511; x_wconf 68' lang='lat' dir='ltr'><strong>archiepiscopum,</strong></span> <span class='ocrx_word' id='word_1_954' title='bbox 2948 5444 3139 5494; x_wconf 78' lang='lat' dir='ltr'><strong>natione</strong></span> <span class='ocrx_word' id='word_1_955' title='bbox 3169 5444 3371 5499; x_wconf 76' lang='lat' dir='ltr'><strong>Porino-</strong></span> 
     </span>
    </p>
   </div>
   <div class='ocr_carea' id='block_1_132' title="bbox 1860 5508 3374 5581">
    <p class='ocr_par' dir='ltr' id='par_1_132' title="bbox 1860 5508 3374 5581">
     <span class='ocr_line' id='line_1_132' title="bbox 1860 5508 3374 5581; baseline 0.007 -25"><span class='ocrx_word' id='word_1_956' title='bbox 1860 5508 2009 5581; x_wconf 71' lang='lat' dir='ltr'><strong>ninm,</strong></span> <span class='ocrx_word' id='word_1_957' title='bbox 2036 5508 2193 5560; x_wconf 79' lang='lat' dir='ltr'><strong>missis</strong></span> <span class='ocrx_word' id='word_1_958' title='bbox 2219 5509 2438 5581; x_wconf 15' lang='lat' dir='ltr'><strong>uiTotila</strong></span> <span class='ocrx_word' id='word_1_959' title='bbox 2462 5508 2647 5581; x_wconf 78' lang='lat' dir='ltr'><strong>Ariano</strong></span> <span class='ocrx_word' id='word_1_960' title='bbox 2670 5522 2784 5564; x_wconf 81' lang='lat' dir='ltr'><strong>tunc</strong></span> <span class='ocrx_word' id='word_1_961' title='bbox 2813 5516 2861 5562; x_wconf 84' lang='lat' dir='ltr'><strong>in</strong></span> <span class='ocrx_word' id='word_1_962' title='bbox 2896 5512 3039 5561; x_wconf 80' lang='lat' dir='ltr'><strong>Italia</strong></span> <span class='ocrx_word' id='word_1_963' title='bbox 3066 5512 3374 5581; x_wconf 74' lang='lat' dir='ltr'><strong>Uslrogotltis</strong></span> 
     </span>
    </p>
   </div>
   <div class='ocr_carea' id='block_1_133' title="bbox 1858 5576 3375 5647">
    <p class='ocr_par' dir='ltr' id='par_1_133' title="bbox 1858 5576 3375 5647">
     <span class='ocr_line' id='line_1_133' title="bbox 1858 5576 3375 5647; baseline 0.005 -22"><span class='ocrx_word' id='word_1_964' title='bbox 1858 5576 2125 5639; x_wconf 85' lang='lat' dir='ltr'><strong>imperante</strong></span> <span class='ocrx_word' id='word_1_965' title='bbox 2144 5579 2227 5647; x_wconf 76' lang='lat' dir='ltr'><strong>qui</strong></span> <span class='ocrx_word' id='word_1_966' title='bbox 2250 5580 2405 5642; x_wconf 66' lang='lat' dir='ltr'><strong>ipsum</strong></span> <span class='ocrx_word' id='word_1_967' title='bbox 2427 5580 2719 5642; x_wconf 76' lang='lat' dir='ltr'><strong>occiderent,</strong></span> <span class='ocrx_word' id='word_1_968' title='bbox 2750 5582 2909 5647; x_wconf 79' lang='lat' dir='ltr'><strong>angeli</strong></span> <span class='ocrx_word' id='word_1_969' title='bbox 2939 5581 3191 5631; x_wconf 81' lang='lat' dir='ltr'><strong>admonitu</strong></span> <span class='ocrx_word' id='word_1_970' title='bbox 3214 5576 3267 5632; x_wconf 75' lang='lat' dir='ltr'><strong>in</strong></span> <span class='ocrx_word' id='word_1_971' title='bbox 3301 5588 3375 5632; x_wconf 82' lang='lat' dir='ltr'><strong>nl-</strong></span> 
     </span>
    </p>
   </div>
   <div class='ocr_carea' id='block_1_134' title="bbox 1866 5646 3373 5717">
    <p class='ocr_par' dir='ltr' id='par_1_134' title="bbox 1866 5646 3373 5717">
     <span class='ocr_line' id='line_1_134' title="bbox 1866 5646 3373 5717; baseline 0.003 -21"><span class='ocrx_word' id='word_1_972' title='bbox 1866 5662 2087 5707; x_wconf 71' lang='grc' dir='ltr'><strong>ινοηειιηι</strong></span> <span class='ocrx_word' id='word_1_973' title='bbox 2128 5646 2301 5698; x_wconf 67' lang='lat' dir='ltr'><strong>exime</strong></span> <span class='ocrx_word' id='word_1_974' title='bbox 2344 5648 2585 5711; x_wconf 73' lang='lat' dir='ltr'><strong>exsiliunt,</strong></span> <span class='ocrx_word' id='word_1_975' title='bbox 2617 5665 2671 5700; x_wconf 87' lang='lat' dir='ltr'><strong>ac</strong></span> <span class='ocrx_word' id='word_1_976' title='bbox 2700 5660 2879 5715; x_wconf 72' lang='lat' dir='ltr'><strong>septem</strong></span> <span class='ocrx_word' id='word_1_977' title='bbox 2920 5659 3026 5714; x_wconf 81' lang='lat' dir='ltr'><strong>post</strong></span> <span class='ocrx_word' id='word_1_978' title='bbox 3057 5652 3221 5717; x_wconf 62' lang='lat' dir='ltr'><strong>annis,</strong></span> <span class='ocrx_word' id='word_1_979' title='bbox 3250 5654 3373 5716; x_wconf 70' lang='lat' dir='ltr'><strong>ejus-</strong></span> 
     </span>
    </p>
   </div>
   <div class='ocr_carea' id='block_1_135' title="bbox 3883 5396 3886 5911">
    <p class='ocr_par' dir='ltr' id='par_1_135' title="bbox 3883 5440 3885 5881">
     <span class='ocr_line' id='line_1_135' title="bbox 3884 5440 3885 5501; baseline 0 0"><span class='ocrx_word' id='word_1_980' title='bbox 3884 5440 3885 5501; x_wconf 96' lang='grc'><strong>1</strong></span> 
     </span>
     <span class='ocr_line' id='line_1_136' title="bbox 3883 5718 3885 5795; baseline 0 0"><span class='ocrx_word' id='word_1_981' title='bbox 3883 5718 3885 5795; x_wconf 90' lang='grc'><strong>1</strong></span> 
     </span>
     <span class='ocr_line' id='line_1_137' title="bbox 3883 5812 3885 5881; baseline 0 0"><span class='ocrx_word' id='word_1_982' title='bbox 3883 5812 3885 5881; x_wconf 88' lang='grc'><strong>1</strong></span> 
     </span>
    </p>
   </div>
  </div>
