3888 6378
523 394 625 464 επ

1276 403 1469 457 BENE
1515 404 1943 459 VENEBABIHS
1979 405 2121 459 OI‘P.
2164 406 2331 459 PARS
2371 406 2454 459 IV.
2495 435 2560 445 —
2600 404 2958 459 IllSTOBlCA.

3555 398 3673 459 εει

1740 516 1958 568 EDITIO
1994 516 2439 571 COLONIENSIS.

530 607 754 661 Turonis
792 603 1057 657 translatio
1085 604 1245 653 sancti
1275 603 1472 655 Martini
1501 604 1727 669 episcopi
1752 614 1803 658 et
1832 604 2032 657 confes-
2059 611 2106 663 Α
2129 620 2244 672 quin
2283 607 2410 669 ripis
2443 605 2604 658 Rheni
2636 605 2860 659 fluminis
2886 606 3148 674 contigua,
3179 606 3411 676 Trigoria
3441 626 3665 665 nuncu-

536 696 689 754 soris,
738 700 791 745 et
838 690 1091 742 ordinatio
1140 691 1462 755 episcopatus
1507 691 1636 756 ejus,
1686 700 1737 744 et
1786 693 2037 746 dedicatio

533 780 754 834 basilica:
786 779 964 844 ipsius.
994 776 1047 828 lu
1082 779 1247 828 Africa
1280 779 1438 829 sancti
1469 777 1773 831 .lucnndiani
1799 782 2038 847 martyris

534 867 585 917 in
627 880 764 917 mare
815 866 988 933 mersi.
1036 863 1185 930 Apud
1236 863 1478 916 Sirmium
1528 866 1698 917 natale
1741 876 2037 919 sanctorum

541 953 853 1013 Innocentii,
905 950 1179 1015 Sabbatiat,
1222 965 1334 1001 cum
1379 950 1492 1001 afiis
1536 952 1759 1016 triginta.
1802 951 1856 1003 ιη
1903 951 2040 1003 Bitu-

541 1042 643 1092 rica
669 1039 872 1093 civitate
898 1037 1068 1090 natale
1094 1037 1255 1089 sancti
1289 1036 1524 1088 Lauriani
1566 1036 1825 1105 martyris,
1865 1048 1917 1092 et
1950 1038 2038 1091 de-

539 1128 728 1195 positio
755 1126 917 1196 saneti
947 1124 1132 1177 Dalrici
1162 1125 1388 1191 epismpi
1418 1132 1471 1175 et
1496 1126 1828 1178 confessoris.

606 1215 666 1267 D.
728 1213 941 1265 lllNou.
990 1210 1140 1264 JULII.
1180 1211 1325 1276 Apud
1372 1211 1568 1279 Syriam
1618 1212 1780 1264 sancti
1829 1211 2034 1265 Domitii

538 1303 797 1370 martyris,
827 1301 910 1366 qui
941 1301 1210 1352 virtutibus
1247 1301 1357 1352 suis
1397 1300 1551 1352 multa
1583 1302 1764 1353 Incolis
1794 1301 2039 1353 beneficia

541 1396 765 1454 praestat.
800 1388 973 1439 Roma:
1000 1387 1165 1437 natale
1193 1396 1382 1437 sancta:
1413 1385 1548 1449 Zore,
1586 1388 1766 1439 uxoris
1796 1388 1927 1439 beati
1958 1386 2043 1439 Ni-

533 1475 742 1528 costrati
785 1475 1040 1539 martyris,
1089 1487 1203 1540 qua:
1229 1473 1293 1524 ad
1321 1473 1700 1526 confessionem
1742 1475 1873 1527 beati
1898 1474 2038 1527 Petri

538 1561 757 1629 apostoli
783 1562 902 1613 dum
931 1570 1132 1623 oraret,
1161 1575 1189 1613 a
1218 1562 1428 1628 paganis
1457 1570 1668 1628 arctata,
1699 1562 1845 1614 ducta
1873 1572 1951 1615 est
1972 1563 2040 1615 ad

541 1659 809 1717 patronum
852 1648 1202 1709 Naumachim,
1234 1664 1260 1700 a
1291 1665 1390 1713 quo
1422 1651 1638 1714 primum
1668 1650 1717 1702 in
1746 1652 2037 1704 custodiam

504 1770 507 1773 η
540 1736 957 1788 obscurissimam
1002 1744 1161 1796 trusa,
1208 1745 1256 1785 et
1298 1749 1386 1799 per
1429 1735 1539 1787 dies
1566 1750 1651 1788 sex
1682 1736 1820 1787 omni
1857 1738 2041 1791 solatio

548 1823 681 1875 lucis
706 1831 757 1876 et
786 1823 947 1874 victus
987 1822 1236 1884 fraudata,
1276 1823 1495 1889 septimo
1518 1824 1603 1877 die
1631 1824 1835 1876 demum
1858 1840 1885 1877 a
1908 1825 2043 1879 collo

2137 698 2303 757 patur,
2334 699 2486 757 atque
2514 691 2579 743 ad
2606 691 2874 744 dioecesim
2913 694 3135 758 pertinet
3181 695 3541 761 Trevirorum,
3589 700 3663 751 ibi

2138 779 2246 831 Deo
2282 779 2443 831 libere
2469 781 2661 832 servire
2689 780 2892 859 delegit,
2923 795 3083 845 usque
3107 782 3156 833 in
3185 783 3339 835 tinem
3368 787 3481 838 vita
3506 803 3653 842 sna.

2136 865 2311 917 Romae
2350 866 2517 919 natale
2556 868 2716 919 sancti
2764 867 3098 935 Tranquillini
3149 872 3427 938 martyris,
3485 877 3661 939 patria

2134 960 2427 1005 sanctorum
2469 953 2622 1005 Marci
2662 963 2713 1005 et
2742 953 3072 1015 Marcelliani,
3119 956 3205 1021 qui
3234 958 3296 1005 ad
3323 961 3657 1022 pradicatio-

2137 1054 2253 1092 nem
2302 1040 2433 1092 beati
2485 1040 2768 1093 Sebastiani
2813 1041 3027 1094 credens
3056 1043 3107 1094 in
3146 1042 3421 1096 Dominum
3464 1047 3654 1098 .lestun

2137 1124 2422 1189 Christum,
2448 1126 2531 1179 die
2560 1137 2853 1181 octavarum
2882 1131 3236 1195 apostolorum
3264 1133 3385 1183 dum
3416 1137 3477 1185 ad
3504 1137 3652 1187 beati

2145 1213 2287 1265 Pauli
2312 1214 2689 1268 confessionem
2718 1227 2910 1281 oraret,
2938 1226 3109 1271 tentus
3136 1233 3165 1270 a
3192 1220 3406 1286 paganis
3429 1235 3487 1273 ac
3513 1223 3653 1288 lapi-

2138 1298 2289 1351 datus
2310 1300 2608 1368 martyrium
2638 1304 3027 1353 consummavit.

2209 1384 2265 1436 F.
2306 1385 2434 1437 Non.
2464 1385 2616 1438 qut.
2656 1386 2832 1438 Romae
2872 1387 3134 1440 beatorum
3159 1399 3460 1457 martyrum,
3492 1392 3651 1444 Nico-

2139 1472 2285 1525 strati
2325 1474 2672 1539 primisct'inii,
2708 1473 2904 1527 Claudii
2934 1480 3436 1537 commentarieusis.
3466 1480 3652 1532 Casto—

2139 1566 2199 1617 rii
2235 1565 2505 1632 Victorini,
2534 1566 2898 1632 Simphoriani,
2930 1581 3061 1634 quos
3089 1567 3272 1621 beatus
3313 1570 3649 1624 Sebastianus

2141 1653 2351 1707 credere
2364 1653 2618 1705 Christum
2645 1654 2833 1713 docuit,
2864 1664 2915 1706 et
2942 1662 3151 1706 sanctus
3177 1655 3486 1722 Polycarpus
3507 1671 3650 1722 prea-

2142 1739 2294 1808 byter
2339 1738 2633 1805 baptizavit.
2680 1740 2773 1804 Qui
2816 1754 2931 1790 cum
2972 1754 3187 1806 corpora
3221 1750 3509 1793 sanctorum
3554 1757 3648 1807 per

2145 1840 2236 1877 ora
2256 1825 2494 1877 Tiberina
2528 1825 2809 1890 requirunt,
2843 1825 2965 1877 tenti
2994 1834 3133 1888 sunt,
3168 1835 3219 1875 et
3246 1826 3310 1876 ad
3338 1826 3485 1877 llrbis
3508 1842 3646 1889 pra:-

544 1920 597 1963 et
633 1926 661 1962 a
702 1910 897 1978 capillis
942 1912 989 1962 in
1030 1925 1245 1981 corpore
1283 1925 1549 1977 suspensa,
1598 1912 1827 1964 adhibito
1865 1913 2042 1965 subter
2075 1912 2118 1970 B
2148 1910 2335 1963 fectum
2365 1910 2611 1977 perducti.
2646 1911 2766 1962 Erat
2791 1911 2925 1963 enim
2950 1912 3103 1976 jndex
3138 1910 3412 1971 Fabianus,
3446 1913 3527 1975 qui
3554 1924 3647 1963 eos

546 1997 687 2050 fumo
724 2000 772 2050 in
812 1999 1135 2049 confessione
1163 1998 1359 2049 Domini
1392 1998 1565 2049 emisit
1592 1999 1850 2062 spiritum.
1888 2000 1939 2051 In
1967 1999 2049 2052 Si-

548 2084 666 2137 cilia
712 2084 879 2135 natale
927 2081 1205 2149 Agathonis
1250 2091 1301 2134 et
1340 2082 1616 2149 Tripliittte.
1645 2083 1706 2136 Et
1735 2083 1785 2136 in
1816 2084 2045 2147 Tltomis,

548 2172 750 2235 Marini,
781 2173 1028 2225 Theodoti
1056 2181 1107 2224 et
1135 2170 1405 2237 Sodephte.

612 2260 672 2312 E.
714 2262 856 2313 Pnto.
902 2245 1029 2313 Non.
1071 2260 1225 2325 ,Juut.
1276 2258 1417 2311 Isaiie
1441 2268 1491 2310 et
1518 2259 1627 2312 Joel
1665 2263 2045 2333 prepltetarum,

548 2359 602 2402 et
642 2359 819 2402 octava
872 2349 1255 2415 apostolorum,
1310 2355 1362 2398 et
1413 2349 1604 2417 primus
1653 2348 1783 2400 beati
1831 2349 2047 2415 apostoli

551 2437 690 2487 Pauli
733 2436 961 2501 iugesstts
993 2436 1041 2486 in
1071 2436 1245 2487 urbem
1276 2435 1487 2485 Romam
1530 2449 1664 2485 anno
1702 2437 1926 2488 secundo
1954 2436 2051 2487 Ne-

559 2522 720 2572 ronis.
770 2521 890 2571 Item
935 2520 1184 2585 depositio
1228 2519 1357 2570 beati
1402 2517 1582 2570 Goaris
1610 2520 1936 2580 confessoris,
1965 2520 2051 2587 qui

554 2605 607 2658 itt
655 2605 908 2672 provincia
957 2606 1239 2671 Aquitania:
1282 2614 1456 2667 ortus,
1509 2608 1822 2670 temporibus
1875 2606 2050 2659 Hilde-

552 2691 678 2743 berti
710 2693 840 2757 regis
868 2691 1201 2754 Francorum,
1231 2694 1403 2744 statim
1431 2693 1495 2743 ab
1525 2692 1737 2745 infantia
1770 2708 1919 2746 verus
1934 2696 2051 2758 ,ωι-

547 2787 627 2830 tor
646 2777 737 2830 Dei
766 2779 873 2829 fuit.
907 2778 1000 2829 Hic
1028 2780 1349 2844 postmodum
1380 2779 1447 2830 ibi
1475 2782 1738 2845 presbyter
1766 2795 1830 2831 co
1844 2793 2052 2831 nsecra-

555 2878 656 2928 tus,
700 2868 910 2932 patriam
953 2875 1290 2933 parentesque
1323 2866 1567 2929 deseruit,
1599 2876 1649 2919 et
1693 2868 1741 2918 itt
1772 2868 2045 2930 provincia,

2154 1999 2447 2050 hortabatur
2472 1999 2534 2050 ad
2561 1998 2971 2057 sacriﬁcandum,
3022 2014 3111 2063 per
3153 1999 3333 2051 decem
3360 1999 3469 2050 dies
3495 1999 3645 2050 minis

2112 2136 2118 2143 .
2155 2102 2245 2139 eos
2272 2098 2322 2138 et
2344 2088 2602 2139 blanditiis
2648 2099 2839 2151 agens,
2888 2096 2937 2137 et
2986 2086 3179 2137 nullum
3237 2090 3440 2151 penitus
3485 2089 3646 2149 potuit

2151 2187 2494 2226 commovere.
2528 2171 2667 2224 Tunc
2695 2171 2815 2225 fecit
2838 2172 2901 2224 de
2927 2173 3003 2223 eis
3029 2171 3407 2239 suggestionem
3433 2172 3644 2232 impera.

2155 2264 2350 2314 toribus
2389 2263 2577 2328 quique
2620 2261 2819 2327 iussere
2846 2275 2934 2314 eos
2964 2262 3113 2313 tertio
3133 2260 3379 2326 torqueri.
3420 2259 3647 2323 Cum-tne

2155 2349 2293 2401 nulla
2341 2349 2537 2400 ratione
2581 2348 2828 2409 compulsi
2875 2346 3136 2407 cedi-rent,
3182 2345 3444 2411 jusserunt
3478 2359 3567 2395 eos
3596 2344 3643 2395 iu

2152 2449 2293 2485 mare
2324 2433 2781 2499 praecipites-dare.
2812 2433 3076 2484 lmmensis
3104 2433 3275 2497 itaque
3304 2431 3481 2483 aretati
3514 2446 3642 2494 pon-

2151 2522 2382 2583 deribus,
2416 2522 2577 2586 pelagi
2604 2521 2839 2573 ﬂuctibus
2864 2522 2964 2572 dati
2991 2530 3130 2581 sunt,
3163 2528 3219 2571 ut
3246 2520 3294 2571 in
3326 2522 3435 2572 loco
3462 2520 3646 2572 mundo

2159 2607 2288 2659 inter
2316 2621 2474 2673 aquas
2500 2620 2739 2659 coronam
2787 2608 3014 2673 martyrii
3053 2608 3395 2659 celebrarent.
3440 2606 3493 2657 In
3530 2608 3646 2657 Ale-

2158 2695 2366 2746 xandria
2405 2696 2565 2747 sancti
2607 2694 2840 2759 Panteni,
2870 2695 2962 2745 viri
2998 2692 3283 2761 apostolici.
3319 2692 3519 2743 Vienna:
3552 2692 3646 2743 Eo-

2154 2781 2257 2833 oldi
2284 2783 2533 2847 episcopi.
2572 2782 2696 2834 Item
2742 2784 2792 2832 in
2838 2781 3141 2833 Alexandria
3186 2780 3352 2830 natale
3393 2778 3641 2838 Parnieni,

2157 2870 2316 2920 Eracli
2345 2909 2360 2932 ,
2412 2870 2569 2933 Elite,
2612 2869 2893 2935 Apollonii,
2944 2867 3142 2931 Aucvi,
3207 2876 3262 2919 et
3301 2867 3511 2918 aliorum
3555 2864 3643 2917 de.

1724 2948 1954 3005 ‘EDlTIO
1994 2953 2465 3007 BOLLANDIANA.

617 3042 667 3095 5.
698 3049 767 3082 —-'
800 3040 862 3095 111
891 3040 1077 3093 Notus.
1116 3039 1269 3092 Vacat
1299 3039 1466 3091 Baeda.

617 3131 701 3190 1)..
731 3128 874 3196 Syria
895 3129 947 3180 S.
979 3135 1002 3196 ξι
1032 3128 1206 3196 Donati
1236 3127 1490 3196 martyris.
1530 3126 1702 3196 Romae
1725 3126 1750 3163 ι’
1776 3126 1894 3196 lete
1923 3142 2050 3178 υιο-

551 3200 621 3249 ris
646 3193 932 3248 Nicostrati.
959 3195 1019 3244 (ἶ.
1051 3194 1145 3254 ν..
1181 3195 1231 3244 lit
1277 3194 1445 3244 Sietlia
1496 3193 1798 3258 Agathonis,
1832 3194 2050 3258 Triplic-

555 3207 621 3249 ris
646 3207 932 3248 Nicostratl.
959 3207 1019 3244 ti.
1057 3207 1145 3254 ν..
1182 3207 1231 3244 In
1277 3207 1445 3244 btetlta
1496 3207 1533 3243 A
1571 3207 1798 3252 atttottts,
1834 3207 2049 3258 "trtpno-

555 3267 653 3322 nis,
686 3262 941 3328 Feratoris
966 3259 1244 3328 [Feratotjis
1268 3260 1320 3328 in
1349 3261 1452 3310 solo
1480 3207 1580 3328 αἶ.
1608 3261 1909 3328 "l'ltetidosii,
1955 3262 2049 3313 Se-

552 3330 781 3380 cundini.
813 3332 870 3378 A.
892 3326 952 3377 Τ.
983 3327 1062 3385 [..,
1093 3328 1142 3377 In
1164 3326 1334 3377 Tomis
1355 3326 1555 3379 civitate
1584 3327 1748 3393 natale
1768 3327 1857 3379 SS.
1881 3328 2049 3379 'l‘lteo-

554 3397 661 3447 doti
686 3406 737 3447 et
766 3394 1055 3447 Secundini.
1105 3396 1164 3445 A.
1199 3393 1281 3455 T.,
1314 3393 1367 3443 In
1400 3394 1699 3445 Alexandria
1741 3396 1795 3446 S.
1825 3395 2047 3459 Arpotis.

553 3462 615 3514 Τ.
643 3462 698 3513 L.
732 3462 811 3521 Β..
841 3462 893 3513 In
920 3459 1086 3512 Sicha
1130 3461 1293 3524 passio
1321 3460 1415 3512 SS.
1441 3460 1717 3524 Agathonis
1763 3475 1806 3512 et
1835 3462 2053 3523 Tripho-

556 3530 652 3582 nis.
685 3529 764 3590 8.,
797 3529 847 3579 In
872 3527 1044 3579 Tomis
1070 3528 1332 3584 Stratot’is,
1358 3526 1644 3588 Theodori,
1676 3527 1923 3589 liodoliae,
1955 3530 2057 3579 Se-

556 3596 783 3649 cundini.
819 3595 869 3646 ltt
898 3593 1204 3645 Alexandria
1240 3594 1460 3656 ErpOtis.

626 3688 675 3734 υ.
701 3711 769 3722 -
795 3683 833 3735 ll
861 3681 1048 3735 NONAS.
1090 3691 1110 3717 ε
1140 3679 1281 3733 Isaia:
1329 3681 1586 3747 prophetae
1630 3689 1681 3733 et
1708 3689 1897 3734 octava:
1936 3695 2061 3749 apo-

560 3773 825 3823 stolorum.

650 3859 827 3911 Florus
864 3858 912 3908 in
942 3861 1002 3910 A.
1030 3858 1091 3907 T.
1121 3857 1178 3907 L.
1198 3896 1213 3919 ,
1241 3856 1413 3907 Roma)
1455 3857 1621 3922 passio
1665 3857 1720 3908 S.
1747 3855 1770 3892 ἀ
1796 3858 2064 3923 Tranquil—

569 3946 679 4005 lini,
710 3944 872 3995 Patris
902 3945 1006 4013 μη
1030 3942 1209 4008 Petris]
1236 3942 1385 3993 Marct
1412 3953 1463 3999 et
1488 3943 1793 3995 Marcelliani
1821 3964 1831 3995 :
1862 3946 1945 4007 qui
1976 3944 2067 3995 do-

568 4034 741 4086 ctrinis
768 4033 827 4085 B.
876 4032 1159 4086 Sebastiani
1189 4032 1653 4084 Christianissimus
1680 4032 1886 4085 elfectus
1907 4073 1920 4093 ,
1949 4032 2069 4083 dum

2075 3044 2117 3099 C
2149 3042 2210 3092 ad
2262 3047 2286 3075 ⁸
2312 3041 2685 3093 confessionem
2729 3040 2787 3091 Β.
2842 3038 2980 3092 Pauli
3009 3039 3338 3101 accessisset,
3383 3052 3643 3105 perpessus

2155 3127 2380 3189 insidias,
2409 3136 2576 3179 tentus
2626 3136 2672 3179 et
2718 3140 2745 3177 a
2777 3127 2959 3193 populo
2987 3124 3255 3188 lapidatus,
3302 3135 3642 3183 ntortuusest,

2152 3226 2436 3279 corpusque
2460 3213 2569 3279 ejus
2597 3212 2838 3265 Tiberino
2880 3210 3061 3277 gurgiti
3110 3211 3465 3277 mancipatum.
3512 3212 3645 3263 δαῖέ

2156 3308 2295 3367 ptum
2335 3300 2564 3367 ingestis
2594 3300 2649 3351 Β.
2682 3299 2987 3351 Sebastiani.

2225 3388 2305 3449 Β..
2337 3388 2387 3437 In
2416 3387 2560 3452 Syria
2590 3385 2770 3446 Zotici,
2803 3386 3035 3446 Amandi,
3064 3384 3275 3437 Arteria.
3311 3385 3643 3452 Augustiduno

2157 3454 2410 3519 depOsitio
2436 3458 2487 3506 δ.
2522 3454 2718 3505 Leontii
2745 3454 2990 3517 episcopi.
3021 3455 3072 3502 In
3103 3454 3642 3519 Alexandrinam,

2159 3516 2284 3586 Zeti.
2318 3522 2373 3570 Β.
2406 3520 2488 3583 L.,
2522 3522 2583 3570 Et
2610 3522 2657 3571 in
2685 3516 2837 3586 Binga
2867 3521 3034 3572 natale
3067 3520 3122 3570 S.
3160 3518 3178 3554 τ
3211 3520 3387 3571 tionis
3410 3516 3488 3585 [Β.
3518 3518 3643 3570 (Sao-

2160 3584 2248 3654 ris]
2277 3588 2599 3640 confessoris.

2230 3679 2279 3729 7.
2302 3706 2367 3715 —
2387 3677 2564 3729 NONIS.
2598 3676 2750 3727 Vacat
2778 3675 2945 3727 Bteda.

2232 3765 2289 3815 (Σ.
2335 3764 2390 3814 Β.
2424 3764 2507 3826 V.,
2548 3763 2599 3812 lit
2630 3761 2942 3820 ,Alexandria
2994 3758 3265 3812 Parthentii
3290 3799 3307 3821 ,
3336 3759 3517 3811 Eraclii
3545 3756 3641 3827 [B.,

2167 3828 2488 3900 Apollonii],
2519 3829 2683 3900 Publii
2710 3828 2824 3900 cum
2867 3828 3180 3900 aliisdecem
3257 3827 3342 3900 [Ἰ
3369 3826 3577 3900 novent]
3600 3835 3645 3900 et

2169 3893 2302 3948 octo.
2336 3901 2393 3946 A.
2426 3897 2484 3948 'l‘.
2516 3896 2595 3955 L.,
2641 3899 2691 3946 ltt
2730 3896 3033 3948 Alexandria
3076 3893 3247 3946 natale
3274 3894 3370 3946 SS.
3401 3893 3641 3955 Apollonii

2173 3963 2276 4029 |L.,
2303 3962 2550 4029 lleraclet]
2572 4002 2585 4026 ,
2616 3962 2757 4029 Helei
2794 3976 2846 4014 et
2874 3962 3101 4029 Partneni
3126 3999 3140 4019 ,
3170 3960 3410 4029 hactenus
3436 3966 3516 4017 Α..
3541 3972 3643 4029 ctuti

2172 4025 2286 4083 aliis
2314 4025 2679 4082 ttotemdecitu.
2711 4028 2791 4090 3.,
2817 4030 2878 4079 Et
2900 4028 3017 4078 alibi
3041 4028 3337 4087 Alexandrt,
3366 4025 3640 4077 Partimiuii.

1882 4121 2078 4175 SMITII
2116 4118 2334 4171 NOTAE.

585 4214 689 4261 dem
714 4209 884 4261 Totilte
909 4210 1109 4273 imperio
1152 4208 1201 4257 in
1231 4204 1442 4257 Francia
1470 4208 1625 4271 capite
1655 4216 1949 4258 truncatum.
1983 4205 2076 4256 Ca-

575 4288 657 4341 put
693 4276 930 4336 Hispalim
960 4278 1194 4339 delatum,
1226 4275 1466 4323 civitatem
1496 4276 1658 4323 multis
1695 4274 2073 4332 calamitatibus,

2178 4204 2311 4268 quod
2339 4202 2470 4269 apud
2500 4203 2703 4253 Grrecos
2742 4202 3073 4269 martyrium;
3120 4202 3347 4268 quamvis
3388 4216 3485 4253 non
3527 4202 3643 4253 ideo

2184 4286 2388 4332 prorsus
2414 4272 2543 4335 apud
2572 4270 2703 4330 illos,
2734 4269 2816 4335 qui
2845 4270 2976 4331 apud
3007 4283 3119 4328 nos,
3149 4284 3323 4320 earum
3350 4282 3525 4318 vocum
3545 4284 3647 4320 seu.

572 4319 746 4407 ἦυὲιηω
774 4319 860 4391 Ῐιοο
891 4351 988 4392 toto
1018 4319 1261 4405 septennia
1291 4341 1612 4403 laboraverat,
1646 4319 1925 4390 asser‘uisse.
1952 4319 2076 4407 Cor:
2109 4319 2152 4375 θ
2177 4319 2262 4387 sus
2298 4339 2381 4407 sit.
2417 4319 2536 4407 Nam
2581 4319 2764 4388 Grar'ci'
2788 4319 3271 4407 martyrii__nomitte
3312 4349 3645 4407 nonnunquam

581 4406 671 4475 pus
709 4426 733 4456 a
767 4409 821 4457 ll.
848 4409 1062 4459 Eusebio
1104 4409 1379 4475 Arelatensi
1425 4410 1663 4472 episcopo
1713 4410 1760 4458 itt
1792 4406 2071 4475 ABitnrensi,

582 4473 689 4541 lege
735 4474 1028 4525 Bituricensi
1052 4484 1129 4541 “et
1163 4474 1384 4541 intellige
1423 4490 1519 4524 non
1550 4476 1613 4525 de
1654 4475 1757 4541 ipsa
1788 4473 2071 4536 Metropolt,

577 4539 666 4593 sed
693 4544 757 4594 de
783 4542 878 4592 alia
908 4556 1019 4607 qua:
1049 4539 1325 4597 Vastinnui,
1358 4539 1512 4590 Vala"
1542 4540 1836 4605 appellatur,
1870 4542 2079 4607 civitate

582 4611 662 4673 pie
713 4606 985 4673 sepultum.
1036 4606 1157 4670 Ejus
1203 4607 1368 4673 passio
1414 4606 1727 4673 describitur?
1770 4610 1898 4670 apud
1946 4606 2075 4656 l’bil.

588 4672 779 4737 Labbe,
811 4676 936 4727 Bibl.
966 4674 1093 4725 Nov.
1123 4684 1243 4723 tom.
1269 4672 1330 4731 ll,
1356 4687 1404 4737 p.
1426 4673 1550 4731 «ιη,
1578 4672 1662 4731 qni
1688 4672 1755 4721 ait
1785 4682 2079 4735 persecuto-

584 4760 688 4794 rem
722 4743 954 4793 Lauriani
997 4744 1159 4804 potius
1200 4740 1469 4790 dicendum
1498 4740 1720 4805 Agilatn,
1751 4739 1833 4800 qui
1883 4749 2000 4789 tunc
2030 4739 2079 4788 iu

586 4810 826 4874 Hispania
853 4808 1169 4874 Wesegothis
1201 4818 1431 4870 pra-erat,
1464 4822 1611 4869 quam
1639 4805 1878 4874 Tottl:t_t_n.

658 4869 694 4909 ι’
714 4877 911 4927 Donati.
958 4869 1163 4924 Ret-tius
1191 4869 1409 4933 Domitii,
1438 4883 1489 4922 ut
1524 4882 1771 4922 testantur
1800 4869 2081 4929 Usuardtts,

594 4942 723 4999 Ado,
750 4946 1013 5002 ltaronius,
1061 4941 1122 4989 de
1152 4954 1250 5002 quo
1271 4939 1419 5004 tireg.
1445 4940 1637 4989 Turon.
1668 4942 1731 4990 tle
1759 4936 1929 4988 Gloria
1958 4950 2086 5004 mar-

592 5022 776 5076 tyrum,
794 5024 827 5070 I,
854 5010 968 5076 ιοῳ.
1001 5008 1139 5076 llunc
1164 5002 1409 5076 Baronius
1438 5006 1605 5076 nescio
1632 5020 1727 5071 qua
1754 5006 1817 5056 de
1845 5017 1997 5055 causa
2022 5002 2086 5054 ab

594 5072 711 5137 iatn,
736 5090 883 5140 quem
914 5074 1183 5135 Gregorius
1217 5074 1402 5140 laudat,
1435 5072 1712 5140 distinguit.

661 5136 837 5192 btlitd.
867 5141 998 5193 lore.
1030 5141 1100 5203 De
1128 5153 1183 5190 ea
1214 5136 1373 5203 pridie
1397 5139 1654 5203 agebatur.

667 5224 685 5247 τ
718 5208 883 5260 Isaite.
913 5211 1004 5269 Qui
1035 5202 1126 5257 sub
1151 5202 1377 5256 Manassc
1406 5202 1520 5265 rege
1548 5215 1715 5253 sectus
1744 5203 1790 5251 itt
1820 5202 1947 5254 duas
1975 5214 2088 5266 par-

597 5287 672 5328 tes
697 5276 953 5335 occubuit,
977 5274 1301 5336 sepultusque
1323 5280 1403 5323 est
1427 5273 1520 5321 sub
1543 5284 1731 5335 quercu
1756 5270 1911 5336 liogel
1938 5269 2087 5335 juxta

598 5346 861 5394 ttansittttn
889 5356 1152 5402 aquarum.
1197 5338 1463 5390 UARONIUS.

669 5414 692 5449 ά
729 5399 1068 5475 Trunqnillirti.
1099 5404 1220 5456 Vide
1244 5407 1366 5456 Acta
1390 5402 1673 5457 Sebastiani
1702 5403 1833 5468 apud
1860 5399 2086 5453 Bollattd.

602 5478 682 5524 die
712 5494 733 5524 κ
748 5492 772 5524 ι
802 5476 1049 5526 Januarii.

670 5552 691 5575 ε
722 5544 1099 5604 (ἰιηηλρδδίοηιιη.
1139 5537 1403 5591 (ἶυιοίυεδὶο
1440 5536 1567 5604 apud
1599 5537 1801 5590 I.attuos
1831 5535 1962 5589 idetu
1991 5541 2087 5591 est,

2180 4412 2333 4454 totam
2367 4404 2627 4454 Basilicam
2674 4400 2982 4468 martyribus
3008 4401 3227 4451 dicatam
3275 4403 3538 4465 appellant.
3568 4400 3645 4452 La-

2180 4472 2267 4519 tini
2300 4483 2418 4520 vero
2449 4472 2637 4532 partem
2677 4477 2870 4518 tantum
2908 4468 3045 4517 illam
3086 4469 3137 4517 in
3176 4469 3408 4523 ecclesia.
3436 4469 3518 4518 ubi
3544 4482 3649 4520 coa-

2178 4538 2297 4587 dizae
2335 4544 2451 4585 sunt
2491 4534 2717 4599 reliquite
2757 4535 2849 4584 sub
2890 4534 3057 4592 altari,
3090 4550 3187 4583 non
3228 4536 3387 4600 ipsam
3424 4536 3646 4595 integrant

2180 4603 2445 4653 ecclesiam
2517 4602 2774 4668 appellant
2841 4602 3235 4653 confessionem.
3314 4603 3561 4654 [haustus
3606 4615 3647 4650 ll

2181 4669 2333 4719 notis.
3584 4674 3597 4701 I

2252 4734 2269 4769 ί
2301 4734 2492 4785 (ἐσθής.
2543 4734 2595 4785 ln
2646 4746 2772 4801 pago
2815 4733 3147 4801 Trevirensi.
3180 4734 3277 4797 Qui
3306 4735 3373 4801 Ain
3415 4732 3646 4801 provincia

2183 4802 2469 4866 Aquitania:
2497 4808 2659 4864 ortus,
2704 4799 3016 4867 temporibus
3040 4799 3321 4852 iltldeberti
3359 4804 3487 4867 regis
3512 4800 3648 4851 Fraa-

2182 4881 2358 4917 corunt
2393 4870 2599 4931 patriam
2632 4878 2963 4930 parentesque
2988 4866 3235 4929 deseruit,
3266 4877 3318 4919 et
3346 4869 3394 4919 in
3420 4866 3648 4933 provincia

2184 4947 2297 4997 qua:
2346 4934 2520 4983 liheno
2567 4934 2759 4984 ﬂumini
2805 4935 3062 4995 contigua,
3101 4933 3331 4999 Trtgoria
3374 4936 3648 5001 appellatur.

2184 5010 2335 5062 atque
2381 5002 2441 5049 ad
2470 5002 2713 5051 dimt-esin
2745 5001 2966 5063 pertinet
2994 5001 3342 5063 Trevirorum,
3374 5003 3473 5053 Dro
3497 5002 3650 5051 deset-

2186 5068 2292 5117 vire
2322 5068 2565 5119 decrevit.
2602 5066 2959 5131 Episcoliatum
2988 5065 3341 5119 Trevirensem
3377 5069 3467 5119 sibi
3493 5078 3648 5129 magna

2187 5134 2422 5183 instantia
2451 5136 2696 5193 oblatum,
2727 5132 2909 5182 nedtttn
2940 5137 3211 5194 recusavit,
3241 5139 3329 5185 sed
3358 5149 3421 5184 ne
3444 5132 3503 5183 ad
3531 5133 3646 5183 illul

2188 5200 2472 5249 traheretur
2521 5202 2722 5256 invitus,
2775 5212 2800 5246 a
2834 5197 2937 5248 Deo
2981 5201 3199 5251 obtinuit
3243 5201 3370 5251 intra
3410 5197 3648 5250 ter-iuu-

2186 5264 2254 5314 ΞΟ
2283 5267 2477 5315 dierum
2505 5268 2581 5316 sui
2611 5278 2838 5328 corporis
2864 5264 3191 5317 solutionem.
3230 5270 3423 5330 Corpus
3444 5275 3597 5318 autem
3623 5276 3646 5312 I

2188 5334 2382 5383 duobus
2412 5332 2719 5398 presbyteris
2758 5333 2909 5382 sociis
2952 5346 3080 5391 suts,
3106 5344 3159 5383 et
3197 5335 3262 5383 ah
3289 5332 3403 5383 aliis
3430 5333 3648 5395 sepulti-ta

2190 5398 2285 5447 l‘uit
2334 5401 2379 5447 in
2408 5401 2584 5450 eadem
2614 5398 2827 5449 ecclesia
2856 5413 3005 5462 quam
3056 5398 3163 5463 ipse
3189 5399 3521 5453 mitificavcrat
3542 5408 3650 5449 attat

2193 5463 2388 5517 Domini
2415 5464 2533 5518 600.
2567 5465 2725 5519 Pera.
2753 5479 2813 5517 os
2841 5464 3041 5519 NATAL-
3072 5467 3223 5519 Gula.
3252 5465 3374 5518 SEN.

3210 5832 3828 6280 Α
