3888 6360
256 476 369 529 969

1350 477 1530 531 SECT.
1575 477 1632 529 Il.
1671 508 1737 519 -—
1777 478 2312 529 MAIliYilULOGIA.

3287 472 3382 525 9ἶο

1498 583 1712 635 EDITIO
1749 582 2196 637 COLONIENSIS.

256 680 381 720 cem
408 680 457 721 et
485 684 686 723 novem.
731 670 919 722 Eodem
968 669 1047 721 die
1090 672 1249 721 sancti
1279 667 1532 722 Wilibatdi
1576 669 1775 722 conl'es—
1800 688 1845 740 Α
1876 672 2036 723 sancti
2085 671 2307 723 Zenonis
2344 670 2601 738 martyris,
2634 680 2686 722 et
2709 671 2923 722 aliorum
2953 670 3128 722 decem
3163 668 3375 723 mil.ium

262 770 420 808 8οης.
1232 794 1235 795 ν

336 841 401 893 G.
444 842 545 895 VIII
591 842 703 896 Inus
746 845 895 896 λίπω.
938 843 990 896 In
1036 858 1161 910 pago
1210 845 1457 901 Austritn,
1513 852 1565 893 et
1608 853 1775 895 castro

265 930 475 980 nomine
499 915 1192 997 Wireiburg,.jm1ﬁleunrn
1219 912 1570 992 ﬂuvium’sito,
1604 932 1773 982 natale

263 1018 431 1068 sancti
460 1016 644 1068 Ki’iani
686 1018 945 1084 martyris,
993 1026 1047 1070 et
1087 1017 1301 1068 duorum
1347 1017 1598 1067 ειητὶοτυιιι
1644 1018 1775 1080 ejus,

262 1101 350 1165 qui
395 1104 457 1153 ali
497 1103 729 1154 lIibernia
778 1104 1047 1154 Scotorum
1078 1103 1238 1153 insula
1276 1103 1554 1164 venientis,
1588 1117 1773 1155 nomen

263 1183 457 1239 Christi
502 1188 550 1239 iii
597 1190 855 1254 praedictis
883 1190 1009 1240 locis
1040 1190 1464 1254 pra‘tlicaverunt,
1512 1192 1677 1255 ibique
1710 1191 1777 1244 ob

264 1275 498 1326 veritatis
542 1276 920 1327 confessionem
953 1278 1049 1327 sub
1076 1279 1295 1341 quodam
1324 1278 1494 1341 judice
1517 1279 1774 1331 Gozberto

265 1364 509 1415 trucidati
553 1374 690 1427 Sunt,
737 1374 790 1416 et
834 1364 1006 1416 multis
1053 1376 1225 1430 postea
1264 1367 1423 1433 signis
1452 1369 1555 1419 veri
1584 1367 1774 1419 Christi

261 1462 519 1518 martyres
546 1466 659 1504 esse
687 1452 1000 1503 claruerunt.
1032 1451 1085 1502 lu
1120 1452 1386 1503 Palmstina
1418 1455 1585 1505 natale
1610 1454 1773 1506 SanCli

262 1536 523 1603 Procopii,
565 1538 647 1604 qui
678 1554 705 1588 a
734 1538 965 1603 Nicopoli
1012 1539 1196 1591 ductus
1235 1538 1543 1603 Caesaream,
1581 1541 1645 1592 ad
1671 1543 1775 1603 pri-

260 1639 402 1678 mani
454 1627 839 1690 responsionum
885 1627 1269 1683 conﬁdentiam.
1314 1627 1441 1679 irato
1471 1627 1643 1694 judice
1671 1629 1772 1679 Fa-

262 1712 435 1777 biano,
468 1716 630 1780 capite
657 1728 820 1765 caisus
847 1724 945 1766 est.
977 1714 1124 1777 Apud
1168 1712 1337 1765 Asiani
1372 1716 1618 1767 minorem
1649 1729 1772 1767 san-

259 1809 461 1851 Clorllm
514 1799 708 1867 Aquilae
749 1809 801 1852 et
847 1800 1094 1851 Priscilla:
1138 1801 1314 1852 uxoris
1364 1800 1497 1866 ejus,
1549 1816 1764 1867 quorum

260 1882 429 1937 Lucas
457 1886 505 1936 in
536 1886 743 1937 Actibus
772 1886 1124 1949 apostolorum
1143 1887 1405 1937 meminit.
1663 1874 1669 1879 ’

1876 757 2208 809 ducentorum
2233 768 2282 811 et
2316 758 2488 809 trium.
2520 757 2572 809 In
2594 758 2799 809 civitate
2826 756 2963 822 Tyro
2991 756 3158 809 natale
3182 767 3384 810 sancto-

1880 858 1990 894 rum
2021 844 2300 895 Aiiatholim
2326 853 2378 895 et
2406 847 2642 899 Attiiacis,
2692 846 2785 895 sub
2842 842 2995 895 Decio
3047 842 3381 909 imperatore.

1854 927 2081 989 Quorum
2110 929 2380 980 Aiiatliolia
2420 943 2537 980 cum
2564 932 2749 979 multos
2786 929 2833 981 iii
2869 930 3058 981 Piceno
3079 930 3267 994 oppido
3298 932 3380 982 iti-

1861 1014 2060 1077 Iirnios,
2085 1014 2333 1066 liiiiaticos
2357 1031 2416 1068 ac
2442 1016 2791 1069 daemoniacos
2833 1028 3085 1080 curasset,
3117 1017 3267 1068 ducta
3288 1026 3388 1078 cst,

1851 1102 2066 1169 jubente
2096 1106 2446 1171 Faustiniano,
2491 1107 2553 1158 ad
2603 1107 2858 1159 civitatein
2888 1108 3101 1174 Tyrum.
3143 1118 3195 1159 et
3224 1106 3391 1158 diver-

1862 1190 1937 1241 sis
1992 1192 2251 1257 plagarum
2292 1193 2567 1259 generibus
2611 1204 2832 1255 vexata;
2885 1194 3068 1244 deinde
3107 1208 3223 1245 cum
3278 1207 3390 1243 ser-

1859 1287 2012 1343 pente
2032 1290 2137 1333 tota
2164 1290 2313 1333 nocte
2346 1283 2561 1345 inclusa,
2593 1283 2717 1334 iiiliil
2752 1283 2869 1335 ltesa
2896 1284 3202 1349 est,qtiinet
3222 1282 3386 1347 ipsum

1858 1365 2101 1432 Marsum,
2129 1367 2211 1434 qui
2238 1380 2528 1433 serpentem
2561 1373 2851 1429 dimiserat,
2872 1373 3077 1424 nomine
3110 1372 3389 1424 Audacem.

1871 1461 2023 1498 mane
2062 1461 2091 1498 a
2127 1462 2220 1499 suo
2262 1459 2502 1512 serpente
2545 1447 2918 1509 devorandum,
2964 1448 3169 1516 eripuit,
3220 1458 3273 1502 et
3315 1452 3377 1501 ad

1868 1535 2125 1587 Christum
2171 1536 2582 1605 martyriumque
2624 1537 2900 1632 cpnvertit.
2954 1536 3079 1589 Nam
3109 1538 3217 1602 ipse
3264 1547 3381 1603 post

1870 1622 1979 1673 htec
2002 1624 2068 1673 ob
2094 1623 2471 1677 confessionem
2527 1622 2755 1695 veritatis
2794 1624 2844 1676 in
2884 1623 3163 1677 custodiam
3204 1624 3376 1685 datus,

1869 1725 1965 1763 nec
1992 1726 2135 1762 mora
2165 1713 2369 1775 capitali
2397 1714 2647 1766 sententia
2675 1719 2755 1766 est
2781 1724 3077 1765 coronatus.
3109 1712 3220 1777 Ipsa
3248 1726 3378 1776 qiro-

1868 1816 1968 1869 que
1996 1801 2134 1865 virgo
2170 1801 2358 1855 Christi
2406 1801 2840 1865 transverberata,
2871 1815 2985 1855 cum
3013 1809 3173 1852 staret
3200 1810 3379 1850 exten-

1869 1893 1944 1943 sis
1993 1892 2226 1943 maiiibus
2254 1890 2303 1941 iu
2333 1891 2584 1952 oratione,
2633 1891 2699 1939 ita
2748 1899 2803 1942 ut
2844 1903 2937 1955 per
2980 1889 3215 1941 dextrum
3248 1888 3381 1937 latus

282 1970 287 1977 ’
335 1974 401 2024 Δ.
442 1971 523 2024 VII
555 1972 666 2027 lous
702 1973 859 2025 Juui.
898 1971 1077 2023 Roma:
1118 1972 1181 2023 ad
1228 1973 1434 2025 Guttam
1482 1984 1770 2026 manantem
1802 1967 2068 2042 Bgladius
2117 1977 2341 2041 missus,
2390 1988 2479 2042 per
2524 1975 2789 2027 sinistrum
2836 1975 3019 2037 exiret,
3062 1972 3257 2035 sepulta
3302 1980 3381 2021 est

1463 2077 1676 2130 EDITIO
1718 2079 2196 2133 BULLANDIANA.

263 2183 349 2242 D.,
386 2181 686 2233 Alexandria
719 2180 775 2249 S.
806 2189 828 2215 ι
852 2180 1080 2249 Panteni.
1108 2180 1299 2249 Iterum,
1330 2192 1605 2249 martyrum
1633 2181 1657 2219 δ
1680 2183 1770 2235 Ni-

260 2251 471 2301 costrati
492 2290 506 2311 ,
542 2249 723 2308 Primi,
752 2248 963 2311 Sesiuii,
996 2258 1017 2284 ε
1040 2248 1231 2300 Claudii
1259 2248 1766 2311 coiiiiueiitarieusis,

263 2318 479 2368 tiastorii
504 2355 520 2378 ,
554 2317 833 2370 Victorini.
879 2316 1231 2381 Syinplioriaui
1258 2354 1271 2377 ,
1311 2329 1439 2380 quos
1490 2320 1541 2365 ιι
1580 2317 1771 2369 Sebas—

262 2386 433 2434 tianus
472 2385 681 2435 credere
724 2383 985 2433 Christum
1025 2383 1232 2444 docuit,
1278 2390 1330 2434 et
1366 2381 1422 2435 S.
1455 2382 1767 2450 Pulycarpus

263 2452 527 2516 presbyter
558 2450 847 2515 baptizavit.

332 2534 602 2587 8.—V|ll
656 2534 788 2587 Inus.
834 2534 1010 2588 Natale
1046 2531 1071 2570 δ
1096 2534 1325 2602 Procopii
1371 2535 1421 2587 in
1469 2535 1766 2601 Palatstina,

261 2623 351 2687 qui
378 2624 444 2674 ab
466 2623 765 2691 Scytliopoli
794 2624 975 2676 ductus
999 2623 1301 2685 Cmsaream,
1324 2624 1387 2677 ad
1416 2628 1630 2687 primam
1660 2641 1769 2680 res-

263 2711 569 2777 ponsionum
600 2712 709 2777 ejus
736 2711 1095 2764 conﬁdentiam
1125 2711 1256 2765 irato
1282 2712 1459 2766 Judice
1490 2714 1767 2778 Flaviano,

260 2798 427 2860 capite
453 2809 616 2848 caesus
639 2805 736 2847 est.

336 2880 413 2939 Β..
468 2880 692 2946 Angusta
722 2878 1105 2933 Virmandoruin
1156 2883 1380 2934 inventio
1427 2882 1655 2945 corporis
1705 2883 1761 2937 S.

266 2946 533 3016 {Quintini
580 2946 856 3016 martyris.
890 2949 950 2999 Et
996 2949 1118 3002 alibi
1162 2950 1361 3016 Agresti
1387 2990 1401 3013 ,
1444 2950 1669 3005 l’riniuli.
1714 2953 1769 3004 Iti

263 3012 415 3066 Nicea
446 3014 680 3077 Sostrati,
713 3012 901 3067 Erailii.

331 3099 474 3153 9.—
498 3100 582 3153 VII
630 3100 760 3154 Inus.
793 3102 846 3153 In
892 3102 1095 3155 civitate
1143 3102 1331 3171 t"I'yrae
1381 3098 1471 3174 [γ.
1504 3105 1672 3157 Torac.
1709 3105 1770 3158 Τ.

262 3184 454 3256 Tliyro.
488 3188 547 3240 L.
575 3185 770 3257 Tiriai],
798 3189 968 3242 natale
996 3190 1094 3243 SS.
1123 3191 1404 3243 Auathulia:
1444 3201 1495 3244 et
1548 3195 1770 3247 Audacis

1864 2187 1961 2239 sub
1992 2185 2145 2238 Decio
2176 2188 2511 2252 imperatore;
2537 2200 2752 2252 quorum
2783 2185 3070 2248 Anatbolia,
3103 2202 3216 2239 cum
3245 2190 3373 2238 ntul-

1866 2280 1946 2324 tos
1995 2271 2045 2325 iu
2091 2273 2274 2325 Piceno
2323 2272 2589 2335 inﬁrmos,
2640 2274 2890 2325 luuaticos
2934 2288 2992 2325 ac
3037 2275 3376 2326 daenioniacns

1863 2370 2129 2421 curasset;
2168 2360 2317 2411 ducta
2347 2370 2423 2411 est
2454 2360 2664 2426 jubente
2697 2360 2989 2411 Festiniano
3021 2361 3082 2410 ad
3114 2360 3375 2412 civitatem

1865 2446 2029 2512 Tyras,
2058 2456 2105 2497 et
2130 2446 2345 2497 diversis
2376 2447 2634 2512 plagarum
2662 2448 2933 2511 generibus
2956 2457 3152 2497 vexata.
3179 2446 3375 2499 Deinde

1866 2549 1981 2587 cum
2028 2541 2269 2601 serpente
2320 2543 2420 2584 tota
2471 2543 2617 2585 nOcte
2663 2533 2853 2585 iuctusa
2882 2572 2897 2594 ,
2928 2532 3049 2585 nihil
3099 2533 3216 2585 lassa
3258 2545 3373 2585 est:

1865 2621 1986 2689 quin
2016 2633 2067 2673 et
2096 2626 2259 2688 ipsum
2292 2621 2601 2681 ministrum,
2631 2621 2715 2685 qui
2746 2631 3033 2687 serpentem
3064 2622 3369 2684 immiserat,

1868 2712 2072 2761 nomine
2100 2710 2384 2773 Audacem,
2411 2722 2558 2760 mane
2584 2724 2609 2758 a
2639 2722 2733 2760 suo
2762 2717 3001 2771 serpente
3027 2708 3370 2761 devorandum

1866 2798 2074 2863 eripuit,
2100 2805 2153 2851 et
2177 2799 2241 2849 ad
2261 2799 2451 2852 Christi
2475 2799 2769 2865 martyrium
2796 2799 3061 2852 convertit.
3092 2798 3372 2869 (Hactenus

1872 2890 1959 2956 A.)
1988 2889 2111 2941 Nam
2136 2890 2247 2955 ipse
2276 2900 2391 2954 post
2437 2893 2531 2941 lioe
2559 2889 2626 2941 ob
2661 2890 3031 2943 confessionem
3064 2892 3292 2944 veritatis
3324 2892 3371 2943 iii

1871 2960 2158 3030 custodiam
2186 2978 2353 3036 datus.
2392 2992 2485 3031 nec
2515 2991 2681 3040 mora,
2710 2978 2913 3042 capitali
2943 2978 3192 3029 sententia
3222 2994 3373 3030 coru—

1874 3074 2024 3117 natus
2068 3075 2163 3117 est.
2197 3065 2305 3131 Ipsa
2348 3080 2547 3129 queque
2580 3065 2729 3130 Virgo
2763 3066 2948 3116 Christi
2994 3065 3162 3131 gladio
3208 3076 3372 3117 trans-

1874 3154 2141 3205 verberata
2168 3161 2249 3205 est
2270 3193 2282 3216 ,
2315 3167 2429 3203 cum
2470 3159 2628 3204 staret
2655 3151 2877 3204 extensis
2906 3152 3137 3204 manibus
3175 3152 3223 3204 in
3251 3167 3370 3203 ori-

335 3372 359 3399 ι
394 3363 615 3417 Ραηιεηί,
665 3363 846 3419 Stoica!
896 3372 1048 3416 sectm
1099 3364 1384 3429 pliilos0plii
1411 3404 1425 3426 ,
1475 3365 1559 3431 qui
1589 3279 2059 3431 Sjriiifaﬂcutiiz‘fiii
2088 3364 2201 3417 Idus
2232 3363 2411 3415 .lulias.
2444 3363 2603 3416 Grmci
2641 3377 2845 3429 quoque
2885 3364 2979 3416 lioe
3018 3365 3128 3430 ipso
3154 3365 3236 3417 die
3264 3381 3366 3416 me.

263 3434 533 3497 quamdam
585 3441 807 3485 veterem
855 3432 903 3482 in
950 3434 1252 3484 Alexandria
1295 3432 1756 3497 consuetudinem,

266 3501 403 3552 tibia
436 3500 603 3552 Marco
646 3499 954 3564 evangelista
987 3513 1190 3565 semper
1232 3500 1566 3551 ecclesiastici
1616 3499 1762 3553 fuere

265 3567 541 3626 doctores,
596 3575 747 3617 tanta:
794 3566 1070 3630 prudentia:
1117 3574 1169 3615 et
1212 3566 1512 3617 erudtioiiis
1562 3576 1662 3619 tam
1714 3570 1763 3620 in

269 3634 550 3698 Scripturis
579 3634 761 3685 divinis
788 3645 938 3698 quam
968 3636 1016 3683 in
1061 3633 1289 3683 sceculari
1326 3635 1603 3686 litteratura
1634 3634 1761 3698 fuit,

269 3712 325 3751 ut
356 3702 406 3768 in
437 3701 627 3751 Indiam
654 3714 878 3768 quoque»
902 3710 1105 3768 rogatus
1135 3699 1199 3750 ab
1235 3699 1368 3749 illius
1398 3703 1559 3765 gentis
1586 3703 1764 3768 legatis

269 3780 300 3817 a
352 3766 604 3818 Demetrio
656 3766 979 3818 Alexandriae
1017 3766 1257 3830 episcoiio
1304 3769 1591 3818 mitteretur
1617 3766 1761 3829 {ubi

273 3836 465 3897 reperit
492 3832 913 3885 Bartliolonizeum
956 3834 1019 3884 de
1061 3833 1324 3884 duodecim
1374 3835 1619 3897 apostolis
1668 3836 1760 3885 ad-

268 3911 475 3953 ventum
505 3900 699 3951 Domini
726 3899 843 3951 Jesu
870 3901 1009 3964 juxta
1038 3900 1252 3950 Matth-agi
1276 3899 1601 3966 Evangeliuui
1634 3916 1763 3964 pra:-

267 3970 467 4020 dicasse
488 4006 501 4026 ,
531 3968 660 4030 quod
693 3966 1160 4019 IIebraicis'Iitteris
1190 3970 1467 4031 scriptum,
1500 3978 1762 4020 revertens

234 4068 239 4077 ε
268 4036 647 4098 Alexandriam,
671 4048 841 4085 secum
864 4034 1062 4084 detulit.
1092 4034 1269 4084 Docuit
1288 4037 1383 4086 sub
1406 4036 1599 4087 Severo
1625 4037 1763 4097 prin-

266 4104 381 4166 cipe
410 4112 460 4153 et
487 4102 742 4153 Antonino
767 4110 1102 4165 cognomento
1128 4100 1406 4153 Caracalla.
1441 4103 1555 4152 Fuit
1578 4114 1627 4153 et
1647 4104 1765 4154 Cle-

262 4171 456 4227 mentis
498 4169 821 4220 Alexandrini
844 4177 1165 4235 iprteceptor.
1199 4166 1403 4228 Hieron.
1438 4170 1487 4219 iu
1519 4170 1760 4235 Catalngo

264 4238 443 4297 Script.
472 4237 594 4287 ccci.
628 4237 809 4287 Euseb.
836 4234 966 4286 Hist.
991 4232 1047 4293 v,’
1072 4234 1152 4297 10,
1184 4237 1261 4285 II.
1704 4232 1771 4275 3/"

342 4299 681 4353 l’Nicoslmti.
732 4303 888 4352 Mariti
936 4304 990 4352 δ.
1035 4302 1150 4353 Ζοαε
1177 4340 1190 4361 ,
1223 4317 1334 4366 qua!
1378 4315 1527 4363 Supra
1576 4304 1761 4353 colitur

264 4383 316 4420 iv
347 4369 473 4419 Non.
506 4366 643 4418 Julii.
694 4368 806 4420 Fuit
852 4378 904 4419 et
950 4370 1043 4435 hic,
1077 4370 1445 4433 priuiiscriuius
1470 4408 1483 4429 ,
1532 4384 1621 4434 pro
1659 4386 1759 4435 quo

268 4438 400 4488 male
420 4437 655 4487 scribitur
684 4436 855 4498 I'rinii,
887 4434 1088 4486 Sesinii.

344 4513 364 4538 ο
389 4502 603 4555 Claudii.
630 4502 699 4554 De
725 4502 804 4553 his
830 4503 1064 4553 omnibus
1090 4500 1330 4564 scriptum
1361 4513 1438 4552 est
1464 4502 1510 4552 in
1533 4503 1674 4554 Artis
1699 4504 1755 4556 S.

267 4571 548 4621 Sebastiani
592 4571 722 4633 apud
771 4570 1064 4620 Bollandum
1110 4572 1259 4620 editis
1291 4586 1352 4620 iis
1383 4570 1627 4622 Januarii.
1674 4571 1759 4621 Di-

1862 3436 2077 3485 tnoriam
2117 3432 2377 3484 celebrant
2425 3433 2591 3495 magni
2639 3434 2877 3496 martyris
2907 3432 3137 3489 Procojiii
3165 3471 3177 3489 ,
3210 3444 3262 3483 ιιι
3294 3437 3367 3482 ri-

1859 3501 1983 3552 dere
2030 3509 2108 3551 est
2157 3499 2205 3549 iii
2253 3512 2431 3550 eorum
2475 3497 2684 3549 Metitno.
2721 3498 2903 3548 Verum
2953 3498 3047 3548 iste
3091 3500 3366 3562 Procopius

1862 3568 2009 3632 longe
2035 3567 2266 3618 diversus
2288 3575 2365 3617 est
2389 3579 2415 3614 a
2446 3575 2648 3626 nostro,
2682 3564 2800 3616 licet
2825 3564 3071 3616 Eliensis
3102 3566 3284 3629 fuerit,
3316 3581 3366 3618 et

1859 3636 2040 3686 eodem
2073 3633 2179 3685 Ii-re
2213 3642 2441 3695 tempore
2470 3634 2749 3698 eademque
2777 3632 2827 3683 in
2858 3634 3062 3684 civitate
3092 3647 3271 3699 passus
3296 3636 3362 3686 sit

1862 3716 1959 3767 qua
1992 3711 2161 3751 noster
2184 3700 2482 3767 Procopius.
2510 3700 2629 3750 Nam
2657 3705 2735 3750 IttC
2756 3700 2955 3767 quidem
2982 3713 3172 3760 noSter,
3200 3702 3362 3753 loetor

1860 3766 2010 3833 atque
2039 3766 2289 3833 exorcista
2324 3767 2434 3833 fuit,
2464 3774 2517 3814 ut
2548 3774 2759 3816 testatur
2782 3766 3047 3819 Eusebius.
3072 3770 3214 3819 Alter
3240 3784 3359 3821 vero

1862 3832 1946 3885 ille
1972 3872 1985 3895 ,
2025 3835 2124 3883 dux
2166 3832 2258 3882 fuit
2299 3832 2523 3898 .Egypti.
2557 3833 2700 3883 Prior
2740 3833 3059 3883 Christianus
3099 3849 3125 3883 a
3170 3850 3364 3898 puero;

1861 3902 1988 3951 alter
2018 3900 2159 3950 initio
2187 3899 2278 3948 fuit
2302 3901 2589 3949 dainionuui
2619 3901 2803 3950 cultor.
2829 3899 3011 3950 Noster
3033 3902 3180 3953 nullis
3208 3916 3357 3953 vesa—

1864 3976 1941 4018 tus
1972 3968 2235 4017 tormentis
2263 3966 2427 4028 gladio
2453 3970 2604 4015 vitam
2636 3967 2823 4029 amisit,
2850 3966 3150 4018 brevissimo
3182 3974 3359 4020 mortis

1858 4048 2044 4100 genere
2073 4048 2312 4085 coronam
2342 4035 2571 4095 martyrii
2602 4037 2925 4099 promeritus.
2954 4035 3095 4084 Alter
3125 4050 3245 4087 veru
3271 4037 3359 4087 ille

1858 4104 2098 4152 diuturno
2140 4116 2197 4151 ac
2244 4100 2539 4151 dillicilliino
2593 4102 2835 4165 martyrio
2883 4103 3177 4165 perfunctus
3208 4141 3220 4160 ,
3264 4106 3359 4155 sub

1858 4170 2057 4219 duobus
2087 4168 2371 4218 Palmstium
2403 4168 2701 4231 pra-sidious
2730 4169 2871 4217 Justo
2896 4178 2946 4217 et
2975 4168 3217 4219 Flaviano
3246 4186 3358 4229 pra-

1859 4236 2063 4285 vissiuia
2110 4244 2355 4283 tormviita
2404 4236 2657 4282 μιιμιὶιηιιι.
2703 4234 2882 4283 Noster
2919 4234 3137 4299 denique
3181 4246 3359 4296 captus

1858 4313 1939 4353 est
1985 4300 2318 4366 Scytlitipnli,
2368 4308 2518 4364 atque
2568 4303 2682 4351 inde
2734 4300 3017 4351 Cil‘Sﬂl‘cmtl
3074 4301 3356 4353 ΡιιΙΈειιιιςιι

1859 4370 2161 4435 perductus,
2195 4368 2381 4417 ibidem
2428 4376 2591 4428 capite
2634 4382 2793 4417 enisus
2818 4378 2927 4435 est.
2976 4369 3266 4435 Alterivero
3307 4372 3354 4420 iu

1859 4436 2085 4502 tEgypto
2111 4438 2508 4498 cotiiprebeusus
2528 4473 2540 4491 ,
2576 4436 2622 4483 ill
2656 4435 2780 4484 urbe
2816 4434 3079 4485 Ινιηιυιηευε
3110 4434 3355 4487 C:es'ire;i:

1856 4518 1967 4567 qua:
1995 4512 2049 4553 et
2077 4502 2268 4553 Paucas
2295 4502 2427 4551 dicta
2460 4513 2537 4549 est
2562 4540 2576 4560 ,
2608 4514 2903 4566 martyrium
2944 4505 3311 4553 consummavit
3342 4546 3355 4563 ,

1857 4583 1897 4619 SI
1927 4569 2184 4620 credimus
2210 4568 2433 4620 Simeooi
2464 4568 2835 4633 Illetaptirastaz.
2874 4570 3098 4620 VaiCSIUa‘
3127 4572 3174 4619 in
3215 4570 3355 4621 Notis

272 4638 409 4713 versi
439 4638 643 4716 ᾳιιιιιίηο
667 4647 783 4688 sunt
812 4634 1444 4716 lii-abillismartyribus,
1462 4640 1544 4702 qui
1576 4638 1753 4716 IIStie-I‘Il
1786 4660 1832 4716 Ι)
1857 4635 1919 4686 ad
1951 4636 2155 4716 Eusebii
2180 4638 2673 4716 cap‘ut‘przeilictmii.

269 4704 558 4755 nnininibus
585 4712 703 4753 sunt
737 4702 994 4767 appellati,
1025 4702 1325 4766 ct‘quoruiii
1370 4705 1536 4766 agitur
1578 4706 1757 4755 natalis

267 4769 481 4820 interius
527 4769 588 4818 ad
633 4783 681 4819 vi
723 4770 837 4820 Idus
867 4770 1108 4820 Novemb.
1157 4779 1305 4833 prout
1346 4769 1543 4820 diversa
1580 4784 1755 4821 eorum

276 4844 392 4887 acta
422 4836 700 4887 declarant.

336 4902 361 4936 ά
385 4901 635 4970 Procopii.
671 4902 944 4965 Proc0pius
969 4901 1119 4952 domo
1146 4903 1235 4954 luit
1264 4901 1529 4964 Alliensis,
1562 4902 1757 4954 habita-

264 4972 335 5020 vit
384 4983 504 5020 vero
546 4971 882 5035 Scythopoli,
912 4981 1063 5033 atque
1108 4969 1156 5019 in
1202 4985 1259 5020 ea
1309 4972 1429 5022 urbe
1479 4974 1633 5022 lector
1670 4972 1759 5021 fuit

266 5047 420 5100 atque
446 5040 713 5095 exorcista,
732 5046 783 5086 et
806 5049 975 5087 sacras
995 5036 1282 5100 Scripturas
1306 5052 1415 5102 quae
1447 5036 1625 5087 Graeco
1650 5053 1760 5088 ser-

269 5116 420 5154 mone
449 5104 498 5152 in
524 5104 737 5170 ecclesia
766 5103 1079 5166 legebantur,
1113 5106 1418 5165 vernacula,
1452 5105 1499 5155 id
1527 5113 1607 5156 est
1632 5106 1756 5170 Syra

268 5172 437 5234 lingua
464 5209 477 5229 ,
510 5169 639 5232 plebi
683 5169 1039 5234 interpretatus
1065 5181 1159 5219 est.
1201 5170 1450 5221 Eusebius
1495 5174 1543 5221 in
1592 5169 1759 5221 libello

266 5239 332 5288 de
350 5233 655 5304 Martyribus
684 5233 965 5304 Pallesunce
993 5250 1105 5294 cap.
1132 5251 1167 5300 i,
1202 5238 1336 5287 hunc
1368 5247 1512 5287 vocat
1541 5238 1756 5301 primum

266 5318 331 5354 ex
372 5298 671 5370 inart'yribus
699 5298 1019 5370 Palaestinze,
1049 5298 1297 5370 docetque
1323 5316 1439 5353 eum
1470 5298 1755 5353 truncatum

266 5382 383 5420 esse
417 5367 515 5421 die
539 5380 720 5419 octavo
763 5368 950 5428 mensis
992 5367 1123 5418 Desii
1147 5406 1163 5428 .
1192 5370 1287 5419 hoc
1315 5381 1429 5430 est,
1460 5379 1515 5418 ut
1545 5370 1754 5419 lloiiiaiii

267 5439 482 5501 dicunt,
510 5445 626 5486 ante
656 5435 788 5486 diem
816 5434 1085 5496 septimum
1112 5434 1227 5485 Idus
1254 5436 1431 5487 Iunias
1456 5452 1465 5484 :
1494 5435 1756 5501 Inscriptio

268 5500 420 5566 hujus
448 5506 688 5552 Actorum
720 5517 766 5553 iv
795 5502 966 5552 Nonas
992 5501 1201 5565 Augusti
1228 5502 1449 5553 natalem
1476 5504 1609 5553 diem
1636 5516 1758 5553 coii—

265 5565 431 5633 signat
457 5584 468 5617 :
498 5570 620 5619 Acta
664 5566 770 5630 ipsa
803 5567 971 5618 Nonas
1011 5567 1189 5619 Iulias.
1220 5568 1271 5618 In
1310 5565 1545 5619 omnibus
1590 5580 1757 5619 tamen

267 5634 629 5700 Martyrologiis
679 5633 857 5684 natalis
906 5639 961 5684 tt.
1017 5635 1243 5701 Procopii
1293 5635 1632 5688 celebrandus
1682 5646 1759 5686 est

532 5742 790 5799 Ρειτιιοι..
839 5740 1041 5797 XCIV.

1933 4712 1955 4737 θ
1979 4703 2219 4764 Quintini.
2248 4705 2319 4754 De
2346 4704 2438 4752 liae
2467 4705 2755 4755 inventione
2784 4703 2857 4753 sic
2883 4700 3057 4752 scribit
3084 4702 3262 4754 Petrus
3291 4708 3355 4754 de

1862 4768 2025 4820 Natat.
2066 4788 2083 4818 ι
2123 4771 2240 4821 Post
2267 4769 2534 4821 decursum
2575 4780 2742 4821 autem
2790 4778 3037 4819 annumin
3067 4770 3194 4833 520,
3236 4773 3355 4821 dum

1868 4852 1887 4883 ι
1923 4850 2106 4901 corpus
2134 4840 2293 4889 sancti
2327 4840 2565 4901 martyris
2588 4839 2768 4887 iterum
2791 4836 3272 4904 essetincognitttin,
3297 4841 3350 4888 S.

1870 4920 1887 4951 i
1928 4904 2087 4969 Eligio
2127 4904 2451 4955 Noviomensi
2497 4904 2736 4969 episcopo
2783 4910 3055 4956 revetatur.
3101 4907 3193 4967 Qui
3239 4913 3353 4968 post

1869 4987 1886 5018 ε
1921 4971 2163 5036 jejunium
2189 4970 2491 5029 triduanum,
2516 4970 2633 5019 dum
2663 4972 2827 5022 locum
2855 4972 2947 5021 sibi
2978 4982 3238 5023 ostensum
3267 4972 3353 5020 ubi

1870 5053 1890 5086 α
1929 5042 2113 5090 latebat
2138 5038 2382 5089 elfiiderct
2406 5047 2589 5087 :‘nocte
2612 5037 2695 5087 lux
2723 5038 2786 5089 de
2814 5044 2943 5091 ratio
2970 5048 3103 5089 tanta
3134 5039 3353 5088 circuiti-

1870 5121 1889 5153 α
1928 5106 2067 5155 fulsit
2095 5123 2105 5155 :
2137 5116 2184 5155 ut
2216 5105 2324 5153 dies
2364 5115 2471 5153 orta
2498 5118 2521 5151 a
2554 5106 2777 5168 pluribus
2823 5107 3115 5156 crederetur
3142 5120 3156 5155 :
3180 5105 3355 5156 odoris

1866 5189 1884 5219 ε
1920 5187 2121 5237 quoque
2162 5170 2450 5222 suavissimi
2494 5170 2753 5237 ﬂagrantia
2792 5172 2975 5233 erupit.
3003 5170 3203 5233 Corpus
3230 5186 3353 5235 ergo

1864 5254 1881 5285 ι
1918 5239 2079 5290 Sancti
2114 5247 2367 5301 repertum
2393 5253 2450 5288 ac
2479 5240 2694 5289 levatum
2722 5238 2999 5289 honoritico
3022 5240 3203 5290 locello
3227 5255 3354 5289 con-

1862 5321 1879 5352 c
1916 5306 2082 5364 didit,
2129 5307 2497 5369 ecclesiamque
2533 5315 2583 5355 et
2610 5306 2970 5357 monasterium
3012 5306 3202 5358 ibidem
3230 5308 3355 5357 aedi-

1861 5388 1878 5418 ι
1913 5372 2081 5422 ticavit
2107 5384 2240 5421 anno
2265 5370 2383 5421 657.
2416 5388 2433 5419 ι

1928 5435 1959 5506 ξ
1975 5436 2338 5506 Tyrar._Putitis
2366 5439 2554 5488 Thura.
2583 5439 2739 5501 Quam
2788 5438 2997 5506 Dionys.
3042 5440 3357 5491 Ilaticarnas.

1857 5516 1884 5551 a
1935 5502 2097 5555 Reate
2151 5504 2376 5556 Latinam
2434 5508 2561 5556 viam
2612 5520 2785 5556 versus
2835 5502 3013 5558 stadiis
3063 5508 3127 5558 40
3172 5506 3361 5556 distare

1860 5578 2090 5623 testatur.

2880 5734 2943 5788 ει
