3888 6366
501 412 592 482 ari

494 715 618 765 ldus
639 713 753 764 .lnlii
775 729 787 774 ;
811 714 988 767 Audax
1014 727 1133 765 vero
1157 713 1272 778 quia
1303 712 1366 762 de
1385 711 1595 764 Oriente
1617 721 1747 775 erat,
1763 710 1828 764 ab
1850 724 2008 765 uxore

502 815 589 853 sua
620 811 669 850 ct
700 801 812 852 [iliis
841 800 926 851 illo
957 801 1233 852 translatus
1257 808 1355 852 est.

517 896 520 900 ‘
569 889 624 939 Β.
669 888 727 941 Vl
761 888 870 942 lous
896 888 1054 941 Juut.
1096 888 1268 940 Romae
1297 896 1489 953 septem
1520 888 1750 948 fratrum,
1786 886 2009 939 filiorum

500 987 689 1028 sancite
736 974 1056 1026 Felicitatis:
1087 973 1136 1025 id
1184 982 1282 1036 est,
1335 972 1585 1035 Januarii,
1636 971 1845 1035 Felicis,
1892 970 2011 1023 Pbi-

504 1063 646 1127 lippi,
691 1061 902 1123 Silvani,
953 1059 1252 1123 Alexandri,
1296 1059 1472 1112 Vitalis
1509 1069 1562 1111 et
1603 1058 1866 1122 Martialis,
1912 1060 2008 1112 sub

492 1150 739 1215 pra-tecm
765 1149 903 1198 urbis
930 1147 1126 1205 Publio,
1154 1157 1380 1211 tempore
1405 1146 1648 1197 Antonini
1678 1145 1944 1211 principis.
1971 1147 2010 1198 Β

500 1237 680 1300 quibus
702 1236 975 1287 Ianuarius
1001 1244 1109 1301 post
1137 1234 1348 1286 verbera
1373 1234 1624 1300 virgarum
1650 1241 1700 1285 et
1719 1247 2008 1301 carcerum,

503 1325 775 1386 plumbatis
816 1324 1015 1374 occisus
1059 1331 1173 1372 est:
1206 1319 1346 1372 Felix
1388 1328 1437 1372 et
1487 1319 1748 1384 Philippus
1792 1319 2011 1371 fustibus

489 1426 625 1462 -tnat~
654 1412 723 1471 ..i,
742 1408 977 1463 Silvanus
1007 1409 1287 1475 praecipitio
1313 1409 1646 1472 interemptus
1669 1414 1766 1468 est,
1793 1407 2012 1458 Alexan-

501 1497 614 1562 der,
645 1497 819 1548 Vitatis
841 1508 892 1549 et
916 1496 1157 1548 Martialis
1179 1494 1378 1560 capitali
1407 1492 1657 1547 sententia
1690 1493 1847 1558 puniti
1870 1501 2008 1545 sunt.

515 1585 568 1637 lu
601 1585 690 1635 Afr
713 1599 764 1636 ea
796 1584 962 1636 natale
993 1593 1282 1636 sanctorum
1330 1581 1581 1643 Januarii,
1623 1582 1826 1643 Marini,
1857 1581 2019 1633 Nabu-

1246 428 1438 480 lll‘IDxE
1481 426 1911 480 VliNEllAlllLS
1949 426 2092 478 OPP.
2135 423 2302 474 PARS
2343 423 2428 474 IV.
2468 450 2532 460 —
2565 421 2922 476 lliSTOllliIA.

1718 537 1938 592 EDlTlO
1971 533 2421 588 COLONIENSlS.

410 647 413 649 ·
501 641 649 680 mane
692 643 718 678 a
757 626 950 678 civibus
993 625 1342 693 Tyrietlsihtts,
1373 638 1485 690 quae
1521 639 1662 690 passa
1693 635 1770 677 est
1797 624 2012 691 septima
2042 627 2085 682 Α
2117 621 2187 671 ris
2212 627 2266 673 et
2291 619 2477 672 Felicis
2501 617 2888 684 decollatorurn,
2939 635 3160 688 quorum
3195 635 3412 689 corpora
3440 623 3648 677 armis».

3542 415 3645 472 972

2117 706 2288 758 Ianum
2310 705 2550 758 translata
2575 716 2714 758 sunt.

2183 792 2241 845 Ο.
2286 793 2320 843 V'
2355 792 2468 844 laus
2495 793 2656 846 JUth.
2685 795 2972 847 Translatio
3000 796 3164 848 sancti
3193 795 3453 851 Benedicti
3480 801 3642 852 abba-

2120 881 2201 932 tis.
2230 881 2508 947 Postquam
2529 880 2689 944 enim,
2717 882 2849 934 sicut
2885 882 2993 947 ipse
3030 883 3209 934 vivens
3240 885 3491 950 pmdixit,
3527 903 3642 938 nio-

2118 972 2395 1024 nasterimn
2447 971 2560 1040 ejus
2606 987 2634 1024 a
2683 973 2920 1040 gentibus
2966 982 3222 1025 vastatum
3273 985 3374 1037 esr,
3423 976 3638 1030 Domino

2115 1062 2408 1123 revelante,
2439 1071 2698 1128 repertum
2748 1069 2828 1114 est
2871 1076 3060 1126 corpus
3105 1063 3252 1127 ejus,
3294 1072 3347 1114 et
3373 1066 3420 1112 in
3448 1064 3640 1117 Gallias

2118 1154 2443 1215 translatum,
2493 1161 2649 1220 atque
2682 1154 2730 1204 in
2760 1153 3075 1205 monasterio
3103 1154 3238 1218 quod
3280 1163 3486 1204 vocatur
3513 1152 3637 1204 Fin-

2118 1239 2333 1302 riacum,
2362 1239 2618 1305 condigne
2663 1239 2942 1304 sepultum.
2979 1236 3314 1290 Translatum
3340 1246 3420 1288 est
3446 1240 3638 1301 pariter

2119 1326 2268 1378 etiam
2297 1339 2484 1389 corpus
2510 1325 2674 1377 beatte
2713 1324 3071 1383 Scholasticaa,
3102 1325 3301 1376 sororis
3325 1323 3457 1388 ejus,
3485 1333 3637 1386 atque

2121 1411 2169 1463 in
2217 1413 2442 1477 partibus
2486 1409 2950 1463 Cenomanensinm
2983 1410 3342 1476 religiosorum
3370 1410 3636 1461 devotione

2119 1499 2398 1551 conditum.
2436 1499 2487 1550 In
2515 1498 2756 1551 Armenia
2783 1497 3002 1562 minore,
3033 1499 3243 1549 civitate
3264 1496 3509 1562 Νἱευροίἱ,
3543 1512 3636 1548 na-

2105 1568 2221 1638 tae
2253 1597 2560 1640 sanctorum.
2592 1599 2900 1655 martyrum,
2931 1587 3161 1639 Januarii
3200 1595 3252 1637 et
3280 1586 3512 1652 Pelagia,
3552 1589 3632 1651 qui

1731 1668 1948 1721 EDITIO
1988 1669 2473 1726 BOLLANDIANA.

503 1759 675 1819 tione;
708 1760 772 1811 ita
804 1769 857 1810 ιιι
885 1773 976 1831 per
1003 1758 1238 1812 dextrum
1271 1757 1402 1810 latus
1432 1757 1627 1826 gladius
1660 1759 1846 1810 missus
1868 1796 1882 1821 ,
1922 1773 2012 1824 per
2043 1763 2088 1821 Β
2113 1761 2170 1815 S.
2207 1762 2484 1815 Felicitatis
2509 1801 2524 1825 ,
2555 1761 2602 1813 id
2635 1770 2710 1814 est
2741 1762 2946 1824 Felicis,
2972 1761 3232 1828 Philippi,
3264 1761 3470 1824 \‘italis.
3502 1763 3630 1815 Mar-

501 1851 764 1901 sinistrum
796 1849 976 1901 exiret-
1009 1847 1132 1910 Qum
1177 1861 1322 1914 passa
1364 1857 1444 1900 est
1482 1862 1548 1899 vit
1594 1847 1708 1900 ldus
1737 1846 1894 1910 Julii;
1935 1860 2020 1898 se-

503 1939 636 2003 pulta
664 1946 832 1988 autem
861 1951 1009 1989 mane
1034 1951 1060 1986 a
1088 1936 1284 1988 civibus
1304 1936 1638 2003 Tyrensibus.
1666 1935 1843 1988 Audax
1870 1948 2016 1997 vero,

504 2025 594 2090 qui
616 2025 681 2075 ab
708 2024 920 2076 Oriente
948 2033 1081 2086 crat,
1114 2023 1178 2072 ab
1210 2036 1366 2074 uxore
1393 2036 1481 2073 sua
1512 2031 1563 2074 et
1593 2022 1708 2074 liliis
1736 2021 1826 2074 illo
1851 2030 2016 2074 trans-

505 2114 636 2164 latus
665 2121 761 2163 est.
795 2109 986 2161 Eodem
1017 2110 1098 2161 die
1127 2108 1379 2174 depositio
1415 2109 1474 2162 S.~
1506 2110 1560 2160 Ρ.
1593 2109 1652 2160 Ν.
1686 2118 1709 2142 ει
1739 2110 1980 2175 Ephrem.

577 2200 758 2252 Florus
806 2199 854 2249 in
902 2197 961 2248 'l‘.
1011 2206 1062 2249 et
1110 2197 1196 2262 L.,
1241 2197 1293 2249 In
1325 2196 1548 2263 Egypto
1596 2198 1763 2263 passio
1792 2194 2018 2264 bCyrilli

508 2289 735 2356 episcopi
768 2304 779 2340 :
812 2288 896 2354 qui
945 2297 1176 2352 tempore
1225 2283 1360 2338 Decii
1409 2284 1766 2352 imperatoris,
1808 2283 2022 2351 jubente

498 2377 662 2428 Lucio
686 2376 838 2436 Duce,
867 2376 1087 2442 primum
1120 2375 1167 2425 in
1191 2373 1357 2440 ignem
1385 2371 1664 2438 projectus,
1689 2386 1804 2424 cum
1829 2371 2018 2424 illaasus

497 2467 686 2527 exiret,
717 2474 890 2530 postea
921 2463 1123 2526 capitali
1153 2455 1404 2513 sententia
1435 2467 1514 2512 est
1539 2459 1834 2514 damnatus.

578 2555 662 2614 A.,
687 2549 872 2602 Scnnis
899 2548 954 2601 S.
988 2558 1010 2586 ο
1038 2547 1217 2599 Eraclii
1248 2548 1470 2612 episcopi
1500 2556 1552 2598 et
1580 2545 1906 2600 confessoris.
1938 2544 2018 2607 Bt,

513 2619 688 2671 Roma:
719 2622 890 2669 natale
919 2617 1170 2682 virginum
1199 2614 1467 2676 Florianae,
1501 2615 1776 2666 Faustinus.

575 2706 658 2759 10.
683 2732 752 2746 -—
785 2702 844 2756 Vl
895 2703 1030 2756 lurs.
1069 2701 1244 2755 Roma:
1283 2711 1476 2768 septem
1509 2701 1722 2754 fratrum
1748 2738 1763 2762 ,
1797 2699 2016 2754 ﬁliorum
2102 2721 2104 2724 ν

2122 1847 2254 1900 tialis
2277 1885 2292 1908 .
2337 1847 2650 1911 Alexandri,
2697 1847 2856 1901 Silani
2887 1857 2938 1900 et
2971 1847 3227 1910 Januarii,
3268 1836 3364 1901 sub
3400 1848 3632 1915 prafeeto

2120 1935 2261 1988 urbis
2291 1935 2469 1989 Publio
2493 1975 2508 1996 ,
2543 1945 2773 2000 tempore
2803 1936 3045 1988 Antonini
3085 1935 3351 2002 principis.
3390 1937 3431 1990 Ε
3459 1939 3633 2003 quibus

2119 2023 2391 2078 Januarius
2417 2064 2432 2088 ,
2471 2009 2587 2092 post
2634 2025 2847 2078 verbera
2893 2025 3151 2090 virgarum
3195 2033 3247 2075 et
3275 2038 3532 2077 carcerem
3573 2040 3632 2078 ac

2122 2114 2408 2180 plumbatas
2434 2153 2450 2173 ,
2481 2113 2682 2170 occisus
2710 2120 2807 2164 est.
2838 2111 2980 2163 Felix
3026 2121 3076 2162 et
3119 2111 3382 2176 Philippus
3424 2112 3631 2164 fustibus

2121 2199 2324 2252 mactati
2347 2198 2580 2252 :Silauus
2605 2198 2887 2264 prmcipitio
2915 2197 3260 2262 interemptus
3285 2207 3364 2250 est
3386 2215 3399 2248 :
3421 2197 3631 2250 Alenu-

2119 2288 2230 2352 der,
2260 2287 2440 2342 Vitalis
2467 2296 2520 2341 et
2546 2286 2788 2340 Martialis
2816 2287 3019 2353 capitali
3049 2287 3305 2340 sententia
3333 2287 3513 2354 puniti.

2189 2394 2271 2456 L.,
2304 2393 2418 2459 Ipso
2458 2393 2543 2446 die
2583 2394 2752 2447 natale
2777 2392 2833 2447 S.
2855 2390 2880 2429 ἀ
2905 2391 3144 2445 Etthonis
3173 2393 3398 2459 episcopi
3435 2404 3485 2448 et
3510 2408 3626 2447 con-

2120 2462 2347 2513 fessoris.
2376 2461 2435 2512 V.
2461 2461 2542 2522 C.,
2567 2461 2757 2513 Eodem
2779 2461 2862 2513 die
2882 2463 3049 2513 natale
3069 2471 3364 2513 sanctarum
3385 2462 3624 2525 virginum

2123 2538 2153 2607 ,ε
2173 2528 2388 2664 “duilium,
2415 2528 2668 2605 Secunda:
2695 2537 2744 2582 et
2767 2528 3061 2580 Fortunata:
3084 2526 3160 2596 [et
3190 2529 3481 2582 Fortunata
3499 2530 3626 2582 decu

2123 2611 2169 2647 in

2117 2611 2169 2647 τη

2190 2703 2271 2756 tl.
2298 2732 2364 2742 —-
2386 2703 2518 2758 lous.
2547 2701 2807 2771 Depositio
2834 2701 2891 2758 S.
2919 2700 2938 2740 ί
2966 2701 3228 2756 Benedicti
3255 2703 3468 2760 abbatis.

1832 2809 2030 2864 SMITH
2067 2812 2285 2866 ΝΟΤᾹΞ.

575 2911 597 2936 α
621 2899 852 2965 Ephrem.
887 2900 1156 2950 Edessena:
1178 2897 1422 2950 Ecclesia:
1440 2896 1660 2965 diaconi.
1687 2895 2016 2965 Ejus__natalis

496 2985 534 3021 -a
563 2963 752 3021 Lati—nis
783 2984 794 3018 l
828 2966 1121 3027 Februarii,
1155 2981 1182 3016 a
1214 2965 1404 3017 ϐαρεῖς
1431 2979 1586 3016 XXVIII
1613 2963 1839 3014 Januarii
1869 2965 2007 3016 rele-

507 3042 700 3090 bratur.
727 3038 791 3088 At
814 3049 978 3102 neque
1009 3036 1124 3096 hoc,
1160 3049 1323 3100 neque
1351 3033 1440 3084 illo
1467 3033 1549 3084 die
1577 3032 1768 3102 obiisse
1789 3031 2010 3102 videtur.

2118 2898 2291 2957 Italos.
2324 2899 2459 2950 inter
2485 2896 2822 2951 Cassinenses
2847 2906 2901 2952 et
2927 2898 3286 2952 Floriacenses
3315 2901 3583 2956 monachos
3603 2941 3618 2965 ,

2116 2967 2181 3034 de
2207 2967 2502 3034 communis
2532 2965 2695 3034 Patris
2729 2968 2983 3018 ttenedicti
3029 2967 3363 3018 translatione
3403 2972 3622 3034 carperis

2117 3033 2433 3084 intercessit.
2466 3031 2597 3084 Galli
2629 3045 2814 3095 magno
2859 3047 3068 3085 suorum
3111 3043 3163 3084 et
3202 3031 3504 3086 exterarum
3522 3035 3622 3090 fere

500 3106 629 3157 Nam
661 3120 775 3157 cum
807 3097 1059 3154 Palladius
1087 3103 1134 3153 ei
1163 3097 1474 3169 cortaueus,
1502 3099 1770 3169 seribatin
1801 3097 2013 3169 historia
2040 3100 2084 3159 ο
2115 3102 2343 3169 omnium
2386 3113 2642 3169 consensu
2686 3100 2946 3169 altirmant
2967 3140 2980 3158 .
3011 3115 3253 3169 eversora
3286 3100 3622 3169 Langobardi:

501 3173 754 3225 Lansiaca
781 3185 894 3233 cap.
922 3170 1009 3221 10]
1027 3209 1039 3231 ,
1063 3183 1177 3220 cum
1209 3181 1344 3220 anno
1375 3167 1575 3230 integro
1601 3167 1751 3232 mgris
1773 3167 2014 3233 curandis

508 3242 716 3291 Edessa:
744 3231 993 3299 vacasset,
1020 3237 1227 3301 jamque
1255 3236 1453 3300 frugum
1485 3234 1627 3297 c0pia
1656 3231 2009 3293 Successi~set,

505 3309 566 3358 ad
596 3308 774 3357 cellam
807 3318 1084 3363 reversum,
1111 3312 1161 3354 et
1190 3310 1306 3368 post
1333 3315 1559 3353 mensem
1589 3307 1842 3351 mortuum
1874 3313 2012 3362 esse;

504 3375 674 3441 potius
704 3373 909 3424 ineunte
935 3371 1328 3441 autunmo_.-_vel
1359 3369 1539 3420 saltem
1575 3375 1793 3441 testate,
1823 3369 2012 3441 otior-

505 3434 596 3493 san
643 3442 738 3490 hoc
787 3442 897 3503 ipso
939 3438 1022 3490 die
1072 3452 1122 3489 χι
1167 3436 1325 3504 Julii,
1356 3447 1585 3490 mortuus
1617 3434 1774 3489 videri
1819 3436 2010 3502 debet,

504 3522 657 3576 quam
688 3508 859 3576 media
884 3507 1087 3576 hyeme.

577 3574 814 3642 hCyritti.
847 3575 1010 3642 Locus
1059 3572 1405 3642 lmjus__sancti
1454 3570 1749 3642 certaminis
1794 3570 2016 3642 maxime

510 3637 735 3696 incertus
765 3651 860 3694 est.
899 3641 1078 3691 Petrus
1110 3639 1171 3692 de
1201 3639 1463 3691 Natalibus
1489 3652 1605 3690 eum
1635 3638 1846 3689 Romam
1874 3678 1886 3696 ,
1919 3637 2013 3687 Ba-

512 3712 685 3763 ronius
714 3709 973 3775 Cortynen
1007 3709 1055 3758 in
1083 3707 1565 3775 CretaLHrabanus
1594 3719 1714 3757 vero
1741 3712 1794 3756 et
1818 3703 2018 3775 Nolite-‘-

512 3794 597 3830 rus
627 3791 742 3828 eum
792 3769 963 3828 ndstro
1007 3787 1218 3829 auctore
1246 3769 1524 3841 Egyptum
1568 3782 1816 3824 statuunt.
1849 3769 2015 3841 G_ra.-ci

516 3846 564 3897 in
593 3843 878 3911 MenOIOgio
925 3847 1222 3910 martyrium
1270 3838 1397 3911 ejus
1429 3842 1726 3911 describunt
1765 3841 1862 3892 sub
1888 3838 2018 3911 Dio-

514 3916 733 3966 cletiano
760 3907 1170 3963 consummatum
1211 3926 1222 3958 :
1254 3910 1379 3960 Acta
1408 3916 1575 3960 autem
1604 3907 1714 3972 ejus
1745 3921 1858 3970 qutc
1891 3908 2020 3959 reci-

515 3989 588 4032 tat
615 3980 791 4031 Sttrius
822 3988 945 4030 tom.
981 3976 1040 4027 IV
1072 3977 1166 4028 sub
1198 3977 1350 4028 Decio
1375 3989 1584 4041 passum
1614 3987 1728 4026 esse
1756 3973 1962 4026 ducent.

586 4050 609 4076 °
638 4045 847 4098 Eractii.
908 4045 998 4095 Hic
1047 4044 1366 4096 Senonensis
1411 4043 1681 4107 episcopus
1731 4042 1916 4107 colitur
1970 4041 2020 4092 in

517 4113 644 4167 Phil.
680 4114 848 4165 Labbe
882 4113 1010 4164 Bibl.
1044 4113 1169 4164 Nov.
1207 4126 1318 4176 pag.
1354 4109 1487 4170 700,
1520 4105 1664 4161 serito
1710 4108 1826 4159 ldus
1863 4105 2017 4158 Junii.

518 4182 679 4234 Hodie
723 4189 892 4232 autem
938 4180 1069 4245 apud
1117 4179 1338 4245 Ferrarii
1388 4178 1676 4245 catalogum
1726 4176 2054 4242 generalem‘

515 4252 801 4304 celebratur
833 4243 1093 4300 lleraclius
1122 4243 1390 4314 episcopus
1420 4244 1709 4314 Treceusis.

585 4321 607 4355 ά
635 4315 882 4367 Erl/iouis.
927 4312 1162 4380 Collega!
1193 4313 1248 4367 S.
1301 4312 1524 4371 Fursa-.i';
1557 4312 1911 4380 renitentem
1957 4323 2021 4380 ex

521 4385 757 4437 llitiernia
787 4398 900 4434 cum
934 4383 1045 4433 aliis
1064 4376 1093 4446 ,⁷
1111 4392 1165 4434 ut
1189 4383 1398 4434 verbum
1433 4381 1517 4430 Dei
1547 4381 1596 4430 in
1624 4377 1802 4446 Galliis
1834 4376 2020 4442 praedi-

518 4462 675 4501 rat‘cl.
701 4450 902 4510 Quievit
931 4444 1198 4515 postquam
1220 4451 1433 4500 multum
1464 4446 1658 4515 fructus
1681 4444 1784 4497 Deo
1810 4446 2019 4515 fecerat,

521 4519 764 4578 Fisciaci,
798 4511 943 4569 circa
965 4511 1191 4568 Avesnas
1220 4515 1532 4576 Hannonite,
1566 4513 1616 4565 in
1662 4522 1885 4576 prioratu
1934 4511 2025 4563 de-

522 4588 771 4649 pendente
802 4599 827 4634 a
861 4585 1096 4635 Lzetiensi
1126 4583 1354 4642 abbatia;
1383 4580 1472 4632 sed
1501 4590 1620 4649 ante
1645 4579 1837 4649 aliquot
1863 4594 2027 4649 annos

521 4646 793 4704 translatus
824 4664 902 4703 est
931 4651 1114 4702 Lmtias
1137 4693 1150 4717 ,
1184 4651 1268 4703 ubi
1308 4649 1458 4701 hodie
1489 4648 1671 4700 festum
1703 4647 1887 4713 agitur.
1920 4646 2027 4701 alo-

521 4736 678 4774 LANUS
712 4722 774 4769 de
798 4719 890 4771 SS.
923 4719 1096 4785 Belgii.

594 4793 614 4817 θ
646 4789 853 4846 lin/inte.
893 4784 981 4838 Ha:
1012 4782 1206 4839 nobiles
1235 4785 1370 4837 cives
1400 4782 1642 4834 Romana:
1668 4818 1682 4842 ,
1711 4791 1853 4848 patre
1883 4783 2030 4833 Aue-

527 4859 622 4915 rio,
656 4866 815 4906 matre
847 4855 1047 4906 Aurelia
1078 4853 1230 4905 claris
1258 4861 1383 4904 orta:
1414 4851 1691 4912 natalibus,
1730 4849 2031 4901 Cbriszian-e

515 4923 848 4978 ~At'mentario
893 4931 942 4972 et
976 4921 1160 4974 Verino
1203 4920 1476 4986 gentilibus
1507 4921 1554 4970 in
1589 4931 1803 4978 Sponsas
1832 4919 2032 4986 tradita:

524 5002 678 5050 sunt;
723 5003 848 5054 quas
893 5002 1006 5039 cum
1053 4983 1226 5052 sponsi
1274 4989 1580 5040 christianas
1628 4983 2030 5054 cognovissent.

529 5052 834 5108 accusabant
862 5069 948 5107 eas
972 5056 1274 5107 Archesilao
1311 5056 1481 5105 comiti
1507 5092 1519 5110 .
1551 5055 1635 5117 qui
1667 5068 1754 5104 eas
1781 5067 1897 5102 cum
1928 5052 2033 5103 suis

520 5125 771 5176 militibus
803 5126 1059 5176 insecutus
1110 5122 1344 5173 milliaiio
1374 5122 1437 5172 ab
1469 5124 1593 5172 urbe
1627 5119 1688 5170 Η
1730 5121 1779 5168 in
1809 5119 1888 5171 via
1921 5119 2034 5167 Fla-

528 5192 684 5244 tninia
717 5195 848 5257 ipsas
872 5194 1038 5257 cepit,
1072 5199 1123 5243 et
1150 5191 1210 5239 ad
1244 5189 1434 5257 urbem,
1464 5201 1714 5239 revocans
1760 5186 1910 5257 Junio
1939 5187 2035 5257 llo-

530 5265 649 5312 nato’
681 5253 1282 5323 praefecto'priesentavit
1310 5273 1322 5319 ;
1355 5256 1438 5321 qui
1471 5257 1518 5306 in
1559 5255 1909 5323 persecutione
1942 5253 2038 5303 Va-

529 5322 707 5380 leriani
756 5326 1048 5377 etGallieni
1097 5336 1212 5392 post
1256 5326 1354 5376 alia
1402 5333 1655 5392 tormenta
1703 5322 2037 5392 adultinium

529 5398 743 5448 alteram
789 5393 1069 5454 decollari,
1097 5389 1329 5444 'alterius
1374 5391 1626 5442 cervicem
1671 5389 1798 5440 caedi
1843 5389 2030 5456 jussit:

531 5477 742 5524 quantm
779 5473 995 5524 corpora
1041 5462 1090 5512 in
1131 5459 1337 5511 basilica
1366 5458 1694 5510 Lateranensi
1727 5470 1883 5522 prope
1915 5457 2039 5521 bap.

527 5532 780 5580 tistetium
825 5527 993 5579 debito
1033 5527 1227 5579 honore
1276 5534 1564 5580 servantur.
1605 5525 1795 5577 Sumus
1819 5561 1835 5586 ,
1867 5539 1914 5575 tv
1946 5525 2041 5575 Ba-

534 5599 663 5647 rouii
691 5604 839 5646 mart.

609 5662 624 5697 ί
651 5661 917 5714 Benedicti.
967 5661 1278 5715 Gravissima
1328 5661 1537 5720 quaestio
1584 5659 1760 5714 Gallos
1808 5659 1938 5713 inter
1985 5666 2039 5712 et

2048 4423 2098 4481 D

2117 3166 2412 3235 Cassinensi
2479 3169 2792 3235 monasterio
2853 3167 3111 3234 Aigulium
3168 3168 3344 3220 divino
3396 3166 3618 3235 monitu,

2116 3234 2374 3303 Mummoli
2439 3234 3039 3303 abbatisdl’loriacensis
3100 3235 3294 3301 jussu,
3349 3240 3616 3303 principatu

2112 3301 2394 3354 Cblodovei
2418 3303 2626 3354 secundi
2655 3301 2970 3354 Francorum
2997 3305 3153 3368 regis.
3179 3305 3368 3357 Italiam
3400 3301 3619 3370 petiisse;

2112 3386 2172 3424 ac
2213 3384 2387 3424 sacras
2422 3380 2715 3424 sanctorum
2749 3371 3006 3422 Benedicti
3039 3382 3090 3421 et
3122 3373 3454 3426 Scholasticz
3506 3377 3624 3428 relio

2113 3440 2258 3504 quias
2281 3452 2310 3490 e
2335 3436 2612 3491 solitudine
2637 3438 2935 3488 Cassineusi
2967 3439 3015 3489 in
3045 3437 3365 3490 Gallicanum
3393 3441 3621 3492 Aurelia-

2114 3506 2287 3558 nensis
2331 3505 2437 3573 agri
2461 3572 2465 3573 ί
2485 3504 2777 3557 οωιιοιιίιιιιι
2806 3544 2819 3566 ,
2850 3505 3046 3556 dictum
3098 3505 3386 3556 Floriacum
3413 3545 3426 3564 .
3451 3521 3622 3573 aspar-

2115 3582 2290 3635 tasse;
2338 3572 2692 3630 Floriaeenses
2735 3572 2792 3624 S.
2823 3573 3126 3634 Benedicti,
3177 3572 3618 3628 Ceuomannenses

2115 3641 2438 3704 Oppidanos,
2483 3641 2566 3705 qui
2615 3639 2822 3704 Aigulfo
2876 3641 3074 3692 itineris
3119 3641 3245 3693 socii
3294 3640 3527 3704 fuerant,
3565 3645 3616 3694 S.

2115 3706 2448 3759 Scholastica:
2478 3707 2704 3773 reliquiis
2750 3707 3085 3772 locupletatus
3133 3708 3306 3759 fuisse.
3336 3710 3621 3763 Cassinates

2117 3789 2146 3826 e
2173 3785 2355 3827 contra
2386 3784 2724 3827 externorum
2743 3773 2998 3840 suﬂ'ragiis
3034 3775 3293 3834 destituti,
3323 3776 3470 3827 divisi
3500 3777 3622 3831 ὶιιιετ

2116 3855 2173 3893 se
2214 3843 2484 3895 sententiis
2509 3879 2524 3901 .
2551 3842 2636 3892 alii
2688 3842 3070 3894 translatinncm
3115 3842 3408 3906 praedictam
3454 3845 3624 3894 admit-

2121 3917 2231 3960 tunt
2260 3950 2273 3970 ,
2300 3920 2351 3961 at
2384 3908 2681 3960 relationem
2712 3912 2760 3957 in
2791 3908 3098 3961 Cassiuense
3145 3911 3515 3961 monasterium
3543 3912 3624 3962 ad-

2118 3985 2318 4029 struere
2363 3977 2646 4027 inoliuntur
2674 3989 2688 4035 ;
2716 3976 2799 4026 alii
2826 4015 2840 4040 ,
2871 3990 2988 4040 pars
3019 3975 3190 4040 utique
3220 3979 3444 4028 maxima
3468 4018 3481 4038 ,
3513 3979 3624 4029 Leo.

2122 4058 2236 4094 nem
2267 4044 2606 4095 Marsieanum
2654 4044 2971 4095 cardiualem
3017 4045 3310 4097 Ostiensem
3354 4056 3624 4108 sequuntur

2119 4110 2304 4162 ducem
2335 4150 2347 4172 ,
2378 4112 2462 4176 qni
2493 4113 2655 4176 ipsam
2691 4111 3078 4163 translationem
3113 4121 3376 4177 pernegat.
3419 4114 3522 4164 Illis
3549 4129 3626 4163 an-

2124 4185 2223 4228 tem
2252 4217 2264 4236 ,
2290 4179 2374 4243 qui
2425 4179 2519 4229 hoc
2547 4215 2564 4238 ,
2593 4179 2851 4229 'nimirum
2888 4180 3021 4244 quod
3053 4192 3175 4230 vere
3204 4179 3259 4232 S.
3288 4179 3346 4233 P.
3376 4179 3623 4234 Benedicti

2123 4247 2351 4312 reliquia:
2402 4245 2450 4298 in
2499 4245 2714 4297 Galliam
2763 4252 3019 4298 translatte
3066 4254 3227 4309 sunt,
3276 4256 3497 4306 tuentur.
3539 4249 3624 4300 hoc

2125 4312 2236 4365 loco
2287 4313 2415 4364 Ven.
2465 4315 2627 4364 Bmda:
2674 4313 3022 4364 testimonium
3068 4313 3401 4381 suffragatur,
3445 4318 3524 4368 cui
3569 4331 3623 4367 eo

2126 4383 2286 4448 magis
2316 4383 2525 4432 credere
2573 4381 2730 4443 licet,
2764 4381 2899 4445 quod
2951 4384 3025 4432 vir
3053 4380 3381 4433 doctissimus
3420 4397 3484 4434 eo
3527 4383 3622 4434 fere

2130 4456 2359 4512 tempore
2388 4448 2559 4499 ﬂoruit
2581 4485 2595 4504 .
2623 4462 2724 4512 quo
2754 4449 2864 4499 hanc
2891 4449 3155 4499 translatio
3186 4449 3315 4500 facta
3343 4459 3439 4501 est.
3469 4449 3618 4514 Quam

2129 4529 2222 4566 nos
2251 4516 2454 4581 quidem
2477 4516 2885 4574 translationem,
2910 4515 2952 4565 is
2979 4516 3354 4580 depositionem
3387 4520 3616 4581 appellat.

2127 4583 2226 4634 Sed
2275 4584 2387 4644 quis
2433 4582 2499 4632 sit
2543 4582 2654 4633 dies
2703 4583 3038 4646 depositionis
3077 4584 3209 4648 apud
3259 4586 3616 4637 ecclesrastieos

2129 4650 2404 4714 scriptores
2434 4657 2622 4703 norunt
2651 4650 2730 4702 vel
2762 4649 2942 4703 leviter
2973 4650 3141 4717 periti.
3193 4650 3385 4718 Nempe
3413 4653 3522 4704 dies
3548 4663 3616 4704 est

2129 4732 2230 4781 quo
2259 4719 2419 4769 sancti
2466 4719 2682 4782 alicujus
2724 4731 2912 4784 corpus
2942 4720 3020 4771 vel
3051 4720 3101 4770 in
3133 4721 3428 4784 primarium
3471 4730 3620 4776 utuin-

2130 4784 2256 4843 lum,
2289 4787 2364 4836 vel
2396 4795 2509 4850 post
2537 4785 2920 4853 translationem
2950 4787 3170 4853 aliquam
3201 4788 3356 4838 alium
3387 4789 3434 4838 iu
3464 4789 3614 4838 lotu'n

2132 4854 2439 4915 reconditur,
2471 4862 2524 4904 et
2573 4851 2752 4903 Florus
2799 4854 3004 4915 quidem
3037 4851 3187 4908 'lianc
3226 4855 3388 4920 ipsam
3433 4853 3622 4917 deposiv

2134 4920 2288 4971 tionis
2316 4923 2576 4970 notionem
2619 4920 2700 4972 hic
2739 4921 3026 4972 luculenter
3048 4922 3292 4986 explicat.
3319 4920 3518 4973 Certum
3555 4931 3622 4972 est

2135 4987 2523 5038 translationem
2574 4987 2711 5039 illam
2757 4987 3050 5040 Chlodoveo
3100 4989 3368 5054 Dagoberti
3419 4992 3519 5039 tilio
3554 5005 3626 5040 re.

2131 5064 2318 5118 gnaute
2347 5056 2622 5120 contigisse
2648 5093 2663 5115 ,
2695 5068 2794 5123 non
2825 5056 3030 5123 quidem
3062 5058 3321 5120 prioribus
3351 5059 3487 5123 regni
3528 5061 3625 5114 eius

2134 5124 2324 5185 annis,
2379 5125 2561 5186 quibus
2615 5121 2955 5174 Floriaoensis
3009 5121 3476 5190 tuonasteriijacta
3527 5133 3629 5175 situt

2136 5190 2460 5258 l‘niidatnenta
2489 5227 2504 5250 ,
2557 5191 3086 5258 sedposterioribus.
3133 5189 3479 5258 Atquiijusta
3532 5205 3629 5241 caui

2133 5270 2285 5320 quant
2318 5257 2609 5309 lladrianus
2643 5257 2870 5310 Valesms
2899 5297 2912 5319 ,
2943 5259 3262 5311 clarissimus
3291 5257 3628 5310 Fuit-irarum

2136 5337 2309 5375 rerum
2353 5329 2593 5390 scriptor,
2629 5339 2902 5389 regnorum
2951 5327 3224 5391 Dagoberti
3261 5339 3327 5376 ac
3365 5326 3627 5391 Chlodorei

2140 5391 2250 5441 iniit
2279 5406 2339 5442 ac
2365 5394 2614 5444 stabilivit
2644 5395 2915 5454 rationem,
2948 5390 3278 5454 Chiodoveus
3303 5394 3368 5445 ab
3389 5409 3520 5445 anno
3544 5390 3629 5445 651i

2135 5458 2199 5508 ad
2225 5458 2324 5510 ϐὄι
2370 5460 2517 5525 regni
2560 5459 2784 5511 habenas
2829 5464 3017 5513 tenuit.
3046 5458 3266 5513 Proidde
3309 5459 3631 5514 Floriaccnsis

2137 5527 2354 5601 cinnami
2370 5526 2662 5601 [prunordia
2683 5541 2818 5601 anno
2841 5527 3050 5583 circiter
3069 5525 3196 5595 8M,
3223 5529 3482 5584 translatio
3508 5537 3628 5579 auito

2139 5594 2340 5648 circiter
2365 5592 2466 5648 655
2500 5595 2761 5662 illiganda.

3311 5626 3830 6268 Al
