3888 6320
541 392 639 446 975

1254 398 1443 450 liiillA'l
1486 398 1909 451 VliNl'lliABlLlS
1945 400 2087 452 Oi’P.
2131 398 2298 451 PARS
2337 398 2420 450 IV.
2458 425 2525 436 —
2563 396 2906 451 IIISTORICA

3558 400 3647 453 976

1717 505 1933 557 EDITIO
1976 503 2427 557 COLONIENSIS.

539 589 691 653 Jnila,
723 600 892 655 postea
920 591 983 641 ab
1021 591 1247 655 apostolo
1276 592 1434 644 Paulo
1459 601 1776 656 assumptus,
1805 591 2047 657 prtedica-
2073 597 2120 650 Α
2148 591 2446 641 discrimine
2490 589 2701 639 liberata
2746 590 2832 640 sit.
2881 588 3055 640 Romae
3103 590 3154 639 in
3197 601 3348 655 portu
3394 590 3643 659 Euwpii,

544 677 695 727 tionis
734 675 949 727 officium
991 677 1150 741 gratia
1189 676 1385 728 Domini
1431 678 1610 743 plenus
1637 676 1884 728 instanter
1924 691 2049 726 con-

541 762 829 822 summavit,
870 769 1023 827 atque
1067 762 1202 825 apud
1246 760 1587 813 Macedoniam
1635 763 1684 813 in
1729 760 2047 826 passionibus

540 848 645 897 suis
683 846 937 898 Christum
977 847 1289 909 clariﬁcans,
1319 847 1641 913 postmodum
1685 846 1951 913 requievit.
1993 846 2045 897 ln

544 933 807 983 Antiochia
835 931 1003 997 passio
1022 941 1210 985 sancite
1239 933 1527 999 Margaretze
1552 933 1781 999 virginis.

606 1018 664 1069 ιε’.
706 1018 845 1070 Pntn.
878 1019 989 1072 locs
1031 1019 1183 1072 Juui.
1228 1020 1374 1084 Apud
1420 1019 1636 1071 Pontum
1673 1020 1839 1072 natale
1876 1020 2035 1073 sancti

544 1102 725 1155 Phoce
753 1104 977 1169 episcopi
1023 1104 1241 1156 civitatis
1282 1103 1507 1169 Sinopis,
1548 1105 1632 1170 qui
1678 1105 1771 1157 sub
1814 1104 2033 1171 Trajauo

539 1189 877 1252 imperatore,
926 1187 1161 1253 przefecto
1187 1189 1445 1251 Africano,
1485 1203 1761 1251 carcerem,
1809 1191 2033 1255 vincula,

540 1275 751 1335 lerrum,
779 1273 945 1339 ignem
988 1275 1138 1325 etiam
1182 1289 1273 1340 pro
1315 1276 1516 1329 Christo
1560 1278 1855 1341 superavit:
1888 1278 2033 1343 cujus

543 1360 766 1426 reliquis:
805 1362 855 1413 in
902 1362 1106 1415 basiﬁca
1153 1364 1499 1427 apostolorum
1530 1364 1580 1415 in
1614 1364 1800 1415 Vienna
1830 1363 2037 1416 civitate

546 1446 720 1501 Gallia:
759 1448 1025 1502 habentur.
1054 1450 1303 1517 Lugdune
1328 1448 1505 1502 Galliae
1534 1451 1700 1503 natale
1725 1451 1882 1503 sancti
1905 1451 2036 1504 Justi

537 1536 757 1603 episcopi
786 1544 837 1588 et
862 1534 1190 1589 confessoris.

611 1624 672 1676 ϐ.
708 1625 821 1675 Inus
841 1624 995 1676 JrLu.
1028 1623 1185 1674 Nisibi
1216 1624 1382 1675 natale
1402 1624 1561 1676 sancti
1588 1623 1757 1677 Jacobi
1785 1625 2006 1691 episcopi
2026 1665 2041 1687 ,

550 1724 746 1779 magna:
774 1712 975 1763 virtutis
998 1710 1114 1774 viri,
1150 1709 1215 1762 ita
1246 1719 1300 1762 ut
1319 1709 1380 1763 ad
1407 1711 1517 1778 ejus
1546 1725 1720 1778 preces
1745 1726 1881 1777 saepe
1925 1714 2046 1765 urbs

2150 677 2365 727 Zosimn:
2389 686 2433 725 et
2463 677 2674 725 Bonosm:
2699 689 2955 726 sororum.
3004 676 3057 726 In
3102 676 3409 727 Alexandria
3447 690 3645 730 sancto-

2149 778 2260 814 rum
2308 762 2545 824 Philippi,
2591 760 2834 816 Zenonis.
2869 760 3069 818 Narsei.
3097 769 3150 812 et
3177 760 3426 813 infantum
3454 764 3641 819 decem.

2147 845 2339 898 Eodem
2368 846 2453 897 die
2479 846 2764 901 sublevatio
2803 845 3033 909 corporis
3067 846 3232 896 sancti
3276 846 3475 899 llenrici
3499 850 3645 909 inane.

2148 930 2349 981 ratoris.
2397 932 2447 980 In
2479 929 2784 996 Carthagine
2831 930 2997 981 natale
3048 941 3339 982 sanetorum
3389 932 3641 995 Florentii.

2145 1015 2363 1069 Catulini
2404 1016 2604 1068 diaconi
2669 1016 2913 1080 Januarii,
2938 1016 3079 1069 .luliai
3120 1028 3173 1070 et
3216 1019 3395 1084 Justz,
3426 1023 3509 1086 qui
3537 1036 3643 1075 sunt

2141 1105 2294 1170 positi
2329 1106 2379 1155 in
2414 1103 2618 1155 basilica
2651 1104 2844 1161 Fausti.
2873 1111 2925 1153 et
2956 1104 3006 1154 in
3033 1105 3225 1156 Simia
3254 1108 3530 1173 Agrippini,
3561 1110 3643 1163 Se.

2141 1191 2371 1252 cundini,
2402 1191 2654 1241 Maximini
2699 1191 2944 1243 Martialis
2972 1202 3025 1243 et
3050 1192 3226 1243 Jacobi
3273 1194 3517 1259 episcopi.
3547 1198 3638 1247 Eo.

2143 1279 2257 1330 dem
2287 1280 2369 1330 die
2397 1288 2588 1331 sancta:
2616 1278 2993 1346 Reginswindxe
3019 1280 3228 1347 virginis
3250 1320 3267 1343 ,
3317 1291 3368 1334 et
3403 1283 3638 1349 disperso

2144 1366 2489 1430 apostolorum
2502 1403 2515 1415 .

2214 1452 2275 1503 A.
2310 1450 2692 1503 XVltKauzsn.
2734 1455 2959 1504 Aucusr.
2998 1450 3053 1505 ln
3096 1453 3237 1505 Ostia
3282 1457 3447 1509 natale
3492 1460 3638 1512 sancti

2147 1538 2398 1600 llilariui,
2438 1539 2523 1602 qui
2568 1538 2665 1590 sub
2711 1540 3060 1603 persecutione
3107 1540 3294 1594 Juliani
3335 1557 3449 1594 cum
3495 1546 3637 1598 nollet

2150 1625 2465 1685 sacrificare,
2498 1623 2714 1675 fustibus
2735 1638 2900 1676 cresus
2921 1629 3216 1691 martyrium
3245 1629 3478 1691 sumpsit.
3506 1632 3634 1695 Apud

2151 1713 2474 1766 Antiochiam
2514 1711 2678 1781 Syrize
2714 1712 2880 1764 natale
2924 1714 3085 1765 saneti
3140 1712 3399 1767 Eustachii
3428 1718 3637 1782 episcopi

1719 1798 1934 1852 EDlTlO
1970 1799 2452 1853 BOLLANDIANA.

612 1886 778 1938 H.—
806 1884 847 1935 ll
873 1884 1005 1938 lous.
1035 1885 1147 1943 8.!
1176 1883 1357 1936 l‘lwca:
1403 1883 1487 1953 [In
1531 1886 1597 1938 A.
1625 1884 1689 1939 Τ.
1741 1886 1800 1938 L.
1850 1884 2044 1955 Focati]
2079 1893 2120 1949 Β
2148 1890 2307 1948 cialis,
2336 1897 2388 1938 ct
2414 1886 2470 1939 S.
2504 1896 2527 1955 β
2557 1886 2726 1939 Jacobi
2758 1886 2979 1951 episcopi
3012 1885 3218 1951 Nisibis,
3248 1891 3333 1953 qui
3364 1891 3411 1942 in
3437 1904 3633 1955 corpore

542 1974 767 2039 episcopi
800 1970 942 2022 Ponti
971 1987 981 2021 τ
1013 1970 1097 2037 qui
1129 1971 1225 2021 sub
1251 1971 1470 2036 Trajano
1515 1972 1821 2038 imperatore
1850 2012 1866 2035 ,
1913 1988 2047 2039 pne-

545 2062 677 2113 fecto
720 2057 976 2120 Africano,
1006 2070 1281 2118 carcerem,
1325 2056 1556 2125 ungulas,
1602 2060 1829 2122 ferrum,
1880 2061 2048 2127 ignem

538 2147 690 2197 etiam
735 2158 825 2210 pro
860 2143 1069 2195 Christo
1091 2144 1376 2208 superavit;
1419 2144 1564 2210 cujus
1606 2145 1834 2211 reliquiae
1874 2144 1925 2196 in
1955 2145 2051 2197 Ba-

542 2234 685 2286 silica
730 2231 1070 2299 apostolorum
1127 2231 1177 2284 in
1230 2230 1389 2285 Gallia
1442 2232 1651 2286 civitate
1704 2233 1901 2287 Vienna
1954 2231 2046 2286 ha-

541 2324 743 2377 bentur.

611 2423 692 2479 A.,
720 2417 833 2482 lpso
860 2417 942 2469 die
970 2418 1019 2468 in
1064 2416 1181 2468 villa
1210 2432 1322 2483 qua:
1351 2417 1534 2470 dicitur
1579 2419 1813 2471 Somnias
1840 2418 2046 2483 deposi-

540 2486 607 2536 tio
653 2486 708 2537 Β.
756 2485 780 2521 δ
816 2484 1060 2537 Vincentii
1103 2483 1230 2548 .qui
1276 2486 1482 2537 monitis
1537 2485 1595 2536 Β.
1630 2486 1865 2537 Autberti
1918 2500 2050 2552 pon-

542 2553 689 2604 tificis
720 2554 961 2603 mundum
1010 2552 1319 2617 relinquens,
1368 2553 1415 2603 iii
1460 2553 1607 2604 factis
1656 2552 1803 2604 bonae
1830 2567 2048 2604 conver-

544 2620 756 2671 sationis
802 2633 858 2670 se
901 2620 1148 2672 exercuit.
1197 2619 1289 2680 L.,
1341 2620 1487 2685 Apud
1539 2622 1902 2672 monasterium
1951 2618 2051 2671 So-

548 2690 721 2752 negias
773 2686 962 2737 dictum
1019 2691 1183 2737 natale
1241 2689 1296 2738 S.
1357 2687 1605 2739 Vincentii
1667 2688 1905 2748 abbatis;
1961 2686 2047 2750 qui

544 2753 826 2806 construxit
855 2752 1018 2804 locum
1072 2754 1364 2804 Altitnontis
1414 2770 1502 2818 per
1548 2755 1781 2814 angelum
1828 2754 2046 2804 Domini.

538 2820 596 2872 C.
631 2822 688 2871 ν.
708 2860 721 2882 ,
765 2818 922 2869 Gallia
952 2819 1116 2887 natale
1144 2819 1199 2871 S.
1225 2828 1247 2856 ο
1276 2819 1405 2872 Justi
1446 2821 1667 2887 episcopi
1698 2830 1748 2872 et
1789 2820 2051 2887 confesso-

499 2942 507 2961 η
541 2888 629 2939 ris.
656 2888 714 2939 Β.
734 2926 747 2950 ,
773 2887 1013 2952 Lugduno
1033 2886 1207 2941 Gallia:
1233 2886 1489 2955 depositio
1518 2888 1571 2941 S.
1603 2887 1727 2941 lusti
1758 2895 1807 2941 et
1828 2892 1855 2929 (ι
1879 2886 2049 2939 Amati

543 2977 915 3042 episcoporum.

612 3082 693 3132 t5.
712 3110 779 3122 -—-
797 3081 1160 3171 lamus.1\'acat
1189 3081 1359 3133 Baeda.

606 3186 665 3237 Ι).
694 3187 772 3245 Β..
795 3195 816 3221 ⁸
837 3172 1009 3253 Cyrici‘
1024 3195 1076 3239 et
1103 3185 1277 3253 matris
1293 3185 1423 3250 ejus.
1442 3182 1879 3253 Βηιυγιιιιίικηιιω
1906 3185 1955 3236 iu
1984 3184 2041 3253 ι).

544 3255 831 3305 scribuntur
877 3252 1095 3315 rubrica,
1125 3252 1257 3319 quod
1312 3261 1415 3303 toto
1460 3253 1507 3303 in
1557 3252 1728 3303 libello
1772 3253 1937 3304 solum
1968 3252 2046 3305 bis

546 3321 830 3384 reperitur:
858 3321 1152 3373 eorumdem
1177 3320 1343 3373 natale
1374 3319 1535 3382 primo
1564 3321 1716 3370 etiam
1748 3320 1858 3372 loco
1900 3321 1949 3372 iu
1982 3320 2040 3372 Τ.

546 3397 765 3441 notatur.
792 3387 849 3440 C.
879 3388 934 3440 ν.
966 3388 1044 3455 8.,
1071 3384 1089 3424 ί
1112 3388 1299 3456 Cyrici,
1331 3387 1565 3455 l‘htlippi,
1597 3387 1889 3450 Secundini,
1914 3388 2043 3439 hlar-

2148 1957 2298 2005 multa
2329 1956 2467 2018 signa
2498 1953 2636 2015 fecit,
2665 1965 2715 2005 et
2740 1968 2911 2005 arcam
2942 1955 3047 2006 Noe
3073 1957 3212 2006 solus
3244 1957 3367 2009 vidit
3411 1959 3457 2007 in
3504 1953 3633 2011 mon-

2148 2032 2196 2072 te
2223 2038 2233 2070 :
2268 2022 2389 2072 nulli
2416 2021 2498 2070 alii
2528 2022 2590 2071 de
2635 2023 2694 2070 iis
2719 2024 2801 2085 qui
2848 2034 2963 2072 cum
2993 2036 3055 2071 eo
3101 2034 3431 2085 perrexerant
3474 2028 3631 2079 videre

2145 2100 2222 2138 est
2252 2087 2573 2152 permissum.
2587 2086 2668 2147 T.,
2686 2088 2877 2139 Eodem
2899 2088 2981 2138 dic
2994 2090 3048 2138 8.
3067 2088 3090 2121 δ
3117 2088 3357 2151 Florentii
3378 2106 3391 2149 ;
3412 2100 3463 2143 et
3480 2091 3532 2143 S.
3557 2094 3626 2144 Ja.

2068 2188 2071 2207 ;
2145 2155 2257 2204 cobi
2283 2153 2527 2219 episcOpi,
2551 2153 2635 2215 L.,
2676 2154 2811 2204 hunc
2839 2156 3113 2221 praesignat
3134 2155 3180 2205 in
3204 2155 3440 2209 Armenia
3477 2167 3528 2210 et
3553 2175 3628 2221 pi.

2147 2220 2271 2292 ritcr
2300 2222 2640 2292 prosequitur,
2682 2235 2771 2292 per
2798 2220 2957 2292 quem,
3000 2223 3268 2292 Dominus
3296 2227 3446 2292 multa
3499 2220 3629 2292 signa

2147 2288 2283 2339 fecit.
2316 2289 2393 2350 6.,
2420 2291 2471 2338 In
2501 2288 2800 2340 Alexandria
2828 2290 2993 2341 natale
3019 2291 3109 2342 SS.
3141 2288 3381 2354 Philippi,
3404 2288 3626 2353 Zenonis.

2146 2356 2294 2407 Nasci
2324 2366 2375 2407 et
2401 2355 2579 2424 decem
2608 2369 2861 2424 sororum.
2895 2356 2946 2407 ln
2973 2358 3276 2424 Carthagine
3303 2358 3361 2411 8.
3396 2358 3627 2413 Catholici

2146 2424 2370 2496 diaconi:
2401 2414 2586 2496 Divisio
2609 2423 2768 2496 prima
2797 2420 2980 2496 [prima
3008 2434 3075 2496 est
3117 2414 3297 2496 invido
3318 2426 3406 2496 A.]
3441 2440 3629 2493 aposto-

2150 2490 2311 2541 lorum
2342 2488 2633 2539 duodecim.
2662 2487 2723 2540 Τ.
2771 2487 2911 2539 addit
2956 2490 3020 2539 ad
3065 2487 3447 2555 prwdicanduin.
3474 2487 3542 2546 Ἀ.
3567 2496 3631 2547 sic

2150 2560 2471 2627 prosequitur
2502 2570 2516 2605 :
2548 2555 2750 2627 quando
2799 2556 2908 2627 ipse
2935 2557 3174 2609 Dominus
3214 2560 3359 2610 Jesus
3385 2574 3498 2613 ante
3531 2577 3629 2627 pas-

2147 2626 2344 2693 sionem
2377 2638 2518 2673 suam
2552 2623 2699 2693 misit
2732 2636 2819 2693 eos
2848 2624 2911 2673 ad
2957 2626 3332 2693 praedicandum
3359 2637 3410 2678 et
3429 2623 3630 2693 era-lge-

2149 2691 2402 2743 lizanilum
2430 2704 2641 2756 regnum
2688 2691 2795 2750 Dei,
2828 2692 3123 2755 praecipiens
3157 2694 3233 2743 eis
3275 2704 3325 2745 et
3348 2696 3518 2747 dicens
3544 2691 3628 2747 {In

2148 2762 2281 2808 viam
2307 2758 2531 2822 gentium
2558 2771 2621 2807 ne
2648 2756 2897 2816 abici-itis.
2920 2767 2971 2810 et
3012 2758 3060 2809 itt
3088 2758 3342 2812 civitatein
3370 2762 3632 2814 Samarita-

2149 2840 2326 2877 norum
2359 2840 2423 2877 ne
2445 2824 2772 2884 intraveritis,
2796 2834 2894 2874 etc.

2218 2894 2407 2943 Eodem
2438 2892 2520 2941 die
2570 2890 2748 2941 relatio
2776 2890 2830 2941 S.
2864 2890 2880 2925 ι
2914 2891 3115 2943 Vedasti
3155 2894 3220 2944 de
3265 2893 3469 2947 Belvaco
3514 2910 3632 2948 anno

2096 3000 2113 3023 τ
2149 2959 2575 3023 octingentesimo
2600 2960 2927 3023 nonagesimo
2949 2961 3097 3010 tertio
3126 2961 3395 3013 Dominicre
3415 2964 3632 3015 lucerna-

2098 3026 2105 3033 “
2152 3027 2322 3078 tionis.
2379 3024 2489 3075 Fuit
2532 3033 2699 3075 autem
2750 3025 2880 3088 apud
2920 3028 3209 3089 pra-dictam
3252 3030 3423 3081 urbem
3462 3034 3514 3079 in
3561 3046 3633 3081 ες-

2150 3093 2303 3145 clcsia
2342 3091 2396 3144 S.
2426 3090 2701 3160 Stephani
2722 3093 3108 3160 protomartyris
3150 3108 3311 3146 annos
3340 3098 3593 3149 duodecim
3613 3139 3627 3157 ,

2150 3173 2353 3213 menses
2401 3174 2609 3218 novem,
2656 3159 2765 3209 dies
2791 3160 2963 3224 viginti
3008 3159 3135 3212 tres.
3186 3163 3427 3216 Praedicta
3473 3166 3527 3216 in
3560 3167 3618 3215 dii

2146 3235 2296 3294 capta
2318 3237 2396 3278 est
2426 3226 2739 3277 Hierusalem
2782 3226 2847 3275 ab
2890 3231 3114 3278 εχει-(ειμι
3156 3231 3560 3294 christianorum,
3588 3251 3631 3283 ct

2148 3296 2355 3348 liberata
2384 3294 2451 3346 de
2480 3308 2630 3343 manu
2661 3305 2987 3357 paganorum.

2217 3378 2523 3434 lli—XVII
2553 3378 2681 3430 lin.
2710 3377 2936 3431 Aucusr.
2964 3379 3019 3433 In
3040 3380 3178 3435 Ostia
3202 3385 3363 3437 natale
3388 3385 3443 3438 S.
3468 3385 3483 3434 l
3515 3385 3634 3438 llila.

1882 3472 2081 3525 SMlTll
2118 3466 2334 3523 NOTIE.

616 3571 638 3597 ⁸
672 3562 866 3614 Phoco.
894 3559 1163 3614 Sciendum
1185 3567 1351 3612 autem
1376 3559 1500 3610 duos
1521 3557 1674 3611 fuisse
1696 3558 1890 3611 Phocas
1911 3574 2046 3611 mar-
2079 3580 2083 3585 ο

550 3642 707 3698 tyics,
732 3629 1033 3698 atteruni_de
1059 3644 1159 3698 quo
1190 3628 1283 3698 hoc
1320 3628 1423 3698 die,
1455 3628 1831 3698 alteruurvcro
1855 3628 2047 3698 dequo

549 3695 696 3751 tertio
724 3696 891 3748 Nonas
927 3695 1087 3747 Martii
1127 3696 1309 3762 agitur.
1344 3697 1432 3746 llic
1460 3696 1647 3758 dequo
1680 3696 1829 3746 hodie
1858 3695 2043 3761 agitur,

546 3783 606 3816 ex
639 3776 786 3815 nauta
832 3768 1101 3830 episc0pus
1129 3763 1287 3815 factus
1317 3762 1408 3814 l'uit
1434 3762 1747 3828 Synopensis
1776 3764 1827 3814 in
1864 3763 2044 3825 Ponto,

531 3836 631 3888 .nhi
673 3845 849 3895 passus
878 3841 978 3890 est,
1005 3839 1055 3881 et
1078 3840 1188 3894 post
1212 3830 1367 3880 multa
1394 3838 1640 3880 tormenta
1664 3832 1854 3890 absque
1881 3830 2047 3894 gladio

548 3894 784 3967 migravit
818 3898 866 3948 in
895 3898 1110 3967 cretum;
1136 3895 1221 3967 ille
1251 3910 1371 3945 vero
1413 3894 1865 3967 hortorumcultor
1895 3898 2049 3967 fuisse

552 3963 864 4028 perhibetur,
892 3974 943 4016 et
972 3963 1251 4015 Antiochiae
1282 3971 1539 4015 truncatus
1582 3965 1745 4028 capite
1774 3963 2045 4028 complevit

552 4032 863 4084 martvriutn.
1233 4074 1250 4086 .

620 4100 643 4135 ιο
672 4097 938 4150 ινὶιιεετιιίἱ.
966 4098 1238 4151 llaunoniae
1263 4097 1483 4160 comitis,
1505 4096 1590 4163 qui
1619 4106 1763 4149 antea
1795 4096 2045 4162 Madelga-

551 4167 656 4219 rius
680 4167 862 4226 dictus,
893 4176 943 4217 et
966 4170 1095 4217 inter
1127 4165 1378 4216 Palatinos
1410 4164 1541 4230 regis
1586 4164 1890 4215 Francorum
1941 4167 2045 4214 Ila-

550 4236 743 4295 goherti
766 4250 861 4286 non
883 4234 1087 4285 intimus
1106 4233 1215 4283 fuit.
1238 4232 1585 4283 llabuitetiam
1613 4245 1823 4283 uxorein
1846 4234 2042 4283 beatam

552 4301 929 4353 Waldctrinlem
960 4318 971 4349 2
1003 4302 1266 4364 ipsumque
1296 4314 1383 4350 rex
1417 4299 1587 4349 habuit
1632 4299 1694 4347 ad
1744 4312 1905 4348 annos
1951 4300 2043 4348 azi-

2152 3556 2263 3608 vide
2291 3568 2474 3622 supra;
2506 3554 2667 3607 Grreci
2696 3561 2863 3607 autem
2892 3555 3059 3608 hodie.

2224 3622 2240 3659 ί
2272 3622 2451 3696 (lyrici,
2475 3631 2573 3675 etc.
2592 3623 2654 3696 lli
2669 3636 2771 3696 non
2797 3624 2976 3696 eo_tlein
3008 3626 3276 3696 locopassi
3304 3636 3436 3680 sunt.
3466 3627 3520 3682 S.
3547 3629 3633 3696 Cy-

2150 3692 2287 3744 ricus
2314 3690 2448 3743 enim
2494 3704 2608 3742 cum
2634 3690 3016 3757 Julilta'l'arSI;
3050 3692 3307 3757 Philippus
3352 3696 3400 3746 in
3432 3690 3632 3749 Alenu.

2150 3762 2291 3817 dria;
2336 3758 2654 3811 Secundinus
2681 3768 2731 3807 et
2777 3755 3017 3809 Martialis
3061 3761 3110 3810 in
3138 3755 3323 3814 Sirmio
3352 3772 3403 3815 et
3429 3764 3630 3817 Jacobus

2150 3826 2307 3879 Nisibi
2339 3827 2587 3890 praecipue
2613 3818 2870 3875 coluntur.
2903 3825 3115 3879 “IERON.
3150 3840 3297 3879 mart.

2220 3902 2245 3940 ι
2264 3891 2455 3963 Jacobi.
2488 3891 2723 3955 Episcopi
2753 3891 2963 3954 Nisibis,
2977 3895 3055 3963 vel
3073 3896 3351 3947 Antiochiae
3368 3896 3415 3948 in
3441 3897 3631 3963 lygdo-

2150 3961 2253 4012 nia.
2285 3958 2378 4010 llic
2408 3972 2552 4027 unus_
2566 3972 2627 4008 ex
2658 3972 2867 4010 numero
2887 3963 2981 4011 su‘b
2999 3962 3301 4013 Maximiano
3328 3958 3630 4027 persecutore

2147 4028 2491 4098 confessoruin
2534 4025 2643 4087 fuit,
2685 4034 2741 4098 ιιι
2790 4040 2965 4098 eorum
3004 4043 3091 4093 qui
3124 4029 3174 4077 in
3212 4025 3408 4080 Nich-na
3454 4033 3632 4098 synodo

2148 4096 2449 4145 Arianorum
2475 4092 2857 4158 perversitatem
2887 4092 3224 4155 damnarunt;
3253 4092 3628 4149 interluit'etiatn

2150 4162 2466 4212 Antioclteno
2498 4161 2712 4211 cencilio
2766 4157 3166 4224 pro'catholicis
3210 4173 3383 4215 contra
3410 4166 3629 4219 Ariasos.

2151 4228 2374 4279 Mortuus
2402 4236 2480 4279 est
2519 4227 2800 4277 Constantii
2847 4230 3177 4291 temporibus,
3226 4238 3279 4282 et
3306 4233 3434 4281 intra
3475 4247 3632 4284 mum

2152 4296 2292 4347 urbis
2331 4296 2580 4346 Nisibente
2606 4296 2852 4359 sepultus.
2881 4295 3172 4347 Gennadius
3198 4298 3263 4348 de
3300 4296 3478 4349 illustr.
3506 4301 3628 4352 Eat.

552 4381 674 4433 quot
704 4367 951 4419 llibernire
972 4357 1553 4433 gubernatorem._tlnde
1582 4374 1757 4433 postea
1788 4366 1835 4415 in
1859 4366 2046 4416 Gallias
2077 4357 2122 4414 ο
2148 4362 2335 4433 Script.
2364 4364 2571 4433 capit.
2595 4357 2859 4433 Qiioiiii_u_lii
2893 4374 3061 4413 autem
3090 4362 3171 4413 hic
3197 4365 3294 4425 vir,
3323 4367 3508 4428 Sapore
3529 4379 3632 4429 rege

555 4430 772 4496 rediens,
812 4434 1023 4485 adduxit
1063 4446 1233 4483 secum
1274 4433 1363 4483 88.
1392 4431 1674 4491 Foilanum,
1706 4430 1961 4483 Furszeum
2001 4444 2052 4485 et

554 4504 681 4554 alios
728 4503 839 4553 lidei
872 4500 1245 4563 prrcdicatores.
1292 4500 1522 4549 Autberti
1569 4498 1804 4557 consilio,
1844 4502 2049 4551 militari

555 4571 751 4635 cingulo
777 4570 970 4625 relicto.
994 4569 1054 4618 ad
1076 4568 1341 4635 Sambrani
1371 4567 1418 4616 in
1445 4563 1713 4635 municipio
1733 4566 1864 4628 quod
1888 4567 2053 4635 Mons-

556 4631 687 4689 altus
732 4637 931 4696 dicitur,
965 4634 1323 4685 monasterium
1365 4631 1683 4690 construxit,
1723 4641 1773 4681 et
1824 4634 2053 4695 pluribus

556 4704 699 4756 annis
728 4702 1022 4768 regulariter
1052 4700 1202 4762 vixit;
1232 4715 1332 4766 quo
1357 4698 1537 4768 eteius
1568 4699 1804 4768 exemplo
1822 4701 1903 4749 alii
1932 4715 2051 4763 per-

557 4765 817 4829 rexeruni,
850 4771 1125 4821 Anshertus
1170 4765 1360 4819 scilicet
1399 4765 1822 4829 ltothomageusis
1852 4768 2052 4830 episco-

559 4853 650 4901 pus
674 4838 853 4889 ettsilio
879 4837 1210 4901 proscriptus,
1234 4843 1285 4885 et
1311 4833 1394 4885 alii
1437 4833 1522 4883 Dei
1544 4830 1741 4901 famuli.
1767 4830 2056 4901 Aﬂdillcavit

557 4899 708 4955 etiam
752 4899 992 4968 Sonegias
1042 4901 1353 4959 coenobium,
1405 4900 1452 4968 in
1497 4913 1600 4968 quo
1645 4900 1891 4964 reliquum
1941 4899 2055 4968 vitm

558 4982 743 5021 sanctw
774 4966 933 5029 tluxii,
960 4978 1010 5021 et
1032 4970 1317 5018 terminavit
1345 4968 1393 5015 in
1436 4966 1668 5028 Domino,
1696 4974 1747 5016 et
1776 4966 2053 5031 depositio-

559 5052 675 5088 nem
732 5038 953 5100 accepit,
1003 5036 1282 5099 claruitque
1334 5033 1591 5100 miraculis
1631 5038 1766 5100 circa
1820 5030 1905 5082 an.
1954 5030 2074 5082 641⁸.

559 5105 767 5158 GutsIUs
788 5098 1045 5155 Sehnnsrs.
1078 5103 1317 5154 MULANUS
1353 5100 1415 5149 de
1439 5098 1529 5149 SS.
1562 5098 1735 5161 Belgii.

633 5183 653 5209 ε
686 5170 835 5222 Justi.
867 5172 1057 5221 Colitur
1084 5171 1163 5220 hic
1185 5184 1216 5219 ιι
1255 5165 1589 5231 Septembris,
1617 5178 1716 5228 quo
1740 5165 1823 5216 die
1852 5164 1973 5217 obiit
1995 5165 2051 5216 in

560 5240 797 5306 atlgygto,
829 5235 909 5286 ubi
923 5236 1337 5306 anachoreticam
1359 5236 1458 5299 egit
1478 5234 1630 5306 vitam
1664 5245 1677 5279 :
1710 5232 1859 5284 hodie
1885 5241 2051 5286 autem

558 5297 860 5370 Lugdunum
887 5297 1407 5370 gloriosetranslatus
1422 5297 1782 5370 est.__Norssa.

628 5364 859 5423 ti'Amun'.
891 5364 987 5431 Qui
1014 5368 1216 5419 Amicus
1241 5368 1428 5420 dicitur
1455 5380 1482 5416 a
1512 5364 1737 5415 Notkero
1772 5374 1820 5415 et
1849 5366 1897 5416 in
1938 5368 2057 5418 Ilie-

565 5441 859 5506 rouymiano
897 5434 1274 5503 Martyrologio.
1302 5436 1427 5498 Quis
1454 5433 1532 5483 hic
1556 5433 1641 5495 sit,
1673 5444 1773 5482 non
1800 5434 1919 5484 satis
1940 5450 2053 5486 cer-

567 5516 671 5558 tum
699 5515 796 5557 est.

689 5555 863 5636 Cyn’ci.
894 5569 963 5622 De
994 5570 1068 5622 his
1099 5568 1261 5621 Latini
1289 5576 1438 5633 agunt
1464 5555 1544 5618 ι’νι
1573 5566 1728 5628 Junii,
1750 5582 1898 5633 quem
1922 5569 2054 5619 dicm

2152 4430 2418 4481 Persarum
2452 4428 2644 4478 Nisibin
2674 4427 2938 4478 obsidione
2986 4438 3282 4491 premente,
3321 4427 3432 4482 eam
3469 4427 3627 4482 urbein

2187 4496 2391 4547 recibus
2422 4497 2730 4562 incolumem
2760 4504 3002 4556 servavrt,
3030 4497 3165 4562 legas
3192 4496 3323 4560 apud
3346 4497 3627 4550 'theodorcti

2174 4564 2279 4616 list.
2310 4576 2365 4625 ιι,
2413 4562 2499 4614 50.
2531 4560 2692 4631 Cra-ci
2720 4575 2837 4612 eum
2879 4562 3051 4614 colunt
3076 4560 3238 4631 pridie
3284 4563 3491 4617 Kalend.
3535 4567 3629 4619 No-

2151 4633 2397 4710 t'ernlklin
2422 4630 2724 4710 hlenologio.
3082 4630 3160 4710 ⁷η
3219 4698 3232 4710 ³
3289 4699 3318 4710 υ
3421 4698 3453 4710 η
3529 4684 3544 4710 1

2218 4696 2242 4732 ιι
2269 4695 2528 4746 Florentii.
2560 4697 2650 4747 llic
2679 4711 2855 4760 passus
2873 4707 2952 4749 est
2979 4710 3107 4751 cum
3122 4697 3390 4750 Catholino
3406 4695 3623 4761 diutino,

2150 4766 2235 4828 qui
2264 4764 2412 4827 paulo
2438 4763 2649 4814 inferius
2669 4774 3003 4827 memoratur,
3023 4765 3326 4830 Carthagine
3354 4766 3405 4816 in
3427 4763 3631 4817 Wanda-

2155 4832 2248 4882 lica
2280 4832 2654 4893 persecutione.
2678 4832 2768 4883 Hic
2796 4830 2880 4882 ille
2908 4832 3231 4892 Cathotiuus,
3254 4846 3341 4883 seu
3365 4832 3626 4894 Catullum,

2152 4897 2202 4947 in
2226 4896 2371 4961 cujus
2402 4897 2595 4946 laudem
2636 4898 2691 4949 S.
2731 4899 3064 4961 Augustinum
3096 4907 3359 4949 tractatum
3390 4901 3624 4959 habuisse.

2151 4963 2325 5014 scribit
2366 4962 2564 5012 Pussid.
2595 4966 2644 5014 in
2688 4963 2915 5015 lndiculo
2953 4978 3001 5015 c.
3032 4963 3084 5014 9.
3115 4963 3270 5017 Positi
3316 4974 3434 5017 sunt
3474 4977 3627 5018 autem

2152 5030 2203 5080 hi
2232 5031 2279 5080 in
2321 5029 2524 5081 basilica
2556 5029 2755 5092 Fausd,
2786 5033 2932 5093 cujus
2958 5032 3187 5083 meminit
3226 5034 3405 5084 concil.
3432 5033 3627 5083 Cartha-

2150 5099 2254 5162 gin.
2288 5097 2337 5149 in
2382 5098 2666 5161 principio,
2709 5108 2760 5149 et
2811 5099 2997 5149 concil.
3041 5099 3268 5150 African.
3295 5100 3498 5164 capitul.
3548 5096 3621 5148 Ν.

2157 5165 2325 5215 Victor
2348 5166 2465 5213 item
2488 5165 2553 5215 de
2580 5164 2935 5227 persecutione
2962 5164 3279 5227 Wandalica,
3306 5167 3393 5217 lib.
3421 5179 3473 5217 ιι.

2228 5229 2240 5265 ί
2282 5229 2501 5281 Vcdasti.
2530 5231 2600 5281 De
2630 5232 2727 5279 alia
2758 5234 3086 5284 translatione
3113 5234 3229 5284 vide
3249 5248 3297 5283 vr
3320 5232 3485 5284 Nonas
3501 5230 3627 5288 Juli‘.

2220 5298 2236 5345 t
2278 5296 2511 5347 llilarini'.
2541 5296 2793 5349 Mouachi.
2833 5301 2926 5361 Qui
2955 5301 3020 5351 de
3040 5299 3245 5351 civitate
3289 5298 3444 5351 Aretli
3466 5302 3627 5351 oriun-

2151 5364 2248 5433 dus
2284 5378 2396 5433 cum
2439 5365 2587 5415 beato
2608 5362 2810 5433 Donato
2837 5366 3080 5429 episcopo
3108 5373 3161 5417 et
3205 5376 3426 5433 martyre
3455 5366 3628 5418 dudm

2154 5430 2732 5493 habuitcommercium,
2760 5440 2812 5497 et
2844 5434 3059 5497 plurima
3105 5445 3203 5483 una
3246 5430 3365 5485 cum
3404 5433 3489 5485 illo
3528 5434 3631 5484 iecit

2152 5500 2410 5548 miracula.
2444 5497 2673 5555 l’ostlitcc
2700 5499 2748 5548 in
2774 5496 2980 5549 civitate
3007 5498 3227 5552 Ostiensi
3246 5501 3456 5565 degens,
3490 5496 3631 5550 Gath-

2151 5580 2332 5619 canum
2363 5572 2637 5629 martyrem
2666 5579 2728 5617 eo
2756 5566 3045 5618 venientem
3085 5566 3334 5636 suscepit,
3359 5576 3411 5619 et
3429 5581 3478 5619 tn
3500 5565 3631 5617 Citri-

3000 5740 3828 6308 ,μί
