3888 6348
290 439 393 490 $77

1360 444 1450 498 SE:
1464 446 1538 496 LT.
1555 515 1565 525 ε
1579 446 1635 496 li.
1674 473 1739 482 —
1779 446 2317 499 MAIl'I‘YIlOLOUIA.

3295 453 3389 504 973

1487 548 1701 601 EDITIO
1736 550 2176 603 COLONIENSIS.

291 640 347 680 et
371 633 695 693 confessoris,
722 633 803 698 qui
833 638 928 685 sub
950 640 1244 685 Constantio
1282 637 1505 700 principe
1526 637 1590 688 ob
1615 638 1788 690 catho-
1816 641 1865 696 Α
1954 634 2014 689 C.
2045 636 2127 687 XV
2175 637 2401 689 KALEND.
2448 637 2668 690 Aucusr.
2727 640 2870 704 Apud
2915 641 3264 705 Carthaginem
3301 660 3391 695 na-

294 716 444 768 licam
473 718 623 770 fidem
652 721 703 771 in
731 718 1107 787 Trajanopolitn
1137 716 1395 774 civitatem
1426 724 1657 787 Thraciae
1686 726 1794 791 pul.

294 816 386 854 sus
416 805 615 864 exsilio,
645 807 830 859 ibidem
863 809 1129 873 requievit.

366 896 422 948 Β.
462 896 573 948 XVI
618 898 845 951 Ksczsu.
886 901 1109 953 Aocusr.
1168 899 1220 953 In
1272 898 1578 967 Carthagine
1635 903 1798 956 natale

295 991 585 1035 Sanctorum
628 984 1024 1048 Scillitanorum,
1071 986 1120 1038 id
1152 998 1249 1049 est,
1288 987 1513 1053 Sperati.
1546 989 1796 1055 Narthali,

298 1068 519 1133 liythini,
567 1070 810 1132 Bethorii,
862 1071 1063 1133 Felicis,
1089 1075 1330 1140 Aquilini,
1364 1076 1578 1139 Letacii,
1611 1076 1797 1128 Janua-

294 1158 409 1214 τίω,
447 1156 740 1217 Generosa,
790 1158 980 1220 Beffire,
1030 1160 1234 1212 Donata:
1284 1170 1335 1213 et
1372 1161 1651 1233 Secunda},
1702 1164 1796 1216 sub

294 1243 575 1294 Saturnino
616 1244 877 1309 praefecto,
920 1246 1000 1312 qui
1044 1258 1152 1311 post
1186 1248 1398 1313 primam
1424 1249 1795 1302 confessionem

294 1328 488 1381 Christi
532 1330 581 1382 in
622 1344 879 1383 carcerem
908 1333 1069 1393 missi,
1109 1342 1159 1384 et
1186 1334 1233 1383 in
1262 1333 1395 1399 ligno
1414 1333 1623 1395 conﬁxi,
1651 1348 1800 1386 mane

297 1418 466 1483 gladio
509 1416 747 1467 decollati
790 1427 926 1469 sunt.
973 1418 1158 1470 llorum
1206 1420 1429 1483 reliquias
1456 1433 1570 1470 cum
1599 1420 1801 1471 ossibus

297 1502 441 1555 beati
459 1501 715 1569 Cypriani,
741 1512 789 1555 et
812 1506 975 1566 capite
1002 1507 1159 1555 sancti
1191 1505 1509 1556 Pantaleonis
1538 1507 1796 1573 martyris,

294 1602 359 1642 ex
402 1590 565 1643 Africa
595 1592 645 1643 in
670 1591 860 1644 Gallias
892 1590 1175 1651 translatas,
1225 1599 1530 1643 venerantur
1570 1592 1799 1656 Lugdoni

296 1678 349 1730 in
393 1678 599 1730 basilica
647 1678 781 1732 beati
817 1678 1025 1731 Joannis
1065 1676 1327 1744 Baptistae,
1361 1688 1413 1731 et
1440 1679 1602 1730 sancti
1627 1679 1803 1733 Alexis

293 1766 627 1819 Confessoris.

1901 724 2001 775 tale
2030 733 2217 775 sanctae
2240 723 2531 789 Cundenes,
2559 740 2670 789 quae
2701 726 2967 779 Plautiano
2995 740 3043 781 et
3066 729 3184 780 Zeta
3212 745 3391 782 consu-

1898 809 2073 873 libus,
2137 811 2279 876 jussu
2344 812 2504 862 ltofini
2567 814 2895 878 proconsulis,
2972 826 3149 882 quater
3172 818 3389 870 diversis

1896 897 2209 960 temporibus
2237 898 2438 963 equulei
2459 900 2756 952 extensione
2780 912 2956 954 vexata
2980 941 2994 961 ,
3018 913 3067 955 et
3095 906 3389 970 ungularum

1902 983 2151 1035 horrenda
2184 985 2490 1038 laceratione
2512 986 2729 1039 cruciata
2761 1028 2773 1051 ,
2811 991 3030 1042 carceris
3055 991 3205 1043 etiam
3236 1007 3391 1057 squa-

1898 1069 2009 1124 lore
2052 1071 2336 1125 diutissime
2362 1074 2885 1136 alnicta,-novissime
2928 1063 3094 1144 gladio
3119 1093 3247 1130 caesa
3290 1092 3386 1132 est.

1894 1158 2037 1223 Apud
2092 1159 2343 1212 civitatem
2388 1161 2682 1214 Metensium
2727 1165 2890 1216 sancti
2930 1166 3120 1216 Arnolfi
3161 1168 3385 1232 episcopi

1895 1255 1945 1297 et
1971 1246 2297 1311 confessoris,
2334 1249 2417 1315 qui
2466 1250 2733 1303 sanctitate
2775 1261 2826 1304 et
2869 1253 3226 1307 miraculorum
3270 1272 3387 1322 gra-

1900 1334 1965 1383 tia
1990 1333 2217 1397 illustris,
2246 1337 2557 1389 eremiticam
2580 1339 2731 1390 vitam
2761 1340 2985 1407 diligens
3019 1342 3165 1394 beato
3187 1344 3285 1394 fine
3315 1358 3392 1396 re-

1897 1421 2103 1485 quievit.
2159 1422 2220 1474 Et
2267 1426 2430 1477 sancti
2476 1426 2683 1479 Materni
2737 1429 2955 1496 episcopi
3004 1440 3052 1484 et
3090 1432 3392 1486 confessoris

1899 1507 2201 1559 Mediolano.

1970 1592 2027 1643 D.
2059 1592 2168 1645 XIV
2195 1582 2419 1647 Κιιῖιιυ.
2469 1596 2694 1651 Accusr.
2725 1599 2867 1663 Apud
2890 1599 3197 1653 Thebaidam
3232 1602 3389 1654 sancti

1903 1677 2063 1732 Patris
2095 1683 2251 1733 nostri
2279 1682 2499 1744 Arsenii,
2530 1684 2594 1735 de
2622 1699 2722 1749 quo
2753 1687 2801 1735 in
2831 1686 2999 1737 verbis
3025 1688 3283 1739 seniorum
3311 1702 3391 1739 re-

1906 1765 2106 1829 fertur,
2172 1768 2285 1833 quia
2330 1782 2534 1835 prop'er
2578 1770 2994 1824 redundationem
3056 1766 3389 1840 lacryniarom

1474 1854 1691 1922 enim
1730 1853 2202 1909 BOLLANDIANA.

294 1944 426 2003 riui;
456 1942 539 2008 qui
582 1940 677 1993 sub
700 1941 1053 2006 persecutione
1081 1938 1285 2003 Iuliani,
1313 1952 1437 1992 cum
1457 1941 1613 1992 nollet
1638 1940 1793 1992 sacri-
1825 1938 1868 1994 Β
1901 2006 1929 2011 _
1958 1940 2023 2011 (Ζ.
2048 1940 2103 2011 V.
2124 1978 2160 2011 ,__
2191 1941 2589 2011 ᾼιιιιςείοιιᾳιιοε
2623 1942 2891 2011 Theodosii
2937 1946 3181 2011 episcopi.
3215 1948 3298 2009 V.,
3334 1945 3392 1997 Et

296 2032 475 2094 ficare,
506 2024 720 2082 fustibus
743 2043 905 2081 caasus
931 2028 1226 2096 martyrium
1262 2029 1493 2096 sumpsit.

366 2120 426 2172 C.
454 2119 537 2177 V.,
569 2117 622 2184 In
665 2117 931 2169 Antiochia
970 2117 1259 2171 Theodosii.
1310 2116 1527 2169 Enstasii
1558 2115 1800 2184 [Eustasii

296 2188 432 2239 abest
458 2202 487 2237 a
512 2182 631 2253 V.],
665 2185 906 2251 Dionysii.
942 2184 1021 2253 L.,
1042 2184 1173 2253 Ipso.
1192 2186 1273 2236 die
1308 2185 1410 2253 Ss.
1446 2193 1469 2253 τ
1502 2182 1703 2235 nonum
1750 2193 1805 2237 et

298 2254 553 2317 Gnndulli
557 2250 930 2317 episcoporum.
960 2252 1045 2312 T.,
1075 2252 1263 2304 Eodem
1288 2252 1371 2303 die
1408 2250 1653 2301 adventus
1686 2266 1799 2302 cor-

299 2322 442 2388 poris
468 2321 525 2374 S.
555 2319 783 2371 Cassiani
813 2320 1036 2388 episcopi
1066 2320 1115 2369 in
1149 2319 1376 2388 basilica.
1417 2318 1640 2388 Quintini
1670 2332 1802 2369 mar-

300 2385 446 2457 tyris,
472 2389 635 2457 signis
665 2395 716 2457 et
754 2385 1120 2457 miraculorum
1147 2385 1416 2457 virtutibus
1462 2386 1682 2450 gloriose
1710 2398 1800 2436 co-

298 2449 571 2507 riiscaiitis.
602 2454 661 2505 Et
684 2449 780 2506 S.”
816 2450 1201 2515 Bertinicorpus
1229 2450 1527 2504 transfertur
1546 2460 1599 2502 et
1625 2465 1803 2503 recon-

297 2528 455 2575 όιιιιι.
488 2523 573 2584 8.,
611 2520 664 2572 In
709 2518 937 2571 Caesarea
966 2520 1132 2572 natale
1176 2518 1271 2570 SS.
1314 2519 1451 2569 Pauli
1496 2528 1547 2570 et
1577 2530 1598 2555 ο
1645 2518 1803 2570 Mam-

299 2592 471 2642 metis.
508 2590 569 2642 Ει
601 2588 767 2642 natale
794 2598 1087 2640 sanctorum
1121 2585 1416 2649 Valentiore,
1440 2584 1655 2649 Theoni,
1689 2585 1804 2638 Dio-

297 2659 469 2710 cletis.

370 2745 539 2797 Π.-
562 2741 673 2795 XVI
697 2741 825 2794 Κιι..
862 2740 912 2792 In
953 2739 1256 2806 Carthagine
1293 2738 1706 2803 Scillidanorum,
1754 2738 1803 2791 id

298 2839 398 2892 est,
448 2830 715 2893 Marcialis,
766 2828 919 2881 Citbii
969 2828 1059 2898 [0.
1108 2826 1264 2895 Urii],
1300 2827 1550 2887 Vesturii,
1602 2827 1800 2887 Felitis,

301 2919 544 2985 Aquilini,
574 2917 840 2979 Lactantii,
868 2914 1115 2979 Januarii,
1133 2915 1467 2984 Cenorosi[A.
1486 2913 1802 2983 Generosos],

300 3007 469 3059 Vesta:
497 3006 579 3075 [Β.
609 3005 797 3074 Vastm]
820 3045 835 3067 ,
870 3005 1073 3057 Donatzc
1104 3014 1155 3056 et
1200 3004 1469 3070 Secundae,
1510 3009 1604 3057 Sub
1630 3005 1805 3057 Satur-

300 3096 423 3147 nino
469 3094 746 3163 prafecto;
784 3093 868 3160 qui
898 3102 1007 3158 post
1053 3094 1263 3159 primam
1291 3094 1477 3145 Christi
1529 3094 1805 3146 confessio-

299 3196 418 3234 nem
446 3182 495 3233 in
522 3193 778 3233 carcerem
809 3178 948 3231 missi
970 3188 1021 3232 et
1049 3178 1098 3231 in
1127 3180 1261 3247 Πειιο
1285 3180 1514 3233 crucifixi
1536 3219 1555 3244 ,
1600 3182 1649 3233 in
1680 3182 1802 3236 mari

234 3290 235 3293 η
298 3268 468 3337 gladio
510 3268 741 3322 decollati
775 3276 914 3319 sunt.

1825 3258 1872 3319 C

1898 2006 1955 2057 S.
2002 2008 2163 2059 Alesii
2204 2007 2253 2058 io
2277 2010 2420 2075 np...
2456 2010 2509 2061 Et
2544 2010 2763 2062 Marium.
2818 2017 2875 2062 Α.
2904 2006 3089 2075 Τ.’[,.,
3113 2006 3309 2066 Poma:
3335 2017 3388 2064 S.
3474 2024 3475 2027 ‘

1902 2083 1923 2109 ο
1952 2074 2123 2192 ᾒζειὶε
2168 2073 2493 2129 confessoris.
2531 2077 2611 2139 8.,
2640 2077 2921 2131 Mediolano
2949 2073 3118 2133 natale
3163 2082 3217 2136 S.
3266 2081 3389 2133 Mar-

1902 2155 1954 2192 ce
2000 2157 2032 2192 ι.

1898 2155 2032 2194 CCIII.

1970 2229 2051 2282 18.
2079 2256 2144 2268 -—
2164 2229 2251 2282 XV
2281 2230 2406 2284 Kac.
2436 2232 2612 2286 Natale
2636 2234 2690 2287 S.
2724 2230 2743 2270 τ
2767 2235 2961 2287 Arnulli
2990 2234 3322 2289 confessoris.

1968 2316 2123 2369 Addit
2148 2316 2330 2369 Florus
2360 2318 2407 2369 in
2436 2321 2499 2371 Α.
2528 2319 2588 2370 T.
2620 2318 2703 2383 L.,
2734 2319 2887 2385 Cujus
2910 2321 3014 2372 vita
3044 2320 3280 2374 maximae
3307 2336 3393 2374 ex-

1897 2404 2025 2456 stitit
2054 2406 2359 2457 sanctitatis.

1966 2490 2179 2544 Notatur
2216 2500 2381 2543 autem
2430 2492 2478 2543 in
2527 2493 2613 2555 A.,
2662 2492 2715 2545 In
2764 2494 2940 2559 Galliis
2978 2493 3117 2548 Silva
3162 2494 3389 2559 Aquilino

1900 2559 2169 2638 passioHS.
2200 2559 2644 2638 APIIiIﬂ-CP‘ISCO-pi
2686 2576 2697 2609 :
2816 2558 2887 2638 Τ..
2910 2576 3050 2638 vero,
3088 2558 3283 2638 Eodem
3310 2564 3392 2638 die

1901 2625 1953 2678 in
1983 2626 2142 2693 Gallia
2172 2625 2373 2678 civitate
2400 2626 2545 2677 Motis
2573 2628 2821 2691 depositio
2857 2630 2911 2678 S.
2942 2630 3135 2680 Arnulli
3166 2629 3389 2693 episcopi

1898 2705 1952 2761 et
1979 2692 2285 2746 confessoris
2314 2711 2324 2743 :
2350 2703 2428 2743 ast
2449 2693 2496 2742 in
2530 2693 2589 2761 Ι..
2611 2709 2707 2761 non
2736 2703 3015 2761 praenotato
3048 2698 3157 2746 loco
3184 2692 3321 2746 solus
3345 2696 3389 2747 ei

1899 2760 2045 2830 datur
2074 2761 2250 2829 titulos
2278 2762 2527 2827 martyris.
2560 2760 2617 2812 C.
2654 2759 2745 2830 ν.,ξ
2781 2761 2952 2830 Rome
2979 2770 3002 2805 κ
3031 2762 3388 2830 Sympliorosa:

1899 2828 2075 2879 matris
2103 2828 2296 2891 septem
2326 2841 2545 2890 germatn
2566 2842 2699 2878 rum.
2733 2829 2788 2879 Β.
2817 2828 2953 2879 addit
2984 2828 3185 2880 numina
3216 2841 3264 2881 et
3288 2832 3393 2879 elo-

1898 2896 2169 2961 giumqote
2204 2896 2330 2945 infra
2370 2893 2735 2965 videsttiKal.
2778 2897 2861 2965 Ai.,
2906 2900 3104 2947 Sani-tae
3148 2896 3392 2965 Sympho-

1902 2977 2030 3014 rosa:
2053 2977 2167 3013 cum
2195 2970 2390 3025 septem
2434 2961 2564 3012 filiis.
2601 2964 2677 3021 BL,
2718 2962 2780 3025 In,
2812 2964 2966 3014 Ponto
3002 2961 3247 3015 Amantius
3277 2966 3393 3014 civi.

1900 3037 2021 3104 tate,
2057 3028 2274 3092 Pontini,
2319 3028 2538 3088 FJantii,
2573 3029 2794 3081 Helianai
2825 3030 3053 3094 virginis,
3096 3031 3264 3082 Maria:
3291 3032 3391 3082 vir-

1899 3108 2049 3164 guns.

1971 3184 2049 3237 ιθ.
2078 3210 2134 3223 -
2174 3182 2279 3236 xw
2325 3181 2453 3236 ιω..
2500 3183 2548 3236 s.
2606 3182 2661 3237 P.
2702 3180 2757 3236 N.
2794 3161 3069 3250 U’Arscmi,
3110 3184 3297 3253 dequo
3345 3185 3392 3238 in

1610 3356 1805 3411 SMlTll
1840 3354 2058 3409 NOTAE.

302 3445 369 3496 sti
419 3443 517 3497 fide
563 3443 896 3497 confirmavit.
926 3444 1111 3510 Captus
1159 3443 1379 3512 denique
1405 3459 1431 3496 ει
1459 3443 1801 3511 Ουηιιάτπιίιιηο

302 3512 521 3578 prmside
547 3512 598 3563 in
640 3512 777 3562 Ostia
805 3514 1002 3563 occisus
1047 3520 1143 3564 est.
1176 3513 1311 3565 Petr.
1340 3513 1596 3565 de'Natal.
1642 3512 1807 3564 Baro-7

303 3580 419 3631 nius
454 3593 575 3631 vero
601 3578 826 3647 inMart.
856 3578 927 3628 ait
952 3581 1083 3629 hunc
1122 3579 1280 3647 Arelli
1324 3582 1371 3631 in
1400 3580 1581 3632 Tuscia
1614 3588 1801 3647 marty-

304 3648 435 3698 rium
483 3646 777 3710 sumpsisse,
802 3656 854 3697 et
890 3659 1074 3712 corpus
1116 3645 1229 3712 ejus
1265 3647 1328 3699 ad
1374 3648 1525 3700 Ostia.
1559 3645 1799 3700 Tiberina

305 3716 603 3765 translatum
632 3713 803 3765 fuisse.

376 3786 403 3812 ⁸
428 3779 683 3845 Ιιοηιιιρὴἱ
731 3789 773 3831 et
825 3781 1123 3847 Gondulplu’.
1158 3781 1228 3833 Ex
1270 3780 1452 3845 quibus
1480 3780 1798 3845 Monulplius,

254 3862 257 3863 '
308 3846 592 3915 filiusregis
622 3847 835 3899 Dionati.
864 3854 1005 3915 Apud
1034 3851 1234 3911 Legiani
1260 3848 1485 3901 condidit
1522 3850 1803 3900 oratorium

306 3914 402 3968 SS.
422 3914 618 3966 Cosmte
634 3926 685 3965 et
703 3914 954 3977 Damiani;
977 3927 1028 3968 et
1044 3916 1257 3981 Traiecti
1277 3916 1325 3966 in
1349 3916 1590 3967 honorem
1613 3917 1669 3967 S.
1687 3916 1802 3968 Ser-

306 3982 443 4049 vaiii,
462 3981 779 4049 magnificum
808 3986 1045 4049 templum
1074 3984 1337 4041 exstruxit,
1371 3982 1455 4033 ubi
1486 3984 1698 4034 clericos
1726 3985 1805 4035 in-

306 4048 488 4102 stituit.
512 4048 604 4110 Qui
634 4059 893 4113 postquam
916 4048 1055 4103 circa
1084 4050 1147 4103 59
1163 4064 1325 4102 annos
1340 4049 1558 4116 Trajecti
1587 4051 1805 4101 resedis-

306 4127 406 4179 set,
436 4116 618 4167 ibidem
653 4116 703 4166 in
731 4118 907 4169 eadem
937 4119 1148 4171 ecclesia
1170 4119 1387 4169 animam
1429 4121 1530 4168 Deo
1557 4118 1800 4179 reddidit,

306 4194 358 4235 et
381 4185 605 4248 sepultus
630 4194 712 4235 est
739 4201 871 4237 anno
898 4189 1096 4237 circiter
1137 4186 1255 4236 600.
1295 4186 1348 4237 S.
1379 4192 1546 4237 autem
1577 4184 1802 4237 Gondul-

309 4254 439 4318 phus
487 4249 581 4302 fuit
618 4250 759 4303 ducis
810 4253 1146 4318 Lotharingiaa
1188 4254 1338 4313 filius,
1377 4263 1428 4302 et
1472 4252 1686 4318 'l‘rajecti
1742 4252 1805 4303 ad

308 4316 505 4369 Mosam
547 4323 780 4371 nutritus.
814 4321 928 4371 Post
974 4321 1028 4371 S.
1054 4316 1377 4383 Monulphum
1421 4330 1471 4370 et
1515 4316 1807 4383 Trajecten-

310 4401 420 4437 sem
462 4394 513 4437 et
548 4384 891 4451 Tongrensem
926 4388 1198 4439 Ecclesiam
1232 4388 1497 4449 septennio
1541 4388 1707 4447 rexit,
1757 4396 1808 4437 et

312 4453 549 4517 migravit
595 4467 655 4504 ex
704 4453 798 4504 hoc
846 4456 1035 4505 surculo
1078 4455 1208 4505 circa
1239 4455 1576 4515 annumh'U'l,
1628 4452 1805 4504 eodem

310 4521 429 4572 anni
450 4520 531 4570 die
555 4534 655 4585 quo
689 4522 1060 4583 praedecessor;
1091 4522 1171 4572 cui
1192 4522 1345 4573 etiam
1378 4536 1461 4585 par
1494 4521 1706 4584 meritis,
1732 4530 1810 4571 est

311 4587 638 4651 c0nsepultus
670 4587 718 4637 in
764 4590 931 4640 medio
976 4591 1204 4641 ecclesia:
1250 4589 1303 4639 S.
1332 4589 1566 4640 Servatii.
1598 4588 1806 4639 Gntstus

308 4656 569 4707 SBNENSIS.

384 4720 409 4757 δ
441 4720 644 4774 limini.
672 4722 832 4774 Verba
884 4731 1001 4773 Sunt
1054 4720 1160 4772 haec
1202 4721 1385 4772 MoL-ui
1434 4722 1483 4772 in
1535 4720 1808 4771 additioni-

315 4791 413 4840 bus
439 4790 501 4838 ad
527 4789 805 4839 Usuardum
837 4806 847 4841 :
879 4787 1180 4839 Monasterio
1220 4789 1382 4838 Sithio
1411 4788 1466 4840 S.
1500 4787 1657 4839 Patris
1689 4787 1807 4838 lier-

313 4857 408 4908 tini
435 4870 617 4919 corpus
644 4876 669 4905 ιι
700 4856 753 4907 Β.
800 4855 1056 4921 Folqoano
1084 4854 1403 4917 transfertur,
1426 4865 1477 4905 et
1522 4856 1808 4906 reconditu-

317 4923 591 4975 ωηο-846.
624 4924 693 4974 De
714 4925 813 4975 alia
848 4926 1178 4975 translatione
1206 4924 1353 4986 hujus
1394 4922 1555 4973 sancti
1592 4922 1706 4972 vide
1732 4938 1809 4973 su-

354 5005 406 5041 ra
429 5004 462 5041 ιι
486 4990 620 5041 Maii.

379 5006 406 5039 a
536 5006 579 5039 ai
607 5030 620 5041 .

318 5006 731 5107 Pr¢lIfDitlmilnetiL
765 5053 923 5121 Hu)us
960 5058 1244 5123 passionem
1273 5054 1518 5120 prodigio,
1548 5069 1696 5123 quam
1727 5068 1810 5121 ve-

320 5124 456 5178 ritati
478 5123 773 5176 similiorem
803 5122 1109 5189 explicatam
1154 5124 1324 5172 viduas
1347 5123 1478 5189 apud
1509 5122 1807 5174 Notkerom.

388 5190 414 5227 ἀ
443 5190 721 5242 Theodosii.
753 5194 822 5242 De
848 5186 942 5242 hoc
986 5192 1059 5241 sic
1086 5190 1319 5240 scribitur
1362 5190 1409 5239 in
1441 5186 1576 5240 Phil.
1626 5188 1814 5240 Labbei

288 5302 299 5313 .
317 5260 451 5311 Bihl.
484 5258 608 5310 Nov.
640 5268 761 5309 tom.
789 5259 834 5320 Ι,
869 5274 916 5321 p.
943 5258 1043 5308 418
1071 5274 1082 5307 :
1110 5275 1128 5305 ι
1156 5255 1469 5308 Theodosius
1496 5257 1628 5307 sedit
1654 5269 1815 5306 annos

326 5346 345 5376 ι
386 5328 436 5386 8,
464 5328 573 5376 dies
591 5324 677 5384 25,
702 5338 753 5375 et
791 5326 935 5377 hodie
963 5324 1087 5375 obiit
1116 5334 1317 5387 peracto
1344 5323 1456 5373 vita:
1484 5338 1589 5374 sua:
1619 5332 1815 5387 tempo-

328 5412 346 5442 ι
388 5408 441 5445 re
468 5394 534 5446 70
575 5404 626 5445 et
654 5393 684 5444 5
725 5393 906 5451 anuis,
948 5405 1138 5457 proque
1173 5403 1281 5441 suae
1328 5389 1511 5440 merito
1537 5388 1817 5441 sanctitatis

327 5480 345 5511 ι
388 5462 603 5512 nobilem
630 5462 677 5511 in
706 5459 916 5512 ecclesia
944 5460 1003 5509 Β.
1047 5458 1284 5511 Germani
1310 5460 1515 5509 sortitus
1545 5468 1621 5508 est
1650 5458 1818 5518 sepul-

328 5548 347 5577 ε
386 5539 567 5579 turam.
595 5526 708 5578 Fuit
733 5538 896 5576 autem
923 5525 1233 5590 temporibus
1265 5523 1524 5583 Bonil'acii,
1554 5533 1606 5575 et
1626 5525 1812 5575 Mercu-

330 5614 349 5645 σ
386 5596 447 5647 rii
468 5596 550 5659 qui
579 5603 629 5645 et
655 5594 873 5646 Joannes
900 5602 1101 5644 vocatus
1128 5602 1224 5653 est,
1257 5607 1412 5657 usque
1437 5592 1497 5642 ad
1523 5594 1809 5657 Agapitum,

331 5684 348 5714 ι
390 5666 664 5729 imperante
708 5662 766 5713 Ju
800 5662 987 5732 tiniano
1016 5666 1256 5723 Augusto,
1290 5660 1558 5727 Lampadio
1587 5659 1812 5712 consule.

1906 3461 1923 3493 ι
1964 3443 2252 3495 Invenimus
2279 3453 2328 3495 et
2356 3442 2486 3495 hunc
2513 3451 2740 3495 sanctum
2763 3444 2922 3495 virum
2956 3445 3242 3499 interfuis‘e
3274 3466 3398 3500 cun-

1903 3528 1923 3562 t
1957 3513 2074 3562 cilio
2103 3513 2475 3575 episcoporum,
2508 3511 2643 3576 quod
2671 3519 2836 3562 actum
2865 3522 2941 3563 est
2964 3528 3022 3563 ex
3050 3515 3191 3576 jussu
3219 3516 3399 3567 Clodo-

1905 3596 1924 3629 ι
1959 3580 2035 3646 vei
2068 3579 2227 3642 Magni
2261 3580 2568 3631 Francorum
2617 3579 2748 3644 regis
2794 3579 2926 3646 apud
2972 3581 3388 3637 Aurelianensetn

1904 3660 1922 3695 ι
1964 3645 2139 3698 Galliae
2168 3647 2440 3697 civitatem.
2479 3661 2498 3694 ι

1969 3723 1991 3749 ο
2011 3715 2189 3764 Atat-is.
2225 3713 2333 3765 Filii
2366 3711 2695 3783 Euphemiani
2723 3714 2973 3765 senatoris
2997 3724 3046 3767 et
3066 3716 3270 3783 Aglaim.
3300 3718 3395 3780 Qui

1898 3781 2059 3845 prima
2099 3791 2243 3831 nocte
2272 3780 2575 3845 nuptiarum,
2606 3794 2787 3842 sponsa
2833 3783 3037 3841 intacta,
3068 3780 3276 3835 e'domo
3300 3800 3388 3836 ειη

1897 3849 2195 3910 abscedens,
2225 3862 2284 3898 ac
2331 3856 2441 3911 post
2485 3849 2683 3912 longam
2710 3851 3161 3913 peregrinationem
3201 3853 3265 3903 ad
3297 3852 3391 3903 Ur-

1899 3915 2012 3967 bem
2039 3915 2261 3984 rediens,
2287 3913 2461 3965 decem
2500 3924 2549 3966 et
2576 3923 2770 3977 septem
2798 3928 2956 3984 annos
3004 3925 3238 3984 tanquam
3275 3933 3392 3983 ege-

1900 3997 1995 4035 nus
2040 3983 2090 4033 in
2135 3983 2287 4053 domo
2336 3988 2539 4053 patetna
2586 3991 2818 4053 receptus
2864 3981 3117 4045 hospitio,
3162 3981 3391 4053 incogni-

1901 4063 1982 4118 ius
2019 4052 2201 4100 mansit
2235 4049 2374 4118 :Ased
2425 4058 2536 4113 po~t
2582 4050 2773 4118 obitum
2799 4088 2813 4108 ,
2854 4062 2903 4101 et
2958 4065 3081 4103 voce
3132 4067 3218 4118 per
3254 4049 3393 4105 u'rbis

1900 4115 2345 4168 Lcelesiasaodita
2374 4155 2388 4176 ,
2443 4124 2494 4165 et
2531 4115 2721 4176 scripto
2756 4129 2848 4164 suo
2869 4120 3067 4180 agnitus
3090 4158 3104 4180 ,
3132 4115 3396 4172 'lnnocen-

1903 4192 1973 4233 tto
2003 4183 2057 4244 1,
2090 4182 2324 4247 pontifice
2350 4183 2589 4242 maximo,
2636 4182 2698 4231 ad
2743 4182 3007 4234 ecclesiam
3062 4187 3114 4237 S.
3149 4187 3391 4238 Bonifacii

1901 4264 2099 4301 summo
2149 4249 2339 4301 honore
2383 4248 2579 4299 delatus
2622 4255 2717 4299 est.
2758 4248 2950 4301 Claruit
2976 4253 3109 4304 circa
3149 4268 3234 4306 an.
3264 4255 3382 4307 38$.

1901 4317 2064 4370 Parit.
2096 4332 2161 4369 ιιι
2184 4318 2489 4369 ΝΑτΑιιθυδ.

1974 4383 1993 4421 ί
2037 4386 2297 4450 Amulpln'.
2328 4385 2471 4453 Metis
2505 4384 2555 4434 in
2582 4381 2739 4453 Callia
2850 4384 3098 4453 Arnttlphi
3138 4388 3384 4453 episcopi.

1901 4453 1985 4517 qui
2014 4449 2260 4521 clarusin
2287 4452 2469 4521 palatio
2500 4451 2654 4513 regis,
2678 4460 2729 4521 et
2758 4449 2933 4521 Pipino
2965 4452 3246 4506 Brabantiu:
3275 4449 3394 4505 duri

1902 4521 2086 4570 chartis
2111 4517 2219 4577 fuit,
2255 4530 2300 4568 et
2324 4520 2385 4586 ah
2407 4532 2467 4586 eo
2495 4531 2519 4566 a
2546 4517 2758 4586 secretis
2786 4518 3038 4570 adhibitus
3062 4536 3075 4582 ;
3102 4522 3245 4586 cujus
3272 4537 3392 4573 con-

1904 4587 2018 4638 silio
2060 4587 2276 4635 maxime
2322 4585 2527 4649 Pipinus
2562 4584 2925 4636 delectabatur.
2979 4584 3182 4649 Papone
3224 4600 3389 4640 autem

1839 4675 1885 4731 ι)
1910 4652 2118 4731 Meieusi
2147 4653 2383 4731 episcopo
2406 4652 2663 4727 defuncto,
2696 4652 2985 4731 {Arnulphus
3016 4654 3201 4731 invitus
3233 4658 3395 4731 prazltp

1912 4723 2040 4771 citur
2070 4737 2081 4768 2
2116 4728 2167 4769 at
2213 4730 2323 4783 post
2370 4734 2529 4769 annos
2556 4718 2842 4783 quindecim
2882 4723 3198 4772 eremiticam
3236 4718 3394 4772 vitam

1910 4786 2074 4847 duxit,
2105 4796 2155 4836 et
2180 4790 2303 4838 obiit
2329 4799 2462 4836 anno
2490 4784 2607 4843 (iit),
2635 4798 2919 4851 cerpusque
2947 4787 3063 4839 inde
3101 4789 3270 4841 Metim
3301 4789 3394 4839 de-

1909 4853 2088 4905 latum.
2116 4854 2317 4911 Sumus,
2349 4862 2469 4901 tom.
2497 4851 2575 4901 IV.

1981 4929 2004 4987 β
2046 4920 2408 4985 Symp/garoue.
2436 4920 2503 4969 De
2526 4920 2602 4967 his
2626 4918 2737 4970 vide
2758 4917 2885 4971 infra
2908 4936 2990 4973 xxx
3018 4920 3164 4987 Itujns
3185 4923 3391 4973 mensis.

1981 4984 2009 5023 Ιι
2046 4984 2251 5037 Artena.
2301 4989 2469 5035 Itonia:
2515 4986 2648 5041 nati;
2695 4987 2777 5051 qui
2815 4987 2986 5051 etiam,
3029 4984 3289 5051 postquam
3335 4992 3397 5040 ad

1914 5054 2019 5119 ipsa
2046 5053 2463 5121 adytaAdoctrinat
2489 5062 2537 5102 et
2560 5052 2918 5115 philosoiihicm
2944 5068 2993 5105 et
3020 5069 3176 5106 sacrze
3200 5070 3397 5121 proces-

1912 5118 2085 5181 sisset,
2113 5118 2140 5168 ιι
2182 5118 2408 5169 Romana
2458 5120 2677 5170 ECclesia
2722 5121 2960 5169 diaconos
3005 5118 3262 5173 ordinatus
3301 5137 3394 5174 cst.

1914 5189 2186 5252 Postquam
2228 5196 2395 5238 autent
2442 5186 2754 5253 Theodosius
2802 5199 2911 5248 post
2946 5190 3201 5242 Valentem
3241 5193 3397 5253 impe-

1913 5255 2044 5306 rium
2091 5255 2413 5318 suscepisset,
2446 5253 2684 5303 Gratiano
2726 5252 3031 5317 imperatore
3075 5266 3127 5309 et
3170 5257 3397 5308 llomauo

1914 5320 2129 5389 prmsule
2156 5321 2417 5389 suadente,
2455 5320 2695 5389 Arsenius
2726 5321 2909 5389 invitus
2943 5329 3009 5375 ad
3037 5322 3393 5375 Constantino-

1916 5386 2067 5455 polim
2100 5388 2354 5451 profectus
2382 5396 2476 5447 est,
2508 5395 2559 5436 et
2585 5386 2856 5455 Theodosii
2894 5390 3080 5441 liberos
3123 5390 3393 5442 Arcadium

1918 5453 1969 5508 et
2014 5454 2292 5506 Honorium
2334 5454 2530 5518 accepit
2555 5453 2858 5505 erudiendos
2905 5472 2917 5506 :
2960 5466 3009 5508 et
3045 5471 3159 5508 cum
3191 5467 3394 5521 prepter

1912 5524 2149 5575 delictum
2178 5522 2425 5586 quoddam
2454 5522 2729 5572 admissum
2758 5522 2924 5586 ﬂagris
2953 5526 3219 5575 Arcadium
3247 5526 3392 5576 casti-

1918 5598 2099 5655 gasset,
2131 5606 2155 5639 a
2185 5592 2441 5652 spattiario
2474 5589 2671 5639 Arcadii
2706 5600 2923 5641 monitus
2950 5601 3048 5649 est,
3076 5592 3209 5655 quod
3241 5594 3395 5645 Arca~

1916 5664 2027 5710 dzus
2055 5672 2167 5710 cum
2214 5659 2319 5707 neci
2348 5658 2469 5709 dare
2509 5656 2777 5708 meditatus
2804 5668 2879 5709 est
2914 5675 2924 5707 :
2970 5660 3214 5713 Arsenius
3241 5664 3388 5732 igitur
