3888 6312
557 280 657 338 979
934 280 947 307 ’

1271 284 1461 336 BEDJﬂ
1505 283 1931 336 VENEHABILIS
1965 280 2108 333 Ul’l’.
2149 282 2319 335 PARS
2356 284 2442 336 ιν.
2481 312 2547 325 -
2582 284 2939 341 1115Το111οΑ.

1774 386 1985 441 EDITIO
2018 384 2468 441 COLONIENSIS.

3578 283 3677 338 980
3808 15 3826 414 I

554 474 845 542 tergendam
875 474 1131 527 sudarium
1160 488 1367 542 semper
1388 475 1440 528 in
1470 477 1583 527 sinu
1618 475 1695 525 vel
1720 474 1769 527 in
1792 489 1944 526 manu
1974 474 2066 524 ha-
2101 474 2144 530 A
2173 484 2259 524 est
2285 473 2461 526 Justus
2486 516 2501 539 ,
2532 490 2717 541 quique
2744 491 2858 529 cum
2887 472 3038 529 beato
3070 476 3303 539 Matthia,
3340 486 3391 526 ut
3418 492 3677 530 numerum

553 564 739 616 bnerit.
787 562 931 625 Apud
974 562 1271 628 Hispaniam
1319 562 1370 614 in
1397 562 1609 613 civitate
1659 561 1853 627 Hispali
1901 561 2069 613 natale

552 659 843 702 sanctarum
877 648 1037 701 .Iustte
1061 658 1114 702 et
1142 649 1358 709 Rullum,
1390 663 1503 713 qua:
1531 663 1557 698 a
1594 648 1908 715 Diogeniano
1933 662 2067 713 pite-

551 740 673 792 side
696 738 1103 804 comprehensae,
1135 738 1336 802 equulei
1366 739 1669 789 exten-ione
1687 746 1737 789 et
1765 737 2062 802 ungularum

549 825 827 878 laniatione
870 834 1069 877 vexata:
1094 833 1251 886 sunt;
1300 823 1487 875 deinde
1517 832 1669 875 trusus
1697 824 1746 875 in
1777 836 2063 888 carcerein,

550 912 717 965 inedia
746 922 800 965 et
833 911 1097 964 doloribus
1137 910 1358 967 amictae.
1394 911 1513 966 Post
1542 913 1652 962 haec
1681 910 1834 975 jussit
1857 924 2064 974 pra'ses,

551 1008 603 1049 ut
630 997 1063 1063 quocutnquei'ret
1106 998 1215 1063 ipse
1234 1035 1247 1060 ,
1278 996 1429 1047 nudis
1460 997 1673 1063 pedibus
1701 1007 2061 1063 sequeremur.

547 1086 773 1139 Tandem
796 1085 938 1137 .lusta
965 1086 1017 1138 in
1045 1098 1252 1137 carcere
1279 1085 1511 1150 spiritum
1540 1082 1799 1145 eahalavit
1829 1101 1841 1135 :
1871 1098 2062 1150 corpus

549 1174 661 1238 ejus
688 1172 739 1223 in
784 1182 991 1238 puteum
1020 1171 1327 1236 projectum,
1365 1181 1414 1222 et
1451 1186 1481 1222 a
1508 1171 1698 1222 Sabino
1719 1170 1959 1237 episcOpo
1989 1172 2063 1226 le-

547 1269 741 1320 vatum,
780 1260 831 1308 in
860 1258 1140 1323 Hispaniensi
1163 1257 1461 1310 ommuterio
1500 1258 1761 1308 conditum
1784 1267 1881 1312 est.
1917 1260 2064 1311 Ruti-

549 1360 629 1396 na:
666 1346 837 1397 cervix
887 1343 1169 1406 confracta,
1200 1354 1253 1397 et
1304 1359 1491 1410 corpus
1514 1344 1624 1411 ejus
1671 1345 1775 1413 igni
1816 1348 2060 1400 traditum

547 1441 655 1494 est;
684 1432 834 1499 cujus
859 1433 1084 1499 reliquiae
1109 1446 1135 1482 a
1165 1431 1400 1485 ﬁdelibus
1427 1440 1617 1484 curata:
1645 1442 1785 1485 sunt.

610 1519 671 1573 Ε.
713 1518 823 1572 ΧΙΙΙ
850 1518 1082 1575 ΚΔιεκο.
1113 1519 1335 1571 Αιτουετ.
1367 1518 1541 1571 Natale
1571 1519 1737 1571 sancti
1787 1519 2058 1585 Epapltraz,

544 1609 629 1672 qui
658 1622 688 1659 a
716 1610 867 1661 beato
912 1608 1070 1660 Paulo
1099 1605 1440 1660 Collossensis
1461 1608 1731 1685 episcopus
1773 1609 2060 1670 ordinatus,

541 1695 710 1746 clarus
754 1692 1026 1746 virtutibus
1073 1693 1300 1760 martyrii
1348 1694 1565 1760 palmam
1616 1688 1708 1759 pro
1752 1695 1933 1748 ovibus
1962 1694 2057 1748 sibi

2170 559 2531 612 duodecimum
2576 561 2833 627 impleret.
2864 566 2929 614 ab
2982 561 3231 625 apostolis
3279 565 3544 625 statuitur;
3588 567 3676 617 sed

2166 646 2377 699 Mattbia
2409 650 2572 700 locum
2601 650 2745 701 Juda-
2773 650 3181 717 pravaricatoris
3218 652 3481 717 implente,
3507 652 3677 705 beatus

2164 736 2359 801 Joseph
2390 738 2720 791 mhilmninns
2747 739 3127 804 praedicationis
3154 748 3208 791 et
3251 741 3538 792 sanctitatis
3562 742 3675 791 om.

2163 826 2245 877 cio
2273 826 2569 889 inserviens,
2596 828 2907 894 multamque
2931 842 3021 894 pro
3040 827 3140 879 title
3160 826 3349 879 Christi
3376 832 3674 893 persecutio-

2165 928 2280 965 nem
2334 927 2363 966 a
2407 913 2595 967 Judaris
2645 917 2944 977 sustinens,
3011 914 3435 967 victoriosissimo
3486 914 3581 965 line
3623 917 3670 965 in

2168 1001 2344 1054 Judaaa
2370 1002 2575 1065 quievit.
2603 1002 2674 1055 De
2696 1018 2794 1067 quo
2811 1004 3029 1054 refertur
3042 1004 3173 1068 quod
3192 1017 3439 1053 venenum
3471 1003 3663 1063 biberit,

2167 1098 2219 1141 et
2240 1088 2440 1142 nihilex
2461 1089 2559 1141 hoc
2575 1091 2738 1153 triste,
2765 1097 2967 1156 propter
2986 1088 3182 1139 Domini
3204 1088 3374 1147 Iidem,
3394 1089 3664 1151 pertulerit.

2173 1176 2226 1228 In
2259 1177 2503 1229 Damasco
2531 1186 2821 1229 sanctorum
2869 1176 3045 1230 Sabini
3076 1215 3091 1238 ,
3137 1175 3395 1228 Maximini
3426 1217 3440 1239 ,
3469 1174 3665 1235 Iuliani,

2165 1264 2427 1328 Macrobii,
2458 1264 2672 1326 Cassia,
2709 1265 2894 1327 Punite,
2923 1278 3041 1316 cum
3083 1264 3194 1313 aliis
3223 1262 3422 1313 decem.
3460 1263 3509 1313 In
3542 1263 3666 1314 Afri-

2162 1366 2220 1403 ca
2246 1352 2417 1405 natale
2445 1347 2675 1415 Luciani,
2708 1352 2863 1415 Petri,
2907 1344 3180 1415 Amabilis,
3209 1350 3423 1412 Nunnz,
3462 1359 3513 1403 et
3539 1351 3666 1403 Tlte-

2163 1438 2326 1491 liaidte
2361 1438 2595 1491 Victoris.
2946 1456 2949 1457 ν
3488 1454 3513 1474 ο

2233 1526 2289 1576 F.
2321 1524 2407 1577 XII
2437 1525 2665 1578 KALEXD.
2700 1528 2928 1579 Accos'r.
2969 1525 3141 1577 Sancti
3193 1522 3413 1575 Danielis
3451 1524 3660 1587 prophe-

2162 1619 2248 1671 ιιι,
2276 1609 2448 1661 Romae
2476 1621 2665 1662 sancta:
2686 1610 2927 1663 Praxedis
2958 1609 3188 1677 virginis.
3215 1609 3333 1659 llaec
3353 1621 3468 1659 cum
3498 1621 3661 1659 sorore

2160 1710 2252 1749 sua
2284 1697 2580 1750 Potentiana
2613 1735 2629 1757 ,
2681 1711 2707 1748 a
2761 1697 2911 1750 beato
2950 1697 3176 1750 Pudente
3205 1706 3344 1761 patre
3382 1694 3565 1747 etudita
3616 1696 3659 1746 in

545 1780 916 1833 commendatis
956 1781 1083 1833 virili
1115 1796 1278 1848 agone
1324 1783 1549 1847 percepit
1578 1797 1590 1843 ;
1622 1782 1857 1849 sepultus
1888 1784 1937 1835 in
1970 1798 2057 1837 ea-
2085 1762 2130 1821 B
2159 1783 2297 1835 otnni
2330 1784 2564 1836 castitate
2595 1795 2648 1837 et
2676 1784 2789 1851 lege
2815 1784 3001 1847 divina,
3035 1793 3148 1850 post
3185 1783 3372 1835 multas
3390 1783 3658 1847 eleemosy-

542 1866 657 1920 detu
690 1868 840 1923 urbe.
872 1868 936 1921 Et
958 1869 1128 1922 natale
1147 1870 1279 1922 beati
1304 1868 1520 1936 Joseplt,
1551 1869 1637 1937 qui
1664 1870 2054 1937 cognominatus

2162 1885 2252 1923 nas
2274 1879 2326 1922 et
2352 1871 2643 1935 sepulturas
2663 1881 2953 1925 sanctorum
2983 1911 2999 1938 ,
3054 1885 3182 1939 quas
3210 1869 3350 1931 fecit,
3386 1869 3531 1923 beato
3570 1870 3658 1922 liae

1746 1957 1963 2009 EDITIO
2003 1956 2486 2010 BOLLANDIANA.

546 2048 725 2101 Verbis
750 2047 1016 2101 seniorum
1042 2046 1279 2106 refertur,
1322 2044 1441 2110 quia
1479 2053 1692 2111 propter
1737 2043 2067 2097 redundatio-

545 2150 662 2188 nem
691 2136 1025 2203 lacrymarum
1046 2132 1345 2200 tergendam
1369 2132 1630 2186 Sndarium
1650 2147 1853 2199 semper
1874 2132 1925 2185 in
1948 2135 2063 2187 sinu

548 2228 629 2278 vel
655 2226 705 2278 in
730 2240 879 2277 manu
911 2224 1166 2279 habuerit.

611 2334 668 2385 t‘..
698 2334 781 2393 V.,
814 2333 874 2384 Et
902 2332 1022 2384 alibi
1050 2341 1074 2367 ι
1108 2330 1435 2399 κυδιίεἰην..
1460 2330 1754 2399 Presbyteri
1784 2330 2061 2383 etconfes-

547 2403 697 2454 sutis.
732 2401 813 2463 Β..
845 2400 1089 2466 Lugdnno
1116 2398 1293 2449 Gallia:
1317 2397 1566 2464 depositio
1593 2397 1787 2466 ιῐιιβιὶςί
1825 2398 2055 2466 episcopi

547 2464 954 2587 etICtgilesSoris.
989 2466 1041 2519 ln
1065 2466 1367 2519 Alexandria
1408 2466 1620 2519 Sisinni.
1662 2464 1715 2517 In
1742 2465 1926 2532 Spania
1958 2480 2053 2517 na-

542 2545 642 2587 tae
691 2537 725 2586 ‘.
844 2534 960 2586 usti.

606 2634 693 2687 9.0.
727 2665 793 2675 —-
821 2636 929 2689 XIII
961 2636 1087 2689 ΚΑι..
1116 2634 1274 2687 Vacat
1299 2634 1470 2687 Baeda.

613 2724 877 2792 D.l\‘atale
905 2741 962 2792 Β.
992 2740 1202 2805 Ioseph,
1229 2742 1314 2807 qui
1341 2741 1733 2806 cognominatus
1754 2751 1831 2794 est
1858 2740 2051 2806 Justus,

540 2811 729 2877 quique
752 2823 867 2861 cum
914 2809 971 2863 li.
1001 2809 1227 2872 Mattliia,
1268 2817 1322 2861 ut
1350 2824 1618 2862 numerum
1649 2809 1918 2863 duodecim
1955 2811 2054 2861 iut-

2171 2045 2356 2108 pleret,
2402 2044 2467 2096 ab
2514 2045 2756 2108 apostolis
2797 2045 3051 2097 statuitur.
3088 2043 3149 2097 C.
3178 2044 3265 2103 V.,
3310 2042 3480 2095 Rom:
3506 2046 3657 2107 passio

2164 2112 2219 2183 ὃ.
2277 2111 3020 2183 διπίξιξ,ᾳΜ³ετ1ῃῑ,-1κεξιὶοω
3073 2112 3151 2183 [0.
3202 2112 3448 2183 Nestttaej,
3495 2114 3652 2183 Satiri,

2170 2177 2421 2242 Amatini,
2468 2179 2712 2232 Secundi.
2762 2180 2842 2242 IL,
2872 2179 3047 2231 Romae
3074 2177 3247 2232 iiatale
3280 2180 3373 2232 SS.
3406 2177 3653 2241 Passerir,

2164 2246 2393 2305 Macrini,
2422 2246 2611 2299 Saturi.
2646 2248 2699 2299 In
2724 2246 2891 2299 Africa
2920 2246 3115 2302 Sabini.
3145 2247 3371 2309 Luciani,
3406 2248 3650 2298 Amabtlis.

2169 2314 2223 2364 In
2245 2314 2501 2377 Thebaida
2530 2315 2698 2366 natale
2728 2314 2965 2367 Victoris.
2997 2316 3063 2368 Δ.
3092 2316 3151 2366 Τ.
3184 2316 3267 2375 1,..
3299 2316 3349 2365 ln
3386 2313 3545 2366 Africa
3570 2330 3651 2364 na-

2160 2380 2260 2431 tale
2287 2381 2378 2433 SS.
2413 2379 2639 2441 Lueiani,
2668 2380 2839 2433 Sabini
2863 2391 2912 2432 et
2940 2381 3094 2448 Sandi
3121 2381 3296 2448 [Sandi
3475 2382 3533 2430 ab
3553 2382 3648 2447 A.].

2162 2447 2276 2512 Ipso
2294 2449 2377 2499 die
2407 2450 2573 2516 passio
2599 2449 2657 2516 δ.
2679 2458 2712 2516 ογ
2730 2448 3023 2513 Margaretae
3052 2445 3370 2516 [Margaretas
3388 2447 3516 2500 abeat
3530 2464 3558 2497 α
3572 2445 3644 2511 Τί,

2158 2521 2436 2583 cenantem
2462 2515 2513 2565 in
2544 2514 2626 2583 0.]
2673 2515 2880 2583 virginis
2916 2522 2969 2583 et
3007 2514 3262 2583 martyris.
3296 2515 3367 2583 :l‘.
3390 2553 3403 2573 .
3448 2516 3496 2567 In
3522 2530 3651 2583 pago

2159 2580 2335 2635 Gallia:
2366 2580 2664 2634 Dottonense
2691 2580 2998 2634 monasterio
3021 2580 3269 2635 Siluiaco.
3295 2581 3353 2634 Τ.
3387 2585 3469 2645 Δ.,
3501 2580 3637 2645 dep-1-

2158 2649 2275 2703 sitio
2303 2650 2359 2704 S.
2390 2650 2416 2685 ά
2449 2651 2669 2701 Vttltnari
2712 2650 2928 2701 abbatis.
2961 2652 3040 2711 Β..
3093 2650 3148 2702 In
3207 2650 3452 2703 Damasco
3494 2652 3635 2702 02ml

2162 2716 2414 2781 Lucianii,
2445 2716 2707 2779 Macrobii,
2728 2732 2844 2768 cum
2871 2718 2987 2768 aliis
3013 2717 3217 2770 decem.

2227 2813 2314 2868 2|.
2342 2844 2410 2853 ——
2438 2814 2526 2867 XII
2569 2812 2701 2867 11η..
2749 2813 2925 2867 Natale
2950 2813 3008 2867 S.
3033 2822 3057 2849 ε
3090 2812 3335 2868 Praxedis
3356 2813 3579 2884 virginis,
3602 2824 3649 2866 et

1906 2918 2067 2972 ΜΙΤΙΙ
2102 2919 2324 2975 NOTAE.

1906 2920 1974 2971 Ml
2027 2919 2067 2971 ll
2131 2919 2145 2942 ⁷
2308 2957 2324 2975 .

542 3012 674 3064 clam
705 3008 936 3064 ascendit
956 3008 1122 3062 navim
1144 3022 1262 3079 qum.
1284 3014 1456 3079 parata
1475 3014 1557 3079 est
1581 3007 1818 3079 navigare
1840 2919 2056 3058 Aslexaln-
2082 2919 2335 3079 ἒ
2356 3022 2478 3079 svnt
2508 3007 2672 3073 Junii,
2711 3006 2913 3070 habent
2940 3005 3187 3060 Marinam
3216 3006 3372 3060 fuisse
3398 3019 3458 3059 ex
3484 3008 3649 3061 Antio-

532 3080 733 3137 driam;
765 3092 865 3141 quo
892 3092 1008 3129 cum
1041 3074 1262 3127 venisset
1286 3114 1300 3134 ,
1331 3076 1393 3125 ad
1424 3074 1613 3126 Scetim
1643 3074 1867 3141 montem
1913 3085 2049 3125 recta

534 3163 591 3199 se
619 3140 839 3210 recepit,
890 3146 1207 3207 inseruitque
1247 3143 1297 3193 in
1346 3156 1613 3192 numerum
1652 3140 2047 3210 monachorum,

530 3216 616 3277 qui
650 3208 754 3266 illic
783 3226 841 3264 se
879 3213 1207 3263 exercebant.
1258 3212 1341 3261 Sic
1369 3224 1459 3273 per
1490 3217 1644 3261 totam
1674 3208 1949 3277 Theodosii
1976 3210 2050 3261 vi-

530 3276 632 3333 tam
664 3281 812 3332 latuit
840 3280 1115 3339 Arsenius;
1150 3284 1418 3343 postquam
1446 3286 1614 3328 autem
1646 3276 1899 3328 Arcadius
1928 3291 2048 3329 suc-

528 3349 774 3400 cessisset
803 3346 1038 3413 imperio,
1071 3345 1288 3398 Arsenio
1307 3345 1443 3396 misit
1472 3345 1668 3413 litteras
1698 3344 1812 3411 ejus
1840 3344 2049 3397 insidias

528 3417 856 3475 conﬁtentes,
877 3411 1259 3478 ollerentesque
1277 3412 1322 3464 ei
1351 3412 1502 3463 t0tius
1527 3411 1733 3478 Egypti
1758 3412 2047 3474 vectigalia,

531 3494 584 3535 nt
614 3498 673 3535 ea
716 3482 1026 3549 pauperibus
1072 3481 1137 3532 ab
1168 3484 1291 3549 ipso
1318 3479 1747 3549 distribuerentur
1778 3488 1829 3530 et
1869 3493 2048 3549 monaf

532 3546 838 3619 steriisqua}
868 3558 1023 3619 erant
1038 3547 1368 3619 necessaria;
1398 3546 1668 3619 humiliter
1689 3555 1880 3619 tamen,
1909 3546 2046 3619 quod

528 3613 855 3680 i-blatus'est,
881 3617 1050 3670 renuit
1074 3633 1085 3666 :
1119 3617 1183 3669 Et
1208 3613 1261 3667 in
1288 3615 1593 3667 monacham
1624 3615 1703 3682 pie
1732 3613 1865 3666 vixit
1890 3614 2043 3667 obiit-

528 3702 646 3753 que.
678 3687 884 3747 Sumus,
916 3693 1043 3753 tom.
1077 3684 1159 3737 IV.
1217 3749 1229 3753 _
1252 3749 1264 3753 _
1740 3751 1748 3753 Δ
1846 3749 1875 3753 μ
1942 3712 1943 3715 η

600 3764 625 3789 ⁸
666 3754 879 3807 Rustici.
910 3752 1003 3805 llic
1025 3752 1157 3806 idem
1184 3749 1384 3804 videtur
1408 3765 1522 3803 cum
1552 3764 1635 3814 eo,
1665 3751 1750 3817 qui
1778 3749 1966 3802 Colitur
1992 3761 2044 3804 et

527 3837 627 3875 xxv
656 3822 867 3875 Aprilis.

596 3840 627 3926 ζ
656 3840 1043 3939 G‘L’fiifs'qenu,
1069 3886 1247 3946 ιυετίε,
1276 3883 1422 3952 juxta
1471 3884 1606 3951 quod
1645 3884 1884 3952 scribitur
1910 3886 2043 3947 apttd

531 3967 748 4009 cmteros
798 3955 1188 4023 Martyrologos.
1237 3951 1365 4023 quae
1391 3968 1506 4003 cum
1552 3951 1729 4004 Ruﬁna
1760 3954 1808 4004 in
1837 3952 2046 4006 civitate

532 4025 724 4090 Hispali
753 4025 849 4077 sub
872 4021 1189 4089 Diogeniano
1212 4021 1429 4087 pra-side
1450 4025 1751 4090 martyrium
1775 4034 1919 4090 passa
1942 4032 2043 4090 est.

528 4089 731 4158 tiorpus
759 4100 930 4143 autem
969 4092 1127 4142 .lustte
1176 4090 1225 4141 in
1277 4098 1485 4154 puteum
1528 4089 1835 4158 projectum,
1868 4089 1986 4140 inde
2014 4102 2042 4139 a

528 4157 720 4212 Sabino
771 4160 1015 4224 episcopo
1063 4158 1286 4210 levatum
1332 4165 1483 4219 atque
1529 4157 1780 4221 sepultum
1816 4165 1895 4208 est
1937 4160 2045 4224 :_‘at

525 4230 766 4293 quoniam
796 4222 997 4278 Hulina:
1025 4227 1245 4277 cadaver
1274 4223 1595 4275 combustum
1621 4232 1700 4274 est
1725 4260 1740 4283 ,
1780 4237 1901 4293 ossa
1928 4222 2040 4289 ejus

2152 3074 2267 3128 cltia
2298 3075 2560 3129 (iallecize.

2216 3142 2241 3179 ἀ
2286 3142 2553 3195 Wutmari.
2603 3143 2675 3195 Ex
2706 3143 2932 3195 BunOnia
2966 3142 3279 3195 Morinorum
3322 3142 3405 3195 hic
3432 3143 3564 3195 venit
3588 3144 3643 3195 ad

2149 3211 2321 3263 Altum
2358 3222 2582 3262 montem
2613 3212 3004 3272 monasterium,
3032 3210 3167 3275 quod
3201 3210 3249 3260 in
3278 3208 3537 3261 Hannmtia
3586 3213 3645 3263 ad

2148 3280 2416 3332 Sambram
2445 3282 2602 3342 situm
2630 3287 2729 3329 est.
2760 3277 2828 3329 lbi
2859 3278 3077 3342 primum
3098 3285 3151 3328 et
3176 3276 3351 3329 ludum
3378 3278 3643 3330 litterarum

2150 3341 2553 3413 frequentabat?"
2575 3355 2628 3396 et
2653 3345 2786 3413 circa
2833 3341 2992 3413 boves
3020 3345 3304 3410 pascendos
3334 3344 3561 3409 lignaque
3588 3348 3643 3397 ad

2150 3412 2364 3465 fratrum
2391 3413 2624 3465 ofﬁcinas
2650 3412 2971 3477 importanda
2996 3413 3309 3465 versabatur.
3340 3412 3417 3465 Ab
3443 3413 3535 3463 hoc
3556 3414 3647 3463 mi-

2150 3481 2366 3532 nisterio
2393 3482 2678 3543 ahsolutu’s,
2714 3481 2764 3533 in
2795 3482 2988 3534 clerum
3036 3480 3324 3544 adscriptas
3358 3488 3453 3541 est,
3481 3488 3530 3531 et
3568 3495 3645 3530 sa-

2146 3549 2429 3600 cerdotium
2462 3550 2591 3601 iniit.
2626 3547 2687 3601 Ut
2715 3558 2885 3600 autem
2934 3548 3197 3601 hominum
3244 3547 3416 3599 laudes
3451 3549 3641 3611 vitam,

2148 3617 2417 3680 ingressus
2459 3628 2538 3669 est
2584 3630 2814 3669 eremutn
2872 3615 3145 3668 Flandrim.
3194 3611 3318 3666 lude
3364 3616 3427 3666 ad
3474 3630 3643 3681 agrum

2150 3684 2510 3737 Bolnniensetn
2569 3684 2618 3734 in
2672 3698 2774 3748 quo
2820 3691 2971 3734 natus
3013 3681 3178 3733 fuerat
3225 3685 3487 3749 prolectus
3534 3694 3642 3746 est,

2146 3752 2230 3802 tibi
2273 3753 2322 3802 in
2356 3764 2566 3803 nemore
2606 3752 2895 3807 construxit
2924 3753 3289 3802 monasterium
3324 3751 3376 3803 in
3404 3749 3643 3803 honorem

2146 3818 2203 3868 Β.
2237 3818 2411 3871 Mariae
2451 3828 2503 3871 et
2540 3818 2597 3873 S.
2632 3818 2789 3872 Petri.
2816 3819 3044 3881 Quiescit
3087 3818 3137 3869 in
3174 3819 3312 3869 dicto
3340 3819 3641 3870 monasterio

2147 3884 2277 3953 haud
2305 3888 2536 3953 procula
2587 3886 2760 3953 Belgio
2802 3896 2980 3953 nostro
3021 3887 3070 3937 in
3099 3886 3310 3953 dioecesi
3358 3886 3642 3937 Morinensi.

2148 3952 2277 4005 Vixit
2300 3951 2432 4005 circa
2460 3969 2650 4005 annum
2678 3951 2873 4005 Domini
2898 3951 3021 4015 68-3.
3046 3954 3199 4003 .Inxta
3226 3952 3487 4017 Epitotnen
3510 3956 3638 4003 enim

2141 4022 2255 4085 ejus
2290 4023 2421 4073 Vita)
2458 4021 2589 4087 apud
2633 4019 2836 4073 Surium
2867 4019 3147 4087 Ceadualla
3188 4035 3276 4071 rex
3324 4018 3645 4087 West-Saxo-

2144 4103 2289 4151 num,
2323 4088 2440 4139 dutn
2475 4086 2729 4151 profectus
2755 4096 2834 4139 est
2866 4086 3109 4150 Romam,
3139 4086 3237 4139 hoc
3268 4096 3347 4139 est
3384 4101 3517 4138 anno
3548 4086 3643 4139 688

2138 4154 2290 4221 juxta
2324 4154 2491 4207 Btedae
2522 4156 2660 4208 Eccl.
2693 4156 2823 4207 Hist.
2855 4169 2906 4221 v,
2936 4154 2966 4206 7
2996 4169 3111 4208 eum
3144 4156 3333 4207 invisit.
3358 4154 3448 4206 bis.
3478 4154 3641 4207 Codex

2143 4224 2275 4276 unde
2294 4223 2427 4276 hanc
2462 4223 2730 4289 Epitomen
2753 4223 2933 4276 Surius
2949 4222 3224 4285 descripsit
3250 4230 3456 4275 testatur
3480 4231 3638 4273 trans»

523 4289 589 4347 :Jb
613 4296 794 4365 00d¢m
825 4307 1065 4365 episcopo
1092 4294 1302 4365 collecta
1328 4329 1343 4352 ,
1375 4306 1470 4341 una
1498 4304 1613 4365 cum
1638 4304 1851 4355 corpore
1876 4291 2037 4365 Justa:
2067 4308 2115 4365 Ι)
2141 4292 2296 4343 latum
2337 4305 2453 4365 esse
2496 4294 2660 4365 virntn
2696 4292 2785 4365 Dei
2818 4290 3249 4365 xvtt__d_ie__.lunii.
3286 4289 3504 4365 putatus
3544 4290 3634 4341 Ss-

524 4364 575 4413 in
637 4362 897 4413 civitatem
964 4360 1316 4424 Hispalensem
1389 4357 1633 4411 translata
1691 4369 1828 4411 sunt.
1885 4361 2036 4423 Ano,

525 4429 752 4484 U-uuto.
782 4428 946 4481 Pera.
970 4442 1036 4481 DE
1060 4430 1257 4479 Nnc.

594 4502 615 4529 ⁸
655 4496 968 4564 Margaretm.
997 4496 1119 4560 Quae
1146 4494 1330 4564 {uit‘ex
1368 4492 1575 4564 civitate
1601 4491 1888 4564 Antiochia:
1912 4491 2037 4545 Pisi-

522 4566 639 4627 diae,
666 4573 719 4617 et
759 4560 858 4616 lilia
888 4563 1092 4617 Edesii
1121 4563 1207 4627 qui
1239 4560 1331 4612 luit
1358 4561 1576 4611 maxime
1606 4562 1820 4626 insignis
1855 4576 2036 4613 sacer-

521 4634 615 4685 dus
644 4632 916 4701 idolorum,
943 4630 1029 4701 qui
1066 4644 1200 4701 eam
1222 4637 1487 4701 propterea
1515 4628 1637 4678 odio
1674 4627 2037 4701 liabuit,_quod

522 4701 671 4751 Iidem
701 4696 1029 4751 Christianam
1064 4698 1368 4750 imbibisset.
1411 4698 1536 4747 Cum
1563 4708 1734 4745 autem
1768 4696 2036 4759 praefectus

520 4767 762 4835 Olybrius
789 4780 816 4817 a
847 4767 1078 4835 partibus
1109 4766 1243 4816 Asia:
1271 4764 1605 4835 Antiochiam
1624 4777 1802 4835 versus
1827 4762 2039 4835 conteri-
2067 4795 2079 4805 ι

518 4830 687 4899 deret,
706 4830 987 4899 conspecta
1018 4834 1326 4898 Margareta,
1351 4845 1462 4898 qua:
1488 4839 1539 4882 et
1562 4831 1716 4899 aliter
1747 4830 1937 4881 Maritia
1961 4831 2039 4883 di-

520 4904 670 4966 citur,
688 4898 867 4955 amOre
891 4904 1003 4969 ejus
1026 4900 1362 4969 vehementer
1388 4898 1592 4969 ardebat
1616 4898 1715 4969 gab
1741 4911 1936 4969 caveto
1960 4913 2041 4969 re-

523 4972 719 5033 pulsam
746 4966 936 5033 terens,
957 4983 1068 5021 eam
1096 4967 1391 5018 immaniter
1412 4967 1679 5033 cruciavit,
1704 4966 1903 5016 scilicet
1930 4967 2039 5015 vin-

518 5031 1430 5104 culis,carcere,rﬂagellis,equuleg.
1458 5031 1619 5104 Quam
1644 5043 1694 5084 et
1722 5034 1956 5104 diabolus
1988 5034 2038 5104 in

519 5106 756 5158 draconis
780 5110 949 5172 specie
970 5146 983 5166 ,
1014 5102 1257 5154 similiter
1282 5111 1335 5153 et
1365 5102 1623 5172 Etliiopis
1666 5103 1912 5172 tentavit,
1944 5102 2034 5152 sed

520 5188 610 5241 per
636 5169 835 5237 signum
865 5174 1030 5241 crucis
1051 5178 1447 5241 superatusdest.
1486 5169 1770 5241 Novissime
1799 5184 1917 5220 vero
1948 5183 2038 5241 per

519 5235 816 5308 praedictum
847 5235 1145 5308 prefectutn
1186 5236 1435 5308 decollata
1464 5235 1765 5308 martyrium
1796 5238 2033 5308 comple-

520 5304 609 5360 vit.
641 5304 862 5364 UsuardI
886 5309 1065 5361 Surius
1097 5316 1220 5357 tum.
1256 5304 1338 5356 iV.
1370 5332 1432 5342 —-
1464 5306 1583 5355 Haec
1628 5304 1819 5353 Marina
1849 5307 2035 5355 colitur

514 5378 646 5441 apud
677 5376 953 5429 Notkerum
984 5386 1033 5427 et
1063 5374 1354 5425 llrabanum
1387 5388 1503 5424 xvttt
1532 5372 1688 5441 Junii.
1717 5373 1807 5422 Est
1836 5384 1884 5423 et
1933 5373 2032 5423 alia

513 5439 701 5495 Mortua
751 5461 865 5509 qua:
906 5456 959 5496 et
1002 5456 1127 5495 xvttt
1174 5440 1311 5492 Junii
1339 5457 1493 5509 supra
1526 5439 1835 5509 celebratur,
1884 5441 2031 5504 cujus

514 5506 800 5567 tertatninis
829 5515 973 5570 locus
998 5512 1094 5566 fuit
1119 5506 1454 5565 Alexandria.
1499 5507 1707 5576 Hispani
1740 5507 1787 5559 in
1820 5508 2027 5562 Lectio-

2136 4373 2330 4422 δίωξις,
2356 4359 2598 4412 Μοιλκυε
2620 4359 2683 4411 de
2708 4360 2907 4410 Sanctis
2932 4357 3107 4423 Belgii.
3133 4358 3257 4409 Son.
3278 4356 3392 4409 Jun.
3419 4370 3539 4407 xvtt.

2194 4436 2232 4462 ·⁶
2275 4424 2538 4478 Praxedis.
2567 4426 2692 4491 Quae
2722 4440 2870 4477 soror
2897 4426 2988 4476 luit
3013 4428 3073 4476 S.
3099 4424 3426 4484 Potentianae,
3455 4433 3506 4475 et
3534 4424 3630 4473 lilia

2140 4493 2196 4546 S.
2229 4494 2504 4557 Pudentis;
2549 4499 2612 4545 de
2642 4492 2823 4558 quibus
2864 4502 3029 4545 ctum
3068 4501 3144 4545 est
3177 4508 3205 4543 x
3238 4493 3319 4544 die
3345 4492 3453 4545 ﬂaii
3486 4508 3499 4542 :
3530 4502 3638 4556 pOsl

2140 4563 2407 4613 transitum
2429 4564 2589 4628 patris
2611 4561 2799 4629 vigiliis
2816 4572 2869 4629 et
2894 4560 3211 4629 orationibus
3235 4559 3439 4612 assidue
3460 4573 3637 4611 vacans

2140 4643 2292 4683 oinne
2320 4628 2679 4695 patrimmiium
2697 4628 2849 4680 simul
2874 4644 2988 4679 cutn
3012 4628 3161 4681 beata
3180 4641 3357 4695 sorore
3374 4629 3421 4678 in
3441 4636 3639 4678 susten-

2145 4694 2387 4749 tationem
2440 4711 2716 4763 pauperum
2746 4698 2976 4761 erogavit
3028 4712 3041 4746 :
3079 4704 3192 4760 post
3218 4694 3406 4745 obitum
3450 4696 3637 4746 Sororia

2144 4768 2283 4816 venit
2312 4779 2424 4816 eam
2452 4766 2771 4817 consulatum
2817 4765 2873 4816 S.
2914 4764 3181 4825 Novatus;
3225 4776 3327 4827 quo
3362 4776 3459 4811 non
3490 4762 3635 4827 longo

2143 4844 2250 4894 post
2280 4843 2505 4898 tempore
2536 4832 2807 4893 moriente,
2837 4832 2979 4897 virgo
3008 4828 3209 4898 Domini
3237 4829 3473 4880 Praxedis
3492 4843 3627 4892 roga-

2142 4899 2212 4949 vit
2241 4897 2393 4950 Pium
2413 4899 2732 4965 episcopum,
2761 4908 2815 4948 nt
2836 4898 3065 4965 thermas
3091 4897 3271 4955 Novati
3295 4898 3342 4949 itt
3373 4898 3631 4965 ecclesiam

2139 4964 2482 5026 consecraret,
2513 4970 2645 5033 quod
2676 4976 2729 5017 et
2761 4966 2946 5029 placuit
2975 4964 3043 5033 S.
3066 4965 3176 5025 Pio,
3206 4965 3516 5033 therutarque
3537 4964 3634 5014 No-

2141 5037 2241 5085 vati
2271 5034 2515 5086 dedicata:
2533 5030 2654 5086 sunt
2684 5035 2731 5085 in
2758 5034 3004 5084 honorem
3035 5032 3200 5083 beatae
3222 5030 3425 5096 virginis
3450 5034 3629 5081 Poten-

2142 5103 2291 5153 tiante
2322 5104 2370 5154 in
2403 5103 2514 5153 vico
2540 5106 2623 5168 qui
2663 5102 2945 5167 appellatur
2974 5100 3246 5168 Patricius.
3293 5100 3528 5168 Dedicata
3555 5108 3631 5147 est

2135 5180 2188 5221 et
2227 5172 2320 5220 alia
2355 5166 2572 5221 ecclesia
2602 5170 2698 5220 sub
2726 5166 2934 5221 nomine
2961 5171 3015 5221 S.
3038 5166 3287 5220 Praxedis
3313 5166 3436 5217 infra
3458 5166 3629 5216 urbem

2138 5238 2351 5288 ltomatn
2382 5237 2432 5288 in
2463 5238 2575 5288 vico
2616 5237 2701 5301 qui
2739 5236 2928 5287 dicitur
2966 5236 3267 5286 Lateranus.
3310 5234 3433 5285 Cum
3466 5244 3629 5283 autem

2137 5306 2396 5369 cognitum
2426 5314 2504 5357 est
2539 5304 2798 5357 Antonino
2827 5303 3154 5368 imperatori,
3194 5301 3330 5366 quod
3356 5310 3628 5353 conventus

2138 5375 2319 5424 tierent
2342 5375 2390 5425 iit
2423 5373 2569 5423 titulo
2597 5370 2864 5435 l'raxcdis,
2896 5371 3087 5422 multos
3112 5384 3175 5421 ex
3204 5370 3322 5432 illis,
3356 5371 3481 5420 inter
3502 5381 3628 5432 quos

2138 5439 2456 5501 Sintctriutn,
2489 5440 2643 5505 cepit,
2661 5447 2712 5491 et
2740 5441 2928 5491 indicta
2952 5451 3103 5490 causa
3133 5437 3301 5505 gladio
3324 5434 3478 5503 puniri
3500 5450 3629 5505 ptr-

2137 5509 2287 5575 ccpit.
2312 5504 2561 5573 Quorum
2586 5521 2807 5575 corpora
2857 5517 3015 5561 noetu
3048 5506 3101 5563 Β.
3138 5504 3383 5560 Praxedis
3409 5504 3629 5572 sepelivit

2990 5966 3826 6308 Α

1384 6304 1505 6309 -Ῠ
1638 6304 1813 6312 -ῌ-κκ
1962 6304 2121 6312 _———
2172 6304 2181 6305 κ
2188 6304 2197 6305 κ
2388 6304 2760 6312 —_____
