3888 6310
554 350 655 405 sas
1280 352 1474 406 uena:
1516 352 1943 407 \‘ENlLRARlLlS
1981 355 2127 407 ore.
2168 355 2336 407 mus
2374 355 2456 407 tv.
2497 385 2563 395 —
2602 333 2966 413 lilS‘l‘OlthA.
3612 360 3700 414 ευ

1769 456 1985 512 EDITIO
2022 456 2453 511 COLONIENSIS

552 542 967 609 Philippensibns
1002 544 1177 596 scribit
1218 560 1233 596 ε
1270 543 1505 596 Eradiam
1548 560 1689 613 rogo,
1715 555 1757 595 et
1786 546 2086 611 Syntycliem
2112 548 2160 603 Α
2192 544 2368 596 centii.
2421 546 2566 610 Apud
2611 545 2888 599 Emeritam
2933 547 3191 615 Hispaniae
3231 547 3488 600 civitatem
3537 550 3697 601 natale

551 634 789 694 deprecor
813 671 827 693 ,
867 634 918 683 id
940 633 1099 696 ipsum
1124 650 1294 701 sapere
1322 636 1371 683 in
1406 634 1636 686 Domino.
1664 634 1885 699 Ancyra:
1914 633 2079 684 Cala-
2178 632 2346 683 sancti
2398 631 2616 685 Victoris
2645 634 2899 697 militaris,
2949 636 3034 701 qui
3077 651 3195 688 cum
3230 635 3434 687 duobus
3460 634 3696 687 fratribus

552 721 635 769 tias
670 724 837 771 natale
860 720 1034 773 Sancti
1079 721 1303 772 l‘liiouis
1328 721 1567 788 mattyris
1597 761 1610 782 ,
1643 721 1790 785 cujus
1818 730 1959 787 gesta
1987 719 2075 770 ha-
2177 718 2442 779 Tricltino,
2491 727 2544 771 et
2583 721 2906 787 Antinogeno
2950 721 3168 774 diversis
3212 722 3533 775 examinatus
3581 735 3696 786 sup-

556 805 752 854 hentur.
780 805 833 858 lu
867 805 1133 857 Antiochia
1163 806 1336 872 Cyrilli
1367 806 1613 871 episcopi,
1644 815 1695 857 et
1722 807 1961 859 Andreae.
2177 807 2258 870 plii
2279 807 2358 870 iis,
2412 810 2712 876 martyrium
2754 811 3149 862 consummavit.
3190 810 3244 863 ln
3275 809 3414 877 Tyro
3441 810 3575 874 apud
3600 811 3693 861 Ita-

625 892 685 942 A.
717 890 761 943 Χ
790 890 1022 943 Κλιεκο.
1074 898 1299 945 Aucusr.
1354 894 1501 957 Apud
1568 893 1861 944 Ravennam
1912 893 2073 945 sancti
2173 896 2315 957 liam,
2346 911 2460 962 qua:
2486 906 2565 949 est
2593 898 2728 949 circa
2767 898 2936 949 lacum
2971 897 3259 961 Vulsinum,
3294 898 3466 951 natale
3506 908 3690 951 and:

514 976 849 1040 Apollinaris
896 978 1143 1042 episcopi.
1195 978 1285 1030 llic
1317 978 1489 1031 Romze
1524 980 1788 1031 ordinatus
1836 996 1864 1031 a
1926 982 2075 1033 beato
2170 984 2442 1037 Cbristinm
2491 984 2721 1053 virginis,
2758 1001 2871 1053 qua:
2912 988 2961 1037 in
3000 985 3258 1037 Christum
3291 985 3529 1045 credens,
3572 987 3688 1035 deos

543 1062 696 1114 l‘etro
724 1065 995 1128 apostolo,
1044 1064 1336 1115 Ravennam
1387 1065 1614 1116 directus
1638 1075 1736 1118 est.
1779 1067 1873 1131 Qui
1918 1069 2070 1120 etiam
2171 1089 2355 1127 aureos
2383 1083 2436 1127 et
2480 1086 2749 1141 argenteos
2777 1075 2969 1128 Urbani
3000 1076 3224 1141 ριιεεΐεςιί
3283 1076 3443 1140 patris
3471 1074 3543 1124 sui
3570 1088 3685 1125 con-

541 1149 593 1201 iu
625 1150 835 1203 Emilia
862 1152 1160 1218 praedicavit
1183 1196 1196 1217 ,
1228 1161 1275 1205 ct
1305 1154 1528 1220 partibus
1572 1154 1954 1208 Corinthiorum
1980 1198 1994 1219 ,
2020 1168 2071 1209 et
2172 1162 2345 1228 fregit,
2371 1164 2781 1229 pauperibusque
2795 1165 3071 1217 distribuit.
3096 1165 3175 1217 0b
3198 1165 3295 1216 hoc
3312 1164 3527 1230 jubente
3545 1174 3685 1228 patre

544 1237 597 1288 ill
630 1237 807 1305 Mysia,
841 1238 962 1289 etin
995 1240 1100 1301 ripa
1129 1240 1359 1297 Danubii,
1389 1249 1441 1291 et
1484 1242 1533 1291 in
1565 1243 1791 1305 partibus
1813 1242 2067 1306 Thraciae,
2169 1252 2357 1303 afﬂicm
2392 1238 2579 1319 alapis,
2600 1254 2997 1321 verberibusque
3022 1254 3289 1319 dilaniata,
3314 1253 3454 1305 ferro
3485 1263 3681 1314 cum,

548 1336 599 1372 in
640 1324 825 1389 quibus
866 1323 988 1375 locis
1027 1325 1209 1376 exsilio
1256 1328 1511 1391 relegatus
1541 1339 1644 1390 est,
1699 1341 1748 1381 et
1780 1331 2046 1398 ubicunqui

2170 1340 2220 1391 in
2250 1354 2509 1393 carcerem
2549 1336 2911 1406 est'coujecta.
2962 1342 3082 1394 Post
3111 1342 3220 1393 haec
3263 1356 3377 1393 cum
3405 1340 3682 1393 diutissime

542 1410 794 1475 pervenit,
828 1412 1123 1463 innumeras
1175 1414 1385 1466 virtutes
1416 1414 1552 1478 fecit,
1600 1427 1651 1469 et
1692 1419 1957 1483 passiones
1986 1436 2070 1471 su—
2168 1436 2220 1479 et
2248 1428 2605 1481 crudelissimo
2647 1428 3007 1491 dilaniaremr,
3053 1430 3119 1482 de
3144 1428 3388 1481 ωτηῑιιυε
3429 1428 3534 1480 sui;
3556 1430 3679 1493 patri

536 1500 735 1552 siimiit.
785 1499 911 1551 Nam
937 1516 1053 1552 cum
1086 1502 1244 1553 nimia
1288 1502 1428 1554 cmde
1454 1514 1608 1566 esset,
1631 1515 1681 1557 et
1722 1522 1920 1558 rursum
1946 1508 2067 1559 diu-
2169 1517 2219 1569 in
2276 1516 2456 1569 faciem
2488 1508 2720 1585 projecit.
2752 1518 2977 1585 Cumque
3021 1518 3227 1584 alligata
3270 1528 3398 1569 rota
3436 1517 3535 1583 igni
3559 1532 3677 1581 sup-

550 1590 648 1640 tius
691 1588 910 1640 fustibus
954 1602 1140 1652 cmsus,
1171 1602 1230 1641 ac
1259 1590 1410 1641 nudis
1452 1592 1661 1655 pedibus
1701 1607 1855 1656 super
1881 1610 2070 1659 prunas
2168 1607 2336 1672 posito
2365 1618 2413 1659 et
2458 1609 2571 1659 [uso
2616 1608 2838 1672 desuper
2893 1608 3013 1659 oleo
3058 1615 3361 1665 [on-eretur,
3412 1620 3674 1671 εηιωραις

544 1678 836 1743 ίιυῐδοδίιυεο
869 1692 1071 1727 "mm"
1101 1680 1606 1749 εωδυενίθιείιυυιεο
1635 1696 1932 1748 δυερειιευει
1964 1694 2069 1737 tor-
2167 1693 2370 1745 ﬂamma
2415 1694 2553 1747 mille
2600 1694 2869 1761 gentilium
2926 1692 3198 1745 interfecit.
3255 1692 3441 1744 lterum
3492 1692 3674 1745 arceri

542 1776 623 1815 tus
677 1773 773 1823 est,
801 1774 852 1815 et
900 1778 1023 1815 saxo
1068 1778 1127 1815 os
1185 1766 1295 1830 ejus
1342 1777 1636 1831 contusum,
1681 1779 1735 1821 et
1760 1772 2067 1838 gravissimo
2169 1780 2370 1845 tradita,
2402 1785 2589 1846 angelo
2619 1782 2855 1835 visilanle
2883 1791 3058 1835 sanata
3084 1791 3162 1834 cst
3207 1791 3262 1834 ei
3303 1783 3527 1843 retecta;
3562 1782 3672 1833 dein

541 1851 666 1902 ferri
699 1850 927 1917 pondere
972 1848 1221 1915 inclusus,
1268 1853 1315 1902 in
1347 1868 1555 1906 carcere
1599 1855 1862 1921 horriﬁco,
1909 1868 2063 1925 atque
2097 1859 2139 1917 Β
2166 1887 2279 1924 cuni
2304 1886 2486 1937 magno
2516 1870 2622 1923 saxi
2653 1871 2875 1938 pondere
2917 1871 2965 1921 in
2995 1884 3136 1922 mare
3158 1871 3353 1937 jactata
3385 1910 3399 1933 ,
3455 1872 3673 1935 angelico

535 1940 589 1991 in
615 1938 753 2006 ligno
778 1950 1024 1990 extenSns
1064 1948 1165 2001 est,
1199 1939 1279 1990 ubi
1314 1941 1377 1991 ab
1410 1941 1698 1994 hominibus
1728 1946 1931 2009 quidem
1968 1962 2058 1997 ne-

537 2032 754 2091 glectus,
780 2028 870 2077 scd
918 2026 981 2077 ab
1009 2026 1245 2091 angelico
1288 2028 1487 2093 publice
1514 2039 1694 2094 pastus
1727 2041 1805 2082 est
1831 2049 1845 2096 ;
1875 2034 2062 2087 deinde

528 2125 796 2167 catenatus
834 2117 884 2165 in
930 2115 1165 2167 exsilium
1212 2114 1440 2168 directus
1482 2125 1580 2179 est,
1635 2119 1685 2169 iu
1732 2134 1832 2185 quo
1860 2136 2058 2174 rursum

512 2174 520 2197 Ἰ

515 2203 724 2255 ‘iliutius
756 2203 970 2257 fustibus
999 2217 1183 2267 cmsus,
1230 2216 1281 2257 et
1320 2221 1520 2258 rursum
1552 2207 1792 2273 ligatus..a
1826 2213 2052 2278 paganis,

532 2307 697 2343 caesus
721 2301 796 2344 est
829 2302 881 2344 et
912 2293 1229 2355 vulneratus,
1271 2304 1319 2345 et
1350 2292 1534 2345 iterum
1564 2296 1611 2347 in
1643 2310 1899 2350 carcerem
1924 2300 2052 2351 mis—

525 2394 613 2429 HIS
640 2421 651 2443 ,
676 2390 725 2432 et
752 2398 915 2432 ca'sus
948 2382 1246 2447 martyrium
1286 2384 1683 2447 cOnsutmnavit,
1723 2386 1818 2436 sub
1854 2385 2057 2453 Vespa-

527 2468 670 2519 i-iano
698 2468 920 2528 Cazsare,
956 2468 1303 2521 Demosthene
1335 2472 1564 2535 patricio.
1588 2471 1736 2525 Rexit
1763 2472 2051 2526 Ecclesiam

525 2572 689 2609 annos
720 2559 891 2620 viginti
921 2568 1060 2619 octo,
1086 2560 1195 2609 dies
1225 2570 1461 2623 quatuor.

636 2687 650 2700 .
680 2648 748 2701 l.\'
776 2646 1006 2702 Kaceun.
1042 2632 1266 2701 Aususr.
1314 2648 1489 2702 Romae
1528 2651 1695 2705 natale
1734 2655 1895 2706 sancti
1929 2655 2049 2707 \‘in-

2170 1958 2404 2022 pra-.sidio
2453 1957 2662 2008 liberata
2714 1965 2813 2008 est.
2867 1954 2992 2007 Cum
3029 1966 3200 2007 autem
3253 1966 3461 2021 propter
3487 1958 3669 2009 scelera

2175 2054 2265 2092 Sua
2295 2048 2438 2104 pater
2462 2041 2573 2105 ejus
2598 2040 2769 2092 fuisset
2790 2042 3090 2102 exstinctus,
3114 2054 3385 2093 successor
3409 2042 3518 2107 ejus
3548 2044 3668 2093 Diu-

2165 2131 2339 2180 niultis
2370 2144 2480 2181 eam
2527 2130 2790 2195 suppliciis
2831 2128 3029 2181 alllixit.
3075 2128 3365 2182 Novissime
3413 2144 3671 2183 successor

2164 2218 2414 2283 praedicti,
2444 2218 2678 2271 Julianus
2704 2223 2910 2273 nomine
2943 2258 2959 2283 ,
3005 2228 3119 2285 post
3148 2219 3407 2272 fornacem
3451 2222 3672 2273 canden-

2166 2315 2290 2367 tem,
2324 2307 2405 2359 ubi
2428 2309 2653 2373 quinque
2676 2308 2856 2359 diebus
2909 2307 3065 2359 illaesa
3098 2309 3541 2374 permansit,th
3566 2323 3669 2361 ser-

2158 2403 2337 2461 pentes
2360 2409 2384 2443 a
2405 2396 2631 2457 veneiieo
2654 2395 2934 2457 immissos,
2951 2395 3038 2445 sed
3056 2396 3155 2446 lide
3170 2393 3367 2447 Christi
3390 2407 3667 2459 superatos,

2157 2490 2271 2545 post
2299 2480 2663 2533 abscissionem
2712 2481 2916 2548 linguae,
2947 2481 3145 2547 sagittis
3172 2496 3287 2533 eam
3332 2483 3516 2543 conligi
3540 2496 3669 2547 prt-

2160 2568 2294 2633 cepit
2321 2608 2333 2627 ,
2363 2568 2539 2633 sicque
2586 2569 2813 2635 martyrii
2860 2568 2938 2619 sui
2970 2581 3179 2620 cursum
3214 2568 3513 2632 complevit.
3540 2582 3668 2621 anno

2152 2656 2319 2709 aetatis
2345 2656 2630 2709 undecimo.
2657 2654 2848 2709 Eodem
2870 2656 2954 2709 die
2968 2654 3140 2723 vigilia
3158 2655 3212 2709 S.
3232 2655 3408 2709 Jacobi
3425 2655 3662 2723 Apostoli.

1717 2760 1933 2812 EDITIO
1974 2762 2454 2817 BOLLANDIANA.

594 2843 682 2897 25.
724 2872 788 2883 --
826 2844 865 2898 Χ
908 2844 1035 2897 ΚΑι..
1075 2843 1252 2897 Natale
1280 2844 1333 2897 S.
1375 2846 1682 2912 Apollinaris
1727 2847 1952 2916 episcopi
1997 2850 2048 2903 in

527 2933 768 2987 Ravenna
801 2949 815 2985 :
846 2934 929 2999 qui
962 2932 1137 2985 Roma:
1167 2934 1435 2986 ordinatus
1481 2944 1559 2986 est
1590 2934 1652 2987 ab
1692 2937 1925 3001 apostolo
1955 2937 2051 2991 Pe-

524 3036 605 3074 tro
634 3033 686 3075 et
711 3023 829 3074 illuc
856 3022 1043 3073 missus
1070 3030 1146 3073 est
1180 3038 1191 3070 :
1225 3026 1307 3086 qui
1338 3021 1492 3072 etiam
1533 3022 1583 3071 in
1627 3020 1835 3073 .Emilia
1868 3020 2049 3087 prsidi-

2154 2866 2338 2913 caasus,
2368 2861 2421 2903 et
2460 2864 2664 2903 rursum
2707 2849 2757 2901 in
2788 2847 3033 2901 Ravenna
3063 2846 3247 2914 ligatus
3290 2861 3317 2898 a
3346 2848 3550 2913 paganis
3572 2864 3665 2901 cr-

2154 2955 2240 2993 sus
2286 2950 2335 2992 et
2379 2939 2696 3000 vulneratus,
2743 2948 2793 2989 et
2838 2951 3039 2989 rursum
3079 2936 3129 2987 in
3168 2949 3378 2988 carcere
3405 2937 3584 2989 missus
3614 2945 3665 2989 et

2153 3041 2317 3080 caesus
2362 3028 2438 3079 sic
2482 3026 2783 3093 martyrium
2810 3023 3192 3078 conSummavit
3232 3024 3329 3075 sub
3364 3023 3664 3090 Vespasiano

524 3113 678 3175 cavit,
702 3123 759 3167 et
789 3113 836 3162 in
870 3111 1096 3177 partibus
1125 3107 1504 3161 Corinthiorum
1534 3107 1649 3180 [D.,
1676 3110 2047 3177 Thoritiorum,
2078 3146 2123 3205 ο
2155 3115 2375 3178 (laesam,
2424 3114 2773 3168 Demosthene
2816 3112 3047 3181 patricio.
3090 3110 3245 3164 Rexit
3274 3112 3551 3165 Ecclesiam
3578 3127 3660 3165 an-

524 3206 650 3271 {arte
686 3198 1112 3266 ('ari::th'orum].
1144 3208 1197 3250 et
1244 3199 1292 3250 in
1322 3199 1475 3262 Mysia
1514 3208 1565 3252 et
1593 3200 1642 3251 in
1686 3199 1795 3264 ripa
1835 3199 2049 3253 Danubii

518 3290 650 3343 etin
684 3289 911 3353 partibus
940 3287 1207 3339 Tarachiac
1238 3286 1321 3355 [Τ.
1358 3287 1437 3346 L..
1461 3286 1711 3357 Thraciae]
1747 3307 1757 3339 :
1792 3289 1840 3340 in
1871 3289 2051 3355 quibus

523 3379 649 3430 locis
677 3377 858 3430 exsilio
889 3375 1141 3439 relegatus
1172 3384 1268 3427 est.
1323 3376 1381 3426 lit
1425 3377 1718 3441 ubicunque
1766 3377 1930 3441 potuit
1976 3378 2047 3428 in-

521 3480 762 3518 nutrieras
792 3467 1008 3518 vlitutes
1054 3464 1195 3526 fecit,
1224 3472 1275 3513 et
1318 3465 1581 3528 passiones
1619 3465 1857 3514 sustinuit
1890 3481 1900 3513 :
1936 3479 2049 3515 nam

519 3552 675 3607 nimia
725 3568 841 3603 cum
890 3550 1032 3603 c:cde
1079 3557 1333 3601 mactatus
1381 3560 1481 3612 εει,
1531 3558 1579 3599 et
1624 3563 1824 3600 rursum
1863 3548 2052 3600 diutius

520 3640 737 3692 tustibus
783 3652 965 3699 caesus,
1016 3652 1076 3689 ac
1122 3638 1270 3689 nudis
1312 3636 1524 3703 pedibus
1552 3651 1704 3703 super
1736 3652 1923 3704 prunas
1947 3638 2041 3689 im-

522 3728 738 3793 positus,
768 3738 817 3779 et
844 3727 1062 3793 equuleo
1105 3741 1364 3791 appensus
1410 3736 1583 3777 tensus
1610 3734 1705 3787 est,
1746 3734 1797 3777 et
1835 3740 1959 3777 saxo
1987 3738 2045 3775 os

520 3816 633 3883 ejus
661 3824 932 3867 'contusum
963 3823 1061 3879 est,
1093 3823 1143 3863 ct
1171 3828 1284 3863 cum
1324 3812 1632 3878 gravissimo
1672 3812 1787 3863 ferri
1820 3812 2045 3878 pondere

518 3902 748 3955 inclusus
794 3914 1001 3953 carcere
1051 3900 1281 3951 horribili
1329 3909 1481 3964 atque
1530 3900 1579 3950 in
1620 3900 1755 3965 ligno
1804 3910 2046 3951 extensus

514 3997 618 4051 est,
648 3988 672 4013 “
705 3988 788 4039 ubi
845 3987 1138 4040 hominibus
1179 3988 1382 4053 quidem
1430 3989 1709 4053 nvg'ectus,
1743 3986 1833 4037 sed
1866 3987 1926 4036 ab
1954 4002 2044 4038 an-

515 4078 631 4145 gelo
654 4077 861 4145 publice
883 4092 1061 4143 passus
1092 4086 1190 4130 est.
1219 4074 1245 4109 l’
1281 4077 1475 4129 Deinde
1504 4086 1771 4128 catenatus
1799 4084 1850 4127 et
1880 4078 1928 4127 in
1960 4091 2048 4127 ex-

513 4166 685 4219 silium
729 4167 955 4218 directus
1000 4174 1099 4231 est,
1147 4166 1195 4215 in
1242 4179 1342 4231 quo
1389 4179 1589 4216 rursum
1616 4164 1805 4215 diutius
1837 4164 2050 4214 fustibus

2154 3207 2236 3257 nis
2262 3202 2439 3270 viginti
2466 3202 2577 3255 dies
2603 3211 2740 3255 octo.

2224 3312 2296 3364 lla
2337 3312 2396 3366 D.
2429 3313 2519 3364 Ast
2548 3314 2601 3363 Β.
2632 3310 2691 3363 C.
2732 3311 2794 3363 A.
2838 3310 2924 3368 Τ..
2954 3310 3114 3361 Annis
3143 3310 3323 3375 viginti
3348 3318 3462 3362 octo
3486 3318 3537 3361 et
3561 3310 3664 3362 dies

2154 3390 2392 3447 quatuor.
2414 3380 2496 3441 γ..
2525 3380 2687 3432 Annis
2716 3379 2918 3445 triginta
2946 3389 2998 3431 et
3024 3390 3163 3431 oCIo.
3189 3383 3271 3441 L.,
3304 3379 3461 3430 Annis
3491 3380 3663 3431 decei-

2154 3459 2206 3502 ει
2232 3458 2348 3500 octo
2376 3457 2427 3501 et
2450 3448 2629 3499 diebus
2657 3458 2895 3513 quatuor.

2221 3516 2279 3567 (Σ.
2316 3514 2398 3578 V.,
2447 3515 2621 3567 Romae
2648 3511 2685 3544 ⁸
2716 3514 2989 3566 Vincentii.
3036 3512 3217 3566 Natale
3263 3511 3533 3565 Primitiri.
3577 3512 3662 3578 Β..

2149 3578 2173 3615 ἀ
2208 3585 2498 3635 l’rimitivte.

2150 3643 2181 3676 1'
2214 3692 2299 3745 2i.
2318 3720 2383 3731 —
2406 3692 2470 3745 ιζ(
2494 3690 2623 3744 Kac.
2648 3691 2824 3745 Natale
2846 3691 2901 3745 S.
2936 3694 2959 3721 °
2980 3690 3283 3744 Christiana:
3302 3690 3415 3757 (sic)
3442 3689 3661 3757 virginis.

2217 3803 2277 3855 Δ.
2318 3804 2377 3855 Τ.
2421 3803 2501 3862 L.,
2535 3810 2820 3862 praenotant
2861 3803 2913 3852 in
2953 3804 3143 3852 civitate
3182 3800 3336 3868 Tyro.
3381 3801 3441 3853 C.
3488 3800 3572 3861 V.,
3611 3800 3661 3853 Ιι

2147 3872 2355 3923 Am.....
2387 3872 2441 3924 S.
2479 3874 2491 3905 ί
2534 3870 2795 3921 Victorini.
2823 3871 2877 3921 Β.
2910 3871 2971 3921 Α.
3001 3870 3060 3920 Τ.
3096 3870 3175 3931 I..,
3205 3869 3257 3920 ltt
3290 3869 3522 3920 Armenia
3553 3882 3663 3933 pas-

2146 3942 2225 3991 sio
2270 3938 2365 3991 SS.
2407 3939 2690 3998 'l‘heozoni,
2727 3938 2965 3997 Victoris,
3007 3946 3056 4006 et
3096 3936 3331 4006 Militaris
3358 3935 3463 4006 [B.,
3492 3937 3662 4006 Milite-

2153 4006 2253 4075 nis]
2288 4024 2298 4056 :
2326 4009 2411 4071 qui
2444 4011 2600 4075 multa
2632 4016 2881 4075 tormenta
2914 4005 3046 4075 passi
3085 4013 3225 4053 sunt.
3260 4004 3449 4054 llorutn
3480 4004 3661 4075 primo:

2152 4072 2298 4125 abest
2344 4091 2371 4123 a
2419 4088 2515 4125 ins.
2558 4072 2617 4123 L.
2664 4074 2783 4124 Sola
2819 4072 3042 4137 regionis
3069 4080 3121 4123 et
3150 4078 3433 4137 martyrum
3469 4074 3661 4125 nomina

2153 4150 2411 4191 nonuntur
2439 4143 2488 4191 in
2520 4142 2577 4191 Β.

2153 4150 2411 4208 ponuntur
2439 4155 2488 4192 tn
2520 4150 2577 4191 υ.

1858 4272 2057 4325 SMITll
2098 4272 2313 4326 ΝΟΤἘ.

580 4372 607 4398 ι
641 4360 808 4413 Verba
835 4361 915 4411 ubi
938 4362 1147 4425 ltomin.,
1175 4372 1299 4423 etc,
1324 4376 1483 4426 usque
1509 4360 1572 4412 ad
1600 4375 1755 4412 ursus
1782 4374 1885 4412 om.
1918 4360 1975 4413 L.

581 4430 607 4466 h
640 4429 807 4481 Verba
843 4430 1093 4481 Deinde...
1122 4431 1335 4481 directus
1363 4440 1434 4481 est
1460 4446 1562 4479 om.
1595 4429 1658 4481 A.

583 4509 607 4536 ε
648 4496 910 4551 Vincentii.
962 4498 1137 4547 Romae
1184 4498 1260 4547 via
1308 4498 1591 4548 Tiburtina.
1640 4498 1711 4549 De
1759 4511 1858 4561 quo
1898 4496 2043 4547 Bmda

512 4568 651 4634 vulg.
686 4567 932 4626 Usuard,
962 4566 1090 4627 Ado,
1116 4565 1361 4615 Baronius
1388 4566 1573 4634 aliique
1604 4565 1845 4634 postridie
1867 4574 2042 4631 agunt.

582 4632 927 4685 “'Priniitiva'.
968 4634 1055 4685 Via
1102 4634 1291 4683 Accola
1341 4646 1501 4697 passze
1541 4632 1683 4697 juxta
1716 4632 1994 4685 Notkerutn
2029 4650 2041 4685 :

515 4704 614 4761 A‘ii
647 4702 821 4753 Romae
852 4702 1009 4752 solius
1038 4702 1347 4752 mentionem
1381 4700 1589 4750 faciunt.

585 4784 607 4808 ε
639 4768 917 4821 Christimc.
947 4769 997 4819 In
1029 4771 1210 4819 Tuscia
1242 4770 1371 4831 apud
1406 4770 1662 4819 civitatem
1688 4767 1903 4835 Tyrum,
1929 4783 2045 4832 quas

512 4852 592 4890 cst
612 4838 755 4903 juxta
785 4838 947 4887 lacum
972 4837 1257 4903 Vulsinmn,
1285 4851 1466 4903 passm.
1490 4838 1583 4899 Qui
1614 4838 1660 4886 in
1694 4847 1866 4887 tenera
1890 4849 2041 4886 aelate

510 4902 699 4960 Christi
750 4906 849 4957 {ille
896 4902 1216 4967 conﬁrmata,
1261 4902 1384 4955 deos
1429 4920 1611 4955 aureos
1665 4904 1853 4956 Urbani
1889 4906 2043 4963 patris

516 4979 592 5027 sui
625 4976 813 5039 prmicc
838 4974 849 5024 i
878 4972 1121 5023 contrivit
1142 4982 1192 5021 ct
1216 4976 1522 5035 pauperibus
1546 4973 1822 5033 distribuit.
1847 4972 1924 5023 Οἱ)
1947 4973 2043 5023 huc

508 5044 722 5110 jnbentc
766 5051 907 5104 patre
951 5040 1113 5104 alapis
1160 5039 1367 5101 afﬂicta,
1420 5041 1719 5110 verberibus
1774 5039 2039 5110 dilaniata,

512 5106 651 5163 i'erro
696 5118 928 5164 onerata,
977 5111 1023 5157 in
1068 5124 1329 5161 carcerem
1376 5106 1607 5173 conjecta
1653 5118 1749 5160 est.
1785 5108 1904 5158 Post
1934 5112 2044 5159 hmc

511 5196 627 5233 cum
658 5176 945 5229 diuti~sime
968 5186 1016 5225 ct
1039 5176 1395 5227 crudelis~ime
1420 5176 1772 5237 dilaniarctur,
1798 5177 1859 5225 de
1887 5190 2042 5228 carne

510 5264 604 5301 sua
654 5247 781 5311 patri
834 5247 881 5295 itt
930 5244 1108 5295 faciem
1140 5245 1368 5308 projecit.
1404 5245 1633 5307 Cumque
1670 5245 1870 5309 alligata
1918 5256 2041 5295 rota:

512 5318 613 5381 igni
643 5314 907 5379 supposito
936 5322 984 5362 et
1010 5315 1120 5362 {uso
1140 5313 1359 5377 desuper
1400 5312 1517 5363 oleo
1548 5321 1846 5381 terreretur,
1872 5329 2042 5363 crum-

510 5378 639 5449 pens
665 5378 869 5435 {lautitia
896 5381 1032 5432 mille
1055 5381 1320 5442 gcutilium
1352 5380 1625 5430 interiecit.
1661 5378 1846 5449 lterum
1871 5391 2041 5433 autem

508 5447 703 5504 carceri
755 5450 935 5499 tradita
966 5489 977 5507 ,
1030 5449 1093 5499 ab
1142 5449 1325 5513 angelo
1376 5457 1549 5498 sanata
1604 5458 1654 5497 et
1702 5447 1887 5500 refecta
1944 5462 2042 5499 est.

513 5520 706 5571 licinde
753 5532 867 5567 cum
921 5532 1106 5583 magno
1149 5518 1255 5568 saxi
1303 5517 1527 5580 pondere
1572 5517 1624 5566 in
1666 5530 1808 5568 mare
1834 5518 2041 5581 jactata,

512 5588 741 5655 angi-lico
780 5586 1018 5651 pri-sidit)
1066 5586 1275 5637 liberata
1323 5594 1417 5635 est.
1460 5585 1642 5648 Quam,
1690 5593 1831 5651 ratio
1878 5586 2045 5639 subito

2072 4361 2120 4417 D
2148 4362 2410 4423 defuncto,
2441 4375 2711 4413 successor
2741 4360 2853 4428 ejus
2885 4361 3013 4412 Dim
3045 4360 3222 4411 multis
3260 4360 3441 4412 iterum
3477 4361 3661 4425 suppli-

2148 4432 2239 4481 CliS
2283 4430 2461 4481 afﬂixit
2492 4448 2501 4480 :
2531 4432 2620 4481 scd
2669 4440 2851 4481 orante
2896 4430 3001 4484 illa.
3048 4429 3382 4480 simulacrum
3421 4429 3660 4493 Apollinis

2149 4511 2299 4563 quem
2329 4498 2541 4548 adorare
2568 4498 2863 4560 jubebatur,
2889 4498 2939 4547 in
2966 4496 3188 4547 favillam
3218 4498 3387 4547 subito
3414 4498 3659 4549 πράξασαι

2150 4574 2246 4616 est.
2298 4568 2411 4627 Quo
2454 4565 2702 4617 miraculo
2752 4567 2844 4616 tria
2893 4565 3050 4616 millia
3097 4565 3358 4615 hominum
3402 4564 3465 4616 ad
3518 4566 3657 4617 (illam

2148 4634 2334 4685 Christi
2365 4649 2613 4685 conversa
2652 4642 2790 4685 sunt.
2820 4633 3127 4694 Novissune,
3159 4633 3319 4684 Dione
3343 4634 3493 4683 etiam
3529 4647 3659 4684 mor-

2150 4710 2255 4762 tnn,
2310 4718 2471 4753 novus
2520 4702 2789 4767 prmfecnis
2834 4702 3067 4753 Julianus
3102 4710 3214 4763 post
3254 4701 3511 4751 fornacem
3544 4714 3660 4750 can-

2148 4770 2372 4827 dentem,
2417 4782 2528 4835 post
2574 4780 2837 4834 serpentes
2879 4784 2907 4818 a
2953 4770 3180 4818 veuelico
3227 4768 3513 4825 immissos.
3556 4776 3662 4832 post

2148 4837 2515 4888 ahscissioncm
2547 4840 2747 4903 linguae,
2777 4836 2973 4900 sagittis
3010 4849 3123 4894 eam
3164 4836 3349 4900 conligi
3392 4836 3659 4900 praeepit:

2150 4906 2324 4967 sicque
2368 4920 2575 4957 cursum
2625 4902 2855 4971 iuartyiii
2899 4904 2975 4971 sui
3021 4902 3166 4953 beata
3215 4903 3357 4969 virgo
3398 4902 3657 4971 complevit

2148 4988 2282 5023 anno
2323 4976 2487 5025 aetatis
2522 4988 2628 5025 sua:
2656 4969 2873 5023 decimo.
2918 4970 3047 5031 Aao,
3078 4971 3314 5021 Νυτκειι.
3341 4980 3393 5020 et
3417 4969 3548 5021 circa
3572 4984 3661 5020 aa-

2150 5057 2269 5092 nuin
2316 5042 2441 5093 287.
2472 5042 2669 5105 Corpus
2712 5053 2880 5091 autem
2927 5039 3039 5103 ejus
3083 5039 3310 5088 delatum
3354 5036 3658 5089 Venetiaein

2149 5112 2519 5162 monasterium
2548 5111 2599 5162 S.
2627 5109 2777 5160 Marci
2804 5111 2869 5157 ab
2896 5106 3075 5158 incolis
3101 5106 3220 5165 lori,
3252 5121 3386 5157 nunc
3409 5106 3661 5166 quiescere

2150 5181 2462 5242 perhibetur.
2514 5180 2673 5229 l‘i-zrn.
2721 5191 2784 5228 ne
2829 5174 3028 5227 ΝΑτΑι..
3071 5174 3270 5239 Corpus
3308 5174 3364 5225 S.
3401 5171 3661 5242 Clam

2148 5240 2387 5297 Panormi
2440 5247 2487 5296 in
2536 5245 2709 5297 Sicilia
2751 5243 3004 5295 asservari
3047 5242 3257 5301 dicitur,
3303 5254 3396 5293 nec
3429 5240 3659 5295 aliaalii

2148 5313 2242 5365 hac
2272 5329 2387 5367 esse
2417 5315 2641 5365 tradunt.
2676 5313 2863 5364 Banou.
2896 5311 2945 5362 iu
2975 5308 3121 5361 Notis
3147 5311 3210 5361 ad
3244 5309 3499 5374 Ilartyrul.

2218 5382 2232 5418 ί
2276 5381 2534 5433 Victorini.
2584 5381 2635 5431 In
2672 5378 2990 5432 Amiternina
3032 5379 3243 5430 civitate
3272 5376 3659 5431 ntilliarioocto-

2146 5452 2340 5516 gesitno
2372 5453 2523 5503 tertio
2552 5450 2617 5501 ab
2645 5451 2771 5500 urbe
2801 5447 2987 5508 Roma,
3011 5446 3093 5497 via
3128 5444 3657 5516 Salariaﬂieronynti

2146 5512 2405 5586 Martyrol.
2449 5519 2577 5571 Eum
2613 5516 2790 5570 Roma:
2820 5528 3025 5584 passum
3054 5513 3238 5569 scribit
3264 5512 3532 5568 Notkcrus.

2590 5604 2597 5625 ι

3384 5682 3849 6203 Δ

3692 6080 3697 6087 τ
3776 6088 3777 6091 η

3522 6122 3531 6129 .

3354 6188 3391 6203 .-
