3888 6316
139 415 265 470 985

1302 412 1483 469 SECT.
1516 411 1575 464 ιι.
1604 438 1672 449 -ο
1695 405 2222 462 MARTYROLOGIA.

3192 391 3293 447 986

1398 519 1612 572 EDITIO
1636 514 2075 569 CULONIENSIS.

231 614 289 666 C.
324 614 428 664 \‘III
474 612 700 665 KALEND.
752 611 978 663 Aucusr.
1024 606 1207 664 Natale
1251 606 1307 660 S.
1348 605 1520 658 Jacobi
1564 619 1681 668 apo-
1710 608 1755 657 Α
1785 610 1885 665 tus,
1916 614 2062 655 aceto
2084 608 2135 652 ct
2161 600 2337 663 sinape
2367 591 2598 661 perfusus
2619 598 2713 641 est.
2742 588 2972 654 Cumque
3013 584 3200 638 illaesos
3230 584 3295 634 ab

141 705 303 764 etuti,
338 702 422 752 ﬂlii
452 699 704 752 Zebedtci.
739 698 790 749 In
814 698 1013 756 Cilicia,
1039 698 1242 748 civitate
1267 695 1479 755 Samon,
1513 692 1684 744 natale

146 787 331 838 sancti
382 785 732 848 Christ0pbori
783 784 1052 850 martyris,
1094 784 1177 846 qui
1221 781 1317 833 sub
1364 780 1537 845 Dagoo
1563 792 1684 844 rege

142 874 321 939 virgis
351 872 526 925 ferreis
564 870 765 923 attritus
788 912 803 935 ,
848 884 875 920 a
922 869 1138 921 ﬂammis
1165 867 1425 919 aestuantis
1461 863 1683 917 incendii

143 960 354 1011 Christi
400 962 583 1011 virtute
610 961 835 1011 salvatus
863 968 976 1020 est,
1006 957 1068 1007 ad
1114 957 1343 1007 ultimum
1380 954 1678 1021 sagittarum

145 1046 351 1098 ictibus
390 1046 683 1107 confossus,
725 1044 1021 1111 martyrium
1068 1042 1248 1107 capitis
1290 1038 1681 1090 obtruncatione

149 1133 464 1198 complevit.
491 1131 541 1183 In
572 1126 1072 1194 Ilispaniis,civitate
1103 1125 1403 1185 Barcinona,
1428 1124 1593 1175 natale
1621 1123 1680 1175 ὃ.

147 1220 481 1287 Cncuphatis
503 1220 762 1286 martyris,
790 1217 875 1284 qtti
898 1231 963 1269 ex
986 1216 1190 1268 civitate
1214 1214 1475 1267 Scillitana
1506 1212 1683 1262 oriun-
1758 1206 1763 1211 ’

156 1310 269 1361 tius
299 1308 414 1371 fuit,
444 1320 498 1361 et
526 1309 824 1360 Barcinonze
865 1306 959 1359 sub
988 1304 1191 1357 Galerio
1215 1313 1263 1357 et
1300 1304 1610 1356 Maximiano
1636 1310 1687 1354 et

150 1396 357 1449 Ruﬁno
385 1412 584 1462 passus,
616 1397 780 1462 primo
804 1397 1111 1469 gravissime
1139 1402 1299 1445 tortus
1323 1402 1374 1443 et
1395 1405 1559 1443 cmsos
1586 1400 1681 1453 est,

151 1486 290 1549 dein
336 1486 533 1537 catenis
576 1470 843 1546 astrictus,
890 1482 939 1534 in
984 1480 1223 1533 craticula
1273 1482 1476 1542 insuper
1514 1488 1690 1528 exten-

1789 690 1907 757 igne
1946 686 2293 754 apparuisset,
2343 683 2522 734 iterum
2578 678 2711 730 ferro
2752 677 2985 737 vinctus,
3031 674 3079 723 in
3124 679 3300 722 custo-

1783 778 1918 828 diam
1950 786 2179 826 retrusus
2206 779 2315 830 est;
2344 771 2429 821 ubi
2461 768 2634 819 divino
2671 762 2941 828 splendore
2987 760 3297 814 (tuisolatnr,

1784 872 1836 915 et
1885 872 2005 916 tunc
2052 859 2221 912 nervis
2268 856 2449 908 ferreis
2493 865 2545 905 et
2590 842 2804 903 taurinis
2848 846 3196 900 crudelissime
3224 852 3302 895 est

1783 964 1966 1001 caesus.
2002 950 2053 1000 Iit
2081 948 2258 999 ultimo
2284 946 2470 996 dictata
2494 951 2574 995 est
2592 939 2845 991 sententia
2871 954 2882 987 :
2909 954 2926 984 ι
2953 934 3299 997 Cucopbatetn

1784 1037 2025 1089 rt'bellem
2046 1035 2215 1103 gladio
2237 1032 2387 1086 ferire
2403 1031 2661 1098 iubemus.
2691 1045 2708 1077 ι
2732 1025 2886 1095 Cujus
2906 1039 3089 1091 corpus
3111 1037 3137 1073 a
3158 1022 3303 1075 Cbri-

1786 1125 1969 1177 stianis
1996 1123 2263 1186 sepelitur.

1860 1212 1921 1263 D.
1956 1211 2037 1263 VII
2069 1210 2299 1262 lineae.
2332 1210 2557 1260 Aucusv.
2596 1204 2769 1257 Natale
2797 1202 2939 1255 beati
2966 1200 3185 1264 llerasti,
3214 1197 3303 1265 qui

1792 1298 2041 1364 Philippis
2067 1314 2095 1350 a
2124 1298 2273 1351 beato
2304 1296 2463 1347 Paulo
2492 1296 2764 1359 episcopus
2803 1292 3008 1342 relictos
3035 1328 3049 1351 ,
3079 1288 3143 1339 ibi
3169 1301 3303 1338 mar-

1792 1385 1923 1454 tyrio
1948 1395 2220 1437 coronatus
2249 1382 2459 1448 quievit.
2496 1380 2669 1431 Romae
2696 1381 2744 1431 in
2772 1388 2917 1445 portu
2947 1376 3182 1437 Iacincti,
3213 1375 3308 1426 sub

1793 1470 2051 1543 consulari
2095 1471 2327 1533 Leontio,
2377 1468 2623 1530 Luxurio,
2668 1466 2832 1534 primo
2870 1464 3087 1517 civitatis
3115 1463 3311 1515 Terra-

1384 1564 1598 1618 EDITIO
1630 1559 2076 1616 BOLLANDIANA
2089 1598 2101 1610 .

234 1662 327 1717 25.
356 1693 425 1702 —
453 1661 560 1714 VIII
603 1660 732 1713 KAL.
775 1657 955 1712 Natale
997 1657 1056 1709 S.
1096 1654 1271 1708 Jacobi
1317 1654 1566 1721 apostoli,
1604 1651 1698 1705 Ze-

158 1753 364 1807 bcdmi.
854 1788 875 1801 χ

237 1842 393 1893 Addit
420 1839 599 1891 Florus
626 1838 675 1888 in
703 1836 764 1888 Τ.
795 1847 845 1888 et
875 1834 957 1896 L.,
989 1832 1186 1885 Fratris
1230 1830 1445 1885 Joannis
1472 1842 1703 1895 evange-

152 1930 323 1991 listze,
350 1929 495 1993 t-njos
536 1926 825 1990 passionem
857 1931 879 1954 ει
908 1922 1150 1973 Clemens
1196 1918 1572 1970 Alexandrinus
1609 1918 1699 1968 de-
1726 1951 1774 2011 Β

151 2017 439 2070 scribens:
480 2032 498 2062 ι
538 2015 597 2063 Et
628 2013 691 2075 is,
720 2010 905 2076 inquit,
935 2009 1019 2075 qtti
1047 2008 1299 2058 obtulerat
1319 2019 1433 2058 eum
1455 2046 1470 2069 ,
1498 2002 1523 2038 δ
1551 2002 1699 2055 Jaco-

154 2110 290 2163 bum
323 2107 448 2159 scilit
469 2115 539 2167 et,
566 2103 727 2171 jodici
760 2102 821 2153 ad
850 2099 1149 2166 martyrium
1169 2141 1183 2162 ,
1210 2106 1378 2147 motus
1406 2094 1558 2169 etiam
1588 2094 1698 2158 ipse

156 2198 441 2249 confessus
470 2206 548 2247 est
574 2209 628 2245 se
674 2207 790 2245 esse
823 2190 1179 2241 christianum.
1220 2205 1237 2235 ι
1277 2185 1420 2237 Ducti
1451 2193 1570 2235 sunt
1598 2198 1699 2233 an-

158 2293 275 2335 tem
309 2283 463 2336 ambo
489 2284 677 2347 pariter
708 2278 769 2328 ad
794 2276 1116 2343 supplicium.
1145 2274 1206 2325 Et
1229 2288 1341 2325 cum
1364 2272 1698 2333 ducerentur,

161 2371 222 2423 in
257 2371 338 2420 via
382 2368 580 2431 rogavit
625 2364 872 2417 Jacobum
916 2363 1038 2413 dare
1086 2359 1179 2412 sibi
1221 2358 1594 2411 remissionem.
1638 2359 1703 2409 At

161 2458 259 2511 ille
288 2470 561 2523 parumper
578 2454 893 2509 deliberans,
925 2468 943 2501 ι
971 2449 1070 2502 Pax
1098 2449 1207 2508 tibi,
1235 2466 1251 2497 ι
1279 2448 1377 2514 itth
1402 2448 1458 2507 it,
1481 2454 1533 2498 et
1554 2459 1704 2498 oscu-

161 2547 308 2600 latus
337 2556 415 2598 est
442 2558 557 2596 eum
584 2560 595 2593 :
618 2551 669 2593 et
700 2541 769 2592 ita
798 2540 951 2591 ambo
980 2538 1131 2590 simul
1171 2538 1333 2600 capite
1385 2534 1519 2599 plcxi
1561 2542 1703 2585 sunt.

244 2635 382 2685 Idem
416 2631 595 2682 Florus
624 2628 671 2678 in
704 2627 765 2679 Α.
790 2634 841 2676 et
869 2624 953 2685 T.,
982 2622 1175 2674 Eodem
1204 2622 1286 2672 die
1322 2620 1371 2670 in
1403 2618 1553 2683 Lycia
1582 2618 1707 2668 civi-

168 2729 283 2773 tate
312 2717 504 2772 Samon
536 2714 704 2766 natale
727 2713 782 2766 S.
819 2722 839 2747 ι·
872 2708 1249 2774 Christophori.
1277 2707 1415 2759 Idem
1444 2707 1625 2772 legitur
1653 2705 1702 2755 in

174 2809 266 2869 Β..
297 2817 351 2858 et
374 2804 535 2871 pergit
563 2804 727 2855 solum
757 2802 843 2861 T.,
875 2799 971 2864 Qui
992 2798 1137 2864 jussu
1166 2798 1321 2863 Dagni
1356 2797 1485 2861 regis
1515 2795 1700 2869 incar-

170 2911 301 2950 cere
344 2894 605 2953 reclusus,
638 2891 841 2943 Niceam
868 2897 923 2942 et
958 2887 1247 2953 Aquilinam
1271 2924 1284 2947 ,
1316 2899 1441 2951 quas
1487 2865 1595 2951 ipse
1627 2894 1710 2951 ty-

170 2997 372 3038 rannus
402 2982 462 3032 ad
496 2978 844 3031 seducendom
893 2990 1009 3027 eum
1053 2975 1281 3034 miserat,
1316 2973 1383 3023 ita
1414 2974 1665 3024 convertit
1693 3011 1708 3035 ,

175 3081 238 3123 ut
267 3070 401 3122 idola
429 3066 570 3120 Jovis
595 3074 645 3118 et
675 3062 926 3130 Apollinis
947 3100 959 3123 ,
993 3075 1105 3127 qua:
1137 3069 1256 3111 ante
1300 3060 1575 3123 colebant,
1612 3059 1710 3112 [ide

179 3157 383 3217 Christi
430 3156 709 3212 ferventes,
750 3152 894 3202 zonis
926 3152 1034 3200 suis
1061 3149 1210 3213 ligata
1257 3147 1319 3199 ad
1369 3158 1556 3200 terram
1587 3162 1712 3214 pro-

180 3251 497 3298 sternerent.
548 3237 731 3303 Unde,
788 3237 1114 3303 praecipiente
1162 3234 1370 3301 Dagno,
1421 3238 1579 3288 altera
1633 3240 1710 3289 est

177 3331 432 3385 membrls
478 3330 728 3393 disrupta,
777 3327 935 3378 altera
984 3324 1141 3389 stipiti
1189 3338 1456 3391 suspensa,
1514 3334 1567 3378 et
1606 3328 1712 3395 igni

182 3424 458 3490 apposita,
502 3434 562 3472 ac
604 3416 793 3470 deinde
835 3414 1004 3483 gladio
1045 3413 1316 3467 trucidata.
1346 3414 1562 3467 Sanctus
1592 3430 1714 3469 vero

180 3511 632 3577 Cbri~topliorus,
679 3506 841 3572 ligatis
886 3504 1118 3557 manibus
1170 3516 1222 3555 et
1262 3494 1507 3569 pedibus,
1557 3507 1715 3573 virgis

184 3598 374 3651 ferri-is
401 3610 584 3656 caesus,
620 3593 805 3646 deinde
849 3594 898 3643 in
938 3606 1147 3643 scamno
1189 3592 1387 3651 ferreo.
1429 3603 1479 3645 et
1522 3593 1571 3645 in
1602 3595 1720 3661 igne

176 3685 282 3738 olei
317 3684 517 3749 liquore
537 3679 811 3748 superfuso
838 3680 1065 3746 positus;
1097 3679 1213 3729 binc
1240 3680 1402 3743 stipiti
1432 3694 1715 3746 appensus,

1800 1657 1853 1701 et
1898 1662 1925 1698 a
1975 1646 2221 1699 militibus
2260 1644 2559 1711 sagittarum
2604 1640 2787 1693 ictibus
2817 1638 3048 1705 pulsatus
3083 1642 3180 1687 est.
3214 1632 3312 1686 Sed

1804 1736 2003 1804 sagittis
2031 1751 2058 1787 a
2087 1733 2282 1787 dextris
2310 1730 2421 1798 ejus
2445 1739 2497 1783 et
2523 1745 2552 1781 a
2578 1728 2797 1781 sinistris
2822 1725 3103 1790 suspensis,
3134 1737 3232 1774 una
3253 1736 3315 1774 ex

1802 1827 1879 1880 eis
1899 1826 2041 1878 velut
2069 1822 2204 1876 venti
2233 1821 2440 1873 ﬂamine
2475 1827 2667 1871 retorta
2692 1858 2704 1873 .
2735 1818 2784 1867 in
2814 1816 3013 1866 oculum
3048 1813 3200 1877 Dagni
3229 1826 3318 1875 pc-

1804 1915 2043 1974 netravit,
2074 1912 2251 1977 sicque
2287 1910 2400 1960 data
2432 1906 2682 1958 sententia
2711 1904 2870 1955 isdem
2915 1900 3101 1953 athleta
3132 1897 3318 1949 Christi

1799 2002 1969 2066 capite
1997 2000 2178 2065 plexos
2221 2004 2321 2048 est.
2351 1996 2470 2046 Post
2497 1992 2644 2059 cujus
2671 1989 3060 2043 decollationem
3090 1987 3197 2052 ipse
3224 1984 3322 2035 Da-

1799 2102 1931 2155 gnus
1974 2087 2036 2137 ad
2086 2085 2376 2151 sepulcrum
2419 2082 2531 2147 ejus
2571 2081 2727 2132 altera
2771 2078 2852 2130 die
2881 2076 3111 2137 veniens,
3141 2087 3327 2134 secun-

1807 2179 1927 2229 dum
1959 2173 2349 2240 promissionem
2384 2168 2543 2233 ipsius
2584 2167 2823 2233 martyris
2848 2173 2902 2216 et
2925 2162 3057 2215 oculi
3084 2162 3161 2213 sui
3191 2160 3327 2218 salii-

1805 2276 1959 2316 tatem
2002 2261 2235 2324 recepit,
2266 2268 2319 2311 et
2367 2256 2635 2324 magniﬁce
2684 2253 2843 2306 Deum
2885 2252 2941 2303 S.
2970 2246 3325 2313 Cbristophuri

1806 2352 2131 2422 gloriilcavit.

1870 2462 1929 2514 L.
1956 2459 2017 2512 C.
2044 2456 2104 2509 ν.
2137 2455 2455 2522 simpliciter_
2484 2466 2676 2505 nomen
2700 2447 3059 2522 ΔΟιροίιιορζιονὶ
3096 2446 3193 2499 hoc
3241 2443 3327 2497 die

1805 2530 1995 2584 habent
2021 2546 2031 2578 :
2062 2526 2142 2580 cui
2167 2518 2309 2576 addit
2337 2523 2395 2574 V.
2431 2519 2493 2573 1η
2524 2532 2666 2588 portu
2689 2518 2747 2572 S.
2772 2518 2984 2570 Acontt't'.

1876 2636 2119 2703 Ejusdem
2153 2633 2293 2685 Flori
2323 2644 2439 2682 esse
2469 2628 2671 2680 videtur
2695 2628 2743 2678 in
2772 2625 2829 2677 τ.
2863 2608 2915 2676 ei
2954 2623 3037 2685 L.,
3067 2621 3117 2673 In
3163 2619 3332 2672 Barci-

1794 2740 1938 2793 _noua
1963 2723 2167 2774 civitate
2188 2720 2243 2771 S.
2274 2718 2300 2755 ά
2325 2717 2638 2781 Cucuphatis
2684 2712 2943 2779 martyris.
2984 2712 3042 2761 Iit
3084 2708 3140 2761 S.
3171 2714 3193 2739 ε
3225 2707 3327 2757 Ett-

1808 2810 1996 2880 tyciani
2029 2823 2171 2875 papae
2200 2815 2251 2859 et
2280 2803 2521 2870 martyris
2555 2820 2567 2852 :
2597 2801 2683 2868 qui
2732 2814 2847 2852 cum
2903 2797 3182 2849 Ecclesiam
3229 2794 3330 2845 Ito-

1810 2913 2012 2951 ntauatn
2035 2896 2182 2948 annis
2206 2894 2384 2963 viginti
2408 2893 2492 2963 [L.
2511 2907 2610 2943 om.
2635 2889 2838 2958 viginti]
2859 2898 2972 2941 octo
2994 2894 3109 2952 post
3128 2884 3330 2936 Petrum

1810 2987 2065 3050 rexisset,
2113 2984 2370 3036 trecentos
2398 2981 2729 3048 quadraginta
2759 2980 2889 3030 duos
2930 2986 3183 3044 martyres
3213 2991 3332 3037 pro-

1813 3074 1937 3139 priis
1979 3073 2215 3124 manibus
2262 3070 2532 3137 sepelivit,
2565 3082 2847 3135 passusque
2901 3074 2981 3117 est
3030 3064 3330 3131 martyriotu

1816 3160 2133 3229 temporibus
2161 3157 2442 3210 Aureliani.

1746 3273 1791 3334 (ἶ
1889 3295 1975 3349 Α..
2006 3293 2119 3361 Ipso
2143 3292 2231 3361 die
2253 3289 2501 3361 depositio
2533 3284 2653 3349 8.,f
2685 3284 2862 3337 Judoci
2907 3281 3098 3361 egregii
3135 3281 3337 3335 confvs-

1821 3365 1994 3415 soris:
2025 3355 2104 3414 cui
2137 3359 2440 3422 astipulatur
2487 3357 2618 3405 inter
2666 3362 2879 3405 ett-teras
2926 3355 3171 3422 virtutes,
3217 3365 3335 3422 qua:

1822 3445 1926 3497 pra:
1957 3418 2281 3497 multitudine
2300 3424 2611 3497 dinumerari
2642 3435 2741 3497 non
2767 3430 2998 3497 possunt,
3019 3420 3179 3496 etiam
3200 3418 3329 3471 duos

1826 3487 2057 3549 inortuos
2101 3496 2395 3546 suscitasse.
2434 3492 2511 3547 Β..
2548 3489 2754 3540 Parisiis
2801 3487 3065 3539 translatio
3111 3487 3341 3551 corporis

1822 3566 1879 3619 S.
1906 3574 1929 3611 ε
1954 3564 2192 3619 Germani
2224 3560 2449 3627 episcopi
2478 3569 2528 3611 et
2568 3558 2895 3610 confessoris.

1891 3673 1974 3725 96.
2004 3702 2069 3711 —
2095 3671 2171 3723 VII
2201 3671 2327 3724 ΚΑΙ..
2358 3668 2515 3721 Vacat
2545 3667 2709 3720 Bmda.

1524 3785 1721 3839 SlIlTll
1772 3780 1985 3837 NOTAE.

254 3887 282 3915 ⁸
324 3877 566 3931 Clemens.
623 3874 767 3939 Quod
820 3873 900 3925 hic
953 3870 1261 3939 exscribitor
1316 3885 1375 3922 ex
1431 3871 1711 3926 Clementis

181 3946 519 4000 Alexandrini
548 3944 765 4009 septimo
796 3941 1171 4009 Institutionum
1205 3938 1331 3990 libro
1356 3977 1371 4002 ,
1399 3939 1520 3991 citat
1556 3942 1711 3994 etiam

188 4014 449 4068 Eusebius
481 4013 529 4065 in
560 4006 697 4067 Eccl.
729 4010 861 4061 Hist.
892 4024 948 4067 ιι,
976 4006 1028 4059 9.
1374 4060 1383 4069 ⁸

249 4081 285 4142 ,δ
311 4082 577 4132 Iacobum.
612 4081 680 4131 De
707 4094 769 4130 eo
790 4077 953 4129 ϐηιεί
986 4077 1035 4127 in
1064 4074 1355 4140 Menologio
1376 4084 1535 4140 agunt
1556 4076 1717 4137 pridie

182 4150 304 4203 Kal.
336 4149 474 4210 Maii,
504 4164 603 4213 quo
631 4147 712 4199 die
733 4147 797 4196 ab
818 4144 1020 4196 Herode
1040 4142 1398 4213 oncitli‘juss‘us
1423 4151 1523 4196 est.
1551 4145 1717 4195 Latini

183 4233 318 4269 vero
346 4216 439 4267 hac
466 4209 546 4266 die
575 4229 693 4267 eum
720 4214 1016 4269 celebrant,
1049 4211 1252 4276 quando
1289 4209 1397 4273 ejus
1426 4226 1613 4275 corpus
1652 4227 1716 4264 ex

183 4286 278 4339 Ilia
314 4283 482 4336 Flavia
506 4280 904 4345 Compostellam
954 4280 1253 4329 translatum
1298 4285 1411 4342 est,
1458 4278 1541 4329 ubi
1586 4280 1719 4332 cele-

184 4352 419 4408 berrimo
445 4350 619 4401 otticio
651 4349 895 4400 hactenus
922 4346 1178 4397 coluntur.

265 4431 289 4458 ε
322 4417 677 4482 (ΣιιήιιορΙιονί.
722 4414 968 4467 Baronius
998 4428 1038 4465 ct
1061 4421 1174 4464 uset
1202 4427 1318 4465 eum
1352 4427 1450 4464 non
1491 4414 1585 4465 sub
1619 4415 1719 4465 Da-

187 4502 327 4552 gno,
358 4486 448 4538 sed
474 4487 567 4536 sub
599 4485 755 4537 Decio
790 4482 1095 4546 itnpo-ratore
1126 4494 1348 4552 passum.
1382 4482 1432 4531 In
1469 4484 1627 4552 i’etro
1655 4483 1720 4534 de

187 4548 456 4609 Natalibus
486 4553 711 4604 inaudita
734 4560 813 4601 est
840 4552 1025 4610 tabula,
1052 4552 1099 4600 in
1128 4564 1226 4612 qua
1248 4548 1437 4600 dicitur
1457 4551 1716 4602 Christum

189 4633 340 4676 trans
365 4621 572 4673 ﬂuvium
614 4617 838 4670 humeris
869 4626 1095 4680 portasse
1114 4655 1129 4677 ,
1160 4626 1211 4667 et
1239 4617 1331 4667 alia
1359 4617 1472 4680 ejus
1504 4619 1681 4671 farina:
1702 4656 1717 4681 ,

188 4704 313 4758 qu;
336 4700 391 4758 _et
419 4688 769 4758 Judmiipsius
797 4684 986 4747 Apella?
1019 4683 1169 4758 [idem
1189 4694 1459 4758 superant.

264 4756 292 4793 ά
322 4750 642 4819 Camp/tatis.
670 4755 820 4805 Ortus
850 4761 927 4804 est
952 4758 1121 4801 autem
1154 4750 1231 4819 ilit'
1254 4767 1315 4801 ex
1345 4753 1548 4809 civitate
1571 4754 1719 4819 Scyl-

186 4827 353 4879 litana
379 4840 395 4884 ς
424 4810 472 4876 ei
499 4838 614 4873 cum
649 4822 814 4873 Felice
840 4819 1061 4885 quodam
1106 4818 1361 4882 profectos
1403 4810 1688 4871 Ctesareain
1711 4860 1722 4881 ,

191 4893 285 4945 ubi
331 4900 597 4955 comperto
649 4890 783 4952 quod
836 4887 1124 4951 persecutio
1179 4888 1272 4937 sub
1312 4888 1623 4940 Mmitttiano
1673 4902 1724 4942 et

196 4960 514 5013 Diocletiano
559 4968 684 5008 testu
740 4958 964 5007 maximo
1017 4958 1063 5005 in
1113 4957 1317 5006 Oriente
1362 4960 1638 5021 ﬂagraret,
1672 4958 1723 5008 in

194 5028 528 5081 Occidentem
559 5025 858 5090 navigantes
885 5023 1217 5074 Barcinonetn
1248 5025 1475 5086 appulit,
1512 5028 1591 5075 ubi
1623 5024 1721 5075 Cu—

194 5095 396 5162 cupbas
426 5093 683 5162 miraculis
712 5092 919 5162 claruit;
952 5105 1165 5162 quorum
1198 5090 1326 5140 fama
1358 5092 1418 5140 ad
1450 5106 1598 5142 anrcs
1624 5094 1724 5143 (ia-

196 5158 318 5216 let'ii
364 5159 682 5226 proconsulis
710 5159 1067 5223 perveniente,
1099 5158 1285 5209 milites
1326 5160 1457 5208 misit
1490 5160 1572 5222 qui
1605 5175 1721 5211 eum

194 5231 261 5283 ad
297 5232 518 5281 tribunal
559 5228 793 5289 trahunt,
822 5234 874 5276 et
917 5242 1030 5276 cum
1069 5226 1169 5275 diis
1200 5240 1297 5275 non
1347 5227 1492 5281 thura
1545 5227 1719 5289 daret,

193 5300 500 5367 gravissime
527 5309 690 5348 etesiis
714 5303 805 5367 est
838 5308 994 5357 usque
1022 5294 1141 5367 dum
1172 5293 1377 5367 dirupto
1405 5308 1622 5358 corpore
1649 5298 1725 5345 vi-

196 5359 345 5418 ξρετε
396 5368 505 5430 ejus
546 5363 990 5430 conspicerentur.
1027 5359 1218 5410 Deinde
1262 5362 1369 5409 viro
1410 5363 1492 5412 Dei
1545 5378 1723 5425 preces

200 5427 723 5493 liuniino'l‘tmdente,
755 5427 989 5481 Galerius
1019 5438 1225 5491 repente
1252 5440 1477 5478 mortuus
1507 5430 1722 5484 decidit.

202 5502 245 5552 Α
274 5500 575 5552 Maximiano
607 5499 823 5566 prxside
854 5508 1023 5562 postea
1064 5495 1111 5566 in
1146 5496 1456 5566 craticulam
1485 5510 1725 5550 extensos

199 5578 305 5626 est.
334 5564 621 5633 illmsusque
667 5568 943 5633 crudeliter
989 5564 1190 5615 carduis
1233 5564 1421 5633 ferreis
1451 5573 1505 5616 et
1533 5570 1726 5619 taureis

198 5638 491 5691 ca-dcbatut
511 5631 667 5701 {dum
697 5641 868 5686 autem
901 5632 1201 5699 ﬂagellatur,
1231 5631 1334 5685 Deo
1360 5636 1517 5685 sancti
1552 5649 1726 5701 preces

1822 3873 2006 3924 iterum
2032 3868 2341 3922 exaudiente
2363 3874 2415 3917 et
2443 3861 2774 3917 Maximianus
2794 3858 2947 3924 jndex
2978 3867 3143 3910 morte
3174 3858 3337 3908 soluta

1818 3942 2061 4057 abreptus
2081 3948 2177 3990 est.
2198 3935 2378 3988 Ruﬁno
2399 3948 2521 3985 vero
2543 3931 2699 3996 impio
2716 3928 2949 3994 jubente.
2975 3926 3142 3992 capite
3160 3926 3338 3990 plexos

1820 4016 1916 4057 est.
1985 4008 2189 4057 ennltus
2212 4012 2291 4056 est
2320 4002 2646 4055 Barcioonze;
2678 4000 2766 4049 sed
2794 4006 2964 4057 postea
2996 3996 3269 4045 translatos
3306 4007 3337 4044 a

1820 4016 1916 4060 est.
1943 3996 2189 4070 Sepultus
2212 4012 2291 4056 est
2320 4000 2766 4070 Barciuongntsed
2794 4006 2964 4070 postea
2996 3996 3269 4070 translatos
3306 4007 3337 4044 a

1826 4064 2052 4127 Fulcado
2074 4074 2256 4124 abbate
2279 4069 2500 4123 cmnubii
2522 4066 2617 4119 SS.
2646 4064 2891 4129 Dionysii,
2920 4064 3111 4114 ltnstici
3137 4064 3344 4115 etEleu-

1821 4142 1995 4195 therii.
2026 4142 2075 4191 in
2106 4141 2286 4192 cellam
2334 4136 2563 4202 ejusdem
2611 4131 2851 4202 ctettubii.
2878 4129 3341 4202 Svmus,_totn._lV.

1894 4219 1916 4246 ο
1946 4207 2265 4275 Entyclu‘ani.
2297 4196 2567 4275 Ejusdies
2613 4200 2855 4275 obitualis
2884 4208 2963 4275 est
3005 4212 3051 4275 vi
3096 4196 3212 4275 ldus
3243 4196 3343 4275 Dc:

1824 4280 1996 4331 cemb.
2032 4266 2411 4339 Fapebrocltios
2437 4273 2484 4322 in
2509 4272 2704 4321 Conatu
2730 4266 3249 4339 chronica-historico
3272 4266 3334 4313 ad

1823 4333 2121 4411 Catalogutn
2154 4342 2451 4411 pontiﬁcum
2484 4339 2843 4411 [lt'niianornnr
2853 4333 3045 4411 colligit
3098 4334 3342 4411 elevatio-

1826 4431 1941 4467 nem
1973 4400 2049 4465 νέΙ
2079 4400 2460 4462 translationem
2493 4406 2711 4469 aliquam
2747 4401 2896 4453 hodie
2948 4402 3129 4453 factum
3188 4400 3342 4451 fuisse

1827 4483 2015 4533 sarculo
2042 4482 2218 4545 quinto
2245 4468 2671 4545 subglunoc’entio
2696 4475 2877 4545 primo,
2921 4484 3037 4545 cum
3076 4468 3125 4545 is
3148 4472 3197 4519 in
3235 4482 3343 4520 cte-

1774 4552 1781 4558 ’
1833 4537 2256 4602 ωειετίθῸθΙίιιὶ
2284 4542 2554 4596 :ediiicavit
2580 4542 2826 4607 insignem
2849 4540 2902 4590 S.
2928 4537 3213 4607 Sebastiani
3247 4538 3344 4585 ba-

1828 4620 2023 4669 silicam
2054 4615 2114 4666 ad
2146 4614 2485 4665 Calacumbas
2506 4651 2519 4669 .
2562 4605 2717 4675 super
2764 4606 3037 4675 l'latuniatn
3063 4643 3079 4668 ,
3120 4605 3215 4655 sub
3246 4616 3346 4669 qua

1751 4663 1801 4723 Β
1829 4695 2119 4737 sanctorum
2154 4684 2285 4732 Petri
2314 4693 2363 4732 et
2394 4663 2533 4730 Pauli
2560 4663 2772 4737 corpora
2803 4674 2886 4723 tlzu
2912 4663 3198 4737 jactterant.

1903 4754 1919 4790 ί
1949 4753 2149 4803 Judoci.
2186 4752 2341 4815 Ilujns
2371 4744 2881 4815 nataliscelebratun
2910 4741 3107 4815 xtttdie
3131 4739 3343 4801 Decem-

1830 4823 1953 4884 bris,
1978 4835 2128 4884 qnetn
2157 4806 2281 4868 infra
2311 4818 2443 4866 vide.
2464 4814 2622 4884 llotlit-
2647 4811 2814 4884 forsan
2838 4806 2951 4874 ejus
2972 4811 3211 4869 elevatio,
3229 4821 3341 4872 qua:

1829 4876 1952 4957 post.
1970 4876 2131 4939 annos
2156 4886 2421 4957 6:),‘qoant
2440 4882 2769 4957 sepeliretur,
2793 4876 2921 4928 facta
2951 4886 3044 4927 est.

1897 4966 1920 5003 δ
1952 4956 2202 5008 Germani.
2245 4943 2534 5004 T'ranslatio
2566 4951 2674 5000 haec
2705 4949 2831 4998 laeta
2860 4953 2939 4996 est
2962 4960 3022 4995 ex
3072 4944 3264 4993 sacello
3286 4943 3341 4993 S.

1828 5024 2210 5094 Syntpboiiaui
2234 5024 2283 5071 iit
2317 5021 2581 5071 basilicam
2613 5027 2803 5093 sancta:
2828 5014 3091 5094 Crucisnet
3223 5012 3339 5061 Viu-

1826 5082 1976 5146 (νόμιίῖ
2012 5092 2105 5155 ipsi
2136 5091 2517 5149 colizcrentem,
2552 5100 2683 5137 anno
2715 5085 2824 5147 ipso
2854 5095 2963 5155 quo
2997 5082 3241 5146 Pippinus
3280 5085 3344 5129 ab

1829 5150 2089 5228 Stephano
2132 5174 2258 5228 papa
2304 5167 2483 5207 unctus
2527 5158 2599 5228 iu_
2627 5164 2795 5228 regem
2826 5150 3048 5228 est,‘ltoe
3090 5162 3162 5200 est
3209 5162 3347 5228 anno

1831 5216 1951 5283 754'.
1977 5216 2350 5279 'l'ranslaiionis
2376 5234 2554 5275 auctor
2581 5222 2670 5272 luit
2694 5220 2998 5270 Lantl'redus
3023 5219 3197 5275 abbas,
3230 5216 3344 5277 Pip-

1830 5301 1977 5367 pinus
2020 5311 2107 5367 rex
2151 5294 2464 5367 approbatur
2506 5300 2555 5367 et
2610 5287 2875 5367 testis.hld
2912 5286 3346 5367 .eSI‘l-Zantfredus

1831 5353 1983 5433 quem
2014 5353 2236 5433 Carolus
2256 5359 2489 5433 princeps
2518 5360 2737 5433 legatum
2758 5354 2946 5433 direxit
2965 5353 3339 5433 adllnooldnm

1832 5422 2346 5502 Aquitanitcducetn.
2380 5422 2654 5502 Historiam
2684 5423 2846 5502 hujus.
2881 5422 3227 5502 transiuit-ns
3248 5422 3343 5502 _Ie—

1826 5490 1947 5571 geie
1992 5510 2073 5554 est
2124 5501 2172 5552 in
2221 5500 2442 5554 secunda
2490 5509 2635 5564 parte
2678 5492 2848 5548 saeculi
2900 5506 2948 5545 ut
2979 5493 3091 5544 Act.
3118 5490 3211 5542 SS.
3248 5490 3345 5542 lic-

1829 5572 2011 5625 ttcdicl.
