3888 6326
174 335 283 392 πθ

1280 342 1459 397 SECT.
1502 346 1558 395 ll.
1598 376 1665 398 ,-
1705 346 2245 401 MARTVROLOGM.

3216 345 3316 399 990

1432 454 1644 507 EDITIU
1680 458 2131 511 COLUNIENSIS.
2374 522 2383 527 θ

173 553 351 593 artem
378 542 599 593 disceret
637 541 924 602 medii-inin,
954 556 980 590 a
1014 542 1309 609 presbytero
1335 541 1610 593 Hermolao
1640 546 1702 595 ad
1735 550 1781 604 Λ
1810 547 2084 598 cruciatus.
2126 546 2227 597 Sed
2300 546 2431 598 inter
2474 544 2583 596 haec
2646 543 2861 597 Duniiio
2904 546 2999 595 sibi
3049 557 3322 611 appai'ente

176 627 341 679 fidem
368 627 558 680 Cbristi
596 641 897 687 conversus,
939 627 1095 677 multa
1142 628 1388 678 miracula
1429 628 1567 688 fecit.
1625 645 1712 691 pa-

178 724 423 781 tremque
459 726 607 765 suum
653 722 940 764 senatorem
998 712 1325 777 Eustorgium
1358 712 1549 766 Christi
1593 716 1711 767 lidvi

174 802 499 867 subiugavit.
536 801 615 853 Ob
635 816 785 864 quam
824 814 1030 853 causam
1066 810 1238 851 tentus
1286 810 1364 852 est
1410 803 1474 852 ab
1524 804 1709 856 eodem

178 886 521 952 Maximiano,
562 888 763 953 equulei
811 901 981 951 pinna,
1015 895 1065 938 et
1105 886 1401 952 lampaduui
1441 891 1711 943 exustiooe

1817 632 2161 697 refrigeratus,
2199 633 2400 683 tandem
2432 632 2531 683 ictu
2558 632 2712 695 gladii
2756 633 3055 698 martyrium
3086 646 3323 683 consum-

1816 718 1989 769 tnavit.
2020 717 2262 782 Lugduuo
2287 716 2448 769 sancti
2478 715 2734 783 Peregrini
2765 716 3066 783 presbyteri.

1884 804 1945 855 ϐ.
1966 803 2025 855 ιν
2052 802 2261 855 ΚΑΜΞΜ)
2298 798 2516 856 Atrcbsr.
2540 805 2711 855 lloniie
2734 806 2892 855 sancti
2923 806 3101 857 Felicis
3126 807 3319 869 pontiﬁ—

1811 892 1903 943 cis.
1926 890 2303 943 llicdeclaravit
2321 890 2673 942 Constantium
2698 892 2854 943 lilium
2875 891 3191 943 Constantini
3210 908 3325 945 esse

1428 978 1648 1030 EDITIO
1689 979 2168 1031 BOLLANDIANA.

262 1066 322 1119 V.
355 1064 436 1129 C.,
463 1064 517 1117 lu
547 1065 837 1117 Nicomedia
860 1064 1064 1124 Juliani,
1091 1065 1327 1123 Jocundi.
1359 1077 1409 1116 et
1432 1066 1487 1117 S.
1524 1067 1705 1117 Panta-

178 1134 360 1187 leouis
388 1134 642 1201 martyris.
678 1134 958 1201 mediolano
989 1133 1187 1184 Nazarii
1215 1145 1266 1184 et
1294 1134 1443 1184 (Li-lsi.
1492 1134 1541 1183 In
1593 1135 1701 1183 Βινί-

181 1204 364 1253 tannia
387 1202 443 1254 S.
472 1200 772 1266 sampsouis
790 1200 1015 1264 ei~isc0pi
1042 1212 1089 1251 et
1115 1202 1437 1251 coiilessoiis.
1475 1202 1707 1252 Nicome-

179 1273 383 1321 dienses
410 1280 577 1320 tamen
607 1270 655 1320 in
683 1267 739 1319 C.
776 1268 1027 1319 habentur
1064 1268 1144 1319 die
1186 1268 1510 1332 prmcedcnti.
1548 1270 1625 1329 ιλ,
1653 1270 1705 1321 In

179 1338 482 1388 Nicomedia
515 1338 677 1387 natale
706 1336 798 1387 88.
831 1336 1030 1388 Nazaiii
1076 1344 1128 1386 et
1170 1338 1320 1386 Celsi.
1359 1337 1407 1385 lii
1456 1336 1701 1387 Laodicea

176 1406 393 1455 civitate
434 1403 664 1469 Phrygiae
710 1402 876 1454 natale
938 1405 1027 1453 SS.
1072 1404 1373 1466 Theophili,
1420 1404 1702 1463 Prudentii,

179 1471 429 1536 Philippi,
460 1470 756 1522 Alexandri.
790 1472 852 1519 lit
887 1471 1008 1521 alibi
1052 1471 1219 1521 natale
1245 1472 1300 1521 8.
1338 1478 1575 1534 Attgustze
1605 1485 1707 1519 νη·-

215 1540 321 1590 inis
354 1544 401 1589 in
432 1540 655 1589 occiduis
683 1540 928 1601 partibus.
967 1538 1047 1597 V.,
1094 1538 1399 1589 Nicomedia:
1446 1540 1613 1603 passio
1650 1539 1703 1589 S.

215 1554 321 1590 ints
354 1556 401 1589 in
432 1553 655 1589 OCCItIUIS
683 1553 928 1601 partibus.
971 1553 1047 1597 V.,
1094 1553 1399 1589 meomeuia:
1446 1553 1613 1603 νεικειο
1650 1553 1703 1589 δ,

172 1553 515 1661 ἓόιιιαιεοηὶε
548 1625 557 1657 :
590 1608 672 1671 qui
699 1620 814 1657 cum
858 1606 1068 1671 jiiheule
1102 1604 1409 1656 Maximiano
1438 1616 1601 1655 artem
1631 1607 1706 1657 di.

176 1687 352 1726 sceret
382 1674 665 1734 medicium,
694 1674 757 1725 ab
797 1673 1067 1724 llermolao
1095 1675 1390 1739 presbytero
1420 1674 1481 1723 ad
1520 1673 1707 1725 Christi

176 1743 338 1794 Iidem
381 1757 679 1801 cunversns,
739 1743 893 1791 multa
942 1742 1181 1793 miracula
1225 1740 1361 1793 fecit.
1412 1742 1499 1803 'l‘.,
1531 1740 1709 1793 Roma:

171 1809 237 1863 S.
268 1818 294 1845 ⁸
332 1810 543 1862 Victoris
567 1811 808 1873 episcopi.

1808 1068 2032 1118 Faustini
2057 1078 2107 1119 et
2136 1068 2396 1120 Beatricis.
2434 1068 2623 1121 Eodem
2655 1069 2736 1120 die
2766 1069 3017 1132 depositio
3047 1069 3100 1121 S.
3134 1069 3159 1105 ‘l
3194 1070 3325 1133 Lupi

1806 1155 2030 1219 episcopi
2072 1156 2135 1206 de
2168 1156 2391 1207 Trecas:
2424 1159 2505 1221 qui
2539 1172 2650 1206 cum
2682 1156 2941 1208 Germano
2966 1158 3093 1209 venit
3126 1158 3324 1208 Britan-

1808 1246 1965 1308 niam,
1996 1256 2047 1298 et
2068 1246 2432 1313 quinquaginta
2462 1247 2589 1296 duos
2619 1260 2779 1296 annos
2810 1247 3102 1298 sacerdotio
3128 1248 3325 1298 functus

1806 1344 1882 1388 est
1907 1353 1916 1385 :
1946 1336 2030 1402 qui
2062 1345 2290 1401 tempore
2328 1336 2516 1395 Attilie,
2550 1337 2635 1402 qui
2669 1335 2883 1386 Galliam
2916 1337 3164 1396 vastabat,
3199 1339 3327 1389 sicut

1809 1424 1857 1475 in
1890 1424 2080 1491 hymno
2116 1427 2226 1489 ejus
2250 1424 2469 1485 canitur,
2501 1425 2621 1475 dum
2653 1424 2783 1476 bella
2823 1434 3001 1477 cuncta
3034 1427 3325 1491 perderem,

1808 1514 2002 1565 orando
2028 1513 2221 1565 Trecas
2251 1513 2458 1564 muniit.

1880 1603 2011 1654 Anni
2042 1603 2308 1653 sacerdotii
2353 1603 2404 1653 in
2446 1602 2506 1654 Ι).
2554 1603 2798 1654 domant
2844 1620 2929 1655 rex
2957 1620 2973 1654 :
3019 1605 3068 1654 iii
3103 1605 3139 1655 A
3168 1615 3216 1653 et
3246 1605 3322 1663 Β..

1809 1672 2194 1737 quinquaginta;
2222 1672 2268 1720 iu
2296 1670 2350 1719 C.
2386 1672 2504 1721 ttulli
2534 1674 2904 1733 exprimuntur.
2941 1672 2999 1723 V.
3032 1672 3320 1723 uoiiiinibtts

1813 1739 2405 1807 tuarlyrtnnisuhjnugit,
2452 1739 2513 1789 Et
2635 1748 2657 1774 ⁸
2688 1740 2943 1807 Serapliim
2980 1741 3177 1804 virgin‘x
3207 1755 3223 1791 :
3253 1752 3330 1789 at-

1811 1822 1911 1873 que
1954 1820 2062 1870 post
2092 1806 2147 1857 S.
2201 1806 2324 1868 Lupi
2355 1806 2869 1873 ttieitiorianribidein
2903 1809 3084 1867 legitur
3116 1822 3128 1857 :
3166 1811 3329 1873 ltepo-

248 1898 336 1951 29.
367 1928 430 1937 -
461 1897 521 1949 iv
574 1870 698 1951 κη.
743 1870 924 1950 Naiaie
963 1896 1058 1950 ss.
1088 1895 1125 1967 δ,
1148 1897 1350 1961 Felicis,
1386 1908 1405 1936 c
1441 1895 1687 1962 Simplicii

1814 1872 1929 1925 sitio
1958 1874 2014 1925 Β.
2045 1873 2061 1908 ί
2097 1874 2333 1940 Prosperi
2358 1874 2600 1939 episcopi.
2629 1870 2876 1926 Eumdem
2904 1875 3057 1927 habet
3082 1875 3139 1927 C.

1552 1982 1747 2037 SMlTll
1786 1983 2002 2037 NOTAE.

171 2087 335 2125 mann
359 2081 659 2125 constructo
705 2072 974 2140 prchecttis
1003 2080 1082 2123 est
1108 2087 1123 2126 :
1172 2082 1224 2125 et
1254 2089 1351 2125 non
1400 2074 1562 2125 multo
1592 2084 1706 2135 poxt

169 2146 451 2204 eptSCOpus
494 2142 773 2192 ordinatus.
840 2141 943 2192 Deo
988 2154 1227 2192 monente
1277 2142 1326 2192 in
1382 2144 1700 2195 Aruioricain

174 2210 405 2270 transiit,
438 2220 487 2259 et
520 2208 696 2259 Dolum
728 2210 1090 2276 monasterium
1136 2211 1437 2268 construxit,
1472 2213 1554 2263 ubi
1590 2220 1706 2276 post

176 2278 340 2326 vitam
391 2276 649 2327 miraculis
702 2274 903 2339 plenam
957 2275 1089 2341 piam
1141 2278 1418 2340 exspiravit
1454 2274 1699 2335 animam.

172 2344 308 2394 Vide
357 2344 520 2395 Vitam
567 2343 714 2405 hujus
760 2344 920 2394 sancti
952 2344 1193 2409 scriptam
1239 2345 1303 2394 ab
1341 2358 1549 2399 auctore
1577 2362 1700 2398 ano-

171 2426 336 2481 nymo
369 2411 673 2481 subaequali.
705 2426 854 2481 quam
898 2411 1056 2463 edidit
1099 2413 1424 2481 Mabillonins
1455 2416 1501 2466 in
1534 2418 1699 2481 primo

170 2478 367 2532 satciilo
394 2481 509 2533 Act.
544 2480 666 2532 Ben.
711 2478 991 2532 Ediderunt
1017 2488 1064 2531 et
1098 2479 1247 2545 hujus
1276 2480 1439 2533 Vitam
1469 2478 1690 2536 Joannes

172 2548 395 2601 Bosi‘ius
424 2550 473 2599 in
507 2547 814 2599 lliblimheca
846 2547 1153 2615 Floriacetisi
1198 2557 1249 2598 et
1293 2548 1553 2601 llalilricus
1582 2555 1689 2615 epi-

170 2630 365 2677 scoiins
395 2617 625 2668 Dolensis
653 2616 842 2666 seculo
870 2632 956 2667 xu.
995 2614 1261 2665 Matthzeus
1293 2614 1694 2671 Wesmonaste-

168 2684 363 2736 riensis
390 2685 452 2735 ad
478 2698 559 2734 an.
592 2680 690 2734 507
718 2682 905 2748 aliique
928 2691 1042 2751 post
1068 2698 1204 2742 eum,
1231 2684 1530 2738 Samsouem
1564 2689 1695 2738 Ebo-

168 2766 440 2804 racensem
481 2751 919 2815 archiepiscopum
961 2759 1160 2802 vocant.
1203 2751 1329 2803 Cum
1379 2754 1430 2804 8.
1475 2753 1690 2807 Samson

168 2820 395 2871 concilio
423 2834 457 2871 ιι
484 2819 752 2871 Parisiensi
781 2834 916 2872 anno
962 2818 1063 2872 556
1112 2819 1286 2871 hahilo
1313 2820 1693 2885 subscripsert,

170 2902 271 2939 nec
301 2888 587 2940 interfuerit
628 2886 914 2939 Turonensi
955 2889 1126 2940 itidem
1168 2902 1221 2942 it.
1269 2890 1401 2951 quod
1434 2906 1567 2941 anno
1590 2892 1693 2944 5156

168 2956 487 3007 celebratum
524 2967 623 3020 est,
656 2957 793 3007 ciri-a
819 2971 1005 3007 annum
1036 2956 1137 3008 565
1164 2955 1353 3007 obiisse
1383 2959 1598 3009 videtur.
1633 2964 1699 3011 At

169 3037 275 3071 non
302 3026 467 3088 attigit
494 3023 587 3075 120
613 3038 795 3084 annos,
827 3034 876 3072 ut
898 3034 1073 3074 auctor
1099 3024 1221 3074 Vita:
1244 3038 1270 3073 a
1294 3024 1489 3077 Joanne
1520 3027 1700 3077 BOSt‘iO

169 3093 324 3141 editae
368 3093 579 3143 scribit:
612 3090 736 3140 alias
780 3090 832 3141 S.
867 3090 1156 3155 Maglorins.
1191 3091 1275 3155 qui
1306 3093 1397 3156 ipsi
1430 3097 1698 3155 succi-ssit,

169 3159 366 3223 diuque
393 3158 695 3224 supervixit,
724 3158 834 3224 ejus
853 3173 881 3211 c
906 3159 1233 3225 .ndiscipulus
1263 3162 1311 3210 in
1340 3160 1494 3212 Eltmi
1519 3164 1694 3215 schola

166 3240 287 3277 esse
317 3241 415 3276 non
452 3228 631 3288 potuit.

239 3297 267 3325 ⁸
301 3291 531 3345 Victoris.
566 3294 844 3347 Eli'uthero
888 3295 1127 3362 pontiﬁce
1175 3294 1405 3349 Romano
1431 3312 1566 3350 anno
1600 3299 1693 3351 l85

165 3359 307 3432 diem
334 3362 577 3426 obeuntc,
607 3362 865 3432 Victor_ei
892 3359 1175 3426 'succvssil,
1216 3373 1268 3415 et
1313 3368 1509 3417 sedere
1538 3371 1692 3432 erepit

165 3428 255 3482 die
281 3444 351 3482 XII
381 3432 571 3483 mensis
598 3429 752 3481 Junii.
790 3430 879 3482 llic
905 3434 1383 3493 excomtiiuuicavit,
1415 3436 1493 3486 vel
1526 3428 1691 3499 potius

164 3501 617 3550 excommunicare
655 3498 879 3549 minatus
904 3509 981 3549 est
1010 3501 1226 3551 Asianos
1267 3501 1459 3554 Pascha
1492 3505 1689 3557 decima

163 3573 347 3632 quarta
376 3567 492 3617 luna
513 3566 875 3617 celebrandum
904 3568 1274 3620 contendentes
1294 3608 1307 3628 ,
1360 3571 1536 3622 lreiizri
1566 3586 1691 3624 vero

164 3642 284 3701 post
314 3634 522 3702 Am0nita
568 3634 615 3683 in
646 3635 861 3701 gratiam
888 3636 1060 3687 statim
1093 3638 1351 3688 redierunt
1397 3638 1689 3702 Polycrates

162 3700 216 3755 et
242 3700 445 3770 Asiatici
478 3700 673 3767 reliqui.
706 3702 894 3754 Euseb.
930 3705 1055 3756 Hist.
1087 3719 1135 3764 v,
1166 3704 1265 3768 94;
1294 3700 1568 3761 Suzoinen.
1598 3724 1686 3770 vti,

166 3768 611 3841 19.+ltiBaronii
632 3771 907 3841 Annalibus
932 3774 1199 3835 ann0198,
1222 3774 1284 3823 ad
1309 3789 1447 3825 num.
1474 3777 1555 3841 l7,
1583 3768 1689 3841 cpi;

159 3840 296 3892 stola
328 3839 493 3911 tertia
512 3837 732 3911 Victoris
759 3839 820 3911 a‘d
854 3840 1169 3911 Di-iiiderium
1199 3837 1551 3911 Viennensem
1576 3837 1686 3911 epi-

160 3919 397 3975 scopum,
429 3907 630 3975 aliaque
670 3906 732 3975 ad
773 3906 1083 3958 Paracodain
1130 3908 1427 3973 episcopum
1454 3910 1517 3961 de
1544 3906 1687 3975 quie-

160 3973 647 4045 ationgPaschatis,
682 3974 730 4026 in
769 3989 982 4045 quarum
1011 3976 1186 4027 ultima
1216 3976 1419 4045 dicitur,
1449 3973 1686 4045 Orienta-

158 4044 260 4095 leui
312 4040 597 4093 Ecclesiam
649 4052 856 4108 propter
912 4044 1119 4096 Pascha:
1170 4040 1566 4097 celebrationem
1624 4050 1687 4099 ab

159 4110 829 4181 Ui-ciileutaliidisjnnctain,
872 4120 926 4163 et
954 4113 1003 4163 in
1036 4114 1190 4178 priori
1245 4115 1571 4181 presbyteros
1600 4118 1684 4181 qui

158 4179 419 4245 apostolos
449 4180 701 4238 viderunt,
733 4195 894 4243 u~qne
934 4182 997 4231 ad
1030 4182 1112 4231 illa
1158 4179 1682 4245 teiiipora‘Vienuen:

160 4260 283 4317 sein
302 4244 597 4317 Ecclesium
615 4246 827 4317 rexisse,
862 4258 1115 4313 suspecta:
1163 4244 1283 4299 sunt
1335 4249 1471 4312 ltdei,
1525 4253 1687 4317 inquit

158 4314 398 4367 Labbeus
426 4323 548 4385 tom.
586 4314 600 4363 Ι
626 4316 994 4385 Conciliorum,
1017 4328 1068 4367 et
1097 4331 1271 4368 revera
1295 4321 1481 4385 stylnm
1508 4314 1685 4372 ri-cen-

158 4388 343 4435 tioreut
371 4383 593 4447 snpiuiit.
624 4382 749 4436 Duae
798 4386 952 4435 etiam
1000 4384 1109 4451 ejus
1139 4382 1372 4449 epistolae
1400 4389 1685 4442 decretales

157 4453 282 4503 viris
310 4452 524 4505 eruditis
560 4461 678 4503 sunt
718 4464 986 4515 su5pecia-.
1010 4454 1084 4505 Ad
1114 4452 1248 4505 diem
1277 4455 1513 4520 migravit
1544 4472 1681 4508 anno

156 4520 278 4585 197,
328 4528 593 4585 postquam
628 4520 847 4573 sedisset
888 4534 1048 4571 annos
1096 4521 1179 4583 1‘2,
1228 4538 1456 4574 mensem
1501 4540 1677 4584 unum.

156 4589 269 4641 dies
305 4589 383 4649 l6,
414 4586 455 4637 si
486 4601 727 4640 numeres
752 4601 827 4657 sc.
855 4602 883 4638 a
912 4590 995 4642 die
1022 4588 1085 4640 12
1112 4591 1244 4642 Junii
1275 4593 1392 4642 anui
1422 4590 1540 4653 185,
1578 4609 1678 4657 quo

1810 2072 1918 2137 ipso
1961 2071 2043 2121 die
2082 2070 2292 2121 Romam
2347 2069 2525 2130 rediit,
2575 2078 2627 2120 et
2666 2070 2883 2123 Felicem
2914 2072 3147 2135 expulit.
3172 2064 3327 2124 Soza-

1810 2154 1969 2199 uien.,
1998 2154 2063 2201 tv,
2092 2139 2185 2200 15;
2218 2138 2559 2201 Hieronymus
2580 2138 2628 2189 iit
2665 2138 2944 2200 Chi'oiiicii,
2976 2152 3023 2191 et
3055 2141 3326 2193 Faustiiins

1804 2218 1855 2259 et
1878 2206 2198 2259 Marcellinus
2220 2208 2267 2257 in
2292 2206 2490 2271 prtelat.
2514 2208 2575 2257 ad
2598 2207 2823 2258 libellum
2842 2224 3153 2268 precuin.—
3170 2210 3326 2261 Iidem

1806 2275 2131 2325 Mareellinus
2159 2289 2210 2325 et
2240 2275 2527 2335 Faustinus,
2561 2282 2759 2323 narrata
2784 2276 2986 2338 gemina
3028 2278 3327 2337 expulsiooe

1806 2342 1986 2393 Felicis
2013 2343 2077 2393 ab
2108 2342 2260 2403 Urbe,
2292 2342 2432 2393 aiunt
2465 2360 2475 2391 :
2514 2358 2531 2390 t
2570 2342 2691 2393 Post
2725 2356 2885 2390 annos
2916 2350 3050 2401 crto,
3095 2344 3327 2395 Va'euti-

1805 2410 1956 2461 tiiano
1983 2419 2033 2461 et
2064 2410 2271 2461 Valente
2296 2424 2453 2474 coss.,
2502 2424 2635 2460 anno
2674 2410 2896 2470 sc.‘5l35,
2930 2425 2960 2461 x
2988 2410 3326 2463 Kalendarum

1802 2478 2153 2531 Decembrium
2177 2477 2445 2529 defunctus
2466 2487 2545 2530 est
2568 2478 2727 2529 Felix.
2761 2496 2776 2527 ι
2807 2478 3147 2543 lli-positionis
3176 2481 3328 2539 igitur
3362 2542 3363 2545 η

1796 2546 1861 2595 ab
1889 2547 2205 2610 episeopiitii,
2235 2562 2334 2594 non
2358 2548 2542 2597 natalis
2579 2546 2691 2597 dies
2734 2547 2815 2597 hic
2856 2547 3158 2598 celebratur.
3195 2550 3323 2611 Quia
3356 2548 3359 2553 ’

1800 2626 1924 2664 vero
1966 2627 2080 2676 qua:
2127 2614 2189 2663 de
2221 2613 2403 2664 Felivis
2438 2613 2681 2676 martyrio
2711 2614 2863 2663 tradit
2910 2617 3231 2677 Anastasius,
3276 2626 3328 2668 et

1797 2694 1857 2730 ex
1889 2695 1950 2731 eo
1985 2680 2091 2730 Ado
2119 2682 2307 2748 aliique
2337 2680 2687 2748 martyroiogi,
2721 2682 2949 2732 fabulosa
2980 2683 3235 2737 videntur.
3268 2692 3323 2735 et

1799 2748 2122 2821 Marcellinus
2164 2747 2772 2821 ClAEaUSlillllS,_QUlblIS
2818 2750 2935 2799 licet
2982 2750 3349 2821 schisuiaticis

1800 2824 1907 2867 tuto
1940 2816 2033 2867 hac
2065 2819 2111 2866 in
2140 2831 2195 2866 re
2226 2816 2353 2867 ﬁdes
2400 2816 2572 2868 haberi
2615 2826 2803 2881 potest,
2851 2828 2966 2870 cum
3012 2832 3070 2869 ea
3117 2816 3361 2872 narrent'.

1799 2900 1913 2948 quae
1942 2884 1991 2935 in
2024 2886 2177 2936 totius
2208 2886 2355 2937 Urbis
2383 2896 2657 2946 cuiiSpectu
2690 2887 2946 2946 videntur,
2981 2886 3090 2937 loco
3120 2888 3324 2939 laudato

1800 2966 1916 3002 eum
1969 2962 2135 3003 morte
2182 2953 2401 3001 naturali
2450 2953 2746 3003 defunctum
2795 2955 3035 3012 tradunt,
3084 2957 3326 3006 existimo

1804 3019 1935 3070 hunc
1967 3018 2185 3071 Felicem
2212 3020 2324 3069 ideo
2348 3029 2622 3086 martyrem
2644 3018 2954 3085 appellatum
2982 3021 3155 3084 fuisse,
3187 3026 3322 3088 quod

1801 3089 1958 3139 mitlta
2009 3102 2099 3153 pro
2142 3087 2346 3155 Christo
2392 3090 2677 3149 pertulerit,
2728 3104 2825 3138 non
2881 3104 2999 3138 vero
3047 3092 3180 3154 quod
3212 3094 3326 3155 ejus

1800 3169 1953 3220 causa
1983 3156 2182 3207 occi~us
2210 3154 2378 3206 fuerit.
2409 3155 2516 3205 Non
2549 3166 2625 3206 est
2652 3156 2787 3221 quod
2829 3156 2941 3220 quis
2972 3157 3105 3208 dicat
3135 3162 3215 3211 hic
3242 3154 3324 3209 in-

1802 3224 2135 3291 telligendum
2189 3237 2303 3275 esse
2349 3222 2573 3275 Felicem
2630 3228 2845 3289 primum
2902 3226 2997 3277 sub
3051 3229 3327 3280 Aureliano

1800 3292 2097 3356 martyrium
2148 3306 2371 3356 passum.
2406 3291 2528 3342 Nam
2576 3292 2713 3343 Felix
2766 3292 2960 3357 primus
3015 3295 3163 3358 paulo
3206 3306 3325 3349 ante

1718 3342 1763 3401 (ἶ
1798 3342 2227 3427 μτεέίχυιὶοηέιην
2252 3342 2581 3427 Aureliaiiam
2605 3342 2673 3409 ad
2699 3342 3164 3427 Deiimwmigir-avit,
3194 3342 3243 3414 et
3275 3342 3323 3418 iii

1793 3426 2018 3477 lndiculo
2047 3426 2363 3479 But-heriano
2384 3426 2715 3491 tlepOsitioiiis
2740 3426 3095 3493 episcoporum
3124 3446 3321 3485 memo-

1793 3504 1952 3563 ratur.
1988 3508 2087 3545 non
2116 3510 2237 3546 vero
2267 3496 2314 3545 in
2348 3495 2574 3546 Indiculo
2604 3496 2937 3561 depositionis
2964 3508 3268 3563 martyrum.

1864 3573 1885 3598 ο
1917 3562 2181 3627 Simplicii.
2218 3563 2417 3615 Priores
2456 3563 2556 3615 duo
2588 3566 2901 3629 temporibus
2937 3562 3229 3617 Diocletiani
3272 3577 3324 3620 ct

1791 3628 2088 3681 Maximiani
2122 3640 2236 3699 post
2265 3633 2420 3682 multa
2445 3628 2712 3697 supplicia,
2738 3634 2943 3699 aliigito
2969 3649 3146 3687 eorum
3175 3638 3322 3689 ci-llis

1789 3712 1934 3761 saxo,
1969 3712 1993 3747 a
2026 3708 2177 3762 ponte
2208 3698 2392 3769 Lepidi
2442 3701 2490 3750 in
2544 3700 2766 3751 Tiberini
2794 3702 2967 3765 jactati
3010 3715 3143 3753 sunt.
3178 3704 3319 3769 Quo-

1790 3780 1900 3816 rnm
1945 3781 2164 3834 corpora
2207 3768 2371 3818 levata
2398 3780 2424 3817 a
2451 3782 2628 3818 sorore
2658 3783 2833 3819 eorum
2870 3770 3097 3821 lleatrice
3124 3782 3174 3822 et
3204 3768 3317 3834 pre-

1788 3833 2009 3905 sbyteris
2036 3832 2217 3905 Crispo
2245 3846 2296 3885 et
2322 3834 2555 3905 Joanne,
2589 3838 2786 3899 sepulta
2817 3848 2934 3887 sunt
2978 3837 3027 3889 in
3075 3832 3317 3905 loco'qui

1789 3903 2069 3970 appellatur
2096 3904 2306 3955 Sextum
2338 3902 2579 3967 Philippi,
2610 3907 2687 3955 via
2715 3905 3002 3957 Portneusi.
3036 3906 3145 3970 Quo
3172 3902 3313 3960 ciun-

1790 3980 1964 4039 perto,
2008 3969 2273 4024 Lucretius
2322 3973 2525 4036 quidam
2581 3985 2729 4025 nocte
2776 3969 3212 4039 prailocari'lecit
3259 3978 3317 4029 8.

1787 4037 2065 4090 Beatricein
2093 4040 2372 4111 :‘quatn_B.
2406 4040 2593 4111 Lucina
2636 4037 3008 4111 juxtasanctos
3050 4042 3161 4109 ejus
3202 4059 3319 4111 gor-

1787 4120 1964 4176 manos
1984 4109 2237 4176 sepelivit.
2271 4109 2457 4162 SUBIUS
2487 4109 2534 4160 in
2566 4111 2706 4161 Actis
2736 4109 2792 4163 S.
2819 4109 3045 4161 Aiithiini
3079 4109 3315 4176 tom.'lll,

1784 4175 1868 4225 die
1900 4189 1947 4225 xi
1981 4174 2114 4226 Maii.
2146 4176 2276 4227 Atio-

1854 4241 1877 4277 ἀ
1904 4242 2054 4307 Lupi.
2094 4245 2189 4307 Qui
2213 4259 2242 4296 e
2274 4245 2522 4297 monacho
2564 4245 2815 4298 Lirinensi
2847 4246 3005 4298 lactus
3034 4246 3307 4311 episcenos

1782 4310 2059 4362 Trecarum
2099 4327 2211 4363 cum
2258 4315 2312 4366 8.
2358 4314 2613 4365 Germano
2660 4310 3079 4367 Autisiodorensi
3109 4318 3157 4367 in
3202 4319 3311 4368 liri-

1785 4390 2011 4448 tauuiain
2051 4381 2303 4447 navigavit
2340 4393 2514 4434 contra
2566 4383 2861 4448 Pelagianos
2907 4384 3305 4447 decertaturus;

1784 4447 1866 4496 tibi
1904 4448 2170 4500 Verolamii
2217 4453 2411 4515 synodo
2444 4447 2701 4501 interfuit.
2727 4451 2890 4502 lla-da:
2938 4452 3070 4504 Eccl.
3110 4455 3234 4506 llist.
3268 4470 3305 4513 t,

1784 4515 1866 4575 17,
1896 4527 1995 4567 etc.
2025 4516 2328 4581 Complures
2376 4518 2420 4569 ei
2463 4520 2708 4583 epistolas
2738 4518 2980 4572 Sidonius
3023 4521 3243 4585 scripsit.
3279 4537 3307 4574 τι

1780 4598 1882 4655 quo
1929 4585 2201 4651 episciipus
2254 4587 2611 4653 episcOporum
2642 4627 2657 4649 ,
2686 4587 2865 4655 Galliae
2913 4588 3203 4652 pontiliciim
3236 4592 3309 4640 la-

154 4657 339 4727 sedere
358 4658 533 4722 empit,
566 4670 726 4727 usque
752 4655 815 4706 ad
841 4657 976 4727 diem
1002 4674 1101 4727 quo
1124 4662 1351 4727 sepultus
1376 4668 1473 4711 est.
1506 4653 1672 4712 Codex
1709 4670 1757 4727 ι)
1782 4653 1877 4727 gile
1908 4655 2173 4727 βτίιισὲθββι
2220 4655 2295 4706 νίι·
2321 4665 2551 4727 δίινυιμιει
2594 4666 2717 4719 οισι.
2764 4670 2862 4707 ηοῐι
2909 4658 3067 4727 semel
3096 4658 3301 4727 dicitur-

158 4725 433 4777 Nominum
474 4722 873 4789 apostolicorum
903 4722 1038 4776 diem
1068 4726 1124 4777 S.
1160 4725 1375 4777 Victoris
1422 4738 1676 4779 emortua-

157 4795 256 4847 lem
290 4793 445 4842 fuisse
478 4807 541 4843 xx
574 4792 760 4857 Apiilis
790 4802 1024 4851 testatur.
1056 4794 1143 4844 sed
1170 4806 1345 4845 contra
1377 4795 1527 4847 ﬁdem
1573 4798 1677 4850 fere

156 4863 385 4915 omnium
407 4860 907 4929 Martyrologiorum.
927 4860 1180 4913 Victorem
1206 4872 1480 4929 martyrem
1502 4864 1675 4929 fuisse,

155 4928 476 4998 quod_tradit
507 4929 771 4998 baronius,
806 4930 975 4981 nullus
1003 4930 1326 4995 antiquorum
1344 4928 1503 4983 dixit.

227 4996 252 5033 ιι
282 4994 482 5047 Felicia.
512 4995 718 5048 Liberio
748 5008 954 5061 prapter
989 4994 1137 5049 Iidem
1177 5000 1477 5051 catholicam
1508 5002 1556 5052 in
1587 5015 1677 5054 ex-

154 5068 325 5119 silium
377 5064 664 5130 deportato,
715 5064 856 5115 Felix
909 5068 974 5117 ab
1028 5066 1229 5117 Arianis
1278 5068 1543 5119 ordinatus
1596 5081 1676 5122 est

152 5148 289 5187 anno
317 5130 436 5197 355,
467 5134 599 5184 sicut
627 5133 864 5185 Socrates
900 5132 1080 5187 scribit
1110 5148 1165 5196 ti,
1192 5134 1278 5196 57,
1322 5146 1373 5186 et
1398 5137 1670 5190 Sozoiiieii.

153 5218 225 5262 tv.
270 5199 323 5252 2.
373 5201 681 5253 Athanasius
726 5201 775 5251 iu
828 5200 1040 5264 epistola
1096 5205 1156 5253 ad
1201 5204 1474 5253 solitariam
1516 5204 1670 5257 vitam

150 5277 384 5337 agentes,
412 5277 465 5321 et
488 5269 693 5337 llieron.
723 5269 772 5320 in
791 5268 980 5323 Chron.
1009 5272 1069 5321 ad
1092 5270 1589 5324 aii.5.32.'—Tauien
1622 5275 1669 5325 in

152 5336 364 5405 antiquo
393 5336 689 5403 pontiﬁcum
731 5338 976 5402 Catalogo
1006 5337 1245 5389 dicuntur
1268 5342 1557 5404 congregati
1589 5358 1673 5392 sa-

153 5411 387 5461 cerdotes
410 5415 603 5459 etcum
654 5407 867 5456 censilio
910 5420 1083 5457 eorum
1132 5407 1362 5457 Liberius
1404 5408 1671 5461 ordinasse

154 5478 205 5530 in
233 5476 397 5527 locum
421 5474 531 5540 ejus
559 5472 801 5525 Felicem.
834 5477 981 5524 Auno
1008 5472 1131 5536 558,
1156 5488 1271 5525 cuin
1303 5473 1536 5526 Liberius
1568 5478 1671 5526 l’or-

153 5545 302 5598 mula:
325 5542 438 5594 lldei
466 5543 716 5595 haeretica:
746 5544 795 5592 in
820 5542 1083 5594 Sirmiciisi
1114 5545 1310 5609 synodo
1340 5542 1502 5595 tertiae
1545 5543 1669 5595 sub-

157 5612 464 5680 scripsissct,
491 5611 773 5673 Constantii
800 5611 947 5663 venia
992 5619 1042 5664 et
1088 5611 1259 5680 populi
1285 5610 1540 5666 desiderio
1565 5619 1664 5673 ltuc

1780 4717 1905 4771 Cum
1936 4722 2083 4771 an.iis
2114 4720 2179 4773 52
2221 4723 2505 4774 sacerdotio
2533 4717 2735 4774 functus
2762 4733 2899 4775 esset
2928 4724 3119 4787 Ti'ocis,
3150 4726 3309 4791 obiit,

1781 4799 1831 4838 et
1852 4792 2083 4859 sepultus
2112 4798 2189 4859 est
2215 4792 2261 4841 iii
2286 4792 2573 4842 suburbana
2605 4792 2821 4845 ecclesia
2850 4792 2908 4843 S.
2934 4792 3124 4852 Marim,
3164 4807 3303 4859 pust-

1780 4858 1988 4909 modum
2036 4859 2090 4910 S.
2119 4858 2241 4922 Lupi
2281 4859 2436 4921 dicta,
2475 4861 2541 4909 0b
2564 4863 2743 4911 crebra
2788 4862 3031 4911 miracula
3080 4858 3193 4927 quze
3240 4864 3303 4913 ad

1777 4926 1887 4989 ejus
1919 4930 2214 4991 sepulcrum
2258 4930 2465 4979 liebaut.
2510 4928 2615 4980 Hac
2651 4930 2867 4982 ecclesia
2917 4926 3107 4981 smculo
3137 4943 3185 4981 ιχ
3236 4932 3309 4981 la-

1777 4994 1932 5045 bente
1960 5012 1985 5045 a
2011 4996 2337 5047 Nnrtmannis
2355 4997 2637 5056 destruere,
2669 5012 2797 5049 nova
2830 4999 2956 5048 intra
3000 4998 3177 5048 urbem
3210 5005 3307 5050 sub

1776 5062 2004 5125 ejusdem
2037 5063 2090 5115 8.
2124 5062 2248 5127 Lupi
2294 5072 2497 5115 nomine
2527 5067 2676 5129 paulo
2708 5075 2817 5129 post
2842 5074 3098 5117 exsmicta
3124 5078 3223 5127 εει,
3254 5068 3305 5119 in

1774 5146 1872 5194 qua
1905 5132 2036 5201 beati
2086 5132 2339 5196 pontiﬁcis
2369 5135 2595 5200 reliquiae
2618 5132 2862 5199 depOsitzc
2901 5144 3038 5189 sunt.
3069 5134 3190 5201 Ejus
3222 5134 3305 5187 Vi-

1782 5208 1881 5249 tam
1912 5199 2093 5251 Surius
2124 5201 2275 5252 hodie
2307 5202 2476 5253 liabet.

1844 5275 1865 5301 °
1896 5267 2172 5330 Set-apinae.
2212 5269 2294 5319 Vel
2326 5270 2642 5333 Seraphinm,
2676 5270 2725 5321 in
2770 5270 3029 5322 Mamiensi
3074 5270 3299 5333 civitate,

1775 5336 2043 5395 Baaosus,
2074 5338 2275 5387 Metui
2302 5338 2472 5388 Addit.
2500 5340 2548 5387 in
2577 5338 2882 5391 Usuarduiu.

1844 5407 1860 5441 ι
1898 5404 2144 5469 Prosperi.
2192 5406 2451 5457 Successit
2480 5406 2558 5457 hic
2609 5408 2664 5459 S.
2714 5410 2969 5460 Arriano:
3002 5417 3203 5458 exSIaot
3232 5408 3295 5459 ad

1772 5474 1905 5525 hunc
1947 5474 2131 5524 littera:
2172 5474 2367 5524 Sidonii
2412 5476 2726 5541 Apollinaris
2778 5478 2865 5528 lib.
2912 5492 2980 5534 ix.
3024 5478 3173 5541 epist.
3214 5475 3295 5529 15.

1776 5540 2264 5611 Vixittemporibus
2308 5540 2497 5595 Li'onts
2540 5545 2704 5611 Magni
2753 5543 2967 5597 Romani
3016 5540 3293 5610 pontiﬁcis,

1768 5622 1975 5681 aqualis
2006 5608 2061 5662 ὃ.
2097 5611 2329 5677 l’rospcri
2362 5608 2793 5679 AquitaiiiINota:
2829 5614 3013 5665 Baron.
