3888 6350
112 442 269 498 993
1186 447 1370 499 secr.
1414 448 1473 498 ιι.
1513 476 1578 485 -
1616 448 2153 527 marvnowcts.
3200 446 3305 501 99s

1330 553 1544 604 EDl'l'IO
1579 551 2026 607 COLONIENSIS.

126 638 235 691 bii
263 680 278 703 ,
331 642 417 705 qui
470 657 587 693 cum
640 639 772 695 ferre
825 642 1007 695 vexilla
1057 641 1363 707 prmsidialia
1410 649 1686 703 recusaret,
1717 643 2124 708 Aimmergitur.
2158 642 2256 694 Sed
2287 642 2480 694 Domini
2505 643 2688 693 virtute
2734 642 3008 705 integritati
3046 641 3297 693 redditqu

132 730 393 789 primum
444 732 493 782 in
542 745 796 782 carcerem
842 740 1014 782 trusus
1044 739 1141 790 est,
1179 729 1364 781 deinde
1409 728 1687 793 productus
1785 741 1989 791 corpus,
2021 730 2081 778 ad
2112 728 2469 799 Carenitanum
2515 728 2653 778 littus
2678 740 2933 789 evectum,
2966 738 3015 779 et
3045 731 3297 792 condigna

134 816 708 879 atqueinterrogatus,
746 816 793 866 in
830 814 1016 865 Christi
1068 812 1393 865 confessione
1424 813 1686 876 perdurat.
1788 812 1964 864 cultua
1987 814 2217 865 fidelibus
2240 816 2286 864 in
2305 804 2508 865 basilica
2528 814 2844 864 tumulatuut.
2868 814 3109 865 lnAfrica
3132 816 3303 867 natale

145 900 273 961 Qui
326 918 447 953 mox
491 920 518 953 a
553 904 823 955 furibundo
848 902 1018 967 judice
1045 901 1247 964 capitali
1289 902 1538 952 sententia
1566 914 1692 951 con-
1788 908 2078 961 sanctorum
2133 900 2444 959 Democriti,
2499 900 2753 959 Secundi,
2820 900 3083 965 Dionysii,
3150 899 3302 951 Tirsi.

142 987 469 1041 detnnatur.
521 990 643 1042 Post
686 994 795 1041 lucc
840 1004 1025 1053 corpus
1074 989 1287 1038 reticulo
1338 988 1583 1049 insututn,
1634 988 1685 1039 in
1794 983 2047 1035 Ravenna:
2084 984 2345 1035 translatio
2383 985 2547 1034 sancti
2574 981 2815 1035 Germani
2845 982 3065 1048 episcopi
3092 992 3144 1034 et
3172 998 3299 1034 con-

148 1075 337 1127 maris
373 1076 621 1143 profunda
652 1091 879 1129 seorsum
904 1086 1074 1141 caput,
1105 1090 1438 1140 seorsumque
1478 1076 1696 1126 cadaver
1797 1070 2025 1121 fessoris.

1340 1160 1554 1211 EDITIO
1593 1156 2073 1211 BOLLANDIANA.

161 1254 193 1279 ⁸
246 1248 547 1307 Democriti.
591 1246 831 1309 Secundi,
877 1245 1474 1314 DiODySii,!TilyrSi._A.
1516 1246 1601 1306 'l‘.,
1634 1246 1695 1314 lu
1801 1244 1856 1295 L.
1883 1244 1977 1314 huc
1994 1240 2577 1314 die__babentqua2_alibi
2616 1240 2843 1308 ubiquet
2880 1240 3091 1307 Augusti
3124 1241 3305 1308 legun-

155 1316 352 1367 Africa
379 1316 474 1368 SS.
522 1315 765 1382 Dionysii,
812 1309 1027 1368 Secundi
1056 1323 1107 1365 et
1130 1309 1338 1379 Tltyrsi.
1391 1311 1511 1364 Item
1543 1316 1605 1364 A.
1631 1312 1692 1363 Τ.
1800 1321 1877 1361 tur
1901 1312 1964 1361 de
1989 1310 2043 1361 S.
2081 1309 2335 1363 Germano
2359 1323 2419 1359 ex
2443 1309 2612 1363 Baeda.

1492 1397 1685 1449 SMITH
1723 1396 1945 1448 ΝυΤΑῦ.

1781 1496 1931 1545 supra
1962 1482 2316 1549 explicuimus,
2348 1480 2616 1532 maximam
2653 1480 2843 1533 habere
2890 1484 3116 1535 veritatis
3147 1486 3293 1537 sitni-

1784 1549 2048 1617 litudinem
2080 1551 2327 1617 videatur.
2374 1557 2541 1617 grates
2580 1550 2829 1613 praecipue
2876 1550 3122 1602 habenda:
3170 1562 3293 1602 sunt

1782 1616 1891 1665 viro
1912 1616 1989 1665 Cl.
2024 1617 2242 1683 Antonio
2271 1616 2580 1683 Pagi.jcujus
2606 1618 2932 1683 cbronologia
2966 1618 3285 1671 consulenda

1781 1693 1858 1733 est
1887 1683 1936 1732 in
1966 1685 2112 1733 annis
2136 1681 2234 1733 429
2262 1692 2312 1734 et
2341 1680 2461 1733 455.

1771 1799 1791 1819 κ
1814 1816 1824 1820 _
1851 1756 1875 1781 ⁸
1920 1748 2200 1820 Democriti.
2233 1750 2479 1820 Daronius
2506 1749 2761 1819 Synnada:
2789 1752 2840 1804 in
2885 1750 3098 1820 Phrygia
3137 1752 3294 1805 Paca-

1792 1816 1927 1867 tiana
1956 1816 2048 1868 bos
2076 1830 2253 1882 passos
2282 1817 2455 1868 tradit.

162 1485 255 1533 Αη
307 1484 455 1534 Baeda
499 1484 606 1548 ipse
647 1484 892 1534 rationem
944 1484 1074 1535 banc
1120 1493 1401 1547 temporum
1462 1484 1680 1546 duplicis

156 1550 227 1601 8.
285 1550 523 1601 Germani
584 1552 777 1601 itineris
824 1552 871 1600 in
918 1550 1228 1600 Britanniam
1280 1550 1678 1613 excogitaverit,

164 1618 366 1667 merito
392 1619 607 1667 dubitari
634 1626 816 1680 potest,
858 1617 899 1667 si
926 1619 1158 1668 conferas
1186 1619 1349 1665 locum
1378 1630 1486 1677 ejus
1516 1617 1680 1665 Chro-

165 1685 277 1734 nici
307 1698 459 1748 supra
492 1684 765 1743 laudatum,
808 1682 892 1733 ubi
938 1684 1097 1748 prima
1140 1683 1321 1740 legatio
1354 1684 1409 1733 S.
1441 1682 1678 1733 Germani

165 1759 297 1814 post
326 1764 512 1800 annum
544 1750 643 1801 μϐ
668 1750 904 1801 collocari
936 1750 1153 1809 videtur,
1184 1763 1296 1801 cum
1326 1748 1452 1799 Hist.
1487 1748 1623 1800 Eccl.
1644 1762 1682 1811 t,

165 1818 268 1875 21.
302 1818 386 1867 ubi
413 1817 543 1867 inter
566 1819 690 1866 duas
716 1816 991 1881 legationes
1015 1831 1113 1866 non
1143 1818 1354 1866 multum
1386 1826 1583 1879 tempus
1607 1816 1685 1865 di-

166 1873 315 1933 citur
336 1873 879 1947 fnisseittterposititm.
904 1882 956 1934 Si
980 1896 1099 1933 vero
1127 1873 1513 1947 chronologiam
1541 1896 1690 1945 quam
1725 1873 1767 1929 Β

181 2014 3304 2047 ————————————-_——'————_———-—————-—‘Q

1420 2074 2067 2199 AUGUSTUS.

1396 2269 1618 2321 EDITIO
1653 2266 2091 2321 COLONIENSIS.

760 2376 1125 2432 AUGUSTUS.

526 2466 682 2527 Habet
712 2467 813 2517 dies
848 2482 983 2528 xxxi,
1014 2466 1178 2519 lunam
1206 2480 1343 2516 xxix.

250 2554 293 2605 C
350 2553 585 2607 lium).
637 2558 862 2605 Aucusr.
912 2554 1213 2603 Sanctorum
1289 2551 1696 2603 Machaba‘orum

178 2654 389 2705 septem
434 2642 641 2693 fratrum
681 2656 796 2692 cum
833 2651 991 2691 matre
1032 2654 1140 2697 sua,
1164 2640 1247 2703 qui
1279 2640 1417 2704 passi
1446 2649 1563 2689 sunt
1600 2640 1697 2690 sub

184 2727 447 2777 Antiocho
498 2740 633 2791 rege.
684 2726 857 2777 Romae
895 2725 1142 2777 dedicatio
1183 2726 1357 2789 prima
1395 2726 1625 2777 ecclesia:
1667 2738 1696 2774 a

187 2812 347 2864 beato
386 2810 535 2864 Petro
557 2820 858 2863 constructae
894 2822 944 2862 et
981 2822 1310 2862 consecratas.
1344 2810 1552 2863 Viennae
1579 2825 1699 2862 san-

179 2900 252 2949 cti
282 2899 397 2950 Veri
423 2898 669 2963 episcopi,
695 2898 780 2964 qui
820 2912 949 2949 unus
988 2898 1079 2949 fuit
1105 2899 1167 2948 de
1196 2898 1461 2963 discipulis
1489 2908 1696 2965 aposto—

182 2988 376 3047 lorum,
406 3000 459 3039 et
492 2987 651 3039 sanc.i
695 2987 894 3039 Nectari
921 2988 1161 3053 episcopi.
1213 2987 1461 3040 Vercellis
1494 2988 1698 3039 Eusebii

1798 2376 2042 2441 episcopi,
2065 2376 2147 2438 qui
2174 2376 2498 2429 moventibus
2518 2378 2917 2443 persecutionem
2956 2378 3175 2443 Arianis,
3206 2381 3302 2434 sub

1799 2461 2091 2514 Constantio
2121 2463 2345 2528 principe
2384 2462 2678 2531 martyrium
2708 2480 2890 2530 passus
2917 2474 3016 2518 est.
3049 2468 3303 2522 Philadel-

1800 2551 1915 2615 phia
1950 2550 2169 2623 _civitate
2216 2551 2382 2602 natale
2424 2560 2714 2604 sanctorum
2758 2564 3057 2620 martyrum,
3103 2555 3302 2623 Cyrilli,

1800 2636 2014 2698 Aquilte,
2058 2636 2214 2697 Petri,
2260 2637 2549 2701 Domitiani,
2589 2637 2723 2701 Ruli,
2767 2639 3051 2697 Menandri.
3097 2656 3194 2692 una
3219 2642 3302 2695 die

1798 2737 2175 2776 coronatorum.
2208 2725 2259 2775 In
2284 2727 2483 2778 civitate
2509 2726 2743 2779 Gerunda
2769 2730 2934 2780 natale
2963 2733 3123 2782 sancti
3170 2733 3301 2785 Feli-

1797 2815 1869 2864 cis
1897 2813 2156 2876 martyris,
2181 2815 2264 2880 qui
2292 2816 2461 2866 tandiu
2488 2815 2661 2881 jussus
2692 2828 2769 2870 est
2804 2818 2985 2872 laniari
3028 2836 3057 2873 a
3096 2821 3299 2887 Ruﬁno,

1798 2914 1957 2965 lisque
1983 2900 2101 2950 dum
2140 2900 2292 2951 vitam
2322 2901 2505 2953 ﬁniret.

1409 3073 1623 3125 EDITIO
1664 3070 2131 3124 BOLLAVDIANA.
3280 3150 3281 3153 Ἴ

255 3161 306 3213 1.
336 3189 400 3199 --
430 3160 703 3213 ΚΑιεΜδΙΒ.
751 3159 826 3212 Ad
875 3160 930 3213 S.
962 3161 986 3189 ⁸
1016 3160 1218 3213 Petrum
1257 3161 1321 3213 ad
1366 3161 1595 3223 Vincula.
1628 3161 1694 3213 Et
1721 3162 1764 3221 C
1796 3162 1889 3213 sub
1950 3158 2245 3212 Constantio
2307 3159 2532 3225 principe
2594 3162 2889 3231 martyrium
2957 3179 3136 3230 passus
3198 3156 3299 3223 est.

182 3247 282 3300 SS.
315 3249 739 3323 Machabeorum,

259 3340 342 3401 8.,
367 3340 625 3393 Dedicatin
648 3342 821 3406 prima:
844 3340 1063 3393 basilicae
1082 3356 1109 3393 a
1134 3342 1193 3395 Β.
1215 3342 1367 3395 Petro
1390 3353 1696 3397 constructae

187 3421 307 3464 quae
332 3408 514 3459 dicitur
541 3410 601 3458 ad
626 3409 681 3461 S.
708 3410 909 3460 Petrum
937 3410 996 3458 ad
1026 3408 1263 3460 Vincula.
1292 3410 1364 3461 De
1390 3410 1695 3463 Maeli-diris

190 3472 243 3523 iu
274 3474 337 3525 A.
368 3474 429 3525 Τ.
460 3474 519 3527 L.
550 3475 606 3527 Β.
634 3478 707 3527 sic
747 3476 927 3540 legitur
958 3491 970 3524 :
1004 3475 1052 3524 Ιιι
1093 3475 1356 3526 Antiochia
1403 3480 1571 3539 passio
1600 3479 1693 3529 SS.

194 3540 613 3604 Machahaorum,
643 3543 724 3609 qui
752 3541 883 3607 passi
907 3549 1026 3593 sunt
1045 3544 1139 3594 sub
1162 3543 1416 3595 Antiocho
1436 3558 1554 3610 rege
1582 3559 1695 3598 cun!

192 3615 358 3659 matre
389 3620 495 3659 8111.

265 3692 329 3744 Et
359 3693 695 3748 Altissiodoro
736 3695 838 3765 [C.,
879 3693 1201 3763 Calciodoro]
1229 3694 1255 3731 δ
1305 3696 1543 3750 Germani
1579 3700 1700 3766 epi-

188 3780 353 3845 scopi,
393 3782 476 3845 qui
514 3781 685 3833 ntultis
717 3782 982 3833 virtutibus
1009 3784 1237 3836 doctrina
1283 3793 1338 3835 et
1384 3787 1698 3837 continentia

190 3869 380 3931 clarus,
412 3870 565 3921 etiam
598 3869 856 3921 Britoonm
883 3871 1031 3922 tidem
1065 3886 1154 3936 per
1183 3871 1309 3923 duas
1334 3876 1473 3923 vices
1499 3886 1526 3922 a
1560 3873 1701 3923 Pela-

193 3953 341 4019 giana
396 3952 577 4007 barresi
630 3954 876 4007 defendit.
926 3954 985 4005 lit
1038 3958 1087 4005 in
1132 3954 1377 4007 Vercellis
1422 3960 1442 3986 ε
1495 3956 1701 4009 Eusebii

195 4041 460 4107 episcopi,
505 4040 589 4107 qui
654 4040 970 4094 moventibus
1029 4043 1433 4109 persecutionem
1479 4042 1699 4106 Ariauis,

1869 3248 2049 3303 Florus
2093 3247 2144 3299 in
2194 3250 2257 3301 A.
2309 3246 2371 3299 Τ.
2412 3246 2470 3299 ι..
2499 3263 2512 3299 :
2540 3246 2714 3302 Romae
2767 3251 2934 3317 passio
2969 3252 3064 3307 SS.
3093 3252 3118 3289 ἀ
3147 3255 3303 3321 Boni,

1801 3334 1991 3399 Fausti,
2024 3334 2204 3397 Mauri,
2254 3333 2521 3395 I‘rimitivi.
2544 3335 2877 3403 Calumniosi,
2908 3340 3133 3403 Joannis.
3164 3344 3302 3396 Exu-

1799 3422 2045 3490 perantii,
2070 3422 2269 3489 Cyrilli,
2300 3421 2543 3473 Honorati
2571 3440 2585 3475 :
2616 3424 2704 3491 qui
2724 3465 2738 3486 ,
2779 3443 2895 3479 cum
2932 3440 3105 3483 essent
3130 3432 3303 3487 clerici

1803 3510 1858 3561 Β.
1900 3508 2142 3573 Stephani
2178 3508 2436 3574 episcopi,
2476 3524 2503 3561 a
2547 3509 2812 3565 Valeriano
2853 3525 2901 3567 et
2934 3515 3166 3571 Gallieno
3189 3522 3304 3573 sine

1802 3599 1899 3649 ulla
1928 3597 2183 3649 audientis
2214 3612 2302 3660 pro
2329 3598 2531 3650 nomine
2556 3596 2743 3651 Christi
2774 3604 2962 3667 pariter
2988 3614 3102 3656 sunt
3128 3606 3301 3659 decol-

1800 3685 1905 3735 lati.
1950 3684 2004 3735 lu
2047 3684 2108 3735 Τ.
2149 3693 2201 3735 et
2248 3684 2327 3745 L.,
2363 3684 2551 3737 Eodem
2598 3686 2681 3739 die
2724 3686 2902 3741 Romae
2949 3690 3004 3743 S.
3034 3701 3057 3727 ο
3087 3693 3303 3747 Victoris

1800 3785 1959 3836 papae,
1992 3770 2076 3836 qui
2101 3770 2165 3821 ad
2194 3771 2640 3837 interrogationem
2669 3774 2991 3827 sacerdotum
3022 3779 3087 3831 de
3110 3781 3302 3834 circulo

1802 3858 2026 3918 Pascha,
2070 3870 2183 3907 cum
2214 3857 2469 3923 episcopis
2496 3866 2549 3910 et
2579 3860 2890 3927 presbyteris
2919 3863 3046 3915 facta
3076 3866 3303 3919 collatio~

1802 3961 1887 4007 ne,
1917 3941 1935 3981 τ
1964 3942 2247 4008 Tlteophito
2272 3944 2593 3996 Alexandriae
2613 3946 2855 4012 episcopo
2880 3950 3149 4013 accersito,
3174 3969 3301 4005 con-

1802 4035 1966 4087 stituit
1994 4042 2091 4086 uta
2114 4041 2292 4097 quarta
2310 4032 2505 4083 decima
2530 4031 2643 4083 luna
2665 4035 2812 4099 primi
2842 4038 3031 4090 mensis
3056 4052 3214 4107 usque
3239 4040 3302 4095 ad

1539 4130 1736 4182 SMITII
1776 4122 1987 4179 ΝΟΤιΕ.

270 4212 295 4237 ³
336 4207 551 4261 Petrum.
600 4210 689 4263 Hic
718 4212 998 4264 celebratur
1017 4211 1265 4263 dedicatio
1287 4213 1507 4264 hasibcm
1528 4214 1579 4265 S.
1607 4214 1698 4265 Pe-

204 4276 268 4325 tri
297 4278 363 4353 ad
394 4276 596 4354 Vincula
622 4289 843 4354 peracta.
892 4278 1054 4329 Graeci
1082 4279 1233 4328 etiam
1266 4279 1450 4354 festum
1472 4281 1620 4354 ιιισειρ⁹
1636 4284 1698 4330 de
1724 4336 1725 4339 η

202 4345 394 4393 catenis
442 4346 495 4395 S.
544 4344 675 4396 Petri
719 4359 867 4409 agere
914 4355 1283 4395 consueverunt
1324 4345 1384 4393 ad
1436 4361 1533 4396 χνιι
1582 4344 1695 4397 Kal.

206 4409 329 4460 Feb.
362 4410 563 4463 Duabus
589 4421 756 4469 autem
786 4410 977 4462 catenis
1008 4412 1063 4463 S.
1095 4411 1297 4462 Petrum
1329 4413 1549 4462 vinctum
1581 4429 1696 4464 esse
1728 4416 1774 4473 D

205 4473 564 4540 Hierosolymis
591 4479 807 4543 produnt
836 4478 960 4529 Acta
988 4486 1171 4542 προικί..
1222 4493 1335 4541 cap.
1380 4493 1468 4529 xu.
1511 4480 1695 4531 Harum

202 4544 363 4610 altera
391 4546 454 4594 ab
481 4544 703 4596 Eudocia
734 4548 955 4610 Augusta
986 4544 1476 4609 Constantinopolim
1508 4559 1579 4597 est
1611 4550 1697 4597 de~

202 4607 322 4667 lata,
350 4610 504 4661 altera
528 4612 590 4661 ab
607 4612 788 4663 eadem
817 4607 1024 4662 Romam
1048 4614 1202 4661 missa
1227 4620 1305 4662 est
1326 4607 1391 4662 ad
1417 4614 1695 4663 Eudoxiant

204 4675 477 4740 Angustam
502 4677 610 4740 ejus
640 4677 810 4735 tiliam,
854 4676 1189 4728 Valentiniani
1234 4679 1551 4739 imperatoris
1579 4694 1698 4730 con-

198 4738 367 4806 jugem
397 4757 409 4791 :
440 4738 703 4808 utrubique
722 4752 890 4793 autem
919 4744 1072 4793 fesms
1099 4745 1207 4794 dies
1233 4738 1453 4793 statutus
1474 4754 1569 4793 est.
1601 4745 1697 4796 Ex—

200 4816 300 4859 stat
323 4809 386 4859 de
411 4809 587 4860 iisdem
609 4811 890 4861 encomiutn
912 4810 1039 4873 apud
1071 4809 1270 4860 Suriutn
1299 4819 1422 4859 tum.
1449 4809 1530 4860 IV.
1558 4812 1699 4862 Sient

202 4887 322 4924 vero
344 4875 776 4939 Cousuntiuopoli
808 4878 857 4926 in
892 4878 1133 4927 honorem
1165 4876 1373 4927 alterius
1396 4887 1589 4927 catena:
1618 4890 1696 4928 est

204 4949 372 4991 erecta
402 4941 625 5002 basilica,
656 4944 720 4993 ita
742 4944 894 4992 etiam
923 4941 1093 4993 Roma:
1118 4943 1291 4993 titulus
1313 4954 1389 4993 cst
1414 4955 1612 4993 erectus
1634 4947 1696 4995 ab

207 5006 428 5059 Eudoxia
460 5006 695 5058 Eudociae
722 5010 844 5065 lllia,
876 5010 958 5071 qui
992 5019 1093 5059 tum
1122 5010 1382 5068 Eudoxize,
1408 5019 1511 5059 tum
1542 5011 1694 5061 etiam

207 5072 529 5140 Vinculornnt
552 5074 681 5129 Petri
710 5077 913 5123 nomine
933 5074 1098 5125 dictus
1127 5088 1374 5137 reperitur
1400 5076 1446 5125 in
1475 5078 1696 5140 antiquis

206 5140 477 5193 memoriis.
508 5138 597 5190 Rei
626 5147 777 5205 gesta:
804 5141 1063 5189 historiam
1095 5142 1223 5192 inter
1250 5144 1374 5190 alias
1405 5138 1699 5204 Sigebertus

207 5207 444 5258 describit
467 5207 514 5257 in
544 5206 733 5258 Chron.
766 5219 899 5255 anno
926 5205 1045 5267 4U8,
1076 5209 1195 5258 licet
1224 5209 1540 5257 librariorum
1576 5209 1698 5259 vitio

207 5286 294 5335 pro
323 5273 539 5324 Eudocia
570 5274 863 5332 inventricc,
913 5272 1137 5323 Eudoxia
1169 5284 1403 5335 ponatur,
1431 5288 1543 5323 Cttttt
1595 5277 1693 5323 bu-

207 5338 345 5389 duxia
375 5339 541 5402 fuerit,
566 5354 677 5402 qum
707 5340 863 5389 erexit
891 5338 1179 5389 ecclesiam.
1207 5341 1393 5391 Bsnox.
1420 5341 1467 5388 in
1492 5340 1608 5390 Νοι.
1632 5341 1693 5391 ad

210 5405 349 5457 Mart.
376 5404 471 5455 Sed
500 5416 551 5455 et
590 5409 695 5457 lucc
726 5406 950 5457 Ecclesia
991 5405 1057 5472 ab
1096 5406 1205 5467 ipso
1233 5408 1381 5458 l’etro
1418 5405 1467 5456 in
1496 5406 1696 5472 Eutopa

210 5473 372 5537 prima
384 5480 670 5521 constructa
696 5482 746 5521 et
766 5474 990 5522 dedicata
1017 5469 1222 5525 dicitur.

272 5538 295 5573 δ
331 5535 579 5588 Germani.
630 5538 699 5587 De
736 5541 829 5587 hoc
856 5541 976 5589 satis
1017 5539 1177 5601 pridie
1205 5540 1442 5601 diximus,
1486 5553 1584 5605 quo
1612 5540 1696 5592 die

212 5604 334 5671 apud
358 5617 532 5655 omnes
560 5605 923 5666 martvrologos
952 5605 1255 5655 celebratur.

1870 4213 1891 4240 ε
1938 4204 2147 4256 Eusebii.
2180 4202 2304 4266 Quia
2335 4203 2496 4255 noluit
2524 4218 2638 4255 cum
2669 4205 2870 4257 Arianis
2894 4208 3222 4264 Athanasium
3249 4216 3300 4269 in

1800 4274 2007 4345 synodo
2036 4272 2417 4345 Mediolanensi
2444 4272 2723 4345 deponere2
2761 4287 2787 4323 a
2816 4274 3110 4328 Constantio
3138 4281 3299 4345 impe-

1802 4338 1967 4395 ἤπιοι-ε
1997 4339 2046 4390 in
2075 4340 2309 4408 exsilium
2354 4338 2536 4408 missus
2563 4348 2659 4390 est.
2690 4339 2907 4393 SOCBA‘I'.
2937 4357 2992 4405 ll,
3017 4346 3111 4408 36;
3139 4338 3299 4401 So'zo-

1802 4424 1919 4460 uea.
1977 4421 2060 4467 tv,
2104 4406 2155 4455 9.
2207 4406 2314 4474 Sub
2352 4404 2552 4474 Iuliano
2599 4408 2903 4470 imperatore
2947 4404 3007 4462 ex
3052 4404 3297 4474 superiori

1802 4474 2059 4526 Thebaide
2081 4474 2142 4521 ab
2174 4472 2354 4522 exsilio
2385 4473 2571 4521 rediit:
2602 4484 2650 4524 et
2682 4488 2796 4525 eum
2826 4478 3047 4529 venisset
3079 4472 3296 4534 Alexan-

1797 4544 1956 4593 driam
1987 4552 2082 4608 una
2111 4552 2225 4588 cum
2273 4536 2547 4608 Athanasio
2600 4541 2848 4606 synodum
2894 4548 3208 4608 convocavit,
3245 4552 3294 4601 in

1795 4624 1889 4673 qua
1916 4606 2733 4676 Trini‘tatem_cnnsubstantiale_m
2769 4608 2958 4676 diserte
2996 4606 3295 4676 pronuntia-

1798 4671 1931 4724 runt.
1955 4672 2089 4743 ibd.
2120 4685 2196 4743 nt,
2227 4671 2277 4743 7ἓ
2309 4682 2359 4720 et
2398 4672 2519 4723 ibid.
2563 4688 2611 4743 v,
2668 4672 2763 4729 12..
2800 4671 3087 4743 μονίεδῖπιθ
3124 4695 3297 4743 pene-

1794 4741 2069 4810 quentibus
2108 4738 2329 4795 Arianis,
2370 4740 2663 4810 martyrium
2709 4740 2960 4810 scalarum
2990 4738 3151 4797 tractu
3178 4763 3292 4810 per-

1795 4804 1989 4879 pessus,
2024 4806 2210 4855 illzesus
2238 4816 2403 4855 tamen
2426 4804 2605 4865 evasit,
2632 4812 2683 4856 et
2704 4806 2904 4859 tandem
2929 4814 2978 4862 in
3005 4824 3126 4877 pace
3149 4804 3287 4879 quie-

1796 4880 1880 4925 vit.
1912 4875 2139 4923 Νοτιίειι.

1860 4942 1886 4979 d
1924 4940 2066 4990 Boni.
2118 4937 2509 5007 lli‘obtruncatt
2558 4947 2677 4991 sunt
2721 4955 2771 4993 tn
2821 4956 2900 4995 vta
2952 4955 3064 5007 quas
3108 4946 3291 5001 dicitur

1794 5002 2405 5075 Aquasductus..Quorum
2430 5018 2645 5075 corpora
2667 5012 2857 5061 curavit
2884 5002 3214 5075 Tertullinus.
3239 5028 3289 5069 et

1793 5069 1967 5126 eorum
1997 5069 2235 5139 reliquias
2258 5072 2488 5139 reposuit
2531 5069 2695 5137 prope
2737 5089 2950 5139 corpora
2988 5077 3081 5131 SS.
3112 5069 3285 5135 lavini

1797 5150 1847 5191 et
1867 5138 2043 5191 ΒηίΙεὶ
2074 5137 2123 5187 in
2151 5136 2227 5204 via
2258 5137 2453 5189 Latina.
2481 5136 2601 5191 Stin.
2632 5136 2715 5199 iV,
2747 5155 2796 5204 p.
2827 5136 2948 5195 I67.

1864 5217 1888 5243 ο
1934 5204 2159 5256 Victoris.
2194 5203 2264 5255 De
2290 5204 2385 5255 hoc
2414 5206 2525 5255 vide
2546 5220 2695 5266 supra
2717 5203 2799 5258 die
2827 5222 2985 5263 xxvut
3009 5212 3149 5267 Julii.

1866 5272 1883 5307 t
1911 5270 2231 5357 “Theophila;
2424 5272 2892 5357 non__.Alex-anLdri:e
2942 5282 3286 5357 episcopatum

1794 5340 1966 5410 gessit,
1998 5337 2161 5410 sedili
2194 5336 2481 5410 Ιξιιιίξιιιιίιιτι2
2524 5346 2577 5385 ιιι
2616 5339 2861 5392 Eusebius
2896 5336 3086 5409 scribit,
3118 5336 3165 5408 it,
3196 5347 3284 5409 25,

1798 5402 1896 5456 imo
1924 5403 2255 5455 Caesariensis
2282 5402 2375 5452 fuit
2400 5403 2669 5467 episcopus
2690 5444 2703 5465 ,
2732 5416 2788 5456 ut
2812 5421 3009 5461 constat
3030 5402 3087 5463 es
3123 5402 3285 5467 B'mdai

1796 5472 2026 5543 librode
2046 5468 2263 5543 Vcrna|i_
2278 5468 2598 5534 aequinoctio,
2624 5474 2707 5527 ubi
2734 5473 2882 5537 hujus
2906 5479 3083 5543 synodi
3110 5479 3283 5532 Cma-

1794 5539 1972 5592 ricusis
2004 5538 2122 5588 Acta
2162 5536 2458 5588 recitantur.
