3888 6378
608 464 623 475 ,χ

586 484 690 540 995

1328 480 1521 534 BEDE
1561 482 1987 535 VENEIIABILIS
2024 481 2169 533 OPP.
2210 479 2379 535 PAIIS
2418 482 2501 535 IV.
2550 510 2609 520 —-
2646 447 3007 535 IIISTDRICA.

1792 588 2006 641 EDITIO
2041 586 2485 643 COLONIENSIS.
2920 552 2943 557 Η

3230 0 3840 615 ετἾ

3606 473 3697 524 9ﬂn

654 676 714 726 D.
734 673 795 726 IV
813 674 940 726 Non.
970 674 1189 727 Aucusr.
1219 674 1395 727 Romae
1417 674 1577 727 sancti
1596 674 1833 740 Stephani
1858 688 2017 740 papae,
2038 684 2089 728 et
2114 677 2163 733 Α
2192 676 2477 741 appellatur
2503 675 2849 729 cmmeterium
2884 675 3082 729 Calisti.
3114 675 3260 727 Sedit
3296 684 3464 725 autem
3494 674 3544 725 in
3589 690 3693 737 (ηει-

588 764 846 828 miirtyris,
892 763 985 814 sub
1016 762 1285 815 Valeriano
1324 775 1376 813 et
1397 763 1627 813 Gallieno
1667 763 2073 827 imperatoribus.

585 853 681 916 Qui
729 866 841 902 cuni
890 852 1171 916 persecutio
1194 864 1345 901 saeva
1398 862 1731 916 grassaretur,
1773 860 2085 916 congregato

578 940 821 989 'uoivcrso
848 938 988 988 clero
1010 952 1121 997 suo,
1162 936 1392 987 hortatur
1422 946 1473 987 ut
1497 951 1585 998 pro
1611 918 1813 988 Clirislo
1840 950 2081 988 coronam

584 1024 810 1090 martyrii
838 1024 1072 1074 alacriter
1108 1023 1439 1088 susciperent.
1482 1023 1583 1074 llic
1610 1023 1873 1075 constituit
1917 1032 1971 1075 ut
2002 1038 2081 1075 sa-

581 1111 814 1162 cerdotes
857 1118 908 1160 et
948 1109 1113 1169 levitas
1162 1120 1329 1161 vestes
1374 1124 1547 1160 sacras
1596 1109 1644 1159 in
1672 1111 1965 1175 quotidiano
1988 1126 2079 1177 usu

583 1211 684 1249 non
710 1198 974 1257 haberent,
1003 1196 1097 1246 nisi
1156 1204 1349 1246 tantum
1394 1195 1441 1245 in
1472 1196 1703 1247 ecclesia.
1756 1197 2084 1252 Ordinaverat

581 1293 684 1335 tres
715 1284 1058 1350 presbyteros,
1089 1290 1140 1334 et
1170 1292 1363 1343 septem
1390 1281 1649 1347 diaconos,
1672 1290 1723 1333 et
1754 1282 1968 1334 clericos
1995 1285 2086 1334 de-

582 1384 714 1431 cem,
764 1384 876 1420 cum
932 1368 1114 1432 quibus
1160 1366 1225 1419 tle
1255 1382 1409 1433 regno
1458 1366 1543 1419 Dei
1595 1368 1798 1419 assidue
1849 1370 2089 1419 docebat.

590 1456 775 1506 Beatus
823 1455 971 1520 igitur
1011 1455 1318 1519 Stephanus,
1364 1463 1475 1518 post
1503 1455 1659 1506 multa
1689 1470 1800 1518 qua:
1842 1465 2082 1520 operatus

582 1549 661 1592 est
687 1541 837 1602 bona,
883 1540 1053 1591 missis
1095 1554 1122 1589 a
1170 1538 1441 1591 Valeriano
1490 1539 1752 1602 militibus,
1789 1541 1960 1604 jussus
2008 1552 2087 1594 est

581 1627 854 1690 decollari;
884 1628 970 1693 qui
1001 1627 1267 1678 venientes
1296 1627 1592 1678 invenerunt
1617 1640 1731 1678 eum
1772 1628 2083 1680 sacrificium

580 1712 688 1767 Deo
713 1714 1030 1772 oﬁ‘ereiitem,
1054 1722 1105 1765 et
1133 1712 1511 1763 occultaverunt
1536 1726 1650 1766 eum
1675 1714 1723 1766 in
1744 1715 1922 1767 eodem
1951 1717 2084 1768 loco.

581 1800 737 1865 Cujus
780 1814 964 1864 corpus
1002 1800 1277 1852 Christiani
1308 1800 1619 1863 sepelierunt
1660 1800 1710 1852 in
1738 1789 1916 1854 eadem
1964 1816 2083 1867 cry-

582 1898 687 1954 pta,
712 1888 794 1939 ubi
824 1888 1034 1940 astantis
1055 1886 1246 1938 eﬂusus
1274 1894 1353 1937 est
1381 1887 1585 1952 sanguis
1618 1886 1751 1953 ejus,
1782 1887 1832 1938 in
1861 1886 1973 1940 loco
1993 1889 2081 1954 qui

2182 770 2391 825 scopatu
2441 772 2635 828 septem
2671 776 2851 825 annos,
2899 776 3101 815 menses
3130 762 3379 829 quinque,
3428 763 3537 813 dies
3564 774 3687 815 tres.

2184 845 2375 897 Eodem
2404 847 2487 898 die
2530 848 2695 899 natale
2732 855 2921 899 sancta:
2963 848 3267 907 Theodotus,
3300 862 3417 897 cum
3442 849 3602 898 tribus
3631 847 3690 897 ti-

2184 930 2266 983 liis
2287 933 2391 984 suis
2421 932 2470 984 in
2501 935 2763 1000 provincia
2810 933 3061 1000 Bithynia,
3087 934 3216 986 urbe
3244 933 3433 992 Nicen,
3461 944 3689 999 tempore

2189 1017 2505 1081 Diocletiani,
2552 1021 2646 1072 sub
2692 1021 2881 1071 comite
2927 1021 3203 1082 Leucadio,
3254 1021 3338 1087 qui
3380 1021 3510 1073 hanc
3554 1022 3689 1074 ferro

2174 1096 2405 1159 'vinctam
2450 1122 2564 1160 cum
2597 1109 2733 1169 ﬁliis,
2766 1109 3017 1160 consulari
3060 1106 3311 1175 Bithynia:
3358 1109 3551 1161 Nectio
3601 1111 3692 1161 de-

2186 1192 2411 1245 stinavit.
2444 1196 2508 1243 At
2536 1194 2620 1244 ille
2650 1196 2804 1244 lilium
2844 1193 2953 1259 ejus
3002 1194 3395 1261 primogenitum
3444 1196 3684 1247 Evodiuta

2188 1278 2442 1329 Christum
2468 1280 2768 1332 ﬁducialiter
2794 1280 3123 1331 confitentem
3155 1279 3277 1348 fecit
3306 1280 3522 1331 fustibus
3546 1281 3692 1344 cadi,

2188 1364 2372 1417 deinde
2400 1366 2535 1417 illam
2564 1381 2679 1417 cum
2717 1367 2952 1417 omnibus
2984 1366 3105 1419 filiis
3133 1369 3252 1434 igne
3277 1368 3530 1418 consumi.
3556 1367 3692 1419 Scri-

2190 1461 2328 1521 ptitiii
2355 1462 2435 1503 est
2471 1454 2519 1504 in
2546 1455 2785 1504 Passione
2805 1453 2860 1505 8.
2886 1456 3198 1507 Atiastasiz.

2256 1541 2313 1593 E.
2358 1542 2412 1593 Ill
2442 1542 2569 1594 Non.
2597 1545 2825 1596 Aucusr.
2853 1542 3191 1611 Jerosolymis
3219 1542 3448 1596 inventio
3472 1542 3690 1609 corporis

2187 1629 2351 1680 sancti
2385 1628 2629 1695 Stephani
2672 1632 3085 1698 protomartyris,
3115 1640 3168 1683 et
3190 1639 3485 1683 sanctorum
3513 1632 3689 1683 Gama-

2186 1715 2337 1777 Iielis,
2386 1716 2645 1768 Nicodemi
2696 1727 2749 1769 et
2791 1718 3013 1779 Abibon,
3059 1718 3195 1769 sicut
3237 1719 3516 1770 revelatum
3561 1728 3688 1771 uta

2188 1802 2403 1854 Domino
2425 1802 2582 1856 beato
2615 1803 2841 1856 Luciano
2870 1804 3195 1872 presbytero,
3238 1805 3461 1870 septimo
3488 1803 3685 1855 Παιδοτῐί

2186 1887 2635 1963 pi‘incipis'anno.
2664 1888 2785 1941 Item
2830 1889 2879 1941 in
2930 1888 3206 1941 Antiochia
3252 1889 3418 1941 sancti
3445 1889 3681 1956 Stephani

1084 2058 1085 2061 γ
1774 1994 1991 2047 sumo
2030 1992 2509 2046 BOLLANDIANA.

581 2080 875 2134 vicesimam
915 2080 1126 2145 primam
1158 2090 1360 2143 semper
1387 2090 1615 2130 sanctum
1644 2078 1835 2131 Pascha
1865 2080 1947 2131 die
1975 2080 2076 2132 Do-
2114 2082 2160 2139 B
2186 2081 2433 2147 martyrio
2474 2089 2747 2133 coronatus
2788 2089 2868 2134 est
2917 2080 2967 2135 in
3020 2083 3381 2148 persecutione
3440 2084 3678 2139 Valeriani

585 2168 773 2221 niinico
801 2166 1174 2227 celebraretur;
1222 2178 1503 2229 passusque
1528 2175 1603 2217 est
1633 2166 1927 2233 martyrium
1961 2177 2089 2219 tem-

585 2267 708 2319 pore
736 2260 760 2287 ι
806 2250 1072 2303 Commodi
1118 2258 1169 2301 et
1221 2249 1515 2301 Graniouis.
1562 2249 1814 2312 Scriptum
1864 2253 1912 2304 in
1962 2253 2090 2305 libro

584 2341 957 2406 episcoporum.
988 2338 1037 2389 lu
1084 2337 1341 2402 Hispaniis
1380 2336 1615 2388 Gerunda
1653 2337 1879 2403 civitate,
1923 2340 2090 2403 passio

584 2426 641 2479 8.
670 2425 695 2462 δ
728 2424 907 2478 Felicis
931 2441 944 2474 :
970 2424 1052 2475 hic
1074 2425 1206 2474 enim
1231 2434 1344 2489 p051
1374 2422 1531 2475 multa
1562 2432 1811 2476 tormenta
1841 2424 1990 2477 mulis
2018 2426 2091 2476 al-

583 2511 786 2578 ligatus,
815 2518 867 2561 et
900 2523 985 2575 per
1014 2510 1269 2561 civitatem
1301 2519 1492 2561 tractus
1515 2519 1612 2570 est,
1656 2509 1842 2561 deinde
1877 2523 2092 2573 suspen-

585 2613 692 2661 sus,
724 2608 777 2651 et
804 2598 852 2649 in
882 2610 1021 2649 mare
1051 2597 1307 2662 projectus
1334 2610 1449 2653 cum
1489 2595 1552 2645 ad
1593 2596 1731 2646 littus
1775 2595 1967 2647 auxilio
1994 2596 2093 2646 Do-

584 2686 707 2738 mini
738 2685 1069 2753 perveiiissel,
1119 2683 1168 2733 in
1219 2690 1410 2732 tantum
1448 2691 1525 2733 est
1553 2681 1750 2747 ungulis
1779 2680 1960 2735 ferreis
1990 2681 2094 2733 dis-

583 2787 808 2840 cerptus,
833 2782 889 2823 ut
918 2772 1011 2823 hac
1031 2769 1358 2822 dilaniatione
1384 2770 1645 2821 deficeret.

654 2900 740 2959 V.,
768 2900 954 2951 Natalis
982 2910 1001 2934 ο
1030 2898 1170 2960 Spei,
1206 2897 1367 2955 Fidei,
1396 2895 1688 2954 Cliaritaiis,
1713 2908 1764 2949 et
1794 2907 1973 2949 matris
2002 2911 2087 2948 ea-

540 3009 545 3013 .
587 2982 699 3025 rum
725 2968 1012 3030 Sapientia).
1038 2966 1120 3025 Τ..
1154 2965 1265 3028 Ipso
1293 2965 1372 3014 die
1394 2963 1631 3013 transitus
1657 2963 1713 3014 S.
1740 2968 1765 3007 (ἰ
1793 2964 1958 3014 Junati
1984 2963 2088 3014 dis-

587 3036 736 3153 ;‘ipuli
765 3036 819 3087 8.
849 3033 1083 3086 Ainattdi.
1116 3031 1194 3095 13.,
1223 3031 1275 3082 In
1310 3030 1545 3095 Ilisiiania
1570 3030 1806 3083 Gerunda
1839 3030 2004 3082 natale
2024 3030 2081 3083 8.

630 3112 788 3154 clleis.

650 3235 704 3289 2.
730 3264 796 3274 -—-
826 3235 885 3285 IV
931 3232 1117 3287 NONAS.
1164 3232 1339 3283 Itomai
1384 3230 1439 3283 8.
1469 3238 1493 3266 ο
1537 3229 1780 3297 Stephani
1824 3245 1966 3298 papae
2010 3233 2095 3297 qui

2191 2166 2453 2231 principis.
2499 2166 2687 2218 Eodem
2709 2166 2793 2219 die
2814 2168 2980 2219 natale
3001 2168 3060 2220 S.
3088 2169 3369 2221 Theodotz
3394 2185 3510 2221 cum
3532 2176 3681 2226 tribus

2192 2250 2307 2303 ﬁliis
2332 2252 2436 2303 suis
2460 2252 2509 2303 io
2539 2253 2793 2319 provincia
2825 2252 3076 2321 Bithynia,
3103 2254 3232 2306 urbe
3258 2255 3444 2318 Nicaea,
3470 2267 3682 2323 tempore

2192 2337 2513 2403 Diocletiani,
2544 2340 2641 2392 sub
2687 2344 2875 2393 comite
2901 2340 2918 2378 ί
2949 2342 3205 2394 Leucadio
3234 2361 3247 2393 :
3276 2344 3363 2410 qui
3401 2345 3529 2397 hanc
3565 2347 3687 2401 ferre

2190 2425 2409 2477 vinctam
2438 2439 2552 2479 cum
2586 2427 2702 2480 ﬁliis
2729 2427 2986 2480 consulari
3015 2429 3270 2495 Bithynia
3315 2430 3515 2482 Nicetio
3539 2432 3686 2485 desti—

2193 2514 2349 2566 navit.
2380 2516 2443 2564 At
2472 2514 2556 2564 ille
2587 2515 2753 2579 primo
2798 2514 2958 2567 ﬁlium
3000 2516 3112 2581 ejus
3144 2512 3537 2583 primogenitum
3563 2520 3688 2570 Evo-

2195 2598 2358 2660 dium,
2385 2597 2645 2650 Christum
2670 2598 2970 2652 ﬁducialiter
2991 2601 3328 2655 conﬁtentem
3350 2602 3472 2655 fecit
3488 2604 3688 2657 fusﬁln

2195 2686 2320 2737 caedi
2351 2704 2363 2737 :
2394 2685 2577 2739 deinde
2605 2685 2743 2739 illam
2769 2700 2883 2739 cum
2907 2689 3149 2741 omnibus
3178 2690 3296 2742 filiis
3320 2692 3432 2757 igne
3455 2696 3688 2745 consumi.

2196 2769 2471 2838 (Hactenus
2499 2772 2588 2841 A.)
2619 2774 2960 2839 Scriptum'in
2982 2772 3230 2829 Passione
3257 2777 3311 2828 8.
3339 2785 3365 2822 8
3402 2778 3685 2831 Anastasis.

2192 2858 2343 2977 mile},
2376 2860 2427 2913 In
2454 2860 2594 2913 Italia
2625 2861 2836 2914 civitate
2854 2860 3052 2915 Verona
3078 2863 3249 2916 natale
3274 2864 3369 2918 88.
3402 2864 3583 2919 Felicis
3601 2878 3649 2918 et
3666 2868 3689 2903 ι

2239 2939 2353 2977 ιεει.

2254 3014 2308 3067 5.
2334 3041 2401 3051 -
2427 3011 2623 3070 Notus.
2647 3014 2804 3068 Vacat
2832 3015 3003 3069 Bieda.

2270 3099 2355 3172 V.,
2399 3099 2580 3172 Boma‘.
2603 3102 2657 3155 S.
2683 3102 2945 3172 Diogenis,
2991 3104 3259 3172 Stephani.
3296 3106 3357 3158 Et
3403 3107 3685 3170 depositiol

2202 3166 2445 3240 [Iuli-9nd
2473 3168 2717 3235 episcopi.
2762 3166 2845 3240 C.,
2892 3166 3299 3240 Rome'natalis
3335 3174 3393 3226 8.
3445 3166 3683 3240 Drogenii.

2203 3234 2447 3302 Stephani
2473 3234 2859 3304 protomartyris
2886 3240 2937 3291 in
2968 3237 2983 3287 i
3023 3242 3231 3292 Ancona
3262 3258 3279 3293 :
3307 3242 3392 3293 ubi
3422 3234 3594 3295 habt-ii
3620 3245 3683 3294 di-

1913 3342 2109 3396 SMITH
2147 3344 2362 3397 NOTAE.

654 3448 679 3474 ι
717 3436 984 3490 Commodi.
1014 3434 1397 3495 EtGlabrionis,
1421 3447 1518 3485 non
1543 3430 1831 3484 Granionis.
1861 3432 1948 3484 His
1972 3447 2094 3501 vero
2120 3434 2166 3496 C
2199 3432 2378 3496 voluit,
2426 3442 2480 3486 tit
2524 3433 2636 3501 ejus
2680 3434 2916 3501 conjugio
2960 3442 3244 3489 necteretur
3281 3452 3296 3488 :
3462 3453 3576 3489 cum
3614 3439 3693 3492 illa

586 3508 881 3560 consulibus
911 3519 1009 3555 non
1036 3503 1329 3569 martyrium
1363 3514 1539 3565 passus
1568 3510 1668 3563 est,
1708 3501 1795 3552 sed
1828 3500 2091 3569 pontifica-

585 3585 691 3626 tum
717 3575 826 3624 iniit
852 3590 863 3623 ξ
896 3573 946 3621 lii
975 3568 1228 3623 Chronico
1255 3571 1387 3620 enim
1417 3580 1645 3619 veterum
1697 3568 1988 3630 pontiﬁcum
2021 3570 2090 3619 leo

584 3646 718 3708 gitur
742 3657 753 3691 :
792 3657 813 3708 ι
840 3637 956 3692 Fuit
982 3638 1297 3708 acoiisulatu
1326 3634 1591 3708 Commodi
1620 3650 1668 3696 ν,
1697 3644 1749 3708 et
1776 3633 2090 3708 Glabrionis,

586 3700 635 3759 id
665 3716 743 3758 est
770 3706 835 3756 ab
862 3719 947 3755 an.
994 3703 1110 3765 186,
1140 3716 1300 3767 usque
1326 3701 1572 3751 Laterano
1618 3710 1668 3752 et
1697 3700 1904 3762 Iluf’mo,
1933 3701 1983 3753 id
2016 3710 2097 3755 est.

584 3774 669 3827 ad.
700 3789 782 3823 an.
816 3773 928 3824 I91.
960 3788 977 3818 ι

655 3841 679 3878 b
721 3837 917 3890 Felicis.
968 3836 1062 3901 Qui
1109 3837 1171 3887 de
1213 3835 1487 3905 Scyllitana
1532 3834 1655 3905 urbe
1686 3836 1948 3897 oriundus,
1994 3849 2091 3888 una

586 3924 702 3959 cum
730 3906 1024 3970 Cucupliate
1048 3904 1113 3954 de
1132 3919 1231 3968 quo
1259 3902 1410 3966 supra
1436 3916 1533 3952 xxv
1556 3902 1697 3963 Julii,
1724 3918 1929 3955 ascensa
1967 3917 2092 3955 nave

589 3977 640 4026 iti
669 3976 994 4027 Deoidenteui
1025 3973 1178 4021 venit.
1224 3971 1282 4021 Et
1311 3971 1601 4031 aliquandiu
1623 3984 1736 4021 cum
1766 3972 1895 4032 apud
1921 3971 2093 4021 Barci-

588 4056 795 4102 nonam,
830 4040 1097 4101 Enipurias
1120 4046 1171 4087 et
1194 4038 1483 4088 Gerniiitaui
1517 4038 1861 4101 pradicasset,
1881 4037 2091 4101 jubetite

590 4110 812 4159 Daciano
865 4105 1175 4169 temporibus
1223 4104 1516 4155 D:ocletiani
1561 4118 1586 4152 a
1635 4102 1817 4153 Rufino
1891 4104 2090 4153 olﬁciali

596 4185 763 4228 tentus
793 4184 891 4235 est,
918 4181 968 4224 et
998 4180 1110 4236 post
1136 4174 1273 4222 varia
1305 4180 1552 4222 tormenta
1593 4175 1810 4232 occisus,
1839 4169 2092 4222 Gerunda:

593 4244 643 4294 in
675 4250 1034 4301 monumento,
1071 4240 1203 4303 quod
1253 4240 1359 4300 ipse
1401 4238 1495 4289 sibi
1538 4248 1823 4303 paraverat,
1855 4238 2089 4288 conditus

588 4320 681 4360 est.
721 4312 847 4369 Atio,
878 4309 1084 4369 Sumus,
1116 4315 1236 4356 tom.
1269 4305 1351 4366 IV,
1384 4308 1433 4355 iti
1465 4314 1601 4355 Actis
1627 4305 1679 4354 8.
1707 4304 2012 4369 Cucupliatis
2038 4312 2092 4355 et

592 4377 758 4440 primo
783 4376 863 4425 die
897 4373 1127 4436 Augusti,
1159 4373 1240 4424 ubi
1270 4374 1331 4424 de
1361 4374 1467 4436 ipso
1496 4374 1677 4440 agitur.

661 4453 683 4479 ο
726 4441 860 4507 Spei.
893 4440 979 4491 ιιω
1004 4440 1154 4491 etiam
1181 4455 1331 4506 supra
1362 4440 1594 4491 coluntur
1623 4438 1741 4490 Julii
1767 4438 1849 4489 die
1872 4451 1905 4498 ι,
1929 4447 1980 4490 et
2006 4437 2095 4489 Ju-

589 4525 657 4562 nu
690 4522 828 4559 XXIII.

660 4575 684 4613 d
721 4575 906 4625 Jonati.
955 4572 1051 4637 Qui
1098 4571 1290 4637 primus
1343 4573 1432 4623 fuit
1470 4574 1623 4624 abbas
1663 4570 1931 4623 Marcianis
1990 4570 2098 4622 sive

592 4644 858 4703 Marceuis,
892 4656 950 4692 ac
979 4641 1163 4691 ibidem
1193 4642 1417 4692 elevatus
1437 4643 1669 4705 quiescit.
1706 4638 1894 4689 Natalis
1919 4639 2099 4690 incidit

591 4712 639 4764 in
672 4711 780 4762 Kal.
814 4709 1022 4775 Augusti
1050 4725 1063 4759 :
1096 4708 1313 4775 elevatio
1342 4708 1388 4758 in
1419 4718 1617 4758 Sestum
1660 4706 1836 4757 Iduum
1883 4707 2096 4771 Aprilis.

591 4780 831 4831 MULANUS
854 4780 917 4826 de
944 4776 1142 4826 Sanctis
1172 4774 1347 4840 Belgii.

660 4854 682 4881 ο
723 4844 977 4901 Stephani.
1011 4843 1100 4891 llic
1127 4842 1182 4892 8.
1226 4839 1379 4891 Lucio
1420 4839 1642 4905 pontifici
1692 4839 1935 4891 successit
1962 4853 2098 4892 anno

589 4912 723 4974 253;
766 4910 957 4973 fuitque
985 4908 1292 4970 temporibus
1333 4908 1578 4958 Valeriani
1608 4915 1659 4957 et
1682 4907 1897 4957 Gallieni
1918 4920 1945 4957 a
1973 4919 2103 4974 con-

593 4985 757 5031 sulam
794 4978 1048 5028 \‘iilusiani
1076 4985 1125 5023 et
1149 4975 1347 5023 Maximi
1380 4989 1537 5039 usuiie
1562 4975 1622 5023 ad
1653 4977 1970 5024 consulatum
2006 4973 2100 5024 Va-

596 5047 768 5098 leriani
791 5060 841 5097 tv
866 5055 916 5096 et
938 5042 1151 5093 Gallieni
1170 5055 1242 5101 ιιι,
1260 5042 1516 5093 liocestab
1537 5056 1667 5092 anno
1682 5039 1782 5090 253
1795 5042 1856 5091 ad
1880 5041 2100 5092 an.‘257.

591 5114 646 5163 8.
661 5114 913 5179 tlypriano
932 5120 982 5161 et
998 5108 1250 5179 Africana;
1269 5109 1505 5160 Ecclesia:
1526 5110 2099 5179 eteorumuniciitionein

595 5176 815 5231 minatus
859 5188 957 5238 est,
988 5187 1036 5229 et
1065 5176 1354 5226 Firiniliano
1379 5190 1490 5225 cum
1518 5176 1623 5225 suis
1659 5178 1880 5241 partibus
1919 5176 2102 5226 Orien-

595 5248 884 5309 talibus,-eo
908 5245 1038 5309 quod
1061 5243 1445 5307 rebaptizandos
1468 5242 1729 5293 limreticos
1748 5253 1797 5292 et
1815 5243 2104 5294 scliismati-

592 5330 681 5367 cos
712 5320 1040 5366 censuerunt.
1073 5311 1194 5360 Vide
1233 5311 1289 5362 8.
1315 5309 1587 5360 Firmiliaui
1616 5309 1880 5371 epistolam
1908 5312 1967 5359 ad
2000 5311 2100 5375 (2y—

598 5382 829 5443 prianuin
856 5391 969 5444 quae
993 5384 1162 5427 exstat
1192 5378 1241 5426 in
1272 5378 1519 5441 Operibus
1549 5378 1605 5444 8.
1642 5376 1897 5440 Cypriani.
1941 5377 2103 5444 llodie

598 5443 894 5513 martyrium
929 5455 1105 5513 passus
1147 5452 1250 5500 εει,
1294 5453 1345 5513 et
1378 5444 1520 5509 juxta
1573 5443 1861 5513 Clitoriicon
1905 5443 2103 5513 auctius

600 5510 825 5566 veterum
851 5510 1141 5579 pontiﬁcum
1168 5512 1396 5579 sepultus
1422 5520 1500 5561 est
1522 5513 1570 5562 in
1593 5510 1885 5564 cmmeterio
1908 5510 2102 5561 Callisti

600 5581 678 5631 via
710 5576 865 5646 Appia
898 5594 952 5631 ιιι
981 5576 1402 5646 Νοιιξιε-ᾇιιειιειί.

675 5646 691 5683 ί
735 5643 990 5700 Leucadio.
1017 5646 1110 5707 Qul
1137 5643 1450 5697 Theodotam
1478 5658 1565 5709 per
1587 5645 1768 5695 multos
1787 5644 1894 5695 dies
1918 5656 2103 5705 cogere

2195 3502 2333 3552 nullo
2350 3503 2504 3553 modo
2524 3500 2856 3563 consentiret,
2882 3500 3017 3555 ferro
3038 3506 3253 3557 vinctam
3279 3519 3395 3558 cum
3422 3507 3538 3556 filiis
3558 3507 3695 3560 Nice-

2194 3570 2262 3622 tio
2284 3570 2570 3620 destinavit.
2600 3571 2728 3632 Anu,
2759 3570 2920 3622 Perit.
2950 3586 3015 3622 ns
3040 3571 3238 3624 ΝΑτΑι..

2262 3644 2286 3680 ε
2309 3637 2593 3688 Anastasia'.
2618 3637 2741 3700 Quin
2769 3639 2895 3688 inira
2925 3638 3104 3689 colitur
3131 3639 3213 3688 die
3254 3654 3357 3690 xxv
3387 3641 3686 3692 Decembris.

2263 3702 2288 3736 δ
2326 3701 2492 3757 Nicei.
2542 3704 2631 3772 llic
2680 3703 2903 3757 Nicetius
2936 3706 3069 3771 apud
3110 3702 3390 3758 Notkerum
3437 3722 3688 3774 nuncupa-

2194 3776 2293 3821 tur.

2267 3834 2282 3871 ί
2329 3833 2570 3900 Eufroriii.
2600 3836 2671 3888 De
2717 3837 2814 3887 hoc
2841 3836 2996 3901 (ζιελ.
3023 3837 3239 3899 Turon.,
3280 3855 3338 3901 II,
3371 3840 3457 3898 15.
3484 3842 3557 3893 sic
3578 3844 3693 3893 scri-

2194 3902 2269 3973 bit
2291 3919 2349 3973 7:“:
2380 3904 2456 3973 Eo
2470 3913 2719 3973 tempore,
2746 3904 2793 3973 id
2815 3912 2895 3973 est
2908 3907 3227 3973 temporibus
3248 3907 3518 3959 Cliilderici
3548 3912 3691 3973 regis,

2196 3969 2401 4037 basilica
2424 3968 2480 4019 Β.
2512 3970 2869 4037 Symplioriatii
2886 3968 3364 4036 ‘Augustodunensis
3386 3968 3692 4037 martyr-isah

2192 4036 2436 4104 Eutronio
2464 4036 2762 4103 presbytero
2788 4038 3037 4090 aediﬁcata
3064 4049 3161 4092 est.
3205 4041 3267 4091 Et
3297 4042 3405 4104 ipse
3437 4036 3693 4092 Eufroaics

2194 4104 2342 4168 hujus
2386 4102 2631 4170 deinceps
2675 4105 2815 4155 urbis
2865 4108 3216 4169 episcOpatum
3245 4102 3456 4158 sortitus
3482 4119 3578 4158 est.
3609 4109 3689 4159 llic

2190 4171 2324 4221 enim
2350 4184 2573 4221 marmor
2592 4171 2726 4235 quod
2745 4185 2899 4235 super
2918 4183 3149 4223 sanctum
3170 4176 3462 4235 sepulcrum
3490 4176 3541 4223 Β.
3566 4174 3688 4224 hlar-

2192 4237 2279 4287 tiui
2334 4236 2566 4299 habetur,
2627 4250 2740 4288 cum
2788 4237 2968 4303 grandi
3016 4240 3285 4290 devotione
3331 4243 3631 4292 transmisit.
3665 4261 3682 4291 ι

2190 4303 2437 4355 ἉΕάιιειιεὶ
2465 4305 2693 4356 ecclesia:
2717 4305 2917 4368 praefuit
2944 4304 3145 4359 labente
3166 4309 3355 4358 sat-culo
3381 4323 3434 4358 v.
3467 4309 3687 4359 Interfuit

2190 4369 2495 4422 ordinationi
2518 4368 2727 4423 Joannis
2753 4370 3130 4425 Cabillonensis
3159 4374 3404 4435 episc0pi,
3437 4376 3508 4425 uti
3539 4386 3688 4426 testa-

2199 4446 2279 4487 tur
2299 4438 2602 4500 Apollinaris
2627 4438 2886 4503 Sidonius,
2910 4441 2997 4489 lib.
3026 4454 3095 4497 tv,
3117 4439 3268 4505 epist.
3296 4441 3381 4498 25.
3411 4451 3467 4491 et
3493 4443 3555 4490 ad
3585 4457 3689 4493 cura

2199 4506 2401 4569 scripsit
2426 4506 2559 4555 idem
2586 4516 2762 4569 auctor
2785 4507 2935 4568 epist.
2981 4505 3033 4561 8.
3082 4508 3169 4557 lib.
3201 4520 3289 4563 vti,
3322 4516 3375 4557 et
3406 4505 3461 4564 2.
3503 4508 3595 4560 lib.
3624 4523 3691 4559 ts.

2201 4568 2379 4643 Exstat
2404 4568 2753 4643 ejus-etulfupi
2779 4572 3077 4643 Trecasseni
3109 4574 3336 4643 episcopi
3363 4578 3563 4639 egregia
3590 4577 3691 4643 epi-

2199 4639 2330 4688 stola
2350 4637 2414 4689 de
2434 4636 2698 4701 disciplina
2722 4638 3067 4704 ecclesiastica
3089 4636 3221 4704 apud
3244 4636 3507 4693 Sirmond:
3535 4636 3692 4692 toni.l

2196 4703 2425 4773 Concil._
2451 4705 2678 4773 Alteram
2723 4703 2952 4769 ejusdem
2998 4709 3061 4759 ad
3101 4703 3433 4773 Agrippinum
3463 4711 3693 4760 comitem

2200 4772 2372 4823 laudat
2410 4770 2597 4824 ldatius
2641 4774 2691 4823 in
2734 4774 3005 4824 Chronico.
3050 4770 3285 4826 Interfuit
3309 4776 3461 4825 etiam
3489 4777 3695 4828 catcilio

2200 4838 2560 4904 Lugdunensi,
2640 4841 3040 4904 subscripsitque
3111 4856 3227 4890 cum
3276 4842 3389 4892 aliis
3438 4844 3692 4904 epismlam

2202 4905 2382 4972 Fausti
2403 4907 2691 4957 damnantis
2722 4907 3107 4971 Pelagianorum
3149 4921 3371 4959 errores.
3421 4908 3476 4957 In
3524 4908 3695 4972 IIagio—

2200 4972 2331 5037 logio
2359 4971 2721 5035 Frauc0galtize
2748 4974 2796 5021 in
2820 4982 2957 5022 tonio
2982 4973 3017 5023 ll
3042 4973 3229 5024 Labbci
3254 4975 3580 5026 Bibliouieca:
3604 4971 3695 5026 No-

2200 5052 2275 5089 vae
2310 5047 2489 5104 quarto
2526 5040 2695 5090 Nonas
2726 5038 2909 5089 natalis
2946 5038 3057 5105 ejus
3094 5042 3447 5106 Augustuduni
3481 5042 3698 5094 celebrr

2200 5114 2302 5158 tur.

2273 5173 2286 5220 i
2335 5174 2551 5224 Ancona.
2586 5170 2727 5237 Apud
2756 5169 2961 5222 Bzeilam
2990 5174 3367 5240 supposititium
3391 5176 3699 5239 proAucoua

2200 5242 2445 5309 mendose
2472 5239 2672 5304 ponitur
2700 5242 2988 5292 Antiochia.
3034 5239 3105 5294 De
3133 5245 3431 5309 perantiqua
3461 5246 3695 5292 memoria

2200 5307 2444 5373 Stephani
2476 5308 2861 5372 protomartyris
2901 5310 3125 5361 Ancona:
3178 5307 3374 5373 posita,
3414 5308 3578 5371 deque
3622 5310 3697 5359 illa

2200 5388 2325 5426 saxo
2350 5388 2450 5440 quo
2478 5373 2611 5425 idem
2645 5374 2693 5422 in
2731 5373 2902 5440 cubito
2942 5388 3212 5440 percussus
3247 5386 3346 5436 est,
3385 5380 3517 5439 quod
3542 5376 3697 5427 colic-

2201 5442 2275 5506 git
2299 5438 2382 5505 qui
2415 5438 2864 5506 lapidationiillius
2892 5438 3120 5493 interfuit
3142 5450 3196 5491 et
3218 5441 3268 5492 in
3299 5438 3485 5494 Italiam
3507 5442 3697 5497 detuﬁl.

2201 5505 2253 5558 et
2281 5511 2501 5559 Ancona:
2543 5505 2774 5571 reliquit,
2823 5522 2883 5559 ex
2929 5521 3031 5573 quo
3063 5518 3299 5572 tempore
3331 5510 3434 5561 illic
3462 5512 3697 5573 meritoria

2200 5573 2533 5671 ﬁnSnteigznt
2556 5586 2668 5628 esse
2688 5573 2864 5641 cmpit,
2885 5570 3279 5642 S.'Aug-ustiuus
3301 5576 3473 5630 scribit
3494 5586 3618 5629 toni.
3646 5570 3696 5635 ν,

2202 5654 2356 5694 581³111.
2384 5654 2505 5693 διο.

3284 5674 3839 6277 ,1
