3888 6330
125 440 239 494 997

1223 436 1410 491 SECT.
1451 436 1511 489 ll.
1551 466 1616 476 ——
1656 433 2200 490 MARTYROLOGIA.

3187 424 3289 481 998

1366 540 1580 593 EDITIO
1616 538 2063 593 COLONIENSISi.

130 634 554 702 protomartyris,
603 633 683 685 ubi
712 632 883 684 haberi
918 631 1103 683 dicitur
1136 644 1266 682 unus
1298 630 1360 681 de
1390 630 1659 695 lapidibus,
1691 634 1737 686 Α
1776 630 2071 681 Tertulliani
2102 627 2361 695 martyris,
2402 640 2554 691 quem
2587 626 2768 681 beatus
2804 625 3096 691 Stephanus
3124 627 3285 693 bapti-

125 725 327 790 quilius
376 724 427 773 in
478 723 690 775 brachio
739 736 1010 787 percussus
1041 726 1144 779 est,
1187 730 1236 771 et
1268 720 1455 771 multas
1486 734 1545 771 ex
1601 732 1663 770 eo

82 804 95 819 ‘
129 810 359 861 virtutes
384 810 659 860 sanitatum
691 806 1292 871 ﬁeri.‘Constantinopoli
1331 805 1501 858 natale
1546 818 1665 856 san-

126 898 201 948 cti
231 898 476 949 Ilertnolii
506 898 765 963 martyris.

204 983 269 1035 ἰδ’.
309 984 452 1035 Pam.
486 983 875 1035 Non..Accusr.
902 981 1081 1034 Natale
1111 981 1243 1033 beati
1274 980 1571 1040 Aristarchi,
1596 981 1664 1034 de

126 1082 242 1130 quo
273 1069 451 1119 beatus
483 1068 670 1119 Paulus
715 1068 977 1134 apostolus
1030 1067 1419 1118 Colossensibns
1448 1068 1663 1117 scribit:

131 1155 347 1208 Salutat
412 1174 455 1205 ss
482 1156 794 1206 Aridarchas
834 1157 1150 1222 concaptivus
1181 1146 1335 1207 meus.
1364 1153 1460 1217 Qui
1490 1167 1663 1205 comes

132 1244 444 1295 individuus
485 1242 730 1307 Apostolo
761 1240 1043 1307 permansit
1088 1255 1248 1307 USqlle
1268 1242 1330 1291 ad
1377 1241 1487 1306 ejus
1536 1255 1662 1292 con-

132 1327 445 1391 fessionem,
494 1330 579 1393 qui
621 1330 929 1380 constitutus
977 1328 1515 1380 Thessalonicensium
1563 1328 1667 1393 epi-

131 1430 354 1481 scOpus,
390 1424 504 1480 post
528 1418 703 1483 longos
733 1430 792 1468 ac
820 1416 1143 1467 beatissimos
1193 1430 1385 1480 agones
1408 1431 1432 1464 a
1464 1414 1665 1467 Christo

127 1514 419 1555 coronatus
465 1503 677 1568 quievit.
729 1503 905 1555 [tunae
940 1504 989 1554 in
1020 1512 1197 1569 crypta
1239 1504 1473 1554 arenaria
1532 1504 1668 1554 beati

1768 725 1938 767 zatuin
2005 717 2053 767 in
2083 717 2209 767 albis
2275 714 2627 782 presbyterum
2670 716 3009 773 consecravit,
3061 717 3144 781 qui
3188 729 3288 766 non

1767 803 1915 869 iunge
1962 812 2078 867 post
2124 802 2437 853 abscissione
2491 800 2674 865 capitis
2729 802 3032 868 martyrium
3080 817 3288 867 prome-

1770 891 1893 952 ruit,
1929 890 2159 953 sepultus
2186 897 2265 941 est
2293 903 2319 939 a
2345 889 2497 940 beato
2526 890 2790 954 Stephano
2819 889 3077 953 pontiﬁce.
3105 891 3164 940 Et
3195 905 3286 939 na-

1766 976 1866 1028 taie
1908 976 2067 1028 sancti
2117 976 2304 1028 Justini
2354 978 2686 1041 confessoris,
2746 978 2979 1043 Lugduni
3035 978 3287 1031 adventus

1766 1064 2002 1128 corporis
2027 1065 2192 1115 sancti
2215 1064 2348 1116 Justi
2374 1064 2598 1131 episcopi
2622 1067 2685 1116 de
2705 1081 2900 1118 eremo.

1829 1150 1894 1203 G.
1935 1151 2058 1203 Non.
2102 1153 2330 1205 AUGUST.
2386 1154 2761 1218 Augustuduno
2834 1157 2999 1207 sancti
3063 1157 3301 1210 Cassiani

1766 1239 2015 1304 episcopi.
2051 1236 2104 1289 In
2144 1239 2345 1290 civitate
2374 1239 2721 1293 Catalaunicze
2766 1242 3022 1307 depositio
3069 1244 3292 1296 Memmii

1766 1325 1994 1388 episcopi
2025 1324 2441 1387 etconfessoris;
2474 1338 2525 1379 et
2554 1328 2676 1380 alibi
2725 1340 3015 1383 sanctorum
3064 1331 3295 1386 Floriani

1766 1424 1815 1464 et
1848 1412 2151 1464 Philistinae.
2185 1413 2249 1465 Et
2283 1414 2451 1465 natale
2478 1418 2640 1469 sancti
2668 1418 2903 1473 -Oswaldi
2930 1420 3065 1485 regis
3091 1460 3107 1485 ,
3161 1436 3297 1473 mar-

1772 1505 1904 1569 tyrio
1931 1504 2186 1555 coronati.

1344 1588 1558 1641 Εῡιτιυ
1603 1587 2086 1642 BOLLANDIANA.

130 1679 277 1730 citur
304 1656 437 1732 unus
466 1679 529 1732 tle
572 1678 827 1744 lapidibus
854 1677 1036 1745 quibus
1080 1690 1353 1745 percussus
1376 1685 1474 1728 est.
1510 1676 1566 1727 Β.
1603 1676 1663 1727 D.

131 1750 189 1799 Δ.
234 1748 303 1801 Τ.
332 1750 411 1810 L.,
439 1746 806 1813 Hierosolymis
826 1754 852 1781 ι
872 1744 1109 1797 inventio
1128 1744 1358 1813 corporis
1384 1752 1669 1813 protomar-

136 1818 275 1882 tyris
304 1816 549 1881 Stephani
582 1811 855 1881 (Hactenus
884 1814 971 1880 Α),
1001 1826 1053 1863 et
1094 1813 1189 1865 55.
1225 1811 1546 1870 Gautalielis,
1579 1812 1668 1889 μι-

136 1883 347 1933 codemi
393 1892 446 1933 et
482 1882 702 1933 Abibon.
753 1882 813 1932 A.
857 1882 942 1933 Τ..
998 1881 1367 1933 Augustoduno
1414 1881 1665 1933 depositio

133 1890 347 1933 codetni
393 1892 446 1934 et
482 1890 702 1933 Abibo".
753 1890 813 1932 A.
858 1890 942 1941 'l‘.,
998 1890 1367 1945 AugustOduno
1414 1890 1665 1943 depositio

140 1950 381 2001 I'Zufronii
410 1950 660 2013 episcopi.
694 1948 771 2007 8.,
805 1947 979 1998 Romae
1010 1947 1316 2014 natalisSS.
1347 1945 1584 2014 Diogenis
1613 1953 1669 1997 et

135 2016 418 2083 Stephani.
444 2012 882 2079 Constantinopoli
918 2016 1085 2066 natale
1112 2017 1165 2067 S.
1200 2012 1224 2048 ι’
1251 2012 1462 2067 Αςειιωζ

204 2104 262 2157 4.
297 2132 366 2143 -
391 2103 429 2158 ιι
458 2102 647 2156 Nonas.
680 2100 840 2154 Vacat
868 2102 1038 2155 Bzeda.

209 2199 233 2227 ε
266 2189 352 2251 D.,
384 2189 521 2241 Beati
546 2194 572 2231 d
594 2187 875 2240 Aristarchi
904 2187 1138 2255 discipuli
1174 2186 1226 2239 S.
1261 2186 1399 2240 Pauli
1433 2188 1668 2253 apostoli.

131 2257 325 2311 Romae
354 2267 377 2295 ⁸
410 2255 704 2309 Tertulliani
733 2256 989 2323 martyris.
1018 2257 1072 2308 Β.
1096 2256 1153 2307 C.
1182 2255 1265 2314 V.,
1296 2256 1472 2307 Romae
1498 2271 1544 2305 in
1569 2271 1675 2307 etn—

133 2327 362 2378 meterio
392 2325 447 2375 5.
477 2324 771 2383 Laurentii,
802 2322 1146 2373 Crescentiani
1186 2333 1237 2374 et
1265 2323 1417 2376 Justi.
1453 2323 1542 2385 L.,
1574 2323 1675 2374 Na-

132 2392 239 2444 tale
270 2393 367 2444 SS.
399 2390 778 2458 Grescentiani,
825 2388 955 2440 Justi
1003 2400 1055 2442 et
1100 2389 1318 2458 J.ic_iutlti
1365 2400 1669 2458 martyrum;

134 2461 227 2521 Α..
263 2460 442 2510 Itonia!
470 2458 524 2511 5.
553 2457 736 2509 .lnstini
782 2457 1066 2523 presbyteri
1097 2467 1149 2507 et
1176 2454 1233 2508 S.
1269 2454 1670 2509 Crescentianae.

131 2526 227 2590 Τ.,
264 2527 439 2578 Roma:
467 2526 635 2577 natale
660 2524 716 2577 5.
747 2524 875 2576 Justi
900 2537 948 2577 et
972 2526 1025 2577 S.
1055 2524 1450 2577 Crescentizinte.
1480 2526 1537 2575 Et
1560 2539 1675 2587 pas-

133 2595 217 2646 sio
248 2595 309 2646 S.
344 2594 361 2631 ¹
395 2594 578 2647 Justitti
606 2594 912 2659 presbyteri,
935 2593 1018 2658 qui
1046 2594 1197 2643 multa
1226 2608 1437 2657 corpora
1468 2605 1674 2645 sancto-

136 2678 257 2713 rum
293 2662 497 2727 collegtt
540 2674 600 2712 ac
642 2660 897 2724 sepelivit.
947 2664 1024 2721 8.,
1068 2660 1121 2711 In
1170 2660 1464 2712 Nicomedia
1508 2663 1675 2712 natale

136 2732 238 2782 55.
269 2730 417 2794 Saga:
442 2739 494 2780 et
524 2727 900 2780 Bartholotnwi.

209 2818 262 2870 ’5.
293 2818 473 2870 Noats.
508 2816 664 2869 Vacat
692 2816 861 2868 Baeda.

212 2903 399 2955 Florus
422 2904 471 2956 in
503 2906 565 2958 A.
596 2903 657 2955 Τ.
690 2903 747 2957 ι..
780 2920 792 2954 :
846 2902 960 2969 Ipso
983 2901 1067 2954 die
1106 2894 1275 2956 natale
1312 2903 1367 2957 S.
1395 2911 1419 2946 κ
1444 2900 1672 2956 Cassiani

137 2991 375 3057 episcopi
403 3004 452 3045 et
475 2992 789 3046 confessoris
816 3009 828 3043 :
858 2993 941 3060 qui
969 3008 995 3044 a
1027 2992 1236 3047 Theone
1266 2993 1371 3064 μ..
1402 2993 1560 3055 Zone,
1591 2992 1674 3057 L.,

137 3080 345 3150 Azone]
401 3091 623 3149 martyre
677 3084 976 3136 cmlestibus
1024 3083 1305 3134 instructus
1348 3082 1673 3148 disciplinis,

137 3166 167 3203 ⁸³
186 3169 237 3220 in
258 3167 471 3221 civitate
488 3167 869 3235 Egyptinrum,
888 3168 1137 3221 vocabqu
1152 3169 1379 3231 Orteusi,
1404 3171 1676 3233 episcopus

138 3262 222 3304 cst
251 3255 556 3307 ordinatus:
588 3254 637 3306 in
663 3269 763 3322 qua
792 3269 910 3307 cum
942 3254 1215 3307 ecclesiam
1249 3263 1573 3305 construeret
1613 3253 1669 3305 Β.

142 3342 457 3396 Laurentius
485 3355 681 3412 martyr
717 3345 765 3397 ei
796 3344 1060 3411 apparuit,
1102 3351 1154 3394 et
1196 3351 1251 3393 ut
1300 3346 1533 3395 eamdem
1580 3356 1675 3394 suo

141 3434 343 3487 nomini
388 3433 652 3489 dedicaret
690 3432 974 3485 admonuit.
1020 3432 1314 3500 (Hactenus
1345 3429 1446 3497 L.)
1484 3431 1677 3483 Deinde

141 3521 318 3574 divina
352 3521 667 3576 revelatione
693 3520 886 3572 Gallias
928 3530 1222 3585 penetrans,
1261 3517 1673 3585 Augustidunen-

1771 1690 1881 1729 sem
1934 1679 2112 1730 urbem
2160 1691 2277 1731 cum
2319 1679 2426 1733 suis
2462 1694 2764 1748 aggressus,
2812 1694 2841 1734 a
2890 1683 2944 1736 5.
2980 1682 2997 1720 ι
3030 1684 3297 1752 Simplicio

1770 1766 2000 1833 ejusdem
2031 1768 2175 1821 urbis
2198 1769 2440 1835 episcopo
2466 1772 2747 1824 honorifice
2767 1780 2847 1824 est
2867 1785 3168 1840 susceptus;
3201 1776 3296 1828 mi-

1771 1856 2089 1921 nistratoque
2116 1870 2144 1906 a
2169 1856 2222 1909 S.
2254 1855 2519 1924 Simplicio
2556 1860 2844 1913 sacerdotio
2868 1870 2920 1915 et
2942 1862 3207 1928 defuncto,
3243 1864 3293 1916 in

1771 1939 1884 2005 ejus
1911 1941 2074 1993 locum
2115 1941 2171 1995 S.
2203 1940 2480 1995 Cassianus
2515 1945 2821 2011 subrogatus
2861 1957 2941 1999 est
2982 1954 3295 2015 episcopus:

1697 2003 1744 2062 Β
1776 2027 1858 2078 ubi
1902 2036 1953 2079 et
1994 2027 2168 2080 multis
2214 2032 2505 2083 coruscavit
2546 2033 2811 2083 miraculis
2850 2043 2901 2085 et
2947 2003 3196 2102 requievit
3243 2039 3295 2091 in

1772 2130 1914 2180 pace.
1961 2116 2035 2167 Ad
2062 2117 2209 2183 cujus
2244 2118 2534 2184 sepulcrum
2578 2118 2675 2173 B.l
2716 2118 3004 2175 Germanus
3046 2125 3299 2178 Autissio-

1769 2206 2004 2258 dorensis
2033 2208 2305 2273 episcOpus
2333 2208 2566 2272 veniens,
2604 2216 2657 2261 et
2680 2223 2741 2261 ex
2773 2223 2916 2262 more
2943 2210 3151 2266 Christo
3180 2231 3298 2281 pre-

1769 2308 1857 2347 ces
1885 2294 2123 2358 fundens,
2154 2296 2316 2349 fertur
2356 2296 2574 2362 alloqui:
2615 2297 2743 2360 Quid
2771 2336 2783 2357 ,
2830 2299 3029 2365 inquit,
3076 2302 3301 2367 gloriose

1768 2382 1932 2435 frater
1957 2382 2224 2446 Cassiane,
2255 2384 2403 2447 agis?
2432 2384 2716 2450 Respondit
2739 2386 2795 2439 Β.
2817 2386 3092 2440 Cassianus
3116 2406 3128 2440 :
3158 2390 3298 2443 Dulci

1773 2469 1823 2520 in
1856 2482 1981 2534 pace
2009 2468 2181 2536 quiete
2207 2470 2403 2543 potior,
2423 2480 2477 2523 et
2504 2471 2779 2525 adventum
2820 2474 3175 2541 Redemptoris
3203 2492 3298 2529 εχ·
3362 2474 3365 2477 λ

1772 2566 1967 2635 specto.
1995 2558 2150 2624 Cujus
2171 2567 2349 2623 postea
2375 2574 2560 2625 corpus
2588 2561 2911 2615 multitudine
2939 2565 3297 2619 miraculorum

1773 2646 1992 2710 pollens,
2024 2645 2074 2697 in
2106 2646 2464 2713 municipium,
2505 2650 2638 2713 quod
2672 2652 2895 2717 Augusta
2928 2650 3300 2705 Viromanduo-

1772 2746 1886 2783 rum
1918 2741 2262 2799 nuncupatur,
2294 2744 2375 2787 est
2396 2732 2425 2770 ιιι
2461 2736 2764 2787 translatum
2792 2747 2841 2789 et
2872 2736 3002 2790 intra
3032 2738 3299 2794 basilicam

1773 2819 1829 2872 Β.
1858 2820 2087 2883 Quitttini
2118 2820 2359 2889 martyris
2389 2824 2665 2887 sepultum.

1844 2906 1928 2979 D._,
1960 2908 2104 2979 Apud
2136 2909 2467 2979 provinciam
2519 2910 2716 2963 itlietiaa
2758 2910 2961 2965 civitate
3004 2912 3296 2979 Angustana

1773 2976 1954 3044 natalis
1985 2976 2039 3027 S.
2068 2973 2084 3009 ι
2118 2976 2255 3027 Afrae
2280 2993 2291 3025 :
2316 2992 2427 3041 qua:
2452 2992 2567 3029 cum
2596 2987 2735 3029 esset
2756 2994 2947 3044 pagana
2973 2989 3027 3031 et
3053 2973 3297 3036 meretrix

1774 3057 1862 3107 per
1888 3043 2172 3092 doctrinam
2197 3044 2250 3092 5.
2285 3045 2505 3095 Μινείεεὶ
2537 3048 2762 3108 episcopi
2791 3043 2851 3097 ad
2879 3047 3137 3099 Christum
3167 3064 3295 3101 cort-

1772 3118 2020 3179 versapet
2048 3124 2162 3179 cum
2194 3111 2331 3160 omni
2357 3111 2511 3179 domo
2549 3128 2639 3163 sua
2670 3112 2943 3177 baptizata,
2974 3129 3064 3179 pro
3092 3120 3300 3169 confes-

1771 3178 1918 3249 s_iOue
1948 3177 2149 3249 Domini
2177 3178 2276 3249 igni
2305 3178 2487 3249 tradita
2514 3189 2623 3249 est.
2645 3180 2701 3230 Β.
2734 3180 2817 3242 γ..
2846 3177 3211 3249 Augustoduuo
3237 3185 3296 3238 S.

1773 3244 2001 3317 Cassiani
2028 3246 2398 3317 episcopi.__B.,
2428 3249 2493 3317 _|n
2516 3248 2751 3317 civitate
2782 3244 3007 3317 Augusta
3041 3254 3211 3317 passio
3240 3251 3297 3305 5.

1700 3297 1745 3360 C
1776 3312 1882 3386 Afri
1909 3297 2168 3386 martyris.
2290 3297 3017 3386 Y.,'_Catl_talouisvs.—

1776 3378 1982 3453 Y.,_Et_
2016 3378 2135 3453 alibi
2184 3381 2409 3453 Floriaoi
2438 3392 2488 3433 et
2518 3384 2817 3453 Philistinre.
2855 3384 2938 3449 (2.,
2981 3388 3045 3438 Et
3076 3378 3298 3453 Agapi'ti.

1778 3448 1819 3498 A
1849 3446 1933 3506 T.,
1968 3447 2017 3497 In
2043 3448 2250 3499 civitate
2280 3448 2550 3513 Anxiupoli
2585 3451 2749 3501 natale
2767 3452 2821 3502 5.
2848 3446 3027 3505 Eraclii
3056 3446 3299 3509 et'Eren-

1780 3515 1853 3565 tii.
1889 3515 1949 3565 Et
1973 3514 2268 3567 Catalauuis
2293 3516 2349 3567 S.
2370 3524 2406 3550 ιιι
2434 3516 2655 3569 Memmii
2686 3521 2933 3585 episc0pi.

1478 3601 1676 3655 SMITH
1713 3598 1933 3653 NOTAE.

215 3708 242 3735 ³
285 3698 527 3750 liuentia.
558 3696 614 3750 5.
641 3694 869 3748 Lueiano
894 3693 1139 3759 reliquias
1169 3692 1351 3759 horum
1376 3703 1667 3748 sanctorum

144 3768 399 3820 revelavit
440 3764 684 3815 Gamaliel
733 3765 783 3814 in'
828 3758 1042 3821 somnis,
1087 3773 1221 3811 coss.
1266 3758 1491 3809 Honorio
1525 3760 1668 3811 deci-

144 3852 287 3885 mum
318 3844 369 3887 et
395 3832 680 3883 Theodosio
716 3840 935 3892 sextum,
976 3830 1022 3880 id
1051 3836 1131 3880 est
1165 3842 1301 3877 anno
1330 3826 1453 3889 415,
1484 3841 1538 3877 ιιι
1570 3827 1671 3877 No-

150 3919 243 3953 nas
294 3901 532 3951 Decemb.
584 3898 964 3961 Hicrosolymas
1004 3905 1175 3947 autem
1226 3899 1480 3946 translata:
1525 3903 1664 3954 sunt,

146 3970 247 4021 sub
274 3970 567 4033 episcopatu
596 3966 806 4033 Joannis
834 3963 897 4013 ad
926 3978 990 4014 vu
1016 3961 1129 4033 Kal.
1150 3962 1396 4033 Januarii.
1420 3962 1549 4013 Cum
1576 3976 1668 4033 au-

146 4046 253 4088 tem
287 4030 437 4088 hodie
475 4048 568 4085 nec
597 4032 822 4084 inventio
849 4044 943 4081 nec
980 4030 1243 4081 translatio
1289 4030 1454 4095 aliqua
1503 4030 1667 4080 conti-

142 4115 300 4169 ger.t,
328 4117 426 4168 qua
459 4103 656 4152 rati0ue
686 4099 871 4150 factum
898 4098 983 4159 sit,
1014 4104 1071 4169 ut
1096 4099 1190 4169 hac
1216 4097 1299 4147 die
1324 4098 1489 4169 potius
1509 4112 1661 4169 quam

144 4163 359 4223 caeteris
380 4170 622 4220 memoria
667 4169 776 4217 huic
802 4165 1074 4230 ageretur?
1122 4163 1213 4227 Hie
1237 4165 1400 4216 nodus
1430 4164 1478 4215 in
1518 4164 1662 4218 Notis

145 4241 211 4288 ad
240 4237 443 4288 Barouii
473 4235 730 4301 Martyrol.
759 4232 973 4284 solvitur
998 4246 1025 4283 a
1068 4232 1124 4283 Ι).
1171 4233 1395 4301 Antonio
1438 4232 1665 4301 Geronio

147 4303 547 4365 Tarraconensi,
592 4298 735 4366 cujus
765 4301 874 4351 hace
895 4308 974 4350 est
998 4299 1271 4366 sententia,
1303 4309 1355 4366 ut
1400 4298 1659 4366 existimet

146 4382 301 4437 longe
324 4380 443 4422 ante
463 4364 806 4421 inventionem
830 4367 883 4420 S.
919 4366 1161 4437 Stephani
1185 4364 1312 4437 hanc
1337 4364 1497 4430 ipsam
1521 4364 1659 4417 diem

1773 3689 2027 3767 Caurentii
2058 3690 2438 3767 archidiaconi,
2476 3701 2526 3767 et
2577 3691 2833 3761 Hippolyti
2882 3704 2934 3747 et
2980 3698 3149 3751 omnis
3178 3700 3300 3767 ejus

1771 3757 1977 3829 familia
1996 3799 2010 3820 ,
2041 3761 2361 3823 aliorumque
2393 3761 2610 3822 plurium
2632 3757 2921 3829 martyrum
2960 3778 3175 3829 corpora
3206 3757 3289 3817 se-

1772 3827 1985 3889 pultura:
2030 3828 2484 3887 commendasset,
2532 3826 2737 3878 evoluto
2778 3826 2918 3881 anno
2962 3826 3065 3881 sub.
3104 3835 3329 3886 eadem“

1767 3893 2122 3958 persecutione
2150 3903 2201 3944 et
2232 3894 2340 3958 ipse
2362 3896 2664 3962 martyrium
2689 3896 2869 3960 capitis
2892 3900 3288 3954 obtruncatione

1768 3962 2073 4034 promeruit:
2107 3971 2155 4013 et
2182 3963 2413 4034 sepultus
2435 3965 2718 4034 est__ltom:e
2742 3964 2818 4034 via
2846 3966 3109 4018 Tiburtina
3137 3968 3284 4034 juxta

1766 4041 1951 4095 corpus
1981 4028 2239 4080 Laurentii
2272 4032 2470 4095 inagro
2509 4030 2727 4083 Verano.
2764 4032 2985 4085 Usuano.
3030 4028 3190 4089 Perit.
3220 4054 3284 4091 νε

1766 4094 1966 4165 ΝΑτΑ-ι..
1999 4097 2146 4165 Apud
2177 4098 2359 4165 liaron.
2384 4099 2647 4165 Martyrol.
2678 4101 2860 4151 colitur
2886 4116 2987 4154 xvtt
3014 4103 3277 4164 Septemb.

1832 4170 1856 4206 s
1885 4162 2125 4213 Cassiani.
2177 4164 2268 4214 ilic
2310 4162 2584 4229 episcopus
2628 4166 2856 4218 Ortensis
2882 4168 3048 4221 factus
3071 4162 3164 4222 fuit
3192 4172 3284 4224 Jo-

1760 4230 1901 4298 viani
1927 4232 2250 4294 imperatoris
2286 4241 2536 4298 ltflllpore-

1832 4294 1856 4367 "1
1893 4297 2053 4367 Yerba
2083 4298 2132 4346 in
2162 4299 2374 4367 ciuitate,
2392 4294 2529 4363 'etc.,
2558 4306 2717 4366 usqtte
2743 4299 2805 4353 ad
2825 4312 3068 4367 exspecto,
3087 4320 3192 4357 om.
3218 4305 3280 4358 A.

1836 4363 1851 4399 ί
1886 4364 2163 4438 Simplicio.
2219 4366 2360 4438 unde
2382 4363 2756 4438 ‘emeudaudus
2784 4363 2978 4422 videtur
3006 4363 3283 4438 Gregorius

146 4421 199 4490 in
214 4421 701 4503 h‘onoremejusdem
724 4421 1109 4501 protomartyris
1129 4421 1655 4497 essedicazam,post-
1688 4421 1741 4479 Ι)
1768 4430 1958 4503 ’[υιοη.
1989 4421 2053 4503 de
2088 4432 2231 4503 Glor.
2262 4421 2520 4503 Confess.,
2562 4449 2681 4499 cap.
2722 4436 2807 4497 ‘25,
2854 4439 2937 4503 qui
2960 4421 3284 4494 οῐιέέῖάῆἑιῖιὶ

149 4507 359 4557 modum
390 4516 557 4557 autem
588 4504 837 4556 redditam
876 4503 1235 4553 soletnuiorem
1260 4514 1323 4552 ex
1351 4515 1669 4552 commemo-

150 4574 354 4625 ratione
384 4573 637 4637 praedicta:
660 4570 999 4631 inventionis;
1032 4584 1147 4619 nam
1172 4581 1322 4633 supra
1346 4578 1545 4637 constat
1569 4568 1669 4637 hoc

146 4642 235 4692 die
259 4634 576 4702 Stephanum
601 4640 751 4689 fuisse
778 4637 1001 4688 Ancon’m
1023 4638 1299 4688 celebrem.
1331 4635 1463 4686 Aviti
1492 4634 1668 4687 et‘Lu-

148 4708 286 4759 ciani
318 4709 509 4758 litteras
534 4708 597 4756 de
625 4706 718 4755 hac
747 4705 1043 4755 inventione
1083 4706 1223 4769 legas
1252 4703 1383 4763 apud
1424 4704 1629 4753 Surium
1650 4739 1668 4762 ,

150 4783 276 4826 tom.
324 4774 405 4829 IV.
451 4774 515 4826 ad
540 4774 674 4825 diem
701 4784 757 4823 ut
786 4771 998 4835 Augusti
1041 4779 1089 4821 et
1136 4768 1184 4820 in
1224 4768 1426 4820 Barouii
1454 4769 1667 4831 Anual.,

146 4857 286 4893 anno
312 4841 430 4893 315.

223 4909 250 4947 δ
278 4912 478 4961 Acellrc.
510 4907 683 4960 Potius
710 4904 921 4957 Achillis
953 4905 1032 4957 vel
1064 4904 1301 4957 Achillei.

220 4987 243 5013 θ
280 4976 361 5035 8.,
394 4974 564 5026 Rome
590 4978 666 5025 via
691 4973 948 5024 Tiburtina
978 4976 1141 5023 nat/ile
1163 4972 1264 5025 SS.
1299 4971 1574 5024 Laurentii.

219 5040 246 5078 ἀ
274 5041 566 5093 Aristarchi.
594 5042 690 5104 Qui
733 5054 905 5091 comes
942 5040 1231 5090 individuus
1278 5042 1419 5092 Pauli
1452 5040 1669 5105 apostoli

150 5121 198 5162 et
228 5124 332 5162 una
359 5123 472 5159 cum
500 5123 563 5159 eo
588 5108 822 5172 captivus
853 5107 902 5159 in
934 5108 1148 5159 vinculis
1192 5108 1365 5158 Romae
1404 5106 1517 5157 fuit.
1550 5108 1668 5157 Post

153 5180 444 5245 passionem
486 5175 647 5235 Pauli,
697 5175 812 5245 quia
850 5174 914 5226 ab
939 5189 1002 5227 eo
1033 5178 1301 5245 episcopus
1328 5174 1667 5245 Thessaloni-

152 5242 384 5297 censiout
409 5245 714 5295 constitutus
748 5243 929 5303 fuerat,
972 5244 1075 5305 vel,
1111 5253 1166 5293 ut
1190 5243 1345 5293 abbas
1378 5242 1667 5292 Dorotlieos

114 5311 353 5373 .scribit,
401 5312 669 5376 episeopus
714 5308 960 5374 Apamia),
1011 5320 1129 5376 post
1170 5312 1348 5373 longos
1394 5322 1585 5375 agones
1639 5322 1667 5359 a

151 5379 360 5430 Christo
386 5375 660 5429 coronatus
686 5388 783 5428 est.
814 5377 970 5427 ιἐτιι.
1004 5391 1067 5427 us
1094 5375 1291 5429 NATAL.

221 5455 243 5481 ο
274 5443 588 5496 Tertulliani.
623 5450 691 5497 De
720 5446 817 5495 boc
842 5456 993 5509 supra
1020 5444 1131 5494 vide
1159 5444 1244 5497 die
1274 5458 1373 5494 xxx
1401 5440 1542 5509 Julii.

221 5511 239 5550 ί
273 5512 481 5564 Justini.
508 5513 602 5575 Qui
647 5507 1003 5577 persecutione
1045 5511 1202 5575 Decii,
1252 5510 1380 5562 Galli
1427 5518 1479 5559 et
1513 5507 1665 5560 Volu-

152 5581 279 5632 siani
308 5578 647 5631 confessionis
673 5581 839 5643 gloria
869 5579 1247 5645 insignissimus
1280 5578 1579 5645 fuitaQuem
1608 5578 1663 5628 Β.

151 5648 324 5703 Sintiis
354 5647 639 5710 ordinavit;
668 5656 719 5696 et
754 5647 839 5712 qui
879 5643 1144 5712 postquam
1190 5647 1250 5698 Β.
1282 5643 1411 5699 5ἰιιί
1444 5657 1587 5709 ρτιρευ
1616 5658 1667 5696 et

1773 4500 2050 4571 Egeriionio
2078 4508 2128 4571 et
2157 4500 2425 4562 Simplicio
2454 4504 2720 4568 praeponit.
2755 4506 2815 4555 Et
2845 4500 3049 4571 quidem
3080 4508 3286 4569 Simpli-

1768 4570 1877 4619 cius
1901 4567 2029 4619 inter
2049 4568 2316 4635 episcopos
2336 4567 2653 4633 recensetur,
2679 4573 2763 4635 qui
2789 4567 2922 4624 anno
2943 4573 3042 4624 546
3063 4567 3284 4627 concilio

1767 4634 2056 4707 Coloniensi
2088 4643 2263 4707 contra
2298 4638 2607 4707 Euphratam
2650 4634 2879 4707 ejusdem
2920 4640 3057 4690 urbis
3085 4644 3285 4707 episco-

1768 4716 1886 4771 pum
1914 4701 2168 4771 dicunturq
2190 4704 2518 4771 interfuisse;
2566 4701 2877 4771 proiudcque
2902 4714 3020 4757 aute
3048 4701 3279 4761 Calsia’ni
3313 4746 3318 4751 -

1766 4769 2037 4839 adventum
2081 4769 2316 4830 sedebat,
2362 4774 2445 4838 qui
2482 4770 2683 4823 Joviatti
2714 4769 2961 4839 lettiporc.
2991 4775 3039 4826 id
3077 4786 3156 4827 est
3194 4793 3279 4829 an.

1765 4834 1884 4896 Stis,
1917 4834 2078 4886 factus
2108 4850 2185 4889 est
2210 4834 2498 4901 episcopus.

1839 4902 1852 4950 i
1895 4904 2182 4955 Germanus.
2220 4904 2345 4956 Vide
2389 4907 2672 4957 Constantii
2718 4907 2884 4961 Vitam
2926 4910 2980 4961 S.
3014 4908 3277 4974 Germani,

1765 4985 1832 5033 ιι,
1884 4988 1921 5021 ι.
3247 5000 3251 5003 ,

1836 5042 1860 5077 ιι
1882 5039 2218 5089 Translatum.
2240 5037 2356 5087 Haec
2377 5042 2644 5094 translatio
2661 5041 2789 5093 facta
2805 5053 2874 5093 εει
2900 5042 3034 5093 circa
3058 5058 3141 5096 an.
3162 5044 3283 5097 840.

1838 5099 1855 5136 ¹
1890 5109 2055 5177 Afrae.
2080 5108 2173 5155 l'ro
2199 5105 2318 5177 Afra
2344 5106 2466 5159 Afer
2484 5111 2626 5174 juxta
2648 5108 2926 5177 Notkerum
2957 5115 3279 5177 reponendus

1765 5186 1861 5234 est,
1902 5177 1985 5237 qui
2017 5175 2091 5241 sic
2128 5175 2331 5224 scribit:
2370 5192 2386 5222 ι
2426 5177 2477 5227 ln
2518 5181 2741 5241 Augusta
2780 5174 3103 5241 Eufraten'si,
3146 5184 3281 5230 nati-

1766 5242 1894 5291 vitas
1925 5243 1977 5289 S.
2011 5240 2122 5291 Afri
2153 5245 2418 5307 martyris,
2468 5240 2684 5308 quorum
2732 5243 2993 5297 nominum
3041 5240 3283 5298 similitu-

1764 5308 1899 5370 dine,
1929 5308 1977 5357 id
2008 5316 2093 5360 est
2111 5308 2356 5374 Augustae
2390 5318 2444 5361 et
2490 5308 2619 5372 Afri,
2649 5321 2901 5364 nostrates
2934 5313 3149 5374 indocti,
3183 5316 3277 5366 hac

1764 5374 1847 5426 die
1876 5376 2015 5445 apud
2040 5375 2316 5441 Augustam
2348 5376 2651 5430 Rlietianam
2681 5381 2789 5432 sive
2822 5379 3135 5432 Vindelicam
3161 5394 3277 5445 pas-

1763 5445 1963 5512 sionem
1986 5444 2041 5493 5.
2074 5445 2208 5512 Atra;
2228 5454 2631 5497 consummatam
2655 5456 2980 5512 putaverunt.
3015 5464 3033 5496 ι
3064 5448 3135 5500 De
3156 5449 3277 5500 Afra

1742 5508 1881 5561 avide
1904 5510 2039 5577 intra
2064 5510 2129 5561 ad
2156 5505 2288 5559 diem
2323 5524 2390 5562 vn
2422 5512 2569 5577 hujus
2601 5505 2809 5565 tnensis.

1831 5585 1869 5611 ω
1894 5574 2135 5630 Memmii.
2159 5577 2349 5629 Auctor
2369 5589 2447 5631 est
2470 5574 2795 5633 Frodoardus
2814 5579 3111 5633 Memmium
3129 5584 3279 5636 simul

1764 5656 1880 5698 cum
1903 5643 1962 5698 S.
1979 5643 2124 5698 Sixto
2143 5644 2451 5698 lthemorum
2476 5647 2642 5713 primo
2669 5650 2910 5716 episcopo
2924 5661 2953 5702 a
2970 5650 3026 5703 S.
3047 5650 3200 5706 Petro
3228 5670 3277 5705 ut
