3898 6306
590 403 690 461 999

1268 408 1456 462 DEDE
1497 409 1929 464 VENERABILIS
1964 411 2107 464 OPP.
2151 410 2319 465 PARS
2357 410 2439 462 IV.
2482 439 2544 448 —-
2582 410 2943 466 IIISTORICA.

3609 416 3725 471 I000

1546 572 1558 589 δ
1760 558 1763 559 ν
1802 517 2019 571 EDITIO
2052 518 2499 572 COLONIENSIS.

659 606 720 657 Λ.
737 606 840 658 \'IlI
859 606 966 658 lous
985 606 1204 661 Aucusr.
1226 608 1400 660 Roma:
1426 609 1473 660 in
1493 610 1789 671 canteterio
1811 608 2011 671 Culisti,
2032 610 2107 658 via
2140 620 2184 674 Α
2213 610 2505 671 buereutur,
2534 608 2771 673 projectis
2796 608 2844 659 in
2872 608 3044 659 schola
3069 607 3278 669 tabulis,
3296 616 3481 671 sponte
3506 608 3573 659 ad
3602 624 3721 660 mar-

590 693 751 755 Appia
788 695 951 744 natale
993 696 1149 745 sancti
1193 694 1326 747 Sixti
1372 696 1600 760 episc0pi
1631 705 1682 746 et
1711 697 1980 761 martyris,
2011 696 2106 746 sub

593 779 742 829 Decio
764 779 1065 843 imperatore
1090 791 1142 834 et
1164 782 1439 833 Valeriano
1459 782 1717 848 praefecto,
1737 790 1792 833 et
1812 793 2103 832 sanctorum

590 863 884 915 Felicissimi
932 876 983 917 et
1038 866 1235 931 Agapiti
1280 868 1605 918 diaconorum
1660 866 1930 932 ejusdem,
1979 880 2106 930 quos

588 950 734 1001 simul
759 950 912 1016 jussit
960 952 1142 1004 Decius
1183 963 1301 1005 ante
1336 954 1574 1019 templum
1624 955 1795 1004 Martis
1837 953 2102 1004 decollari.

587 1039 745 1093 Noctu
790 1056 912 1094 vero
956 1054 1199 1095 venerunt
1226 1045 1437 1105 clerici,
1470 1054 1521 1097 et
1560 1046 1779 1095 maxima
1812 1058 1926 1110 pars
1952 1044 2104 1094 Chii-

585 1128 885 1189 stiauorum,
910 1131 1220 1197 sepelierunt
1247 1140 1535 1182 sanctorum
1563 1146 1785 1197 corpora
1812 1148 1924 1181 cum
1949 1132 2103 1196 digno

588 1213 800 1268 honore.
835 1214 1075 1268 Decollati
1102 1226 1220 1269 sunt
1262 1233 1378 1269 cum
1405 1219 1477 1269 eis
1508 1228 1559 1270 et
1584 1218 1667 1269 alii
1700 1229 1941 1283 quatuor,
1972 1220 2104 1287 ut‘in

590 1298 759 1351 Gestis
779 1302 1149 1365 pontilicalibus
1178 1303 1381 1369 leg'tur,
1401 1302 1689 1366 Ianuarius,
1724 1305 1953 1369 Magnus,
1980 1306 2105 1355 Vin-

588 1388 817 1448 centius,
845 1388 1163 1455 Stephanus,
1194 1390 1513 1443 subdiaconi.
1566 1390 1754 1443 Passus
1784 1400 1859 1442 est
1888 1406 2002 1441 cum
2030 1392 2106 1444 eis

589 1482 638 1524 et
665 1475 839 1526 beatus
863 1475 1113 1540 Quartus,
1150 1487 1205 1530 ut
1232 1479 1406 1530 scribit
1435 1488 1645 1530 sanctus
1669 1477 1977 1546 Cyprianus.
2014 1480 2121 1533 lIie

592 1560 768 1612 beatus
790 1563 959 1615 Sixtus
986 1564 1119 1627 apud
1148 1566 1375 1617 Athenas
1403 1576 1549 1617 natus
1574 1575 1626 1617 et
1648 1568 1849 1628 doctus,
1881 1568 2103 1632 primum

593 1648 795 1715 quidem
847 1650 1177 1717 philosophus
1196 1693 1211 1715 ,
1241 1661 1413 1718 postea
1443 1651 1633 1705 Christi
1661 1654 1940 1720 discipulus
1971 1655 2098 1706 fuit:

591 1734 725 1786 sedit
747 1735 797 1787 in
818 1737 1111 1801 episcopatu
1137 1753 1327 1789 annum
1353 1753 1529 1804 unum,
1548 1754 1751 1792 menses
1771 1742 1970 1803 decem,
1997 1741 2106 1807 dies

601 1822 771 1888 viginti
816 1831 936 1875 tres.
968 1825 1020 1877 In
1054 1825 1308 1892 Hispaniis
1334 1827 1539 1880 civitate
1565 1829 1866 1895 Compluto,
1894 1829 2025 1881 .lusti
2054 1839 2106 1883 et

2208 696 2389 761 tyriqu
2437 703 2807 745 cucurrerunt:
2834 695 2917 760 qui
2959 710 3075 745 mox
3127 694 3280 759 jns~u
3311 696 3521 747 Daciani
3553 711 3581 747 a
3610 712 3717 749 ear-

2206 779 2439 830 niﬁcibus
2472 782 2681 846 jugulati
2709 789 2828 833 sunt
2855 820 2868 841 ,
2901 782 2983 831 tibi
3015 781 3169 831 etiam
3202 784 3251 831 in
3286 784 3492 833 basiiica
3535 784 3615 833 sui
3644 801 3726 833 no-

2205 866 2357 917 minis
2386 869 2671 932 quiescunt.
2704 868 2765 917 Et
2786 868 2952 918 natale
2981 867 3272 919 IInriuisda:
3300 883 3468 933 ρέψας,
3492 871 3581 933 qui
3604 874 3725 921 seth

2207 954 2381 1005 Roma:
2408 969 2569 1006 annos
2598 956 2771 1006 decem
2799 966 2845 1005 et
2876 965 3092 1020 septem.
3143 956 3237 1007 llic
3286 964 3583 1021 composuit
3630 962 3725 1009 cle-

2205 1059 2317 1095 rum
2341 1086 2353 1105 ,
2387 1054 2436 1096 et
2468 1045 2689 1109 psalmos
2717 1044 2953 1096 erudivit.
3000 1046 3107 1098 Sub
3138 1046 3291 1111 hujus
3325 1055 3564 1111 tempore
3601 1054 3723 1097 Ana-

2204 1135 2390 1181 stasius
2439 1118 2712 1194 imperator
2760 1130 3031 1183 haircticus
3087 1146 3363 1196 percussus
3408 1132 3624 1184 fulmine
3655 1151 3723 1183 m-

2206 1217 2359 1267 teriit.
2402 1216 2640 1282 Sepulttts
2682 1226 2762 1267 est
2801 1218 2935 1269 idem
2980 1217 3211 1283 pontifex
3258 1220 3307 1269 in
3338 1220 3561 1270 ecclesia
3603 1224 3719 1271 beati

2208 1302 2362 1367 Petri.
2434 1292 2465 1322 λ

2277 1390 2332 1441 Β.
2352 1390 2434 1441 \‘II
2457 1392 2564 1442 Inus
2591 1391 2809 1443 Ancon.
2837 1391 2980 1455 Apud
3000 1390 3234 1442 Tusciam
3250 1391 3507 1443 civitatem
3534 1392 3715 1455 Antio,

2207 1478 2372 1529 natale
2399 1482 2558 1529 sancti
2594 1480 2769 1530 Donati
2800 1481 3026 1545 episcopi
3070 1490 3121 1531 et
3148 1481 3412 1546 martyris,
3443 1482 3530 1547 qui
3563 1492 3717 1532 tentes

2205 1574 2284 1617 est
2324 1576 2554 1629 tempore
2592 1566 2776 1618 Juliani
2822 1569 3144 1631 imperatoris
3173 1584 3199 1619 a
3241 1569 3596 1632 Quadratiano
3629 1574 3719 1619 Ac.

2205 1652 2409 1717 gustali,
2438 1652 2585 1703 simul
2617 1666 2732 1703 cum
2764 1652 2989 1703 IIiIarino
3034 1654 3309 1709 monacho.
3338 1653 3616 1717 jussusque
3650 1664 3721 1704 est

2208 1741 2357 1792 idolis
2373 1742 2691 1802 sacriﬁcare;
2716 1756 2815 1805 quo
2845 1750 3114 1805 renuente,
3134 1740 3286 1805 jussit
3309 1739 3593 1791 Ililarinum
3622 1747 3720 1791 tan-

2207 1829 2294 1880 diu
2326 1830 2543 1882 fustibus
2572 1828 2698 1881 cmdi
2731 1830 2778 1881 in
2801 1838 3077 1895 conspectu
3122 1829 3301 1895 ipsius,
3334 1830 3499 1880 donec
3525 1829 3720 1881 emitte.

596 1906 819 1963 Pastoris
848 1910 1081 1976 fratrum,
1111 1915 1195 1979 qui
1234 1928 1347 1967 cum
1391 1914 1557 1968 adhuc
1596 1917 1737 1983 pueri
1776 1917 1959 1969 litteris
2006 1918 2100 1967 im—
2132 1906 2175 1962 Β
2206 1925 2283 1969 ret
2305 1915 2559 1981 spiritum,
2582 1914 2767 1969 deinde
2793 1915 2996 1968 beatum
3024 1915 3279 1968 Donatum
3312 1915 3485 1981 gladio
3510 1916 3716 1981 percuti.

1788 2004 2007 2057 EDITIO
2047 2003 2529 2058 BOLLANDIANA.

662 2104 714 2157 6.
741 2132 809 2143 —
838 2105 939 2157 VIII
962 2105 1073 2159 lous
1099 2109 1323 2160 Auoesr.
1352 2107 1527 2160 BOIIHB
1548 2108 1603 2162 S.
1635 2118 1658 2144 α
1688 2108 1833 2177 Xysti
1863 2109 2110 2176 episcopi,

594 2190 621 2228 ιι
639 2191 942 2246 Felicissimi
962 2204 1013 2246 et
1033 2195 1232 2263 Agapiti
1260 2195 1610 2259 diaconoruin,
1633 2200 1718 2263 qui
1741 2200 1974 2251 decollati
1995 2207 2116 2252 sunt

596 2279 691 2332 sub
722 2290 742 2316 ε
776 2279 948 2332 Decio.
982 2280 1258 2347 (Hactenus
1287 2283 1373 2349 Α.)
1416 2285 1658 2337 Decollati
1683 2298 1800 2339 sunt
1828 2301 1942 2338 cum
1973 2302 2034 2338 eo
2063 2300 2115 2339 et

595 2368 678 2419 alii
708 2377 925 2431 quatuor
947 2369 1267 2434 subdiaconi,
1296 2373 1589 2436 Ianuarius,
1630 2374 1859 2440 Magnus,
1893 2375 2113 2427 Vincen—

597 2456 696 2507 tius
721 2466 774 2507 et
803 2457 1111 2522 Stephanus,
1142 2469 1197 2511 ut
1223 2462 1272 2512 in
1305 2462 1471 2514 Gestis
1496 2464 1875 2527 pontificalibus
1903 2465 2107 2532 legitur.

673 2544 754 2602 V..
788 2546 950 2611 primo
979 2548 1113 2608 loco,
1160 2549 1229 2598 uti
1263 2558 1314 2600 et
1360 2550 1407 2599 in
1451 2550 1529 2609 l...
1580 2551 1669 2602 sed
1718 2551 1800 2602 die
1841 2552 2112 2614 sequenti:

599 2611 998 2679 Transtiguratio
1024 2615 1079 2666 D.
1113 2614 1173 2667 Ν.
1207 2615 1325 2668 Jcsu
1355 2618 1564 2678 Christi,
1605 2618 1654 2669 in
1686 2626 1856 2671 monte
1885 2611 2110 2671 Thabor.

664 2699 849 2754 Florus
877 2704 924 2753 in
954 2702 1015 2755 A.
1046 2702 1105 2755 Τ.
1136 2703 1215 2765 L.,
1257 2703 1310 2756 In
1337 2703 1684 2771 Ccmplutensi
1710 2706 1916 2758 civitate
1944 2707 2113 2772 passio

598 2786 691 2840 SS.
723 2788 850 2841 Justi
878 2797 927 2840 et
957 2790 1207 2841 Pastoris:
1239 2792 1321 2857 qui
1351 2806 1463 2845 cum
1486 2802 1658 2846 essent
1688 2796 1828 2859 pueri
1860 2796 1908 2845 iu
1936 2795 2111 2847 schola

598 2875 870 2936 discentes,
901 2889 1013 2925 cum
1043 2876 1302 2929 audissent
1336 2878 1400 2930 de
1428 2879 1754 2945 inquisitione
1797 2882 2112 2932 Christiano-

597 2979 733 3024 rum,
763 2963 1005 3031 projectis
1046 2966 1096 3016 in
1145 2966 1317 3017 schola
1361 2967 1543 3019 tabulis
1570 3006 1584 3029 ,
1635 2968 1766 3020 ultro
1803 2981 1859 3019 se
1898 2967 2114 3019 Datiano

601 3052 840 3121 prafecto
868 3055 1162 3108 obtulerunt
1196 3072 1208 3105 :
1257 3070 1386 3122 quos
1431 3058 1514 3109 ille
1553 3066 1817 3123 postquam
1858 3056 2113 3124 flagellare

597 3141 783 3194 acriter
811 3142 978 3209 jussit,
1008 3141 1198 3207 pariter
1226 3142 1483 3195 decollare
1512 3157 1600 3195 eos
1628 3145 1855 3209 percepit
1885 3143 2019 3209 (sic).

671 3246 728 3312 ll.
761 3245 812 3297 In
845 3246 1099 3309 provincia
1129 3246 1307 3299 ltheti
1355 3248 1561 3300 civitate
1602 3247 1825 3311 Augusta
1856 3248 2026 3312 passio
2050 3247 2107 3301 S.

2212 2108 2481 2176 martyris:
2511 2108 2618 2174 qui,
2645 2118 2700 2161 ut
2727 2106 3004 2174 Gregorius
3034 2108 3085 2161 in
3114 2107 3250 2161 libro
3274 2108 3591 2175 Dialogorum
3619 2124 3717 2160 me~

2212 2195 2377 2259 tuinit,
2410 2196 2620 2247 fractum
2648 2211 2675 2245 a
2706 2196 2914 2263 paganis
2945 2197 2959 2231 τ
2995 2196 3210 2249 calicem
3237 2208 3494 2262 sanctum,
3524 2200 3587 2249 ad
3610 2200 3719 2249 mis-

2210 2297 2293 2336 sas
2321 2283 2514 2337 orando
2542 2285 2868 2336 restauravit.

2281 2418 2462 2470 Florus
2489 2418 2539 2469 in
2567 2416 2639 2491 Τ..
2657 2425 2709 2470 et
2736 2417 2794 2468 L.
2826 2434 2838 2468 :
2866 2416 2918 2468 In
2948 2415 3155 2469 civitate
3197 2416 3427 2483 Augusta
3468 2417 3632 2482 passio
3666 2418 3717 2472 S.

2213 2514 2237 2551 ε
2262 2506 2396 2558 Afrae
2421 2521 2435 2555 :
2468 2520 2581 2571 qua:
2611 2506 2776 2567 primo
2805 2504 3008 2569 quidem
3034 2506 3241 2571 gentilis
3267 2505 3383 2565 fuit,
3413 2518 3583 2570 postea
3609 2521 3722 2558 veno

2211 2608 2239 2647 a
2268 2594 2505 2647 Narcisso
2529 2594 2775 2660 episcopo
2801 2593 2861 2643 ad
2893 2592 3045 2645 fidem
3072 2608 3345 2656 conversa,
3377 2602 3429 2645 et
3458 2595 3716 2658 baptizata.

2213 2692 2440 2746 tempore
2470 2678 2769 2732 Diocletiani
2797 2679 2890 2730 sub
2915 2678 3092 2746 judice
3119 2678 3247 2731 Caio
3268 2718 3283 2739 ,
3320 2694 3435 2730 cum
3465 2679 3610 2732 idolis
3637 2695 3715 2733 sa-

2209 2769 2440 2822 criﬁcare
2480 2768 2655 2830 nollet,
2696 2768 2801 2835 igni
2832 2777 2913 2819 est
2942 2766 3205 2833 deputata.
3237 2766 3394 2832 Cujus
3436 2768 3615 2819 eodem
3644 2768 3715 2818 die

2210 2870 2397 2921 corpus
2418 2870 2533 2907 cum
2564 2855 2818 2919 integrum
2848 2854 3109 2905 inventum
3148 2865 3306 2915 esset,
3355 2844 3408 2905 et
3448 2854 3515 2905 ab
3545 2853 3715 2905 Ililaria

2212 2952 2377 2997 matre
2400 2944 2510 3009 ejus
2536 2956 2653 2994 cum
2683 2942 2847 2993 tribus
2879 2941 3078 2993 ﬁliabus
3104 2942 3212 2992 suis
3231 2981 3246 3003 ,
3288 2941 3447 3007 Digna
3476 2942 3713 3002 videlicet.

2212 3030 2458 3084 Eumenia
2490 3042 2541 3083 et
2566 3029 2840 3097 Euprepia,
2870 3029 3149 3095 sepultura:
3187 3031 3475 3082 traderetur
3502 3048 3516 3091 ;
3552 3031 3713 3082 eodem

2210 3116 2323 3169 loco
2349 3126 2399 3170 et
2427 3118 2568 3183 ipsze,
2624 3117 2743 3183 quia
2782 3116 2998 3169 cultura
3045 3117 3257 3169 deorum
3289 3117 3712 3177 contradixerant,

2211 3206 2409 3272 ignibus
2453 3212 2573 3257 sunt
2604 3212 2945 3257 concremata
2974 3211 3030 3256 et
3068 3207 3261 3269 pariter
3290 3206 3547 3270 passionis
3572 3205 3714 3270 gloria

600 3288 1307 3383 ggestiunt"gntum;
1322 3288 2112 3383 οίιςιῒδηῑεῑξαῖιςῖαῆενιῖςξεῖά
2137 3314 2184 3376 c
2211 3288 2724 3383 decorae-sedem
2748 3289 2860 3383 _d_ie
2895 3288 3354 3383 gvudﬁaesaream
3396 3291 3713 3383 autem

602 3380 658 3431 S.
686 3381 837 3431 Afrae.

652 3464 722 3518 ‘7.
753 3494 821 3505 -
852 3466 932 3519 VII
965 3468 1093 3521 Inus.
1131 3469 1192 3527 ln,
1220 3470 1395 3523 Aretio
1433 3470 1545 3524 S.‘
1574 3470 1757 3524 Donati
1803 3471 2026 3538 episcopi
2058 3480 2111 3525 et

2217 3383 2387 3450 passio
2412 3381 2467 3435 S.
2495 3380 2724 3433 Mametis
2748 3377 2868 3449 [L.,
2895 3375 3156 3445 ﬂammae]
3195 3380 3465 3443 martyris:
3505 3381 3587 3444 qui
3615 3389 3718 3446 post

2214 3473 2486 3538 equuleunt
2510 3478 2564 3523 et
2592 3470 2738 3537 ignes
2764 3469 3034 3536 variasque
3062 3468 3337 3530 torsiones,
3368 3468 3543 3521 bestiis
3571 3467 3718 3521 tradi-

1930 3576 2127 3629 SMITH
2164 3575 2377 3632 NO'UE.

602 3661 790 3717 Gallias
820 3663 1029 3714 missum
1059 3660 1233 3715 fuisse.
1268 3662 1406 3715 Ilanc
1436 3664 1733 3716 missionem
1753 3662 1810 3715 S.
1842 3663 1991 3715 Petro
2017 3662 2108 3713 tri-

607 3734 714 3782 huit
740 3746 940 3795 quoque
965 3739 1111 3783 vetus
1139 3740 1318 3783 auctor
1354 3731 1465 3797 ejus
1510 3733 1656 3792 Vitae,
1698 3732 1782 3796 qui
1812 3732 2001 3783 saeculo
2037 3744 2109 3782 vtt

607 3798 839 3851 ﬂoruisse
862 3798 1081 3859 dicitur;
1115 3799 1365 3850 Almauno
1407 3809 1575 3851 tamen
1615 3799 1864 3850 monacho
1911 3798 2109 3851 Altivil~~

610 3868 726 3917 laris
744 3868 794 3916 in
819 3866 1024 3916 dioecesi
1053 3865 1341 3931 Rhemensi.
1365 3868 1449 3931 qui
1472 3868 1717 3918 seculo“
1742 3866 1931 3925 lloruit,
1948 3865 2110 3917 visum

609 3943 689 3984 est
714 3934 838 3983 satis
866 3945 975 3982 eam
999 3933 1061 3982 ad
1088 3931 1145 3983 S.
1175 3930 1491 3984 Clementem
1530 3946 1790 3985 revocare.
1831 3930 1961 3983 Vide
2000 3931 2107 3982 Ma-

610 4000 784 4049 billon.
818 3999 1070 4057 Analect..
1101 4008 1225 4050 tom.
1254 3998 1314 4062 II,
1341 4015 1389 4061 p.
1419 4000 1482 4051 86
1500 4010 1552 4052 et
1573 4013 1706 4062 seq.,
1736 4000 1819 4049 ubi
1849 4007 1901 4050 et
1919 3998 1983 4049 de
2001 4000 2112 4061 ejus

614 4066 901 4135 inventione
925 4067 1023 4135 sub
1047 4066 1228 4117 Carolo
1254 4064 1410 4135 Calvo
1441 4082 1528 4119 an.
1565 4064 1667 4117 868
1692 4066 1877 4135 agitur.
1917 4065 2109 4118 Catba-

611 4134 743 4187 lonis
771 4148 861 4200 pro
886 4133 1161 4185 Catalauno
1191 4134 1414 4199 ponitur.

684 4230 707 4288 ει
740 4221 901 4288 Xysti.
927 4220 1187 4282 Stephano
1213 4221 1447 4286 pontifice
1472 4222 1771 4288 martyrium
1804 4234 1953 4287 passo
1979 4234 2113 4272 anno

613 4286 738 4350 257,
766 4286 954 4355 Xystus
982 4288 1065 4339 die
1095 4302 1213 4338 xxtv
1244 4289 1449 4354 Augusti
1489 4299 1576 4339 aut
1604 4286 1876 4340 circiterin
1899 4288 2011 4353 ejus
2038 4289 2111 4339 lo-

615 4358 934 4423 cum_eodem
972 4368 1105 4423 anno
1132 4356 1433 4423 subrogatus
1474 4366 1570 4407 est.
1604 4355 1778 4423 Ilujus
1806 4355 2110 4420 martyrium

615 4423 709 4474 sub
736 4420 901 4472 Tusco
934 4431 983 4472 et
1013 4422 1167 4472 Basso
1188 4420 1320 4474 coss.
1364 4438 1391 4473 a
1430 4422 1651 4475 Baronio
1677 4420 1816 4473 recte
1842 4424 2108 4473 recitatum

615 4498 728 4550 est;
754 4490 839 4554 qui
872 4489 919 4539 in
944 4502 1005 4539 eo
1030 4497 1221 4539 tantum
1242 4499 1397 4549 errat,
1421 4490 1553 4553 quod
1580 4491 1728 4541 Tusci
1751 4500 1800 4540 et
1832 4490 1969 4539 Bassi
1992 4502 2115 4539 con-

615 4558 831 4608 sulatum
853 4556 935 4621 qui
965 4557 1014 4607 iti
1043 4569 1230 4607 annum
1254 4556 1439 4609 Christi
1463 4556 1565 4609 258
1595 4557 1805 4616 incidit,
1834 4570 1950 4607 cum
1980 4569 2116 4606 anno

615 4623 708 4675 26I
740 4624 966 4687 ejusdem
995 4636 1109 4675 terte
1139 4637 1403 4689 perperam
1443 4625 1665 4688 copulet,
1689 4631 1741 4673 et
1767 4624 1841 4675 sic
1872 4624 2115 4688 prochro-

619 4692 787 4743 nismo
816 4691 1015 4740 triennii
1056 4700 1249 4755 peccet.
1288 4692 1430 4742 Sedit
1474 4691 1643 4755 itaque
1687 4699 1878 4739 tantum
1910 4704 2115 4741 menses

620 4758 873 4817 undecim,
919 4757 1027 4807 dies
1062 4770 1173 4809 sex.
1212 4759 1457 4810 Eusebius
1486 4760 1534 4808 in
1569 4757 1786 4807 Historia
1816 4770 1974 4807 annos
2019 4772 2113 4806 un-

619 4825 783 4877 decim
810 4823 1117 4893 pontiticatui
1144 4825 1252 4890 ejus
1274 4827 1518 4893 assignat,
1545 4838 1659 4876 cum
1682 4836 1883 4875 menses
1905 4823 2113 4875 totidem

618 4895 664 4943 ei
694 4891 944 4942 tribuendi
970 4891 1203 4942 fuissent.

683 4973 708 5009 ι’
740 4973 1051 5027 Felicissimi.
1084 4976 1141 5027 Ili
1169 4991 1269 5027 non
1297 4977 1435 5028 fuere
1461 4977 1694 5038 diaconi,
1738 4988 1901 5039 neque
1930 4972 2121 5024 Janua-

619 5041 741 5102 rius,
772 5054 896 5104 etc.,
926 5044 1220 5095 subdiaconi
1241 5080 1257 5102 ,
1305 5058 1468 5107 neque
1498 5046 1677 5094 eodem
1720 5058 1780 5093 ac
1821 5042 2011 5108 Xysms
2038 5043 2121 5092 die

614 5111 762 5228 Bassi.
798 5120 935 5185 sunt,
984 5120 1037 5161 ut
1077 5118 1276 5163 constat
1312 5126 1375 5161 ex
1418 5112 1495 5162 Cl.
1552 5111 1806 5162 I‘earsonii
1839 5108 2123 5160 Annalibus

661 5190 947 5228 Vlll‘laltICIS.

657 5190 947 5243 yprtanicts.

620 5240 705 5320 ,ἐ
742 5242 906 5294 Decio.
937 5242 1109 5295 Potius
1138 5244 1447 5314 temporibus
1498 5242 1754 5295 Valeriani
1804 5252 1857 5297 et
1900 5240 2119 5297 Gallieni

618 5322 772 5361 lﬂlDD.

684 5324 886 5443 Ripae.
930 5373 1001 5429 Le
1030 5377 1125 5432 hac
1154 5377 1266 5429 vide
1291 5378 1426 5431 diem
1454 5385 1775 5444 sequentem.

689 5468 711 5496 ·
736 5460 935 5515 Donati.
963 5464 1030 5516 Ea
1056 5480 1168 5529 qua:
1193 5465 1254 5516 de
1276 5463 1457 5515 Juliani
1481 5464 1781 5519 ulucatione
1803 5464 1975 5517 Romm
2005 5478 2121 5515 cum

621 5523 812 5580 Denato
850 5532 900 5581 iu
930 5533 984 5583 S.
1017 5523 1194 5583 Donati
1223 5532 1363 5583 Actis
1394 5542 1681 5591 narrantur,
1712 5533 1835 5583 falsa
1864 5533 2119 5583 videntur.

627 5610 644 5640 ι
673 5594 797 5649 Illud
823 5598 973 5653 etiam
1003 5601 1068 5653 ab
1096 5601 1234 5655 omni
1264 5600 1462 5652 ratione
1486 5598 1707 5653 alienum
1738 5612 1835 5661 εει,
1860 5611 1911 5653 ut
1934 5600 2119 5653 Juliani

2216 3659 2584 3729 persecutionis
2626 3667 2877 3729 tempore,
2909 3659 2994 3729 qui
3023 3672 3119 3711 nec
3146 3656 3593 3729 integroubiennio
3619 3660 3711 3712 im-

2217 3726 2429 3795 peravit,
2462 3727 2595 3778 idem
2620 3726 2675 3778 S.
2709 3726 2936 3795 Donatus
2962 3726 3123 3777 lector
3157 3727 3312 3778 fuisse
3336 3726 3552 3786 dicatur,
3580 3728 3718 3779 inote—

2216 3794 2317 3861 que
2340 3806 2669 3847 consecratus
2691 3794 2959 3861 diaconus.
2981 3807 3039 3843 ac
3063 3802 3177 3861 post
3197 3795 3383 3844 multos
3399 3807 3560 3844 annos
3580 3809 3717 3858 pres-

2218 3859 2371 3931 byter
2401 3863 2663 3931 ordinatus
2688 3901 2701 3921 ,
2750 3874 2822 3931 ac!
2851 3859 3070 3923 denique
3112 3860 3279 3931 adhuc
3314 3861 3712 3931 eqimperante,

2219 3926 2499 3982 decedente
2524 3929 2709 3981 Saturo
2744 3929 3021 3994 episcopo,
3073 3926 3316 3979 suffectus
3357 3928 3425 3994 sit
3472 3930 3523 3977 in
3554 3932 3715 3981 locum

2220 3997 2407 4063 ipsius:
2438 3997 2642 4061 insuper
2668 4003 2721 4047 et
2745 3996 2911 4046 adhuc
2927 3993 3115 4063 eodem
3128 3998 3339 4063 vivente
3365 3993 3587 4054 .Iutiam,
3613 3998 3716 4045 tae»

2220 4060 2285 4114 rit
2308 4060 2871 4128 martyrio’coronatus.
2909 4060 3176 4124 Quomodo
3213 4064 3368 4111 etiam
3400 4066 3713 4126 temporious

2218 4130 2403 4183 Iuliani
2434 4127 2591 4181 lector
2617 4129 2783 4180 adhuc
2814 4127 2972 4180 fuisse
3009 4128 3303 4193 perhibetur
3324 4166 3340 4187 ,
3387 4130 3475 4193 qui
3515 4142 3545 4178 a
3587 4129 3715 4181 Julia

2217 4198 2456 4263 pontilice
2485 4196 2715 4248 Romano
2744 4196 2925 4248 dicitur
2951 4198 3221 4263 episcopus
3247 4196 3550 4263 ordinatus?
3590 4196 3717 4262 Quid

2218 4262 2384 4317 autem
2413 4266 2478 4318 de
2503 4280 2561 4317 ea
2586 4279 2640 4316 re
2663 4265 2899 4327 sentiam,
2927 4264 3118 4327 alisque
3138 4262 3309 4328 aliquo
3336 4262 3566 4313 veritatis
3595 4278 3717 4329 pra.

2212 4331 2407 4408 judicio
2435 4332 2737 4408 libenterac
2765 4332 2924 4408 libere
2959 4331 3144 4408 dicam.
3180 4330 3523 4408 Puto.Donati
3545 4333 3714 4394 pueri-

2138 4393 2335 4450 Dtiam
2380 4410 2432 4451 et
2478 4400 2830 4451 educationem
2876 4396 3054 4449 Romae
3098 4396 3303 4454 factam.
3356 4393 3717 4462 parentumque

2218 4480 2417 4527 necem,
2443 4480 2542 4516 nou
2563 4468 2657 4522 sub
2676 4465 2882 4526 Juliani,
2910 4464 2998 4515 sed
3025 4462 3319 4515 Diocletiani
3347 4464 3560 4527 imperio
3583 4478 3715 4516 Circa

2217 4542 2442 4585 extrema
2478 4532 2613 4584 illius
2651 4532 3017 4592 persecutionis
3044 4540 3271 4592 tempora
3302 4530 3617 4592 contigisse:
3654 4532 3717 4581 ab

2217 4600 2316 4651 illis
2338 4602 2470 4651 enim
2500 4600 2811 4662 temporibus
2835 4610 2991 4661 usque
3016 4604 3077 4647 ad
3098 4596 3352 4649 lulianum
3377 4595 3444 4648 52
3471 4612 3715 4649 annorum

2217 4669 2437 4733 spatium
2470 4668 2755 4729 intercedit,
2795 4680 2893 4733 quo
2924 4665 3149 4733 Donatus
3179 4664 3292 4733 fuga
3320 4666 3491 4733 lapsus
3512 4678 3715 4733 sepon-

2218 4724 2332 4785 ιὺιίι
2358 4736 2586 4815 Aj-etium
2604 4774 2617 4797 ,
2654 4724 2824 4815 ibique
2849 4724 3383 4815 sacrisqprdini'hus‘a'
3400 4724 3718 4815 Satur)??-

2216 4815 2371 4865 scopo
2402 4797 2625 4853 initiatus
2648 4840 2663 4859 .
2693 4797 2754 4852 ae
2778 4802 2966 4851 deinde
3008 4800 3095 4849 illo
3135 4798 3378 4849 defuncto
3399 4835 3416 4861 ,
3444 4812 3471 4847 a
3500 4800 3559 4849 ὃ.
3581 4797 3719 4865 Julia

2218 4864 2343 4932 papa
2390 4871 2437 4919 in
2467 4869 2578 4933 ejus
2608 4869 2773 4919 locum
2804 4871 3106 4933 subrogatus
3130 4902 3144 4924 ,
3188 4874 3244 4916 et
3281 4869 3483 4915 demum
3510 4867 3605 4933 sub
3625 4864 3715 4917 Ju-

2218 4936 2352 4985 liano
2381 4932 2686 4997 imperatore
2712 4937 2955 5001 martyrio
3001 4932 3094 4984 fuit
3138 4941 3436 4984 coronatus.
3472 4951 3490 4982 ι
3530 4932 3718 4987 Bm.

2220 5004 2269 5053 in
2300 5003 2439 5053 Notis
2469 5004 2531 5051 ad
2561 5001 2821 5067 Martyrol.

2294 5039 2316 5125 ί
2343 5039 2732 5141 Calicem-Vide
2755 5088 2809 5140 S.
2842 5084 3072 5154 Gregorii
3102 5086 3193 5140 lib.
3221 5102 3240 5141 t
3272 5086 3498 5155 Dialog.,
3533 5099 3647 5154 cap.
3669 5086 3719 5139 7.

2288 5188 2311 5224 ε
2342 5181 2491 5245 Afrae.
2522 5177 2647 5229 Cum
2678 5178 2809 5226 hanc
2834 5180 3037 5227 tradant
3068 5191 3096 5227 a
3127 5176 3182 5230 S.
3212 5177 3454 5245 Narcisso
3488 5177 3723 5243 episeopo

2219 5247 2281 5295 ad
2312 5242 2463 5297 Iidem
2490 5259 2603 5297 esse
2629 5257 2949 5308 conversam,
2993 5253 3170 5307 putant
3215 5242 3396 5309 aliqui,
3433 5243 3568 5294 inter
3602 5242 3723 5309 quas

2221 5312 2399 5365 l’etrus
2424 5314 2488 5366 de
2518 5310 2704 5372 hiatal.,
2734 5324 2824 5372 vn,
2852 5310 2941 5373 9.8,
2974 5315 3109 5363 hunc
3134 5311 3276 5361 illum
3300 5308 3419 5362 esse
3438 5308 3723 5364 ﬂaret-

2220 5381 2513 5445 episcopum
2570 5378 3085 5443 lIierosolymitanum
3117 5375 3573 5445 “laudatissillntn.
3626 5375 3721 5430 ΑΒ

2222 5442 2672 5513 autcm'dixcrunt
2719 5442 2853 5497 hunc
2905 5445 3059 5495 fuisse
3114 5442 3409 5513 Narcissum
3449 5453 3722 5513 martyra-

2223 5512 2639 5576 Gerundenseut;
2673 5513 2823 5580 idque
2853 5518 3103 5567 testantur
3128 5511 3238 5579 ejus
3263 5514 3409 5567 Acta.
