3898 6360
558 376 585 430 Ι
596 374 696 430 003

1250 378 1442 432 liliDzE
1487 380 1918 436 VENECHABIIJS
1955 380 2099 434 Oli'l‘.
2145 380 2312 434 PARS
2353 380 2434 432 IV.
2468 410 2529 417 ——
2571 377 2934 433 HISTORIGA.

3303 0 3814 357 ,Ἴ

3595 381 3697 438 itm

1788 487 2006 539 EDITIU
2043 485 2495 540 COLONIENSIS.

561 576 676 624 coni
709 575 803 623 sub
839 574 1010 634 Decio,
1037 571 1118 638 qui
1150 584 1261 640 post
1291 572 1508 639 plurima
1542 581 1798 627 tormenta
1835 575 2084 635 carceris,
2119 594 2162 649 Α
2193 581 2362 627 menta
2405 574 2454 624 in
2482 571 2634 625 domo
2665 573 2866 639 propria
2895 572 3063 640 gladio
3093 573 3330 638 percuti,
3359 581 3415 625 et
3442 572 3517 626 sic
3541 589 3699 647 many.

565 662 838 714 verberum
868 661 1180 714 diversarum
1217 663 1516 713 laminarum
1547 661 1857 725 ardentium,
1879 662 1940 715 ad
1970 663 2088 714 ulti-

566 766 704 803 mum
756 752 803 802 in
846 751 1086 803 craticula
1137 751 1301 803 ferrea
1353 761 1574 813 assatus,
1607 753 1905 820 martyrium
1944 768 2087 806 com-

568 839 742 904 pfevit.
777 840 920 891 Mane
966 849 1137 892 autem
1183 840 1348 904 primo
1375 841 1542 892 adhuc
1576 841 1881 907 crepusculo
1922 842 2090 906 rapuit

563 940 750 994 corpus
791 927 902 993 ejus
951 926 1275 994 Hippolytus,
1307 938 1357 980 et
1388 928 1615 980 condivit
1657 943 1774 981 cum
1817 928 1991 980 linteis
2037 940 2089 980 et

563 1015 915 1075 aromatibus,
966 1029 1082 1067 cum
1138 1015 1286 1066 beato
1338 1015 1541 1069 Justino
1597 1018 1935 1084 presbytero,
1979 1017 2084 1084 jatu

563 1101 854 1163 vespertina
878 1100 1021 1161 liora,
1039 1109 1088 1152 et
1109 1102 1423 1166 sepelierunt
1445 1104 1494 1154 in
1517 1117 1641 1168 agro
1661 1103 1879 1157 Verane.
1908 1104 2086 1156 Rerum

565 1188 780 1239 militum
831 1203 952 1241 ιη.
1007 1189 1152 1241 Tunc
1205 1191 1338 1257 passi
1385 1198 1506 1242 sunt
1546 1190 1808 1256 Claudius,
1840 1191 2081 1260 Severus,

559 1275 890 1328 Crescentins
918 1286 969 1330 et
996 1275 1256 1337 Romanus
1286 1277 1397 1343 ipso
1422 1277 1524 1331 die.

632 1365 688 1417 F.
723 1365 782 1416 ill
811 1366 924 1418 JttlTS
952 1368 1079 1420 At'c.
1131 1366 1306 1418 nonne
1352 1368 1483 1421 inter
1531 1369 1656 1420 duas
1701 1370 1870 1424 lauros
1917 1373 2086 1426 natale

560 1454 721 1506 sancti
749 1455 962 1508 Tiburtii
995 1457 1266 1525 martyris,
1299 1457 1382 1524 qui
1410 1458 1554 1524 jussu
1598 1459 1807 1512 Fabiani
1851 1460 2087 1527 prmsidis

560 1556 714 1609 super
764 1557 952 1609 prunas
995 1543 1235 1597 ardentes
1283 1545 1430 1597 nudis
1479 1544 1693 1612 pedibus
1746 1546 2006 1610 incedens,
2034 1547 2082 1600 in

562 1631 700 1682 nullo
727 1631 878 1682 laesus
905 1639 1004 1684 est.
1029 1632 1208 1684 Postea
1237 1646 1358 1684 vero
1380 1646 1408 1683 a
1432 1633 1676 1698 praedicto
1704 1633 1947 1701 Fabiano,
1979 1651 2085 1686 ma-

559 1723 798 1774 cbinante
836 1722 1097 1785 Torquato
1139 1731 1390 1786 apostata,
1418 1721 1587 1788 gladio
1618 1725 2082 1788 transverberatus,

561 1811 861 1876 martyrium
893 1811 1130 1876 eXpIevit.
1182 1811 1306 1861 ltettt
1337 1809 1512 1863 Romzn
1543 1813 1710 1863 natale
1754 1822 1946 1864 sanctae
1984 1814 2084 1866 Su-

557 1915 732 1953 sanna:
779 1899 1008 1967 virginis,
1056 1917 1169 1966 qu.e
1222 1900 1318 1964 fuit
1370 1899 1471 1951 filia
1525 1901 1723 1953 Gabinii
1774 1901 2083 1969 presbyteri,

2192 661 2322 712 rium
2371 661 2763 714 consummavit.
2811 660 3062 712 Prardicta
3101 675 3230 714 vero
3274 661 3477 714 Serena
3506 663 3698 730 Augusta

2190 749 2395 815 collegit
2421 762 2608 816 corpus
2636 757 2828 801 sancta:
2865 749 3108 816 virginis,
3147 758 3200 802 et
3239 750 3546 819 sanguini-tn
3574 767 3695 820 quem

2189 837 2420 897 sederat,
2453 837 2504 888 in
2547 837 2727 889 eodem
2773 837 2886 890 loco
2912 852 3030 890 cum
3062 854 3158 889 suo
3187 838 3450 891 velamine
3493 843 3698 898 ter:it.et

2191 927 2361 992 posuit
2387 926 2434 978 in
2465 940 2614 991 capsa
2645 935 2886 994 argentea
2930 925 2980 978 in
3012 926 3205 994 palatio
3247 941 3379 988 suo,
3412 927 3496 976 ubi
3527 929 3600 980 die
3623 945 3694 980 uo-

2185 1023 2372 1081 ctuque
2419 1015 2613 1067 furtivis
2650 1015 2843 1066 vicibus
2885 1028 3032 1067 orare
3061 1029 3164 1065 non
3217 1015 3484 1067 cesSabat.
3528 1014 3694 1082 Carpe;

2185 1110 2354 1154 autem
2401 1113 2594 1157 saneta!
2630 1103 2880 1156 SuSannae
2909 1104 3019 1170 ipse
3065 1104 3305 1156 manibus
3347 1106 3463 1156 suis
3503 1111 3689 1170 ornavit,

2185 1205 2302 1242 cum
2352 1191 2730 1244 linteaminibus
2780 1199 2832 1242 et
2878 1193 3228 1256 aromatibus,
3261 1200 3315 1244 et
3367 1193 3535 1256 posuit
3575 1194 3689 1256 juxta

2183 1276 2398 1344 corpora
2442 1287 2737 1330 sanctorum
2772 1278 2821 1330 in
2851 1279 3152 1332 cmmeterio
3183 1278 3491 1330 Alexandri.
3537 1278 3592 1330 Et
3617 1281 3688 1327 dr-

2187 1367 2376 1432 positio
2405 1365 2674 1433 Gangerici
2703 1365 2929 1432 episc0pi
2960 1373 3011 1417 et
3053 1364 3396 1426 confessoris,
3428 1366 3511 1418 uui
3556 1382 3684 1418 una

2183 1468 2346 1506 annos
2372 1453 2855 1505 Cameracoreusem
2881 1454 3013 1504 rexit
3041 1451 3357 1503 Ecclesiam.

2251 1541 2313 1593 ϐ.
2345 1541 2491 1593 Pntu.
2527 1540 2640 1593 lous
2671 1542 2800 1592 AUC.
2839 1539 2891 1591 ln
2921 1538 3093 1593 Sicilia
3123 1539 3333 1591 civitate
3364 1537 3681 1591 Catiuensium

2186 1629 2354 1681 natale
2382 1628 2527 1694 Eupli
2571 1628 2792 1680 diaconi.
2824 1628 2920 1693 Qui
2958 1642 3076 1680 cum
3113 1626 3414 1678 diutissime
3455 1635 3679 1694 torquere-

2186 1726 2288 1782 tur,
2318 1716 2605 1769 decnllatus
2649 1727 2731 1769 est
2771 1730 2798 1767 a
2828 1715 3120 1767 Galvisiano
3162 1713 3429 1766 consulari
3450 1752 3464 1772 ,
3489 1723 3682 1781 tempore

2187 1805 2488 1859 Diocletiani
2515 1813 2566 1858 et
2588 1803 2902 1856 Maximiani.
2936 1804 3127 1855 Eodem
3156 1803 3242 1855 die
3264 1811 3461 1854 sancte
3491 1802 3680 1863 Hilaris.

2185 1894 2362 1946 matris
2382 1902 2573 1946 sarcta‘.
2596 1893 2735 1946 Afrae
2758 1892 3018 1958 martyris.
3041 1889 3168 1968 Quae
3189 1905 3306 1942 eum
3334 1890 3398 1940 ad
3423 1890 3678 1955 sepulcrum

557 1989 728 2040 fratris
758 1987 867 2040 Gaii
898 2003 1059 2054 papce.
1094 1988 1212 2039 llzec
1239 2001 1361 2054 ergo
1390 1989 1485 2040 sub
1517 1987 1834 2063 Diocletiano
1860 1990 2082 2055 intpera-
2115 2009 2156 2066 Β
2183 1982 2296 2049 ejus
2336 1983 2612 2035 excubaret
2638 2021 2652 2043 ,
2683 1980 2868 2034 ibidem
2897 1994 2990 2046 pro
3021 1979 3121 2032 fide
3143 1979 3335 2031 Christi
3364 1993 3392 2030 a
3425 1990 3680 2044 persecqu

557 2087 670 2130 tore
717 2090 865 2143 passa
908 2085 1006 2135 est,
1038 2089 1097 2126 co
1127 2074 1261 2140 quod
1295 2074 1451 2126 nollet
1495 2062 1716 2126 Maximo
1747 2077 1851 2127 filio
1893 2077 2005 2140 ejus
2033 2079 2082 2128 in

559 2165 796 2231 conjugio
841 2165 1056 2224 sociari,
1083 2166 1171 2217 sed
1202 2163 1252 2216 in
1282 2164 1569 2230 virginitate
1616 2179 1934 2230 permanere,
1961 2165 2082 2217 lior-

557 2261 698 2305 tante
723 2267 836 2304 eam
868 2252 995 2305 Gaio
1025 2264 1173 2318 papa,
1203 2265 1297 2303 nee
1323 2265 1422 2303 non
1453 2260 1503 2303 et
1530 2243 1996 2318 Serena‘Augnsta,
2030 2262 2082 2304 ttt

553 2337 748 2391 stabilis
803 2349 1126 2403 permaneret
1169 2338 1218 2389 in
1274 2337 1371 2388 title
1424 2346 1475 2392 et
1521 2337 1759 2389 castitate
1814 2347 2077 2405 perpetua.

557 2425 770 2491 Propter
802 2424 895 2476 hoc
924 2425 1076 2488 jussit
1113 2437 1229 2474 eam
1282 2422 1628 2474 Diocletianus
1679 2431 1794 2489 post
1831 2423 1930 2475 alia
1970 2432 2086 2475 tur-

2186 2071 2329 2120 ribus
2374 2069 2477 2135 igni
2529 2069 2711 2119 tradila
2755 2076 2870 2128 est,
2902 2081 3017 2117 cum
3060 2066 3220 2132 Digna
3268 2076 3320 2118 et
3367 2065 3677 2122 Eitmenia.et

2187 2158 2463 2224 Enprepia,
2493 2171 2606 2222 qure
2636 2156 2839 2208 fuerunt
2867 2155 3049 2221 puellze
3078 2163 3271 2206 sanct:e
3296 2151 3456 2205 Afrae.
3487 2152 3537 2205 In
3555 2153 3675 2222 Syria

2187 2247 2352 2300 natale
2384 2256 2676 2298 sanctorum
2707 2245 2945 2296 Macltarii
2977 2251 3029 2297 et
3050 2243 3264 2296 Juliani.

2254 2339 2314 2386 Α.
2348 2333 2460 2385 lous
2493 2334 2621 2386 Avo.
2655 2331 2829 2383 Roma:
2857 2332 3020 2382 sancti
3058 2329 3339 2397 Hippolyti,
3369 2329 3458 2397 qui
3484 2339 3678 2395 tempore

2192 2422 2328 2474 Decii
2355 2421 2524 2488 ligatis
2553 2420 2768 2486 pedibus
2793 2422 2856 2470 ad
2883 2418 3015 2471 colla
3044 2417 3414 2470 indomitorum
3438 2431 3674 2481 equorum,

1760 2526 1974 2579 EDITIO
2014 2524 2491 2582 BOLLANDIANA.

663 2637 749 2684 tm,
795 2619 1433 2680 laminarumardentium,
1474 2618 1538 2670 ad
1572 2618 1806 2669 ultimum
1837 2616 1887 2668 in
1926 2618 2080 2669 crati-

553 2723 666 2764 cuia
697 2710 858 2762 ferrea
884 2717 1087 2762 assatus
1115 2707 1417 2774 martyrium
1441 2707 1739 2776 complevit.

626 2797 686 2848 γ.
716 2797 796 2857 (3.,
832 2797 893 2848 Et
919 2799 1016 2848 vita
1045 2808 1336 2847 sanctorum
1383 2805 1579 2861 septeni
1630 2794 1844 2847 fratrum
1876 2802 1899 2828 α
1950 2795 2077 2845 Dor-

560 2868 847 2916 mientium.
879 2865 959 2927 13.,
990 2866 1050 2915 fit
1077 2863 1194 2915 alibi
1228 2862 1629 2924 Crescentionis,
1662 2862 1910 2927 Januarii,
1941 2863 2072 2914 Exu-

559 2945 740 3001 peratt.

633 3037 712 3086 tl.
745 3033 893 3086 ——lll
945 3033 1073 3085 Inus.
1121 3033 1296 3084 Roma:
1339 3031 1375 3084 S
1429 3030 1452 3067 δ
1483 3030 1698 3083 'l‘iburtii
1738 3031 1980 3099 martyris
2033 3039 2086 3082 et

569 3136 587 3159 ο
619 3126 887 3175 Susanntc.

633 3211 831 3263 Excidit
863 3210 972 3262 hinc
1003 3211 1052 3260 in
1085 3209 1146 3259 Α.
1170 3207 1232 3258 Τ.
1267 3206 1347 3263 L..
1380 3205 1500 3258 dum
1531 3206 1677 3258 istius
1704 3215 1845 3274 gesta
1885 3207 1958 3258 sic
1997 3207 2087 3259 de-

577 3299 753 3350 scribit
783 3297 996 3349 Florus:
1027 3295 1121 3358 Qui
1149 3296 1213 3345 de
1256 3306 1404 3345 sacro
1432 3293 1571 3345 fonte
1616 3307 1643 3344 a
1680 3294 1735 3344 Β.
1777 3292 2086 3346 Sebastiano

563 3394 830 3450 strceptus
858 3391 912 3435 et
946 3381 997 3433 in
1021 3373 1120 3434 ﬁde
1143 3380 1330 3434 Christi
1371 3385 1666 3443 roboratus,
1697 3394 1812 3432 cum
1840 3380 2080 3448 figmenta

2190 2618 2373 2669 ductus
2401 2615 2480 2666 via
2520 2613 2796 2674 Lavicana,
2838 2610 3056 2664 fundens
3087 2610 3150 2663 ad
3190 2609 3467 2662 Dominum
3509 2625 3674 2678 prem.

2187 2704 2290 2755 ietu
2316 2702 2474 2770 gladii
2505 2701 2828 2761 verberatus,
2859 2699 3096 2768 migravit
3125 2699 3190 2751 ad
3238 2697 3520 2752 Christum.
3563 2698 3676 2753 Scri-

2185 2801 2324 2856 ptum
2356 2791 2404 2843 in
2435 2789 2604 2843 Gestis
2634 2789 2692 2841 D.
2726 2787 3036 2842 Sebastiani.

2268 2877 2404 2930 Idem
2433 2876 2614 2928 Florus
2639 2876 2826 2927 ibidem
2853 2892 2865 2925 :
2900 2875 3089 2926 Eodem
3118 2874 3205 2925 die
3232 2874 3282 2926 in
3309 2873 3472 2926 Gallia
3502 2875 3675 2929 civitate

2191 2966 2476 3018 Cameraco
2494 2963 2747 3029 depositio
2767 2963 2820 3015 S.
2838 2960 2863 2997 ά
2886 2961 3154 3030 Gaugerici
3181 2961 3410 3029 episcopi
3437 2965 3454 3029 (
3467 2962 3674 3017 (lactem

2198 3055 2310 3120 A.),
2338 3054 2424 3120 qtti
2447 3061 2501 3106 et
2526 3067 2724 3119 magna:
2749 3051 3073 3106 abstinentia:
3100 3066 3402 3119 magnteque
3431 3053 3671 3123 religionis,

2191 3148 2246 3193 et
2270 3141 2717 3209 cleemosynarunt
2748 3140 2958 3208 largitor
2983 3154 3045 3192 ac
3084 3140 3452 3195 miraculorum
3482 3151 3672 3212 patrator
3723 3163 3732 3174 ι

2186 3226 2280 3278 fuit
2309 3244 2321 3277 :
2352 3236 2405 3288 et
2423 3227 2481 3280 S.
2511 3227 2721 3279 Taurini
2753 3226 2926 3279 fratris
2953 3226 3086 3292 ejus.

2256 3315 2318 3368 ν.
2350 3315 2409 3370 Β.
2434 3314 2517 3379 C.,
2550 3315 2614 3366 Et
2635 3314 2805 3380 passio
2839 3313 2893 3366 S.
2929 3316 2950 3342 ε
2975 3313 3224 3367 Cassiani.

2256 3402 2341 3456 12.
2369 3433 2437 3443 -—-
2467 3403 2504 3455 ll
2537 3403 2672 3455 Inus.
2705 3403 2758 3455 In
2783 3401 2956 3456 Sicilia
2985 3403 3195 3455 civitate
3218 3401 3574 3457 Catanensium
3599 3419 3669 3457 tta-

564 3473 815 3524 Ῐ¹¹⁰¹⁰¹Ὶ¹¹η
844 3471 1202 3559 ἀθίίῖξίπθίυτν
1241 3483 1270 3559 ξ’
1297 3467 1531 3559 “Nam
1571 3468 2078 3559 Ρῗτθΐθαομθθπξῑῖτθ·
2105 3475 2150 3537 c
2184 3493 2284 3546 tale
2320 3491 2466 3559 Eupli
2495 3491 2730 3554 diaconi;
2764 3490 2852 3558 qui
2896 3504 3012 3544 cum
3042 3491 3332 3544 diutissime
3362 3500 3670 3559 torqueretur,

565 3562 752 3610 liensus
781 3567 879 3610 cst.
914 3556 1186 3624 ("actenus
1227 3554 1315 3620 A.)
1368 3555 1498 3606 Ante
1546 3555 1694 3620 cujus
1743 3556 1898 3620 pedes
1948 3556 2082 3608 idem

564 3650 833 3712 pras'ectus
884 3645 1136 3696 carbones
1181 3642 1423 3694 ardentes
1478 3642 1657 3695 emtdit
1705 3643 1919 3696 dicens:
1977 3645 2081 3696 Aut

564 3741 712 3787 tltura
744 3734 794 3786 in
827 3733 939 3785 istis
969 3731 1276 3784 carbonibus
1305 3731 1493 3797 adjice,
1538 3742 1626 3784 aut
1675 3733 1888 3798 pedibus
1938 3736 2086 3788 nudis

565 3837 716 3885 super
766 3835 857 3874 eos
902 3820 1101 3872 incede.
1145 3822 1210 3871 At
1265 3819 1350 3871 ille
1397 3821 1598 3887 signum
1655 3823 1824 3874 crucis
1874 3823 2085 3888 faciens,

569 3920 864 3961 constanter
895 3923 1049 3973 super
1069 3922 1161 3960 eos
1186 3910 1316 3958 nuda
1343 3910 1602 3978 ingressus
1631 3920 1708 3960 est
1735 3911 1926 3975 planta.
1962 3913 2088 3964 Ilinc

2188 3583 2472 3635 decollatus
2499 3593 2578 3635 est
2619 3598 2648 3634 a
2693 3580 2982 3636 Calvisione
3023 3581 3101 3649 lC.
3148 3581 3392 3634 Lusioue.
3443 3582 3501 3634 Β.
3546 3583 3672 3635 Clau-

2192 3674 2338 3725 siano
2360 3671 2376 3741 ]
2423 3671 2700 3736 consulari,
2730 3679 2960 3738 tempore
2999 3669 3295 3723 Diocletiani
3322 3678 3372 3722 et
3400 3670 3673 3723 Maximiani.

2260 3758 2342 3820 B.,
2371 3760 2545 3810 Roma!
2577 3758 2746 3810 natale
2774 3756 3082 3824 Cltrysantbi
3134 3766 3187 3810 et
3237 3757 3424 3810 Darizn.
3459 3759 3508 3810 lu
3549 3760 3671 3826 Syria

2194 3829 2362 3880 natale
2391 3827 2484 3880 SS.
2511 3825 2749 3878 Macltarii
2783 3835 2833 3878 ct
2859 3825 3070 3878 Juliani.

2263 3913 2346 3964 15.
2374 3942 2438 3952 -——
2470 3913 2654 3966 IDIBl‘S.
2699 3912 2874 3964 Roma:
2921 3911 2978 3964 S.
3039 3910 3056 3948 τ
3095 3909 3306 3978 Ypoliti,
3351 3913 3440 3979 qui
3479 3921 3669 3980 tempore

1930 3998 2129 4054 SMITH
2167 3998 2384 4053 NOTAE.

639 4091 663 4114 ίι
706 4085 1079 4136 Dormientium.
1125 4085 1199 4137 De
1234 4085 1314 4137 bis
1340 4085 1454 4136 vide
1479 4099 1617 4136 xxvii
1645 4084 1805 4137 Junii.

635 4153 915 4204 h'l'tburtii.
975 4153 1085 4204 Filii
1132 4154 1438 4205 Cliromatii.
1483 4155 1572 4204 Hie
1622 4154 1936 4216 temporibus
1966 4154 2084 4205 Dio-

569 4221 791 4280 cletiani,
837 4235 863 4269 a
908 4221 1192 4284 Torquato,
1245 4221 1328 4284 qui
1371 4222 1615 4271 mentitus
1643 4232 1723 4272 est
1755 4235 1809 4272 se
1836 4223 2084 4272 Christia-

573 4305 712 4349 num,
742 4286 916 4338 fraude
942 4299 1124 4352 agente
1169 4297 1419 4351 quatenus
1445 4297 1675 4338 orantem
1709 4289 1760 4339 S.
1795 4289 2082 4341 Tiburtinm

2191 4087 2562 4140 Alexandrum.
2588 4085 2797 4146 Stratus,
2839 4095 2963 4137 tom.
3007 4087 3094 4139 IV.

2260 4153 2283 4190 ἀ
2328 4153 2607 4221 Gattgerici.
2643 4156 2830 4204 Evosio
2859 4153 3137 4206 Galliarum
3165 4153 3374 4220 oppido,
3405 4154 3536 4219 quod
3559 4164 3668 4204 nunc

2193 4223 2419 4274 lvndiuui
2456 4223 2656 4283 dicitur,
2705 4223 2927 4282 oriundi,
2967 4236 3120 4288 quem
3150 4222 3207 4272 S.
3251 4221 3673 4287 MagnericusTrr-

2193 4293 2418 4342 virorum
2479 4289 2751 4355 episcopus
2791 4290 3033 4342 clericum
3082 4301 3136 4342 et
3183 4289 3384 4342 levitam
3440 4290 3667 4341 ordinant.

569 4355 1062 4419 comprehenderent
1090 4355 1338 4416 infideles,
1368 4353 1616 4422 proditus,
1642 4357 2087 4408 obtruncationetn
2122 4353 2169 4410 D
2198 4358 2494 4422 Vedulpltus
2514 4353 2720 4408 interea
2763 4356 3152 4409 Cameracensis
3183 4360 3456 4421 episcopus
3485 4355 3610 4412 obiit.
3631 4366 3669 4405 et

573 4423 756 4483 capitis
787 4423 962 4488 subiit.
999 4423 1123 4473 Vide
1175 4424 1296 4474 Acta
1348 4422 1404 4474 S.
1455 4420 1736 4474 Sebastiani
1784 4424 1916 4488 apud
1974 4425 2091 4475 Boi-

571 4491 709 4539 iand.
744 4503 808 4538 xx
845 4487 1055 4539 Jattttar.

643 4565 661 4587 τ
706 4557 968 4606 Susaunw.
1024 4556 1310 4622 Presbyteri
1367 4556 1589 4618 Gabinii,
1633 4557 1716 4624 qui
1765 4571 1917 4618 snpra
1967 4572 2088 4609 xvnt

575 4626 723 4674 Febr.
759 4624 963 4682 colitur,
998 4626 1095 4675 lilia
1149 4625 1258 4675 haec
1300 4625 1412 4684 fuit,
1463 4633 1514 4674 et
1560 4630 1725 4689 neptis
1777 4625 1885 4675 Caii
1927 4640 2089 4688 papae,

571 4694 653 4754 qui
683 4706 832 4757 supra
865 4693 1045 4742 colitur
1095 4707 1159 4743 sx
1204 4691 1356 4743 Febr.
1407 4693 1588 4752 Quam.
1621 4706 1736 4742 eum
1770 4691 1860 4742 fuit
1891 4691 2091 4744 formo-

572 4759 796 4812 sissima.
827 4759 1168 4810 Diocletianus
1201 4760 1407 4811 mittens
1435 4760 1698 4810 Claudium
1726 4760 2087 4811 consobrinum

573 4842 718 4876 suum
771 4825 1005 4892 Gabinio,
1064 4827 1373 4878 Maximiano
1422 4826 1611 4878 (laesuri
1665 4840 1874 4878 uxorem
1928 4829 2087 4892 petiit.

575 4893 742 4952 J‘aiCl‘,
775 4891 1017 4943 dilatione
1044 4895 1313 4956 postulata,
1345 4895 1455 4944 tiliae
1488 4895 1534 4944 id
1563 4895 1726 4958 aperit
1767 4891 1937 4944 coram
1967 4894 2090 4948 Caio

575 4976 731 5024 papa;
774 4970 942 5011 tamen
989 4963 1153 5010 renuit
1194 4961 1299 5018 illa,
1328 4963 1514 5025 quippe
1547 4962 1702 5024 patris
1743 4963 1946 5012 hortatu
1975 4975 2083 5012 am-

572 5029 724 5090 plexa
752 5029 1110 5092 virginitatem.
1147 5028 1357 5078 Claudio
1388 5039 1557 5078 autem
1589 5043 1702 5080 eam
1755 5032 1938 5080 iterum
1993 5043 2085 5092 pe-

571 5106 726 5155 tente,
762 5099 864 5158 ipsa
905 5110 1012 5159 ejus
1041 5097 1270 5147 OSCttlum
1297 5104 1552 5158 aversata,
1608 5097 1837 5148 ltortalur
1882 5112 1997 5148 cum
2028 5098 2089 5148 ad

574 5166 912 5226 baptismum;
960 5177 1052 5214 nec
1084 5164 1243 5214 tnulto
1276 5173 1387 5227 post
1416 5181 1440 5212 a
1473 5162 1595 5214 Caio
1627 5179 1751 5228 papa
1781 5178 1895 5214 cum
1931 5179 2089 5215 uxore

570 5239 622 5279 et
654 5232 825 5280 liberis
856 5240 906 5281 et
950 5229 1166 5281 Maximo
1197 5231 1353 5280 fratre
1386 5231 1671 5297 baptizatus
1697 5243 1795 5282 εει.
1827 5231 1952 5282 Cum
1998 5248 2089 5282 au-

574 5305 673 5345 tun
707 5298 867 5348 noluit
901 5297 1193 5347 Diocletiani
1246 5298 1376 5348 votis
1422 5300 1720 5357 convenire,
1771 5300 1921 5362 jussit
1975 5299 2088 5349 Diu-

571 5367 820 5416 cletianus
863 5373 915 5414 tit
954 5374 1082 5414 intra
1131 5366 1338 5415 domum
1384 5381 1526 5417 suam
1582 5368 1753 5430 gladio
1802 5365 2084 5427 puniretur.

573 5436 682 5489 Lino
710 5435 839 5483 facto
861 5435 1050 5485 Serena
1085 5435 1306 5494 Augusta
1338 5444 1484 5482 noctu
1514 5447 1696 5498 corpus
1722 5443 1910 5484 sancta:
1953 5449 2088 5484 mar-

579 5501 698 5562 tyris
727 5501 954 5563 collegit,
985 5502 1254 5564 posuitque
1281 5499 1421 5564 jttx'a
1466 5513 1681 5565 corpora
1715 5511 2003 5551 sanetnrum
2035 5504 2086 5552 in

574 5570 870 5616 i'u'tnetcrio
904 5569 1204 5626 Alexandri,
1243 5569 1288 5617 in
1323 5569 1556 5618 at'enariu
1585 5569 1630 5617 in
1665 5578 1839 5632 crypta
1864 5567 2000 5631 juxta
2028 5568 2082 5618 S.

2191 4426 2512 4489 Gaugericns
2539 4427 2767 4486 omnium
2812 4437 3068 4475 consensu
3116 4426 3182 4474 ab
3231 4425 3438 4489 A‘Tgidio
3463 4422 3667 4489 episeopo

2193 4486 2468 4544 iiltetnensi
2509 4493 2558 4540 in
2598 4491 2955 4543 (latuerat-ensi
3002 4492 3124 4542 sede
3162 4486 3440 4541 collocatus
3464 4501 3551 4542 est.
3577 4486 3664 4540 Plc-

2193 4575 2287 4612 nus
2332 4561 2580 4610 bonorum
2629 4572 2841 4621 Operum
2894 4568 2948 4608 et
2995 4559 3194 4610 dierum
3250 4558 3299 4609 in
3354 4573 3477 4619 pace
3517 4557 3667 4622 quiet-it

2193 4643 2329 4679 anno
2357 4626 2557 4678 Domini
2590 4625 2704 4689 aut,
2733 4627 3057 4690 episcopatus
3085 4624 3172 4677 59.
3203 4626 3450 4688 Sepultus
3473 4637 3542 4678 est
3565 4624 3666 4688 apud

2193 4697 2528 4747 Cameracum
2577 4695 2623 4743 in
2658 4695 2864 4744 basilica
2897 4708 3048 4759 quam
3098 4696 3206 4758 ipse
3232 4690 3576 4745 construxerat
3599 4705 3668 4738 tto-

2193 4765 2329 4813 mine
2373 4763 2428 4816 S.
2461 4762 2685 4812 Mcdardi
2711 4779 2724 4813 :
2757 4763 2846 4812 sed
2877 4763 2992 4813 inde
3020 4776 3136 4812 cum
3167 4765 3526 4811 canntticorum
3545 4761 3668 4808 mlta-

2190 4848 2274 4894 gio
2306 4833 2580 4880 translatus
2626 4839 2704 4880 est
2745 4831 2806 4880 ad
2849 4830 3118 4881 ecclesiam
3154 4829 3209 4882 S.
3247 4829 3477 4890 Vedasti,
3504 4840 3598 4894 qua:
3621 4837 3668 4872 an

2190 4913 2253 4947 eo
2294 4900 2444 4948 etiam
2477 4897 2533 4948 S.
2575 4895 2845 4964 Gaugcrici
2878 4899 3013 4946 dicta
3061 4907 3163 4946 est.
3215 4897 3456 4946 Mutuus
3501 4893 3556 4946 de.
3594 4894 3658 4943 ὤ.

2192 4965 2371 5030 Delgii.
2401 4965 2550 5014 CIIIN.
2581 4964 2850 5016 Senensrs.
2889 4964 3096 5022 Sumus,
3127 4973 3252 5013 tom.
3284 4963 3367 5014 IV‘.

2265 5025 2311 5064 δ’
2338 5031 2582 5084 Cassiani.
2617 5031 2808 5084 Forsan
2842 5032 2922 5083 hic
2946 5031 3080 5082 idem
3115 5039 3198 5081 est
3225 5043 3344 5082 cum
3371 5045 3434 5084 eo
3460 5029 3536 5098 qui
3560 5042 3582 5078 r
3605 5025 3662 5074 vel

2192 5115 2280 5151 xm
2313 5100 2393 5150 die
2426 5099 2574 5164 hujus
2602 5101 2793 5151 mensis
2821 5099 3134 5152 celebratur.

2265 5165 2280 5202 ί
2329 5166 2532 5231 Ypoliti.
2568 5172 2603 5218 Α
2655 5168 2713 5218 Β.
2747 5167 3038 5228 Laurentio,
3073 5166 3157 5231 qui
3189 5181 3344 5232 supra
3375 5181 3402 5217 ι
3432 5164 3509 5217 die
3534 5165 3664 5226 Augu.

2189 5235 2253 5283 sti
2285 5236 2491 5294 enlitur,
2539 5233 2622 5286 ltic
2653 5236 2714 5284 ad
2748 5233 2896 5285 fidem
2943 5247 3227 5286 conversus
3277 5235 3552 5297 baptizatus
3586 5239 3662 5279 est.

2190 5301 2299 5351 Non
2332 5303 2426 5353 Sub
2458 5303 2629 5361 Decio,
2661 5310 2714 5352 ut
2747 5302 3104 5368 Martyrulogia
3144 5313 3196 5351 et
3225 5304 3352 5352 Acta
3394 5300 3451 5351 S.
3483 5299 3661 5368 Lauren-

2192 5367 2247 5418 tii
2280 5369 2409 5419 falso
2437 5379 2694 5430 asserunt,
2741 5369 2830 5421 sed
2863 5362 2958 5421 sub
3001 5362 3281 5421 Valeriano
3313 5369 3480 5420 triduo
3503 5362 3660 5429 posts-

2192 5435 2520 5487 I.aurentittm
2574 5451 2752 5500 passus
2796 5448 2875 5489 est
2923 5451 3040 5488 eum
3090 5440 3194 5485 ιιιιει
3241 5437 3451 5487 [ειιιιὶιὶθ.
3479 5435 3662 5500 Quorum

2192 5515 2408 5568 Corpora
2437 5502 2493 5555 S.
2535 5502 2768 5557 Justinus
2813 5507 2862 5556 in
2906 5516 3090 5571 campo
3115 5505 3178 5554 ad
3222 5503 3356 5557 latus
3381 5504 3484 5571 agri
3515 5502 3661 5552 Veram

2191 5571 2438 5636 sepelivit.

3210 5606 3814 6318 ,Δ
