3898 6350
260 497 392 548 101³3

1346 500 1528 552 SI'ICT.
1572 502 1630 552 ll.
1674 533 1733 540 -ν
1777 503 2317 558 ΜΛΙὶΤῗΙιΟωϐΙᾹ.

3277 515 3408 567 1005

1461 608 1678 661 EDITIO
1715 609 2164 665 COLONIENSIS.

240 704 305 745 et
326 696 402 747 sic
434 709 523 761 per
548 692 769 745 carduos
786 702 838 748 el
859 694 1074 746 tribulos
1102 703 1291 747 tractus
1317 697 1490 749 emisit
1518 699 1751 765 spiritum

1880 719 2017 771 dicto
2046 717 2349 771 Constantio
2394 717 2673 771 includitur
2702 720 2752 772 iu
2784 722 3008 785 quodam
3050 725 3285 779 cubiculo
3313 727 3407 779 dn-

242 783 316 835 Et
346 782 525 836 Natale
549 781 852 835 Concordia!
883 784 1094 836 nutricis
1122 783 1252 849 ejus,
1283 800 1433 851 quam
1464 799 1583 841 ante
1611 789 1773 854 ipsum

246 871 532 935 plumbatis
561 884 746 922 exesam
778 853 1156 940 martyrizavit,
1190 883 1240 923 et
1275 874 1491 927 aliorum
1519 853 1697 929 decent
1724 890 1777 933 et

246 976 443 1014 novem
473 963 538 1014 de
573 961 729 1015 domo
757 961 870 1029 ejus
890 1004 903 1026 ,
932 963 1016 1028 qui
1054 963 1203 1014 simul
1236 962 1474 1016 decollati
1501 976 1642 1018 sunt.
1674 968 1774 1020 Eo-

242 1048 370 1102 dem
396 1049 481 1103 die
508 1050 679 1101 natale
706 1050 869 1102 sancti
896 1050 1124 1101 Cassiani
1158 1049 1352 1101 liomzc.
1380 1048 1478 1113 Qui
1505 1067 1618 1103 cum
1653 1054 1775 1103 aiio-

245 1145 369 1183 rare
419 1132 551 1183 idola
604 1131 782 1189 nollet,
837 1132 1185 1198 interrogatus
1213 1146 1241 1182 a
1274 1141 1605 1199 persecutore
1652 1136 1776 1201 quid

239 1219 379 1272 artis
421 1219 653 1281 haberet,
683 1218 951 1284 respondit
992 1220 1106 1285 quia
1145 1234 1330 1285 pueros
1362 1231 1505 1273 notas
1543 1222 1775 1285 doceret,

238 1316 311 1359 et
359 1322 476 1360 mox
519 1309 766 1374 spoliatus
815 1308 1063 1370 vestibus,
1095 1322 1153 1360 ac
1204 1309 1437 1362 manibus
1480 1323 1589 1377 post
1636 1321 1775 1380 terga

239 1398 513 1461 revinetis,
544 1399 786 1450 statuitur
812 1398 862 1451 in
894 1399 1083 1461 medio,
1114 1400 1409 1466 voeatisque
1437 1402 1634 1467 pueris,
1658 1403 1775 1467 qui—

242 1485 344 1536 bus
371 1485 601 1538 docendo
646 1498 840 1555 exosus
884 1484 1046 1535 factus
1092 1484 1276 1549 fuerat,
1310 1486 1426 1537 data
1452 1498 1531 1538 est
1562 1487 1777 1539 facultas

235 1586 366 1625 eum
400 1572 703 1638 perimendi.
731 1571 799 1624 At
823 1571 897 1623 illi
922 1580 1167 1637 quantum
1195 1572 1465 1624 doluerunt
1491 1574 1771 1636 discentes,

235 1671 444 1717 tantum
465 1678 523 1717 se
548 1663 722 1717 ulcisci
747 1663 1049 1730 gaudentes,
1070 1663 1155 1713 alii
1180 1676 1297 1715 eum
1328 1662 1512 1714 tabulis
1540 1678 1599 1714 ac
1624 1664 1773 1716 buxis

234 1751 528 1815 feriebant,
559 1752 645 1804 alii
702 1750 851 1819 stylis
902 1750 1254 1803 vulnerabant.
1309 1751 1514 1814 Quanto
1556 1764 1770 1817 quorum

232 1839 501 1895 inﬁrmior
529 1850 639 1894 erat
662 1856 861 1903 manus,
891 1846 1035 1891 tanto
1072 1840 1362 1905 graviorem
1391 1854 1594 1905 poenam
1627 1854 1767 1891 mar-

232 1930 362 1997 tyrii
386 1931 540 1981 dilata
564 1939 731 1982 morte
753 1928 1025 1980 faciebant.
1047 1927 1267 1979 Pietavis
1286 1927 1493 1979 civitate
1513 1926 1771 1994 depositio

1879 819 1993 857 ntus
2032 819 2162 871 sum,
2196 806 2419 860 habente
2458 806 2509 859 in
2544 808 2813 862 latitudine
2847 812 3003 877 pedes
3042 825 3299 879 quatuor:
3324 816 3411 870 ubi

1880 892 2068 946 multos
2096 893 2207 946 dies
2236 893 2287 945 in
2310 895 2548 948 oratione
2577 901 2944 962 perseveravit,
2973 908 3026 952 et
3049 916 3185 953 nono
3208 904 3411 956 decimo

1881 981 2224 1035 Kalendarum
2247 982 2590 1050 Septembris,
2615 994 2733 1052 post
2761 1002 2966 1041 menses
2992 1001 3212 1057 septem,
3241 994 3411 1048 adhuc

1879 1078 2051 1123 tamen
2100 1072 2329 1125 inclusus
2373 1073 2745 1129 dormitiouem
2779 1080 2999 1144 accepit.
3037 1080 3194 1148 Cujus
3223 1097 3412 1151 corpus

1876 1161 2082 1227 collegit
2110 1161 2192 1214 Gr.
2213 1164 2388 1228 gorius
2418 1172 2470 1216 et
2513 1163 2727 1219 Orosius
2774 1168 3083 1236 presbyteri,
3113 1182 3164 1225 et
3194 1174 3413 1239 sepelie-

1878 1256 1996 1299 ruut
2035 1250 2085 1300 iu
2116 1258 2294 1316 crypta
2331 1252 2476 1317 juxta
2517 1266 2703 1319 corpus
2744 1253 2876 1307 beati
2922 1257 3057 1310 Sixti
3102 1259 3329 1327 episcopi
3359 1274 3413 1315 et

1878 1337 2144 1404 martyris,
2171 1339 2250 1390 via
2278 1340 2463 1405 Appia,
2497 1341 2547 1392 in
2592 1344 2889 1395 ecemeterio
2929 1344 3125 1406 CaIisti.
3154 1348 3238 1399 ubi
3268 1357 3321 1401 et
3347 1351 3412 1401 ti—

1878 1422 2039 1474 tulum
2082 1422 2240 1489 ipsius
2284 1427 2577 1479 scribentes
2618 1440 2903 1493 posuerunt
2930 1432 2996 1483 ita
3024 1449 3033 1481 :
3062 1431 3273 1485 Eusebio
3319 1436 3406 1485 lio—

1875 1509 1997 1560 mini
2024 1508 2139 1564 Dei.
2185 1513 2415 1569 Audiens
2454 1512 2817 1579 Constantius,
2852 1520 2987 1587 quod
3036 1521 3316 1588 Gregorius
3358 1533 3412 1576 et

1874 1598 2089 1653 Orosius
2126 1603 2433 1666 sepelissent
2464 1618 2651 1671 corpus
2684 1607 2818 1659 beati
2863 1608 3101 1672 Eusebii,
3135 1611 3185 1662 iu
3228 1612 3410 1666 eadem

1872 1696 2076 1754 crypta,
2099 1689 2182 1741 ubi
2214 1689 2338 1741 illud
2361 1691 2720 1756 condiderant,
2752 1698 2993 1762 przecepit
3016 1698 3185 1749 vivum
3214 1699 3407 1751 includi

1873 1776 2201 1843 Gregorium.
2236 1778 2381 1831 Hunc
2426 1780 2735 1834 semivivum
2779 1793 2930 1837 nocte
2969 1784 3183 1839 Orosius
3209 1787 3413 1854 excepit

1873 1862 2011 1924 inde,
2034 1875 2087 1917 et
2114 1875 2233 1932 post
2257 1868 2516 1933 paululum
2540 1868 2840 1923 defunctum
2859 1872 3005 1939 juxta
3031 1888 3219 1941 corpus
3240 1878 3405 1929 sancti

1873 1951 2081 2005 Eusebii
2109 1956 2367 2021 sepelivit.
2390 1956 2649 2022 Factaque
2680 1970 2759 2010 εει
2784 1960 3087 2025 gravissima
3116 1966 3411 2028 persecutio

227 2029 433 2071 sanitzc
462 2017 790 2085 Radegundis
837 2016 1045 2084 regium.
1097 2020 1148 2067 In
1184 2014 1458 2068 Germania
1504 2015 1757 2081 provincia

1873 2040 1922 2090 in
1951 2038 2205 2092 catholica
2252 2041 2483 2095 Ecclesia
2513 2042 2580 2095 ab
2624 2042 2841 2107 Arianis,
2870 2047 3046 2099 sedem
3074 2050 3409 2113 apostolicam

227 2110 412 2161 natale
436 2109 600 2160 sancti
629 2106 880 2173 Wigberti
911 2103 1197 2171 presbyteri
1224 2114 1272 2155 et
1293 2102 1624 2156 confessoris.

306 2198 363 2249 Β.
394 2197 508 2250 XIX
538 2196 765 2250 KALEND.
810 2193 1069 2249 Sensus.
1117 2192 1299 2244 Natale
1344 2192 1507 2245 sancti
1558 2191 1767 2245 Eusebii

225 2285 523 2353 presbyteri
569 2295 619 2338 et
664 2280 1006 2340 confessoris,
1034 2279 1121 2347 qui
1151 2278 1250 2331 sub
1277 2276 1578 2330 Constantio
1608 2280 1766 2345 impe-

226 2387 406 2424 ratore
428 2374 640 2434 Ariano,
664 2369 994 2425 macltinante
1025 2366 1228 2419 Liberlo
1257 2357 1497 2433 praesule.
1522 2366 1766 2419 similiter

223 2459 497 2521 haeretica,
518 2457 897 2527 confessionem
921 2468 1067 2507 suam
1094 2452 1398 2519 complevit.
1423 2450 1547 2503 Nam
1576 2466 1601 2500 a
1629 2466 1762 2515 prae-

1874 2134 2080 2180 tenente
2124 2127 2353 2181 Liberio.
2408 2130 2469 2182 Et
2502 2130 2673 2198 vigilia
2699 2122 3077 2201 assumptionis
3105 2136 3281 2190 Maria:
3308 2139 3410 2191 vir-

1869 2229 2027 2279 ginis.

1939 2344 1997 2397 C.
2031 2345 2185 2397 XVIII
2219 2346 2451 2399 KALEND.
2476 2347 2738 2401 Serrana.
2770 2350 3071 2416 Assumptio
3098 2361 3289 2406 sancta:
3322 2354 3413 2407 Dei

1866 2434 2131 2499 genitricis
2179 2444 2233 2488 et
2277 2445 2539 2504 perpetere
2584 2437 2796 2504 virginis
2845 2438 3036 2493 Mariae.
3089 2440 3285 2495 Eodem
3322 2441 3411 2496 die

1453 2536 1676 2591 EDITIO
1714 2537 2201 2595 BOIJLANDIANA.

224 2662 397 2728 Decii,
419 2662 603 2729 ligatus
633 2657 791 2725 pedes
822 2655 885 2707 ad
911 2653 1045 2708 colla
1086 2651 1457 2705 indomitorum
1488 2661 1764 2717 equorum,

218 2751 305 2802 sic
339 2764 430 2816 per
456 2747 678 2799 carduos
707 2744 1028 2807 tribulosqne
1069 2748 1261 2791 tractus
1288 2736 1463 2791 emisit
1500 2734 1760 2802 spiritum.

223 2837 294 2889 Et
322 2833 628 2889 Concordiae
657 2830 873 2885 nutricis
913 2828 1047 2895 ejus,
1078 2841 1193 2893 qua:
1220 2833 1341 2877 ante
1379 2824 1548 2889 ipsum
1596 2821 1765 2888 plum—

222 2927 367 2979 batis
408 2939 544 2978 erasa
587 2921 953 2991 martyrizatur
980 2933 993 2971 :
1028 2916 1094 2969 Et
1120 2915 1342 2968 aliorum
1371 2912 1436 2966 dc
1465 2910 1622 2965 domo
1648 2910 1763 2977 ejus

1868 2629 1969 2696 psit
2000 2629 2313 2685 Prudentius
2340 2642 2489 2700 poeta
2530 2631 2849 2704 0668103.].

1937 2718 2124 2771 Florus
2164 2721 2215 2773 in
2244 2721 2331 2785 'I‘.,
2365 2723 2417 2774 In
2462 2722 2627 2775 Gallia
2658 2723 2886 2779 Pictavis
2910 2723 3124 2779 civitate
3152 2726 3409 2794 depositio

1862 2808 1918 2859 S.
1939 2804 1964 2842 δ
1994 2806 2320 2875 Radegundis
2348 2809 2563 2875 reginae,
2593 2824 2707 2875 quae
2738 2810 2791 2863 in
2823 2810 2971 2864 thoro
2995 2812 3219 2865 Lotharii
3247 2814 3406 2868 Fran-

1863 2909 2041 2949 corum
2080 2896 2217 2964 regis
2268 2896 2544 2963 recubans,
2596 2899 2766 2965 potius
2816 2899 3071 2953 monacha
3118 2902 3402 2958 vocabatur

225 3016 414 3067 decem
446 3022 499 3065 et
526 2987 738 3073 novem,
785 3008 869 3076 qui
917 3006 1070 3059 simul
1100 3002 1338 3057 deeollati
1380 3010 1517 3054 sunt.
1554 2998 1757 3068 (Hacte-

1866 3000 2018 3053 quam
2048 3001 2199 3040 uxor.
2250 2987 2411 3054 Cujus
2451 2989 2771 3041 consortium
2818 3002 3092 3056 spernens,
3138 2990 3402 3045 Christum

219 3118 321 3153 nus
347 3102 431 3165 A.)
469 3100 659 3152 Eodem
682 3098 764 3149 die
790 3095 958 3147 natale
987 3093 1043 3146 S.
1077 3100 1099 3126 °
1128 3090 1360 3145 Cassiani
1414 3089 1591 3140 Roma:
1625 3103 1638 3137 :
1668 3088 1765 3153 (ast

220 3192 287 3243 C.
322 3188 626 3255 hucusque);
679 3184 762 3252 qui
796 3198 912 3237 cum
954 3180 1169 3233 adorare
1200 3178 1332 3229 idola
1382 3176 1652 3235 noluisset,
1685 3174 1763 3225 in-

223 3285 518 3344 terrogatus
539 3290 567 3325 a
609 3280 939 3340 persecutore
963 3268 1084 3335 quid
1112 3258 1238 3319 artis
1270 3264 1503 3327 haberet,
1533 3276 1750 3329 respon-

219 3364 300 3418 dit
343 3364 459 3431 quia
492 3377 679 3429 pueros
707 3370 856 3414 notas
884 3359 1112 3411 doceret.
1148 3355 1215 3408 Et
1242 3369 1363 3407 mox
1406 3351 1645 3419 spoliatis
1672 3366 1758 3404 ve-

219 3452 395 3505 stibus
445 3464 507 3503 ac
538 3450 777 3502 manibus
822 3455 941 3512 post
964 3455 1105 3512 terga
1139 3440 1384 3497 revinctis
1424 3442 1669 3494 statuitur
1706 3439 1755 3490 in

222 3541 427 3603 medio;
458 3538 754 3603 vocatisque
800 3533 995 3602 pueris,
1045 3531 1233 3599 quibus
1285 3527 1521 3582 docendo
1571 3538 1761 3579 exosus

222 3626 393 3680 factus
420 3624 609 3689 fuerat,
638 3624 757 3676 data
801 3631 881 3675 est
924 3619 1141 3674 facultas
1181 3632 1299 3671 eum
1346 3613 1656 3683 pcrimendi.
1691 3617 1758 3665 At

222 3714 302 3768 illi
326 3722 572 3780 quantum
599 3704 871 3763 doluerant
892 3708 1173 3780 discentes,
1200 3714 1400 3757 tantum
1424 3702 1604 3755 ulcisci
1633 3716 1766 3769 gau-

220 3776 433 3866 dentes,
477 3800 563 3853 alii
595 3814 712 3852 eum
745 3796 931 3849 tabulis
957 3776 1044 3845 aut
1091 3792 1310 3846 buxibus
1356 3789 1448 3859 [0.
1498 3787 1761 3856 buximiis]

222 3891 500 3951 feriebant,
540 3888 624 3941 alii
669 3884 818 3953 Stylis
866 3882 1244 3935 vulnerabant:
1294 3891 1512 3946 quorum
1562 3884 1758 3943 quanto

220 3976 482 4029 infirmior
509 3987 653 4037 aetas,
679 3982 815 4024 tanto
841 3971 1130 4037 graviorem
1170 3965 1401 4034 martyrii
1434 3978 1641 4032 poenam
1669 3963 1757 4016 di-

221 4066 330 4117 lata
356 4074 521 4116 morte
548 4062 787 4115 faciebat.
834 4057 1052 4123 Scripsit
1082 4056 1391 4107 Prudentius
1421 4062 1569 4120 poeta
1598 4051 1759 4123 [Scri-

1865 3089 2017 3139 quem
2046 3075 2248 3137 dilexit,
2288 3075 2524 3141 amplexa
2547 3082 2645 3139 est,
2677 3085 2978 3142 tantamque
3009 3078 3198 3130 meruit
3223 3079 3386 3130 virtu-

1864 3168 1988 3220 tem,
2022 3168 2076 3211 ut
2100 3161 2254 3213 etiam
2303 3171 2557 3213 mortuam
2588 3161 2881 3215 suscitaret.

1934 3248 2015 3316 ι...
2045 3247 2267 3316 lpsodie
2296 3248 2353 3299 S.
2387 3247 2720 3316 Radegundis
2756 3250 2970 3316 regina.

1933 3315 2012 3367 Η.
2042 3312 2108 3354 -ὲ-
2138 3312 2251 3368 ΧΙΧ
2283 3316 2412 3369 ΚΑΙ..
2463 3312 2622 3370 sm.
2655 3312 2839 3370 Natale
2859 3320 2913 3369 ὃ.
2952 3329 2973 3355 ε
3010 3319 3215 3373 Eusebii
3244 3334 3393 3387 prea-

1862 3404 2048 3471 byteri.

1940 3492 2159 3544 Additur
2182 3495 2232 3544 in
2254 3494 2317 3545 Τ.
2344 3494 2425 3553 1,..
2458 3493 2613 3546 Tituli
2636 3492 2949 3560 Conditoris.
2982 3496 3037 3549 In
3069 3497 3154 3560 A.,
3186 3496 3212 3537 ἀ
3239 3498 3396 3552 Tituli

1869 3572 1920 3637 et
1955 3560 2369 3640 Suconditorisi
2397 3577 2452 3640 in
2480 3560 2540 3613 ν.
2581 3573 2632 3614 et
2659 3564 2741 3625 (3.,
2774 3563 2835 3615 Et
2856 3559 3143 3632 Peregrini.
3178 3566 3235 3619 Β.
3261 3581 3398 3632 βιω-

1866 3628 2035 3695 :ignat
2072 3628 2309 3682 Viridena
2340 3631 2374 3683 S
2414 3631 2475 3682 ri.
2993 3628 3013 3632 v
3261 3628 3273 3632 —

2022 3644 2437 3776 _T._‘L.,_Vi_gi_?ia
2467 3696 2851 3776 Assttmptionis
2888 3696 2943 3752 S.
2976 3698 3148 3776 Maria:
3187 3700 3288 3776 Dei
3303 3714 3393 3776 ge-

1867 3765 2082 3817 nitricis.
2111 3765 2191 3825 8.,
2227 3765 2279 3817 In
2310 3765 2480 3817 Africa
2510 3766 2679 3817 natale
2709 3768 2762 3817 S.
2799 3766 3063 3820 Demetrii.
3116 3770 3168 3821 In
3219 3765 3395 3822 Africa

1866 3830 2034 3901 natale
2061 3831 2117 3883 S.
2144 3833 2426 3901 Stratonis.
2466 3833 2605 3901 Item
2648 3833 2702 3884 in
2751 3833 2922 3901 Africa
2970 3836 3133 3897 Pauli,
3184 3837 3392 3901 Eraclii,

1864 3898 2206 3967 ros-sessoris.
2241 3900 2295 3951 In
2326 3900 2559 3965 Aquileia
2608 3901 2779 3953 natale
2815 3900 2913 3954 SS.
2956 3902 3165 3967 Felicis,
3201 3898 3382 3958 [τοι-ιω

1864 3976 2014 4028 natrc,
2059 3965 2360 4019 Vincentius.
3153 3965 3159 3967 ⁷
3382 3972 3383 3975 “

1936 4054 2017 4108 15.
2042 4085 2105 4095 -
2130 4054 2286 4109 XVIII
2316 4056 2444 4110 ΚΑΙ..
2472 4057 2530 4111 S.
2554 4057 2724 4109 Marizc
2750 4058 3015 4113 dormitio.

1546 4137 1747 4192 Sill'fll
1786 4137 2009 4193 NOT/E.

295 4250 322 4276 ι
362 4237 599 4291 Cassiani.
632 4235 724 4285 llic
749 4235 799 4284 in
823 4230 934 4284 foro
956 4229 1114 4298 Sylla:
1143 4242 1323 4294 passus
1348 4236 1445 4298 est.
1472 4226 1653 4278 Petrus
1681 4224 1746 4278 de

216 4307 395 4360 Natal.
443 4305 567 4357 dicit
592 4317 710 4355 eum
758 4301 915 4352 fuisse
950 4296 1250 4363 episcopum
1304 4296 1650 4363 Brixieusem,
1692 4305 1746 4345 et

218 4370 653 4441 peregrinationis
682 4382 839 4441 causa
870 4361 1080 4418 ImoIam
1112 4366 1336 4441 venisse,
1370 4362 1539 4441 ibique
1569 4361 1743 4412 ludum

1928 4230 1949 4257 ο
2015 4229 2233 4281 Eusebii.
2283 4225 2379 4292 Qui
2434 4239 2687 4296 praesente
2726 4231 3028 4284 Constantio
3075 4232 3391 4297 imperatore
3454 4224 3455 4229 “

1853 4297 2047 4348 Ariano
2094 4311 2214 4348 cum
2246 4300 2396 4349 Iidem
2443 4297 2767 4351 Catholicam
2798 4309 3095 4353 constanter
3136 4302 3387 4358 defettde-

1853 4372 1953 4433 ret.
1980 4375 2034 4415 et
2062 4365 2326 4417 Liberium
2357 4380 2540 4432 papam
2572 4368 2776 4419 Arianae
2808 4370 3037 4433 perfidia:
3057 4375 3391 4427 couSensisse

213 4425 526 4496 {itinerarium
566 4439 851 4501 aperuisse,
901 4448 961 4484 ac
1008 4432 1213 4484 tandem
1258 4425 1567 4494 martyrium
1611 4425 2069 4496 con-Ddoleret,
2117 4425 2569 4499 iubente-eodem
2619 4425 2946 4497 Constantio,
2996 4437 3274 4491 includitur
3337 4425 3390 4495 in

210 4525 716 4643 sugnnl‘llziiihuudis.
779 4571 904 4635 Qure
955 4569 1048 4620 fuit
1106 4568 1168 4619 de
1213 4566 1424 4643 regione
1458 4565 1742 4632 Thoringa,

210 4661 319 4698 avo
346 4659 464 4711 rege
497 4636 741 4711 Sassino,
769 4650 959 4711 patrno
990 4636 1395 4711 ilermeﬂrido;
1432 4645 1578 4697 patre
1618 4648 1743 4711 rege

215 4704 543 4767 tierethario.
591 4709 633 4760 A
685 4708 953 4760 Chlotario
1004 4718 1125 4769 rege
1172 4704 1489 4754 Francorum
1536 4704 1742 4764 captiva

208 4782 422 4834 ducitur
448 4779 585 4831 circa
612 4792 699 4829 an.
732 4774 855 4834 530,
895 4782 949 4825 et
978 4772 1029 4823 in
1075 4771 1478 4823 Veromaudensi
1529 4769 1741 4820 civitate

214 4850 402 4902 Atteiis
445 4849 493 4899 itt
524 4846 643 4897 villa
689 4843 824 4908 regia
850 4839 1291 4908 nutriendicausa
1319 4837 1624 4908 custodibus
1649 4836 1741 4887 de-

212 4912 659 4985 putatur._1$_upta
706 4904 971 4985 Chlotario
1021 4906 1145 4985 regi
1182 4904 1462 4985 iWHViitil,
1505 4913 1570 4985 lit
1638 4918 1739 4957 non

207 4972 346 5050 regi,
377 4983 467 5035 sed
494 4972 699 5033 Christo
724 4977 965 5050 coniugio
993 4972 1190 5050 sociata
1218 4972 1473 5050 videatur.
1504 4972 1613 5050 suo
1648 4987 1743 5050 aut

212 5041 342 5104 terve
375 5050 533 5103 fratre
569 5050 702 5101 forte
743 5041 915 5099 occiso
965 5058 992 5095 a
1040 5044 1097 5095 Β.
1149 5041 1388 5094 Medurdo
1436 5041 1739 5107 Noviomagi

210 5122 380 5181 velata
424 5128 522 5177 est,
573 5124 627 5168 et
669 5117 718 5166 iu
774 5112 1166 5172 monasterium,
1220 5109 1356 5174 quod
1390 5110 1582 5181 Pictavi
1613 5123 1765 5181 eon-.

208 5180 425 5252 struxit,
475 5198 529 5236 se
572 5182 786 5234 contulit
825 5190 1087 5252 ;_et-eum
1146 5192 1258 5252 eam
1310 5191 1397 5252 rex
1446 5176 1741 5252 Cbl‘otarius

206 5257 328 5321 ejus
369 5244 448 5307 vi'r
496 5260 773 5321 repeteret,
826 5248 1176 5321 S.__Ger_mani
1221 5245 1467 5321 sua~ione
1514 5244 1732 5321 desdtit.

207 5310 491 5386 P'ostquam
518 5310 672 5372 vitam
704 5317 962 5386 miraculis
991 5317 1197 5386 plenam
1245 5310 1599 5386 tran‘segissg,
1633 5311 1737 5363 Ita-

204 5379 465 5457 ilegundis
485 5390 611 5440 obiit
649 5400 784 5457 anno
812 5383 1002 5457 Christi
1028 5384 1320 5457 $87,__j.uxta
1349 5379 1735 5457 lireg._Ttirott.

203 5447 412 5524 quiltb.
439 5471 528 5524 ts.
551 5471 666 5521 cap.
693 5451 974 5524 2,rohitut_n
1007 5451 1114 5524 e_jus
1151 5452 1310 5524 illigat
1338 5463 1473 5524 anno
1598 5448 1735 5524 regis

203 5514 554 5582 Childeberti,
598 5514 648 5574 et
678 5538 704 5573 a
735 5520 987 5583 Gregorio
1015 5514 1303 5570 Turoneusi
1348 5518 1399 5568 in
1428 5514 1643 5567 Basilica
1668 5520 1726 5568 δ.

203 5595 332 5647 Mari
353 5611 381 5642 e
407 5590 607 5656 sepulta
638 5602 735 5642 est.
784 5588 910 5639 Vide
942 5586 1104 5656 vitam
1154 5586 1266 5650 ejus
1315 5587 1365 5636 in
1395 5584 1566 5649 Surio,
1603 5594 1731 5637 tom.

205 5665 297 5722 ιν,
324 5671 375 5712 et
401 5653 742 5711 in'MabiIlou.
773 5660 887 5708 Aet.
920 5655 1017 5709 SS.
1050 5653 1196 5715 Beu.,
1230 5663 1356 5704 tom.
1381 5657 1415 5708 l.

1844 4502 2067 4564 quodam
2096 4502 2335 4553 cubicqu
2364 4501 2550 4554 deuius
2598 4517 2727 4561 suae.
2761 4503 2986 4555 habente
3018 4504 3067 4555 in
3114 4505 3386 4561 latitudine

1844 4569 2001 4633 pedes
2025 4579 2277 4636 quatuor;
2322 4570 2405 4619 ubi
2439 4570 2615 4620 multis
2643 4569 2826 4621 diebus
2868 4571 2919 4623 in
2972 4573 3210 4625 oratione
3254 4590 3383 4625 con-

1842 4636 2443 4704 stanterperseveravit,
2472 4650 2533 4688 ac
2577 4649 2691 4699 post
2738 4653 2944 4693 menses
2973 4649 3170 4704 septem
3216 4641 3391 4698 adhuc

1844 4712 2015 4755 tamen
2046 4703 2280 4773 inclusus
2311 4705 2460 4757 obiit.
2496 4704 2658 4772 Cujus
2685 4721 2874 4773 corpus
2900 4703 3229 4770 collegerunt
3254 4710 3410 4763 Gre-'

1842 4774 2018 4845 gorius
2043 4779 2096 4824 et
2120 4771 2337 4845 Orosius
2363 4773 2656 4845 presbyteri
2687 4771 3168 4845 etsepelieruntin
3197 4788 3378 4845 crypta

1837 4839 1985 4913 juxta
2027 4854 2219 4907 corpus
2260 4843 2317 4913 Β.
2360 4842 2490 4913 Sixti
2523 4839 2749 4913 episcopi
2791 4850 2844 4913 et
2895 4841 3137 4907 martyris
3166 4843 3242 4895 via
3259 4839 3378 4913 Ἄρα

1844 4908 1944 4973 pia,
1976 4907 2025 4957 in
2053 4911 2356 4960 emmeterio
2384 4909 2601 4960 CalIiSIi.
2635 4910 2763 4969 Aoo,
2796 4908 3037 4959 Nonum.

1910 4974 1937 5009 ιί
1990 4976 2175 5046 Tituli.
2228 4980 2319 5046 Est
2361 4975 2764 5046 νθιυεΑΤιιυΙᾼυδ
2928 4977 3175 5046 Eusebii,
3224 4980 3383 5046 cujus

1842 5045 2279 5096 meittiohabetur
2308 5043 2358 5094 in
2390 5044 2609 5095 concilio
2637 5044 2802 5108 primo
2834 5044 3014 5097 Romae
3061 5045 3236 5099 habito
3276 5043 3375 5102 sub

1841 5114 2155 5178 Symmacho
2191 5125 2342 5177 papa.
2375 5111 2720 5163 Asservantur
2761 5113 2867 5165 illic
2909 5114 3203 5167 veneranda
3249 5131 3367 5168 cor-

1844 5194 1963 5245 pora
1996 5180 2092 5232 SS.
2140 5178 2369 5243 Eusebii,
2414 5179 2581 5248 Orosii
2617 5187 2786 5248 atque
2837 5179 3056 5243 Paulini,
3092 5183 3372 5248 multasque

1842 5250 2057 5299 aliorum
2106 5256 2390 5313 martyrum
2446 5246 2695 5313 reliquis},
2752 5257 2807 5298 ut
2854 5248 3082 5313 ejusdem
3135 5246 3374 5304 ecclesiis:

1845 5324 2018 5367 vetera
2073 5325 2403 5367 monumenta
2453 5315 2736 5366 declarant.
2790 5313 3033 5369 Eamdem
3090 5320 3367 5373 ecclesiam

1840 5382 2113 5434 Zacharias
2159 5396 2291 5449 papa
2346 5390 2602 5434 vetustate
2654 5382 2936 5450 collapsam
2989 5384 3371 5439 restituendam

1840 5452 2067 5516 curavit;
2096 5450 2297 5517 hocque
2326 5459 2428 5500 tam
2463 5450 2829 5513 inscriptiones
2861 5453 2910 5502 in
2946 5465 3205 5505 marmore
3232 5452 3367 5505 inci—

1838 5533 1930 5579 sae,
1961 5531 2115 5583 quam
2145 5520 2300 5570 etiam
2350 5519 2477 5570 liber
2506 5521 2570 5569 de
2613 5519 2861 5571 Romanis
2915 5521 3245 5584 pontiﬁcibus
3291 5533 3371 5574 te—

1838 5596 2057 5641 stantttr.
2106 5587 2366 5638 itinoruus
2407 5586 2458 5637 in
2487 5586 2643 5639 notis.
