3898 6314
519 345 648 403 εοιι
1157 382 1161 403 ι
1206 357 1397 411 BISDH‘J
1433 359 1875 415 YENISIKABILIS
1913 360 2057 414 OPP.
2098 363 2269 416 PARS
2309 366 2396 419 IV.
2439 395 2501 406 -
2540 366 2908 437 IIISIORICA.
3588 376 3726 428 ιω

1746 471 1963 525 ΕΒΙΤΙΟ
1999 473 2447 530 CULONIENSIS.

515 546 678 639 Gallia
723 549 886 639 sancti
938 548 1111 639 Donati
1162 553 1470 619 presbyteri,
1503 556 1588 621 qui
1631 558 2043 611 anachoreticam
2076 567 2121 621 Α
2150 562 2343 615 siarum
2392 565 2591 629 populis
2637 575 2775 619 tanta
2824 567 3002 622 laetitia
3050 572 3452 624 occurrentibus
3482 613 3498 635 ,
3560 578 3713 639 quasi

515 636 673 687 vitam
705 635 878 687 multis
906 637 1055 689 annis
1084 638 1251 692 duxit.
1282 642 1453 693 Itomze
1482 643 1617 695 beati
1637 645 1755 697 Julii
1784 646 2043 700 senatoris

516 724 777 793 martyris.
824 724 967 779 Ilunc
990 726 1271 781 docuerunt
1304 730 1436 783 beati
1465 744 1738 802 martyres,
1769 734 2040 801 Eusebius,

518 812 836 877 Vincentius,
872 815 1195 881 Peregrinus,
1230 818 1523 881 Pontianus,
1568 836 1658 887 per
1683 837 1898 888 quorum
1928 839 2040 876 ma-

514 916 609 954 nus
634 904 786 954 etiam
836 902 1106 957 facultates
1148 919 1269 958 suas
1312 908 1622 973 pauperibus
1652 908 1985 976 distribuens,
2013 928 2041 965 a

514 989 663 1042 beato
694 990 879 1042 Rufino
923 991 1225 1060 presbytero
1263 993 1572 1061 baptismum
1606 998 1851 1065 percepit.
1889 1000 2037 1065 Quod

510 1075 727 1129 audiens
767 1073 1083 1132 Commodus
1132 1080 1428 1146 imperator,
1460 1083 1620 1135 iratus
1666 1085 1874 1139 tradidit
1919 1102 2039 1140 eum

507 1163 716 1219 Vitellio
754 1165 932 1232 judici,
980 1175 1036 1219 ut
1082 1168 1347 1222 facultates
1395 1170 1507 1235 ejus
1555 1173 1867 1239 requireret,
1897 1183 1950 1227 et
1974 1177 2038 1227 ad

507 1253 903 1309 saeriflcandum
951 1257 1257 1324 impelleret.
1314 1260 1518 1324 Quique
1558 1262 1780 1329 conjecit
1822 1278 1941 1317 eum
1987 1264 2039 1318 in

505 1352 768 1395 carcerem
787 1384 799 1407 ,
830 1353 882 1396 et
911 1352 1029 1411 post
1056 1345 1277 1398 triduum
1305 1348 1499 1401 catenis
1528 1349 1749 1403 vinctum
1792 1349 1915 1405 fecit
1939 1354 2037 1406 sibi

506 1432 833 1494 prarsentari;
875 1440 927 1483 et
974 1432 1205 1485 auditum
1247 1446 1387 1497 eum,
1413 1436 1768 1504 tandiujussit
1815 1438 2038 1493 fustibus

501 1517 653 1582 caedi,
682 1518 850 1573 donec
896 1522 1155 1576 emitteret
1181 1525 1435 1591 spiritum.
1468 1526 1628 1595 Cujus
1655 1542 1844 1595 corpus
1872 1530 2036 1583 colle-

500 1618 687 1673 gerunt
732 1620 886 1662 noctu
916 1612 1193 1677 supradicti
1223 1615 1386 1667 saneti
1417 1626 1689 1684 martyres,
1730 1625 1784 1669 et
1809 1617 2034 1684 sepelie-

501 1705 621 1749 runt
650 1698 702 1751 in
730 1703 1031 1753 cmmeterio
1050 1702 1331 1767 Calepodii,
2138 1706 2654 1779 Anastasiimartyris
2672 1728 2685 1764 :
2705 1712 2789 1780 qui
2815 1729 2927 1766 cum
2952 1714 3147 1768 videret
3173 1715 3375 1767 beatum
3400 1714 3671 1781 Agapitum

569 1784 631 1837 A.
668 1784 776 1838 XIII
809 1787 1042 1841 KALEND.
1072 1786 1330 1842 Serrana.
1358 1791 1612 1844 Samuelis
1633 1791 1921 1859 prephetar.
1945 1807 2035 1845 cu-
2138 1794 2270 1846 intt-r
2300 1805 2553 1849 tormenta
2585 1798 2784 1853 fortiter
2832 1801 3089 1854 Christum
3120 1806 3468 1861 contitentem,
3499 1803 3670 1851 excla—

498 1870 583 1938 jus
611 1887 753 1955 saera
783 1891 899 1930 ossa
930 1880 1189 1942 Augustus
1211 1879 1460 1957 Arcadius
1483 1878 1547 1932 de
1564 1878 1739 1931 Judica
1767 1880 2032 1933 transtulit
2064 1877 2104 1934 Β
2136 1885 2329 1938 mavit:
2365 1887 2575 1953 Magnus
2624 1897 2704 1942 est
2734 1888 3139 1943 ChriStianorum
3180 1890 3346 1948 Deus.
3378 1902 3427 1943 et
3459 1904 3559 1939 non
3590 1897 3672 1940 est

499 1959 549 2011 in
581 1960 854 2016 Thraciam
884 1964 1205 2031 portantibus
1226 1966 1502 2033 episcopis,
1529 1974 1581 2017 et
1606 1968 1834 2019 omnium
1862 1971 2029 2022 eccle-
2135 1972 2267 2025 alius
2304 1987 2501 2050 .przeter
2539 1990 2674 2029 eum.
2726 1976 2848 2030 Erat
2892 1989 3064 2031 autem
3097 1979 3465 2031 cornicularius
3498 1981 3666 2029 miles.

1710 2056 1933 2111 EDITIO
1974 2058 2460 2116 BOLLANDIANA.

2141 2152 2346 2204 rnitates
2367 2167 2554 2205 curans
2582 2168 2673 2221 per
2695 2153 2938 2218 Spiritum
2964 2166 3199 2210 sanctum
3224 2161 3387 2209 futura
3412 2163 3657 2226 ντίιειίάιι.

2137 2238 2363 2292 IIabetur
2395 2242 2442 2291 in
2472 2241 2530 2293 Τ.
2575 2245 2741 2309 primo
2768 2242 2900 2296 loco.

2148 652 2400 704 viventem
2423 653 2762 721 susciperent.
2790 656 2981 710 Eodem
3004 656 3089 711 die
3116 659 3253 712 beati
3280 660 3595 729 Porphyrii,
3620 663 3710 726 qui

2144 750 2376 792 sanctum
2406 752 2683 809 martyrem
2712 743 2984 810 Agapitum
3023 748 3245 800 erudivit
3273 750 3322 801 in
3367 748 3470 801 fide
3500 757 3563 801 et
3605 749 3705 799 do-

2144 829 2307 881 ctrina
2337 828 2550 883 Christi.
2586 831 2638 883 In
2670 833 2979 886 Alexandria
3009 835 3180 888 natale
3203 836 3462 895 Dioscori,
3484 846 3543 889 et
3576 836 3701 887 alibi

2145 914 2413 970 Philihcrti
2456 918 2676 972 abbatis.
2726 919 2783 973 In
2812 921 3034 974 Luciana
3064 932 3370 975 sanctorum
3406 923 3695 983 Valentini,

2142 1001 2341 1056 Leonti.
2377 1005 2429 1057 In
2454 1006 2667 1059 Sinnida
2698 1008 2905 1061 civitate
2948 1018 3246 1062 sanctorum
3284 1010 3509 1072 Valenti,
3560 1008 3696 1061 Piri-

2140 1086 2227 1153 τῦ,
2258 1093 2398 1159 Arci,
2432 1093 2652 1159 Maximi,
2688 1096 2942 1161 Pamphili
2972 1110 3023 1149 et
3052 1097 3233 1152 Colovi
3264 1098 3608 1161 confessoris,
3634 1112 3686 1151 et

2141 1182 2303 1233 sancti
2329 1182 2572 1235 Bernat'di
2599 1184 2819 1236 abbatis.

2209 1267 2268 1319 Β.
2302 1268 2387 1321 XII
2422 1270 2650 1323 KALENI).
2682 1273 2942 1341 Serrane.
2976 1276 3027 1328 lu
3056 1274 3317 1329 territorio
3340 1276 3685 1327 Gainalitanz

2140 1354 2384 1420 civitatis,
2416 1358 2588 1413 natale
2629 1362 2791 1414 sancti
2839 1362 3028 1448 Privayi
3071 1364 3312 1431 martyris
3341 1375 3387 1415 et
3421 1366 3677 1428 episcopi,

2139 1443 2225 1510 qui
2273 1460 2451 1509 passus
2501 1458 2581 1500 est
2631 1443 3006 1516 persecutione
3038 1451 3293 1504 Valeriani
3337 1463 3387 1504 et
3431 1450 3676 1504 Gallieni.

2140 1530 2333 1584 Eodem
2382 1534 2463 1587 die
2508 1536 2675 1589 natale
2721 1550 3014 1593 sanctorum
3046 1538 3239 1592 Bonosi
3278 1550 3329 1591 ct
3357 1540 3674 1599 Maximiani,

2139 1632 2353 1683 quorum
2401 1633 2542 1689 gesta
2593 1624 2865 1677 habentur.
2918 1626 2972 1677 In
3011 1627 3227 1679 civitate
3272 1626 3459 1677 Salona
3502 1627 3675 1677 natale

562 2140 649 2192 ΕΟ.
680 2167 742 2177 -—
766 2138 878 2191 XIII
909 2140 1035 2193 Ιὶλι..
1066 2149 1088 2175 ⁸
1121 2139 1327 2194 Samuel
1358 2142 1628 2209 propheta.

566 2245 750 2300 Florus
795 2248 845 2301 in
895 2252 957 2301 Α.
1013 2249 1073 2302 Τ.
1133 2250 1217 2313 L.,
1274 2248 1501 2304 Cainone
1548 2262 1736 2314 castro,
1779 2252 2031 2319 depositio

490 2334 549 2389 S.
578 2333 604 2371 δ
632 2335 833 2387 Maximi
878 2337 1216 2401 confessoris;
1259 2338 1343 2404 qui
1388 2346 1440 2390 et
1480 2337 1717 2403 maximis
1755 2339 2029 2394 virtutibus

490 2424 694 2489 enituit,
721 2432 794 2489 et,
820 2433 873 2478 ut
914 2426 1043 2478 liber
1074 2425 1199 2477 Vitae
1229 2426 1341 2491 ejus
1370 2425 1538 2487 docet,
1566 2441 1683 2493 qua:
1714 2444 1864 2479 versu
1896 2442 2027 2479 cou-

489 2512 679 2578 scripta
710 2512 913 2579 legitur,
949 2512 1233 2564 beatissimi
1275 2513 1476 2565 Martini
1504 2513 1786 2580 discipulus
1815 2514 1928 2567 fuit.
1964 2516 2025 2567 Et

491 2599 552 2656 S.
577 2610 599 2638 ε
630 2600 896 2654 Pliiliberti
926 2602 1123 2656 abbatis
1144 2640 1159 2666 ,
1191 2603 1273 2668 qui
1305 2601 1536 2656 diversas
1578 2602 1841 2655 hominum
1870 2604 2021 2656 inlir-

2199 2328 2376 2403 C.LV._,_
2403 2331 2464 2383 Et
2486 2332 2539 2403 S.
2573 2330 2595 2403 tl
2632 2332 2883 2403 Valentini
2932 2337 3193 2403 martyris.
3248 2336 3331 2401 T.,
3366 2338 3413 2389 In
3462 2336 3659 2390 Lucana

2131 2398 2314 2450 natalis
2340 2399 2612 2451 Valentini.
2650 2403 2728 2460 8.,
2761 2402 2808 2453 ltt
2841 2398 3081 2454 Lttt'ﬂnia'
3104 2405 3276 2456 natale
3440 2405 3658 2457 Valenti-

2131 2466 2265 2515 niani
2298 2477 2347 2517 et
2377 2468 2596 2518 Leontii.
2630 2469 2682 2518 In
2717 2470 3030 2520 Alexandria
3063 2474 3232 2524 natale
3255 2473 3309 2525 S.
3345 2473 3587 2525 Diosc0ri.

2196 2554 2279 2606 2‘.
2305 2583 2371 2593 —
2393 2555 2480 2606 XII
2509 2554 2638 2608 KiL.
2675 2556 2834 2608 Vacat
2866 2558 3034 2609 lia-da.

2199 2646 2382 2700 Florus
2408 2648 2458 2700 in
2493 2649 2554 2701 A.
2582 2647 2641 2700 Τ.
2678 2648 2759 2713 I..,
2791 2650 2851 2702 Et
2878 2652 3050 2717 passio
3069 2651 3126 2707 S.
3160 2658 3182 2685 ⁸
3216 2650 3658 2719 Ρτίηιίςίιυὶνια

1844 2735 2043 2789 SMITII
2084 2736 2303 2789 ΝΟΤᾹΞ.

498 2840 550 2882 et
593 2828 855 2879 Aurelian.
895 2826 933 2889 I,
965 2840 1051 2877 an.
1077 2824 1367 2895 5I7I,_unde
1404 2822 1692 2895 colligimus
1718 2825 2025 2895 Marianum,
2143 2826 2359 2878 clericos
2388 2826 2745 2886 inﬂammavit,
2778 2828 2861 2895 qui
2893 2842 3011 2879 eum
3041 2829 3175 2892 apud
3207 2830 3505 2881 Aniloeuum
3530 2831 3653 2885 falso

495 2906 749 2961 regnante
794 2894 1093 2945 (lhlodoveo
1136 2894 1172 2953 I,
1200 2893 1460 2943 floruisse.
1514 2893 1695 2962 Virus”
1716 2893 2037 2962 Evattnensis
2143 2894 2459 2959 ili-tulerunt,
2493 2893 2805 2961 tantumque
2833 2896 3135 2953 effecerunt,
3163 2908 3215 2947 ut
3244 2899 3512 2962 episcopus
3539 2915 3649 2953 eum

498 2959 577 3017 est
598 2965 746 3016 vicus
769 2962 1013 3015 dimcesis
1044 2961 1449 3021 Lemovicensis,
1473 2963 1627 3027 vulgo
1648 2959 1815 3029 dictus
1839 2961 2033 3025 Evarix,
2134 2962 2352 3029 jusserit
2379 2964 2427 3013 in
2458 2959 2722 3016 carcerem
2764 2963 2918 3015 trudi.
2972 2963 3226 3016 Itiinissus
3258 2959 3370 3017 inde
3395 2959 3651 3019 e'carcere

498 3033 583 3087 ubi
618 3032 848 3092 SBDlllllIs
880 3031 1061 3083 dicitur
1091 3046 1118 3082 τι
1143 3030 1299 3097 Grrg.
1333 3029 1529 3099 Turon.
1564 3032 1627 3080 de
1765 3030 1914 3084 Conf.
1947 3032 2033 3091 81,
2066 3030 2109 3089 Ο
2140 3032 2201 3099 ad
2241 3030 2552 3082 Ansoaldum
2584 3031 2745 3099 episc.
2774 3031 2967 3083 Pictav.
2997 3046 3051 3084 se
3080 3034 3295 3093 recepit,
3317 3044 3451 3087 eteo
3491 3037 3651 3098 opitu-

500 3102 780 3163 Marianus,
814 3102 898 3165 qui
933 3099 983 3152 in
1014 3100 1182 3153 vicina
1212 3100 1360 3157 silva,
1386 3098 1429 3149 la
1464 3098 1615 3150 ἴοι-ρει
1643 3097 2036 3163 d'Antreaigues
2140 3098 2275 3150 laute
2304 3100 2351 3148 in
2385 3099 2537 3151 Ilvrio
2581 3097 2738 3152 maris
2789 3101 2951 3151 insula
2999 3103 3365 3153 monasterium
3408 3097 3648 3161 condidit,

496 3190 561 3225 en
589 3170 926 3232 Contliraille,
947 3178 1180 3220 mortuus
1208 3178 1443 3231 repertus
1468 3167 1651 3218 fuerat.
1679 3168 1894 3219 Sacrum
1922 3168 2035 3233 ejus
2135 3167 2221 3218 ubi
2260 3183 2374 3218 cum
2423 3168 2633 3219 vixisset
2680 3182 2844 3220 annos
2892 3180 3043 3230 octo,
3088 3170 3313 3221 Eliroino
3356 3170 3466 3234 ejus
3514 3174 3650 3221 home

493 3254 681 3305 corpus
710 3239 759 3290 in
786 3241 896 3305 ipso
927 3237 1124 3305 pariete
1154 3236 1418 3305 ecclesiae,
1449 3251 1600 3305 quam
1633 3235 1783 3287 hodie
1806 3236 2032 3305 incolunt
2136 3244 2393 3305 tnurtuoa
2422 3236 2475 3287 S.
2505 3237 2754 3289 Audoeno
2777 3246 3049 3305 revocatus
3074 3249 3173 3289 est.
3210 3239 3261 3288 In
3289 3238 3484 3289 Caliim
3508 3244 3649 3291 turi-

492 3304 731 3362 canbnici
764 3304 818 3357 S.
851 3304 1146 3371 Augustini.
1178 3304 1468 3368 depositum
1503 3304 1689 3358 fuerat.
1724 3304 1813 3355 sed
1843 3304 2032 3357 exinde

498 3376 805 3429 translatum
838 3372 929 3425 fuit
957 3374 1005 3423 in
1032 3388 1237 3439 capsam
1269 3382 1566 3436 argenteam
1598 3387 1623 3423 a
1657 3371 1938 3440 Iieginaldo
1966 3374 2031 3426 de

502 3446 547 3497 la
574 3444 725 3496 Porte
751 3443 911 3506 epise.
945 3442 1298 3493 Leuim'icensi
1330 3456 1413 3490 an.
1444 3442 1596 3503 I300,
1630 3451 1682 3491 ut
1714 3443 1873 3494 refert
1908 3442 2029 3493 Iler-

496 3514 689 3566 nardus
737 3510 903 3561 Guido
944 3511 1075 3577 apud
1125 3510 1384 3562 Labbeum
1435 3508 1624 3560 tomol
1668 3508 1800 3561 Bibl.
1851 3510 2029 3572 None,

496 3599 545 3647 ν.
575 3580 694 3634 655.
730 3580 859 3632 Male
883 3576 1141 3630 adduntur
1168 3593 1282 3629 cum
1306 3578 1506 3628 duobus
1528 3576 1754 3647 millibus
1779 3580 2031 3647 quingen-

490 3645 555 3703 tis
602 3648 883 3714 nonaginta
933 3656 1167 3712 septem,
1199 3660 1311 3711 quae
1362 3649 1531 3713 ponus
1578 3645 1729 3714 ad‘S.
1765 3646 2027 3699 Andream

494 3732 513 3769 τ
528 3720 732 3771 identur
754 3716 1030 3781 pertinere.

562 3790 586 3815 "
619 3783 843 3837 Samuel.
895 3784 1054 3849 Cujus
1083 3797 1221 3845 ossa,
1265 3791 1318 3834 ut
1343 3783 1392 3835 in
1423 3782 1551 3834 libro
1581 3790 1759 3835 contra
1794 3781 2026 3841 Vigilan-

490 3858 616 3907 tium
651 3854 705 3905 Β.
740 3853 1087 3916 Hieronymus
1134 3852 1314 3903 scribit
1343 3891 1357 3914 ,
1392 3853 1648 3913 Augustus
1681 3851 1933 3902 Arcadius
1964 3852 2028 3903 de

491 3926 667 3976 .lmlasa
722 3921 986 3972 transtulit
1030 3919 1343 3977 Thraciam,
1376 3916 1702 3983 portantibus
1747 3920 2027 3984 episcopis.

492 3995 601 4046 b'nb
630 3989 801 4043 Attico
832 3989 1077 4052 episcopo
1106 3985 1685 4052 ConstantinOpolitano
1725 4000 1810 4038 eas
1843 3988 2025 4037 allatas

547 4072 613 4113 se-
658 4056 1203 4123 Constantinopolim,
1264 4054 1560 4121 locatasque
1615 4056 1664 4106 in
1716 4055 1907 4119 templo
1962 4055 2025 4106 ad

559 4130 772 4182 t-timum
808 4128 976 4191 posizo
997 4166 1009 4185 ,
1041 4124 1221 4177 scribit
1266 4123 1571 4177 Theodorus
1617 4123 1799 4176 Lector
1829 4124 1877 4175 in
1910 4124 2027 4176 Col-

488 4196 680 4247 Iectan.
715 4194 804 4246 lib.
833 4208 887 4245 ιι.

555 4263 579 4300 ι»
613 4262 841 4314 Maximi.
882 4261 979 4324 Qui
1014 4260 1253 4311 occulere
1302 4259 1435 4325 quod
1466 4268 1579 4312 erat
1628 4257 1859 4322 cupiens,
1890 4258 2025 4321 apud

489 4328 1018 4381 Insulam-Barbaram
1068 4329 1366 4380 monasterii
1401 4327 1762 4393 Lugdunensis
1794 4327 2021 4393 peregri-

490 4401 601 4451 nari
630 4398 876 4464 expetiit;
905 4397 1263 4449 manifestatus
1293 4406 1461 4449 autem
1493 4406 1546 4449 et
1574 4395 1639 4447 ibi
1667 4436 1680 4459 ,
1710 4395 1761 4447 in
1801 4399 2016 4461 patriam

483 4468 659 4522 redire
701 4463 976 4531 disposuit.
1030 4466 1157 4517 Cum
1206 4465 1255 4517 in
1302 4465 1505 4525 itinere.
1535 4464 1657 4516 dum
1690 4464 1888 4517 Ararim
1923 4463 2019 4515 flu-

485 4537 626 4588 vium
658 4536 920 4593 transiret,
946 4533 1265 4599 naufragium
1296 4548 1479 4599 passus
1511 4542 1668 4597 esset,
1697 4534 1759 4585 ad
1789 4542 2015 4585 castrum

482 4604 811 4657 Cainonense
865 4603 1008 4655 urbis
1058 4601 1329 4653 Turonica:
1386 4604 1599 4653 veniens
1647 4602 2016 4653 monasterium

482 4674 621 4726 circa
652 4688 771 4724 ann.
808 4671 931 4735 465,
963 4670 1266 4732 collocavit;
1295 4670 1378 4721 ubi
1422 4670 1605 4734 plenus
1648 4670 1845 4719 dierum
1891 4669 2021 4721 obiit

483 4752 535 4795 et
563 4742 801 4805 sepultus
830 4749 929 4792 est.
962 4739 1123 4791 Caco.
1154 4741 1351 4791 Turon.
1385 4738 1449 4790 de
1475 4737 1647 4791 Gloria
1676 4737 1824 4787 Conf.
1855 4737 1946 4789 29..

564 4816 587 4843 ο
621 4810 905 4860 l’hiliberti.
939 4810 1181 4864 llelrauu
1215 4808 1475 4859 territorio
1496 4806 1616 4866 orti,
1648 4806 1733 4856 lilii
1768 4805 2017 4858 Filibaudi

485 4878 718 4944 episcopi
753 4876 1133 4943 Vicojuliensis.
1185 4878 1282 4939 Qui
1323 4877 1374 4944 in
1418 4876 1531 4927 aula
1583 4875 1716 4940 regis
1747 4873 2018 4944 DagOberti

486 4942 757 5004 educatus.
778 4942 907 5011 Agin
937 4954 1111 5011 postea
1136 4945 1337 4995 abbatis
1364 4943 1709 4995 Resbacensis
1734 4942 2017 5007 disciplinae

486 5030 543 5068 se
568 5010 831 5068 commisit
855 5032 865 5065 :
892 5010 993 5082 quo
1024 5013 1299 5075 defuncto,
1328 5022 1379 5082 et
1407 5012 1517 5078 ipse
1544 5011 1757 5082 fratrum
1785 5010 2013 5063 omnium

484 5099 742 5137 consensu
774 5078 933 5136 abbas
962 5082 1157 5135 electus
1186 5089 1283 5133 est.
1326 5081 1469 5131 Tunc
1494 5094 1520 5129 a
1548 5094 1667 5145 rege
1696 5078 2011 5130 Francorum

484 5154 784 5205 (Jltlodoveo
803 5192 816 5215 ,
846 5163 999 5221 atque
1028 5152 1139 5215 ejus
1168 5151 1347 5221 regina
1374 5148 1637 5221 voc_abnlo_
1661 5146 2010 5221 lialdechilde,

484 5223 651 5275 locum
703 5222 752 5273 in
801 5234 931 5286 pago
985 5220 1391 5285 liutomugensi,
1440 5216 1758 5269 Gemeticum
1808 5216 2015 5286 nomine

482 5291 724 5353 obtinuit,
752 5283 814 5341 et
854 5283 989 5340 anno
1031 5283 1235 5339 circiter
1266 5286 1384 5346 tibi,
1416 5296 1683 5352 postquam
1730 5299 1891 5335 annos
1919 5283 2012 5334 ali-

483 5369 610 5425 quot
638 5359 867 5426 regeudo
911 5366 1025 5423 post
1056 5357 1256 5426 Agiloni
1286 5355 1537 5426 UliCSllilCO
1572 5354 1826 5426 variisque
1858 5366 2009 5416 pere-

481 5423 860 5495 grinationibus
904 5425 1255 5495 impendisset,
1285 5424 1348 5475 ihi
1368 5423 1747 5495 monasterium
1776 5431 2011 5495 const_r_u-

482 5488 576 5548 iit.
615 5497 744 5550 Cum
794 5504 964 5547 autem
1015 5495 1171 5545 multa
1204 5492 1405 5557 pietatis
1453 5504 1605 5557 opera
1654 5490 1879 5551 fecisset,
1912 5488 2011 5540 IIe-

487 5567 721 5625 hroiuus,
750 5580 812 5617 eo
838 5567 971 5628 quod
1016 5572 1225 5626 prepter
1250 5560 1540 5622 superbiam
1586 5557 1861 5625 Filihertus
1890 5572 2006 5609 eum

481 5634 864 5701 iitcrepuiSsct,
899 5634 947 5685 in
998 5632 1051 5683 Β.
1087 5631 1251 5685 vitum
1304 5630 1708 5697 Rotomagi-uses
1756 5632 2002 5697 quodam
2057 5702 2061 5705 τ

2135 3306 2267 3355 torio
2313 3303 2547 3357 Waratto
2596 3305 2768 3370 palatii
2814 3304 3052 3369 princeps
3097 3307 3340 3367 Oppidum
3388 3306 3569 3361 Villire
3604 3311 3646 3359 ei

2132 3373 2381 3431 donavit,
2443 3374 2524 3424 tibi
2593 3373 2849 3435 virginum
2916 3374 3284 3425 monasterium
3348 3380 3646 3427 eonstruslt.

2134 3442 2184 3491 Ι)σ
2209 3443 2325 3490 inde
2348 3456 2461 3491 cum
2486 3440 2760 3493 Ait-adnuit
2782 3437 3047 3491 Genictieo
3069 3442 3645 3503 prmfecissetabhatem,

2133 3524 2370 3560 reversus
2416 3519 2495 3561 εει
2542 3509 2777 3569 Herium,
2821 3510 2901 3560 ubi
2950 3509 3094 3561 obit.
3147 3512 3201 3562 Ii.
3240 3510 3507 3561 Filibertus
3539 3526 3646 3575 post

2133 3574 2339 3628 utimini
2397 3591 2572 3629 arcem
2636 3580 2701 3627 ab
2763 3579 2944 3630 exsilio
3012 3589 3285 3629 revocatus
3341 3593 3439 3629 non
3504 3574 3646 3635 lotuu

2131 3654 2360 3707 tempore
2405 3658 2668 3709 superstes
2716 3645 2829 3696 fuit.
2880 3648 3030 3711 Auno
3076 3647 3216 3711 regni
3261 3646 3563 3698 'I‘heodorici
3592 3654 3639 3702 υ.

2129 3713 2409 3765 Εῐιτοῑιιιιηι
2462 3717 2688 3765 occisum
2735 3728 2851 3765 esse
2895 3714 3048 3765 tradit
3089 3714 3407 3779 Sigehertus,
3442 3715 3533 3765 hoc
3568 3729 3642 3765 est

2127 3796 2262 3833 anno
2289 3783 2477 3833 Christi
2502 3782 2624 3842 681,
2648 3790 2736 3832 aut
2760 3782 3067 3847 insequenti.
3097 3780 3319 3833 Proinde
3341 3781 3395 3834 S.
3426 3782 3476 3833 Η
3501 3784 3642 3835 iberti

2129 3850 2300 3900 obitus
2331 3864 2465 3899 anno
2502 3848 2637 3900 circa
2677 3850 2777 3902 t8~I
2805 3890 2818 3907 ,
2851 3848 3179 3901 collocandus
3212 3850 3428 3901 videtur.
3471 3851 3642 3902 Simus

2130 3928 2250 3967 tom.
2283 3916 2364 3968 IV.
2385 3917 2777 3985 Mabillon.jAct.
2802 3918 2924 3970 lien.
2953 3933 3070 3968 ure.
3091 3933 3145 3969 tl.
3160 3947 3227 3959 --
3244 3919 3525 3969 'I‘ranslatio
3540 3921 3643 3984 ejus

2128 3986 2400 4037 occasione
2425 3986 2859 4037 Nortmannornm
2885 3988 2949 4037 ab
2972 3986 3191 4038 Htlhodu
3208 3987 3395 4038 abbate
3420 3987 3640 4040 IIerieusi

2127 4069 2266 4105 anno
2311 4054 2443 4115 856,
2479 4056 2610 4105 facta
2652 4064 2732 4105 est
2760 4069 2825 4105 vn
2860 4056 2943 4105 die
2970 4054 3105 4105 Junii
3137 4056 3301 4120 primo
3330 4069 3389 4107 ex
3423 4055 3639 4107 Ileriensi

2129 4122 2444 4174 monasterio
2486 4122 2536 4173 in
2574 4123 2772 4173 Deense
2804 4137 2892 4187 per
2938 4125 3293 4186 Ampennum,
3334 4123 3574 4174 Variunas
3595 4135 3641 4175 et

2130 4191 2329 4241 I’alunt.
2366 4189 2795 4257 Posteaiucenso
2823 4190 3005 4241 [ὶνρηςί
3037 4192 3373 4253 monasterio,
3396 4206 3507 4257 qua:
3527 4206 3639 4242 CON-

2128 4258 2362 4323 fl.igiatio
2408 4256 2595 4323 accidit
2630 4273 2766 4309 anno
2797 4259 2892 4311 847
2915 4300 2928 4322 ,
2957 4260 3119 4311 nihilo
3161 4258 3330 4311 minus
3369 4256 3431 4311 eo
3460 4262 3507 4309 in
3537 4261 3640 4308 loco

2130 4322 2372 4379 remansit
2425 4322 2615 4393 corpus
2682 4341 2884 4378 sacrum
2943 4342 3105 4393 usque
3154 4328 3215 4377 ad
3265 4343 3453 4379 annum
3503 4326 3595 4378 857
3625 4363 3637 4383 .

2124 4412 2227 4460 quo
2272 4397 2319 4445 in
2348 4395 2633 4447 Coualdunt
2677 4397 3103 4447 niona~terioluir
3130 4397 3237 4460 agri
3269 4398 3641 4447 Andecarensis

2120 4465 2423 4515 translatum
2456 4473 2555 4515 est.
2585 4462 2707 4514 Inde
2730 4464 2791 4513 ad
2818 4462 3167 4528 recuperanda
3196 4464 3389 4525 praedia
3418 4468 3636 4530 qumdazu

2118 4547 2255 4582 anno
2280 4530 2381 4581 86?.
2405 4540 2640 4582 evectum
2668 4540 2746 4582 cst
2771 4530 3075 4583 Masriacnm
3106 4532 3239 4595 apud
3272 4531 3537 4589 Pictones;
3563 4532 3637 4582 ubi

2122 4602 2313 4651 restitit
2346 4601 2394 4650 iii
2427 4614 2617 4650 annum
2649 4600 2770 4658 875.
2791 4613 2893 4664 quo
2925 4601 2973 4650 in
3000 4600 3466 4651 'I'renorchicmem
3494 4602 3641 4651 abha-

2118 4670 2239 4720 tiaut
2280 4668 2501 4720 delatum
2548 4676 2647 4719 est.
2700 4667 3068 4733 Hammonius,
3125 4672 3239 4719 Art.
3284 4669 3405 4720 lien.
3439 4680 3563 4729 part.
3594 4682 3637 4730 t,

2116 4753 2222 4788 sec.
2256 4753 2321 4787 Iv.
2950 4751 2962 4766 '

2188 4803 2211 4840 ἀ
2254 4804 2528 4875 Valentini.
2563 4803 2653 4857 llic
2677 4819 2790 4875 cuin
2826 4804 3037 4856 Leontio
3067 4807 3252 4857 colitur
3280 4808 3432 4858 etiam
3466 4805 3639 4875 postri-

2118 4875 2201 4926 die
2228 4875 2357 4941 aputl
2391 4874 2686 4941 IIieroiiym.
2712 4874 2855 4924 Mart.

2187 4952 2211 4979 ο
2245 4940 2456 4991 Privati.
2508 4943 2803 4993 Alamannis
2850 4940 2946 4991 sub
2982 4940 3349 4995 dueetlhroco
3381 4947 3429 4995 in
3457 4943 3640 4995 Gallias

2117 5011 2427 5062 irruentibus
2448 5047 2462 5071 ,
2491 5009 2545 5061 S.
2580 5010 2815 5061 Privatus
2841 5009 3157 5062 Gabalitanis
3186 5012 3327 5065 urbis
3356 5015 3636 5077 episcOpoS,

2115 5079 2163 5131 in
2187 5088 2367 5145 erypta
2394 5079 2778 5129 Memmatensis
2818 5080 3027 5141 montis,
3060 5082 3142 5130 ubi
3166 5080 3374 5146 jejnuiis
3404 5081 3639 5132 oratiom-

2115 5150 2311 5211 husque
2335 5148 2567 5207 vacabat,
2599 5150 2873 5211 reperitur,
2902 5150 3089 5213 popqu
3116 5146 3468 5202 Gt'edonensis
3494 5149 3639 5200 castri

2114 5218 2164 5267 in
2213 5218 2494 5266 IIIIIIIIIEOIIB
2542 5218 2805 5266 concluso.
2865 5218 2966 5269 Sed
3020 5219 3141 5267 dum
3188 5231 3312 5269 ores
3336 5232 3459 5269 suas
3487 5221 3640 5269 bonus

2116 5296 2288 5349 pastor
2320 5284 2451 5348 lupis
2485 5284 2689 5336 tradere
2732 5298 2831 5334 non
2862 5286 3138 5349 consentit,
3171 5286 3441 5338 dmmouiis
3470 5288 3641 5337 immo-

2112 5355 2219 5405 lare
2264 5352 2611 5417 compellitur.
2662 5351 2807 5415 Quod
2852 5367 3093 5418 spurcum
3142 5353 3228 5405 ille
3268 5364 3373 5405 tam
3404 5369 3642 5407 execrans

2112 5435 2267 5487 quam
2302 5421 2554 5483 refutans,
2589 5421 2762 5471 tandiu
2807 5420 3026 5475 fustibus
3051 5420 3267 5473 creditur
3295 5425 3462 5489 quoad
3490 5437 3642 5487 usque

2114 5498 2383 5555 putaretur
2413 5489 2702 5549 exanimis;
2733 5488 2822 5540 sed
2863 5504 2925 5541 ex
2954 5490 3061 5557 ipsa
3091 5488 3440 5555 quassaione,
3489 5491 3639 5542 inter-

2113 5560 2291 5622 positis
2313 5557 2485 5622 paucis
2499 5557 2696 5614 diebus,
2713 5558 2946 5621 spiritum
2968 5557 3245 5614 exhalavit.
3272 5558 3440 5613 ϋηο.
3456 5559 3633 5613 Tunna.

2111 5642 2145 5693 t,
2173 5627 2255 5677 5:2.
2285 5626 2489 5691 Sumus,
2520 5635 2640 5680 tum.
2673 5625 2756 5677 IV.

3850 5592 3857 5801 l

3604 5856 3857 6205 Δ..)
