3898 6332
3581 39 3594 54 ι.

1295 453 1489 507 ΒΕΒᾹΞ
1531 453 1964 508 VENERABILIS
1998 454 2074 507 ΟΡ

2188 455 2358 509 PARS
2396 455 2478 524 IV.
2519 485 2578 494 -—
2617 451 2988 507 lllSTUItICA.
3648 448 3768 499 19'2"

1773 562 1988 616 EDITIO
2025 559 2472 616 COLONlENSlS.

579 665 674 702 nus
705 646 994 716 presbyter,
1018 655 1071 700 et
1102 648 1356 715 sepelivit.
1392 651 1516 702 lieni
1548 652 1712 702 sancti
1735 652 1938 704 Genesii
1966 653 2085 704 Are~
2125 659 2170 710 Α
2201 665 2314 704 rum
2347 665 2552 720 quoque
2595 665 2816 719 corpora
2861 651 3048 704 levavit
3094 649 3337 705 Justinus
3370 649 3682 716 presbyter,
3710 659 3761 699 et

579 735 806 796 Iatensis,
852 736 936 802 qui
987 735 1036 786 in
1082 736 1189 802 ripa
1243 735 1477 788 Rhodani
1510 737 1734 790 llumii’iis
1789 739 2095 800 decollatus,
2205 740 2440 806 sepelivit
2479 743 2531 793 in
2560 750 2738 809 crypta
2765 741 2908 806 juxta
2951 741 3156 792 beatum
3203 738 3570 791 Laurentium.
3602 738 3754 803 Apud

577 833 629 877 et
672 824 894 892 pr0pr4'0'
917 840 1099 879 cruore
1147 827 1456 893 baptizatus,
1505 828 1734 896 martyrii
1769 829 1982 897 gloriam
2014 847 2096 883 ae-
2210 822 2562 892 Vietimilium,
2594 838 2818 880 castrum
2853 828 3031 888 italia,
3073 825 3240 878 sancti
3270 825 3503 878 Secundi
3554 835 3752 891 marty-

575 915 726 978 cepit.
762 914 952 965 Eodem
989 913 1073 965 die
1103 915 1267 967 sancti
1294 913 1545 967 Sandradi
1587 917 1809 971 abbatis.
2207 921 2278 971 ris
2299 932 2363 970 ex
2395 917 2595 982 legione
2624 916 2975 969 Tliebeorom.
3006 915 3076 967 Et
3121 915 3391 982 Pergamis
3432 913 3600 965 sancti
3635 915 3754 964 Ale-

642 999 706 1052 G.
750 1000 827 1052 Vll
868 1001 1098 1054 Κιιιίδιο.
1159 1002 1417 1056 Serrana.
1461 1003 1638 1055 Roma:
1683 1006 1847 1057 sancti
1895 1004 2099 1069 Zeplie-
2205 1005 2386 1058 xandri
2418 1005 2679 1073 martyris,
2709 1006 2794 1072 qui
2825 1014 2878 1057 et
2907 1004 3019 1070 ipse
3059 1013 3173 1056 erat
3213 1019 3276 1055 ex
3311 1004 3516 1069 legione
3557 1002 3748 1066 prxdi-

572 1089 672 1142 riui
705 1105 868 1155 papae,
916 1091 1000 1158 qni
1039 1095 1173 1144 rexit
1201 1091 1471 1145 ecclesiam
1520 1108 1680 1145 annos
1724 1102 1862 1157 octo,
1895 1107 2098 1146 menses
2204 1101 2403 1144 ctorum
2434 1100 2754 1156 sanctorum,
2793 1093 2878 1159 qui
2921 1089 3270 1143 decollaiione
3303 1090 3611 1156 martyrium
3651 1103 3746 1141 ex-

566 1191 783 1243 septem,
813 1179 925 1231 dies
967 1179 1168 1232 decem.
1203 1180 1293 1232 llic
1331 1179 1597 1233 constituit
1643 1191 1698 1234 ut
1751 1182 2095 1248 praesentibus
2205 1180 2381 1246 plevit.

564 1265 802 1317 omnibus
835 1267 1039 1319 clericis
1087 1275 1140 1320 et
1193 1268 1338 1321 laicis
1367 1268 1630 1332 ﬁdelibus,
1685 1270 1794 1324 sive
1825 1270 2094 1334 diaconus,
2272 1273 2336 1322 A.
2379 1268 2438 1320 Vl
2478 1268 2713 1321 Incerto.
2765 1267 3029 1341 Sacri-gain.
3090 1267 3238 1330 Apud
3283 1265 3516 1327 Capuam
3572 1265 3741 1317 natale

563 1353 677 1407 sive
704 1355 948 1408 sacerdos
973 1356 1327 1419 ordinaretur,
1372 1367 1425 1410 et
1475 1359 1763 1411 astantibus
1809 1357 2095 1411 sacerdotio
2200 1357 2363 1409 sancti
2393 1356 2504 1408 Rufi
2548 1356 2810 1424 marty-is,
2842 1368 2994 1420 quem
3029 1356 3211 1406 beatus
3255 1351 3573 1419 Apollinaris
3603 1353 3738 1404 Petri

568 1447 663 1497 tius
697 1440 893 1498 'miSsa:
939 1446 1348 1500 celebrarentur.
1405 1447 1527 1511 Item
1579 1448 1752 1500 natale
1797 1457 2094 1500 sanctorum
2199 1445 2418 1511 apostoli
2460 1444 2743 1509 discipulus
2795 1429 2968 1496 docuit
2992 1453 3046 1496 et
3094 1441 3398 1505 baptizavit,
3436 1455 3554 1492 cum
3597 1453 3736 1494 esset

567 1532 725 1586 lrenei
755 1542 805 1586 et
834 1534 1051 1586 Abundii
1083 1535 1283 1599 Romae,
1316 1503 1698 1603 quos'Deciana
1731 1537 2091 1604 persecutione
2201 1533 2334 1585 idem
2366 1531 2530 1584 Rufus
2561 1533 2792 1599 patricia:
2834 1531 3124 1598 dignitatis.
3173 1530 3389 1582 Tliomis
3436 1538 3731 1582 sanctoru

563 1619 720 1687 jussit
754 1620 1050 1674 Valerianus
1079 1621 1376 1687 incloacari,
1427 1637 1490 1676 eo
1536 1623 1671 1692 quod
1704 1637 1893 1691 corpus
1930 1623 2095 1676 beata:
2173 1632 2480 1698 martyrum
2511 1622 2794 1676 Marcellini
2828 1622 3040 1685 tribuni,
3067 1630 3122 1675 et
3142 1621 3319 1673 uxoris
3345 1622 3460 1686 ejus
3482 1621 3730 1682 Manna,

560 1707 864 1763 Concordia:
899 1711 948 1763 in
983 1710 1210 1764 cloacam
1239 1712 1450 1765 missum
1498 1713 1816 1766 levaverunt.
1853 1713 1917 1765 Et
1954 1714 2095 1779 ipso-
2201 1720 2254 1764 et
2283 1711 2378 1764 iilii
2420 1711 2584 1778 ipsius
2606 1710 2822 1764 Joannis
2861 1719 2912 1763 et
2941 1708 3245 1777 Serapionis
3270 1709 3470 1770 clerici,
3515 1719 3565 1762 et
3596 1709 3724 1762 Petri

1767 1799 1980 1852 EDITIO
2023 1797 2506 1852 BOLLANDIANA.
2680 1867 2685 1872 ,

565 1885 845 1957 martyris;
877 1883 959 1957 qui
1000 1884 1140 1957 prius
1187 1884 1235 1957 in
1285 1884 1420 1957 urbe
1454 1886 1806 1957 inimit‘emelte
1832 1887 1960 1940 artis
1985 1901 2096 1957 ma-
2133 1891 2175 1947 Β
2210 1887 2347 1938 vavit
2379 1885 2660 1955 {Justinus
2708 1887 2996 1957 presbyter,
3068 1895 3119 1939 et
3158 1887 3398 1953 sepelivit
3447 1886 3499 1938 in
3548 1895 3724 1954 crypta

587 451 716 505 Itil9

569 1953 733 2023 sister
763 1951 875 2023 fuit.
910 1951 1071 2023 Β..⁷1ιι
1100 1953 1248 2020 Syria
1289 1953 1456 2023 natale
1475 1955 1530 2006 S.
1562 1953 1788 2023 “jnliani
1828 1956 2089 2023 martyris.

564 2021 614 2071 In
637 2018 812 2084 Capua
835 2022 1042 2074 civitate
1069 2018 1363 2087 Campania:
1391 2024 1560 2074 natale
1604 2018 1698 2076 SS.
1733 2022 1902 2075 Rulini
1933 2018 1983 2074 ei
2004 2024 2094 2075 Ju-

564 2087 639 2139 lii.
689 2088 965 2140 llermetis.
1015 2090 1072 2139 Β.
1127 2091 1188 2156 Α.
1237 2087 1429 2156 ΤηνΙιι
1479 2090 1730 2156 Hispania
1773 2091 1945 2143 natale
1991 2091 2088 2144 SS.

563 2164 847 2222 martyrum
893 2156 1023 2208 Justi
1067 2166 1118 2208 et
1157 2155 1401 2207 Pastoris.
1452 2157 1538 2220 T.,
1573 2155 1789 2220 111Ρὸςο
1820 2158 2090 2210 Viroman-

561 2224 708 2274 tlensi
767 2225 936 2274 natale
985 2225 1039 2276 S.
1093 2222 1117 2258 δ
1166 2223 1500 2291 Iiunegundis
1554 2225 1788 2291 virginis.
1850 2225 1965 2291 Ipso
2010 2227 2093 2280 die

565 2292 738 2361 natale
763 2292 819 2343 S.
847 2302 868 2328 ε
896 2292 1069 2361 Aredii
1099 2291 1199 2343 alib
1218 2293 1320 2361 itis.
1364 2296 1450 2354 A.,
1473 2293 1799 2346 Titiniilarias
1835 2294 2094 2361 depositio

561 2361 620 2412 S.
654 2359 989 2427 Hunegundis
1025 2359 1257 2427 virginis.
1289 2359 1348 2413 L.
1377 2362 1543 2414 loeuin
1576 2364 1776 2416 reticet.

624 2487 715 2541 26.
734 2515 803 2526 —
826 2488 907 2540 VII
931 2488 1059 2540 ΚΑι.
1094 2488 1271 2539 Romae
1294 2491 1462 2539 natale
1485 2487 1582 2542 SS.
1610 2488 1796 2542 Erenei
1828 2497 1883 2542 et
1908 2489 2089 2542 Abun-

562 2576 668 2640 dii;
699 2590 830 2642 quos
877 2579 904 2618 (ι
949 2577 1165 2629 Deciana
1214 2576 1574 2643 persecutione
1597 2576 1753 2644 jussit
1790 2576 2090 2629 Valerianus

568 2667 944 2730 incloacari,eo
969 2667 1104 2733 quod
1127 2681 1316 2730 corpus
1347 2665 1403 2716 Β.
1431 2673 1454 2702 ο
1479 2665 1753 2718 Coneordii
1775 2667 1822 2716 iii
1854 2667 2085 2719 cloacam

563 2758 776 2810 missum
802 2757 1122 2810 levaverunt.
1175 2756 1237 2808 Et
1267 2757 1496 2823 ipsorum
1526 2770 1734 2824 quoque
1763 2770 1983 2822 corpora
2009 2757 2086 2808 le-

2194 1972 2341 2042 juxta
2371 1973 2429 2026 Β.
2460 1973 2818 2026 Laurentium.

2266 2061 2452 2116 Florus
2493 2063 2544 2113 in
2585 2063 2649 2115 Α.
2681 2069 2733 2115 et
2761 2062 2850 2123 T.,
2882 2061 3075 2114 Eodem
3105 2060 3191 2113 die
3212 2061 3421 2114 civitate
3442 2060 3720 2114 Thessalo-

2199 2148 2311 2202 nica
2355 2150 2527 2201 natale
2571 2148 2629 2202 S.
2660 2158 2687 2196 ε
2712 2149 2968 2204 Anastasii
2994 2165 3008 2200 :
3038 2148 3134 2202 Hic
3170 2147 3296 2201 fullo
3333 2148 3458 2210 fuit,
3489 2149 3578 2201 sed
3607 2149 3721 2201 ﬁdei

2203 2238 2391 2290 merito
2423 2238 2558 2290 inter
2585 2251 2860 2290 numerum
2900 2246 3188 2304 martyrum
3227 2247 3595 2289 annumeraius
3621 2246 3718 2289 est.

2265 2325 2346 2388 L.,
2399 2326 2461 2378 Et
2515 2326 2565 2377 in
2608 2325 2815 2378 civitate
2867 2326 3073 2379 Salonis
3126 2328 3298 2378 natale
3349 2327 3405 2376 S.
3456 2327 3712 2378 Anastasii

2195 2395 2461 2462 martyris.
2510 2394 2595 2458 V.,
2641 2396 2785 2446 alibi.
2832 2393 2914 2454 (3.,
2964 2394 3014 2445 lii
3055 2396 3267 2447 civitate
3293 2395 3501 2447 Salona.
3535 2393 3594 2444 V.
3627 2395 3705 2456 0.,

2193 2463 2374 2514 Naale
2403 2465 2461 2516 8.
2496 2464 2777 2525 Anastasii,
2811 2463 2891 2514 liii:
2921 2463 3046 2514 tullo
3071 2471 3123 2514 et
3153 2472 3347 2529 martyr
3375 2462 3487 2515 fuit.
3516 2462 3538 2496 δ
3560 2462 3708 2526 Quin-

2192 2530 2280 2581 tiiii
2306 2530 2596 2598 martyris,
2633 2529 2714 2592 B.,
2765 2529 2818 2581 in
2846 2529 3052 2582 civitate
3076 2530 3265 2598 Sidona
3290 2533 3456 2598 natale
3483 2530 3540 2582 S.
3571 2533 3701 2598 Ana-

2193 2597 2336 2665 stasii
2385 2596 2651 2664 martyris.
2704 2598 3068 2649 Autissiodoro
3091 2597 3301 2649 civitaio
3345 2597 3602 2665 depositio
3649 2596 3704 2650 S.

2199 2663 2214 2700 ί
2253 2663 2534 2718 Eleutherii
2563 2666 2818 2731 episcopi.

2260 2756 2348 2807 27.
2376 2781 2446 2794 —-
2475 2754 2535 2807 Vl
2556 2753 2685 2808 KAL.
2722 2754 2879 2808 Vacat
2901 2755 3075 2811 Baeda.

1891 2844 2090 2898 SMlTll
2130 2842 2346 2898 NOTAE.

633 2943 659 2971 λ
683 2934 895 2987 Iuliani.
950 2933 1092 2985 Hunc
1137 2943 1413 2999 martyrem
1462 2940 1513 2984 et
1544 2933 1903 3000 presbyterum
1935 2942 2086 2985 vocat

563 3005 700 3057 Petr.
727 3004 791 3056 de
819 3001 989 3056 Natal.
1022 3017 1094 3062 ιι,
1127 3003 1220 3054 υΙῑ.
1245 3001 1368 3052 994.

625 3071 652 3109 1’
686 3071 1041 3138 llunegnndis.
1093 3074 1219 3133 Quae
1264 3069 1474 3138 natain
1522 3067 2081 3138 pagoViromandcosi

2187 2933 2339 2983 dibus
2380 2931 2704 2994 constitutis,
2769 2940 3022 2998 aegrotare
3067 2933 3225 2998 coepit
3268 2941 3322 2984 et
3366 2943 3476 2999 post
3521 2934 3710 2999 aliquot

2197 3003 2307 3052 dies
2326 2999 2473 3061 obiit,
2505 3013 2688 3068 nempe
2711 3014 2848 3068 anno
2872 2999 3280 3068 iUAChilllebCl'li
3307 3005 3456 3068 regis,
3481 3015 3530 3052 ni
3557 3003 3706 3066 ϐιῳ.

2187 3069 2405 3130 'l‘uron.,
2455 3083 2507 3130 ς,
2556 3065 2645 3128 9-9,
2693 3067 2896 3132 scribit,
2936 3065 3127 3120 Clitisti
3155 3065 3398 3120 iiimiriiiii
3429 3070 3546 3122 59!.
3579 3077 3616 3123 Δ
3646 3065 3704 3125 S.

562 3156 621 3194 ex
651 3135 1242 3209 generosisparentilius
1262 3153 1353 3209 ,με
1382 3135 1885 3209 baptismatisl'onie
1917 3138 2076 3187 levata
2112 3149 2156 3209 ρ
2187 3135 2430 3209 Ferreolo
2476 3135 2833 3209 Lemovicensj
2872 3137 3118 3209 episcoiio
3169 3137 3398 3209 sepultus
3441 3149 3523 3209 est
3550 3139 3597 3189 iii
3624 3154 3708 3192 ec-

559 3218 636 3262 est
657 3204 687 3258 ξι
725 3208 780 3259 Β.
812 3207 976 3272 Eligio
1006 3207 1244 3271 pontilicc
1269 3204 1618 3257 Noviomensi.
1667 3205 1849 3256 Adulta
1881 3213 2074 3262 autem,

563 3279 870 3342 desponsata
899 3286 978 3327 est
995 3277 1196 3327 cuidam
1223 3275 1434 3325 nomine
1466 3272 1734 3342 Eudaldo;
1765 3287 1877 3342 quae
1906 3283 2077 3323 tamen

563 3338 671 3398 ﬁeri
703 3349 917 3409 cupiens
972 3343 1218 3394 monaelia
1239 3383 1253 3402 ,
1302 3355 1550 3408 sponsum
1584 3339 1648 3392 ad
1676 3340 1813 3404 piam
1843 3338 2079 3392 hortatur

561 3411 1064 3480 peregrinationem;
1099 3409 1311 3462 Romam
1341 3409 1495 3480 igitur
1513 3422 1631 3480 cum
1659 3421 1721 3460 eo
1749 3420 1988 3480 pergens,
2017 3417 2077 3480 et

557 3477 584 3529 ἐι
613 3477 737 3544 papa
783 3480 950 3530 velum
984 3479 1277 3545 postulans,
1327 3477 1393 3530 ab
1421 3492 1483 3529 eo
1518 3478 1685 3529 velum
1717 3491 1830 3527 cum
1863 3477 2075 3527 benedi-

557 3555 728 3599 ctione
775 3548 991 3611 recepit.
1041 3548 1086 3599 Μ
1125 3549 1313 3599 rtinum
1361 3556 1532 3598 autem
1581 3545 1812 3611 lpapam
1841 3545 2078 3608 designat

567 3617 796 3668 incelesia
826 3610 1310 3679 Saii-Qiiiniinensis
1360 3616 1408 3665 iii
1451 3615 1697 3666 Lectione
1737 3610 1770 3660 4
1800 3613 2068 3663 Breviarii.

556 3685 703 3748 Quod
733 3685 940 3751 quidem
980 3694 1119 3734 stare
1166 3699 1264 3733 non
1307 3683 1475 3747 potuit
1496 3719 1521 3751 ,ν
1553 3680 1649 3733 nisi
1678 3681 1876 3751 ‘lﬂligius
1909 3679 2075 3751 prius-

560 3747 712 3818 quain
743 3747 881 3803 esset
919 3753 1192 3816 episcopus
1243 3750 1611 3814 lliinegiindem
1660 3747 1724 3818 de
1753 3762 1903 3800 sacro
1935 3747 2074 3818 fonte

560 3816 822 3872 levavetit.
875 3821 1004 3871 Ante
1039 3820 1177 3871 enim
1222 3818 1330 3871 sedi
1378 3817 1710 3876 Noviumcnsi
1739 3818 1938 3881 pratluit
1969 3816 2073 3868 Eli-

558 3891 691 3951 gius,
721 3904 872 3952 quam
903 3888 1148 3939 Martinus
1177 3890 1438 3938 Romanun
1481 3884 1817 3952 Huiiegun'dis
1844 3893 2013 3936 autem
2043 3900 2071 3937 a

561 3951 754 4020 sponso
798 3956 929 4007 irato
977 3957 1112 4020 quod
1164 3971 1191 4006 a
1242 3954 1435 4020 virgine
1487 3954 1742 4004 inoiiacba
1789 3951 1896 4017 jam
1942 3952 2070 4003 facta

559 4035 763 4088 Spretiis
792 4034 948 4086 eSset,
976 4025 1172 4085 relicta,
1205 4023 1418 4088 patriam
1447 4022 1643 4087 repetiii
1667 4060 1679 4081 ,
1703 4028 1754 4072 et
1774 4020 1994 4085 seipsam
2022 4030 2074 4072 et

563 4094 691 4143 bona
722 4106 814 4144 sua
843 4095 1014 4143 omnia
1063 4092 1374 4143 monasterio
1421 4089 1796 4143 llumolariensi
1833 4089 2068 4152 Contulit,

563 4162 648 4212 tibi
682 4162 886 4212 tandem
928 4161 1056 4213 Obiit
1090 4174 1225 4211 anno
1256 4159 1460 4211 circiter
1490 4159 1610 4212 690.
1663 4157 1928 4224 Siquidem
1961 4157 2069 4208 Ilii-

565 4229 819 4295 negundis
865 4231 927 4280 de
968 4243 1118 4282 sacro
1147 4229 1287 4281 fonte
1315 4228 1479 4280 levata
1507 4237 1586 4281 est
1613 4244 1642 4279 ιι
1681 4226 1740 4278 Β.
1765 4224 1952 4295 bligio,
1985 4226 2069 4288 qui

565 4293 702 4348 anno
741 4296 876 4350 circa
925 4298 1026 4351 66'.)
1073 4297 1135 4349 ad
1181 4311 1398 4363 superos
1448 4295 1704 4361 migravit.
1748 4293 2072 4363 _Meiiioratur

564 4364 896 4431 lliinegiindis
955 4367 1003 4416 in
1052 4360 1400 4417 additioiiibus
1441 4360 1534 4415 ad?
1563 4360 1853 4415 Usuarduni
1915 4368 1968 4412 et
2017 4361 2068 4412 in

564 4433 941 4500 Mariyrologiis
1003 4434 1332 4486 Benediciino
1368 4441 1436 4500 et
1486 4432 1753 4485 Gallicano
1794 4439 1847 4500 et
1893 4436 2070 4500 nostro

561 4515 650 4551 VIII
681 4497 794 4553 Kal.
842 4497 1131 4566 Septemb.,
1175 4499 1378 4553 tametsi
1419 4501 1486 4553 0b
1519 4502 1701 4554 l'estitm
1741 4501 1796 4549 S.
1833 4497 2072 4549 Ludovici

562 4569 671 4633 ejus
697 4567 923 4621 ofﬁcium
975 4585 1000 4620 a
1028 4569 1289 4621 canonicis
1319 4573 1562 4634 Augusta:
1595 4568 2074 4619 Vereinanduormii

559 4636 611 4687 in
638 4637 772 4689 diem
795 4650 1093 4704 sequentem
1119 4637 1439 4689 transfertur.
1473 4640 1670 4701 tiorpus
1691 4637 1801 4704 ejus
1824 4648 1853 4686 e
1882 4637 2076 4686 tumulo

557 4705 814 4757 elevatum
842 4703 920 4757 est
946 4721 1082 4758 anno
1107 4707 1295 4757 Christi
1323 4705 1445 4769 946,
1478 4707 1639 4770 pridie
1669 4703 1837 4754 Nonas
1865 4704 2070 4765 Uctob.,

554 4775 705 4837 cujus
746 4779 818 4826 rei
862 4775 1130 4827 historiam
1170 4777 1358 4826 stuc-qu
1389 4790 1416 4824 v
1457 4773 1789 4825 Beiiedicnno
1817 4772 2073 4822 BBI‘RCI'US

559 4843 722 4894 abbas
743 4843 1050 4909 descripsit,
1099 4858 1157 4894 ac
1183 4845 1369 4895 deinde
1398 4843 1446 4893 in
1481 4841 1834 4904 pretiosiorem
1870 4843 2073 4909 thecam

555 4922 693 4961 anno
743 4910 870 4964 105-1
914 4907 1216 4964 iranslatuiu
1244 4922 1324 4965 est
1359 4928 1386 4963 a
1417 4911 1638 4963 Macario
1668 4907 2073 4960 llumolarieiisis

549 4979 775 5031 crenobii
806 4980 1007 5032 abbate.

628 5055 649 5080 ε
680 5049 868 5106 Aredii.
902 5049 1117 5100 Abbaiis
1141 5048 1524 5100 Leinovicensis
1553 5063 1614 5099 ex
1642 5045 1770 5097 urbe
1795 5042 2068 5096 Leniovica

558 5115 782 5166 oiiutidi.
835 5117 985 5169 Pater
1032 5117 1166 5168 illius
1211 5117 1511 5179 Jecundus,
1559 5124 1722 5166 mater
1749 5112 1952 5178 Pelagia
1982 5127 2070 5178 ap-

561 5183 745 5248 pellata
769 5195 881 5246 est;
911 5187 1118 5236 irairem
1152 5185 1327 5234 lialiiitt
1357 5183 1705 5235 Renosindiim
1741 5180 1885 5248 juxta
1913 5181 2065 5246 Greg.

557 5251 752 5304 Turon.
785 5255 847 5305 de
887 5253 1064 5306 niirac.
1097 5255 1153 5307 S.
1200 5253 1419 5316 Martini,
1444 5267 1501 5314 it,
1533 5252 1620 5313 59,
1657 5251 1793 5301 Edit.
1819 5250 1943 5301 Ben.
1970 5250 2066 5311 Qui

557 5335 681 5374 vero
726 5324 775 5373 iti
830 5323 1043 5386 vulgatis
1095 5323 1410 5373 editioiiibus
1469 5331 1612 5385 pater
1657 5323 1769 5383 ejus
1820 5317 2068 5370 mendose

554 5400 900 5456 nuncupatur.
955 5389 1049 5440 llic
1091 5387 1451 5442 Ttieodeberto
1491 5390 1596 5455 regi
1625 5386 1867 5456 traditus,
1887 5388 2065 5456 aulicis

555 5454 799 5525 palatinis
824 5460 1133 5526 adjiingitur.
1189 5459 1290 5512 Sed
1312 5458 1508 5526 irelicto
1532 5454 1736 5509 tandem
1768 5455 1901 5526 regis
1930 5454 2067 5526 pala-

557 5524 649 5592 tio,
689 5527 743 5580 S.
790 5524 1246 5593 Nicetii'cpiscopi
1294 5525 1618 5578 Trev.rensis
1659 5524 1862 5593 monitis
1910 5524 2064 5575 vitam

554 5591 784 5648 sanctius
825 5595 1061 5647 instituit.
1132 5591 1383 5654 Etcum,
1425 5596 1529 5646 vita
1605 5591 1867 5646 miraculis
1917 5593 2063 5655 plena

553 5673 674 5714 ante
720 5675 865 5726 acta,
918 5664 1080 5728 major
1131 5664 1310 5715 liisset
1347 5663 1716 5728 octogenario,
1757 5667 2063 5728 testamento

554 5733 762 5785 condito
788 5749 844 5787 ac
868 5732 960 5786 SS.
996 5727 1214 5786 Martius
1242 5727 1536 5799 Hilarioqiie
1561 5727 2061 5782 antistitibuslirere-

2104 4471 2154 4528 Ι)

2183 3205 2341 3271 clesia
2389 3204 2446 3256 Β.
2505 3205 2746 3270 martyris
2801 3203 3010 3256 Juliani.
3088 3203 3159 3258 De
3197 3206 3390 3258 Aredio
3429 3206 3700 3271 Gregorius

2179 3270 2377 3341 rIuron.
2405 3273 2613 3335 scripsit
2639 3275 2688 3324 in
2718 3272 2848 3341 libro
2880 3288 2916 3324 ιι
2939 3273 3005 3325 de
3029 3273 3206 3326 Mirac’.
3245 3272 3302 3326 S.
3335 3270 3554 3335 Hartini,
3578 3291 3692 3341 cap.

2182 3338 2267 3398 59,
2295 3349 2346 3390 et
2373 3341 2460 3391 lib.
2508 3355 2545 3391 ιι
2590 3341 2656 3392 de
2700 3339 2873 3393 Gloria
2904 3350 3080 3402 mart.,
3111 3356 3225 3406 cap.
3258 3341 3342 3392 40.
3376 3343 3494 3407 Ejus
3540 3338 3702 3396 vos...

2179 3408 2320 3459 dedit
2346 3407 2425 3460 Cl.
2471 3407 2755 3462 Ruinartus
2794 3409 2846 3458 in
2893 3408 3118 3460 editione
3145 3424 3237 3459 sua
3267 3407 3518 3476 Gregorii,
3553 3412 3702 3465 aliain

2177 3477 2239 3526 ab
2267 3490 2325 3526 ea
2351 3491 2462 3540 qua:
2491 3477 2627 3527 inter
2668 3477 2790 3545 Acta
2821 3485 3117 3529 sanctorum
3146 3479 3284 3529 edita
3328 3487 3407 3530 est
3433 3481 3619 3532 saculo
3663 3494 3698 3545 i,

2179 3545 2536 3608 Benedictino,
2569 3558 2685 3608 pag.
2708 3543 2829 3596 369.

2244 3609 2267 3680 t1
2299 3611 2540 3680 Deciana.
2571 3612 2630 3665 Hi
2675 3628 2799 3666 vero
2829 3627 2929 3664 non
2965 3613 3098 3679 passi
3123 3625 3244 3666 sunt
3269 3616 3365 3668 sub
3395 3615 3565 3677 Decio,
3608 3617 3695 3680 sed

2174 3679 2270 3728 sub
2297 3679 2570 3732 Valeriano
2607 3682 2756 3746 imp.,
2789 3681 2986 3732 scilicet
3007 3682 3141 3734 circa
3167 3697 3363 3735 annum
3391 3684 3512 3738 2&8.
3569 3684 3689 3738 Vide

2173 3761 2328 3812 supra
2355 3749 2419 3801 de
2449 3749 2506 3802 S.
2538 3748 2815 3801 Laurentio
2841 3750 2925 3800 die
2956 3765 2985 3800 it
3019 3751 3169 3814 liiijiis
3199 3754 3412 3803 mensis.

2246 3825 2268 3852 θ
2298 3817 2581 3869 Concordit’.
2629 3816 2841 3869 Rectius
2884 3820 3213 3879 Concordiae,
3248 3822 3463 3871 nutricis
3486 3821 3544 3872 S.
3578 3821 3692 3880 Ilip-

2177 3884 2356 3951 polyii,
2389 3887 2452 3937 de
2488 3901 2586 3951 qua
2631 3886 2796 3951 agitur
2840 3885 2925 3936 die
2948 3900 3037 3937 xiii
3070 3885 3225 3953 liujus
3254 3889 3466 3940 mensis.
3525 3888 3593 3940 Dc
3620 3888 3696 3941 bis

2173 3955 2390 4073 :anctilsv
2414 3953 2529 4005 vide
2588 3953 2752 4005 Vitam
2847 3954 2903 4006 8.
2965 3953 3228 4008 Laurentii
3279 3955 3417 4023 apud
3471 3956 3691 4019 Suriinn,

2193 4033 2296 4073 om.
2396 4060 2410 4073 .

2173 4028 2296 4073 toni.
2329 4028 2410 4074 IV.

2203 4157 2213 4166 _
2290 4091 2542 4141 Justinus.
2577 4089 2646 4143 De
2677 4089 2773 4152 hoc
2797 4104 2948 4157 supra
2979 4091 3096 4143 vide
3129 4106 3182 4144 tv
3208 4091 3343 4144 diem
3375 4092 3529 4159 bujus
3555 4108 3692 4146 ruen-

2171 4171 2262 4210 SIS.
3319 4183 3328 4191 .

2241 4236 2265 4273 8
2292 4225 2564 4279 Anastasii.
2611 4224 2708 4291 Qui
2749 4241 2850 4278 non
2893 4225 3278 4280 Thessalonici:
3305 4266 3320 4288 ,
3369 4226 3460 4279 sed
3492 4227 3689 4284 Salone

2176 4293 2444 4346 Dalmatia:
2470 4294 2692 4346 civitatis
2723 4307 2904 4360 passus
2945 4303 3026 4346 est
3054 4296 3150 4346 sub
3179 4297 3546 4359 persecutione
3575 4299 3685 4350 Dio-

2171 4363 2378 4415 cletiani
2431 4363 2776 4423 imperatoris.
2833 4363 2926 4416 llic
2950 4376 3012 4415 ett
3041 4363 3274 4428 Aquileia
3301 4375 3444 4416 ortus
3465 4366 3684 4427 civitate,

2177 4442 2336 4483 artem
2366 4431 2574 4482 l'ullunis
2605 4430 2868 4493 exercuit;
2913 4431 3033 4495 quia
3081 4444 3254 4484 autem
3285 4433 3541 4484 Christum
3565 4450 3684 4486 eon-

2181 4499 2345 4551 l'essus
2372 4509 2472 4560 est,
2506 4513 2756 4562 suSpeiiso
2777 4499 2840 4550 ad
2871 4500 3060 4550 collum
3089 4502 3202 4562 ejus
3227 4500 3418 4565 ingenti
3451 4501 3682 4566 lapidein

2176 4580 2318 4618 mare
2361 4580 2587 4633 prtereps
2638 4567 2807 4618 datur.
2867 4567 3093 4618 Matrona
3127 4583 3251 4620 vero
3277 4569 3511 4634 qmedani
3541 4568 3690 4622 Chri-.

2172 4639 2335 4686 stiana
2369 4636 2575 4686 nomine
2607 4635 2860 4700 Asclepia,
2893 4649 3082 4699 corpus
3115 4639 3355 4703 martyris
3379 4638 3570 4690 habere
3596 4653 3680 4691 cu-

2175 4718 2340 4773 piens,
2371 4703 2618 4773 quosdam
2649 4718 2710 4754 ex
2733 4704 2895 4757 servis
2922 4705 3032 4756 suis
3061 4706 3218 4766 misit,
3247 4704 3334 4772 qui
3371 4720 3560 4770 corpus
3576 4709 3681 4773 ejus

2172 4771 2482 4841 invenirent.
2514 4771 2830 4841 chereriiiit
2861 4782 3034 4825 autem
3064 4775 3170 4824 Atii
3206 4771 3412 4841 quidam
3435 4771 3677 4836 cadaver,

2169 4851 2220 4890 et
2247 4839 2359 4906 ejus
2386 4851 2538 4905 caput
2564 4842 2610 4890 in
2640 4840 2852 4906 patriam
2883 4855 3029 4892 suam
3059 4839 3408 4908 portaverunt,
3441 4847 3681 4897 etet-cle-

2168 4909 2296 4960 siam
2322 4911 2370 4959 ιιι
2395 4911 2598 4961 nomine
2627 4909 2784 4973 ipsius
2805 4909 3149 4960 aediﬁcarunt.
3189 4909 3390 4972 Corpus
3418 4923 3539 4962 vero
3564 4916 3673 4963 sine

2168 4980 2334 5040 capite
2375 4980 2470 5030 sibi
2506 4979 2734 5047 delatum
2766 4986 3000 5028 matrona
3040 4977 3124 5028 illa
3166 4976 3406 5047 devotius
3449 4991 3675 5047 excepit;

2167 5048 2328 5110 quod,
2359 5045 2532 5099 donec
2552 5047 2927 5099 defervesceret
2962 5047 3272 5111 persecutio,
3300 5045 3349 5096 in
3380 5046 3568 5110 praedio
3588 5065 3675 5102 suo

2165 5114 2384 5174 celavit,
2415 5113 2604 5166 deinde
2631 5114 2902 5166 ecclesiam
2929 5115 3235 5171 construxit,
3262 5121 3314 5166 et
3334 5129 3524 5177 corpus
3544 5131 3675 5166 inar-

2168 5185 2292 5249 tyris
2339 5183 2389 5235 iii
2430 5181 2725 5234 Salottitano
2774 5182 3032 5234 territorio
3080 5182 3369 5235 collocavit.
3434 5184 3570 5234 l'etr.
3613 5184 3674 5235 de

2165 5249 2329 5302 i‘taizil.
2366 5253 2509 5316 Apud
2541 5266 2692 5318 quem
2731 5252 2979 5314 postridie
3005 5250 3318 5315 celebratur,
3343 5261 3394 5304 et
3420 5254 3551 5316 apud
3581 5252 3674 5304 Ba-

2165 5322 2363 5372 ronium
2389 5335 2472 5371 im
2501 5324 2581 5370 die
2611 5318 2762 5383 liujus
2791 5320 3005 5371 mensis.

2230 5383 2255 5421 ι·
2289 5387 2534 5449 Quintini.
2567 5387 2621 5438 Si
2653 5387 2734 5438 liic
2762 5387 2897 5439 idem
2920 5389 2988 5439 sit
3013 5401 3129 5439 cum
3171 5386 3363 5453 Quinto
3400 5389 3532 5455 apud
3565 5391 3672 5443 Ilie-

2164 5470 2280 5508 ron.
2313 5455 2752 5522 Martyrologium,
2783 5470 2881 5509 una
2904 5470 3021 5508 cum
3045 5456 3230 5510 Basilta
3258 5467 3308 5510 et
3332 5457 3674 5512 Maximiliano

2162 5523 2339 5576 Romae
2361 5539 2537 5590 paSsus
2561 5537 2657 5576 esu

2238 5591 2249 5628 ί
2288 5592 2576 5645 Eleuilierii.
2624 5594 2769 5646 Sedit
2811 5607 2979 5645 annos
3023 5591 3122 5654 ‘28,
3156 5607 3363 5647 menses
3400 5596 3456 5656 8.
3486 5595 3602 5649 dies
3626 5595 3670 5650 9.

2163 5659 2334 5731 llnjus
2369 5662 2696 5726 episcopatus
2749 5669 2870 5714 ante
2917 5661 3161 5731 aii._;‘i53,
3189 5662 3390 5715 initium
3424 5669 3673 5731 sumpsit;

2161 5747 2223 5782 eo
2255 5730 2390 5782 cnim
2421 5745 2556 5782 anno
2586 5730 2940 5785 Aiire'izinensi
2989 5729 3024 5783 ll
3073 5731 3294 5788 concilio
3331 5729 3636 5802 substrijuii
3665 5757 3668 5785 ;

3547 5834 3864 6228 Α
