3898 6330
197 407 339 462 Inﬁt

1290 408 1477 461 SECT.
1521 408 1579 457 ll.
1618 437 1678 445 -—
1719 407 2259 463 MARTYROLUGIA.

3216 414 3349 465 {0‘22

1422 488 1637 545 EDITIO
1674 495 2114 549 COLONIENSIS.

187 583 411 635 militis.
446 582 496 637 In
525 583 710 637 Galliis
748 583 953 635 civitate
983 582 1271 634 Arelatensi
1312 584 1475 634 sancti
1516 581 1727 634 Caesarii
1756 592 1810 645 Α

193 671 435 741 ep'scopi
470 682 519 726 et
549 673 884 729 Confessoris,
914 671 1008 721 viri
1041 670 1185 722 mira:
1214 670 1525 721 sanctitatis.
1558 672 1732 737 Augu-

196 760 344 807 διιεώ
368 776 431 814 no
460 760 625 811 sancti
653 756 705 812 Si
724 760 814 825 igri
837 758 1064 823 episcopi
1100 765 1152 810 et
1182 757 1514 809 confessoris.

1904 587 1973 637 ll.‘
2020 587 2054 635 ν
2100 588 2327 639 luteus.
2384 587 2641 641 Serrane.
2700 587 2875 640 Natale
2932 589 3063 642 beati
3124 590 3345 646 llermcti

1840 676 2101 741 martyris.
2138 674 2280 727 lluuc
2315 675 2491 725 beatus
2522 675 2812 726 Alexander
2840 690 2966 740 papa
3001 676 3141 728 urbis
3171 676 3347 728 Roma:

1840 776 1953 812 cum
1984 772 2121 812 esset
2149 763 2437 827 praefectus,
2478 761 2752 827 baptizavit
2792 776 2906 812 cum
2955 776 3113 814 uxore
3149 770 3202 814 et
3231 762 3350 813 liliis

1403 848 1620 902 EDITIO
1658 850 2135 909 BULLANDIANA.

283 936 467 990 Florus
491 937 542 988 iit
567 936 627 987 Α.
675 935 737 987 Τ.
780 935 859 997 ι..,
903 934 1111 986 Arelato
1154 935 1361 989 civitate
1404 937 1657 999 depositio
1680 942 1735 989 5.

201 1035 230 1058 ’³
268 1025 487 1078 Cmsarii
538 1024 794 1089 martyris.
849 1020 912 1072 Et
942 1022 990 1073 in
1012 1020 1235 1089 Egypto
1282 1022 1487 1075 civitate
1520 1024 1735 1074 Oxiren-

197 1116 381 1164 chcna
432 1110 677 1181 [civitate
700 1110 1053 1162 Uxireuchena
1092 1110 1223 1160 deest
1266 1110 1325 1159 in.
1363 1110 1418 1160 L.
1450 1108 1461 1177 ]
1509 1110 1733 1162 sedecim

202 1211 506 1269 martyrum
532 1238 547 1262 ,
597 1212 814 1266 quorum
856 1188 1000 1263 gesta
1043 1198 1315 1262 habentur,
1357 1201 1440 1265 qui
1484 1202 1660 1253 bestiis
1687 1209 1738 1253 et

199 1289 333 1355 igne
362 1289 622 1356 superatis
646 1328 660 1351 ,
692 1287 863 1354 gladio
884 1287 1256 1340 occubuerunt.
1300 1287 1491 1361 Eodem
1518 1289 1601 1341 die
1630 1289 1736 1341 Ro-

202 1393 315 1430 mae
343 1377 515 1445 passio
556 1374 580 1411 δ
625 1374 845 1427 Nemesii
892 1374 1092 1427 diaconi
1133 1384 1185 1427 et
1215 1374 1423 1428 Lucilla:
1460 1376 1579 1429 filiae
1607 1377 1739 1443 ejus,

200 1465 302 1531 qui
349 1450 536 1531 capitis
584 1462 821 1526 plexione
856 1462 1157 1527 jubentibus
1192 1469 1211 1493 ε
1250 1464 1520 1516 Valeriano
1541 1475 1593 1517 et
1620 1463 1740 1517 Gal-

204 1555 361 1607 lieno
405 1552 703 1604 consulibus
744 1551 810 1601 ob
857 1550 1231 1603 confessionem
1281 1549 1470 1604 Christi
1506 1552 1617 1604 sine
1644 1565 1737 1603 au-

206 1638 425 1693 dientia‘
446 1637 694 1706 perempti
722 1648 860 1690 sunt.

1915 939 2072 990 Vacat
2116 941 2525 1004 supplementum
2577 938 2663 1001 D.,
2706 939 2801 989 nisi
2830 940 2961 1005 quod
2995 942 3347 991 recentissima

1843 1022 1994 1075 manu
2028 1008 2325 1075 inscriptum
2366 1008 2432 1058 sit
2461 1021 2643 1057 nomen
2676 1009 2854 1073 Syagri
2888 1009 3133 1072 episconi.
3171 1008 3227 1059 V.
3255 1008 3342 1068 C.,

1843 1076 1894 1125 ln
1922 1073 1947 1109 ί¹
1980 1073 2197 1143 Lucania
2245 1077 2450 1127 civitate
2496 1075 2708 1143 Felicis,
2741 1075 3000 1143 Saviniani
3047 1074 3147 1143 iV.
3192 1076 3349 1129 Saba—

1842 1140 1999 1209 niani]
2024 1181 2040 1205 ,
2090 1143 2328 1194 Honorati
2363 1150 2415 1193 et
2439 1143 2493 1194 S.
2527 1141 2713 1193 Rufini.
2744 1142 2825 1202 T.,
2855 1142 2917 1194 Et
2942 1140 3108 1206 passio
3136 1152 3344 1194 sancto-

1842 1226 1953 1261 rum
1979 1220 2277 1273 martyrum,
2311 1218 2331 1245 ε
2368 1210 2580 1270 Felicis,
2616 1210 2817 1274 (‘worgii
2860 1211 3125 1271 monachi,
3175 1210 3351 1261 Libin—

1840 1279 2153 1339 sm,_Attrelii
2203 1290 2354 1342 atque
2384 1278 2613 1328 Natalire.
2659 1280 2845 1327 Eodem
2874 1278 2957 1330 die
3005 1279 3267 1328 translatio
3292 1280 3347 1327 5.

1846 1344 1861 1380 ί
1896 1347 2092 1410 Sulpitii
2122 1346 2365 1410 episcopi.
2418 1346 2495 1403 ll.,
2544 1346 2761 1395 Archilis
2806 1345 3059 1407 depositio
3088 1346 3141 1396 S.
3174 1354 3195 1389 ε
3235 1344 3348 1395 Ca:-

1840 1416 1959 1465 sarii
1988 1414 2231 1478 episcopi.
2265 1413 2707 1476 ConstantinOpoli
2749 1412 2839 1464 SS.
2866 1412 2982 1463 Ollii
3026 1424 3077 1465 et
3105 1412 3352 1476 Stephani

1839 1477 2059 1531 dial-oni.
2108 1477 2472 1545 Atigustoduno
2518 1482 2685 1531 natale
2727 1479 2783 1530 S.
2809 1477 2836 1514 ιι
2868 1481 2985 1546 Agri
3016 1480 3263 1544 episcopi.
3296 1479 3351 1528 Β.

1838 1554 1897 1599 Α.
1928 1549 1985 1599 Τ.
2024 1549 2108 1609 L.,
2143 1552 2191 1597 ln
2224 1550 2392 1613 Capua
2423 1549 2586 1599 natale
2612 1550 2665 1599 5.
2700 1556 2714 1582 ι
2746 1548 2912 1613 Ruphi
2945 1551 3201 1614 martyris.

1900 1635 1986 1688 9.8.
2011 1634 2133 1687 —-V
2174 1634 2302 1686 Κλι..
2332 1634 2508 1687 Natale
2552 1634 2650 1687 S.i
2690 1634 2951 1687 llermetis
2996 1635 3257 1701 martyris.
3304 1633 3355 1683 in

1549 1729 1743 1783 Slil'l‘ll
1785 1726 2005 1779 NOTAE.

208 1835 322 1892 non
348 1819 513 1892 ~utitur
543 1832 653 1892 post
678 1837 764 1873 an.
823 1821 915 1892 fidi
949 1818 1009 1869 ad
1037 1819 1198 1871 caelos
1229 1819 1586 1892 migraritlah
1612 1833 1746 1892 anno
1782 1822 1819 1876 Β
1850 1832 1947 1892 una
1976 1831 2089 1892 cum
2137 1816 2206 1892 Si
2246 1816 2614 1883 Symphronio,
2664 1815 2925 1892 Olympio,
2940 1817 3354 1892 "Exuperlannet

208 1890 361 1941 cuitu
395 1887 496 1939 533
522 1890 584 1941 ad
616 1905 803 1940 annum
828 1890 920 1940 561
958 1896 1290 1937 numerantur
1318 1890 1436 1936 anui
1470 1888 1555 1938 28.
1622 1889 1737 1939 Ideo

211 1973 327 2009 non
357 1956 559 2021 attigit,
610 1969 661 2007 ιιι
692 1958 874 2022 legitur
900 1956 951 2006 itt
990 1954 1209 2022 Historia
1234 1955 1595 2022 episcoporum
1626 1959 1735 2006 Au-

213 2024 427 2075 lissiod.
460 2020 589 2087 apud
620 2020 804 2077 Labbci
850 2024 973 2075 Bibl.
1017 2021 1170 2084 Num,
1204 2036 1239 2083 I,
1269 2020 1391 2086 419,
1423 2022 1607 2074 Justini
1640 2023 1733 2073 mi-

212 2094 367 2142 noris
416 2102 644 2157 tempora
673 2131 686 2153 ,
737 2094 820 2157 qui
862 2104 960 2142 non
1008 2100 1125 2140 ante
1171 2104 1256 2140 an.
1299 2088 1397 2139 563
1444 2089 1737 2142 Justiniano

213 2158 496 2210 successit.
542 2162 597 2214 S.
634 2161 957 2212 Iileutherius
986 2157 1221 2208 conciliis
1257 2158 1739 2220 Atireliarwtisilms,

218 2226 290 2283 ll,
318 2242 455 2277 anno
482 2226 613 2289 555;
647 2228 729 2288 ΙΙΙ,
759 2242 891 2279 anno
920 2225 1019 2276 5'58
1040 2242 1053 2286 ;
1078 2225 1161 2284 IV,
1194 2239 1329 2277 anno
1353 2226 1485 2288 Sil;
1519 2226 1577 2284 V.
1606 2241 1741 2277 anno

214 2293 353 2353 sm.
397 2296 668 2347 ci-lebratis
715 2296 973 2352 interfuit,
1025 2302 1071 2344 et
1117 2292 1243 2344 obiit
1294 2295 1473 2359 plenus
1521 2294 1738 2354 dierum,

218 2363 636 2429 conjunctnsque
673 2372 753 2414 est
799 2362 1059 2425 sepultura
1109 2362 1299 2429 sanctis
1342 2362 1739 2429 pra‘deressori-

220 2430 325 2479 luis
345 2430 451 2480 suis
472 2430 521 2480 in
558 2428 777 2482 basilica
806 2431 861 2483 S.
902 2428 1142 2479 Germani
1172 2428 1420 2494 episcopi.
1475 2431 1619 2491 Apud
1650 2429 1742 2479 Ba-

220 2499 359 2566 rjouii
410 2498 825 2566 Blartyrolotzium
879 2497 990 2564 ejus
1031 2497 1142 2547 dies
1194 2496 1386 2566 Natalis
1417 2500 1612 2566 agitur,
1640 2511 1742 2548 xvtt

222 2565 345 2617 Kal.
379 2564 643 2630 Septemb.
688 2568 739 2618 In
770 2568 1016 2632 przedicto
1048 2566 1159 2615 loco
1192 2565 1381 2616 Lahbei
1414 2564 1744 2617 Bibliotheca:

225 2647 317 2685 1v]
350 2632 461 2685 Kal.
512 2635 741 2699 ejusdem
782 2633 1006 2695 mensis;
1059 2633 1230 2686 forsan
1278 2634 1431 2700 igitur
1481 2633 1745 2686 translatio

222 2703 467 2766 quaedam
501 2702 651 2753 hodie
681 2704 987 2754 celebratur.

302 2779 325 2802 ε·
360 2770 581 2821 Ca’sarii.
632 2768 726 2834 Qui
772 2769 1031 2821 territorio
1077 2766 1401 2819 Cabilonensi
1448 2778 1595 2819 natus
1629 2778 1741 2821 est:

232 2836 303 2889 Et
332 2852 358 2888 a
384 2836 710 2889 Cabzloncnsi
739 2838 983 2903 episc0po
1029 2834 1284 2889 SlveStro
1311 2836 1527 2887 clericus
1560 2838 1743 2898 factus,

226 2908 388 2957 etiam
434 2905 493 2956 ad
550 2907 828 2958 Lerinense
887 2905 1252 2957 monasterium
1300 2918 1358 2956 se
1403 2905 1740 2966 transferens,

224 2973 529 3038 aliquandiu
560 2988 761 3026 summa
814 2973 1122 3025 abstinentia
1176 2983 1226 3023 et
1279 2980 1550 3024 sanctitate
1596 2972 1744 3025 vixit.

235 3044 317 3093 Ab
344 3039 581 3094 Eunomo
608 3043 892 3095 Arelatensi
927 3041 1143 3107 praesule
1182 3042 1450 3108 presbyter
1477 3056 1746 3093 consecra-

232 3120 344 3185 tus,
394 3111 443 3162 iu
470 3112 609 3185 ejus
650 3112 817 3162 locum
869 3120 1063 3185 postea.
1101 3110 1287 3185 invitus
1344 3108 1589 3185 suilectus
1632 3119 1743 3185 est;
1772 3129 1816 3185 ρ

240 3181 429 3228 multas
470 3178 789 3230 inimicorum
842 3190 1022 3243 passus
1054 3175 1286 3241 injurias,
1334 3177 1530 3237 exsilia,
1565 3178 1744 3230 mortis

234 3247 547 3297 sententiam
592 3247 841 3311 patienter
891 3245 1035 3296 tulit:
1067 3254 1117 3295 et
1162 3259 1189 3293 a
1238 3244 1451 3296 Domino
1480 3245 1742 3308 liberatus,

233 3314 392 3365 etiam
428 3326 780 3378 persecutores
806 3327 927 3365 suos
968 3328 993 3363 a
1036 3325 1203 3364 morte
1233 3311 1486 3364 liberavit.
1532 3313 1745 3363 ltomam

234 3382 300 3430 ad
355 3380 719 3447 Symmachum
765 3396 945 3446 papam
1000 3382 1141 3432 adiit.
1214 3380 1435 3432 Diversis
1477 3381 1743 3442 conciliis,

158 3509 167 3518 ο
233 3446 464 3501 maxime
482 3450 709 3512 Vaseusi,
728 3466 862 3518 anno
879 3448 976 3499 5:29
1000 3446 1250 3518 interfuit.
1276 3448 1575 3502 Menasteria
1598 3448 1747 3518 insti-

238 3518 355 3578 tuit,
388 3519 678 3569 munialium
714 3517 967 3581 praecipue
992 3556 1005 3579 ,
1038 3517 1221 3583 quibus
1247 3532 1479 3567 sororem
1511 3532 1653 3567 suam
1688 3517 1746 3569 S.

240 3585 520 3636 (stariam
556 3583 802 3650 praefecit.
856 3587 933 3637 Ad
975 3583 1301 3639 statuendum
1332 3586 1388 3639 S.
1417 3586 1624 3639 Ciesarii
1649 3586 1753 3638 obi-

241 3662 355 3702 tum
382 3664 653 3717 sequentes
680 3656 933 3705 character
950 3666 1006 3705 es
1045 3654 1395 3717 chronologici
1443 3654 1751 3706 observandi

238 3732 382 3772 sunt.
424 3722 557 3773 Anni
588 3724 789 3787 triginta
827 3721 932 3788 jam
962 3721 1266 3773 efﬂuxerant
1293 3737 1319 3770 a
1340 3722 1549 3772 condito
1576 3737 1754 3773 mona-

242 3788 407 3858 sterio
435 3788 485 3841 in
508 3789 969 3842 sanetimonialiuin
996 3791 1235 3858 gratiam,
1259 3804 1374 3841 cum
1413 3790 1468 3841 S.
1499 3790 1753 3858 Caesarius

240 3856 349 3906 vita
381 3859 631 3921 migravit,
662 3858 786 3909 utin
812 3860 925 3922 ejus
952 3856 1083 3920 Vita,
1109 3872 1168 3917 ll,
1201 3858 1288 3918 36,
1318 3858 1555 3923 legimus.
1617 3857 1753 3910 ls:ud

240 3928 615 3993 monasterium
661 3938 779 3978 ante
824 3928 1011 3978 Alarici
1074 3926 1355 3977 Gothorum
1403 3930 1535 3993 regis
1578 3941 1754 3979 necem

242 3992 507 4058 inceptum
536 4034 548 4057 ,
584 3994 903 4047 'l‘ln-odorico
935 3994 1091 4045 Italiae
1122 4008 1241 4058 rege
1270 3992 1529 4045 Arelatem
1559 4009 1758 4060 Oppug-

241 4069 403 4111 ttante
430 4101 443 4122 ,
491 4062 626 4126 quod
655 4076 789 4113 anno
839 4062 938 4115 ἓοὸ
983 4062 1260 4128 contigisse
1293 4061 1351 4112 V.
1379 4062 1435 4112 C.
1473 4062 1756 4113 Hadrianus

242 4129 482 4180 Valesius
512 4129 559 4181 in
592 4131 677 4182 lib.
709 4146 757 4183 vr
790 4131 911 4183 iter.
945 4129 1132 4182 Franc.
1160 4132 1359 4191 probat,
1387 4145 1625 4181 eversum
1654 4139 1756 4189 cst,

242 4207 303 4247 ut
331 4196 380 4246 iu
409 4198 633 4250 Caesarii
663 4198 770 4251 Vita
818 4215 852 4261 ι,
908 4199 986 4262 15,
1019 4201 1227 4250 dicitur.
1282 4202 1428 4249 Auno
1460 4199 1759 4262 insequente

237 4264 324 4316 vel
349 4271 578 4327 proximo
596 4267 866 4328 Caesarius,
885 4265 1198 4319 monasterio
1212 4266 1527 4318 restituendo
1550 4280 1756 4317 manum

238 4330 658 4399 adlllOYel,l|lItld
683 4346 798 4388 ante
825 4334 953 4387 duos
978 4335 1054 4387 vel
1078 4344 1182 4387 tres
1204 4348 1363 4385 annos
1394 4334 1641 4399 perlicere
1658 4348 1759 4386 non

239 4400 433 4466 potuit.
460 4401 678 4476 Proinde
706 4417 870 4455 annus
899 4405 1079 4476 mortis
1110 4402 1400 4476 ipsius_,__qui
1423 4401 1757 4476 sapisti-igitr-

236 4477 290 4520 ta
317 4471 813 4533 postexzedilicatum
843 4468 1140 4523 coenobium
1166 4470 1366 4533 accidit,
1390 4485 1523 4521 anno
1544 4468 1645 4521 542
1664 4468 1761 4521 illi—

238 4538 443 4606 gandus
487 4548 584 4591 est.
626 4538 748 4603 Ejus
782 4540 943 4591 Vitam
976 4540 1025 4590 in
1049 4540 1248 4592 duobus
1275 4538 1420 4591 libris
1450 4539 1760 4606 descriptam

242 4604 362 4655 vide
389 4605 435 4654 iu
463 4609 656 4659 saeculo
683 4623 695 4659 I
720 4607 1072 4661 Benedictiuo.

321 4670 346 4707 ιι
379 4672 613 4725 Nemesii.
655 4676 801 4728 llunc
846 4690 961 4727 cum
1011 4676 1122 4739 ejus
1166 4674 1267 4727 [ilia
1311 4674 1603 4738 Stephanus
1634 4688 1762 4741 papa

248 4738 549 4805 baptizavit,
580 4752 632 4798 et
660 4746 825 4809 ipsum
857 4738 1150 4796 Nemesium
1184 4744 1441 4795 ordinavit
1469 4738 1759 4795 diaconum.

240 4808 497 4877 martyres
534 4812 582 4861 hi
630 4808 872 4863 decollati
921 4821 1039 4863 sunt
1087 4811 1251 4877 pridie
1294 4821 1566 4877 antequam
1611 4811 1762 4877 Sym-

243 4876 579 4955 pltriittiusjn
612 4881 726 4955 igne
747 4883 1011 4955 _.~piiiti_ttti_
1026 4876 1243 4932 reddidit
1267 4920 1282 4943 ,
1320 4889 1379 4955 ut
1409 4876 1663 4955 scriptum
1686 4888 1763 4955 est

238 4946 296 4996 in
324 4947 464 5015 Actis
514 4947 760 5013 Stephani
788 4946 934 5014 apud
981 4948 1099 5015 Sur.
1153 4959 1275 5000 tom.
1319 4946 1401 4999 IV.
1432 4947 1762 5015 Sympbrouii

241 5013 433 5083 natalis
466 5015 541 5065 vel
593 5032 709 5068 xm
755 5017 834 5068 vel
864 5031 1015 5067 1xvn
1041 5014 1156 5067 Julii
1191 5019 1241 5068 in
1266 5013 1641 5083 Martyrdlogiis
1670 5031 1760 5068 ce-

244 5082 503 5152 lehratur;
551 5083 635 5135 die
680 5084 830 5152 igitur
876 5086 1196 5151 praecedente
1237 5087 1300 5137 de
1340 5082 1580 5138 Nemesio
1610 5100 1765 5152 agen-

240 5148 369 5219 dutn
417 5151 633 5203 videtur.
689 5148 1033 5215 Quamobrem
1084 5166 1207 5219 ergo
1254 5154 1302 5204 ili
1345 5156 1405 5203 ad
1452 5154 1588 5207 hunc
1628 5148 1761 5206 diem

243 5216 561 5288 inferuntur,
597 5222 850 5274 incertum
881 5223 1102 5274 videtur.
1146 5216 1401 5274 baronius
1433 5223 1479 5272 in
1515 5223 1764 5288 Martyro-

241 5285 509 5355 logioidie
546 5304 557 5340 l
603 5289 785 5341 Octob.
834 5290 1005 5355 prodit
1047 5293 1139 5340 bos
1181 5288 1336 5343 fuisse
1365 5285 1761 5341 decollatos'vut

243 5353 364 5429 Kal.
392 5354 655 5421 Septemb.
684 5358 737 5410 Si
763 5353 889 5429 vero
926 5372 1015 5409 vttt
1045 5357 1157 5429 Kal.
1187 5360 1401 5429 Augusti
1426 5360 1757 5429 assignasset,

246 5423 435 5484 multo,
469 5436 522 5477 ut
573 5428 698 5480 mihi
728 5424 929 5479 videtur
949 5466 963 5488 ,
993 5427 1182 5479 rectius
1214 5423 1440 5479 fecisset.
1492 5423 1764 5479 Celebran-

247 5499 333 5539 tur
362 5502 531 5545 autent
556 5494 604 5545 hi
629 5510 748 5547 xxxi
773 5496 857 5547 dic
886 5494 1069 5546 Uetob.
1101 5496 1237 5561 quod
1269 5511 1382 5547 cum
1414 5505 1559 5545 antra
1586 5510 1763 5547 eorum

244 5570 520 5635 corpora‘a
554 5566 701 5635 beato
727 5564 993 5635 Stephano
1023 5564 1229 5635 sepulta
1246 5573 1438 5622 essent,
1470 5578 1497 5612 a
1530 5563 1583 5635 ll.
1618 5562 1764 5616 Sixto

247 5630 331 5677 \ia
357 5630 518 5693 Appia
542 5644 601 5682 ea
629 5631 712 5683 die
763 5633 1027 5683 ltoiiestius
1074 5634 1352 5694 tumulata,
1382 5642 1429 5682 et
1452 5646 1479 5681 a
1513 5632 1763 5697 Gregorio

247 5699 445 5760 Qumlu
474 5701 523 5752 in
554 5698 839 5754 diaconi-ant
872 5702 927 5755 S.
954 5700 1125 5755 Maria:
1166 5700 1319 5756 Non:
1352 5700 1595 5755 irathlalu
1623 5712 1758 5766 sum,

1850 1885 2129 1935 'l‘hcoilulo.
2172 1881 2297 1945 om»;
2324 1894 2612 1933 sanctorum
2643 1881 2856 1947 corpo'ra
2888 1922 2902 1944 ,
2934 1884 3182 1948 Gregorio
3214 1881 3349 1944 Xlll,

1840 1966 2043 2002 summo
2075 1951 2333 2017 pontiﬁce,
2367 1951 2549 2002 ibidem
2582 1950 2809 2011 iuventa,
2832 1954 2926 2002 sub
2951 1952 3098 2002 altari
3124 1951 3353 2013 ejusdem

1840 2020 2073 2071 coclcsia:
2118 2018 2541 2071 lionoriliceutius
2580 2018 2829 2069 collocata
2869 2026 2990 2071 sunt
3019 2033 3066 2069 vr
3109 2018 3224 2069 ldus
3255 2018 3353 2068 De-

1839 2088 2006 2138 cemh.

1912 2163 1933 2190 ο
1980 2153 2259 2205 Valeriano.
2293 2154 2379 2206 Sc.
2424 2168 2559 2205 anno
2602 2153 2790 2205 Christi
2824 2152 2902 2206 vel
2929 2152 3066 2217 254,
3106 2154 3185 2205 vel
3220 2152 3357 2211 “255;

1844 2224 2093 2274 ambobus
2138 2226 2272 2274 enim
2318 2223 2458 2274 hisce
2503 2224 2650 2275 annis
2684 2221 2989 2275 Valerianus
3017 2232 3071 2274 et
3096 2220 3358 2273 Gallienus

1842 2291 2158 2341 consulatum
2183 2304 2411 2355 gessere.

1910 2358 1931 2391 δ
1964 2356 2205 2407 Lucania.
2240 2358 2290 2407 lu
2339 2357 2567 2408 l’oleutia
2596 2356 2819 2408 civitate.
2848 2355 3060 2409 Hieron.
3092 2356 3357 2422 Martyrol.

1912 2435 1934 2461 ⁸
1969 2424 2169 2479 Felicis.
2204 2425 2264 2476 Ili
2295 2440 2474 2476 omnes
2502 2426 2637 2489 Cord
2661 2427 2755 2476 ibat:
2786 2424 2919 2486 passi
2948 2435 3066 2476 sunt
3092 2429 3141 2474 in
3176 2425 3361 2486 Hispa-

1844 2494 1947 2545 nia.
1981 2494 2170 2545 Liliosa
2199 2494 2293 2545 fuit
2322 2492 2422 2545 ﬁlia
2455 2493 2656 2553 Felicis,
2681 2501 2734 2543 ιιι
2761 2492 2961 2544 Natalia
2990 2508 3120 2544 uxor
3142 2492 3358 2544 Aurelii.

1842 2560 2090 2627 Georgius
2116 2562 2165 2613 in
2198 2570 2333 2613 terra
2367 2561 2747 2613 Bethleemiiica
2779 2566 2945 2611 Ortum
2981 2558 3175 2618 habuit,
3210 2570 3257 2610 et
3286 2557 3356 2610 ‘23

1843 2633 1989 2679 annis
2018 2628 2150 2693 apud
2194 2629 2560 2681 monasterium
2604 2629 2663 2681 S.
2687 2629 2843 2681 Saba
2865 2628 2961 2679 sub
3002 2629 3222 2694 regulari
3254 2641 3362 2677 ma-

1844 2698 2052 2762 gisterio
2098 2703 2435 2749 conversatus
2478 2705 2576 2748 est.
2608 2697 2703 2758 Qui
2748 2699 2811 2748 ab
2856 2697 3040 2747 abbate
3088 2695 3251 2746 David
3295 2696 3361 2744 ob

1843 2764 2153 2829 stipendium
2200 2763 2564 2816 monachorum
2597 2764 2644 2815 in
2689 2764 2909 2815 Africam
2954 2762 3201 2824 directus,
3246 2763 3364 2814 inde

1849 2834 1900 2884 in
1935 2833 2228 2899 Hispaniam
2259 2831 2459 2884 hortatu
2490 2832 2907 2899 Cartliagincnsis
2944 2832 3169 2897 episcopi
3216 2830 3367 2895 proli-

1845 2896 2078 2962 cisi-itur,
2109 2902 2194 2951 ubi
2224 2915 2338 2951 cum
2365 2899 2473 2951 suis
2502 2898 2642 2951 hisce
2670 2896 2744 2965 sc:
2769 2900 2801 2931 ’ί
2825 2896 3154 2965 ῖξίῖητῐγτὶυηι
3186 2912 3367 2964 passus

1844 2978 1949 3026 est;
1983 2957 2098 3019 nam
2126 2982 2241 3020 cum
2280 2970 2387 3033 ipse
2412 2969 2629 3019 diversis
2658 2957 2876 3018 stiuitidﬂ
2905 2957 3361 3025 laceratus,'calci-

1847 3038 1940 3087 bus
1972 3037 2256 3101 pugnisque
2284 3036 2561 3086 Satellitum
2587 3036 2921 3086 acerbissime
2948 3034 3249 3085 vulneratus
3270 3048 3358 3101 es-

1847 3113 1954 3166 sct;
1982 3100 2272 3156 et'Natalia:
2319 3104 2481 3156 avulsi
2525 3104 2708 3168 capitis
2751 3103 2951 3167 capilli,
2982 3112 3029 3152 et
3074 3100 3363 3153 immaniter

1851 3188 2057 3241 quoque
2100 3173 2281 3239 pugnis
2308 3171 2612 3241 crederetur,
2644 3171 2859 3233 primum
2906 3169 3146 3241 Felicem,
3179 3170 3365 3241 deinde

1851 3238 2148 3306 Georgium,
2180 3250 2355 3303 postea
2384 3239 2643 3302 Liliosatn,
2676 3250 2827 3299 atque
2856 3238 2919 3289 ad
2950 3239 3233 3305 extremum
3264 3238 3366 3287 Au-

1849 3310 2029 3361 relium
2057 3317 2111 3359 et
2152 3308 2404 3360 Nataliam
2435 3307 2600 3371 gladio
2631 3314 2980 3372 peremerunt.
3009 3306 3198 3369 Sontes
3242 3316 3366 3355 toin.

1850 3375 1933 3427 ιν.
1966 3377 2037 3427 De
2069 3376 2145 3427 his
2184 3378 2315 3437 apud
2359 3376 2633 3426 Baronium
2665 3376 2829 3440 agitur
2862 3388 3001 3427 xxvrt
3031 3375 3177 3436 Julii,
3220 3383 3367 3439 prout

1850 3451 1903 3495 et
1929 3444 1977 3493 in
2009 3445 2193 3495 tabulis
2226 3442 2466 3495 Ecclesia:
2489 3443 2857 3494 Cordubensis.

1925 3510 1941 3547 ί
1979 3512 2205 3579 Sulpitii.
2238 3511 2311 3563 De
2342 3512 2435 3563 hac
2479 3511 2813 3562 translatione
2843 3510 2915 3579 sic
2946 3511 3123 3579 scribit
3171 3509 3373 3579 Bollane

1852 3578 1949 3630 dus
1976 3581 2027 3631 in
2056 3577 2274 3642 Sulpitio
2320 3580 2406 3631 l’io
2434 3581 2678 3645 episcopo
2707 3578 3005 3630 Bituricensi
3036 3578 3119 3629 die
3151 3591 3254 3626 xvii
3281 3577 3369 3645 ._la-

1852 3651 2016 3700 nuarii
2045 3665 2056 3698 :
2089 3665 2106 3696 ί
2140 3652 2203 3700 At
2232 3663 2430 3701 rursum
2471 3643 2625 3698 ixvu’
2648 3647 2859 3714 Augusti
2899 3646 3225 3714 Carthusiaui
3267 3643 3367 3714 Co-

1856 3717 1957 3766 lon.
1996 3718 2044 3767 in
2088 3718 2330 3769 Auctirio
2360 3717 2421 3767 ad
2467 3715 2781 3775 Usumdum,
2821 3716 3044 3766 Bellinus
3089 3716 3153 3765 de
3205 3713 3371 3764 Padua

1852 3784 1977 3834 edit.
2027 3783 2187 3835 Paris.
2216 3800 2301 3835 an.
2335 3782 2495 3843 1521,
2542 3782 2804 3848 Martyrol.
2846 3783 3236 3839 Germanicum,
3277 3780 3372 3848 ista

1856 3852 2082 3904 habent:
2116 3853 2364 3904 Bituricas
2401 3852 2606 3904 civita'e
2649 3846 2910 3903 translatio
2941 3852 2994 3903 5.
3021 3850 3223 3913 Sulpitii
3254 3846 3369 3909 epi-

1856 3922 1998 3986 sc0pi
2045 3932 2097 3973 et
2138 3920 2464 3973 conlessoris.
2497 3936 2515 3969 ι
2566 3919 2811 3985 Ejusdem
2861 3918 3143 3971 meminere
3182 3931 3244 3968 eo
3287 3916 3369 3967 die

1855 3990 2086 4054 qusedatu
2120 4003 2243 4041 Iuss.
2269 4000 2318 4039 et
2344 3988 2628 4041 Saussaius.

1927 4065 1949 4099 ϐ
1983 4055 2202 4107 Cwsarii.
2235 4058 2303 4107 De
2335 4059 2431 4107 hoc
2458 4055 2571 4107 vide
2602 4058 2647 4106 in
2678 4064 2931 4107 commate
2961 4054 3297 4121 praecedente.

1926 4121 1952 4157 ιι
1984 4126 2121 4191 Agri.
2150 4124 2322 4175 Potius
2352 4123 2879 4191 Siagrii.Scr.bit_ile
2908 4137 2970 4173 eo
2994 4124 3147 4187 llreg.
3178 4121 3347 4191 Tyron

1859 4194 1927 4243 lib
1967 4187 2042 4244 de'
2075 4201 2203 4259 gest.
2236 4187 2515 4252 Frauc.,_v,
2546 4190 2606 4251 ὃς
2642 4205 2716 4253 ix,
2742 4188 2810 4240 ‘25
2834 4199 2885 4241 et
2925 4192 3009 4259 4i.
3038 4199 3088 4259 et
3122 4204 3175 4251 ι,
3205 4187 3293 4259 ἓξ,
3320 4199 3373 4239 ct

1860 4260 1909 4312 in
1942 4261 2053 4325 ejus
2082 4256 2224 4329 illist.
2269 4260 2454 4312 Franc.
2500 4260 2753 4329 Epitome,
2780 4273 2914 4329 cap.
2943 4258 3029 4312 89.
3063 4258 3173 4329 Ado
3219 4256 3374 4307 Vicu-

1860 4330 2032 4380 neusis
2059 4329 2105 4380 iu
2137 4328 2308 4381 Chron
2357 4344 2491 4380 anno
2518 4328 2616 4379 .375
2644 4326 2867 4393 appellat
2894 4343 3011 4379 eum
3042 4327 3207 4377 virum
3235 4339 3372 4375 sutu-

1862 4412 1957 4447 mre
1976 4398 2277 4460 sanctitatis,
2294 4399 2633 4461 eamdemque
2655 4392 2869 4446 leSlalttr
2892 4392 3185 4447 interfuisse
3208 4394 3372 4459 primo

1790 4442 1835 4498 Ι)
1863 4442 3291 4527 salaria:agisagis};{."is'a‘veiasiinaEaIsaia.
3316 4462 3373 4511 δ.

1865 4531 2094 4597 Gaegorii
2128 4548 2291 4600 papaz,
2316 4532 2461 4598 Cujus
2489 4531 2552 4585 ad
2578 4534 2817 4584 eumdem
2848 4541 3052 4583 exstant
3080 4532 3253 4594 plures
3276 4532 3379 4600 epi-

1863 4602 2027 4652 stulte.
2059 4602 2172 4667 lpse
2194 4598 2367 4654 autem
2404 4603 2614 4652 llmnam
2646 4602 2807 4660 Venit,
2835 4600 3237 4664 siiliscripsitque
3269 4598 3374 4661 pri-

1864 4669 2049 4735 v‘.lcgio
2078 4666 2328 4722 Concesso
2363 4670 2602 4721 Ecclesiae
2633 4668 2686 4720 5.
2713 4667 2959 4729 llledardi,
2992 4666 3269 4719 iniictione
3290 4680 3382 4713 un-

1862 4738 2078 4800 decima,
2110 4752 2245 4791 anno
2275 4740 2396 4801 593,
2427 4753 2538 4803 quae
2568 4739 2774 4789 circiter
2819 4747 3048 4801 tempora
3079 4736 3267 4786 obiisse
3296 4748 3372 4784 vr-

1861 4808 2027 4857 detur.

1935 4874 1949 4908 ί
2000 4874 2185 4940 [inp/ri.
2234 4876 2399 4928 Rufus
2452 4888 2565 4925 cum
2618 4883 2758 4940 esset
2811 4873 3036 4939 patricia:
3079 4870 3376 4939 dignitatis,

1862 4945 2171 5008 Apollin'ris
2201 4947 2469 5010 episc0pus
2496 4944 2550 4994 S.
2580 4939 2717 4993 Petri
2746 4942 3031 5009 discipulus
3080 4942 3232 4991 libant
3264 4942 3380 5003 ejus

1861 5026 1888 5062 a
1923 5016 2134 5063 mortuis
2174 5013 2459 5073 suscitavit,
2490 5013 2759 5076 ipsumque
2789 5013 2839 5062 in
2875 5012 2971 5061 fide
3000 5010 3174 5060 docuit
3202 5019 3251 5060 et
3283 5010 3376 5059 ba-

1864 5083 2069 5146 ptizavit
2099 5097 2194 5132 una
2230 5096 2344 5133 cum
2378 5083 2477 5132 lilia
2518 5090 2569 5131 et
2613 5092 2772 5131 uxore
2799 5086 2848 5131 et
2880 5077 3070 5129 familia
3100 5077 3377 5144 promiscui

1861 5164 2015 5201 sexus
2042 5164 2257 5202 numero
2282 5150 2399 5212 524,
2426 5158 2481 5200 ut
2503 5147 2749 5212 scriptum
2773 5157 2847 5199 est
2881 5147 2930 5197 in
2960 5149 3199 5199 Passione
3222 5148 3379 5207 Apol-

1863 5218 2039 5269 Iinaris
2067 5220 2199 5283 apud
2240 5218 2441 5271 Surinm
2474 5228 2599 5267 tom.
2626 5214 2709 5267 IV.
2738 5215 2882 5279 Quod
2914 5216 3047 5268 Nero
3073 5216 3243 5267 Caesar
3286 5228 3383 5263 au-

1863 5288 2029 5345 diens,
2062 5287 2225 5353 ipsum
2250 5302 2277 5337 a
2305 5288 2490 5338 ducatu
2521 5286 2778 5337 Ravennae
2805 5286 3040 5335 absolvit.
3061 5284 3189 5335 Cutu
3213 5293 3385 5353 autem

1863 5354 2025 5406 llul'us
2071 5352 2293 5409 venisset
2338 5355 2582 5421 Capuam,
2626 5364 2795 5404 tentus
2838 5368 2867 5405 a
2913 5353 3102 5404 vicario
3155 5352 3389 5419 praefecti

1864 5424 2157 5487 Mes~alino,
2190 5424 2351 5476 noluit
2379 5426 2669 5477 sacrifieare
2698 5432 2747 5475 ct
2775 5421 3057 5475 decollatus
3091 5432 3186 5474 est.
3224 5423 3383 5472 l'x'rn.

1864 5506 1925 5543 ur:
1954 5490 2150 5545 NATAL.

1934 5560 1946 5608 i
1993 5559 2255 5613 "armetis.
2290 5562 2436 5614 Hunc
2484 5560 2567 5627 qui
2619 5560 2712 5610 fuit
2760 5559 3030 5626 praefectus
3068 5557 3240 5617 Urbis,
3273 5570 3387 5607 cum

1866 5645 2045 5690 uxore,
2078 5645 2257 5681 sorore
2300 5640 2351 5680 et
2392 5632 2505 5680 liliis
2539 5631 2809 5694 baptizavit
2848 5630 2903 5679 S.
2942 5627 3233 5679 Alexander
3268 5642 3389 5689 poi:-

1866 5699 1927 5752 til’
1958 5716 1986 5752 .\
2039 5704 2330 5764 llotnanus;
2378 5715 2478 5767 quo
2522 5710 2749 5767 Cognito,
2796 5694 3101 5751 Aurelianus
3140 5710 3315 5749 comes
3357 5710 3383 5743 λι
