3898 6322
174 504 199 554 ﬁ
220 506 333 560 033

1276 498 1465 551 SECT.
1510 495 1571 545 Il.
1615 520 1677 531 —-
1714 478 2254 539 \IARTVROLOGEA.

3234 466 3363 519 ιοδι

1402 583 1620 637 EDITIO
1656 570 2116 632 COLONIENSIS.

169 692 498 743 puerorum,
563 676 752 735 Rufini.
804 676 1011 745 Sylvani
1059 683 1110 727 et
1168 673 1419 724 Vitalicai.
1477 671 1727 721 (Ialiilone
1754 671 1798 724 Α
1832 664 1964 715 uiuat
1995 659 2133 709 urbis
2158 651 2632 745 atlijiiscittir._|tt_t|c
2663 650 2992 745 Ρο-εῑηιξξάηξη
3014 649 3107 699 sub
3134 649 3358 745 ίξξιβίετίν

176 767 372 817 natale
401 768 563 817 sancti
607 765 859 828 Marcelli,
888 765 974 831 qui
1010 764 1103 816 sub
1134 763 1393 815 Antonino
1422 761 1730 824 imperatore

172 869 294 916 per
345 856 575 909 Priscum
610 855 883 921 prtesidem
936 867 1139 918 passus,
1196 854 1331 903 hunc
1382 849 1733 901 itnmnliutetn

175 943 219 990 cl
239 946 307 995 Lis
335 944 445 995 suis
471 944 705 995 incurrit.
739 942 970 1005 Cumque
997 942 1060 990 ab
1089 955 1153 992 eo
1182 940 1243 990 ad
1276 938 1568 989 convivium
1608 948 1731 999 pro-

184 1029 382 1082 l'anuui
413 1031 587 1082 fuisset
616 1031 880 1093 invitatus,
910 1037 960 1081 et
984 1027 1279 1089 hujusuiotli
1300 1037 1579 1078 exsecrans
1603 1036 1733 1086 epti-

184 1116 501 1175 las,onines
527 1118 611 1181 qui
644 1120 879 1175 aderant,
910 1130 1001 1166 cur
1025 1116 1177 1167 idolis
1202 1112 1546 1168 descrvireut,
1577 1110 1737 1159 libera

194 1203 569 1270 increpatione
598 1205 901 1269 corriperet,
936 1204 1171 1257 inaudito
1211 1202 1529 1253 crudelitatis
1552 1212 1743 1265 genere

180 1291 380 1345 defodi
430 1308 549 1344 eum
589 1293 792 1357 cingqu
843 1303 989 1344 tenus
1036 1300 1267 1344 erectum
1322 1304 1515 1355 praeses
1564 1287 1742 1351 jussit.

188 1383 399 1448 Sicque
428 1391 635 1434 sanctus
666 1383 752 1434 Dei
802 1396 997 1449 martyr
1042 1382 1213 1432 triduo
1263 1381 1313 1431 in
1365 1379 1601 1430 laudibus
1649 1377 1738 1429 Dei

189 1471 581 1531 omnipotentis
610 1485 970 1536 perseverans,
1013 1470 1474 1522 iucontaminatum
1505 1469 1744 1534 spiritum

195 1562 459 1613 reddidit.

278 1651 344 1701 (ἶ.
387 1651 512 1702 Non.
550 1652 815 1705 Serreua.
858 1650 909 1700 Iii
940 1648 1238 1700 suburbano
1268 1645 1449 1698 Roma:
1478 1645 1613 1697 beati
1651 1643 1741 1695 Vi-

190 1739 395 1789 0toriui
426 1740 697 1803 martyris,
730 1738 813 1802 qui
845 1726 966 1787 dum
1008 1735 1327 1787 eremiticam
1375 1731 1529 1782 vitam
1579 1730 1733 1781 duce-

196 1834 310 1885 ret,
347 1827 539 1878 diaboli
572 1826 901 1879 suasionibus
927 1835 1003 1877 est
1036 1825 1229 1890 lapsus,
1259 1822 1347 1875 sed
1395 1836 1486 1887 per
1515 1820 1600 1871 Dei
1634 1831 1750 1885 gra-

202 1915 337 1965 tiam
370 1922 724 1980 recuperatos,
771 1922 822 1965 et
856 1922 1055 1978 postea,
1082 1910 1428 1963 sacerdotium
1482 1908 1747 1959 Aminter-

1834 760 1948 803 tore
1974 747 2159 799 Nerva.
2194 757 2308 793 cum
2343 740 2459 791 aliis
2488 739 2572 789 Dei
2601 737 2785 801 scivis,
2839 736 3018 789 Eutice
3046 747 3097 788 et
3140 737 3362 789 Mai-mm,

1836 838 1901 888 ab
1928 836 2206 889 Aureliano
2250 832 2422 897 judice
2455 832 2620 893 primo
2652 828 2909 895 relegatur
2941 827 3077 891 apud
3123 842 3241 879 cum
3291 829 3365 879 lo-

1837 940 1975 984 cum,
2008 923 2091 974 tibi
2124 930 2361 987 putt-rites
2392 932 2535 983 aqua:
2563 928 2613 967 et
2660 916 2955 981 sulpliurcte
2987 926 3270 969 emanant:
3320 919 3369 969 in

1840 1014 1963 1079 ipsis
1982 1012 2149 1077 capite
2178 1011 2417 1061 deorsum
2448 1022 2537 1071 per
2565 1014 2671 1058 tres
2701 1004 2856 1055 horas
2884 1005 3133 1070 sttSpendi
3160 1005 3355 1070 jUSSUs,

1840 1114 1891 1154 et
1920 1102 2079 1153 teneri
2124 1101 2188 1152 al)
2217 1099 2373 1163 impio
2412 1097 2581 1163 judice
2612 1099 2780 1158 jussus
2808 1104 2903 1146 est.
2937 1094 3083 1158 Quod
3116 1110 3231 1147 cum
3276 1111 3371 1162 per

1844 1192 2067 1243 biduum
2102 1204 2191 1254 pro
2218 1188 2423 1239 nomine
2464 1187 2653 1237 (lbristi
2686 1199 2865 1251 passus
2906 1186 3111 1246 fuisset,
3142 1186 3367 1252 gloriose

1844 1288 2117 1335 coronatus
2148 1279 2310 1329 victor
2340 1278 2574 1343 migravit
2606 1276 2666 1325 ad
2719 1275 3009 1327 Dominum.
3058 1274 3217 1340 Cujus
3248 1290 3368 1328 cor-

1848 1386 1940 1437 pus
1968 1369 2389 1421 Amiutcrneuses
2404 1366 2575 1428 populi
2606 1366 2886 1431 rapientes,
2913 1365 3251 1416 lionorilicata
3283 1380 3366 1418 se-

1849 1458 2053 1525 pultura
2084 1456 2449 1507 condiderunt.
2503 1454 2679 1502 Romae
2712 1452 2876 1504 sancti
2909 1452 3201 1504 llerculiatii
3235 1470 3372 1505 mar-

1850 1548 1996 1613 tyris.
2043 1546 2232 1609 Capum
2265 1553 2561 1593 sanctorum
2605 1540 2797 1605 Quinti,
2834 1541 3062 1594 Arcoiitii
3090 1554 3139 1595 et
3173 1545 3379 1606 Donati,

1850 1633 2081 1694 Taurini,
2136 1632 2300 1695 Nitnpi
2354 1639 2405 1679 et
2454 1628 2738 1689 Saturnini,
2779 1639 2832 1680 et
2880 1628 3136 1694 depositio
3183 1632 3375 1699 Ingenii

1850 1722 2101 1788 episcopi.

1924 1811 1982 1862 D.
2028 1809 2131 1859 VIII
2171 1808 2284 1859 Inus
2339 1806 2604 1857 Stzrrmis.
2659 1805 2923 1857 Zacharia:
2981 1806 3267 1872 propltetm.
3323 1805 3387 1859 Et

1853 1899 2024 1950 natale
2069 1896 2206 1947 beati
2248 1893 2578 1957 Diiesiphori,
2611 1893 2963 1957 apostolorum
3014 1893 3273 1960 discipuli,
3315 1896 3382 1947 de

1424 2017 1647 2069 EDITIO
1687 2002 2174 2064 ΒΟΙᾸΛΝΒΙΑΝΑ.

286 2107 476 2161 Florus
506 2108 555 2161 in
594 2112 655 2161 A.
682 2109 742 2161 Τ.
774 2108 830 2161 L.
860 2126 871 2158 :
904 2109 956 2160 lii
994 2106 1182 2168 Callia,
1230 2106 1439 2157 civitate
1480 2102 1753 2156 Cavalonis
1788 2103 1830 2159 Β
1860 2096 1978 2145 tiam
2010 2092 2104 2143 sub
2136 2088 2354 2156 prxside
2395 2087 2650 2153 Crispino.
2698 2086 2890 2141 Eodem
2923 2087 3007 2140 die
3038 2090 3293 2155 depasitio
3322 2096 3379 2148 S.

208 2203 393 2254 natale
437 2202 491 2255 S.
534 2210 556 2235 ιι
595 2203 820 2254 Marcelli
880 2203 1120 2269 martyris
1147 2242 1159 2261 ,
1220 2201 1302 2267 qui
1353 2200 1629 2251 virtutibus
1668 2212 1755 2249 co-

214 2305 445 2343 ruscans
472 2300 522 2342 et
550 2290 600 2343 in
636 2289 963 2343 conlcssione
1012 2289 1212 2340 Domini
1261 2295 1556 2339 constanter
1584 2300 1756 2351 perse-

214 2392 438 2440 verans,
469 2385 702 2443 tempore
740 2378 983 2429 Antonini
1015 2378 1111 2429 sub
1141 2377 1321 2427 Prisco
1366 2374 1604 2439 praiside,
1646 2388 1755 2425 me-

213 2464 343 2515 dius
374 2466 423 2516 in
456 2475 590 2517 terra
632 2466 799 2518 fossus
830 2464 1213 2516 consummavit
1239 2462 1566 2531 martyrium.

299 2554 357 2605 Β.
394 2554 455 2607 V.
488 2554 546 2605 Τ.
584 2554 645 2607 L.
676 2555 736 2605 (ἶ.
765 2572 775 2606 :
804 2554 979 2605 Roma!
1025 2554 1101 2603 via
1151 2552 1352 2606 Salaria
1399 2549 1653 2607 depositio
1695 2548 1751 2601 8.

218 2620 248 2656 b
280 2622 531 2673 ltonil‘aeii
558 2624 808 2685 episcopi.
861 2624 941 2685 8.,
984 2622 1104 2673 Item
1147 2622 1341 2679 Itonia»,
1371 2621 1426 2671 Β.
1458 2616 1519 2672 C.
1552 2619 1633 2675 V..
1679 2616 1751 2667 Ad

224 2688 287 2741 S.
325 2689 667 2748 Felicitatem,
710 2692 894 2754 Magni,
936 2691 1095 2749 Casti,
1142 2687 1429 2741 Saturnini.
1463 2688 1545 2745 D.,
1592 2686 1751 2750 Moysi

225 2759 520 2821 propheta'.
553 2760 699 2821 Apud
731 2763 983 2821 Ancyram
1015 2757 1226 2806 Galatia).
1256 2759 1422 2805 natale
1455 2762 1752 2821 sanctorum

232 2818 520 2889 inartyrum
550 2818 700 2875 trium
728 2818 999 2886 puer—orum
1032 2824 1217 2881 ltuliui,
1255 2820 1449 2875 Silvani
1489 2831 1541 2871 et
1574 2818 1752 2889 Vitali-

223 2905 330 2943 επ.
356 2888 436 2955 8.,
457 2889 763 2945 Cavellionis
788 2894 955 2952 passio
978 2893 1034 2944 S.
1062 2892 1286 2943 Marcelli
1308 2889 1555 2957 episc0pi.
1575 2888 1754 2940 Trevi—

222 2961 301 3012 ris
332 2962 504 3012 natale
528 2960 583 3013 S.
611 2972 631 2996 ε
658 2961 851 3012 Paulini
882 2960 1131 3023 episcopi.

297 3046 351 3097 5.
377 3077 441 3085 -
461 3048 635 3101 Nurus.
667 3048 823 3101 Vacat
848 3049 1017 3101 Baeda.

300 3134 485 3187 Florus
529 3136 579 3187 in
628 3139 689 3188 A.
721 3146 771 3186 et
798 3136 858 3187 T.
888 3154 901 3187 :
930 3138 982 3187 lit
1016 3135 1290 3188 Viennensi
1336 3136 1544 3190 civitate
1590 3134 1759 3199 passio

217 3224 278 3275 S.
308 3227 334 3265 ιι
359 3223 547 3275 Ferioli
593 3226 834 3291 martyris
862 3223 943 3289 qui
987 3224 1255 3289 gladialcm
1284 3225 1511 3289 suscepit
1548 3231 1759 3275 senten-

610 3304 615 3323 .l

1864 2189 1885 2214 ο
1910 2181 2097 2234 Dertiui
2123 2178 2433 2231 confessoris
2459 2187 2510 2230 et
2532 2178 2792 2235 monachi,
2823 2180 2908 2246 qui
2934 2179 2982 2230 in
3014 2181 3200 2233 divinis
3228 2187 3379 2237 rebus

1861 2269 2085 2334 prudens
2118 2275 2168 2319 et
2218 2266 2265 2317 iti
2300 2266 2448 2317 malis
2501 2266 2716 2332 simplex
2764 2268 3041 2320 virtutibus
3084 2271 3269 2325 claruit
3300 2275 3381 2326 di-

1860 2372 2010 2411 ιιηις.

1930 2471 1987 2522 ν,
2021 2470 2105 2530 0.,
2157 2469 2208 2521 In
2255 2477 2402 2534 portu
2453 2467 2684 2519 Romano
2729 2469 2923 2531 Quinti.
2969 2470 3201 2535 Taurini,
3252 2478 3383 2530 Are-

1860 2541 2009 2598 stosi,
2039 2538 2237 2597 Donati,
2275 2538 2559 2595 Satttrnini,
2591 2537 2815 2601 Ingenui.
2866 2539 2942 2599 Il.,
2978 2542 3156 2592 Itomm
3200 2548 3385 2597 natalis

1861 2607 1955 2658 SS.
1981 2608 2191 2657 Taurini
2239 2616 2291 2655 et
2337 2606 2621 2657 Saturnini.
2658 2609 2739 2663 ιι.,
2776 2607 2952 2655 Itonia:
2983 2608 3062 2668 8.,
3092 2609 3108 2644 τ
3141 2611 3384 2665 Victorini

1867 2676 2147 2742 martyris:
2175 2674 2380 2742 fuerunt
2422 2681 2591 2721 autem
2624 2674 2729 2742 duo
2769 2672 2952 2742 fratres
3004 2675 3295 2729 Victorinus
3334 2695 3388 2733 ei.

1858 2741 2159 2812 Severinus.
2196 2746 2278 2797 Α..
2311 2741 2769 2812 εἰοιιιτίιέίθριιςὶιὶο
2791 2748 2813 2784 8
2846 2741 3088 2812 Bonifacii
3131 2750 3381 2812 episcopi.

1862 2810 1945 2869 L..
1977 2810 2029 2859 Iit
2062 2810 2253 2860 Vienna
2287 2810 2457 2872 passio
2495 2807 2550 2860 S.
2600 2810 2805 2872 Ingenui
2854 2810 3108 2877 episcopi.
3149 2815 3209 2863 Α.
3232 2807 3385 2867 ⁸Ι“.ἰ,.

1864 2880 1946 2938 IL,
1981 2878 2033 2929 In
2064 2878 2237 2941 Capua
2268 2876 2562 2937 Campania:
2596 2878 2762 2928 natale
2804 2876 3099 2931 sanctorum
3130 2881 3303 2944 Quinti
3334 2896 3385 2935 et

1864 2948 2063 2998 Donati.
2099 2946 2155 2997 Β.
2184 2945 2461 3009 interponit
2488 2946 2708 2995 Arconti.

1930 3056 1984 3108 (i.
2010 3081 2079 3094 -—
2106 3053 2211 3104 VIII
2245 3053 2378 3105 Inus.
2410 3052 2673 3103 Zachariae
2704 3053 2988 3119 proplictm.

1935 3152 2153 3223 Ponitur
2176 3151 2499 3223 ultimowloco
2544 3151 2593 3203 in
2639 3152 2697 3223 T.
2738 3153 2903 3223 et_L.,
2937 3162 3163 3207 secundo
3212 3156 3261 3209 in
3300 3160 3389 3223 A.,

1868 3221 1989 3273 alibi
2024 3223 2207 3287 primo.
2243 3222 2325 3284 l).,
2358 3222 2421 3271 Et
2460 3223 2629 3273 natale
2658 3222 2711 3273 S.
2737 3218 2761 3254 ll
2784 3221 3095 3290 Oncsipliori
3127 3218 3394 3293 apostolo;

1584 3308 1781 3361 SMITII
1822 3308 2040 3367 NOTAE.

222 3400 344 3451 leiaa
372 3412 486 3450 cum
517 3397 796 3458 Dorotliea,
825 3396 1013 3449 Thecla
1045 3406 1094 3449 et
1140 3396 1371 3459 Era‘sina,
1411 3397 1506 3447 sub
1551 3395 1754 3447 Nerone
1784 3398 1824 3453 Β
1859 3396 1993 3461 regis
2018 3411 2101 3447 an.
2136 3395 2210 3445 I5.
2242 3394 2371 3445 Vide
2405 3395 2566 3445 Vitam
2607 3394 2717 3459 ejus
2763 3395 2951 3446 editam
2984 3396 3117 3461 apud
3150 3396 3382 3449 Mabillo-

221 3476 347 3534 post
376 3466 532 3517 multa
572 3466 821 3529 supplicia
866 3466 1035 3530 gladio
1079 3480 1211 3515 czesa
1243 3474 1339 3524 est,
1382 3474 1434 3515 et
1477 3480 1504 3514 a
1532 3465 1585 3517 S.
1619 3462 1753 3534 Her-

221 3532 438 3600 iuagora
466 3538 684 3596 sepulta.
715 3534 813 3584 Sed
846 3548 908 3582 an
942 3534 1050 3591 illa,
1082 3534 1227 3597 cujus
1260 3534 1353 3584 lioc
1379 3534 1491 3583 loco
1519 3532 1753 3582 memini-

221 3618 345 3655 iuus
374 3603 441 3654 sit
470 3604 796 3670 eadenrcntn
829 3600 943 3661 hac,
976 3613 1038 3649 an
1068 3614 1182 3670 cum
1211 3616 1267 3652 ea
1298 3600 1606 3670 qmesimnl
1640 3614 1754 3649 cum

221 3670 420 3725 Siricio
448 3679 497 3721 et
531 3668 772 3720 Aristone
804 3683 948 3731 passa
980 3678 1077 3723 est.
1111 3668 1361 3719 incertum
1394 3669 1617 3719 videtur.

302 3739 329 3763 ⁸
358 3737 602 3787 Marcelli.
648 3738 717 3788 De
746 3738 839 3788 Iioc
872 3737 987 3787 vide
1012 3736 1241 3797 Surium.
1276 3745 1400 3787 tom.
1438 3736 1497 3796 V,
1519 3746 1571 3788 et
1601 3735 1756 3800 Greg.

224 3806 458 3864 Torum,
490 3820 560 3861 ix,
590 3803 644 3864 3,
676 3818 726 3855 ct
747 3806 810 3855 dc
833 3805 976 3853 Glor.
1014 3812 1187 3863 uiart.,
1222 3801 1307 3851 55.

301 3870 327 3906 δ
359 3869 623 3935 Bonifrtcii.
668 3874 719 3922 tn
762 3874 1061 3923 coemeterio
1110 3872 1322 3923 Maximi
1369 3870 1579 3936 sepulti,
1606 3870 1758 3935 juxta

224 3940 446 4006 llieron.
478 3940 737 4006 Martyrol.

307 4018 329 4042 ε
361 4001 582 4057 Paulini.
610 4001 700 4057 'De
741 4009 835 4057 lioc
867 4006 1005 4067 vide,
1045 4020 1221 4070 supra,
1250 4006 1384 4057 diem
1422 4006 1482 4061 51
1522 4005 1757 4073 AttguSti.

301 4075 328 4111 ά
360 4075 565 4125 Ferioli.
606 4074 728 4127 Sive
760 4074 1127 4137 I’crreoliQui
1158 4088 1272 4125 cum
1316 4083 1454 4124 esset
1484 4074 1762 4125 tribunitize

232 4145 533 4204 potestatis,
561 4143 707 4209 jussu
735 4143 955 4206 Crispini
992 4142 1275 4201 iuipiissinii
1305 4143 1535 4203 ιιι-,ιξειὴιιε
1569 4152 1760 4201 tentiis,

227 4222 289 4265 et
319 4213 487 4276 primo
536 4212 896 4276 crudelissime
942 4211 1262 4269 verberatus,
1293 4211 1479 4259 deinde
1509 4211 1647 4273 gravi
1680 4224 1765 4260 ca-

236 4270 476 4329 teiiarutn
506 4270 734 4341 ptiildere
769 4288 1014 4327 oneratus
1068 4278 1115 4327 iii
1148 4278 1471 4327 teterrimum
1502 4270 1763 4328 carcerem

235 4356 415 4397 trusus
454 4353 565 4405 est,
599 4345 737 4395 uade
768 4344 951 4395 Solutis
986 4346 1071 4394 Dei
1121 4353 1245 4393 uultt
1274 4345 1489 4394 vinculis
1518 4354 1567 4393 et
1592 4344 1766 4408 januis

236 4413 465 4465 carceris
498 4411 767 4475 patefamis
799 4413 999 4467 exiens,
1050 4411 1113 4462 :ib
1159 4412 1549 4477 insequentibus
1582 4424 1763 4462 Ilt‘l’lllll

236 4490 422 4546 captus
452 4492 546 4541 est,
582 4490 632 4531 et
662 4479 894 4545 martyrii
921 4481 1138 4539 palmam
1166 4479 1347 4543 Capitis
1374 4481 1767 4531 obtruncatione

238 4553 498 4615 percepit.
534 4550 682 4599 Baeda
716 4549 880 4613 vulg.,
924 4547 1146 4599 Usuard.
1182 4558 1230 4596 ct
1264 4549 1392 4606 Ado,
1425 4550 1488 4599 de
1523 4564 1585 4597 eo
1614 4559 1770 4611 agunt

246 4620 308 4669 ιδ
339 4618 423 4665 die
456 4616 607 4681 liuius
641 4618 853 4666 mensis.
891 4616 1011 4679 Ejus
1059 4630 1141 4666 res
1170 4626 1340 4677 gestas
1373 4616 1535 4666 elidit
1566 4618 1763 4673 Stti'tus.

241 4695 373 4736 toiii.
405 4683 459 4732 V.
499 4682 570 4733 De
593 4684 707 4745 ejus
748 4682 1081 4733 translatione
1108 4693 1274 4732 exstat
1308 4686 1520 4743 epistola
1572 4685 1765 4733 Sidonii

244 4751 559 4817 Apollinaris
600 4750 662 4798 ad
706 4750 761 4799 S.
810 4749 1135 4817 Mamertuui,
1171 4751 1257 4799 lib.
1284 4765 1389 4817 VVII,
1438 4752 1587 4812 epist.
1630 4756 1672 4802 I.
1704 4752 1774 4800 De

238 4815 349 4868 alia
398 4830 577 4867 rursus
630 4817 762 4866 iacta
795 4815 1130 4867 translatione
1164 4832 1250 4879 per
1280 4816 1612 4867 Wilicarduni
1666 4833 1773 4881 ept-

242 4899 484 4952 Scopuui,
531 4885 714 4937 scribit
743 4884 855 4935 Ado
900 4886 949 4934 in
989 4884 1207 4939 Clirou.,
1262 4899 1399 4935 anno
1430 4887 1546 4935 'lltl.
1601 4885 1670 4935 De
1714 4887 1769 4937 ὃ.

248 4953 479 5005 Ferreoli
532 4966 766 5021 corpore
794 4952 928 5016 apud
974 4953 1219 5021 Viennam
1272 4955 1439 5017 posito
1480 4953 1581 5019 agit
1619 4953 1769 5021 Greg.

245 5021 469 5078 Tttrutt.,
502 5021 589 5069 lib.
624 5023 688 5085 tle
726 5019 901 5071 Mirtic.
926 5022 979 5071 S.
1012 5020 1231 5077 .Itiliait.,
1259 5035 1373 5085 cap.
1406 5023 1455 5071 τὶ..

325 5098 345 5121 ε
369 5087 579 5138 Bertini.
620 5084 716 5137 Hic
745 5104 793 5137 ιιι
822 5090 1138 5140 Constantia:
1182 5084 1368 5139 liuibus
1418 5098 1563 5141 natus
1591 5099 1693 5148 est,
1726 5099 1776 5142 et

246 5162 561 5208 monachum
608 5154 658 5204 in
709 5154 1017 5207 Luxovieusi
1071 5160 1386 5207 monasterio
1432 5160 1530 5207 sub
1588 5159 1773 5209 Eusta-

248 5227 372 5274 rhio
404 5226 664 5289 professus
690 5232 801 5283 est;
830 5237 891 5274 ex
916 5238 1019 5286 quo
1042 5238 1279 5288 egressus
1310 5238 1405 5273 una
1426 5238 1543 5275 cum
1572 5227 1775 5277 duobus

250 5294 529 5343 comitibus
586 5290 921 5340 Muintnolino
962 5299 1014 5341 et
1069 5293 1430 5354 Ebertraiuuo,
1484 5307 1573 5357 per
1620 5304 1776 5343 totam

252 5359 473 5410 Galliam
505 5360 714 5410 verbum
748 5359 1078 5420 prteilicabat,
1120 5370 1171 5409 et
1203 5369 1318 5423 post
1350 5362 1554 5423 lengum
1583 5370 1772 5425 tempo-

254 5432 328 5478 ris
358 5426 682 5478 iutervalluiu
722 5428 775 5478 S.
826 5428 1178 5477 Audoiiiaruui
1222 5427 1635 5479 Tarvenuensetn
1672 5433 1777 5493 cpi.

255 5509 473 5558 scopum
519 5495 661 5554 adiit,
691 5507 742 5545 ut
771 5494 817 5545 ei
863 5493 915 5544 in
948 5498 1272 5558 praidieando
1311 5505 1451 5547 esset
1494 5511 1686 5559 comes,
1718 5506 1769 5549 et

256 5563 327 5613 ab
363 5561 628 5614 Adroaldo
677 5563 875 5626 accepit
903 5563 1070 5613 locum
1099 5565 1233 5627 apud
1264 5564 1429 5615 Sitliiu
1463 5567 1546 5614 tibi
1593 5580 1769 5615 inona—

258 5632 477 5680 sterium
525 5629 825 5688 :edillcarct,
870 5646 1007 5679 anno
1046 5634 1316 5683 undet-into
1357 5632 1635 5682 (Ililodovei
1680 5634 1769 5683 lilii

260 5697 555 5767 Dttgoberli,
585 5697 631 5747 id
664 5709 745 5767 est
769 5698 956 5748 Christi
990 5700 1090 5750 6H
1119 5712 1204 5750 aut
1236 5702 1541 5765 insequenti,
1577 5703 1659 5751 ulti
1687 5715 1770 5751 se-

263 5765 361 5821 ueit
400 5769 522 5819 obiit
550 5780 685 5815 aunt)
714 5765 900 5814 (thristi
942 5767 1062 5826 698,
1110 5770 1425 5820 (ῥμιιιιίυειυιιι
1462 5768 1771 5823 Francorum

664 5856 918 5911 l'A'rtttiL.
972 5854 1178 5913 XCIV.

1860 3466 1929 3514 uii
1960 3476 2081 3515 8:1'0.
2116 3478 2190 3522 tu,
2225 3466 2335 3512 Act.
2378 3463 2501 3513 Ben.
2536 3462 2714 3512 Antius
2752 3477 2874 3514 vero
2902 3466 3111 3528 quintus
3154 3466 3389 3517 decimus

1858 3531 2174 3582 (Iliildeberti
2205 3532 2343 3597 regis
2376 3529 2566 3582 rectius
2596 3532 2834 3580 convenit
2874 3545 2990 3581 cum
3032 3545 3168 3580 anno
3195 3531 3387 3583 Christi

1860 3599 1981 3652 70ft.
2022 3599 2077 3649 S.
2122 3599 2316 3650 Bertini
2356 3598 2629 3649 absmusio
2676 3613 2702 3647 a
2736 3598 2988 3664 Folquino
3017 3600 3207 3649 sarculo
3237 3613 3284 3650 ιι
3313 3599 3389 3649 la-

1859 3678 1937 3718 eta
1970 3668 2270 3718 inscribitur
2300 3681 2398 3716 xvtt
2424 3666 2539 3717 Kal.
2584 3666 2821 3731 Augusti,
2856 3667 3076 3718 elcvatio
3124 3667 3312 3717 saeculo
3338 3682 3389 3719 iit

1860 3735 2117 3786 celebrata
2172 3750 2197 3783 a
2250 3732 2471 3784 Wulone
2539 3734 2854 3783 Rheniornm
2914 3734 3303 3796 archiepiscopo
3340 3750 3388 3786 vt

1862 3804 2031 3854 Nonas
2060 3802 2194 3863 Maii,
2227 3803 2495 3851 translatio
2522 3803 2745 3865 denique
2787 3802 2835 3849 in
2881 3804 3081 3851 thecam
3116 3802 3361 3865 pretiosio

1863 3883 1971 3920 rem
2003 3869 2192 3920 satculo
2225 3882 2335 3927 λιιι,
2372 3884 2459 3933 per
2494 3870 2699 3919 Petrum
2742 3869 3058 3919 Morinorum
3089 3872 3389 3934 epiScopttm

1862 3951 1965 3988 xvii
1993 3938 2104 3988 Kal.
2136 3942 2265 4001 Aug.

1940 4003 1957 4040 ί
1996 4006 2256 4055 Victorini.
2302 4004 2595 4055 Victorinus
2636 4012 2849 4071 martyr,
2877 4003 3021 4068 cujus
3053 4006 3211 4056 frater
3244 4008 3397 4059 fuisse

1866 4074 2143 4125 Severinus
2168 4072 2533 4133 Neapolitanus
2565 4075 2801 4126 traditur.
2836 4074 3126 4123 celebratur
3155 4074 3204 4122 iti
3229 4077 3397 4125 omni-

1869 4146 1961 4191 bus
1990 4140 2369 4206 MartyroIOgiis
2402 4156 2463 4207 xv
2496 4147 2618 4205 Apr.
2644 4140 2705 4188 ad
2738 4143 2907 4201 Aquas
2928 4137 3157 4205 Cutylias
3199 4154 3393 4207 marty-

1868 4210 1945 4260 rio
1983 4218 2279 4265 coronatus,
2306 4206 2440 4271 quod
2471 4220 2587 4258 cum
2639 4208 2729 4258 SS.
2781 4208 2991 4257 Marone
3026 4215 3078 4258 et
3111 4206 3394 4273 Eurycliete

1868 4278 1923 4326 S.
1953 4276 2179 4328 Flaviani
2211 4276 2517 4325 Domitillam
2545 4275 2855 4325 enutiz-oiare
2882 4278 2930 4323 iu
2960 4277 3227 4340 proposito
3251 4286 3397 4327 tuen-

1868 4349 1946 4396 the
1976 4342 2285 4409 virginitatis
2335 4341 2657 4395 crederetur.
2688 4344 2870 4405 .Atqtte
2904 4343 3040 4395 hunc
3086 4344 3396 4395 Amiternini

1869 4414 2152 4465 antistitem
2186 4426 2334 4462 suum
2367 4411 2524 4461 fuisse
2566 4420 2760 4474 putant.
2808 4411 3027 4461 Ilursutn
3060 4427 3088 4460 v
3131 4414 3395 4475 Septemb.

1871 4482 2006 4531 idem
2036 4490 2355 4530 memoratur
2403 4481 2451 4528 in
2484 4479 2853 4544 Martyrologtti
2902 4480 3134 4529 limitatio
3160 4491 3212 4531 et
3258 4481 3395 4539 aliis,

1870 4549 1959 4599 sed
2002 4550 2156 4599 veluti
2207 4548 2465 4607 diversus,
2500 4547 2562 4596 ad
2614 4550 2789 4611 Aquas
2832 4561 3000 4598 tamen
3042 4548 3273 4611 Cutilias
3304 4550 3399 4598 sub

1872 4617 2035 4667 Nerva
2086 4616 2397 4678 imperatore
2438 4613 2758 4674 interfectus,
2805 4630 2920 4665 cum
2966 4624 3105 4666 esset
3144 4617 3397 4664 Amiterni

1803 4700 1847 4754 υ
1876 4685 2167 4754 episcopus.
2207 4683 2327 4754 Atio
2374 4696 2436 4754 eo
2463 4682 2547 4732 die
2569 4683 2814 4754 Severini
2849 4688 3055 4754 lt'atrettt
3090 4692 3266 4754 vorat;
3308 4682 3397 4754 sed

1878 4753 2144 4800 manifeste
2172 4752 2217 4801 ei
2248 4765 2361 4811 qua:
2389 4750 2636 4800 Victorini
2681 4749 2995 4799 confessoris
3036 4761 3152 4799 sunt
3177 4751 3357 4799 tribuit
3385 4767 3396 4805 ;

1875 4819 1991 4868 licet
2021 4819 2206 4869 deinde
2258 4818 2636 4868 Auiiteininutn
2672 4820 2951 4866 antistitem
2983 4829 3211 4867 creatum
3255 4820 3393 4867 velit.

1872 4884 2205 4947 SUSpiCamur
2237 4902 2261 4935 v
2293 4886 2562 4947 Septemb.
2612 4885 2732 4933 oliui
2790 4895 3025 4936 sanctum
3080 4886 3396 4936 Victorininu

1872 4953 2250 5014 confessorem,
2294 4953 2671 5003 Aniitertiiuunt
2695 4955 3015 5019 episcopum,
3048 4955 3397 5013 celebratum;

1874 5024 1957 5087 qui
1987 5037 2103 5073 cuni
2157 5029 2350 5085 tiiaityr
2388 5021 2578 5071 oliiisse
2626 5031 2677 5071 et
2720 5022 3030 5075 SeVertttum
3075 5023 3283 5071 fratrem
3316 5022 3404 5070 lia—

1877 5092 2048 5141 Iiiiisse
2082 5090 2361 5153 diei-retur,
2410 5088 2528 5139 hinc
2570 5091 2780 5155 prmbita
2827 5094 3032 5141 occasio
3071 5090 3398 5141 existit-nandi

1878 5159 2034 5208 aliuut
2066 5171 2181 5207 esse
2209 5171 2234 5206 a
2264 5156 2525 5207 Victorino
2556 5159 2651 5209 SS.
2682 5157 2853 5213 Nerei.
2879 5158 3121 5217 Achillei,
3155 5156 3397 5213 Maronis,

1883 5225 2182 5292 Eutychetis
2214 5227 2379 5285 socio,
2415 5237 2465 5277 et.
2514 5240 2541 5275 a
2576 5225 2833 5276 Victorino
2877 5225 3196 5276 confessore.
3232 5224 3405 5273 Victo-

1882 5298 1977 5345 rini
2006 5293 2320 5345 confessoris
2366 5310 2550 5344 nomen
2592 5294 2953 5360 Martyrologio
2986 5294 3216 5345 Itoinauo
3244 5295 3403 5341 ascri-

1884 5370 2023 5425 ptuin
2068 5376 2155 5411 \'llt
2186 5362 2322 5412 .lnuii
2372 5362 2451 5413 bis
2504 5362 2671 5411 verbis
2710 5362 3003 5414 :Cainerini
3056 5363 3111 5414 S.
3156 5360 3403 5411 Vict-irini

1881 5426 2218 5481 confessoris.
2249 5430 2391 5492 Quod
2418 5432 2466 5480 in
2500 5429 2876 5495 antiquioribus
2910 5433 3127 5481 Iiarmtiu
3156 5430 3404 5493 Martyro-

1887 5499 2033 5562 logiis
2054 5500 2264 5563 reperiri
2288 5512 2386 5547 non
2408 5506 2593 5561 potest.
2630 5504 2889 5551 UOLLANU.
2914 5503 2979 5549 de
3007 5497 3257 5548 Severino
3276 5502 3406 5560 Sep-

1875 5570 2182 5629 tetnpedaun
2214 5578 2296 5615 vttt
2328 5566 2578 5615 Januarii.

1945 5643 1967 5677 8
1995 5632 2256 5700 Bonifacii.
2302 5631 2393 5683 Hic
2424 5648 2575 5684 etiam
2613 5634 2776 5696 pridie
2803 5634 3109 5684 celebratur.

1944 5701 1969 5736 ιι
2000 5702 2316 5767 Οιιεδιριίονὶ.
2362 5704 2449 5753 llic
2481 5719 2595 5753 cuiu
2639 5713 2819 5753 sancto
2853 5703 3137 5767 Porphyrio
3173 5718 3263 5766 pro
3291 5701 3403 5750 fidet

1885 5773 2281 5837 przcdicatioae,
2339 5770 2481 5837 jussu
2533 5770 2780 5822 llzulriani
2839 5773 3163 5835 proconsulis
3218 5772 3403 5821 acriter

2878 5855 2948 5913 33
