3898 6322
574 393 701 446 ωδο

1340 399 1528 451 ΒΕΟᾸΞ
1570 399 1999 453 VENEHABILIS
2031 399 2174 451 UPP.
2216 396 2383 450 PARS
2422 398 2503 450 IV.
2542 428 2607 439 —
2649 400 3014 456 HISTORICA.

3272 0 3849 353 ml

3606 409 3731 461 1060

1783 505 1998 557 EDITIO
2034 503 2472 557 COLONIENSIS.
2508 545 2517 555 .

560 592 740 655 cincti,
768 591 1062 655 Alexandri,
1091 591 1348 661 Tyburcii.
1375 593 1564 648 Eodem
1588 593 1673 647 die
1696 601 1885 645 sancta:
1905 590 2077 646 Kune-
2109 597 2153 652 A
2181 593 2412 646 ordinem
2442 594 2729 660 paschalem
2775 598 3101 662 conscripsit.
3150 597 3216 651 Et
3266 599 3529 667 depositio
3553 603 3717 655 διιτιὶ

560 680 745 748 gundis
768 680 995 747 virginis.

632 768 691 844 Λ.
728 767 788 820 IV
820 768 932 820 lous
978 767 1237 820 Serrana.
1266 794 1330 815 ρ·-
1356 768 1500 835 Apud
1529 770 1753 822 Africam
1788 778 2100 833 sanctorum,

560 856 912 922 episcoporum
942 855 1251 920 Nemesiani,
1285 855 1484 909 Felicis.
1526 858 1645 911 Item
1673 859 1875 922 Felicis,
1906 857 2076 921 Littci,

561 938 775 1005 Poliani,
795 942 1033 1003 Victoris,
1062 942 1259 995 Jaderis
1278 953 1331 997 et
1352 943 1501 1005 Dalii,
1531 946 1614 1011 qui
1642 947 1737 999 sub
1766 945 2079 1017 Diocletiano

556 1038 607 1081 et
652 1030 954 1083 Maximiano
984 1031 1116 1096 passi
1145 1039 1285 1085 sunt.
1316 1030 1368 1082 In
1396 1031 1739 1085 Chalcedonia
1782 1044 2074 1086 sanctorum

554 1116 825 1170 Sostheuis
849 1128 900 1170 et
929 1117 1147 1170 Victoris
1177 1129 1477 1186 martyrum.
1508 1120 1602 1172 sub
1634 1118 1813 1173 Prisco
1841 1123 2072 1188 consule,

554 1203 730 1258 Home
777 1204 1028 1272 depositio
1072 1204 1246 1257 Hilarii
1296 1219 1459 1272 papae,
1511 1221 1602 1273 per
1632 1222 1783 1275 quem
1817 1207 2074 1261 Victorius

2180 678 2424 747 episcopi,
2441 681 2505 734 de
2518 679 2664 747 cnjus
2678 684 2944 737 sanctitate
2961 683 3242 753 Gregorius
3261 686 3482 741 Turonis
3503 690 3717 755 episeo.

2181 781 2275 833 pus
2304 767 2524 833 scripsit,
2552 782 2767 821 narrans
2790 771 2922 836 quod
2954 786 3047 838 per
3088 775 3460 827 revelationem
3499 778 3717 832 vidisses

2181 854 2364 906 divina:
2411 856 2553 907 vocis
2595 856 3185 922 evaginatnm—gladium
3242 862 3513 915 imminere
3557 879 3713 930 super

2183 942 2425 1007 tegulam,
2475 942 2609 1007 quod
2648 942 2932 1008 Hilpericus
2960 960 3049 1010 rex
3082 950 3329 1013 prmeepit
3351 951 3600 1011 construi,
3626 954 3707 1003 cui

2181 1029 2361 1081 visioui
2406 1029 2595 1083 veritas
2637 1031 2807 1083 statim
2852 1034 3120 1086 subsecuta
3152 1043 3250 1087 est.
3300 1036 3428 1090 Nam
3451 1047 3570 1105 post
3596 1039 3707 1091 dies

2181 1116 2356 1182 viginti
2385 1117 2531 1179 duos,
2568 1117 2654 1170 lilii
2686 1119 2819 1186 regis
2844 1120 3028 1172 mortui
3058 1133 3195 1174 sunt.

1755 1296 1975 1349 EDITIU
2013 1289 2498 1347 BOLLANDIANA.

553 1381 802 1433 virtutum
830 1380 992 1447 signis
1016 1381 1217 1447 pollens
1244 1380 1525 1436 Tarvennis
1553 1380 1696 1437 urbis
1737 1383 1980 1451 pOpulum
2005 1384 2067 1436 ad

546 1470 743 1520 cultum
772 1468 1025 1521 convertit
1062 1465 1314 1521 divinum.

620 1556 702 1607 1.0.
727 1584 795 1593 —
825 1555 888 1607 IV
922 1554 1055 1607 lpus.
1088 1554 1244 1607 Vacat
1275 1555 1449 1607 Bmda.

620 1644 677 1695 Β.
710 1644 763 1696 (3.
798 1644 858 1695 V.
912 1645 971 1696 A.
1025 1644 1086 1695 Τ.
1146 1644 1226 1702 1...
1261 1645 1435 1696 Romae
1463 1644 1714 1711 depositio
1748 1645 1805 1695 Β.
1840 1652 1863 1679 ³
1891 1644 2064 1696 Hilarii

554 1726 696 1775 papa:
749 1711 1041 1776 ("acum-ue
1096 1712 1197 1777 8.).
1232 1726 1321 1777 per
1364 1728 1515 1777 quem
1549 1712 1573 1748 δ
1604 1712 1890 1762 Victorinus
1913 1714 2067 1763 ()rdi-

551 1794 665 1829 nem
699 1780 989 1843 paschale".
1022 1780 1244 1845 scripsit.
1276 1778 1339 1831 Τ.
1372 1781 1459 1842 A.,
1492 1782 1542 1830 In
1570 1780 1871 1831 Alexandria
1898 1782 2064 1831 natale

546 1858 840 1898 sanctorum
885 1846 1105 1898 Nemesii
1134 1888 1146 1909 ,
1193 1850 1411 1899 Ammon
1462 1857 1512 1899 et
1553 1847 1765 1898 aliorum
1807 1850 2070 1912 octingen-

549 1923 712 1965 torum
738 1925 786 1967 et
813 1930 902 1967 sex
932 1914 1038 1985 [A.,
1067 1926 1114 1966 et
1143 1913 1408 1983 quinque].
1435 1916 1514 1979 8.,
1538 1915 1591 1966 In
1624 1915 1929 1968 Alexandria
1953 1919 2074 1966 Ain-

2178 1401 2607 1473 monis,0rionis,
2633 1402 2819 1457 Oriosii
2852 1412 2901 1455 et
2925 1404 3140 1455 aliorum
3178 1408 3434 1473 octoginta
3472 1424 3587 1461 sex.
3612 1411 3690 1471 Β..

2176 1468 2320 1533 Apud
2346 1472 2748 1539 gl‘rieamnatale
2770 1483 3060 1523 sanctorum
3082 1468 3443 1539 epismpornm
3476 1481 3491 1505 ί
3516 1468 3693 1532 Scine;

2173 1539 2327 1598 siani,
2348 1537 2550 1597 Felicis.
2569 1538 2723 1590 Lucii.
2749 1540 2869 1591 Item
2893 1540 3094 1599 Felicis.
3124 1537 3292 1603 Littei.
3319 1545 3519 1603 Poliani,
3549 1545 3693 1599 Jade—

2174 1605 2243 1653 ris
2263 1618 2310 1654 et
2333 1607 2511 1656 Daiivi.
2532 1607 2610 1666 8.,
2636 1607 2688 1657 In
2715 1609 2878 1658 Africa
2904 1610 3069 1659 natale
3092 1612 3186 1660 88.
3208 1610 3501 1667 Doletatuli,
3518 1614 3685 1669 Tu~ci.

2181 1671 2457 1741 Valentini.
2487 1674 2567 1735 ιη,
2593 1675 2656 1725 Ει
2681 1675 2738 1726 8.
2767 1673 2789 1711 ἀ
2817 1675 3105 1727 Tliemlardi
3128 1678 3352 1741 episcopi
3370 1693 3413 1729 et
3438 1688 3685 1741 martyris.

2177 1738 2229 1789 In
2282 1739 2572 1809 Santanico
2627 1741 2682 1794 S.
2736 1746 2759 1773 ⁸
2802 1742 3068 1806 Dagoberti
3117 1738 3380 1809 martyris.
3415 1746 3493 1803 BI,
3546 1738 3687 1799 Alani:

2177 1808 2366 1877 recenti
2412 1810 2729 1877 ascriptum:
2781 1810 3075 1863 Trauslatio
3117 1808 3348 1877 corporis
3392 1814 3448 1865 8.
3482 1814 3499 1851 ⁸
3534 1818 3687 1870 ὕβρει

2177 1873 2298 1925 dicti
2328 1876 2577 1931 ercmita‘.

689 2046 692 2049 .
1123 1999 1127 2002 ’
1893 1999 2091 2054 SMITH
2132 1999 2349 2053 NOTAE.

550 2086 745 2139 Frinll’o
774 2095 825 2137 et
874 2093 1037 2137 matre
1077 2084 1319 2158 Qomitta.
1349 2084 1424 2158 Ad
1453 2085 1783 2158 Lttxoviense
1803 2098 2063 2140 monaste-
2093 2091 2138 2147 B
2168 2087 2380 2158 dedere.
2412 2084 2674 2158 Canouem
2706 2086 2848 2139 illum
2878 2086 3092 2158 Victorii
3134 2090 3423 2154 pasclmlem
3470 2099 3684 2158 promat.

546 2159 677 2207 rium
708 2170 733 2203 ει
793 2164 935 2219 patre
991 2153 1282 2215 perducms,
1330 2153 1619 2212 religiosam
1666 2154 1811 2205 duxit
1862 2160 2061 2206 vitam:

550 2221 778 2285 postth
845 2221 1016 2273 multis
1067 2220 1525 2271 intervenientibus
1567 2223 1714 2272 annis
1758 2236 1784 2272 a
1826 2225 2061 2287 principe

553 2292 839 2356 ltagoberto
889 2298 940 2341 et
992 2289 1056 2339 ab
1101 2289 1241 2339 omni
1276 2287 1589 2339 Francorum
1637 2294 1823 2354 populo
1851 2303 2063 2343 vocatus

544 2355 680 2409 circa
712 2373 796 2409 an.
827 2356 947 2420 6H,
981 2355 1037 2409 S.
1066 2357 1285 2423 Acltario
1310 2357 1554 2421 episcopo
1584 2356 1923 2411 Noviomense
1953 2361 2065 2423 opi-

549 2428 764 2485 tulante.
805 2424 1181 2475 Tarvennensis
1208 2422 1475 2489 episcOpus
1502 2424 1767 2476 ordinatus
1792 2434 1892 2489 est,
1928 2422 2082 2478 mul-.

552 2504 730 2558 tosqne
757 2492 1223 2551 Tarvennensium,
1255 2492 1337 2555 qui
1370 2492 1430 2540 ad
1464 2490 1712 2541 idolorum
1758 2494 1951 2545 cultum
1983 2508 2066 2544 re-

549 2562 675 2622 lapsi
730 2567 933 2621 essent,
998 2561 1060 2607 ad
1110 2558 1260 2609 ﬁdem
1327 2558 1548 2608 reduxit.
1602 2558 1873 2621 Adjutores
1938 2570 2062 2624 tres,

551 2628 933 2681 )ltintmolinnut
959 2663 974 2687 ,
1010 2625 1399 2678 Ebertramnum
1447 2625 1807 2691 Bertinumqne
1837 2628 1898 2677 de
1931 2628 2066 2680 Con-

548 2694 817 2747 stantiensi
849 2694 1056 2760 regione
1084 2695 1297 2757 recepit,
1327 2692 1411 2758 qui
1443 2708 1505 2743 eo
1530 2693 1733 2745 favente
1762 2693 2064 2748 Sithiveuse

552 2763 920 2813 monasterium
966 2771 1379 2813 construxerunt.
1428 2761 1555 2811 Cum
1605 2772 1775 2813 autem
1800 2762 1855 2813 S.
1893 2764 2065 2814 Audo-

553 2843 727 2881 marns
751 2828 818 2879 30
844 2842 1093 2879 annorum
1136 2830 1303 2888 soatio
1332 2830 1746 2879 ’I‘arvennensem
1782 2829 2063 2882 Ecclesiam

554 2897 793 2957 rexisset,
824 2910 957 2946 anno
987 2896 1121 2946 circa
1152 2895 1248 2944 677
1278 2895 1402 2944 obiit
1427 2904 1477 2943 et
1498 2912 1523 2943 ιι
1546 2895 1601 2946 8.
1637 2898 1844 2948 Bertino
1883 2896 2066 2949 abbate

464 2998 479 3009 ι
548 2965 601 3016 in
649 2964 941 3016 Sithavensc
986 2964 1298 3013 monasterio
1335 2963 1564 3024 sepultus
1603 2974 1714 3025 est;
1764 2966 1849 3015 ubi
1896 2965 2065 3018 adhuc

548 3046 734 3098 corpus
787 3030 896 3096 ejus
939 3032 1155 3082 habetur
1180 3039 1364 3095 prteter
1387 3039 1539 3094 caput
1568 3039 1619 3082 et
1656 3045 1773 3082 ossa
1804 3034 2060 3095 quaidam,

550 3116 662 3166 quae
711 3101 760 3151 in
814 3100 870 3150 Β.
922 3099 1093 3151 Mariae
1138 3099 1355 3166 ecclesia
1398 3099 1904 3165 Audomaripolitana
1954 3116 2065 3151 ser-

549 3165 757 3219 vantur.
788 3167 1108 3219 Audomarns
1139 3165 1569 3232 Wamlregisilum
1609 3168 1918 3225 sacerdotio.
1956 3167 2061 3217 An-

547 3235 856 3288 strebertatn
919 3242 970 3285 et
1023 3232 1406 3284 Waldetrudetn
1461 3234 1575 3283 velo
1627 3247 1957 3285 consecrasse
2012 3236 2061 3286 in

551 3303 770 3367 propriis
812 3302 1027 3367 istorum
1078 3309 1365 3351 sanctorum
1395 3301 1532 3351 Aetis
1572 3300 1776 3351 dicitur.
1825 3301 1947 3364 Ejus
1978 3301 2065 3353 Vi-

2171 2154 2620 2223 gavit__Bucherius
2638 2154 2697 2223 _in
2728 2168 2883 2220 opere
2904 2157 2975 2223 de
2998 2155 3152 2207 Duct.
3178 2159 3364 2223 Temp.

2238 2227 2263 2284 ,ε
2294 2220 2604 2273 Nemesiani.
2637 2219 2689 2271 In
2719 2219 2870 2273 causa
2902 2222 3137 2287 baptismi
3182 2219 3543 2279 hereticorum
3569 2246 3676 2283 cum

2166 2288 2423 2364 Cypriane
2468 2288 2523 2364 in
2563 2289 2783 2341 coocilio
2841 2299 3032 2364 stetere
3093 2305 3282 2364 omnes
3330 2292 3383 2364 hi
3432 2298 3676 2364 episcopi:

2166 2359 2396 2433 omnium
2443 2358 2581 2408 enim
2612 2370 2789 2433 eorum
2838 2360 3044 2433 nomina
3092 2359 3141 2410 in
3189 2360 3392 2433 synodo
3417 2358 3677 2433 liartiiagi-

2166 2426 2336 2475 nieusi
2389 2434 2708 2487 comparent.
2752 2424 3085 2477 Nemesianns
3130 2441 3156 2475 a
3188 2424 3456 2481 Thubnnis
3504 2424 3679 2485 diciiur

2164 2492 2372 2556 sull‘rag.
2402 2489 2454 2554 5,
2485 2489 2629 2541 Felix‘
2656 2505 2683 2541 a
2718 2492 2867 2555 Bagai
2900 2492 3115 2543 Itahetttr
3138 2496 3257 2545 suﬂ‘.
3294 2495 3375 2553 1‘2.
3407 2498 3471 2548 ab
3504 2504 3676 2554 Amac-

2164 2574 2290 2633 cura
2315 2557 2431 2609 snll‘.
2465 2556 2550 2607 35.
2607 2558 2704 2609 Alii
2734 2559 2939 2633 {tuidem
2972 2559 3039 2633 ibi
3071 2573 3189 2633 sunt
3220 2561 3439 2624 Felices,
3472 2570 3560 2616 sed
3599 2573 3675 2633 qni

2163 2627 2225 2677 ad
2261 2627 2591 2693 llyzacenam
2626 2626 2973 2689 pertinebant.
2999 2627 3183 2681 Lucius
3226 2642 3541 2682 memoratur
3566 2626 3672 2686 sull.

2163 2697 2215 2755 8,
2249 2691 2341 2745 nec
2388 2709 2488 2744 non
2538 2691 2625 2757 51,
2667 2694 2870 2758 utrique
2894 2693 3145 2758 Numidae,
3173 2698 3261 2747 alii
3295 2700 3440 2749 istius
3462 2706 3678 2755 nominis

2162 2762 2225 2832 a_d
2249 2762 2610 2832 “Lengitanam
2664 2761 2938 2832 pertinent.
2970 2762 3168 2832 Litteus
3196 2770 3426 2817 occurrit
3452 2768 3567 2820 δυσ.
3595 2771 3673 2832 8‘2,

2173 2827 2440 2879 Polianmn
2498 2830 2745 2878 habemus
2787 2828 2905 2879 sull'.
2962 2830 3058 2891 l5,
3112 2832 3259 2894 quia
3290 2831 3440 2884 ιιιιεο
3480 2827 3674 2888 dicitur;

2162 2895 2291 2947 Snl'l'.
2345 2896 2412 2963 78
2447 2895 2704 2945 Victorem
2759 2897 2824 2963 ab
2872 2897 3067 2948 Octavo
3115 2898 3393 2949 Numidum
3442 2904 3673 2963 exhibet;

2161 2964 2292 3015 alter
2319 2978 2346 3012 a
2372 2962 2476 3013 Gor
2499 3028 2510 3030 μ
2532 2977 2631 3030 non
2681 2962 2886 3030 videtur
2930 2964 3081 3030 hujus
3131 2966 3251 3016 loci.
3284 2966 3437 3019 Jader
3461 2982 3488 3019 a
3520 2969 3673 3024 Hidila

2162 3038 2388 3080 occurrit
2409 3028 2526 3080 sul'f.
2560 3027 2649 3084 45.
2676 3028 2888 3080 Πδιινιις
2909 3027 3115 3083 demum
3145 3047 3174 3083 a
3200 3034 3351 3086 Badis
3372 3049 3675 3090 memoratur

2161 3097 2280 3148 sum
2316 3097 2395 3149 15.
2442 3097 2512 3148 De
2542 3096 2847 3147 Nettlesiano
2873 3100 2983 3148 solo
3011 3101 3233 3151 dubitari
3266 3106 3450 3165 pulerit
3477 3121 3541 3157 an
3578 3108 3674 3159 Nu.

2163 3167 2296 3216 mida
2321 3166 2491 3226 fuerit,
2530 3179 2593 3215 an
2620 3165 2850 3226 Maurus;
2881 3168 2975 3217 nisi
3006 3169 3141 3231 quod
3171 3169 3406 3221 Tubunis
3447 3186 3673 3226 occurrat

2164 3233 2214 3283 in
2268 3232 2637 3299 Numidianon
2689 3235 2855 3299 minus
2884 3248 3036 3298 quam
3067 3236 3117 3285 in
3169 3236 3500 3299 Mauritania;
3541 3254 3673 3294 utet

2162 3300 2439 3371 collatione
2491 3298 2903 3371 Carthaginiensi
2944 3311 3179 3371 apparet.
3223 3303 3293 3356 De
3337 3305 3413 3355 his
3457 3298 3569 3361 vide
3593 3311 3671 3371 76,

548 3366 659 3447 tam,
694 3368 975 3447 ediderunt
1011 3366 1191 3420 Surius
1231 3376 1355 3445 tom.
1394 3367 1427 3418 V
1477 3376 1527 3419 et
1573 3369 1831 3427 Mabillon.
1886 3368 1938 3422 in
1966 3384 2063 3423 διες
2088 3383 2135 3447 C
2165 3367 2251 3447 7-7..
2285 3367 2370 3447 7.9,
2400 3382 2520 3447 epp.
2658 3367 2922 3447 (ivpriani.
2955 3367 3016 3420 Hi
3050 3374 3514 3447 printum_lustibus
3540 3366 3671 3447 caesi,

547 3438 664 3489 culo
696 3450 750 3497 ll,
790 3438 903 3487 Act.
940 3435 1063 3488 Ben.

615 3512 640 3539 ι
666 3502 871 3555 Hilarii.
904 3504 993 3556 Vel
1039 3502 1222 3556 Ililari.
1256 3503 1349 3555 llic
1378 3501 1535 3554 Leoni
1580 3517 1765 3568 magno
1814 3507 2064 3557 successit

545 3586 680 3627 anno
720 3572 840 3632 461,
885 3580 937 3623 et
978 3572 1242 3622 ordinatus
1287 3580 1365 3621 est
1408 3572 1490 3621 dic
1542 3570 1603 3620 l2
1655 3573 1901 3623 Novemb.
1927 3572 2065 3623 Ubiit

548 3651 715 3693 autem
769 3653 905 3690 anno
950 3639 1073 3690 468.
1124 3637 1397 3689 Baroninm
1448 3637 1618 3701 igitur.
1656 3638 2060 3703 Papebrochium

552 3708 783 3771 aliosque
830 3706 1080 3771 hactenus
1106 3704 1305 3770 decepit
1337 3704 1663 3756 Marcellinus
1691 3706 1740 3757 in
1782 3703 2059 3770 Chronico.

546 3776 632 3837 qui
685 3770 781 3825 sub
828 3773 946 3825 anui
995 3770 1091 3825 467
1123 3773 1417 3825 consulibus
1443 3772 1690 3832 Simplicii
1744 3777 2063 3828 successoris

554 3841 713 3893 Hilari
767 3841 961 3891 initium
1001 3841 1256 3892 recitavit.
1307 3841 1431 3891 Nam
1460 3842 1514 3892 S.
1546 3840 1704 3892 Hilari
1732 3842 1901 3891 obitus
1929 3856 2063 3895 anno

557 3908 790 3973 sequenti
814 3908 1049 3971 contigit,
1089 3908 1231 3970 isque
1254 3920 1352 3958 neu
1381 3922 1545 3958 annos
1575 3910 1605 3958 5
1630 3917 1681 3958 et
1704 3907 1896 3974 aliquot
1921 3924 2062 3961 men-

550 3987 657 4035 ses.
703 3983 757 4026 ut
801 3988 981 4026 omnes
1036 3976 1346 4036 recentiores
1400 3974 1445 4033 ej
1492 3975 1789 4036 attribuere.
1846 3976 1935 4027 sed
1972 3991 2064 4026 an-

550 4056 643 4094 nos
669 4041 722 4105 6,
755 4056 954 4093 menses
984 4042 1035 4106 '5,
1080 4043 1188 4094 dies
1219 4043 1299 4106 ll),
1346 4041 1623 4094 Ecclesium
1665 4043 1945 4093 Romanam
1975 4045 2065 4096 ad-

553 4111 877 4171 ministravit,
925 4118 979 4160 ut
1022 4112 1179 4176 liquet
1228 4118 1328 4161 tam
1375 4124 1437 4160 ex
1472 4110 1761 4174 Anastasio,
1794 4113 2059 4177 Urderico,

552 4176 642 4230 lib.
675 4193 731 4241 ιι,
766 4178 1100 4242 Luitprando.
1132 4178 1342 4229 Abbone
1372 4177 1711 4239 Floriaceusi,
1754 4187 1806 4230 et
1835 4176 2062 4231 Honorio

551 4245 1020 4311 Augustodunensi.
1070 4260 1221 4310 quam
1268 4260 1331 4295 ex
1374 4244 1613 4310 Catalogo
1647 4245 2062 4298 Vaticano-Pala-

555 4313 681 4375 tino,
713 4328 803 4366 sex
833 4313 946 4365 aliis
983 4312 1257 4379 Catalogis,
1292 4312 1577 4377 lleginone,
1608 4312 1896 4363 llermanno
1923 4317 2061 4366 Con-

551 4389 715 4432 tracto
734 4380 969 4445 aliisque.
1002 4379 1255 4431 Marianos
1298 4388 1451 4430 et.am
1498 4379 1682 4432 Scotus
1722 4384 1768 4430 in
1806 4379 2061 4433 Chronico

550 4456 695 4501 recte
724 4448 857 4498 diem
886 4446 996 4513 ejus
1023 4448 1362 4499 emortualem
1394 4448 1609 4498 notavit.
1659 4447 1849 4499 Seribit
1876 4450 2010 4499 enim
2044 4465 2057 4500 :

556 4532 573 4564 ι
606 4515 822 4566 Hilarius
866 4528 993 4580 papa
1020 4515 1147 4565 obiit
1192 4530 1239 4566 tit
1264 4514 1375 4566 Kal.
1407 4518 1589 4575 Martii,
1624 4532 1641 4564 ι
1678 4516 1726 4566 id
1767 4525 1846 4567 est
1867 4517 1946 4567 die
1975 4531 2060 4568 xxx

554 4584 747 4635 mensis
773 4581 1062 4643 Februarii,
1084 4581 1145 4633 ad
1172 4597 1323 4649 quem
1351 4583 1485 4634 diem
1516 4583 1791 4635 Bollandus
1820 4584 1911 4645 ait,
1941 4598 2057 4635 eum

554 4652 834 4716 ascriptum
862 4663 979 4701 esse
1007 4648 1237 4702 Florario
1262 4649 1356 4703 SS.
1380 4658 1432 4701 et
1462 4650 1759 4716 Maurolyei,
1790 4648 2054 4712 Galesiuii,

2165 3434 2351 3487 deinde
2373 3438 2435 3486 ad
2461 3434 2665 3486 metalla
2694 3433 2926 3501 damnati
2951 3445 3091 3501 sunt,
3128 3438 3402 3493 Valeriano
3425 3456 3456 3491 ιι
3486 3451 3538 3493 et
3557 3433 3669 3497 Gal;

2166 3503 2300 3555 lieno
2330 3517 2383 3553 ιιι
2413 3516 2552 3553 coss.
2584 3515 2720 3551 anno
2740 3500 2863 3554 257.

2233 3568 2262 3637 d_
2297 3568 2613 3637 ΤγΙιεοάαΓάὶ,
2650 3569 2877 3633 episcopi
2928 3569 3275 3637 Trajeetensis
3319 3574 3542 3628 vicesimi
3582 3592 3669 3632 oc-

2167 3635 2286 3707 tavi,
2328 3636 2380 3689 8.
2414 3636 2657 3707 Remacli
2684 3637 2920 3707 discipuli
2951 3648 3004 3690 et
3031 3635 3099 3690 ἰιι
3130 3642 3257 3692 sede
3284 3641 3396 3707 ejus
3424 3658 3672 3699 sumes-so-

2163 3705 2255 3764 ris.
2285 3707 2372 3769 qui
2402 3718 2519 3756 cum
2546 3703 2898 3755 Childericutn
2947 3720 3121 3773 regem
3162 3710 3227 3759 ad
3259 3703 3556 3773 repetendas
3583 3719 3667 3766 tic-

2163 3773 2333 3822 clesiae
2363 3786 2467 3823 Suae
2499 3787 2601 3832 res,
2634 3784 2761 3835 quas
2792 3775 3025 3823 nounnlh
3056 3787 3372 3839 invaserant,
3405 3780 3581 3839 adiret,
3608 3786 3665 3833 ab

2165 3840 2265 3914 illis
2280 3850 2488 3891 necatus
2503 3840 2641 3890 estin
2658 3839 2879 3914 ,Alsatia,
2901 3854 3088 3907 nempe
3103 3843 3151 3893 in
3175 3844 3305 3895 saltu
3327 3847 3508 3897 Bewalt
3528 3863 3666 3914 prope

2165 3909 2454 3971 Nemetum,
2486 3919 2705 3970 corpore
2738 3908 2787 3957 in
2823 3907 2981 3958 frusta
3031 3914 3368 3963 comminuto.
3402 3907 3547 3965 lsthic
3572 3907 3660 3966 duo

2163 3975 2436 4025 luminaria
2481 3973 2726 4025 divinitus
2757 3974 3051 4039 emicuisse,
3096 3990 3149 4029 et
3187 3981 3389 4031 mulieri
3419 3995 3560 4033 ecca
3592 3986 3659 4034 lu-

2168 4056 2285 4093 men
2316 4042 2475 4094 luisse
2510 4042 2801 4092 restituam
2833 4043 3039 4107 legitur.
3076 4044 3197 4097 ιιωο
3229 4048 3339 4097 sola
3364 4058 3531 4098 notatu
3562 4060 3663 4102 sunt

2152 4108 2312 4173 'digna
2338 4110 2385 4159 in
2426 4106 2539 4174 ejus
2572 4110 2707 4160 Actis
2733 4110 2865 4175 apud
2892 4106 3109 4177 Suriunt
3128 4115 3191 4163 ad
3220 4129 3248 4163 ι
3282 4115 3560 4177 Septemb.,
3590 4119 3659 4168 ubi

2161 4178 2365 4226 additur
2414 4177 2642 4228 membra
2689 4179 2799 4242 ejus
2852 4190 2945 4241 per
2988 4178 3047 4229 S.
3090 4176 3430 4233 Lambertntn
3472 4186 3515 4234 in
3541 4185 3659 4236 Ton-

2160 4257 2378 4363 grnrisiitin5
2416 4244 2676 4296 civitatem
2725 4246 2884 4295 relata
2946 4245 3127 4298 luisse.
3177 4248 3369 4301 Passus
3418 4260 3496 4303 est
3542 4267 3655 4305 tam

2161 4326 2243 4362 an.
2385 4348 2398 4361 .

2161 4326 2243 4362 an.
2278 4313 2398 4362 655.

2234 4388 2256 4414 ο
2289 4376 2577 4447 Dngoberti.
2614 4374 2707 4431 Hic
2746 4378 2843 4431 luit
2869 4380 3001 4432 lilins
3022 4380 3268 4447 Sigiherti
3303 4384 3567 4435 Austrasiai
3592 4401 3657 4437 re-

2162 4445 2271 4509 gis;
2305 4445 2408 4512 quo
2438 4446 2703 4505 defuncto.
2738 4448 2994 4508 relegatus
3031 4445 3112 4498 est
3145 4450 3463 4515 Dagobertus
3500 4468 3543 4502 in
3586 4456 3657 4503 lli-

2164 4516 2387 4565 herniam
2429 4527 2565 4564 anno
2580 4514 2796 4566 circiter
2836 4515 2956 4566 660.
2982 4515 3133 4566 Auno
3159 4528 3330 4568 autem
3358 4518 3554 4571 circiter
3571 4523 3655 4573 liti

2164 4582 2211 4630 in
2266 4582 2459 4645 paterni
2510 4581 2653 4646 regni
2700 4591 2894 4645 partem
2939 4592 3175 4648 receptus
3216 4595 3316 4647 est,
3345 4595 3525 4639 actum
3552 4586 3656 4638 w.i.

2164 4648 2322 4701 lridus
2354 4648 2691 4721 Eboracensis
2717 4650 3156 4721 archiepiscopus
3190 4653 3237 4704 ei
3266 4657 3505 4710 auxilium
3528 4672 3661 4721 equo-

550 4710 742 4771 Canisii
777 4717 1167 4784 Martyrologiis,
1198 4720 1452 4782 variisque
1481 4710 1822 4784 Kalendariis.
1848 4728 1898 4771 et
1919 4710 2057 4771 (ire;
2088 4710 2133 4766 D
2162 4731 2271 4766 rum
2302 4722 2354 4767 et
2376 4716 2598 4767 virorum
2631 4716 2792 4768 dedit.
2822 4710 2973 4769 Auno
3012 4710 3184 4771 autem
3210 4721 3313 4774 679
3345 4726 3423 4773 vel
3449 4727 3543 4777 oro
3570 4710 3659 4776 bel-

552 4786 667 4837 veni
712 4786 775 4835 ad
830 4783 1111 4836 Usnardum
1168 4787 1430 4837 Auctario.
1479 4785 1589 4835 Non
1636 4783 1806 4850 itaque
1837 4785 2055 4839 Hilarius

551 4853 648 4904 hoc
703 4852 786 4904 die
812 4851 1070 4917 depositus
1100 4861 1197 4913 est.
1226 4853 1313 4905 sed
1340 4852 1507 4918 potius
1533 4866 1721 4917 corpus
1758 4850 1869 4917 ejus
1893 4866 2058 4907 trans-

551 4921 707 4991 latum
762 4930 870 4979 est;
903 4933 1016 4991 cum
1041 4921 1164 4991 anni
1194 4920 1249 4991 6,
1277 4919 1572 4991 in‘ensesffi,
1604 4928 1656 4971 et
1678 4920 1788 4971 dies
1830 4921 2058 4991 iO._qni-

552 4988 646 5039 bus
668 4986 911 5039 ﬂuuiana:
940 4986 1178 5039 Ecclesiae
1208 4986 1427 5052 praefuit.
1456 4988 1541 5039 die
1562 5004 1644 5039 ut
1679 4991 1870 5041 mensis
1899 4986 2051 5040 Febr.

549 5056 671 5107 anni
698 5054 797 5105 468
833 5056 1185 5108 absolvantur.
1216 5056 1334 5109 ΡΑςι
1366 5055 1415 5106 in
1456 5069 1545 5106 sua
1577 5057 1762 5107 L'ritica
1792 5056 2058 5108 historico-

549 5122 909 5188 chronologica
944 5124 992 5174 in
1021 5124 1225 5178 Baronii
1257 5122 1479 5176 Annales
1510 5136 1643 5172 anno
1672 5121 1795 5173 467.
2021 5140 2084 5179 τ..

621 5192 644 5227 δ
684 5188 980 5242 Victorinus.
1031 5192 1118 5243 Vel
1153 5193 1425 5244 Victorius.
1454 5191 1601 5240 Baeda
1653 5190 1702 5240 in
1740 5190 1931 5242 Chron.
1963 5193 2059 5243 sub

551 5259 721 5311 Leone
772 5261 1081 5323 imperatore
1121 5262 1196 5312 sic
1242 5260 1417 5312 scribit
1448 5274 1460 5309 :
1491 5275 1507 5305 (
1542 5255 1797 5309 Victorius
1842 5256 2057 5324 jubente

554 5340 681 5393 papa
740 5326 934 5378 Hilario
978 5327 1181 5391 scripsit
1227 5328 1517 5391 paschalem
1536 5326 1794 5393 circulum
1844 5326 1943 5393 552
1968 5340 2059 5376 an-

552 5392 754 5445 norum.
799 5393 897 5446 Sed
955 5394 1125 5445 verins
1163 5395 1262 5447 dici
1305 5403 1490 5458 potest,
1525 5392 1818 5448 Victorium_
1848 5392 2058 5459 (lycium

551 5477 697 5512 suum
744 5462 1094 5527 composuisse
1146 5475 1281 5512 anno
1338 5460 1599 5527 457.quo
1649 5462 1847 5513 llilarus
1895 5459 2059 5513 adhuc

552 5530 697 5580 urbis
726 5530 899 5580 lloune
926 5528 1317 5581 archidiaconus
1354 5539 1483 5590 erat,
1517 5540 1573 5580 ut
1601 5532 1758 5595 liquet
1785 5544 1844 5580 ex
1882 5528 2061 5594 praela-

554 5598 712 5656 tione.
756 5598 805 5646 in
829 5611 924 5657 qua
961 5597 1212 5648 Victorius
1240 5597 1363 5648 dicit
1391 5597 1630 5649 consoles
1660 5607 1777 5649 tunc
1804 5596 2063 5649 exstitisse

552 5664 943 5717 Constantinum
985 5676 1036 5717 et
1069 5665 1275 5729 llulum,
1304 5666 1387 5730 qui
1420 5678 1555 5716 anno
1578 5662 1673 5715 45:7
1706 5665 1848 5717 lactis
1873 5677 2059 5718 nomen

2160 4786 2263 4835 lum
2319 4786 2504 4835 acetdit
2557 4786 2607 4836 in
2661 4786 2973 4852 Lit-guttibus
3020 4788 3153 4839 inter
3202 4788 3572 4841 TlteOdOrit'utn
3619 4803 3661 4844 et

2163 4852 2503 4917 Dagubeitum
2550 4867 2724 4919 reges;
2767 4854 2850 4905 ubi
2902 4856 3220 4921 Dagobertus
3269 4870 3385 4908 cum
3423 4856 3660 4909 \‘ultnaldo

2161 4921 2438 4984 subregulo
2494 4922 2789 4986 prolligatus
2827 4931 2926 4972 est.
2960 4922 3030 4971 De
3052 4921 3163 4986 ejus
3207 4924 3255 4972 in
3299 4924 3489 4974 Gallias
3518 4931 3660 4976 reditu

2162 4987 2274 5037 luse
2324 4988 2536 5055 disserit
2591 4988 2914 5039 Mabillonius
2967 4989 3027 5039 in.
3076 4988 3382 5055 pcail‘atione
3417 4994 3582 5043 secuti
3625 5006 3661 5042 tv

2162 5057 2277 5126 Act.
2318 5054 2420 5105 Ben
2450 5092 2465 5116 ,
2516 5066 2657 5126 parte
2697 5068 2735 5112 ι,
2784 5056 2888 5126 ς-υ,
2934 5050 3106 5126 num."
3127 5050 3224 5108 198
3253 5069 3306 5109 et
3334 5073 3477 5126 seqq.
3520 5060 3563 5111 ls
3598 5068 3664 5111 est

2164 5122 2297 5171 idem
2330 5137 2418 5173 rex
2464 5132 2517 5173 et
2539 5124 2733 5187 martyr
2756 5124 2841 5185 qui
2870 5124 3053 5175 colitur
3081 5122 3345 5177 Satanaci.
3379 5122 3663 5179 Memor-tor

2165 5190 2212 5239 in
2243 5187 2551 5240 Kalentlario
2585 5190 2777 5241 Brumae
2804 5190 3013 5253 reginas,
3041 5192 3178 5257 quod
3215 5195 3392 5246 ltemis
3425 5200 3471 5245 in
3494 5196 3659 5247 biblio-

2166 5257 2311 5307 theca
2361 5258 2940 5330 Hemiginnavservatur,
2970 5258 3057 5330 die
3084 5274 3114 5309 ι
3150 5258 3265 5312 Kal.
3309 5261 3554 5325 Januarii,
3580 5277 3666 5330 quo

2163 5326 2839 5396 euminartyriutntulisse
2873 5327 3188 5396 dicit‘vetns
3224 5338 3423 5396 auctor.
3452 5326 3606 5396 idque
3621 5340 3665 5381 ut

2165 5390 2492 5462 Habilloniu’s
2536 5395 2738 5462 probat,
2770 5407 2833 5444 an
2863 5392 2983 5445 679.
3014 5393 3067 5445 Si
3098 5406 3229 5462 vero
3254 5390 3566 5462 Dagobertus
3595 5414 3665 5449 oc-

2165 5457 2310 5576 cislu:
2347 5471 2427 5510 est
2474 5477 2503 5512 ιι
2535 5460 2649 5516 Kal.
2676 5460 2927 5527 Januarii,
2959 5461 3229 5513 translatio
3275 5457 3510 5529 qua-dam
3537 5466 3666 5520 hodie

2167 5539 2226 5576 ce
2247 5539 2276 5575 e
2316 5537 2473 5576 ratur.

2167 5537 2473 5580 celebratur.

2242 5591 2259 5629 ι
2316 5591 2591 5664 Benedicti.
2648 5596 2700 5647 In
2747 5597 3011 5650 territorio
3036 5595 3371 5664 Bergomensi
3420 5597 3666 5652 coliturlL

2177 5662 2480 5716 Benedictus
2503 5666 2712 5717 eremita
2738 5666 2942 5731 quidam
2971 5666 3085 5719 ord.
3123 5662 3279 5721 Vallis
3314 5667 3578 5721 Umbrum:
3603 5668 3671 5721 die
