3898 6332
344 326 367 337 1

180 452 313 506 lC-H

1260 451 1441 503 SEGT.
1488 449 1549 502 ll.
1586 470 1653 484 -
1695 448 2233 500 MAlt'l'YHOLOGiA.

3164 437 3328 497 .iM‘Z

1370 557 1583 607 EDITIO
1622 555 2069 607 CULONIENSlS.

253 649 311 699 8.
338 648 398 699 ill
425 646 535 697 lpus
564 644 820 697 Serrana.
860 671 923 682 ——
961 642 1137 695 Roma:
1185 643 1351 693 natale
1396 654 1713 704 sanctorum,
1746 648 1791 701 Α
1820 641 2017 700 lventii,
2048 642 2132 707 qui
2159 657 2185 693 a
2217 641 2366 693 beato
2395 640 2701 707 Hermagore
2725 640 3040 705 Aquileiensi
3072 641 3331 705 episcopo,

176 732 362 784 i‘rotlii
384 742 433 785 et
462 730 697 791 Jacincti,
730 731 811 796 qui
842 739 986 781 erant
1024 728 1244 780 eunuchi
1274 728 1440 779 heatze
1475 726 1712 792 Eugenim

176 820 423 885 virginis.
449 819 679 882 Cumque
699 820 760 867 ab
786 817 976 868 Heleno
997 816 1236 881 episcopo
1261 815 1500 879 baptizati
1524 825 1716 878 essent,

176 911 451 975 aliquanto
481 919 709 973 tempore
732 907 914 959 divinis
942 907 1105 957 solum
1129 904 1505 957 eruditionibus
1531 919 1718 955 vacan-

180 1007 283 1055 tes,
320 999 370 1049 in
398 1012 661 1050 servorum
691 996 777 1046 Dei
807 995 1119 1046 monasterio
1145 994 1271 1044 mira
1293 992 1579 1043 humilitate
1603 1007 1719 1044 ver-

181 1092 283 1140 sati
319 1099 458 1148 sunt,
488 1099 538 1139 et
568 1088 663 1138 hoc
706 1086 837 1152 apud
893 1084 1189 1151 Egyptum,
1245 1083 1360 1134 inde
1408 1097 1522 1133 cum
1574 1080 1719 1133 beata

187 1180 392 1243 virgine
445 1180 655 1229 ltomani
706 1177 920 1240 reversi,
970 1175 1063 1226 sub
1110 1173 1345 1225 Gallieno
1392 1172 1722 1235 imperatore,

185 1267 331 1331 quod
362 1274 535 1316 essent
565 1263 837 1316 Christiani
870 1259 1198 1327 deprehensi,
1228 1267 1481 1325 coguntur
1527 1257 1725 1309 sacrifi-

138 1334 337 1417 litare,
366 1356 455 1406 sed
508 1368 607 1405 non
638 1353 1037 1413 consentientes,
1068 1349 1342 1402 durissime
1383 1348 1720 1400 verberaban-

189 1442 551 1513 tur._Cuinque
582 1444 683 1492 Deo
713 1439 863 1492 ﬁdem
893 1447 1161 1492 servantes
1191 1437 1506 1505 gauderent,
1540 1436 1728 1502 pariter

188 1532 543 1583 decollantur.
571 1531 631 1581 Et
654 1540 947 1582 sanctorum
976 1526 1158 1579 Felicis
1180 1536 1232 1578 et
1258 1525 1484 1591 Regule.

264 1616 327 1669 C.
360 1616 503 1669 Pam.
535 1618 647 1669 lous
673 1618 930 1671 Serrane.
955 1644 1023 1657 -—-
1058 1613 1199 1681 Apud
1247 1614 1425 1665 urbem
1474 1612 1727 1675 Ticinum,

1824 729 2075 793 discipulo
2103 728 2265 780 sancti
2306 728 2456 779 Marci
2492 727 2837 793 evangelistze,
2870 728 2930 777 ad
2958 728 3219 792 prmlatatn
3252 743 3334 777 ur—

1823 817 1937 869 bern
1964 815 2164 875 directi,
2190 816 2351 881 primo
2377 815 2478 867 illic
2503 816 2689 867 Christi
2718 815 3043 880 Evangelium
3070 814 3346 877 praedican-

1824 912 1920 967 tes,
1947 913 2002 956 et
2029 904 2221 969 magnis
2270 902 2540 954 virtutibus
2583 918 2642 955 ac
2688 903 2947 954 miraculis
2988 913 3340 965 coruscantes,

1824 994 1978 1045 etiam
2001 993 2191 1046 vicinas
2216 992 2367 1045 urbes
2390 992 2734 1045 Veronensem
2763 991 2957 1044 scilicet
2977 1001 3027 1043 et
3054 992 3341 1050 Britenani,

1824 1091 1878 1137 et
1909 1084 2251 1147 Laudensem,
2280 1082 2465 1135 divinis
2492 1082 2731 1147 operibus
2780 1080 3125 1141 illustrarunt;
3171 1081 3347 1145 sicque

1823 1172 1875 1224 in
1908 1171 2185 1238 pontificali
2218 1172 2429 1233 honore,
2462 1170 2668 1221 fundata
2696 1179 2748 1221 et
2780 1168 3079 1221 conﬁrmata
3113 1168 3209 1219 lide
3238 1182 3351 1219 cre-

1826 1261 2053 1311 dentium
2081 1260 2381 1326 populorum
2421 1258 2644 1325 glorioso
2672 1257 2771 1309 line
2791 1256 3091 1323 quieverunt
3120 1257 3168 1308 in
3202 1270 3343 1323 pace.

1831 1348 1881 1401 In
1906 1348 2173 1401 Antiochia
2202 1348 2367 1399 natale
2396 1348 2672 1399 Timothei.
2719 1348 2936 1400 Gateuas
2976 1348 3138 1399 sancti
3182 1348 3349 1414 Eupli.

1830 1438 2076 1503 Lugdune
2098 1437 2349 1503 depositio
2375 1436 2668 1489 Sacerdotis
2697 1436 2940 1502 episc0pi.
2981 1436 3353 1505 Augustoduno

1832 1526 1965 1577 beati
1996 1526 2190 1577 Eventii
2219 1525 2460 1590 episcopi.

1899 1613 1959 1666 D.
1994 1614 2105 1664 locs
2134 1614 2392 1664 SEPTEMB.
2418 1640 2484 1649 —
2511 1609 2563 1662 In
2605 1610 2914 1663 Alexandria
2958 1609 3092 1662 beati
3137 1606 3354 1675 Philippi

192 1718 315 1769 qme
338 1715 389 1757 et
417 1706 568 1771 Papia
606 1705 809 1769 dicitur,
836 1712 1128 1756 sanctorum
1168 1699 1519 1755 confessorum
1550 1701 1647 1752 Siri
1679 1711 1730 1752 et
1831 1700 2055 1763 episcopi
2099 1708 2151 1751 et
2194 1698 2456 1766 martyris,
2497 1698 2581 1765 qui
2631 1696 2902 1765 praalectus
2956 1698 3173 1763 primum
3225 1698 3356 1758 fuit,

1374 1791 1593 1842 EDlTlU
1635 1789 2116 1842 BOLLANDIANA.
2476 1799 2485 1808 '

270 1880 354 1932 ll.
378 1909 425 1919 -—
447 1880 506 1933 ΙΙΙ
531 1880 662 1933 lous.
698 1882 872 1934 Romae
898 1881 989 1934 SS.
1020 1888 1043 1914 ⁸
1074 1880 1211 1933 Proti
1241 1888 1291 1931 et
1316 1878 1612 1946 Hyacinthi,
1638 1879 1726 1945 qui
1765 1884 1801 1937 Β
1830 1879 1993 1955 scopi.
2021 1878 2266 1955 Liigdiino
2304 1877 2483 1955 Gal-lia:
2512 1876 2765 1955 depositio
2790 1875 2893 1955 8.]
2926 1876 3219 1955 Sacerdotis
3246 1879 3357 1955 epi-

192 1980 351 2021 erant
374 1970 594 2021 eunuchi
624 1970 682 2023 8.
708 1969 971 2038 Eugenire.

270 2077 431 2129 Addit
459 2077 641 2130 Florus
674 2079 722 2130 iit
756 2078 819 2131 A.
843 2078 905 2130 Τ.
939 2078 999 2131 L.
1028 2070 1175 2133 {Sed
1218 2079 1420 2133 fervore
1465 2079 1580 2132 lidei
1612 2076 1729 2129 facti

196 2174 325 2217 sunt
364 2165 606 2219 doctores
648 2164 954 2219 Christiana:
1000 2167 1125 2233 legis
1174 2169 1311 2220 unde
1355 2178 1409 2221 et
1460 2167 1727 2233 capitalem

196 2263 544 2319 susceperunt
578 2256 910 2307 sententiam.
1637 2259 1645 2265 ”

271 2346 333 2394 Α.
385 2343 447 2394 Τ.
494 2342 553 2393 L.
611 2342 691 2404 8.,
747 2344 991 2410 Lugduno
1020 2344 1275 2407 depositio
1316 2343 1370 2395 S.
1405 2340 1430 2378 ιι
1478 2340 1728 2410 Patientis

197 2412 453 2476 episcopi.
489 2411 569 2471 8.,
599 2410 651 2460 lu
685 2407 995 2463 Alexandria
1023 2412 1190 2462 natale
1214 2412 1308 2463 SS.
1344 2411 1459 2476 Syri
1490 2421 1541 2461 et
1568 2407 1723 2459 Sera-

198 2481 393 2541 pionis.
448 2480 499 2529 In
533 2477 720 2542 Aptiria
753 2479 922 2531 natale
960 2480 1053 2531 88.
1102 2479 1287 2533 Felicis
1332 2492 1384 2533 et
1413 2479 1614 2530 Donati.
1643 2476 1728 2541 C.,

199 2544 267 2597 Et
298 2548 348 2597 in
379 2556 526 2613 portu
559 2548 695 2599 urbis
724 2548 898 2599 Roma:
934 2555 955 2581 ο
990 2547 1223 2614 Ingenui.

276 2638 360 2687 12.
393 2664 458 2674 -
492 2636 530 2687 ll
563 2637 631 2687 lo.
663 2638 817 2688 Vacat
849 2638 1017 2690 Breda.

272 2726 332 2775 (Σ.
363 2724 444 2782 ν..
478 2725 528 2774 In
563 2724 841 2789 Pamphilio
874 2724 929 2776 S.
961 2726 1099 2791 Syri,
1126 2725 1245 2776 alibi
1278 2724 1333 2776 S.
1363 2723 1529 2786 Enpli.
1670 2721 1731 2772 Et

200 2791 524 2857 Serapionis.
560 2793 643 2853 D.,
675 2794 820 2857 Apud
845 2790 1028 2845 urbem
1059 2795 1313 2854 'l‘icinum,
1357 2807 1468 2854 qua:
1499 2800 1547 2839 et
1576 2790 1726 2852 Papia

202 2862 415 2920 dicitur,
444 2870 737 2911 sanctorum
770 2864 1118 2913 conl’essoruur
1160 2862 1273 2929 Syri
1307 2870 1358 2911 et
1389 2860 1413 2893 ά
1468 2858 1725 2929 Hyventii.

205 2930 291 2991 8.,
319 2930 371 2980 lu
399 2930 603 2982 civitate
624 2932 841 2983 Cateuas
866 2931 960 2983 88.
993 2938 1015 2966 ⁸
1048 2926 1271 2996 Εμυιῖει
1299 2928 1594 2994 Serapionis
1622 2926 1729 2989 epi-

1831 1947 1993 2007 scopi.
2058 1946 2108 1997 lii
2159 1946 2442 2009 Pamphilio
2498 1947 2665 1997 natale
2720 1944 2774 1997 S.
2826 1945 2993 2009 Cyrici
3049 1947 3274 2009 episcopi
3307 1960 3355 1997 et

1830 2013 2160 2065 Confessoris.
2187 2017 2246 2066 A.
2266 2014 2352 2077 'l'.,
2374 2013 2551 2065 Romae
2567 2012 2737 2065 natale
2755 2012 2808 2063 S.
2832 2012 3079 2080 Hypoliti.
3103 2016 3163 2064 Λ.
3188 2014 3247 2063 Τ.
3270 2014 3353 2075 L.,

1834 2083 2201 2143 Augustoduno
2222 2081 2473 2146 depositio
2501 2082 2557 2133 8.
2590 2090 2613 2125 Β
2659 2081 2858 2131 Evantii
2908 2082 3156 2145 episcopi.
3177 2082 3241 2134 T.
3270 2084 3351 2142 l...

1833 2149 1884 2200 In
1917 2150 2092 2203 Sicilia
2123 2154 2295 2217 passio
2326 2150 2627 2217 Serapionis
2660 2150 2887 2214 episcopi
2918 2158 2969 2202 et
2996 2150 3217 2201 aliorum
3253 2160 3357 2203 tre-

1831 2219 2018 2271 decim.

1898 2323 1983 2377 15.
2015 2352 2081 2363 --
2113 2324 2297 2377 IDIBUS.
2331 2324 2482 2377 Vacat
2516 2323 2684 2376 Bicda.

1901 2429 1983 2501 D.,
2008 2431 2151 2495 Apud
2178 2431 2453 2501 .Egyptum
2476 2431 2682 2501 civitate
2713 2431 3043 2501 Aleaandria.
3078 2432 3157 2491 8..
3187 2435 3211 2468 δ
3241 2432 3361 2501 Plii-

1833 2497 1955 2563 lippi
1982 2500 2209 2563 episcopi
2250 2497 2300 2550 et
2340 2502 2602 2567 martyris.
2630 2500 2691 2551 Β.
2724 2500 2784 2552 V.
2817 2500 2873 2552 L.
2907 2504 2967 2551 A.
2995 2501 3083 2563 'l‘.,
3116 2500 3363 2566 Augusti-

1833 2567 1972 2617 duno
1999 2568 2257 2632 depositio
2290 2568 2345 2618 8.
2384 2567 2397 2603 ί
2436 2566 2653 2619 Nectarii
2699 2569 2946 2633 episcopi.
2988 2569 3071 2629 L.,
3106 2571 3170 2621 Et
3197 2571 3365 2631 Turo-

1836 2636 1913 2685 nis
1945 2638 1957 2681 l
1999 2635 2215 2686 Lictoris
2262 2635 2507 2700 episcopi.
2558 2637 2613 2685 8.
2652 2640 2710 2687 A.
2743 2636 2826 2695 T.,
2871 2637 2921 2687 ln
2954 2636 3132 2688 Galliis
3158 2640 3365 2692 civitate

1836 2701 2058 2774 Turonis
2087 2704 2432 2774 depositio}.
2464 2703 2679 2774 Lictoris
2707 2702 2821 2774 [B.,
2852 2703 3081 2774 Lifdonis]
3111 2707 3361 2771 episcopi.

1834 2770 2015 2820 Romus
2050 2774 2217 2821 natale
2254 2772 2309 2821 S.
2346 2769 2571 2837 Dionysii
2601 2769 2846 2835 episcopi.
2899 2769 3091 2824 Eodem
3122 2775 3203 2826 die
3234 2769 3363 2834 apini

1838 2838 2060 2909 Duacuni
2092 2838 2231 2906 [T.et
2264 2838 2323 2889 Β.
2359 2855 2457 2909 om.
2487 2840 2618 2901 apud
2654 2837 2902 2909 Duacutn]
2929 2842 3179 2902 depositio
3201 2842 3363 2909 (Alius

1836 2907 2101 2974 transitus)
2124 2910 2179 2959 8.
2217 2910 2238 2945 ιι
2269 2908 2437 2959 Amati
2463 2908 2709 2974 episcopi.
2762 2908 2845 2970 8.,
2888 2910 2942 2961 In
2987 2910 3169 2976 Apulia
3200 2907 3369 2961 natale

1559 3012 1759 3065 Sill'fll
1799 3012 2020 3067 NOTAE.

206 3114 274 3153 xx
306 3098 558 3160 Januarii,
612 3097 694 3162 qui
741 3098 869 3150 obiit
893 3114 976 3149 an.
1021 3097 1176 3150 1107.
1216 3098 1357 3149 Alius
1382 3080 1536 3149 etiam
1572 3100 1731 3151 Bene-

1836 3098 2066 3151 Coiutius
2125 3097 2413 3164 consignat.
2484 3096 2703 3150 Gntmos
2757 3099 2875 3152 Sen.
2945 3100 3108 3153 Gneo.
3160 3101 3357 3157 TI'ROX.

205 3167 380 3217 dictus
434 3168 642 3217 eremita
684 3168 869 3218 colitur
919 3166 1094 3218 Nitria:
1144 3168 1192 3218 in
1238 3165 1497 3232 Hungaria
1528 3168 1611 3220 die
1653 3184 1736 3220 xvr
1768 3175 1811 3233 ο
1844 3168 1955 3219 llist
2028 3183 2096 3230 tv,
2150 3166 2238 3228 36,
2296 3175 2348 3217 et
2392 3167 2628 3231 ejusdem
2675 3168 2900 3221 auctoris
2954 3168 3081 3221 Vitae
3136 3170 3363 3225 Patroni.

208 3236 351 3290 Julii.
386 3234 679 3287 FERRARIL'S
710 3237 758 3287 in
788 3234 951 3286 Gatal.
984 3234 1113 3286 Gen.

283 3301 496 3353 ‘Proti.
542 3306 717 3355 Romae
746 3305 824 3355 via
856 3304 1050 3355 Salaria
1094 3304 1142 3353 iii
1187 3304 1489 3355 caemeterio
1539 3302 1743 3354 Basillaa

212 3371 265 3421 hi
320 3374 501 3432 sepulti
550 3382 686 3433 sunt,
746 3373 833 3435 qui
882 3372 977 3423 sub
1029 3371 1261 3423 Gallieno
1310 3372 1619 3435 imperatore
1649 3372 1743 3422 de-

213 3440 457 3505 prehensi
487 3451 603 3492 sunt
632 3443 765 3507 quod
789 3449 962 3491 essent
990 3437 1289 3491 Christiani.
1315 3440 1529 3490 Exstant
1561 3454 1737 3490 eorum

217 3524 304 3557 res
334 3516 494 3571 gesta:
524 3510 571 3559 in
606 3510 749 3559 Actis
790 3507 845 3558 8.
882 3509 1143 3568 Eugeuize,
1170 3507 1234 3559 de
1274 3522 1371 3571 qua
1398 3509 1565 3573 agitur
1610 3508 1743 3573 apud

218 3577 430 3629 Surium
463 3585 586 3627 tum.
622 3576 701 3633 Vl,
732 3575 814 3625 die
843 3590 927 3626 vui
960 3576 1065 3627 Kal.
1096 3575 1305 3627 Januar.

294 3642 319 3679 δ
356 3641 617 3693 Patientis.
650 3642 1007 3709 Lugdunensis
1037 3644 1261 3707 episcopi
1291 3642 1519 3694 vicesimi
1548 3643 1748 3705 quarti;

222 3711 312 3771 qni
354 3709 449 3761 fuit
488 3721 664 3763 contra
708 3712 1007 3777 Pelagianos
1049 3721 1396 3776 propugnator
1424 3712 1747 3762 acerrimus:

222 3779 607 3831 Gallicanorum
639 3780 997 3845 episc0porum
1039 3778 1270 3830 interluit
1295 3780 1535 3839 concilio,
1573 3781 1620 3829 in
1649 3792 1749 3843 quo

222 3848 431 3912 cognita
458 3858 506 3899 et
536 3848 813 3911 approbata
858 3857 938 3900 est
986 3847 1113 3899 lides
1152 3846 1402 3898 catholica
1454 3845 1625 3897 Fausti
1656 3847 1752 3899 Le-

226 3913 491 3976 rinensis,
557 3916 849 3967 damnantis
918 3917 1151 3980 dogmata
1223 3915 1435 3979 Pelagii.
1496 3916 1753 3979 Tempore

228 3984 721 4050 maximaeegestatis
745 3993 795 4033 et
824 3983 970 4034 lamis
988 3986 1125 4047 larga
1150 3997 1302 4034 manu
1316 3997 1415 4032 non
1431 3984 1535 4034 suis
1555 3993 1750 4033 tantum

227 4050 321 4102 sed
346 4051 727 4103 Arelatensibus
750 4091 763 4109 ,
780 4051 1208 4111 Arveruensibus,
1232 4061 1283 4101 et
1300 4051 1411 4103 aliis
1440 4051 1749 4101 frumentum

231 4120 446 4170 mittens
472 4118 730 4173 subvenit.
768 4117 1061 4171 Obiitcirca
1090 4134 1175 4170 an.
1211 4119 1331 4170 480.
1379 4119 1505 4184 Ejus
1524 4120 1753 4169 meminit

230 4188 512 4250 Gregorius
552 4186 746 4239 Turon.
798 4187 928 4239 Hist.
978 4201 1033 4246 it.
1062 4187 1160 4246 24,
1192 4198 1240 4239 et
1278 4187 1518 4239 Sidonius
1560 4188 1757 4251 Apolli-

234 4270 375 4373 ἲιίης
404 4269 521 4333 eum
557 4257 730 4373 lambat
754 4256 821 4307 ob
842 4255 1114 4308 ecclesiam
1148 4255 1382 4321 Lugduni
1408 4264 1753 4307 constructam

256 4338 269 4371 i
309 4359 321 4371 .
358 4336 414 4373 n.
438 4332 587 4373 epist.
694 4360 707 4372 .

256 4332 321 4371 ιι).
358 4336 414 4385 n,
438 4332 587 4385 epist.
627 4332 707 4373 tu.

236 4392 593 4525 Wrydizaenui.
637 4391 844 4444 llieron.
876 4390 1139 4472 Martyrol.
1184 4390 1255 4443 illi
1294 4390 1382 4443 dat
1411 4390 1605 4443 socium
1633 4390 1753 4457 Ilip-

306 4525 333 4563 ἀ
374 4525 629 4593 Hyoeutii.
681 4526 807 4581 Sive
860 4528 1092 4587 Iuventii.
1149 4528 1226 4579 vel
1279 4525 1495 4589 Eventii,
1556 4528 1631 4579 vel
1668 4526 1759 4579 Ju-

241 4596 427 4653 ventii,
460 4597 524 4647 de
550 4611 651 4662 quo
677 4598 913 4662 superius
934 4596 1119 4647 iterum
1150 4604 1298 4649 sexto
1332 4596 1445 4646 Idus
1471 4595 1754 4649 Februarii.

241 4665 313 4715 De
357 4663 608 4731 llyventio
650 4673 703 4716 et
758 4665 889 4731 Syro
931 4665 1187 4731 episcopis
1233 4664 1498 4716 Usuardus
1553 4675 1604 4715 et
1649 4666 1760 4715 Ado

1152 4732 1354 4784 cclesiai
1376 4732 1664 4783 'l‘ieineusis
1696 4733 1761 4783 de

242 4813 462 4865 utroque
498 4803 714 4852 seorsiui
767 4801 933 4866 agitur
963 4816 973 4849 :
1023 4802 1260 4851 nimirum
1291 4802 1640 4867 dellyventio
1670 4814 1762 4852 oc-

242 4879 360 4920 tavo
391 4870 462 4921 Id.
495 4868 648 4921 Febr.
683 4879 732 4921 et
753 4870 817 4921 de
841 4869 973 4935 Syro
1000 4868 1179 4937 quinto
1211 4868 1327 4920 ldus
1356 4868 1598 4921 Decemb.
1622 4870 1762 4935 ejus-

240 4732 394 4783 hodie
414 4740 591 4797 agunt.
624 4732 675 4784 In
707 4732 892 4783 tabulis
912 4742 1081 4785 autem

240 4951 343 5003 que
375 4938 762 4989 translationem
805 4952 890 4988 xvr
924 4937 1034 4991 Kal.
1063 4936 1199 4989 Junii
1228 4938 1511 4990 celebrant.

319 5012 342 5039 ο
387 5003 558 5070 Epuli'.
592 5008 693 5058 Seu
727 5006 895 5070 Eupli,
940 5006 1147 5057 Catane
1176 5008 1225 5057 in
1265 5006 1436 5057 Sicilia
1466 5020 1581 5058 cum
1611 5003 1762 5057 Sera-

244 5073 399 5140 pione
423 5072 576 5137 passi.
607 5073 873 5127 Ferrarius
900 5074 951 5127 in
982 5075 1217 5139 catalogo
1245 5075 1471 5138 generali
1501 5074 1764 5126 existimat

241 5156 334 5194 eos
385 5142 480 5192 sub
506 5142 842 5195 Constantino
890 5154 943 5195 et
978 5143 1123 5195 [rene
1152 5143 1363 5205 vixisse,
1407 5152 1459 5194 et
1486 5156 1577 5195 eos
1604 5143 1767 5209 pridie

241 5220 513 5263 memorat.

318 5278 337 5315 ι
372 5277 674 5332 Sacerdotis.
724 5278 1083 5345 Lugdunensis
1112 5277 1339 5345 episcopi
1368 5278 1636 5333 tricesimi.
1671 5279 1763 5331 llic

245 5347 513 5399 tediticavit
546 5359 596 5400 et
620 5348 821 5399 dotavit
849 5348 1123 5402 ecclesiam
1156 5347 1213 5401 S.
1247 5349 1386 5399 Pauli
1417 5358 1467 5399 et
1489 5349 1767 5400 ecclesiam

246 5416 304 5468 8.
351 5414 562 5467 Eulalia:
592 5430 707 5482 qua:
758 5430 893 5468 nunc
920 5419 972 5469 8.
1026 5416 1234 5483 Georgii
1281 5416 1498 5483 dicitur;
1539 5417 1769 5468 interluit

246 5487 605 5538 Aurelianensi
640 5499 668 5535 v
695 5484 917 5538 concilio
945 5482 1208 5536 celebrato
1230 5499 1365 5536 anno
1387 5482 1510 5535 549.
1542 5485 1769 5537 Decessit

247 5551 383 5616 apud
418 5552 639 5605 Parisios
686 5566 799 5619 post
825 5553 1078 5621 synodum
1110 5554 1271 5617 illam,
1309 5569 1421 5616 qu.»
1450 5553 1762 5605 Saﬂziracum

245 5626 465 5685 expulit,
491 5636 607 5674 cum
649 5622 704 5673 8.
733 5623 961 5674 Nicetius
1006 5624 1071 5673 ab
1099 5623 1209 5685 ipso
1257 5637 1527 5673 successor
1552 5624 1665 5686 ejus
1691 5631 1769 5673 est

248 5692 466 5740 electus.
494 5690 781 5743 Sallaraeus
808 5704 979 5741 autem
1010 5700 1371 5741 exaucmratus
1392 5701 1470 5741 est.
1498 5694 1545 5741 in
1569 5691 1768 5755 synodo

254 5758 527 5812 l'arisiensi
578 5774 635 5825 tt,
680 5774 831 5827 quam
884 5773 1017 5811 anno
1048 5758 1145 5811 555
1193 5759 1521 5819 Sit‘inondus,
1557 5775 1639 5811 an.
1668 5758 1760 5812 {ibi

1844 3252 1952 3298 vni,
1986 3238 2034 3288 5.

1912 3314 1935 3349 s
1970 3303 2183 3354 Erantii.
2245 3303 2289 3353 ls
2322 3304 2370 3353 in
2404 3302 2586 3354 tabulis
2634 3304 2994 3371 episcoporum
3024 3306 3363 3359 :Eduensium

1845 3374 1978 3438 apud
2031 3374 2395 3423 Deuiorliareni
2446 3385 2545 3420 non
2592 3373 2866 3440 reperitur,
2910 3375 3007 3425 nisi
3040 3376 3103 3425 sit
3150 3380 3232 3440 qui
3264 3378 3365 3428 Eu-

1848 3440 2055 3490 nuthius
2106 3440 2418 3495 nominatur,
2459 3452 2486 3489 ι
2528 3439 2801 3503 episcopus
2863 3439 3366 3507 Augustoduucnsis,

1845 3510 1925 3560 cui
1959 3518 2126 3557 tamen
2166 3507 2452 3557 sam-litatis
2479 3516 2595 3556 nota
2633 3510 2864 3571 apposita
2894 3524 2994 3559 non
3022 3519 3121 3561 est.

1917 3576 1940 3611 ιι
1986 3576 2225 3638 Philippi.
2270 3575 2338 3625 De
2368 3575 2462 3626 hoc
2493 3574 2738 3628 Baronius
2770 3578 2817 3627 in
2849 3576 2993 3629 Notis
3036 3579 3110 3629 sic
3150 3580 3328 3631 scribit
3356 3599 3369 3633 :

1854 3663 1869 3692 ι
1908 3644 2017 3696 Ado
2044 3655 2093 3696 et
2119 3644 2203 3693 alii
2233 3644 2547 3694 recentiores
2567 3645 2855 3710 corrigendi
2885 3656 3025 3706 sunt,
3047 3646 3166 3698 dum
3190 3664 3250 3698 ex
3280 3650 3373 3700 Ac-

1850 3715 1913 3763 tis
1936 3714 1989 3764 S.
2019 3712 2258 3777 Eugeniae
2280 3712 2456 3761 dicunt
2485 3712 2623 3761 illum
2653 3709 2808 3765 fuisse
2833 3713 3131 3779 episc0pum
3157 3716 3373 3768 Alexan-

1848 3782 2052 3831 drinum
2088 3796 2100 3831 :
2137 3795 2249 3828 nam
2280 3780 2391 3843 ejus
2423 3781 2719 3842 praefectura
2749 3781 3043 3845 smcularis,
3074 3798 3174 3833 non
3205 3798 3371 3837 sacer-

1849 3849 2037 3899 dotalis
2077 3847 2168 3899 fuit
2208 3863 2218 3896 :
2262 3846 2513 3899 Eusebius
2556 3848 2743 3899 etenim
2785 3862 2899 3899 cum
2943 3860 3045 3900 tam
3091 3851 3139 3901 in
3180 3852 3374 3903 (Lliron.

1851 3931 2003 3983 quam
2035 3916 2084 3968 in
2120 3916 2249 3967 llist.
2284 3916 2409 3967 texit
2446 3918 2633 3967 seriem
2676 3918 3033 3982 episcoporum
3076 3918 3377 3973 Alexandri-

1852 4000 2056 4046 norum,
2098 3995 2150 4036 et
2180 3984 2389 4047 Nicepti.
2421 3985 2619 4053 Galtrist.
2648 3995 2699 4037 et
2735 3985 2818 4037 alii
2850 3986 2934 4050 qui
2965 3987 3012 4038 id
3054 3986 3218 4053 ipsum
3252 4004 3382 4053 pra:-

1850 4062 2115 4113 stiterunt,
2147 4053 2280 4104 inter
2310 4052 2683 4105 Alexandrinos
2709 4055 2978 4119 episcopos
3006 4052 3105 4106 non
3133 4052 3381 4110 annume—

1853 4132 1966 4172 rant
2009 4120 2318 4186 Philippum.
2368 4122 2563 4172 ltursus
2602 4130 2772 4172 autem
2820 4120 2869 4173 in
2912 4122 3096 4173 eodem
3146 4122 3383 4189 Philippo

1852 4190 1909 4241 S.
1944 4190 2183 4256 Eugeniae
2215 4199 2355 4252 patre
2384 4198 2688 4241 erraverunt
2725 4189 2809 4239 alii
2839 4191 2924 4254 qui
2968 4201 3207 4256 putarunt
3234 4207 3383 4244 euin-

1854 4258 1969 4309 dem
2000 4270 2117 4308 esse
2144 4256 2433 4322 Philippum
2461 4259 2584 4317 imp.
2618 4266 2670 4308 ut
2698 4257 2963 4309 Cedrenus
2994 4259 3042 4308 in
3074 4259 3378 4321 Maximino;

1853 4340 1981 4390 quos
2040 4325 2264 4376 Zonaras
2313 4326 2430 4390 jure
2482 4326 2740 4389 redarguit
2791 4326 2840 4376 iit
2899 4327 3133 4392 Philippo
3182 4330 3306 4389 Imp.
3363 4349 3380 4378 ι

1854 4393 2036 4445 Gladio
2079 4405 2248 4445 autern
2282 4392 2538 4458 iugulatus
2564 4402 2642 4444 est
2682 4392 2827 4458 jussu
2866 4393 3090 4446 Terentii
3138 4398 3385 4462 praefecti,

1859 4463 1969 4532 ejus
2004 4466 2339 4532 successoris,
2366 4466 2557 4513 Severo
2594 4470 2645 4512 et
2684 4462 2945 4514 Antonino
2985 4463 3089 4515 (ilio
3131 4468 3379 4532 regnanti-

1860 4530 1977 4593 bus,
2009 4541 2061 4580 ut
2093 4534 2214 4581 Aeta
2246 4531 2483 4585 Eugeniae
2514 4539 2778 4581 testantur.

1938 4598 1952 4634 ί
2002 4600 2241 4649 Nectarii.
2298 4597 2411 4667 Fuit
2458 4598 2541 4648 hic
2573 4600 2814 4667 μαι-ἱιιιιιθ
2860 4610 3069 4650 octavus
3113 4602 3385 4667 episcopus

1862 4666 2361 4733 Augustodunensis,
2388 4677 2543 4733 prout
2571 4665 2618 4715 iu
2644 4667 2803 4717 Tabul
2829 4683 2853 4719 ε
2879 4668 3122 4718 Detnocli.
3150 4665 3384 4733 apparet.

1863 4731 2034 4787 De'eo
2058 4733 2111 4784 in
2140 4731 2247 4784 Vita
2280 4734 2333 4787 S.
2368 4732 2605 4785 Germani
2636 4737 2863 4800 eplaCGpl
2897 4731 3385 4801 Autissiodurensis,

1860 4802 2005 4867 Cujus
2034 4800 2128 4851 l'nit
2150 4813 2631 4866 contemporaneus.

1934 4870 1947 4918 i
1996 4869 2220 4920 Πριηνέα.
2280 4870 2366 4921 Vel
2397 4869 2597 4930 Litorii,
2627 4870 2839 4922 secundi
2869 4871 3095 4937 episcopi
3120 4872 3375 4925 Turonen-

1866 4938 2087 5011 sis._Qui
2115 4952 2248 4989 anno
2276 4939 2484 5011 imperii
2504 4941 2809 5011 Constantis
2836 4946 3017 5003 primo,
3050 4942 3237 5011 tiliristi
3266 4942 3385 5004 557,

1863 5008 2131 5057 ordinatus
2168 5018 2247 5056 est
2279 5024 2293 5057 ;
2328 5006 2421 5057 fuit
2458 5008 2523 5058 de
2552 5008 2747 5059 civibus
2775 5009 3041 5060 Turonici's
3072 5006 3086 5060 Ξ
3119 5012 3389 5063 :edilicavit

1864 5076 2143 5145 ecclesiam
2166 5074 2295 5126 infra
2323 5077 2499 5127 urbem
2526 5076 2830 5129 Turoniciim
2860 5079 3097 5140 primam,
3127 5079 3389 5145 primaque

1865 5145 1931 5195 ab
1950 5160 2011 5194 eo
2034 5158 2094 5195 ex
2119 5144 2273 5195 domo
2298 5146 2562 5209 cujusdam
2592 5148 2844 5195 senatoris
2876 5145 3080 5199 basilica
3112 5148 3239 5199 facta
3262 5144 3337 5199 est
3369 5166 3379 5199 ε

1866 5215 2001 5283 sedit
2028 5226 2201 5283 annos,
2231 5210 2319 5274 35,
2348 5224 2416 5283 Let
2460 5213 2586 5283 obiit
2633 5216 2961 5283 sepultusque
3002 5228 3077 5267 est
3120 5217 3169 5267 in
3209 5231 3384 5283 supra-

1864 5282 2049 5345 scripta
2082 5282 2305 5332 basilica.
2335 5280 2495 5334 Gnrc.
2524 5281 2744 5343 Tenos,
2775 5282 2902 5334 llist.
2940 5300 2988 5346 ι,
3020 5286 3105 5337 51.

1940 5353 1961 5386 κ
2004 5347 2185 5399 Amati.
2218 5350 2310 5413 Qui
2332 5390 2345 5411 ,
2378 5350 2593 5402 Senecio
2622 5350 2995 5403 Senonensium
3026 5355 3268 5419 episcopo
3296 5353 3385 5405 deo

1867 5417 2058 5479 functo,
2084 5420 2341 5469 communi
2371 5419 2599 5469 omnium
2627 5434 2879 5473 consensu
2908 5422 3103 5473 electus
3130 5417 3213 5473 est
3236 5438 3247 5471 :
3280 5436 3385 5473 nia-

1870 5487 2031 5537 loruin
2064 5486 2251 5537 invidia
2278 5496 2573 5548 accusatus,
2608 5503 2637 5539 a
2667 5488 2989 5540 Theoderico
3020 5505 3138 5554 rege
3172 5492 3219 5541 in
3246 5492 3383 5543 exsi—

1870 5554 1990 5605 lium
2017 5557 2190 5619 pulsus
2212 5564 2308 5619 est,
2335 5566 2385 5606 et
2417 5557 2666 5622 Peronam
2699 5571 2877 5622 pagum
2918 5559 3384 5609 Verotnaniluoruui

1869 5624 2143 5687 perductus
2180 5625 2275 5675 sub
2303 5625 2532 5675 custodia
2566 5624 2639 5676 SS
2691 5627 2928 5676 abbatum
2974 5625 3138 5678 Ultaui
3171 5636 3224 5678 et
3264 5625 3376 5677 Fer-
3430 5636 3431 5639 ‘

1870 5694 1957 5742 saei
1985 5689 2111 5751 fuit;
2141 5706 2201 5742 ac
2221 5692 2407 5743 deinde
2428 5694 2525 5743 sub
2546 5693 2600 5745 S.
2626 5692 2911 5757 Mauronto,
2935 5709 3083 5759 quem
3118 5696 3172 5747 S.
3201 5702 3387 5744 Amun-

1872 5763 1964 5812 dus
2000 5760 2301 5813 clericorum
2332 5761 2592 5831 abbatum
2623 5762 2669 5813 iu
2702 5763 2815 5815 loco
2840 5764 2923 5829 qui
2957 5762 3153 5814 Broilns
3178 5763 3380 5817 dicitur.
