3898 6394
281 489 423 541 10ιὸ

1383 499 1566 552 SEC'I‘.
1608 499 1669 552 ll.
1713 528 1776 540 -—
1815 499 2353 554 MMH‘YROLOGIA.

3284 495 3342 544 te
3355 492 3422 544 tt}

1496 581 1708 656 corno
1755 605 2196 657 COLONIENSlS.

263 692 366 737 ctre
393 687 600 753 virginis
641 687 896 752 Feliculze,
925 701 1073 752 quam
1100 688 1207 751 ipse
1250 703 1341 752 pro
1367 691 1570 744 Christo
1619 691 1798 756 puniv-
1830 696 1868 746 A
1902 703 2068 744 menta
2106 702 2350 753 rotarum,
2383 691 2525 759 ignes
2568 698 2621 742 et
2665 690 2884 754 pondera
2935 689 3156 753 lapidum
3201 689 3422 752 anguli--

265 783 369 834 rat,
400 775 682 839 sepelisset,
713 776 861 839 jussit
887 776 1000 824 duri
1030 775 1087 824 ad
1125 776 1531 828 sacriﬁcandum.
1564 779 1791 842 Quere-

265 872 481 924 nuentc,
524 864 791 926 Plumbatés
822 863 1101 914 dlllllﬁal'liti
1131 878 1292 939 cassus
1336 865 1569 930 migravit
1596 869 1657 916 ad
1689 865 1810 916 llo--

265 949 491 1021 mitium.
544 950 697 1015 Cujus
739 965 921 1013 Corpus
968 950 1017 1002 in
1058 951 1280 1003 Tiberim
1319 953 1546 1014 jactavit,
1588 955 1719 1017 quod
1766 968 1792 1003 a

262 1038 464 1090 clerico
493 1040 667 1103 ipsius,
697 1041 899 1090 nomine
929 1039 1095 1101 JuSto,
1125 1051 1198 1091 est
1228 1043 1512 1098 collectum.
1545 1053 1596 1093 et
1624 1043 1793 1105 sepul-

266 1135 378 1174 tum
406 1124 549 1189 juxta
578 1139 749 1177 muros
782 1127 860 1175 v?a
890 1125 1226 1178 Numentana.
1260 1128 1580 1179 (illlillOllt‘lnbl
1626 1139 1794 1177 eaStro

262 1210 550 1264 Trenorcio
595 1216 755 1265 sancti
877 1216 1046 1265 .eriani
1111 1216 1378 1281 martyris,
1429 1216 1522 1267 sub
1582 1216 1794 1279 prteside

267 1300 466 1364 Prisco,
492 1317 640 1368 quem
663 1303 818 1370 jussit
840 1305 1103 1371 susiiendi,
1127 1320 1186 1357 ac
1212 1306 1351 1371 gravi
1385 1306 1683 1371 ungularum
1717 1304 1791 1353 la-

261 1391 529 1442 ceratione
553 1392 790 1451 cruciari,
841 1405 901 1443 ac
938 1391 1123 1445 deinde
1171 1392 1298 1457 gladi
1325 1412 1333 1438 ›
1367 1392 1579 1454 percuti.
1611 1393 1673 1441 Et
1702 1405 1794 1441 na-

265 1477 374 1526 tale
402 1477 565 1528 sancti
593 1478 714 1541 Apri
752 1477 999 1543 episcopi,
1032 1488 1082 1529 et
1111 1480 1270 1528 sancti
1303 1479 1508 1528 LC‘Jllllll
1538 1478 1794 1528 conl’eSSo-

263 1566 360 1614 ris.
391 1563 443 1613 ltt
483 1563 786 1615 Alexandria
817 1575 1110 1617 sanctorum
1143 1567 1457 1631 Serapionis,
1492 1564 1705 1616 Leontii.
1741 1565 1791 1617 ln

261 1650 396 1720 Cyra
431 1651 638 1705 Galatia:
663 1655 822 1706 sancti
855 1655 1045 1715 Eleuci,
1077 1655 1259 1706 Valerii
1289 1665 1336 1707 et
1364 1655 1619 1721 Cyririnis,
1651 1654 1796 1707 Stra-

265 1744 422 1802 tonis.
450 1743 686 1794 Macrobii
715 1755 760 1794 et
788 1744 1093 1795 Constantii.
1123 1744 1172 1794 In
1206 1744 1404 1810 Ancyra
1447 1745 1605 1794 saw-ti
1654 1744 1791 1794 Pauli

261 1831 512 1896 episcopi.
558 1831 800 1897 Lugdune
839 1833 1089 1896 depositio
1140 1833 1308 1884 Albini
1354 1833 1602 1897 episeopi,
1633 1842 1685 1885 et
1711 1846 1795 1884 oc-

267 1929 380 1969 lava
407 1919 591 1970 natalis
616 1931 806 1969 sancta:
837 1919 1004 1970 lilaiiae
1036 1920 1264 1982 virginis.

1897 784 2046 841 rium,
2086 779 2270 832 bestias
2309 787 2361 830 et
2408 780 2577 843 plagas
2606 779 2880 842 virgarum,
2935 789 3106 827 serras
3153 785 3325 824 acutas
3365 784 3423 823 et.

1896 868 2173 932 sartagines
2205 867 2383 930 ignitas
2413 865 2548 915 vicit.
2584 865 2632 914 ln
2663 867 2836 914 ultimo
2866 871 3041 913 sancta
3073 863 3215 927 virgo
3245 861 3415 930 ,prcci-

1897 956 1988 1005 bus
2021 956 2256 1014 obtinuit,
2289 964 2336 1004 nt
2366 969 2460 1003 tina
2491 968 2550 1003 ex
2581 953 2758 1003 bestiis
2790 965 3014 1002 morsum
3038 950 3134 1001 sibi
3161 949 3414 1013 inﬁgeret.

1895 1041 2040 1090 et-ita
2071 1039 2447 1091 immaculatum
2475 1037 2706 1104 spiritum
2743 1037 2962 1088 Domino
2990 1035 3227 1088 reddidit.
3259 1034 3416 1100 Cujus

1895 1139 2079 1195 corpus
2104 1131 2476 1195 Pliiloplironus
2517 1140 2656 1194 pater
2684 1129 2813 1193 eius,
2859 1136 2909 1180 et
2935 1126 3204 1178 Tlieodora
3256 1137 3415 1176 mater

1893 1217 2004 1283 ejus
2031 1229 2260 1268 curatum
2283 1217 2612 1284 sepelierunt,
2637 1218 2778 1281 quasi
2802 1215 2938 1266 mille
2962 1228 3139 1278 passus
3160 1227 3186 1263 a
3214 1211 3416 1264 civitate

1895 1303 2235 1355 Chalcedona.
2281 1303 2456 1354 Romae
2488 1311 2778 1354 sanctorum
2807 1301 2972 1352 Lucite
3013 1311 3058 1351 et
3106 1298 3413 1359 tieminiani,

1896 1392 2204 1454 imperatore
2235 1390 2566 1450 Diocletiano,
2592 1388 2847 1455 jndicibns
2874 1386 3146 1453 Apol'rasio
3172 1397 3224 1437 et
3251 1387 3415 1450 Mega-

1895 1479 1987 1528 sio.
2024 1478 2460 1528 Manseratautem
2496 1479 2640 1528 beata
2670 1475 2823 1526 ania
2873 1477 2922 1526 in
2971 1475 3215 1527 viduitate
3256 1487 3414 1524 annos

1898 1564 2098 1629 triginta
2129 1579 2217 1615 sex
2244 1580 2256 1624 ;
2287 1565 2440 1614 tetius
2470 1564 2604 1613 enim
2629 1563 2743 1613 vitae
2768 1575 2875 1613 sua:
2898 1561 3014 1612 anni
3044 1562 3186 1612 fuere
3211 1570 3414 1624 septun-

1894 1651 2028 1715 ginta
2059 1651 2302 1716 quinque.
2346 1650 2470 1714 Quae
2501 1658 2735 1700 accusata
2777 1663 2801 1696 a
2853 1647 2957 1699 tilio
2986 1662 3079 1697 suo
3109 1647 3241 1713 quod
3273 1644 3413 1698 cltri—

1893 1739 2055 1789 stiana
2081 1739 2294 1797 viveret,
2329 1740 2491 1800 primo
2521 1736 2568 1786 in
2591 1749 2846 1786 carcerem
2872 1735 3021 1785 missa
3049 1743 3148 1792 est,
3176 1733 3261 1784 ubi
3287 1747 3411 1784 con--

1893 1827 2190 1878 solationem
2246 1824 2469 1876 divinam
2521 1823 2830 1888 promeruit;
2877 1822 2994 1874 dein
3038 1820 3254 1873 fustibus
3299 1821 3410 1872 diu-

1860 1930 1863 1933 ·
1895 1917 2089 1965 tissime
2116 1927 2267 1974 caesa,
2299 1922 2351 1964 et
2371 1912 2540 1963 subito
2578 1921 2727 1964 terra:
2751 1920 2930 1961 imotus
2975 1911 3135 1962 tactus
3170 1909 3259 1961 est
3303 1924 3414 1960 ma-

340 2003 402 2055 G.
429 2005 538 2056 XVI
565 2005 793 2076 linem.
839 2006 966 2058 (ιετ,
997 2034 1062 2044 -
1099 2005 1269 2055 Natale
1313 2016 1498 2054 sanctre
1552 2006 1788 2054 Eufemia»
1825 1993 1866 2048 Β
1894 2017 2046 2066 gnus,
2079 2009 2131 2052 et
2159 1999 2400 2065 templum
2427 1998 2566 2048 Jovis
2613 1996 2679 2048 ita
2717 1998 3004 2060 subrntnm,
3056 2007 3108 2048 ιιι
3155 2011 3247 2048 nec
3290 1997 3415 2059 lapis

262 2093 497 2154 Virginis,
521 2082 633 2157 qum.
659 2095 986 2160 martyrizata
1033 2103 1109 2142 est
1134 2092 1242 2151 ,snli
1273 2090 1587 2140 Diocletiano
1627 2092 1788 2153 impe-

263 2189 455 2238 ratore,
486 2179 792 2244 proconsule
822 2189 991 2230 autem
1026 2174 1218 2239 Prisco,
1252 2182 1298 2228 in
1331 2181 1533 2228 civitate
1573 2178 1786 2229 Cbaloc-

261 2268 421 2320 dona.
461 2269 582 2331 Quae
625 2278 873 2319 tormenta
917 2277 968 2317 et
1007 2281 1259 2330 carceres,
1294 2265 1506 2316 verbera
1547 2274 1598 2315 et
1643 2280 1790 2331 argu-

1893 2102 2045 2150 super
2097 2088 2311 2153 lapidem
2359 2095 2664 2138 remaneret.
2718 2085 2863 2137 Tunc
2917 2085 2966 2136 itt
3018 2085 3169 2137 ollam
3227 2099 3412 2137 a-ream

1897 2176 2047 2228 missa
2089 2187 2187 2236 εει,
2232 2177 2341 2242 pice
2368 2183 2417 2227 et
2457 2173 2663 2240 plumbo
2707 2173 3011 2238 ferventem,
3042 2173 3123 2224 ubi
3165 2172 3330 2224 triduo
3360 2174 3418 2224 il-

1897 2266 2014 2316 Ia-sa
2062 2265 2356 2330 permansit.
2392 2262 2571 2316 Postea
2611 2263 2820 2329 plumbo
2860 2270 2911 2312 et
2938 2260 3069 2314 ferro
3098 2271 3326 2321 onerata,
3360 2271 3411 2312 ct

1462 2373 1681 2424 EDITIO
1724 2371 2208 2423 BOLLANDIANA.

257 2465 319 2515 S.
360 2470 382 2495 α
415 2463 536 2528 Apri
568 2460 790 2528 episcopi
826 2479 836 2511 ε
870 2462 930 2512 Α.
961 2469 1011 2511 et
1040 2461 1099 2511 Τ.
1135 2461 1474 2524 prmmittunt,
1504 2458 1554 2509 ln
1581 2460 1786 2510 civitate

254 2553 430 2605 Tullo.
482 2553 536 2603 Β.
589 2567 709 2604 vero
754 2569 766 2602 :
817 2552 870 2602 In
920 2551 1179 2604 territorio
1224 2552 1563 2602 Cavilloneosi
1613 2561 1780 2601 caStro

253 2642 586 2692 Trinorcbio.
633 2641 693 2692 Et
724 2639 750 2675 ι’
783 2641 995 2693 Leobiui
1038 2639 1368 2692 confessoris.
1418 2639 1608 2691 Desunt
1652 2639 1787 2702 Aper

251 2741 310 2782 et
345 2731 594 2782 Leobinus
625 2731 673 2780 in
703 2729 761 2780 L.

331 2817 391 2867 A.
423 2815 508 2874 T.,
550 2815 799 2877 Belvagus
844 2815 1110 2866 translatio
1139 2813 1368 2876 corporis
1407 2813 1460 2862 S.
1495 2817 1515 2838 '
1548 2796 1778 2863 Luciani.

258 2884 458 2935 Eodem
506 2883 588 2934 die
612 2883 860 2943 depositio
897 2884 952 2934 S.
985 2884 1007 2915 ά
1045 2883 1239 2934 Aicadri
1272 2883 1468 2930 abbatis
1491 2922 1502 2938 ,
1531 2882 1615 2941 qui
1647 2889 1696 2929 et
1731 2881 1779 2930 in

210 2988 219 2997 .
257 2952 319 3003 L.
354 2949 626 3001 invenitur.
655 2948 738 3014 8:,
770 2952 818 2998 In
851 2950 1154 3001 Alexandria
1183 2947 1350 3001 natale
1380 2947 1528 2999 trium
1558 2948 1773 2998 fratrum

256 3018 456 3086 tiyrini,
491 3019 682 3069 Leontii
713 3030 762 3069 et
790 3018 1106 3084 Serapionis.

329 3105 411 3156 l6.
435 3133 505 3144 —
535 3102 647 3156 XVI
685 3105 812 3158 Κιιι..
854 3104 1035 3157 Natale
1072 3105 1125 3157 S.
1160 3114 1182 3139 ε’
1218 3104 1509 3169 Euphemia:
1549 3103 1778 3170 virginis,

251 3209 371 3260 qua:
411 3195 754 3262 martyrizavit
797 3193 892 3244 sub
933 3193 1248 3245 Diocletiano
1288 3192 1618 3257 imperatore,
1664 3207 1778 3257 pro-

252 3279 471 3333 consule
506 3290 678 3332 autem
720 3278 915 3341 Prisco,
959 3281 1008 3331 in
1049 3279 1252 3331 civitate
1291 3277 1596 3332 Calcedonia
1628 3295 1638 3327 :
1669 3293 1781 3344 qua:

1897 2467 2146 2509 tormenta
2188 2467 2237 2509 et
2277 2471 2532 2518 carceres,
2574 2459 2783 2509 verbera
2829 2467 2882 2510 et
2925 2465 3219 2524 argumenta
3268 2470 3407 2509 rota-

1895 2561 2003 2596 rnm
2026 2584 2039 2605 ,
2069 2546 2211 2610 ignes
2240 2554 2290 2597 et
2316 2547 2536 2611 pondera
2580 2545 2802 2610 lapidum
2833 2546 3148 2610 angn'ai-ium
3173 2585 3184 2605 ,
3219 2545 3406 2596 bestias

1892 2642 1942 2682 et.
1968 2634 2136 2682 clavas
2170 2631 2449 2698 virgarum,
2480 2646 2649 2684 serras
2679 2641 2853 2684 acutas
2881 2641 2930 2683 et
2959 2633 3243 2699 sartagines
3273 2631 3406 2696 igni-

1873 2733 1988 2782 .tas,
2024 2737 2225 2772 rursum
2251 2736 2472 2772 morsum
2506 2722 2677 2773 bestia:
2708 2737 2796 2787 pro
2822 2722 3024 2772 Cltristo
3049 2721 3325 2786 superavit.
3356 2731 3410 2774 ct

1892 2813 1951 2863 ad
2002 2812 2137 2864 mille
2183 2826 2358 2876 passus
2403 2812 2625 2864 civitatis
2669 2811 2970 2863 Calcedonis
3016 2813 3214 2875 sepulta
3257 2821 3334 2862 est
3377 2828 3405 2861 a

1885 2911 2026 2965 patre
2056 2916 2149 2952 suo
2181 2900 2584 2967 Philosnpltrone
2615 2901 2724 2969 [D..
2755 2897 3119 2969 Pliilnplirone]
3146 2911 3404 2953 senatore.

1883 2989 1996 3054 lpsn
2026 2989 2108 3039 die
2135 2991 2317 3041 natalis
2345 2998 2636 3042 sanctorum
2670 2988 2684 3026 ί
2716 2989 2883 3043 Lucia:
2908 2989 3018 3059 [D.,
3052 2990 3171 3042 Luci
3194 2987 3211 3056 ἶ
3235 3003 3278 3042 e:
3306 2989 3406 3042 Ge-

1883 3093 2112 3128 ΙΙΙΙΠΙΩΙΗ.

1951 3187 2010 3237 C.
2042 3187 2096 3237 Β.
2128 3185 2214 3245 ν..
2254 3186 2312 3237 Et
2351 3187 2468 3238 alibi
2507 3187 2558 3237 S.
2589 3197 2611 3230 Β
2650 3185 3020 3238 Emerentianm
3050 3187 3126 3236 vel
3160 3185 3404 3236 [intercu-

1887 3255 2038 3308 tianis
2069 3256 2146 3307 vel
2175 3254 2605 3307 Enterentianitis.

1591 3397 1792 3450 SMITII
1831 3397 2055 3451 NOTAE.

256 3494 579 3561 loneusium,
605 3495 688 3545 ubi
721 3493 923 3546 Priscus
954 3494 1010 3548 B.
1041 3493 1328 3546 Marcellum
1360 3501 1636 3558 martyrem
1679 3510 1767 3546 ne-

254 3571 461 3614 caverat
490 3577 579 3624 pro
605 3561 793 3613 Christi
827 3562 1061 3621 nomine,
1113 3561 1314 3624 prmsidi
1361 3561 1533 3612 Prisco
1562 3561 1765 3613 delatus

253 3639 354 3683 est.
384 3630 545 3692 Quem
591 3630 673 3681 ille
705 3630 920 3694 primum
967 3629 1116 3679 minis
1158 3629 1391 3693 frangere
1419 3639 1632 3679 conatus
1660 3640 1763 3691 est,

253 3697 442 3747 deinde
469 3711 773 3761 Suspensum
813 3707 859 3747 et
901 3697 1204 3762 ungularum
1239 3696 1545 3748 laceratione
1571 3699 1768 3749 crucia-

255 3778 362 3816 tutn
395 3765 598 3830 tandem
625 3763 792 3830 gladio
820 3765 1150 3814 animadverti
1185 3763 1318 3814 fecit.
1354 3767 1480 3814 Aoo.

324 3841 348 3866 ⁸
388 3833 527 3897 Apri.
570 3829 781 3882 Ponitur
825 3832 906 3882 hic
949 3832 1191 3892 septimus
1235 3832 1413 3886 ordine
1460 3830 1507 3880 in
1552 3831 1764 3889 Tabulis

249 3900 608 3963 episcoporum
641 3899 951 3950 Tnltensium
973 3942 986 3962 ,
1015 3914 1142 3963 quas
1178 3899 1450 3964 descripsit
1482 3899 1763 3951 Democha-

253 3981 356 4016 res.
392 3967 480 4018 llic
517 3981 576 4018 ex
607 3966 865 4016 causidico
893 3969 1200 4026 monachus,
1231 3976 1282 4016 et
1309 3981 1368 4017 ex
1403 3966 1654 4018 monacho
1683 3977 1762 4021 εει

251 4033 412 4084 factus
441 4036 736 4100 epist-Opus.
759 4032 828 4084 De
847 4047 948 4099 quo
977 4033 1218 4085 Paulinus
1241 4034 1464 4085 Nolanus
1493 4034 1643 4100 epist.
1673 4036 1758 4095 50,

247 4100 334 4160 51.
367 4100 452 4161 52,
481 4102 530 4152 in
559 4100 695 4157 Bibl.
719 4099 945 4151 Patrum.

317 4168 342 4204 δ
383 4167 602 4221 Leobini.
651 4169 873 4219 Primum
905 4169 952 4218 in
982 4169 1293 4220 monasterio
1333 4167 1621 4227 Miciacensi
1654 4184 1760 4220 mo-

249 4236 442 4286 nachus
473 4238 615 4286 vixit.
657 4235 802 4298 Quod
847 4244 960 4300 post
988 4245 1105 4287 octo
1131 4249 1292 4287 annos
1334 4237 1630 4302 relinquens
1663 4236 1763 4288 Ga-

247 4305 506 4353 valensem
537 4303 711 4371 urbem
756 4305 995 4366 expetiit,
1043 4305 1126 4355 ubi
1158 4306 1221 4354 ab
1267 4303 1456 4371 llilario
1497 4304 1609 4369 i-jns
1650 4308 1760 4371 epio

243 4385 403 4433 scopo
427 4370 810 4422 sacerdotalitcr
840 4381 1107 4435 susceptus
1136 4381 1210 4421 est
1235 4388 1247 4433 ;
1281 4370 1398 4421 inde
1429 4370 1759 4424 raecdensad

245 4437 302 4488 Β.
335 4439 529 4502 Lupum
559 4453 615 4489 se
640 4438 872 4491 contulit.
899 4445 952 4488 et
978 4453 1092 4488 cum
1122 4453 1185 4490 eo
1215 4453 1304 4503 per
1332 4440 1582 4503 integrum
1610 4442 1757 4504 quin-

241 4485 518 4570 quennium
542 4506 589 4554 in
610 4505 792 4558 eodem
815 4506 1049 4557 cmnubio
1070 4485 1414 4557 commoratus
1437 4485 1533 4556 Est.
1562 4485 1757 4558 lnierea
1789 4485 1838 4541 D

245 4577 363 4624 dum
393 4572 576 4624 Franci
612 4574 742 4624 bella
770 4584 944 4624 contra
978 4574 1364 4640 Burgundiones
1389 4575 1678 4633 concitant,
1708 4583 1760 4624 et

241 4640 352 4706 ejus
382 4642 601 4692 cmnubii
636 4643 870 4692 monachi
917 4641 1146 4706 fugiunt,
1179 4643 1288 4705 ipse
1317 4656 1432 4691 cum
1464 4657 1566 4690 uno
1604 4643 1760 4694 fratre

239 4723 361 4760 sene
389 4709 530 4758 solus
557 4709 763 4760 relicuts
790 4720 885 4771 est,
915 4720 964 4759 et
993 4724 1020 4759 a
1054 4710 1308 4770 barbaris,
1339 4710 1453 4774 quia
1486 4710 1647 4760 noluit
1678 4725 1758 4760 res

243 4776 536 4826 monasterii
571 4779 818 4838 pandere.
853 4777 1039 4827 misere
1065 4776 1339 4827 cruciatus.
1374 4775 1460 4826 llis
1492 4791 1611 4827 vero
1639 4792 1757 4837 sup-

241 4843 404 4907 pliciis
429 4855 642 4912 ereptus
661 4844 1054 4912 cnm'Eult‘unio
1082 4854 1131 4893 et
1159 4844 1368 4894 HuSIico
1395 4844 1449 4894 Β.
1477 4844 1677 4894 Atitttm
1707 4845 1755 4896 in

241 4913 418 4962 Pertici
458 4911 734 4964 solitudine
763 4911 1162 4963 cuttttnorantem
1206 4912 1363 4970 adiit,
1413 4912 1497 4975 qui
1541 4925 1628 4962 eos
1669 4927 1755 4961 su-

237 4981 429 5040 scepit,
467 4979 850 5044 Leolituumque
879 4980 1071 5030 cellarii
1119 4979 1344 5044 pra-iecit
1372 4979 1563 5030 cilicio.
1614 4985 1651 5030 A
1699 4981 1754 5031 S.

242 5047 473 5098 dilberio
503 5047 744 5110 episcopo
787 5057 958 5112 postea
999 5057 1269 5109 provectus
1310 5058 1386 5098 est
1415 5048 1477 5095 ad
1515 5048 1752 5098 diacona.

239 5127 359 5170 tum.
392 5115 577 5166 deinde
611 5117 846 5166 fratribus
874 5114 1191 5179 Bl‘ﬂjﬂct’llaii
1223 5115 1516 5165 monasrerii
1550 5128 1753 5179 praepo~

236 5186 384 5234 situs.
437 5184 590 5235 Beato
637 5194 805 5234 autem
858 5181 1089 5234 :‘Etlterio
1137 5184 1440 5232 Carttotensi
1493 5185 1753 5243 delum-to,

241 5253 490 5305 Leobinus
533 5251 602 5300 llll
648 5256 840 5302 electus
884 5260 960 5302 est
1007 5251 1055 5299 in
1099 5257 1483 5310 sUccessorCm;
1531 5250 1755 5312 denique

241 5329 352 5380 post
382 5321 514 5370 facta
557 5318 800 5368 miracula
845 5335 944 5369 non
989 5333 1142 5382 patlt'u
1175 5319 1298 5367 obiit
1329 5328 1376 5366 et
1417 5317 1646 5378 Sepultus
1677 5329 1754 5366 est

238 5389 286 5436 in
323 5387 524 5436 basilica
557 5385 613 5439 S.
656 5386 874 5436 Martini.
911 5385 1033 5435 Vide
1061 5387 1172 5450 ejus
1207 5386 1368 5434 Vnam
1401 5385 1590 5433 editam
1620 5385 1751 5445 apud

243 5451 369 5503 l’llil.
403 5455 604 5504 Labbtci
639 5464 761 5504 lum.
797 5454 832 5504 ll
867 5453 990 5504 Bibl.
1024 5453 1173 5513 Non,
1207 5468 1254 5516 ιι.
1287 5453 1403 5504 5³52.
1434 5451 1752 5502 (Iltililelterti

237 5518 542 5570 Francorum
558 5524 688 5577 regis
703 5521 1012 5587 temporibus
1027 5522 1460 5584 claruit,obiitque
1480 5533 1614 5570 anno
1632 5518 1748 5570 5.37.

240 5587 492 5656 Prioratus
520 5589 578 5638 de
609 5590 657 5639 la
699 5588 868 5656 γένειαν,
901 5603 951 5640 et
980 5593 1193 5639 ecclesui
1229 5588 1535 5653 parochialis
1566 5589 1628 5637 de
1657 5587 1751 5638 Po-

237 5655 361 5772 :{qtzy
392 5671 440 5706 In
469 5657 678 5772 ἀέῇξυδι
721 5655 1024 5710 ιἰιιθνὶειιδι
1067 5672 1184 5709 eum
1230 5667 1497 5722 patronum
1540 5655 1747 5708 habent.

273 5742 312 5772 ιιι
342 5761 373 5772 ..
412 5737 458 5772 υ.
562 5763 606 5772 μ.

237 5725 373 5786 lbid.,
411 5737 458 5789 ρ.
489 5725 606 5775 750.

1945 3503 1966 3528 ε
2007 3495 2234 3546 Lucium.
2270 3493 2426 3560 Ilujus
2455 3492 2563 3545 dies
2591 3491 2776 3545 natalis
2814 3505 2967 3559 supra
2997 3493 3286 3546 celebratur
3315 3495 3397 3547 die

1874 3577 2033 3615 xxvnt
2065 3562 2314 3614 Januarii.

1937 3630 1963 3666 ά
2002 3630 2218 3682 Aicadri.
2260 3628 2352 3681 llic
2395 3629 2521 3680 obiit
2573 3642 2708 3679 anno
2756 3642 2871 3680 terte
2920 3627 3223 3680 Cliristianze
3269 3629 3390 3681 687.

1870 3699 1993 3749 Nam
2020 3699 2075 3750 S.
2103 3697 2350 3750 Aicadrtts
2380 3695 2602 3747 triennio
2633 3707 2893 3760 superstes
2920 3696 3011 3748 luit
3037 3697 3090 3747 Β.
3117 3696 3378 3754 Filiberto,

1868 3778 1919 3816 ιιι
1951 3775 2088 3830 patet
2114 3781 2172 3816 ex
2206 3765 2349 3815 initio
2377 3764 2538 3814 ultimi
2571 3766 2753 3827 capitis
2784 3764 2906 3814 Vitae
2936 3764 2991 3817 S.
3031 3765 3228 3816 Aicadri
3253 3766 3383 3830 apud

1865 3834 2140 3884 Mabillonii
2181 3847 2300 3883 saec.
2342 3847 2375 3883 ll
2407 3835 2518 3882 Act.
2550 3831 2697 3888 Ben.,
2738 3846 2889 3896 quem
2920 3847 3054 3883 anno
3079 3833 3180 3883 634
3209 3833 3378 3883 deces.

1863 3902 1993 3952 sisse
2031 3909 2226 3952 certum
2268 3909 2363 3952 est.
2412 3898 2538 3950 Cum
2577 3912 2699 3965 ergo
2739 3899 2985 3949 Aicadrns
3024 3899 3203 3950 vixerit
3239 3899 3389 3950 anuis

1863 3971 2023 4020 tribus
2066 3977 2116 4019 et
2163 3968 2448 4031 semginta,
2500 3977 2649 4017 natus
2697 3981 2832 4018 anno
2871 3966 2969 4018 (325
2998 3966 3246 4019 dicendus
3287 3975 3386 4018 est.

1870 4036 2062 4089 Deinde
2107 4037 2391 4087 duodenos
2436 4035 2651 4086 secessit
2695 4037 2743 4086 in
2791 4037 3150 4087 monasterium
3202 4033 3385 4086 Ansio-

1869 4121 2024 4159 nenae
2055 4119 2189 4156 anno
2232 4103 2351 4165 636,
2397 4112 2571 4170 postea
2617 4105 2914 4170 tricenarus
2954 4103 3182 4153 condidit
3219 4105 3384 4154 eccle-

1867 4175 1992 4224 siam
2024 4173 2444 4235 Quinciacensem
2472 4183 2608 4220 anno
2633 4171 2754 4222 054.
2803 4169 2893 4221 Ubi
2941 4181 3208 4233 postquam
3244 4171 3389 4221 annis

1866 4242 2062 4305 aliquot
2094 4239 2289 4304 pr-azfnit
2309 4277 2323 4300 ,
2364 4253 2390 4288 a
2439 4238 2494 4288 Β.
2532 4237 2772 4289 Filiberto
2799 4237 2932 4287 circa
2960 4251 3147 4287 annum
3177 4237 3279 4288 670
3305 4239 3386 4289 di—

1867 4318 2039 4360 rectus
2067 4316 2147 4358 est
2173 4310 2222 4357 in
2253 4305 2622 4358 monasterium
2652 4305 3026 4364 Gemeticense,
3060 4307 3193 4369 quod
3226 4321 3385 4368 usque

1865 4376 1925 4426 ad
1962 4375 2154 4426 obitum
2195 4389 2342 4426 suum
2386 4375 2537 4426 rexit.
2570 4374 2625 4426 S.
2657 4373 2860 4425 Aicadii
2902 4387 3087 4423 conus
3134 4387 3231 4424 una
3270 4387 3385 4424 cum

1868 4445 1922 4492 Β.
1960 4443 2186 4508 llugonis
2217 4441 2643 4507 Rotltomagensis
2674 4441 2901 4506 reliquiis
2939 4439 3006 4490 ob
3047 4439 3387 4490 Nortmauno-

1863 4525 1972 4560 rum
2005 4511 2353 4561 inl‘estationes
2385 4510 2683 4559 translatum
2711 4521 2789 4561 est
2815 4511 2876 4559 ad
2909 4510 3080 4559 villam
3113 4509 3381 4573 llasprnm,

1864 4580 2026 4642 inquit
2080 4578 2373 4628 Baldericns
2420 4577 2472 4628 in
2524 4576 2721 4629 Cbrou.
2777 4576 3044 4628 Camerac.
3101 4586 3154 4627 et
3206 4577 3380 4628 Atreb.

1861 4645 1948 4697 lib.
1984 4661 2036 4703 n,
2067 4659 2179 4708 cap.
2211 4645 2299 4697 ‘29.

1933 4722 1953 4746 ο
1996 4712 2303 4778 Euphemiaz.
2352 4711 2471 4778 Eius
2501 4713 2624 4764 Acta
2673 4726 2737 4765 ex
2779 4712 2990 4764 vetustis
3040 4713 3384 4763 nmnumentis

1857 4781 2036 4833 Sttritts
2069 4777 2231 4831 edidit
2261 4790 2384 4831 tom.
2411 4777 2481 4829 ‘V.

1933 4847 1948 4883 ί
1992 4849 2175 4899 anim.
2203 4849 2324 4912 Quae
2351 4861 2464 4898 cum
2489 4846 2554 4899 36
2577 4845 2721 4898 annis
2747 4845 2794 4897 in
2827 4845 3067 4897 laudabili
3095 4845 3380 4904 virginitate

1859 4915 1964 4966 Deo
2004 4916 2244 4974 serviret,
2288 4923 2523 4966 accusata
2555 4924 2632 4966 est
2675 4929 2701 4962 a
2736 4915 2838 4964 tilio
2876 4927 2971 4964 suo
3018 4915 3288 4978 Eoprepio,
3331 4924 3382 4965 et

1857 4996 2033 5034 coacta
2085 4994 2136 5033 ut
2187 4982 2332 5034 idolis
2378 4997 2519 5034 sacra
2566 4982 2773 5042 faceret,
2826 4983 3133 5046 imperatore
3181 4982 3376 5033 Diocle—

1858 5052 2015 5111 tiano,
2056 5051 2309 5116 judicibus
2342 5049 2607 5115 Apolrasio
2647 5059 2696 5101 et
2739 5050 2980 5115 Megasio.
3023 5050 3165 5111 Quod
3208 5050 3377 5100 facere

1856 5131 2220 5177 eontemnens,
2273 5128 2385 5180 post
2431 5131 2691 5170 carcerem
2737 5127 2792 5170 et
2835 5120 3115 5169 saevissima
3165 5122 3378 5168 verbera

1856 5190 2010 5236 missa
2043 5195 2120 5237 est
2149 5187 2196 5235 in
2228 5186 2379 5237 ollant
2410 5189 2520 5250 pice
2547 5195 2598 5237 et
2621 5187 2828 5249 plumbo
2858 5185 3159 5249 ferventem,
3189 5187 3250 5235 tle
3277 5198 3371 5246 una

1855 5255 2013 5303 itlmsa
2043 5254 2326 5320 egrediens,
2351 5264 2557 5304 onerata
2591 5253 2726 5304 ferro
2748 5264 2798 5303 et
2829 5255 3036 5315 plumbo
3069 5271 3154 5314 per
3182 5257 3372 5316 plateas

1857 5323 2072 5373 trahitur
2106 5322 2345 5378 civitatis,
2378 5327 2430 5372 e1
2470 5335 2584 5370 cum
2625 5323 2985 5386 pertransisset
3027 5323 3230 5370 domum
3275 5321 3374 5371 tit:-

1855 5390 2098 5449 miniani,
2131 5390 2264 5440 idem
2298 5393 2370 5440 vir
2397 5389 2592 5441 caelesti
2641 5390 2886 5439 miraculo
2928 5392 3214 5448 instinctos,
3262 5405 3373 5452 per-

1854 5460 1991 5507 venit
2019 5458 2079 5508 ad
2111 5458 2275 5508 locum
2307 5460 2384 5508 ubi
2414 5465 2587 5507 sancta
2619 5457 2703 5506 Dei
2739 5457 3086 5520 torquebatur,
3113 5468 3163 5506 et
3195 5469 3373 5519 petens

1855 5527 2160 5590 baptismum
2191 5539 2303 5576 cum
2349 5526 2428 5575 illa
2464 5525 2652 5585 pariter
2682 5524 2846 5590 gladio
2879 5524 3048 5574 Itonia)
3091 5527 3370 5575 trucidatus

1851 5605 1947 5644 est.
1981 5596 2105 5650 Atio,
2143 5596 2387 5651 issine,
2420 5592 2671 5652 Νοτκηιι..
2708 5593 2911 5652 Sumus,
2946 5602 3068 5643 tom.
3103 5591 3158 5643 ν.

1921 5669 1945 5704 ε
1989 5659 2360 5710 Emereminme.
2409 5661 2456 5710 In
2490 5663 2567 5710 via
2600 5662 2913 5712 Nomentana
2941 5662 3000 5709 ad
3030 5662 3151 5711 Cati.
3189 5660 3236 5710 in
3268 5673 3365 5709 CUI}-

1851 5731 2067 5782 mctct'io
2098 5729 2320 5780 Marthae.
2357 5729 2569 5782 lltznoa.
2608 5730 2866 5795 Martyrol.
