3898 6306
1325 341 1518 395 ΒΜ)Ᾱί
1564 342 1995 397 VENERABILIS
2040 345 2187 401 OI‘P.
2229 348 2401 403 PARS
2442 351 2522 403 lV.
2570 382 2636 391 —
2676 354 3050 412 lllSTURlCA.
3621 368 3736 421 £088

1802 452 2021 507 EDI'I‘IO
2057 454 2511 512 COLUNIENSIS.

554 550 645 602 per
676 536 869 600 plateas
893 535 1133 623 [civitatis
1179 535 1352 601 ducta,
1398 536 1607 602 quidam
1646 539 1723 588 vir
1753 536 2091 613 Geminianus
2121 546 2165 601 Α
2196 542 2415 595 cletiano
2438 545 2487 596 itt
2512 546 2756 601 Chalcide
2787 549 3000 604 Gtzecitc
3031 557 3285 623 martyrio
3315 572 3601 612 coronatus
3644 577 3727 614 PS].

554 626 679 676 vidit
708 624 805 676 sibi
836 606 1007 691 pitcre
1032 626 1245 699 eiciunt,
1274 638 1324 676 et
1353 628 1523 678 statim
1552 610 1838 679 aSSociatus
1867 638 1946 680 est
1967 643 2089 679 san-
2195 630 2412 685 Vienna:
2461 636 2622 687 sancti
2658 634 3021 705 Ferreoli,qui
3057 606 3438 707 persecutionis
3484 659 3726 714 tempore,

552 723 647 764 ι-ιω
677 712 845 763 μυρίης
870 714 918 764 in
948 728 1175 778 carcere,
1207 722 1259 766 et
1287 715 1375 778 ibi,
1402 724 1642 767 monente
1663 718 1866 781 angelo,
1894 730 1921 766 a
1944 730 2090 781 prcs-
2191 730 2308 768 cum
2337 728 2474 771 esset
2513 721 2789 775 tribunitiae
2821 728 3112 790 potestatis,
3154 729 3307 794 jussu
3355 712 3609 799 praesidis
3629 746 3729 789 ten-

552 804 748 869 bytero,
797 804 1005 855 nomine
1044 803 1341 869 Prothasin,
1386 805 1673 869 baptizatus
1726 804 1919 856 Deinde
1966 820 2085 857 san-
2193 812 2271 856 tus
2300 806 2464 872 primo
2495 809 2850 864 crudelissime
2876 822 2954 864 cst
2992 830 3182 879 etes-us,
3206 818 3395 871 deinde
3423 824 3575 888 gravi
3606 835 3731 878 catc-

546 902 623 942 cta
654 891 809 943 Lucia
849 906 965 942 cuin
1012 892 1317 945 Getniniauo
1354 893 1640 959 ‘tAntegasio
1686 894 1945 945 consulari
2001 908 2084 945 ar-
2189 908 2367 946 narunt
2412 906 2629 949 onustus
2680 900 2936 967 pondere,
2989 902 3038 954 iit
3096 908 3417 960 teterrimum
3466 924 3728 967 carcerem

543 980 685 1041 ctati,
734 977 1011 1030 novissime
1058 979 1229 1045 gladio
1272 980 1618 1033 animadversi
1664 990 1803 1034 sunt.
1851 982 2079 1044 Quorntn
2187 992 2358 1035 trusus
2389 996 2500 1048 est;
2533 987 2668 1039 unde
2695 988 2893 1041 solutus
2936 990 3023 1047 Dei
3069 1002 3215 1054 nutu,
3262 1007 3438 1059 postea
3480 1000 3551 1048 ab
3602 998 3725 1052 inse-

539 1082 755 1132 corpora
803 1068 973 1130 rapuit
1018 1069 1257 1133 quaedam
1310 1068 1492 1119 mulier
1519 1068 1821 1131 christiana,
1872 1071 2079 1123 nomine
2181 1072 2455 1137 quentibus
2483 1085 2684 1140 captus,
2716 1081 2947 1146 martyrii
2982 1082 3203 1146 palmam
3234 1085 3419 1149 capitis
3443 1087 3719 1139 obtritum-

540 1158 779 1218 Maxima,
808 1166 855 1210 et
882 1165 937 1209 ut
962 1156 1155 1219 decuit,
1179 1158 1435 1225 sepelivit.
2182 1160 2323 1213 tione
2347 1166 2611 1229 percepit;
2642 1166 2788 1233 cujus
2815 1182 3001 1235 corpus
3026 1186 3144 1223 cum
3176 1175 3345 1239 capite
3375 1178 3506 1225 beati
3535 1177 3717 1229 Juliaui

602 1246 662 1297 A.
695 1243 785 1296 XV
814 1243 1045 1297 KALEND.
1078 1246 1207 1298 Der.
1247 1276 1317 1287 -
1349 1247 1639 1313 Tungrensi
1687 1248 1897 1302 dioecesi
1944 1250 2076 1303 Leo—
2178 1250 2241 1301 ad
2271 1251 2449 1303 urbem
2479 1252 2845 1305 Viennensium
2891 1258 3128 1318 relatum,
3159 1267 3213 1309 et
3240 1260 3495 1327 condigna
3528 1266 3719 1317 honore

554 337 696 394 (ΟΠ
756 366 761 369 -

530 1331 617 1383 dio
648 1333 765 1386 villa
816 1334 1014 1400 publica
1066 1336 1233 1387 natale
1277 1339 1440 1389 sancti
1494 1339 1751 1391 Lamberti
1804 1341 2070 1407 episc0pi;

530 1423 613 1486 qui
655 1421 774 1473 dum
804 1424 996 1489 regiam
1029 1425 1237 1477 domum
1267 1428 1379 1480 zelo
1411 1430 1680 1495 religionis
1728 1430 2066 1496 increpasset,

527 1526 642 1561 eum
674 1512 883 1564 rediens
913 1515 1136 1565 orationi
1168 1516 1507 1579 incumberet,
1546 1519 1609 1569 ab
1638 1520 1971 1585 iniquissimis
1998 1522 2069 1573 vi-

526 1600 596 1651 ris
624 1600 690 1652 de
739 1601 927 1666 palatio
972 1602 1114 1668 regio
1162 1604 1336 1655 missis
1376 1620 1439 1656 ex
1474 1608 1753 1673 improviso
1792 1608 2067 1661 conclusus

530 1689 663 1740 intra
700 1689 910 1743 domum
963 1692 1197 1745 ecclesiae
1246 1693 1516 1747 occiditur.
1565 1698 1724 1761 Cujus
1770 1700 2062 1765 sepulcrum

531 1776 859 1831 creberrimis
911 1780 1173 1832 miraculis
1221 1783 1528 1838 illustratur.
1574 1786 1627 1838 ltt
1677 1787 1935 1840 Britannia
1967 1790 2063 1841 So-

2176 1339 2436 1391 conditutn
2494 1352 2592 1393 est.
2644 1342 2920 1395 Mediolani
2968 1346 3227 1410 depositio
3277 1348 3411 1401 beati
3463 1350 3715 1419 Eustorgii

2173 1424 2423 1491 CpiSCOpi,
2442 1436 2505 1479 .et
2532 1429 2724 1496 Satyri,
2759 1430 3091 1498 Tlteopbitni,
3124 1434 3347 1487 Jociani.

2239 1512 2297 1565 C.
2329 1514 2440 1567 Xlll
2468 1515 2698 1570 KAL'ctvo.
2724 1518 2857 1572 Ocr.
2886 1548 2954 1559 —
2984 1520 3035 1573 lit
3063 1523 3273 1589 Neapoli
3302 1524 3597 1590 Campania:
3629 1545 3709 1580 na-

2172 1604 2271 1656 tale
2298 1616 2596 1657 sanctorum
2635 1606 2884 1671 Januarii,
2920 1610 3299 1665 Beneventaum
3351 1617 3573 1669 civitatis
3600 1620 3706 1681 epi-

2165 1693 2329 1758 scopi,
2361 1708 2480 1746 cum
2509 1695 2661 1748 Sosio
2691 1697 2909 1750 diacono
2943 1698 3218 1753 Mesenata:
3246 1703 3488 1767 civitatis,
3520 1718 3571 1758 et
3601 1710 3701 1756 du.

2165 1794 2295 1833 cono
2333 1795 2427 1834 suo
2471 1781 2641 1846 Festo,
2687 1794 2737 1837 et
2785 1786 2977 1841 lectore
3006 1802 3102 1840 δυο
3147 1790 3433 1851 Desiderio,
3477 1798 3561 1857 qui
3597 1810 3705 1856 ιημι

520 1867 674 1917 cratis
723 1866 993 1934 Stephani.
1047 1868 1350 1923 Novioduno
1398 1874 1562 1925 sancti
1622 1873 1898 1938 Valeriani,
1950 1877 2055 1948 illa-
2094 1854 2135 1910 Β
2166 1869 2365 1921 vincula
2392 1878 2445 1923 et
2480 1884 2719 1931 carceres
2759 1872 2927 1939 capite
2952 1885 3077 1927 sunt
3116 1878 3236 1928 caesi
3283 1877 3335 1929 in
3378 1879 3581 1931 civitate
3611 1879 3705 1932 Pu-

515 1956 641 2007 erini
690 1965 741 2008 et
789 1956 1053 2008 Gordiani.
1104 1958 1281 2011 Roma:
1331 1960 1463 2011 beati
1508 1960 1692 2013 Justini
1740 1963 2055 2030 presbyteri,

515 2058 667 2107 quem
708 2043 887 2096 beatus
929 2044 1108 2098 Sixtus
1145 2046 1422 2099 ordinavit.
1472 2048 1563 2100 llic
1609 2050 1789 2101 beatos
1827 2050 2058 2104 Lauren-

516 2133 666 2196 tium,
698 2132 1057 2201 Hippolytum,
1086 2143 1135 2188 et
1165 2136 1528 2199 Concordiam,
1575 2138 1845 2203 lreuteum,
1877 2141 2056 2194 Abun-

514 2222 679 2289 dinnt,
708 2233 758 2278 et
780 2225 1024 2292 Cyrillam
1055 2226 1209 2278 tiliam
1255 2227 1391 2279 Decii
1429 2229 1649 2280 (Ia-saris
1679 2240 1952 2298 martyres,
2005 2241 2058 2285 et

510 2312 640 2363 alios
670 2312 922 2378 plurimos
950 2314 1229 2381 sepulturis
1259 2316 1509 2368 condist.
1550 2316 1677 2369 item
1728 2319 1902 2372 ltom’te
1932 2335 2050 2373 sau-

511 2411 707 2452 rtorum
738 2414 1019 2469 martyrum
1044 2403 1266 2456 Narcissi
1297 2415 1349 2457 et
1378 2406 1782 2459 Crescentionis.

578 2489 633 2539 Β.
666 2488 779 2541 XIV
814 2491 1045 2545 KALEND.
1098 2489 1227 2543 Ocr.
1256 2521 1321 2531 —
1351 2492 1528 2545 Natale
1574 2496 1738 2548 sancti
1778 2497 2044 2569 Methodii,

505 2578 748 2645 Olympii,
780 2578 939 2655 liucii,
971 2590 1022 2632 et
1048 2593 1223 2645 posma
1269 2582 1389 2649 Tyri
1417 2582 1661 2650 episcopi,
1690 2585 1778 2652 qui
1802 2587 1900 2639 sub
1932 2586 2049 2636 Dio.

2113 1955 2115 1957 ’
2169 1960 2393 2023 teolana,
2419 1960 2513 2012 sub
2537 1961 2852 2015 Diocletiano
2876 1964 3126 2031 principe,
3149 1966 3390 2028 etjudice
3408 1967 3697 2021 Dracontio.

2165 2046 2261 2108 Qui
2289 2060 2405 2097 cum
2429 2046 2741 2099 ducerentur
2766 2048 2828 2101 ad
2859 2060 3097 2112 mortem,
3128 2052 3369 2105 viderunt
3395 2054 3529 2105 inter
3554 2057 3699 2117 διευς,

2167 2134 2438 2185 Proculum
2497 2136 2788 2188 Puteolanas
2853 2138 3074 2191 civitatis
3121 2140 3433 2202 diaconum,
3500 2153 3548 2195 et
3600 2145 3701 2197 duo

2163 2222 2290 2274 laici-
2330 2222 2588 2289 Entycbes
2640 2232 2691 2275 et
2737 2223 3006 2289 Acbatius,
3054 2228 3504 2295 interrogaverunt
3545 2248 3697 2295 quare

2159 2312 2284 2379 justi
2310 2312 2613 2378 juberentur
2644 2314 2829 2366 occidi.
2857 2315 2995 2379 Quos
3024 2316 3180 2382 judex
3210 2329 3267 2370 ut
3296 2319 3419 2372 vidit
3448 2322 3694 2373 Christia-

2156 2415 2269 2467 nos,
2292 2402 2447 2467 jussit
2474 2400 2714 2454 decollari
2743 2417 2859 2454 cum
2883 2404 3006 2456 illis.
3036 2404 3124 2458 Sic
3151 2422 3334 2459 omnes
3372 2421 3565 2475 septem
3606 2426 3693 2476 pt-

2156 2491 2280 2543 riter
2308 2496 2428 2541 sunt
2456 2489 2719 2553 decollati,
2741 2501 2792 2543 et
2819 2493 3045 2545 tulerunt
3077 2506 3231 2548 nocte
3268 2510 3444 2549 eorum
3475 2514 3688 2559 corpora

2156 2578 2329 2645 populi
2372 2577 2803 2631 (lbrisdanorum.
2828 2580 3147 2647 Neapolitani
3176 2583 3471 2638 Januariun.
3501 2602 3687 2652 posue-

1082 2736 1088 2745 .
1752 2694 1975 2746 EDITIU
2018 2692 2503 2747 BOLLANDIANA.

571 2778 653 2827 17.
683 2805 750 2816 -—
778 2775 867 2827 XV
928 2776 1058 2829 Kac.
1089 2777 1281 2831 Natalis
1309 2780 1362 2833 S.
1394 2789 1419 2815 ι
1452 2781 1709 2834 Lamberti
1750 2781 1835 2851 [Η.
1864 2783 1922 2835 C.
1953 2784 2038 2846 Β..
2148 2784 2225 2834 eis
2252 2791 2304 2833 ct
2334 2791 2354 2815 υ
2390 2780 2700 2844 CortStantii,
2730 2778 2815 2838 nui
2844 2783 2983 2849 passi
3012 2793 3131 2835 sunt
3166 2786 3262 2836 sub
3296 2785 3499 2840 Nerone
3529 2791 3688 2855 impe-

502 2864 834 2933 Laudelterti]
876 2868 1103 2934 episcopi
1132 2877 1185 2920 et
1230 2870 1493 2937 martyris.
1537 2871 1591 2923 In
1631 2870 1907 2924 Britanniis
1948 2875 2041 2926 So-

496 2954 651 3005 cratis
680 2963 732 3006 et
761 2954 1024 3020 Stephani.

569 3064 752 3116 Florus
776 3065 825 3115 in
852 3067 913 3116 A.
938 3063 1002 3116 Τ.
1028 3063 1086 3117 L.
1116 3066 1378 3131 praemittit
1405 3068 1515 3117 haec
1540 3085 1551 3117 :
1580 3066 1631 3118 In
1654 3066 1820 3119 Gallia
1847 3066 1898 3117 in
1921 3066 2038 3117 villa
2071 3096 2111 3152 ε

494 3168 607 3219 qua:
634 3152 823 3205 dicitur
846 3152 1146 3220 Leudegus;
1176 3164 1228 3206 et
1256 3154 1519 3221 subjungit
1546 3157 1610 3206 de
1628 3156 1681 3207 S.
1716 3156 1990 3207 Lantberto
2025 3173 2034 3204 :

494 3242 590 3307 Qui
619 3241 870 3295 sectanda
891 3241 1145 3309 justitiam
1176 3243 1392 3311 adeptus
1422 3253 1502 3297 est
1532 3244 1763 3313 martyrii
1795 3244 2033 3311 palmam.

558 3355 619 3401 A‘.
645 3352 730 3413 T.,
759 3352 810 3404 in
842 3351 1127 3405 Mediolano
1155 3354 1411 3420 depositio
1439 3354 1491 3407 S.
1520 3353 1545 3391 δ
1572 3354 1849 3419 Eustorgii.
1876 3354 1957 3413 Β..
1985 3355 2036 3406 lu

492 3420 725 3472 Eviduno
754 3425 923 3474 natale
954 3422 1054 3477 SS.
1088 3423 1375 3484 Valeriani,
1413 3424 1619 3477 Macrini
1666 3434 1717 3476 et
1764 3424 2032 3477 Gurdiani.

494 3489 575 3553 Ι...
606 3489 725 3556 ipso
754 3490 840 3544 die
866 3490 1098 3543 Elevatio
1124 3490 1181 3545 S.
1213 3494 1233 3521 θ
1264 3493 1530 3559 Hyltrudis
1560 3491 1799 3557 Virginis.

556 3628 639 3681 18.
682 3656 745 3664 ——
786 3625 899 3678 XIV
944 3626 1073 3678 ΚΑι.
1120 3626 1275 3678 Vacat
1305 3627 1476 3678 Baeda.

556 3726 741 3777 Florus
771 3726 820 3778 in
854 3727 915 3777 Α.
950 3724 1009 3777 Τ.
1040 3725 1099 3778 L.
1140 3744 1151 3776 :
1186 3725 1237 3777 ltt
1273 3728 1535 3781 territorio
1576 3726 1868 3793 Lingonicae
1898 3724 2035 3777 civi-

486 3815 623 3876 tatis,
677 3816 993 3866 monasterio
1038 3815 1303 3882 Segestro,
1357 3817 1615 3881 depositio
1662 3816 1717 3870 S.
1762 3814 1787 3852 ἀ
1826 3815 2033 3881 Sigonis

485 3904 771 3970 presbyteri
801 3912 852 3957 et
893 3901 1228 3955 confessoris.
1263 3903 1327 3955 Et
1368 3905 1540 3971 passio
1571 3913 1866 3956 sanctorum
1900 3902 2031 3953 Feli-

2148 2882 2338 2924 ratore.

2218 2961 2275 3011 Β.
2304 2936 2375 3009 (2..
2399 2960 2476 3020 \’.,
2515 2960 2564 3010 lit
2595 2960 2902 3011 Alexandria
2952 2960 3008 3013 S.
3054 2962 3345 3027 Traphimi.
3377 2966 3426 3016 In
3455 2965 3687 3020 Nicome.

2150 3028 2557 3100 dia-sanctorum
2589 3030 2802 3100 Oceani,
2841 3030 3002 3100 _Sixti,
3048 3030 3103 3083 C.
3138 3030 3223 3095 γ..
3256 3034 3489 3088 Medetei.
3521 3035 3600 3100 B.,
3632 3037 3682 3089 lit

2146 3096 2432 3147 Mediolano
2461 3096 2715 3163 depositio
2744 3099 2796 3151 S.
2835 3096 2852 3134 ί
2889 3100 3144 3168 Eustorgii
3172 3104 3421 3168 episcopi.

2209 3184 2293 3238 i9.
2334 3215 2400 3225 —-
2440 3185 2547 3238 Xlll
2606 3186 2735 3239 ΚΜ..
2798 3189 2850 3241 in
2900 3188 3114 3257 Neapoli
3161 3190 3454 3258 Campania:
3516 3193 3683 3247 natale

2136 3287 2431 3329 sanctorum
2484 3280 2507 3315 ε
2553 3276 2823 3342 Januarii,
2879 3279 3260 3333 Beneventana:
3307 3282 3528 3335 civitatis
3577 3284 3682 3351 epi-

2137 3366 2313 3433 scopi;
2362 3381 2477 3418 cum
2523 3367 2672 3420 Sosio
2722 3367 2940 3421 diacono
2993 3368 3269 3423 Mesenatze
3322 3372 3578 3435 civitatis,
3626 3384 3680 3427 et

2136 3452 2353 3505 diacttuo
2397 3470 2491 3503 suo
2532 3453 2707 3515 Festo,
2753 3466 2805 3507 et
2856 3456 3049 3509 lectore
3091 3472 3186 3509 suo
3239 3458 3545 3512 Desiderio:
3591 3465 3672 3525 qui

2141 3551 2255 3613 post
2282 3542 2485 3593 vincula
2511 3552 2563 3593 et
2591 3557 2826 3595 carceres
2855 3545 3024 3612 capite
3064 3556 3184 3598 sunt
3228 3548 3349 3599 caesi
3393 3548 3440 3599 in
3468 3548 3673 3603 civitate

2142 3626 2443 3690 Puteolana,
2474 3630 2569 3682 sub
2598 3630 2919 3685 Diocletiano
2950 3634 3202 3702 principe,
3231 3634 3407 3703 judice
3444 3634 3673 3690 Dracon.

2140 3718 2229 3774 tio.
2263 3718 2359 3782 Qui
2403 3734 2520 3771 cum
2550 3719 2865 3773 ducerentur
2887 3722 2951 3774 ad
2980 3733 3223 3786 mortem,
3257 3726 3493 3778 viderunt
3544 3726 3677 3779 inter

2138 3809 2269 3861 alios
2321 3809 2593 3862 Proculum
2643 3810 2942 3865 Puteolanas
2993 3812 3216 3865 civitatis
3261 3815 3576 3878 diaconum,
3625 3826 3677 3868 et

2140 3900 2269 3951 duos
2319 3899 2477 3951 laicos
2525 3899 2792 3966 Eutychen
2834 3913 2888 3958 et
2935 3904 3203 3967 Acutiam;
3244 3914 3296 3956 et
3333 3904 3681 3975 interrogave-

1842 3991 2042 4044 SMITII
2081 3987 2308 4041 NOTxE.

554 4090 574 4113 υ
618 4078 883 4148 Lamberti.
918 4077 1009 4131 Hic
1048 4078 1392 4148 Theodoardo
1435 4079 1683 4129 successit
1726 4080 1773 4129 in
1817 4080 2023 4148 episco-

486 4158 656 4211 pattnn
688 4147 1091 4212 'l‘rajectensetn,
1119 4146 1409 4199 Cltilderico
1439 4161 1562 4212 rege
1593 4146 1862 4209 probante.
1894 4150 2022 4200 Cum

484 4230 655 4269 :tttlettt
697 4230 834 4267 anno
875 4215 975 4267 675
1022 4217 1325 4267 interfectus
1364 4224 1503 4267 esset
1546 4229 1631 4267 rex
1680 4212 2023 4276 Cltildericus,

484 4286 783 4337 Stabulautn
818 4285 1075 4351 relegatus
1114 4292 1193 4335 est
1239 4284 1564 4343 Lamberttts,
1598 4293 1649 4333 et
1689 4284 1894 4347 quidam
1935 4302 2024 4336 nu-

482 4357 618 4405 mine
642 4352 1000 4405 Farantundtts
1025 4356 1073 4403 itt
1099 4353 1401 4404 cathedram
1431 4352 1569 4403 illius
1591 4353 1900 4404 constitutus
1922 4364 2022 4406 est.

2132 4087 2301 4129 motus
2338 4086 2495 4136 esset,
2532 4076 2650 4127 adiit
2699 4075 2754 4129 S.
2800 4076 3053 4129 Joannem
3095 4077 3336 4130 abbatem
3385 4078 3671 4133 Reomaen-

2130 4161 2261 4207 sem,
2296 4154 2349 4196 ut
2379 4145 2442 4196 ab
2472 4160 2535 4196 eo
2564 4146 2720 4196 vitam
2751 4147 3087 4198 monasticam
3118 4146 3359 4197 disceret.
3392 4146 3670 4213 Disciplina

2131 4230 2256 4266 vero
2286 4214 2568 4266 utouastica
2601 4213 2863 4265 institutus
2891 4214 3073 4265 silvam
3106 4214 3545 4267 abstrusissimam
3578 4232 3669 4281 pe-

2134 4285 2243 4345 tiit;
2276 4292 2327 4333 et
2357 4283 2725 4335 monasterium
2756 4282 3007 4347 condidit,
3036 4298 3136 4345 quo
3165 4284 3401 4350 sepul'us
3429 4294 3527 4335 est.
3554 4288 3670 4348 Quo

2132 4366 2268 4401 anno
2294 4350 2349 4405 S.
2382 4353 2503 4417 Sigo
2530 4352 2607 4402 vel
2639 4355 2905 4415 Sequanns
2933 4353 2983 4402 in
3012 4353 3201 4403 caelum
3248 4352 3550 4415 migraverit
3595 4357 3671 4405 in-

482 4396 618 4473 Plu;
642 4396 841 4485 septem
876 4435 998 4472 vero
1039 4435 1203 4471 annos
1238 4421 1500 4484 depositus
1529 4429 1609 4472 est
1646 4419 2021 4483 Faramundus,
2060 4396 2102 4450 ί)
2129 4433 2327 4471 certum
2356 4396 2467 4470 est?
2488 4420 2668 4471 Adhuc
2691 4396 2895 4483 juvenis
2918 4420 3134 4472 Joannis
3154 4396 3357 4470 abbatis
3380 4418 3670 4473 Reomaen-

476 4505 527 4541 et
560 4490 865 4541 Lamberttts
889 4488 999 4540 sedi
1028 4504 1135 4539 sua:
1165 4492 1432 4540 restitutus
1458 4502 1554 4540 est.
1589 4490 1819 4540 Introivit
1850 4502 2019 4542 autem

475 4559 755 4623 aliquando
788 4558 836 4609 in
860 4556 1226 4617 Toxandriam,
1252 4567 1305 4609 et
1332 4558 1480 4606 istmn
1517 4558 1757 4621 populum
1782 4559 1843 4609 ad
1870 4558 2020 4610 [idt‘lll

477 4630 709 4681 adduxit.
740 4626 817 4678 Ob
846 4641 1023 4679 necent
1048 4625 1272 4691 denique
1294 4627 1632 4692 quorumdam
1659 4627 1741 4690 qui
1778 4628 2019 4679 Ecclesia:

479 4698 607 4749 bona
640 4693 985 4761 diripiebant,
1020 4695 1324 4746 Latubertus
1356 4694 1527 4745 Leodit
1569 4708 1949 4758 commoratus,
1991 4714 2017 4747 a

480 4768 688 4815 llodune
712 4778 829 4813 cum
860 4772 1177 4814 armatorum
1211 4780 1361 4815 manu
1397 4765 1623 4815 irruente
1650 4778 1786 4812 anno
1808 4764 1906 4815 708
1934 4780 2019 4817 oc-

474 4834 662 4885 ciditur
690 4847 806 4881 cunt
850 4831 992 4893 suis;
1039 4846 1228 4895 corpus
1258 4843 1425 4883 autem
1458 4832 1568 4897 ejus
1600 4830 1893 4897 'l‘rajectutn
1926 4836 2015 4885 ile-

478 4908 657 4952 t'atunt.
717 4899 787 4951 De
815 4913 967 4951 causa
1000 4900 1112 4966 ejus
1143 4903 1321 4951 mortis
1351 4912 1400 4952 et
1450 4916 1587 4951 anno
1622 4903 1851 4967 martyrii
1903 4903 2018 4955 vide

480 4970 741 5022 Mabillon.
776 4984 790 5020 t
823 4978 953 5033 part.
987 4984 1107 5021 saec.
1146 4984 1219 5028 ttt,
1253 4974 1363 5019 Act.
1398 4969 1544 5029 Dein,
1581 4986 1629 5031 p.
1658 4969 1723 5019 7U
1754 4981 1801 5020 et
1833 4984 1943 5035 seq.

545 5042 569 5075 δ
615 5038 884 5103 lfustorgii.
916 5038 988 5090 De
1013 5039 1109 5090 hoc
1135 5039 1250 5089 vide
1276 5039 1409 5087 ἀεΟΙΙΙ
1439 5048 1757 5101 Sequenleut.

544 5115 564 5141 ε
608 5106 897 5175 llyltrudt's.
942 5110 1105 5169 Quam
1145 5107 1399 5173 sepultam
1434 5107 1482 5155 itt
1515 5107 1729 5175 ecclesia
1769 5108 1825 5158 S.
1857 5106 2013 5157 Lam-

473 5177 639 5240 berti,
666 5173 828 5243 uuam
863 5187 1101 5238 parentes
1139 5184 1503 5227 ossuum-rant
1526 5173 1751 5243 iistetits,
1793 5177 2016 5226 elevavit

474 5242 699 5297 Eluintts
736 5244 1009 5308 episeopm
1057 5244 1468 5296 Cameracensis.
1525 5242 1648 5309 Ejus
1702 5244 1884 5295 natalis
1933 5253 2014 5295 est

471 5330 604 5366 xxvn
636 5312 787 5380 hujus
819 5313 1031 5366 mensis.

537 5383 563 5419 ελ
591 5384 811 5451 Sigonis.
851 5382 921 5435 De
949 5382 1049 5434 hoc
1088 5382 1219 5443 Atio,
1253 5380 1504 5433 Notktrrus
1533 5390 1585 5434 et
1612 5381 1696 5432 alii
1740 5390 1899 5447 agunt
1926 5382 2009 5435 die

467 5453 723 5515 sequenti.
759 5451 853 5503 Hie
890 5466 1004 5503 cum
1038 5466 1163 5517 puer
1206 5462 1361 5505 esset.
1398 5452 1746 5503 nescientibus
1773 5452 2009 5517 parenti-

471 5520 564 5570 bus
592 5529 643 5571 et
678 5522 870 5582 invitis,
899 5522 1116 5573 secessit
1164 5520 1211 5570 in
1262 5520 1621 5579 solitudinem;
1660 5518 1864 5584 juvenis
1894 5529 2009 5571 tott-

474 5604 643 5639 suram
684 5590 748 5637 ab
794 5592 1036 5641 Eustadto
1074 5591 1375 5655 presbytero
1415 5589 1613 5644 accepit
1647 5605 1658 5637 :
1688 5602 1801 5638 cum
1833 5598 2002 5642 autem

480 5660 638 5711 mimo
681 5658 743 5709 ad
772 5659 1121 5723 diaconattt‘tn,
1154 5660 1270 5712 dctn
1316 5657 1377 5711 ad
1426 5659 1833 5725 ple§lt)'llfl'.ii(llll
1888 5675 2001 5724 pro-

2129 4489 2199 4538 sis
2230 4488 2513 4553 disciplina:
2542 4503 2598 4539 se
2628 4486 2855 4548 tradidit,
2902 4498 2955 4540 et
3005 4489 3184 4552 plenus
3222 4488 3425 4539 dierum
3474 4490 3671 4554 quievit

2126 4557 2175 4606 in
2209 4571 2352 4622 pace.
2402 4555 2533 4607 Cum
2563 4570 2685 4621 ergo
2713 4556 2767 4607 S.
2798 4554 3025 4608 Joannes
3068 4570 3259 4608 annum
3308 4555 3407 4608 5w
3459 4561 3667 4623 paulum

2122 4625 2442 4686 excesserit,
2488 4627 2782 4690 Sequanam
2832 4625 2897 4676 tiu
2956 4626 3091 4678 circa
3144 4625 3296 4677 annis
3350 4626 3667 4691 superfuisse

2120 4695 2445 4814 (Aonjicl-ximus.
2478 4691 2604 4746 Vide
2639 4692 2805 4745 Vitam
2842 4694 2956 4761 ejus
3000 4697 3135 4760 apttd
3178 4693 3463 4758 Habiliou.,
3496 4710 3621 4749 ssc.
3651 4710 3666 4748 l

2172 4774 2233 4814 :'l.
2310 4779 2391 4814 ett.

2172 4774 2233 4814 I'l.
2270 4774 2391 4814 UCII.

2190 4834 2213 4859 ο
2246 4832 2545 4885 Constantii.
2594 4832 2667 4885 De
2713 4830 2792 4884 his
2828 4831 2943 4882 vide
2973 4830 3187 4883 inferius
3219 4845 3287 4881 xx
3329 4830 3483 4897 hujus
3512 4846 3665 4884 men-

2118 4902 2189 4951 sis
2212 4900 2314 4951 die.

2195 4967 2211 5003 ι
2246 4970 2518 5038 Eustorgii.
2550 4970 2711 5035 llujus
2740 4968 2974 5022 meminit
2998 4968 3056 5021 Si
3086 4967 3331 5021 Ambros.
3364 4969 3414 5020 in
3447 4969 3655 5023 Auxen-

2120 5038 2245 5087 tiutn
2289 5040 2354 5089 de
2397 5038 2671 5092 traditione
2714 5038 2958 5099 ba~ilic:e,
3009 5038 3090 5088 his
3119 5038 3333 5089 verbis:
3372 5056 3389 5086 r
3429 5040 3578 5091 Absit
3609 5048 3666 5093 ut

2118 5106 2313 5157 tradam
2358 5109 2709 5159 iliBI‘Ctilllllem
2758 5105 3006 5171 Dionysii,
3037 5105 3122 5171 qui
3175 5106 3223 5156 in
3272 5107 3457 5158 exsilio
3502 5122 3660 5160 eam

2116 5174 2231 5225 tidei
2275 5178 2548 5229 tleiuncuts
2578 5189 2692 5239 est;
2742 5174 3094 5227 ltwreditaletn
3145 5174 3406 5240 Eustorgii
3447 5178 3657 5229 confes.

2114 5243 2247 5293 suris
2276 5256 2375 5296 etc.
2418 5264 2434 5294 i
2473 5246 2633 5309 llnjus
2666 5260 2746 5297 res
2770 5254 2941 5311 gemas
2976 5258 3036 5295 ex
3071 5242 3254 5309 priscis
3302 5246 3656 5297 monumentis

2114 5312 2274 5362 edidit
2318 5313 2581 5367 Mombrit.
2630 5310 2822 5365 tuntfl
2875 5310 2976 5365 Vit.
3023 5324 3193 5363 sanet.
3241 5311 3334 5363 Hic
3377 5312 3548 5364 dictus
3577 5325 3659 5366 est

2116 5378 2308 5442 primus
2350 5393 2586 5449 respectu
2613 5382 2832 5448 jnnioris
2863 5379 3145 5447 Eustorgii,
3180 5382 3267 5443 qui
3297 5380 3486 5449 claruit
3516 5392 3650 5433 tetu-

2115 5451 2321 5519 por_tbus
2350 5448 2655 5503 Theudorici
2687 5451 2821 5516 regis
2853 5451 3028 5512 Italic,
3061 5452 3125 5500 de
3151 5462 3255 5515 quo
3301 5448 3352 5501 in
3396 5452 3651 5519 Martyro-

2112 5516 2258 5583 logiis
2286 5521 2453 5583 agitur
2480 5521 2564 5570 die
2594 5534 2639 5569 vt
2667 5519 2823 5571 Junii.

2180 5595 2203 5631 ε
2232 5584 2483 5639 Januarii.
2521 5588 2577 5639 lli
2612 5588 2745 5651 passi
2774 5596 2893 5639 sunt
2924 5587 3063 5637 insta
3098 5584 3302 5638 Barnnii
3333 5597 3487 5643 notas
3513 5602 3652 5642 coss.

2109 5655 2408 5711 Constantio
2442 5674 2465 5710 γ
2498 5668 2547 5711 et
2576 5658 2903 5722 Maximiano,
2943 5655 2991 5708 id
3022 5665 3119 5721 est,
3150 5670 3290 5709 anno
3317 5656 3441 5711 305.
