3898 6374
268 411 400 467 1049

1424 419 1609 471 SECT.
1653 420 1711 469 ll.
1756 420 2297 475 MAll'l‘YllUlMlilA.
3294 428 3418 479 1050

1506 504 1729 581 Homo
1768 530 2218 585 cowmsnsrs.

266 623 387 665 rnnt
412 624 555 681 juxta
585 616 839 668 rivitatem
882 617 932 669 in
972 615 1198 678 basilica,
1247 616 1532 670 Mesenates
1589 619 1788 672 Sosium
1822 627 1863 678 Α
1891 628 2052 680 ctum,
2101 622 2185 688 qui
2229 637 2345 673 eum
2394 635 2694 688 suspensum
2746 622 2944 677 fortiter
2994 633 3273 691 torqueret.
3322 628 3416 690 Qui

264 716 417 766 atque
447 704 496 753 in
542 703 771 767 basilica,
804 703 1062 757 Puteolani
1124 706 1393 757 Proculum
1442 707 1702 773 Eutychen
1746 717 1796 757 rt

264 791 560 855 Achatimn,
587 794 732 859 juxta
764 794 1022 846 basilicam
1067 796 1225 846 SattCli
1272 796 1541 861 Stephani.
1590 795 1793 846 Festum

262 890 318 934 et
346 880 658 933 desiderium
709 884 1051 935 Beneventani
1091 883 1368 949 collegere.
1418 884 1469 934 In
1523 882 1792 935 Palaestina

262 979 561 1021 sanctorum
594 971 730 1022 Pelei
772 981 825 1023 et
867 971 965 1023 Nili
1003 972 1381 1037 episeoporum,
1427 972 1511 1037 qui
1554 985 1795 1037 persecu-

264 1059 410 1112 tione
461 1059 757 1112 Diocletiani
815 1074 931 1113 cum
974 1061 1205 1127 plurimis
1256 1062 1458 1113 clericis
1509 1060 1624 1127 igne
1676 1076 1796 1111 cou-

261 1146 456 1212 sumpti
486 1158 602 1199 sunt
634 1162 723 1212 pro
761 1146 987 1200 Christo.
1018 1148 1163 1213 Apud
1196 1148 1463 1201 Nuceriam
1504 1157 1795 1199 sanctorqu

264 1234 457 1287 Felicis
494 1246 543 1286 et
589 1235 924 1299 Constantine,
977 1238 1061 1302 qui
1108 1237 1203 1287 sub
1253 1236 1453 1288 Nerone
1485 1237 1617 1301 passi
1656 1244 1794 1287 sunt.

262 1319 525 1387 Lingonas
575 1324 748 1390 Sigoni
788 1324 1093 1389 presbyteri,
1136 1334 1187 1375 et
1218 1323 1459 1377 Florentii
1499 1325 1724 1391 episeopi
1749 1334 1800 1377 ct

265 1414 539 1480 martyris,
569 1422 619 1464 et
650 1414 818 1465 natale
846 1414 1007 1465 sancti
1049 1412 1332 1465 Eustachii.

336 1500 397 1551 D.
429 1499 515 1552 ΧΠ
564 1500 795 1553 ΚΑιεΝο.
820 1503 948 1554 Ocr.
977 1530 1039 1539 —
1079 1501 1131 1552 In
1170 1502 1359 1569 Cyzico
1388 1503 1554 1553 natale
1597 1502 1794 1554 Fausta:

260 1587 494 1654 Virginis,
518 1598 570 1640 et
593 1588 801 1655 Ejulasii
823 1590 918 1642 sub
948 1589 991 1641 M
1011 1591 1250 1641 iximiano
1279 1590 1608 1655 imperatore.
1634 1606 1787 1654 quant

264 1675 402 1728 idem
442 1676 713 1741 Ejulasius,
745 1692 861 1729 cum
887 1686 1023 1729 esset
1068 1676 1258 1744 primus
1290 1678 1481 1743 palatii,
1521 1676 1674 1743 jussit
1702 1680 1794 1729 de-

260 1766 475 1827 calvari,
521 1775 574 1819 et
625 1766 733 1819 radi
780 1768 843 1817 ad
883 1766 1272 1832 turpitudinem.
1306 1767 1423 1818 dein
1470 1768 1710 1831 suspendi
1741 1780 1800 1817 ac

264 1853 519 1919 torqueri.
569 1853 680 1916 Quo
710 1844 941 1918 tempore
966 1855 1256 1907 coruscatio
1300 1854 1364 1906 de
1417 1857 1563 1907 cmlis
1614 1856 1800 1906 inultos

1894 712 2045 763 etiam
2071 710 2223 776 jussit
2260 710 2493 762 Faustam
2524 711 2734 772 nudam,
2759 719 2809 761 et
2846 713 2957 763 sine
2993 713 3209 763 maforte
3238 715 3413 776 flagel-

1898 799 2069 857 latam,
2098 800 2648 863 incarceratam,caput
2675 800 2936 863 terebrari,
2964 814 3021 851 ac
3045 788 3222 851 oculos
3253 801 3412 865 inligi,

1895 890 1973 940 eui
2005 889 2322 951 postmodum
2367 903 2464 938 non
2508 887 2670 938 solum
2716 896 2869 951 caput
2909 895 2960 937 et
3010 888 3186 951 facies,
3231 888 3319 937 sed
3370 898 3418 937 et

1899 928 1973 940 ν...
2367 928 2464 938 ..νη
2508 928 2670 938 -........
2718 928 2868 951 ην...
2912 928 2960 937 ν-
3010 928 3186 947 ...νωη
3231 928 3319 937 νυ..
3371 928 3418 937 ν.

1899 986 2073 1043 pectus
2096 987 2147 1029 et
2175 987 2333 1028 totum
2382 992 2567 1041 corpus
2594 990 2753 1041 usque
2782 977 2842 1026 ad
2876 976 3024 1027 tibias
3053 928 3208 1027 cla‘s
3231 974 3419 1038 imple-

1898 1076 2002 1117 tum
2026 1076 2123 1118 est.
2155 1066 2275 1117 l’ost
2304 1067 2411 1117 lucc
2439 1068 2747 1129 sartaginem
2790 1063 2943 1130 jussit
2988 1065 3153 1129 igniri,
3182 1064 3267 1114 sed
3315 1062 3422 1113 ha-c

1899 1156 2148 1219 psallente
2175 1154 2258 1205 illa
2291 1155 2540 1219 refriguit.
2576 1153 2695 1205 Ηωο
2726 1152 3068 1205 interveniens
3094 1168 3186 1202 vox
3210 1152 3273 1202 de
3293 1153 3424 1202 coelo

1900 1243 2104 1295 vocavit
2131 1258 2241 1303 eos,
2272 1251 2324 1295 et
2346 1244 2435 1295 sic
2464 1243 2773 1294 tradiderunt
2807 1241 3063 1306 spiritum.
3106 1241 3225 1292 Erat
3256 1252 3423 1291 autent

1898 1332 2082 1384 Fausta
2126 1345 2377 1383 annorum
2427 1330 2693 1390 tredecim,
2742 1340 2788 1381 et
2842 1330 3092 1396 Ejulasius
3142 1333 3420 1396 octoginta.

1898 1420 1960 1472 Et
1990 1418 2154 1482 vigilia
2191 1418 2350 1468 sancti
2391 1416 2613 1467 Mattliasi
2645 1416 2883 1481 apostoli.

1970 1508 2026 1560 Ε.
2053 1506 2119 1560 Χι
2148 1507 2376 1577 liueat».
2399 1506 2525 1558 Oc'r.
2556 1534 2622 1545 —
2658 1506 2836 1557 Natale
2862 1506 3021 1556 sancti
3054 1506 3274 1557 Mattlnei
3303 1520 3427 1571 apo-

1898 1596 2017 1649 stoli
2043 1608 2092 1647 et
2122 1597 2475 1663 evangelista‘,
2516 1596 2600 1657 qui
2634 1596 2825 1660 primus
2871 1596 2920 1646 in
2966 1594 3139 1647 Judaza
3194 1596 3426 1665 Evange-

1898 1686 2022 1738 lium
2053 1684 2243 1737 Clnisti
2278 1686 2491 1736 Hebraeo
2517 1698 2755 1736 sermone
2797 1687 3121 1751 conscripsit.
3162 1685 3282 1737 Post
3310 1702 3430 1737 vero

1900 1774 2033 1837 apud
2060 1772 2371 1836 AStliiopiant
2407 1772 2723 1837 pra-dicavit,
2752 1781 2803 1824 et
2829 1774 3012 1823 inultos
3033 1772 3097 1823 ad
3124 1772 3272 1823 iidem
3301 1786 3431 1824 con-

1903 1859 2054 1911 vertit
2079 1876 2090 1909 :
2132 1860 2422 1922 missusque
2450 1869 2528 1909 est
2560 1857 2838 1921 spiculator
2859 1857 2923 1907 ab
2948 1857 3150 1909 Hirtaco
3176 1872 3313 1923 rege,
3344 1857 3431 1922 qui

265 1943 621 1994 ministrorum
672 1945 940 2010 percussit.
986 1944 1179 1997 Deinde
1204 1944 1359 2008 jussit
1387 1945 1580 1996 loculos
1608 1943 1681 1994 ait”
1710 1942 1796 2003 rri,
1836 1934 1873 1987 ll
1902 1960 2018 1996 eum
2061 1944 2227 2010 gladio
2268 1944 2479 1995 feriebat
2506 1942 2734 1995 efticicns
2766 1953 3041 2010 martyrem
3070 1945 3260 1996 Christi
3291 1962 3303 1994 :
3335 1960 3430 1994 cu-

259 2038 316 2082 et
344 2046 457 2082 eam
488 2033 765 2084 immissam
795 2046 853 2085 ac
883 2034 1055 2097 lixam,
1087 2033 1228 2098 quasi
1260 2032 1450 2098 lignum
1490 2032 1653 2083 secari
1686 2046 1795 2082 inc-

261 2122 401 2176 diam
430 2142 441 2175 :
468 2126 555 2177 sed
586 2142 686 2177 non
710 2142 821 2179 eam
844 2126 1115 2180 carniﬁces
1147 2126 1295 2178 ferris
1327 2127 1516 2178 laedere
1544 2127 1797 2177 valebant.

262 2211 405 2266 Inter
433 2229 547 2281 quae
578 2224 790 2280 stupens
840 2215 1093 2283 Ejulasius
1134 2213 1339 2268 Christo
1367 2215 1580 2267 credere
1618 2213 1792 2277 Cthil.

266 2300 329 2352 Et
379 2301 477 2355 hoc
518 2303 603 2356 ubi
635 2306 927 2371 imperatori
980 2305 1267 2356 nuntiatum
1302 2313 1404 2368 est,
1447 2301 1585 2354 misit
1612 2300 1796 2369 pracfe-

1898 2038 1981 2099 jus
2010 2034 2343 2097 Evangvlinnt
2374 2033 2508 2099 stylo
2538 2032 2807 2097 scripturn,
2857 2032 3070 2083 llebrteo
3117 2032 3228 2097 ipso
3280 2046 3429 2083 reve-

1906 2123 2063 2183 lante,
2107 2132 2336 2186 tempore
2380 2122 2701 2185 imperatoris
2730 2120 2996 2185 cujusdam
3036 2119 3294 2172 inventum
3332 2128 3429 2171 est.

1973 2210 2031 2263 F.
2067 2210 2105 2262 Χ
2137 2210 2365 2262 Kauaxo.
2396 2213 2523 2262 Ucr.
2553 2238 2621 2248 —
2665 2208 2719 2260 In
2750 2209 2911 2262 Gallia
2952 2212 3155 2262 civitate
3202 2210 3431 2269 Cednno,

1906 2297 2020 2349 loco
2068 2302 2304 2364 Agauuo,
2346 2299 2517 2351 natale
2545 2312 2840 2350 sanetorum
2869 2306 3149 2362 martyrum
3192 2296 3436 2350 Theben-

1473 2408 1692 2462 EDITIO
1733 2404 2225 2460 BOLLANDIANA.

260 2529 385 2571 runt
429 2533 589 2584 quare
629 2519 753 2585 justi
794 2520 1101 2585 juberentur
1141 2518 1301 2572 occidi
1332 2534 1346 2573 :
1376 2533 1503 2585 quos
1543 2518 1697 2585 judex
1746 2526 1800 2569 ut

259 2605 391 2656 vidit
420 2606 739 2659 Christianos
767 2606 921 2674 jussit
949 2607 1197 2659 decollari
1231 2621 1346 2659 cum
1390 2607 1509 2659 illis.
1562 2606 1645 2658 Sic
1691 2620 1801 2657 om-

261 2708 356 2745 nes
380 2705 579 2758 septem
613 2696 804 2761 pariter
829 2706 950 2747 sunt
972 2696 1229 2748 decollati.
1264 2695 1327 2747 Et
1374 2696 1599 2747 tulerunt
1649 2705 1799 2746 noctu

257 2794 478 2849 corpora
510 2782 821 2845 Christiani;
850 2793 901 2835 et
932 2783 1256 2850 Neapolitani
1285 2784 1581 2836 Ianuarium
1616 2798 1800 2849 posue-

260 2880 385 2924 runt
423 2872 567 2937 juxta
613 2873 869 2925 civitatem
922 2873 973 2924 in
1021 2872 1248 2934 basilica,
1283 2871 1567 2924 Mesenates
1595 2872 1798 2923 Sosium

256 2975 411 3027 atque
449 2962 499 3013 in
544 2963 773 3025 basilica,
806 2961 1074 3014 Puteolani
1106 2961 1380 3013 Proculum
1414 2969 1464 3013 et
1498 2962 1796 3027 Entycetnm

256 3059 313 3102 et
339 3049 577 3102 Acutium
608 3050 659 3103 in
689 3050 892 3102 basilica
921 3050 978 3103 S.
1008 3050 1282 3117 Stephani,
1316 3050 1523 3103 Festum
1564 3058 1616 3103 et
1658 3050 1802 3102 Desi-

256 3137 460 3191 derium
494 3138 839 3190 Beneventani
871 3139 1213 3203 collegerunt.

332 3225 425 3276 Ms.
458 3222 709 3275 Lmtieiise
737 3238 896 3289 usque
926 3226 987 3276 ad
1022 3223 1278 3275 Desiderio
1302 3220 1542 3275 convenit
1571 3239 1582 3273 :
1610 3222 1798 3274 deinde

257 3292 482 3360 aliorum
516 3292 668 3344 trium
698 3293 960 3360 subjungit
992 3295 1219 3344 nomina.

336 3320 482 3343 """"
516 3320 669 3371 “'“u’.
698 3320 960 3360 °“"J""5"
992 3320 1219 3344 """"""'
1344 3358 1374 3369 ..
1568 3359 1581 3375 .
1728 3320 1737 3367 ζ
1782 3359 1792 3367 .
1824 3321 1869 3381 C

334 3359 392 3409 V.
428 3361 484 3410 Β.
520 3360 599 3420 Ι).,
638 3363 697 3411 ιιι
742 3362 909 3412 natale
949 3361 1003 3414 S.
1046 3361 1069 3387 ⁸
1111 3358 1396 3413 Eustochtt.
1435 3358 1496 3411 V.
1544 3362 1626 3418 (μ,
1658 3358 1794 3408 Alibi

252 3426 514 3489 depositio
544 3429 599 3480 S.
632 3427 658 3465 ιι
697 3428 929 3482 Mariani.
966 3431 1048 3484 Β..
1078 3429 1315 3482 Treveris
1352 3428 1561 3480 civitate
1597 3427 1797 3494 deposi-

254 3497 332 3548 lio
362 3498 418 3549 ὃ.
451 3498 634 3548 bliletis
663 3497 910 3564 episcopi.

325 3583 414 3636 9.0.
453 3611 521 3622 —
560 3584 647 3636 ΧΗ
690 3584 817 3638 ΚΑι..
882 3586 932 3637 In
997 3584 1184 3652 Cyzico
1253 3585 1433 3641 natale
1498 3592 1795 3635 sanctorum

257 3675 280 3703 ε
315 3672 515 3725 Fausta:
558 3672 768 3740 virginis
796 3684 846 3725 et
876 3671 1079 3725 Evilasii
1109 3673 1206 3726 sub
1236 3673 1552 3723 Maximiano
1576 3674 1797 3737 impera-

256 3771 369 3814 tore
404 3779 415 3812 :
449 3776 600 3829 quam
658 3763 791 3816 idem
842 3764 1112 3825 Evilasius,
1159 3778 1275 3815 cum
1306 3771 1445 3813 esset
1474 3761 1665 3827 primus
1711 3774 1794 3824 pa-

255 3849 391 3911 latii,
422 3849 574 3916 jussit
603 3850 861 3903 dccalvari
888 3864 939 3905 et
969 3852 1075 3903 radi
1105 3852 1166 3903 ad
1195 3850 1583 3917 turpitudinem,
1609 3847 1797 3901 deinde

251 3942 504 4008 suspendi
549 3956 611 3995 ac
661 3944 931 4009 torqueri:
967 3958 1068 4008 quo
1116 3952 1348 4008 tempore
1392 3940 1677 3995 coruscatio
1733 3940 1799 3993 de

251 4030 404 4085 cmlis
454 4030 587 4083 facta
635 4033 825 4083 multos
867 4033 1223 4083 ministrorum
1278 4032 1553 4099 percussit.
1604 4030 1799 4083 Deinde

248 4121 405 4188 jussit
457 4121 655 4172 loculos
706 4121 877 4172 atferri
927 4130 980 4172 et
1026 4134 1139 4173 eam
1189 4119 1472 4172 immissam
1518 4133 1583 4171 ac
1621 4120 1797 4181 lixam,

251 4208 400 4274 quasi
455 4207 647 4272 lignum
696 4209 860 4259 secari
910 4208 1129 4259 mediam
1172 4223 1187 4259 :
1238 4207 1329 4260 sed
1376 4220 1488 4259 eam
1528 4206 1796 4258 carniliccs

253 4298 417 4347 serris
448 4296 637 4349 lzcdere
666 4312 767 4347 non
797 4297 1054 4351 valebant.
1088 4298 1210 4360 Qua:
1240 4298 1375 4349 inter
1416 4302 1627 4361 stupens
1680 4296 1796 4346 Evi-

254 4384 414 4438 lasius
442 4386 647 4438 Christo
674 4387 887 4438 credere
930 4387 1119 4454 cmpit;
1151 4396 1201 4438 et
1242 4385 1340 4438 hoc
1370 4384 1453 4435 ubi
1500 4382 1792 4449 imperatori

256 4474 553 4527 nuntiatum
582 4483 680 4539 est,
723 4476 858 4527 misit
890 4479 1189 4544 prmlectum
1222 4476 1305 4541 qui
1337 4488 1452 4526 eum
1483 4488 1789 4539 suspensum

1902 2512 2108 2566 fortiter
2138 2523 2419 2579 torqueret.
2451 2513 2545 2578 Qui
2589 2515 2742 2566 etiam
2785 2514 2933 2581 jussit
2962 2514 3201 2566 Faustam
3242 2504 3429 2569 nudam

1900 2614 1951 2657 et
1995 2606 2107 2657 sine
2154 2616 2384 2657 mavorte
2429 2605 2512 2673 ιΑ.
2540 2603 2601 2655 Β.
2634 2604 2719 2670 γ.,
2752 2602 2989 2673 maforte]
3033 2604 3178 2656 educi
3219 2606 3282 2656 de
3317 2619 3433 2656 car-

1900 2710 2038 2757 cere,
2069 2704 2120 2746 et
2143 2695 2189 2746 ei
2210 2704 2363 2758 caput
2386 2694 2631 2745 terebrari
2662 2707 2721 2746 ac
2748 2694 2907 2746 clavis
2935 2693 3136 2757 conligi.
3167 2692 3257 2744 Cui
3286 2702 3427 2758 post-

1903 2784 2109 2835 modum
2155 2797 2254 2833 uon
2302 2782 2466 2834 solum
2505 2794 2675 2848 caput,
2728 2791 2779 2835 et
2825 2781 3003 2843 facies,
3050 2782 3138 2834 sed
3176 2791 3224 2834 ct
3258 2790 3434 2847 pectus

1901 2881 1955 2923 et
1988 2880 2147 2923 totum
2177 2883 2365 2935 corpus
2396 2885 2556 2935 usque
2585 2870 2647 2921 ad
2680 2870 2831 2922 tibias
2855 2870 3014 2922 clavis
3040 2871 3303 2935 impletum
3334 2878 3430 2922 est.

1903 2960 2025 3011 Post
2058 2960 2169 3013 lucc
2198 2961 2508 3028 sartagineni
2534 2961 2690 3027 jussit
2714 2961 2860 3026 igniri
2892 2978 2904 3013 :
2935 2961 3023 3013 sed
3054 2960 3161 3010 haec
3187 2960 3271 3010 illa
3303 2960 3436 3023 psal-

1902 3050 2038 3101 lente
2071 3048 2321 3114 refriguit.
2359 3042 2479 3101 Hcce
2509 3051 2641 3101 inter
2669 3051 2880 3100 veniens
2906 3063 3003 3099 vox
3025 3047 3088 3100 de
3116 3048 3248 3100 caelo
3276 3061 3433 3099 voca-

1902 3139 1975 3190 vit
1999 3153 2088 3189 eos
2118 3149 2169 3189 ct
2197 3139 2271 3189 sic
2305 3137 2629 3189 tradiderunt
2654 3137 2912 3202 spiritum.
2946 3136 3065 3186 Erat
3100 3144 3267 3185 autem
3297 3133 3430 3184 Fau~

1902 3234 1981 3278 sta
2012 3238 2265 3275 annorum
2299 3224 2545 3276 tredecim
2576 3221 2689 3293 [D.,
2718 3237 2822 3286 xvi,
2854 3221 2939 3284 8.,
2974 3220 3064 3291 ιιι]
3108 3231 3158 3273 et
3186 3220 3434 3274 Exilasius

1900 3312 2158 3380 octoginta
2189 3312 2278 3382 μ’.
2312 3312 2391 3370 (ἐι,
2427 3310 2567 3379 cxx].

1971 3403 2029 3455 C.
2062 3403 2122 3454 B.
2158 3402 2216 3452 V.
2252 3402 2309 3451 D.
2342 3400 2400 3451 Τ.
2435 3404 2520 3460 Α..
2558 3399 2733 3465 Vigilia
2771 3399 2825 3451 S.
2859 3398 3078 3449 Matthzei
3124 3394 3343 3462 apostoli
3383 3406 3435 3447 et

1901 3471 2250 3536 evangelistte.
2298 3470 2377 3531 B.,
2426 3469 2478 3519 In
2528 3464 2737 3519 Nuceria
2775 3470 2943 3536 natale
2989 3468 3082 3518 SS.
3114 3464 3140 3536 τι
3178 3466 3360 3536 Felicis
3382 3478 3433 3517 et

1902 3534 2183 3589 Constantii
2217 3556 2228 3589 :
2258 3539 2344 3599 qui
2403 3538 2535 3603 passi
2584 3544 2705 3588 sunt
2748 3535 2842 3587 sub
2884 3534 3088 3587 Nerone
3127 3534 3433 3600 itnp‘issimo

1903 3606 2234 3673 imperatore.

1970 3716 2057 3768 9.1.
2115 3744 2171 3753 —
2215 3715 2281 3767 XI
2331 3714 2460 3767 KAL.
2510 3714 2705 3767 Natalis
2744 3713 2801 3767 S.
2836 3722 2858 3749 ⁸
2886 3711 3111 3766 Matthxi
3137 3709 3352 3777 apostoli
3382 3718 3433 3762 et

1898 3806 2245 3871 evangelista.

1970 3892 2149 3944 Florus
2179 3891 2431 3958 praeponit
2463 3890 2511 3943 in
2550 3890 2613 3942 A.
2641 3889 2700 3942 Τ.
2736 3888 2794 3941 L.
2827 3905 2840 3938 :
2868 3887 2923 3939 lu
2951 3885 3193 3944 Persida;
3225 3894 3277 3937 et
3304 3886 3430 3965 sub.-

1892 3980 2064 4049 jungit
2091 4000 2103 4034 :
2130 3983 2225 4045 Qui
2257 3996 2412 4033 orans
2441 3997 2469 4033 a
2500 3991 2643 4046 tergo
2686 3980 2853 4048 gladio
2896 3979 3191 4045 percutitur.
3240 3976 3304 4027 Et
3340 3990 3428 4032 oc-

1898 4071 2094 4125 eubuit.
2125 4071 2206 4135 B.,
2229 4071 2327 4134 Qui
2364 4084 2543 4136 passus
2573 4080 2651 4123 est
2682 4070 2731 4121 in
2760 4069 2964 4122 civitate
2993 4067 3221 4119 Tharitn.

1971 4156 2141 4217 VAL,
2176 4157 2304 4207 Alibi
2334 4156 2388 4207 S.
2426 4153 2445 4190 ί
2480 4154 2733 4206 Vincentii
2763 4151 3017 4221 martyris.
3050 4152 3137 4209 Α..
3173 4151 3233 4221 Et
3262 4150 3431 4221 passio

1899 4224 1952 4277 S.
1986 4224 2532 4301 alexandrtepiscopi.
2563 4223 2643 4280 Β..
2671 4222 2721 4273 In
2752 4217 3037 4274 Mediolano
3066 4220 3232 4271 natale
3259 4221 3313 4270 ὃ.
3345 4217 3427 4268 Vi-

1898 4303 2055 4345 ctoris
2081 4303 2337 4359 martyris.

1963 4382 2052 4435 22.
2082 4409 2151 4421 -
2176 4380 2217 4433 X
2246 4380 2379 4433 ΚΑΙ..
2399 4378 2703 4431 Sanctorum
2735 4389 3036 4444 martyrum,
3057 4385 3079 4421 ις
3102 4374 3428 4425 Thebeornm

1898 4470 2145 4533 Mauricii,
2190 4468 2424 4534 Candidi,
2457 4469 2694 4536 Exuperii
2724 4465 3012 4535 (Hucusque
3043 4466 3151 4529 lt),
3182 4464 3428 4530 Victoris,

1613 4584 1812 4637 SMlTll
1852 4578 2075 4635 ΝΟΤᾹΞ.

324 4693 348 4719 ⁸
385 4681 660 4734 Eustachii.
686 4682 857 4744 Quinti
882 4680 1202 4733 Turonensis
1226 4674 1472 4741 episcopi.
1518 4675 1664 4728 Hunc
1717 4675 1787 4725 fe-
1820 4676 1995 4739 Dpite
2054 4669 2172 4722 caasi
2222 4666 2522 4744 martyrium
2575 4667 3086 4716 consummaverunt.
3138 4655 3298 4708 Ρετιι.
3356 4668 3424 4707 ne

255 4761 376 4803 runt
416 4751 699 4803 instituisse
745 4750 995 4802 ecclesias
1042 4762 1131 4811 per
1162 4747 1320 4808 viciis,
1357 4744 1547 4804 Brixis,
1594 4744 1788 4794 lciodo-

254 4834 411 4880 rum,
463 4822 690 4877 LucCas.
744 4818 916 4870 Dolus.
969 4814 1265 4870 Aidificavit
1318 4814 1471 4880 etiam
1518 4811 1787 4880 ecclesiam

256 4878 591 4941 infraimuros
620 4888 861 4949 civitatis,
896 4889 944 4937 in
974 4901 1070 4952 qua
1118 4882 1361 4947 reliquias
1550 4878 1784 4952 Cervasii

253 4966 308 5007 et
343 4956 559 5008 Protasii
588 4948 853 5013 condidit,
879 4948 1004 5021 (μηδ’
1038 4954 1091 5007 S.
1142 4952 1355 5003 Martino
1398 4949 1463 4999 de
1502 4948 1642 4999 Italia
1672 4957 1790 5021 sunt

254 5022 461 5076 delata.
496 5024 723 5075 Interfuit
752 5015 921 5076 autem
956 5024 1175 5074 Concilio
1207 5020 1481 5083 .Andegav.
1515 5032 1635 5070 ann.
1666 5015 1787 5077 455.

253 5102 309 5145 et
336 5094 540 5158 scrip~it
564 5108 678 5142 cum
711 5092 880 5144 Leone
924 5098 977 5142 et
1018 5090 1244 5142 Vicini-io
1292 5087 1559 5158 epistolam
1605 5093 1785 5158 contra

256 5154 471 5213 clericos
496 5161 580 5227 qui
618 5159 681 5211 ad
712 5161 983 5211 tribunalia
1017 5158 1276 5210 smmrlaria
1310 5156 1659 5227 recurrebant.
1688 5154 1779 5203 Se-

256 5230 332 5280 dit
361 5224 530 5283 anteni
561 5243 723 5279 annos
755 5229 815 5279 l7
842 5239 894 5280 et
922 5230 1167 5279 successit
1208 5226 1420 5277 Brit-cio.
1452 5224 1783 5284 sepultusque

254 5309 334 5350 est
382 5301 427 5349 in
480 5299 687 5350 basilica
737 5314 886 5360 quam
938 5297 1163 5347 liriccius
1208 5308 1363 5361 super
1407 5291 1465 5346 S.
1514 5290 1781 5341 Marllllmll

255 5368 462 5419 struxit.
490 5368 650 5420 Gneo.
680 5367 874 5419 Tenos.
909 5382 960 5424 χ.
992 5366 1078 5417 51.

324 5434 349 5470 ¹’
385 5434 616 5486 Mariani.
650 5434 723 5486 De
747 5436 842 5483 hoc
874 5435 986 5484 vide
1011 5447 1161 5499 supra
1193 5446 1221 5482 ι
1249 5428 1486 5499 Augusti.

328 5507 348 5533 ε
381 5500 605 5554 Fausta.
653 5503 817 5556 Graeci
862 5502 909 5553 in
961 5493 1247 5564 Menblogio
1286 5493 1375 5550 eos
1404 5498 1576 5549 eolnnt
1618 5493 1781 5564 pridie

255 5570 427 5623 Nonas
446 5571 694 5623 Januarii.
723 5571 1001 5636 Descripsit
1028 5562 1205 5621 eorum
1231 5571 1355 5619 Acta
1380 5568 1560 5619 Surius
1585 5571 1710 5613 tum.
1736 5562 1773 5623 Ι,

257 5641 339 5693 die
369 5653 415 5687 vt
450 5640 729 5690 Februarii.
936 5705 939 5706 ν
1234 5702 1243 5706 _
1288 5703 1295 5706 Α
1534 5702 1543 5706 _
1600 5697 1630 5706 η

327 5709 348 5744 d
376 5705 579 5759 Felicis.
615 5708 710 5772 Qui
742 5707 875 5774 apud
906 5705 1171 5762 Nuceriam
1202 5702 1459 5759 civitatem
1499 5698 1667 5769 gladio
1694 5713 1778 5751 ca-

1896 4733 2094 4793 ΝΑτΑί..
2132 4750 2241 4797 vni,
2274 4733 2359 4786 86.
2425 4800 2458 4803 μ
2632 4799 2659 4803 __
3030 4793 3075 4803 η
3116 4802 3121 4803 ί
3193 4792 3204 4801 ,

1967 4818 1987 4844 ε
2021 4791 2263 4858 Matt/rari.
2302 4802 2394 4855 llic
2424 4799 2811 4863 Evangeliorum
2840 4809 2983 4845 suam
3012 4792 3292 4863 iliistoriam
3324 4791 3425 4843 lle-

1901 4877 2071 4929 braice
2114 4873 2341 4938 scripsit,
2388 4880 2460 4938 ut,
2485 4860 2635 4938 pa_te_t
2670 4881 2729 4938 ert
2763 4864 2969 4938 Eusebii
3004 4862 3140 4913 Eccl.
3174 4860 3302 4911 llist.
3346 4874 3419 4919 ut,

1891 4946 1976 4997 9.4.
2027 4946 2152 4995 Eum
2187 4932 2356 4992 autem
2404 4936 2463 4985 ad
2488 4932 2812 4998 "Ethiopian
2846 4932 3057 4982 missum
3086 4944 3198 4998 esse
3241 4939 3424 4998 auctor

1892 4996 1972 5067 est
1999 5013 2238 5064 Socrates
2266 5010 2313 5058 in
2345 5005 2473 5058 Hist.
2508 5021 2543 5063 ι,
2578 5002 2657 5052 l9.
2682 4996 2811 5064 Qua:
2833 5000 2896 5051 de
2926 5001 3035 5060 ipso
3061 4997 3239 5067 scribit
3267 4996 3417 5067 Nice-

1894 5087 2085 5148 pliorus
2128 5094 2178 5139 tt,
2229 5076 2315 5135 41,
2360 5066 3297 5148 ntcorninentitia.praaterm‘ittimus.
3348 5066 3417 5116 De

1889 5136 2001 5218 ejus
2032 5136 2267 5218 passione
2292 5144 2406 5218 vide
2425 5143 2573 5218 _l‘etr.
2602 5140 2666 5217 de
2892 5150 3000 5192 vni,
3025 5136 3110 5218 ll).

1965 5218 1981 5254 ί
2025 5199 2286 5268 Vincenti.
2340 5211 2567 5263 Molanus
2612 5208 2661 5258 in
2711 5204 3087 5257 Additamentis
3132 5200 3192 5250 ad
3230 5199 3415 5268 Ust_tar-

1888 5265 2443 5337 tlnm'translationem
2492 5272 2856 5344 linjussancti
2905 5272 3055 5322 hodie
3084 5279 3244 5344 notat.
3293 5265 3416 5344 Ejus

1886 5361 2020 5406 enim
2066 5352 2246 5403 natalis
2276 5359 2357 5401 est
2386 5350 2496 5398 dies
2526 5337 2609 5396 xiv
2651 5342 2788 5412 Julii,
2824 5355 2971 5412 quem
3020 5338 3254 5412 superius
3302 5337 3416 5412 vide

1887 5403 2126 5473 una—chm
2171 5417 2442 5470 Mabillunii
2472 5430 2594 5467 saec.
2625 5426 2661 5462 tt
2690 5410 2803 5463 Act.
2841 5409 2988 5471 Bern,
3022 5410 3104 5456 ubi
3151 5404 3263 5469 ejus
3303 5403 3416 5454 Vita

1885 5490 2332 5608 άθὲθῖἶῖέῖέὲὶωη.
2366 5550 2435 5602 De
2466 5549 2545 5599 his
2570 5548 2685 5600 vide
2722 5546 2885 5599 Vitam
2913 5542 2977 5594 ab
3000 5541 3252 5593 Eucherio
3286 5539 3416 5603 Lug-

1886 5626 2103 5677 dunensi
2135 5624 2373 5687 episcopo
2404 5620 2648 5687 scriptam
2676 5626 2779 5687 etAa
2810 5614 2958 5687 surio
2982 5620 3104 5687 tum.
3201 5612 3414 5687 editam.

1886 5693 2097 5747 Frustra
2127 5680 2283 5753 aiunt
2312 5680 2764 5747 antimonarchici,
2796 5682 2879 5748 qui
2905 5680 3101 5745 insigne
3146 5681 3241 5731 hoc
3273 5680 3414 5729 tihri-
