3898 6372
473 365 612 420 MSS

1225 369 1413 422 llEDA‘J
1455 370 1886 436 VENERABILIS
1928 374 2069 427 OPP.
2111 375 2279 430 PARS
2319 377 2401 431 IV.
2443 405 2507 418 —
2546 379 2916 438 lilSTORICA.

3515 387 3642 441 I050

1708 479 1926 536 EDITIO
1962 480 2412 537 COLONIENSIS.

472 579 642 636 tyrum
671 569 909 636 Cypriani
937 570 1161 634 episcopi
1192 580 1237 621 et
1272 569 1484 622 Iustina:
1515 569 1741 635 virginis.
1767 570 1994 636 Quorum
2029 576 2074 631 Α
2172 574 2230 625 D.
2275 574 2310 624 V
2351 573 2580 626 KALEND.
2621 573 2748 628 Ocr.
2790 605 2855 616 —
2891 578 3038 643 Apud
3077 578 3317 646 Egazam
3354 583 3643 646 civitatem,

467 657 671 710 .lnstina
701 657 796 708 sub
831 658 1148 710 Diocletiano
1179 659 1335 710 multa
1362 671 1568 725 prapter
1595 659 1853 710 Christum
1883 674 1998 724 per-

475 760 640 811 pesSa,
676 745 840 811 ipsum
873 761 1076 813 quoque
1117 746 1430 813 Cyprianum
1477 761 1592 799 cum
1633 756 1774 800 esset
1802 762 2000 814 magns,

471 844 523 885 et
553 834 765 900 magicis
813 836 1012 887 artibus
1054 851 1166 886 eam
1208 835 1505 888 dementare
1549 847 1842 900 conaretur,
1874 851 2000 890 coo-

475 923 627 972 vertit
651 922 714 972 ad
747 922 1028 974 Christum.
1067 924 1192 974 Cum
1227 941 1327 990 qua
1351 924 1454 989 jam
1486 924 1729 990 episcopo
1767 937 1816 978 et
1847 925 2003 978 nobili

471 1010 683 1064 ductore
715 1011 868 1075 facto,
903 1016 1230 1078 martyrizata
1267 1023 1348 1067 e~t
1385 1016 1478 1066 sub
1517 1014 1725 1068 Claudio
1753 1017 1999 1081 principe,

471 1111 523 1152 et
555 1101 730 1167 judice
764 1088 1036 1164 Euteltnio,
1071 1113 1119 1153 et
1150 1118 1264 1154 cum
1295 1105 1370 1154 eis
1408 1093 1723 1169 'l'ltcognitns
1748 1106 1955 1171 quidatn
1988 1120 2001 1156 :

471 1203 688 1256 quorum
721 1205 938 1256 corpora
968 1191 1237 1256 jacuerunt
1267 1192 1494 1259 pl‘Ojt'Cla
1536 1193 1659 1244 foris
1700 1207 1787 1245 sex
1817 1194 2003 1245 diebus

472 1276 749 1342 insepulta.
804 1281 1020 1344 Quidam
1073 1294 1243 1333 auem
1299 1293 1469 1334 nauta:
1519 1282 1796 1334 Christiani
1854 1293 2004 1335 nocte

471 1375 754 1430 rapuerunt
798 1382 878 1431 ea,
925 1379 977 1420 et
1017 1368 1410 1433 deportaverunt
1460 1371 1523 1421 ad
1555 1371 1731 1422 urbem
1764 1372 2000 1433 Romam,

470 1460 524 1504 et
560 1453 788 1505 matrona
838 1456 1094 1508 venerabil
1118 1472 1144 1508 s
1193 1457 1373 1508 ltutina
1414 1468 1710 1511 reverenter
1735 1457 1993 1522 excipiens

471 1539 552 1593 illa
578 1545 810 1608 sepelivit
836 1545 886 1596 in
918 1547 1110 1612 praedio
1139 1561 1252 1599 suo.

2105 663 2272 714 natale
2301 670 2600 714 sanctorum
2629 672 2910 732 martyrum
2937 666 3137 718 Cosme
3157 677 3211 719 et
3239 669 3495 730 Datniani.
3533 686 3644 736 per-

2103 750 2366 804 secutione
2409 748 2732 813 Diocletiani,
2779 754 2875 806 sub
2920 755 3144 822 praeside
3191 753 3370 822 Lysia,
3412 759 3504 826 qui
3533 773 3643 824 post

2105 839 2264 890 multa
2298 848 2578 902 tormenta,
2609 840 2807 892 vincula
2849 851 2900 894 et
2945 856 3182 896 carceres
3215 845 3484 907 toleratos.
3528 858 3641 911 post

2106 939 2250 978 mare
2275 935 2326 978 et
2355 927 2518 993 ignes,
2550 942 2750 1015 ehrnces,
2775 929 3112 994 lapidationes
3133 944 3184 984 et
3211 934 3448 1000 sagittas,
3473 937 3637 1002 capite

2107 1014 2402 1078 plectuntur
2430 1029 2544 1066 cum
2577 1014 2838 1079 Antltitno,
2873 1016 3085 1071 Leontio
3113 1026 3168 1071 et
3190 1019 3471 1086 Euprepio.
3504 1022 3638 1086 Quo-

2107 1118 2221 1155 rum
2250 1118 2464 1168 corpora
2494 1105 2718 1170 religiosi
2747 1107 2842 1157 viri
2879 1108 3195 1172 sepelierunt
3234 1108 3289 1159 in
3332 1110 3450 1162 loco
3477 1126 3638 1163 vene-

2106 1194 2274 1256 rabili,
2305 1209 2408 1245 non
2450 1195 2604 1261 longe
2647 1211 2674 1247 a
2721 1197 2935 1254 civitate,
2971 1196 3168 1264 Egaza.
3209 1197 3434 1250 Duorum
3465 1207 3634 1251 autem

2105 1286 2565 1343 fratrum.Cosm:e
2614 1296 2668 1340 et
2711 1289 2939 1342 Damiani
2969 1291 3215 1342 memoria
3256 1291 3411 1342 etiam
3445 1290 3637 1355 templo

2106 1375 2355 1439 prmclaro
2384 1389 2562 1442 opere,
2595 1377 2790 1430 nomini
2837 1391 3017 1430 eorum
3056 1377 3312 1430 aediﬁcato
3339 1378 3634 1431 soletnniter

2103 1463 2286 1529 agitur.

2178 1553 2254 1632 Ισῖ.⁸
2278 1551 2336 1602 IV
2377 1552 2606 1607 KALEND.
2639 1553 2767 1606 Ocr.
2806 1583 2875 1592 -—
2911 1555 2964 1607 ln
3003 1554 3260 1620 llispaniis
3297 1554 3533 1608 Corduba
3560 1556 3631 1608 ci-

1644 1659 1866 1712 EDITIO
1906 1658 2390 1713 BOLLAXDMNA.

472 1767 699 1835 episcopi
730 1774 779 1817 et
805 1766 1020 1818 Justinte
1047 1784 1059 1819 :
1084 1781 1299 1834 quorum
1326 1767 1522 1820 Justina
1544 1770 1642 1822 sub
1683 1770 2002 1823 Diocletiano
2040 1771 2078 1824 Β
2109 1784 2397 1832 assumens,
2422 1786 2627 1825 omnem
2657 1772 3056 1826 ecclesiasticam
3085 1774 3408 1840 disciplinam
3431 1778 3619 1846 docuit,

475 1857 634 1908 multa
669 1866 876 1921 pr0pter
905 1855 1168 1908 Christum
1202 1871 1465 1923 perpessa,
1491 1859 1655 1924 ipsum
1688 1873 1889 1925 quoque
1909 1859 2004 1927 Cy-

475 1948 730 2014 prianum,
759 1962 874 1999 cum
901 1957 1038 2000 esset
1070 1962 1276 2015 magus,
1319 1959 1372 2002 et
1422 1951 1602 2016 magiis
1630 1951 1737 2003 suis
1764 1967 1875 2004 eam
1907 1953 1998 2003 de-

475 2046 708 2088 mentare
727 2045 1021 2099 conaretur,
1047 2040 1300 2088 convertit
1331 2039 1392 2087 ad
1417 2036 1676 2089 Christum
1703 2055 1715 2088 :
1740 2053 1853 2108 cum
1877 2053 2002 2104 quo,

478 2134 652 2188 postea
678 2121 786 2188 jam
821 2123 1068 2187 episcopo
1101 2131 1154 2175 et
1182 2123 1338 2177 nobili
1370 2126 1581 2179 doctore
1624 2126 1777 2190 facto,
1812 2137 2004 2194 marty-

474 2213 650 2266 rizavit
685 2213 780 2263 sub
805 2210 1021 2264 Claudio
1051 2213 1298 2279 principe.

545 2319 602 2372 Β.
637 2319 696 2370 ν.
727 2320 811 2381 C.,
837 2320 1012 2371 Roma:
1041 2320 1295 2386 depositio
1319 2320 1372 2373 S.
1407 2323 1432 2350 ‘
1463 2320 1669 2374 Eusebii
1693 2322 1921 2387 episcopi
1953 2332 2005 2375 et

473 2387 804 2468 Copfessoris.
841 2388 919 2450 B.,
969 2389 1205 2442 Alvernis
1245 2390 1499 2452 depositio
1532 2391 1591 2444 S.
1623 2388 1648 2426 δ
1689 2389 2006 2458 Apollinaris

471 2471 722 2524 eptscopt.
1101 2517 1110 2528 κ

542 2568 630 2620 27.
660 2597 732 2607 —
762 2567 799 2620 V
827 2567 953 2620 ΚΑΙ..
983 2567 1161 2620 Natale
1185 2566 1277 2620 SS.
1313 2579 1334 2606 (⁸
1355 2565 1554 2619 Cosme
1575 2575 1629 2620 et
1655 2566 1884 2619 Damiani
1913 2567 2010 2620 sub

478 2656 838 2722 persecutione
861 2639 1178 2716 Diocletiani,
1207 2655 1426 2720 praeside
1456 2654 1567 2720 ejus
1599 2654 1771 2723 Lysia,
1807 2656 1854 2707 in
1884 2655 2008 2707 civi.

479 2753 582 2796 tate
611 2743 767 2810 Egea
795 2761 805 2794 :
838 2745 921 2809 qui
958 2753 1070 2809 post
1098 2745 1254 2794 multa
1284 2751 1561 2808 tormenta,
1588 2742 1789 2795 vincula
1814 2751 1868 2794 et
1895 2758 2009 2796 car-

478 2846 626 2884 ceres
667 2833 930 2888 toleratos.
955 2847 1097 2885 mare
1121 2841 1172 2885 et
1194 2833 1358 2901 ignes,
1383 2847 1608 2894 crucem,
1642 2833 2007 2897 lapidationem

476 2930 529 2973 et
556 2934 580 2970 ε
601 2922 770 2988 -gittas
797 2920 1042 2974 divinitus
1070 2932 1358 2990 superatas,
1385 2923 1553 2988 capite
1576 2921 1884 2990 plectuntur.

546 3056 789 3136 Addit.L.
816 3073 830 3109 :
861 3056 985 3110 Cum
1013 3056 1258 3108 fratribus
1287 3055 1531 3120 Antinoo,
1563 3055 1780 3107 Leontio
1807 3063 1859 3105 et
1906 3053 2006 3105 Eu-

478 3138 675 3192 prepto.

551 3254 732 3306 Florus
757 3254 806 3305 in
842 3256 902 3305 Α.
932 3254 992 3306 Τ.
1025 3255 1079 3306 L.
1107 3273 1120 3305 :
1155 3255 1267 3320 ipso
1297 3254 1380 3306 die
1420 3255 1588 3308 natale
1617 3256 1670 3308 S.
1699 3253 1722 3291 δ
1751 3255 2008 3308 Timothei

475 3339 716 3407 discipuli
767 3341 929 3404 Pauli,
979 3358 1130 3408 quem
1186 3341 1321 3395 ident
1366 3344 1465 3396 Vas
1494 3345 1760 3398 electonis
1794 3360 2006 3410 puerum

2036 3117 2082 3177 C
2118 3117 3029 3201 Lassata,"'rgisii'..ra‘c5;.ii;§.
3053 3117 3152 3192 "’1‘:

2104 1868 2155 1909 et
2183 1873 2300 1909 cum
2334 1872 2513 1910 manus
2563 1859 2890 1928 impositione
2926 1863 3415 1916 accommodabilem
3449 1865 3621 1918 Eccle-

2102 1947 2192 1997 siis
2245 1947 2381 1999 iecit.
2440 1947 2532 1999 llic
2581 1948 2794 2012 pudicus
2841 1959 2893 2001 et
2939 1950 3084 2016 virgo
3123 1966 3444 2016 permanens,
3491 1954 3618 2018 apud

2106 2041 2365 2107 Ephesum
2397 2043 2447 2093 in
2475 2051 2651 2093 monte
2676 2042 2763 2108 qui
2792 2050 3002 2094 vocatur
3025 2041 3149 2093 Piun
3176 2057 3295 2094 cum
3325 2057 3509 2110 magno
3539 2045 3622 2094 bo-

2105 2142 2231 2182 nore
2255 2129 2486 2194 sepultus
2516 2129 2754 2196 quiescit.

2175 2237 2256 2300 L.,
2293 2239 2464 2308 Primo
2486 2240 2638 2290 Inco'.
2667 2238 2845 2290 Natale
2865 2224 2971 2291 ὃν
2995 2238 3261 2307 Hyltrudis
3289 2238 3623 2308 virginis'qua

2104 2321 2278 2357 amore
2307 2305 2493 2359 Christi
2523 2321 2767 2373 sponsum
2799 2308 2848 2357 in
2871 2309 3021 2360 terris
3044 2305 3134 2371 fug
3155 2323 3269 2370 ens,
3290 2309 3333 2359 ei
3355 2305 3507 2372 quem
3528 2305 3626 2358 ete-

2104 2385 2249 2440 gerat
2277 2376 2492 2427 viriliter
2518 2376 2750 2438 adha-sit,
2792 2375 3082 2441 bonumque
3113 2377 3422 2440 propositum
3457 2377 3624 2426 lauda-

2109 2443 2194 2493 bili
2228 2442 2326 2492 fine
2355 2443 2622 2494 ro:=clusit.
2672 2441 2729 2494 V.
2757 2441 2842 2503 C.,
2881 2442 2944 2493 Et
2969 2444 3016 2493 in
3044 2443 3248 2506 Epheso
3283 2443 3339 2494 S.
3381 2443 3627 2494 Timothei

2106 2511 2168 2559 ad
2215 2525 2366 2575 quem
2400 2510 2592 2561 ‘Panlus
2635 2509 2898 2575 apostolus
2931 2511 3107 2576 scripit
3147 2511 3414 2573 Epistolas.
3453 2511 3538 2568 Β..
3582 2511 3629 2563 ln

2109 2577 2268 2628 'l‘arm
2297 2577 2485 2628 Cilicia:
2509 2578 2679 2643 passio
2704 2578 2800 2630 SS.
2832 2577 3041 2641 Taraci,
3075 2578 3226 2630 Probi
3258 2588 3311 2631 et
3341 2578 3626 2631 Andronici.

2176 2685 2262 2739 28.
2292 2685 2440 2737 —-IV
2475 2685 2602 2739 KAL.
2637 2686 2792 2738 Vacat
2818 2686 2988 2742 Baeda.

2179 2799 2260 2861 D.,
2309 2797 2567 2864 Hispaniis
2614 2798 2853 2850 Corduba
2885 2797 2978 2851 SS.
3016 2799 3033 2835 τ
3067 2799 3261 2860 Fausti.
3301 2802 3543 2859 Januarii,
3583 2812 3629 2852 et

2111 2867 2369 2918 Martialis.
2429 2867 2485 2917 V.
2521 2867 2603 2925 C.,
2651 2867 2701 2916 lu
2749 2865 2916 2917 Africa
2964 2867 3058 2920 SS.
3114 2869 3388 2930 Martialis,
3430 2880 3453 2914 ι
3492 2870 3627 2921 Lauri

2111 2933 2214 3003 [C.,
2245 2933 2544 3004 Laurentii],
2576 2935 2755 3004 ltornre
2782 2935 2838 2985 ὃ.
2869 2934 3059 2988 Stactei
3099 2935 3211 3004 [V.,
3245 2936 3468 3004 Stracti].
3502 2938 3558 2989 Et
3581 2937 3626 2990 in

2112 3002 2424 3055 monasterio
2443 3002 2938 3055 DominiSalvatoris
2953 3002 3208 3057 dedicatio
3233 3002 3517 3059 basilica-Ill.
3540 3007 3623 3058 Pe-

2114 3072 2174 3122 tri
2205 3071 2440 3137 apostoli.
2471 3071 2533 3123 Α.
2564 3073 2624 3123 Τ.
2660 3071 2741 3132 L.,
2767 3071 2819 3122 ln
2851 3074 3020 3125 Atrica
3053 3075 3223 3125 natale
3248 3075 3341 3126 SS.
3378 3075 3622 3133 Martialis.

3207 3142 3288 3204 L.,
3325 3143 3510 3195 Eodem
3551 3143 3624 3193 die

2115 3205 2143 3244 ⁸³
2166 3209 2408 3271 Exuperii
2435 3210 2682 3274 episcopi.
2727 3212 2786 3258 Α.
2818 3205 2902 3268 Τ..
2936 3209 2989 3261 In
3016 3209 3176 3262 Gallia
3226 3211 3431 3263 civitate
3466 3210 3626 3262 Genua

2074 3266 2075 3269 ¹
2115 3266 2376 3340 depositio
2406 3266 2681 3329 SfSalo'nii
2713 3266 2942 3341 episcopi
2981 3288 3032 3329 et
3069 3277 3396 3330 Confessoris.
3429 3279 3511 3340 Τ..
3541 3280 3628 3328 En-

2116 3345 2234 3397 dem
2255 3344 2338 3398 die
2351 3343 2529 3397 Romae
2557 3345 2727 3412 passio
2748 3343 2803 3395 S.
2827 3344 3037 3399 Stactei.
3069 3349 3424 3399 Autissiodoro
3443 3347 3628 3413 deposi-

1831 3451 2032 3504 SMlTll
2074 3451 2294 3505 NOTAE.

548 3540 574 3565 ⁸
615 3539 832 3591 Eusebii.
865 3540 958 3596 llic
989 3554 1124 3589 anno
1151 3537 1252 3590 510
1276 3549 1326 3590 et
1347 3538 1522 3589 sedem
1553 3539 1665 3591 iniit
1693 3550 1743 3592 et
1763 3543 1824 3592 ad
1850 3542 2010 3593 Deum

480 3610 750 3676 tnigratit;
797 3611 844 3657 in
891 3608 1150 3659 Chronico
1193 3607 1394 3676 Damasi
1449 3609 1667 3676 legitur:
1707 3627 1723 3656 ι
1762 3610 2012 3661 Eusebius

481 3675 685 3730 menses
711 3685 952 3740 quatuor,
983 3677 1092 3727 dies
1123 3675 1345 3726 sedecim
1378 3691 1404 3724 a
1436 3690 1520 3726 xlv
1549 3675 1659 3728 Kal.
1706 3678 1882 3742 Maias,
1917 3694 2048 3740 us-,

481 3762 578 3809 que
603 3745 650 3795 in
683 3743 820 3796 diem
849 3761 930 3796 xu
957 3744 1066 3796 Kal.
1095 3743 1358 3808 Septemb.
1396 3763 1414 3794 ι
1446 3744 1546 3797 Sed
1581 3747 1689 3796 haec
1722 3746 1869 3808 plane
1898 3761 2008 3798 cor-

480 3827 626 3879 rupta
657 3820 798 3874 sunt,
826 3823 877 3863 ut
905 3829 966 3864 ex
1011 3813 1231 3878 ipsumet
1269 3811 1526 3863 Chronico
1559 3814 1761 3864 Damasi
1806 3815 2011 3878 quando

481 3882 704 3945 loquitur
746 3885 812 3933 de
841 3881 1120 3931 Melclliadc
1150 3881 1262 3943 ejus
1297 3893 1601 3932 successure
1630 3892 1824 3933 certum
1855 3891 1907 3934 et
1935 3883 2010 3934 in-

480 3951 767 4001 dnhitatum
812 3950 1060 3999 redditur.
1109 3949 1162 3999 Si
1203 3948 1341 3999 enim
1384 3950 1426 3999 is
1470 3951 1554 4001 die
1586 3964 1619 4000 tt
1659 3965 1851 4001 tnenSts
1889 3951 2009 4002 Julii

482 4033 618 4068 anim
665 4016 766 4070 510
815 4027 1147 4069 cons-'ctatus
1199 4016 1350 4068 fuerit
1395 4027 1446 4069 et
1499 4031 1659 4083 usque
1701 4021 1764 4068 ad
1814 4019 2012 4069 initium

485 4087 603 4136 anni
633 4084 733 4136 3H
765 4086 938 4137 sedem
970 4086 1254 4137 Humanam
1300 4085 1541 4144 tenuerit.
1567 4086 1825 4150 quomodo
1858 4087 2016 4139 Euse-

485 4154 595 4204 hius
626 4153 852 4205 ordmari
884 4156 1049 4220 potuit
1076 4155 1158 4205 die
1206 4169 1328 4205 xvnt
1385 4156 1578 4205 mensis
1608 4156 1816 4220 Aprilis.
1859 4169 1908 4208 et
1937 4172 2017 4207 se-

485 4223 604 4272 dem
664 4220 948 4274 llonmnam
999 4222 1360 4274 administrare
1413 4237 1576 4285 usque
1620 4225 1682 4275 ad
1731 4224 1868 4275 diem
1915 4239 2018 4276 xvn

488 4290 680 4340 mensis
728 4293 966 4351 Augusti,
1004 4305 1120 4342 cum
1159 4292 1351 4342 sederit
1395 4305 1600 4341 menses
1630 4291 1661 4339 4
1701 4303 1750 4341 et
1789 4294 1900 4343 dies
1932 4294 2015 4351 16,

483 4361 626 4422 juxta
644 4359 794 4424 idem
818 4358 1149 4410 Clironicon?
1180 4358 1307 4410 Cum
1339 4363 1512 4424 itaque
1534 4358 1804 4410 Mareellns
1827 4362 1910 4412 die
1936 4375 2018 4412 XVI

489 4423 680 4494 mensis
706 4425 932 4477 Januarii
962 4424 1082 4477 anni
1110 4428 1210 4478 3ltl
1240 4442 1269 4479 e
1299 4426 1424 4479 vivis
1451 4429 1752 4491 excesserit,
1799 4444 2019 4494 sequen-

489 4496 629 4555 tique
647 4493 734 4545 die
759 4495 990 4557 sepultus
1012 4494 1098 4553 sit,
1130 4505 1182 4545 et
1205 4498 1420 4550 cessarit
1450 4497 1775 4555 pontificatus
1798 4493 1906 4546 dies
1928 4497 2013 4558 20,

489 4564 817 4630 mani’estnm
865 4574 938 4613 es‘t
985 4562 1258 4615 Eusebium
1302 4557 1460 4617 (1βῖ
1493 4563 1703 4618 men—is
1751 4563 2019 4617 Februarii

487 4640 844 4682 consecratum
904 4631 1062 4683 fuisse
1113 4640 1164 4682 et
1226 4643 1446 4683 mortem
1505 4633 1618 4696 ejus
1670 4631 1914 4684 incidisse
1971 4635 2020 4686 in

491 4701 627 4752 diem
661 4713 746 4751 ut
773 4702 964 4751 mensis
991 4699 1156 4760 Junii,
1205 4715 1307 4751 non
1347 4714 1472 4752 vero
1518 4700 1569 4750 in
1614 4713 1695 4750 xvn
1747 4699 1857 4752 Kal.
1889 4702 2019 4768 Sep—

494 4769 676 4828 temb.,
711 4783 764 4818 ut
791 4769 838 4818 in
865 4769 1110 4819 chronico
1136 4769 1336 4820 Damasi
1362 4770 1606 4820 habetur:
1629 4783 1793 4832 neque
1816 4772 1865 4821 in
1890 4771 2024 4824 hunc

490 4838 626 4906 diem
655 4853 756 4906 quo
785 4837 832 4886 iu
868 4837 1098 4906 plurimis
1122 4837 1499 4906 martyroiugits
1525 4838 1731 4888 colitur.

564 4903 586 4939 ι’
628 4905 951 4972 Apollinaris.
982 4904 1069 4954 llic
1094 4907 1141 4956 in
1164 4903 1289 4957 'l‘ab.
1317 4903 1448 4970 apud
1480 4905 1727 4957 Democh.
1747 4906 2025 4973 vigesimus

495 4987 627 5024 uuus
653 4977 926 5039 episc0pns
954 4975 1294 5025 Arvernensis
1323 4974 1588 5027 scribitur.

569 5053 589 5079 ο
630 5042 840 5093 Cosme.
873 5039 1127 5092 Feruntur
1145 5050 1267 5093 Acta
1291 5044 1516 5107 ipsorum
1545 5057 1572 5093 a
1603 5042 1776 5096 Niceta
1807 5043 2024 5109 quodam

495 5113 812 5176 conscripta,
841 5125 955 5176 quze
1003 5112 1119 5163 vide
1149 5111 1285 5165 Surii
1340 5121 1464 5161 tom.
1502 5112 1531 5156 ν
1558 5127 1570 5171 ;
1603 5125 1716 5176 qua:
1745 5114 1952 5176 quidem
1985 5114 2025 5161 si

497 5181 613 5245 quis
637 5180 768 5232 tueri
791 5177 916 5242 vult,
941 5193 1150 5232 necesse
1173 5187 1251 5231 est
1271 5180 1493 5232 al’lirmet
1520 5177 1634 5230 illos
1656 5180 1888 5231 diversos
1913 5193 2030 5232 esse

497 5250 563 5301 ab
592 5250 670 5301 his
697 5249 764 5301 de
794 5248 977 5313 quibus
1010 5248 1090 5298 hic
1117 5249 1302 5311 agitur,
1333 5263 1450 5299 cum
1476 5263 1534 5297 ex
1568 5247 1670 5299 illis
1695 5259 1893 5299 constet
1913 5263 2030 5300 eos-

500 5318 620 5369 dem
648 5320 843 5384 absque
866 5319 1114 5383 martyrio
1136 5319 1184 5368 in
1205 5331 1327 5384 pace
1347 5317 1624 5382 quievisse.
1644 5315 1838 5367 Rursus
1858 5328 2028 5368 autem

503 5387 605 5438 alia
631 5383 886 5440 habentur
908 5385 1089 5436 horum
1111 5383 1258 5446 Acta,
1282 5402 1340 5436 ac
1366 5386 1519 5436 trium
1537 5383 1752 5435 fratrum
1780 5386 2028 5446 ipsorum,

502 5456 766 5517 Anthimi,
822 5453 1021 5508 Leontii
1085 5461 1137 5506 et
1188 5454 1463 5520 Enprepii;
1517 5457 1632 5518 qua:
1664 5469 1725 5505 ex
1753 5461 1875 5506 vett.
1907 5468 2031 5505 mss.

501 5524 637 5575 edita
669 5534 873 5577 exstant
898 5522 1031 5588 apud
1062 5522 1270 5574 Surium
1303 5534 1426 5574 tom.
1466 5521 1567 5585 \‘ll,
1595 5534 1643 5573 et
1667 5521 1900 5572 videntur
1921 5535 2035 5574 esse

421 5591 426 5600 '
501 5595 704 5647 ca-teris
751 5595 1002 5647 ﬁdeliora.
1054 5591 1128 5644 De
1182 5591 1262 5643 bis
1309 5593 1360 5642 in
1410 5593 1609 5656 synodo
1651 5589 1879 5659 generali
1931 5589 2033 5653 νη,

501 5670 603 5716 act.
637 5665 687 5717 4.
720 5664 869 5719 MiSsa
901 5663 950 5715 in
982 5675 1159 5715 eorum
1193 5663 1347 5716 natali
1392 5661 1607 5712 ltabctur
1652 5663 1701 5712 itt
1745 5671 2037 5712 sacramen-

2115 3543 2246 3612 tario
2265 3540 2604 3612 Gregoriano.
2623 3538 2879 3612 vocantur
2909 3555 2935 3590 a
2961 3537 3155 3612 Grrecis
3182 3536 3486 3612 ’avaipyopm,
3507 3543 3625 3608 quod

2117 3610 2424 3661 medicinam
2457 3610 2650 3669 absque
2681 3609 2824 3659 lucro
2851 3609 3150 3659 exercuisse
3176 3609 3437 3662 dicuntur.

2182 3678 2208 3712 ά
2253 3677 2513 3729 Timothei.
2551 3677 2620 3728 De
2658 3678 2756 3727 hoc
2803 3689 2960 3741 supra
3003 3675 3118 3728 vide
3159 3674 3390 3728 Januarii
3435 3692 3551 3730 xxtr
3583 3688 3631 3732 et

2114 3745 2231 3798 Maii
2263 3761 2333 3798 Ix.

2185 3823 2207 3850 ε
2249 3813 2522 3881 llyltridis.
2574 3811 2691 3863 llaec
2715 3811 2885 3878 genita
2929 3820 3008 3863 est
3035 3825 3096 3864 ex
3127 3809 3292 3881 Willet
3306 3819 3356 3864 to
3382 3814 3562 3866 comite
3582 3822 3626 3866 et

2113 3884 2225 3934 Aulo
2255 3879 2438 3942 matre,
2467 3891 2518 3932 et
2549 3890 2774 3942 tempore
2807 3881 2967 3946 Pipini
2997 3881 3130 3944 regis
3159 3879 3343 3931 claruit
3377 3897 3527 3946 super
3549 3881 3628 3934 liu-

2116 3953 2252 4001 vinm
2290 3950 2528 4014 llelpratn
2563 3950 2610 3998 in
2644 3949 2755 4000 loco
2777 3949 2864 4014 qui
2892 3949 3078 3998 dicitur
3106 3948 3285 3998 Lzetia.
3324 3950 3448 4012 Qum
3475 3963 3628 4001 amore

2117 4019 2308 4070 Christi
2343 4018 2604 4082 llugonem
2641 4018 3058 4083 Burgundionum
3092 4015 3374 4081 principem
3401 4032 3625 4083 sponsum

2122 4087 2343 4154 fugiens,
2374 4102 2401 4137 a
2429 4087 2752 4154 'l'lteodorico
2776 4083 3142 4154 Cameracensi
3171 4084 3412 4154 episcopo
3440 4100 3626 4138 sici-um

2121 4152 2288 4205 velum
2318 4153 2534 4220 accepit.
2563 4153 2700 4206 Obiit
2741 4152 2878 4204 circa
2911 4167 2996 4202 an.
3029 4152 3148 4214 790,
3181 4163 3233 4204 et
3267 4153 3464 4216 sepulta
3493 4162 3564 4206 est
3586 4157 3626 4204 in

2122 4223 2339 4275 ecclesia
2388 4224 2442 4275 S.
2496 4221 2775 4282 Lamberti,
2818 4233 2972 4286 quam
3021 4231 3259 4285 parentes
3291 4230 3628 4274 exstruxerant

2125 4292 2296 4343 Laetiis
2324 4308 2339 4343 :
2372 4291 2583 4343 fratrem
2617 4289 2792 4340 habuit
2833 4291 2902 4339 ll."
2936 4289 3255 4340 Contardum
3305 4290 3523 4355 primum
3555 4293 3630 4339 ab-

2127 4361 2295 4412 batem
2325 4359 2653 4411 ιίιεῑίθιιδειιι.
2698 4357 2770 4410 De
2799 4357 3086 4424 elevatione
3117 4357 3228 4420 ejus
3256 4355 3509 4422 corporis,
3535 4371 3628 4424 qua

2052 4413 2096 4469 Β
2125 4426 2256 4478 facta
2298 4436 2378 4479 est
2417 4427 2552 4477 circa
2599 4441 2686 4477 an.
2722 4423 2876 4483 1000,
2922 4424 3040 4476 vide
3077 4413 3230 4487 supra
3260 4413 3631 4491 dle'xvtt'hu'jut

2125 4496 2342 4548 mensis.
2379 4494 2499 4546 Vide
2527 4493 2678 4559 hujus
2712 4491 2875 4545 Vitam
2906 4493 3040 4560 apud
3071 4491 3422 4546 Mabillnniutn
3451 4502 3574 4560 part.
3599 4505 3627 4544 u

2121 4579 2241 4616 saec.
2279 4577 2332 4614 Ill
2363 4564 2477 4614 Act.
2511 4562 2632 4613 Ben.
2803 4582 2808 4583 ν

2195 4629 2214 4667 ι
2253 4629 2448 4682 Fausti.
2481 4631 2577 4694 Qui
2609 4631 2772 4696 primo
2810 4630 3049 4694 equuleis
3091 4629 3330 4692 cruciati,
3356 4629 3539 4683 deinde
3561 4643 3631 4682 ra-

2123 4701 2195 4752 sis
2223 4700 2533 4766 Superciliis.
2564 4699 2776 4750 auribus
2799 4700 3111 4764 naribusque
3141 4699 3395 4763 pneci~is,
3418 4697 3632 4750 dentibus

2124 4772 2278 4820 etiam
2309 4768 2662 4834 superioribus
2691 4768 2955 4828 excussis,
2987 4767 3282 4830 deturpati;
3328 4769 3630 4834 adnuitan

2125 4839 2257 4904 ignis
2289 4832 2526 4904 passione
2556 4836 2853 4902 martyrium
2879 4844 3327 4887 cunsummarunt.
3380 4832 3488 4886 Hos
3529 4833 3631 4887 colit

2125 4908 2376 4957 baronins
2403 4920 2493 4957 xnt
2521 4904 2778 4956 Octobris.
2995 4925 3003 4932 ο

2195 4982 2218 5017 ις
2260 4973 2430 5024 Lauri.
2462 4975 2583 5026 Sive
2611 4971 2892 5023 Laurentii.
2933 4969 3179 5025 Martialis
3198 4980 3249 5023 et
3273 4971 3530 5024 sociorum
3547 4983 3632 5023 tne-

2129 5043 2289 5114 mintt
2304 5042 2559 5114 Lucianus
2584 5040 2871 5114 in_cp_istola
2895 5055 3010 5114 quae
3030 5040 3291 5114 δίηται-22
3318 5039 3454 5114 inter
3473 5040 3528 5094 S.
3547 5037 3632 5114 Cy:

2130 5111 2290 5176 priani
2319 5111 2583 5172 epistolas.
2620 5109 2688 5159 De
2719 5108 3014 5171 Laurentio,
3061 5122 3155 5160 seu
3206 5108 3540 5176 Laujeutino.
3562 5108 3630 5174 qui

2131 5181 2282 5230 iidem
2313 5181 2481 5230 forsan
2506 5185 2644 5234 sunt.
2676 5179 2785 5238 ipse
2808 5177 3094 5244 Cyprianus
3123 5178 3275 5240 epist.
3303 5175 3394 5229 50.

2200 5245 2224 5281 ιι
2267 5244 2526 5312 Exuperii.
2561 5247 2650 5297 llic
2673 5259 2699 5295 a
2731 5246 2786 5298 S.
2822 5243 3137 5309 Hieronymo
3181 5246 3420 5296 laudatur
3461 5246 3511 5298 in
3547 5243 3632 5364 τί·

2200 5316 2262 5364 ila
2293 5315 2355 5364 ad
2391 5314 2654 5364 Rusticum
2686 5316 3026 5364 monachum.
3073 5323 3126 5364 et
3165 5315 3279 5364 aliis
3311 5313 3362 5364 in
3391 5316 3538 5364 locis.
3581 5314 3632 5364 .3-

2132 5316 2262 5366 stola
2293 5315 2355 5365 ad
2391 5314 2654 5371 Rusticum
2686 5316 3026 5375 monachum,
3073 5323 3126 5366 et
3165 5315 3279 5364 aliis
3311 5313 3362 5365 in
3391 5316 3538 5368 locis.
3563 5313 3632 5366 ΕΞ·

2132 5388 2248 5434 dem
2296 5384 2500 5448 seripsit
2549 5382 2875 5433 Innocentius
2927 5381 2941 5432 Ι
2998 5397 3146 5447 papa.
3218 5380 3294 5449 Ad
3352 5380 3632 5449 Emporium

2135 5451 2408 5516 quemdam
2455 5452 2590 5501 inter
2625 5453 2793 5501 claros
2839 5460 3073 5503 oratores
3117 5448 3634 5513 proﬁtentem'exst‘at

2136 5519 2347 5571 Ausonii
2395 5518 2526 5569 Calli
2571 5519 2885 5585 epigramma
2915 5533 2927 5568 :
2963 5519 3212 5570 Duronius
3256 5518 3412 5586 igitur
3449 5522 3515 5571 ob
3543 5527 3634 5570 eat!

2139 5587 2392 5640 rationem
2417 5589 2555 5638 illum
2573 5589 2838 5639 existimat
2870 5587 3127 5654 rhetorem
3164 5587 3307 5654 prius
3328 5587 3487 5641 fuisse
3509 5595 3633 5654 qm

2141 5667 2273 5711 esset
2312 5657 2606 5726 episcopus,
2630 5657 2748 5710 licet
2775 5654 2984 5722 loseplt.
3027 5653 3254 5724 Scaliger
3285 5655 3440 5711 aliter
3456 5653 3634 5709 sentiat.

3423 5893 3448 5904 α

3221 5905 3826 6272 ..ΑΛ
