3898 6366
269 466 410 523 11165

1360 464 1547 519 secr.
1590 464 1674 532 ιι.⁸
1699 490 1758 498 -
1789 458 2323 513 itanTvuoioctt.

3302 452 3421 505 1068

1484 571 1699 625 EDITIO
1737 567 2191 625 COLONIENSIS.

266 669 526 720 animatus
552 671 647 717 est.
681 662 874 716 Eodem
905 662 990 715 die
1028 662 1161 714 beati
1205 660 1415 729 Sagaris
1461 662 1703 728 martyris
1750 669 1804 713 et
1837 669 1875 719 Α
1908 657 2204 708 Dominum.
2254 657 2377 707 liem
2426 663 2716 707 sanctorum
2773 664 3049 722 martyrum
3104 654 3325 705 Marci-li
3375 666 3425 706 et

268 753 500 818 episcopi
537 752 892 811 Laodicensis,
921 753 1005 816 qui
1035 765 1163 802 unus
1197 749 1289 801 fuit
1320 750 1383 802 de
1410 750 1637 815 antiquis
1668 749 1809 801 Pauli

268 843 489 910 apostoli
518 842 803 908 discipulis.
837 840 1098 906 Depositio
1133 840 1347 891 Romani
1392 838 1811 893 Antissiodorcn-

267 934 339 981 sis
372 931 623 996 episcopi.
674 929 868 981 Eodem
900 929 983 981 die
1030 938 1209 981 octava
1236 930 1396 981 sancti
1425 928 1696 980 Michaelis
1724 943 1811 979 ar-

267 1018 526 1083 changeli.
1672 1008 1673 1019 “

339 1106 402 1157 G.
444 1105 571 1156 Non.
613 1103 747 1155 Ocr.
789 1132 854 1142 —
889 1103 1065 1156 Romae
1111 1103 1187 1154 via
1238 1104 1399 1169 Appia
1447 1101 1614 1154 natale
1644 1098 1807 1151 sancti

271 1195 430 1247 Marci
463 1192 693 1260 episcopi
724 1202 775 1246 et
804 1193 1137 1254 confessoris,
1160 1191 1242 1258 qui
1271 1192 1405 1243 sedit
1433 1190 1481 1241 in
1512 1191 1807 1256 episcOpaiii

271 1300 439 1336 annos
480 1283 632 1348 duos,
664 1294 873 1339 menses
910 1297 1116 1345 novem,
1160 1282 1272 1333 dies
1304 1281 1498 1347 viginti,
1531 1278 1613 1345 qui
1653 1280 1807 1330 etiam

272 1373 509 1437 sepultus
553 1384 632 1427 est
669 1374 719 1426 in
759 1372 1057 1425 coemeterio
1107 1370 1336 1421 Balbintc
1376 1367 1458 1419 via
1508 1366 1805 1419 Ardeatino.

275 1459 403 1511 Item
450 1471 749 1513 sanctorum
786 1468 1067 1526 martyrum
1099 1457 1260 1524 Sergii
1301 1466 1354 1508 et
1392 1454 1567 1516 Baebi,
1598 1454 1683 1520 qui
1713 1453 1809 1504 sub

275 1546 581 1599 Maximiano
612 1562 701 1611 pro
730 1546 920 1599 Christi
953 1546 1167 1598 nomine
1188 1547 1323 1611 passi
1354 1552 1491 1596 sunt.
1524 1542 1649 1594 Nam
1683 1545 1805 1595 Ser—

274 1637 391 1700 gius
419 1636 747 1701 primicerius
779 1646 889 1687 crat
924 1634 1116 1687 scholae
1158 1633 1448 1702 gentilium,
1479 1636 1675 1684 amicus
1718 1634 1811 1683 iiii-

276 1725 553 1790 peratoris,
612 1725 792 1776 beatus
839 1738 962 1776 vero
1015 1723 1214 1775 Baclius
1262 1721 1646 1776 secunilirerius
1698 1727 1811 1771 erat

274 1814 510 1878 ejusdem
562 1815 775 1866 scholar.
827 1813 887 1865 Hi
935 1828 1069 1865 enim
1118 1814 1180 1864 ah
1226 1811 1486 1865 Antiocho
1535 1813 1664 1862 duce
1720 1823 1811 1876 pro

274 1902 466 1953 Christi
517 1902 744 1962 nomine,
789 1902 937 1968 jussu
973 1902 1269 1953 Maximiani
1310 1900 1639 1963 imperatoris
1673 1898 1807 1964 passi
1848 1900 1853 1903 ’

1910 748 2112 812 Apulei,
2144 746 2227 811 qui
2274 745 2483 811 quidem
2526 751 2687 810 primo
2729 745 3051 811 atllintst'rtjnt
3081 746 3280 797 8ἱιιιοι.ἰ
3327 746 3431 797 Ma.

1909 848 2003 899 go;
2036 835 2124 885 sed
2158 834 2389 885 videntes
2437 833 2687 884 mirabilia
2734 847 2847 899 qua:
2900 834 3143 885 Dominus
3177 835 3421 897 Operaba.

1912 937 1991 977 tur
2023 942 2109 991 per
2136 924 2423 991 apostolum
2475 940 2619 974 suum
2673 924 2912 987 I‘ctruni,
2971 924 3148 975 relicto
3188 922 3430 985 Simone,

1910 1016 2158 1067 doctrinm
2204 1013 2496 1079 apostolica:
2536 1026 2591 1064 se
2627 1012 2963 1076 tradiderunt,
2995 1022 3044 1063 et
3088 1020 3200 1076 post
3239 1026 3429 1080 marty-

1913 1104 2040 1154 rium
2072 1105 2417 1170 apostolorum
2447 1102 2541 1154 sub
2580 1102 2852 1154 Aureliano
2894 1104 3154 1155 consulari
3204 1108 3433 1173 martyrii

1909 1204 2150 1241 coronam
2199 1191 2602 1257 compleverunt,
2645 1190 2828 1256 sepulti
2876 1206 2975 1243 non
3021 1192 3170 1257 longe
3207 1194 3270 1245 ab
3309 1197 3434 1249 urbe

1910 1279 2092 1331 Roma.

1980 1368 2043 1419 A.
2084 1366 2193 1419 VIII
2231 1367 2342 1419 Inus
2380 1367 2505 1418 (lcr.
2547 1396 2612 1404 -—
2649 1367 2825 1419 Natale
2876 1368 3007 1418 heali
3039 1366 3315 1430 Sitneonis,
3347 1371 3433 1435 qui

1912 1454 2181 1507 Dominum
2231 1464 2462 1507 nostrum
2510 1455 2681 1508 Jcsum
2721 1455 2982 1508 Christum
3024 1460 3349 1522 prresentavit
3379 1458 3429 1508 in

1910 1542 2179 1611 templum.
2213 1542 2335 1594 Item
2362 1543 2528 1595 natale
2556 1552 2745 1597 sancta:
2770 1543 3036 1609 lteparata:
3068 1546 3294 1610 virginis,
3324 1561 3441 1613 qua:

1914 1645 2056 1696 passa
2081 1640 2159 1683 est
2186 1630 2234 1683 in
2256 1630 2490 1683 Caesarea
2518 1632 2641 1684 urbe
2666 1632 2969 1695 Palmstiiizr,
2998 1632 3093 1684 sub
3126 1632 3277 1687 Decio
3304 1648 3439 1701 prte-

1910 1719 2039 1771 siile.
2067 1717 2187 1771 llaec
2215 1734 2331 1772 cum
2355 1719 2510 1772 nollet
2532 1719 2681 1774 idolis
2706 1721 3017 1783 sacriﬁcare,
3050 1723 3268 1786 primum
3296 1722 3439 1774 adhi-

1913 1806 2013 1857 bita
2060 1817 2136 1857 est
2178 1806 2246 1858 illi
2297 1806 2394 1858 olla
2447 1807 2653 1872 plumbo
2700 1807 2928 1860 fervente
2974 1808 3209 1873 impleta,
3264 1818 3441 1876 postea

1911 1896 2151 1947 abscissae
2201 1905 2319 1945 sunt
2363 1894 2431 1946 illi
2480 1896 2739 1959 maniillm,
2789 1904 2841 1947 ct
2883 1894 3146 1962 lampades
3201 1897 3442 1950 ardentes

274 1998 416 2049 sunt,
468 1989 534 2040 ita
586 1998 641 2041 ut
688 1990 887 2041 Bachus
934 1989 1054 2040 dum
1100 1997 1343 2041 extensus
1390 1989 1554 2039 crucis
1594 1986 1809 2053 flagellis
1845 1977 1882 2032 Β
1910 1980 2174 2045 adhibitae,
2220 1980 2406 2033 deinde
2451 1982 2499 2033 iii
2536 1984 2791 2033 caminum
2831 1982 2961 2049 ignis
3003 1984 3156 2035 inissa
3194 1994 3289 2036 est.
3317 1986 3441 2049 Qua:

275 2075 585 2139 caederetur,
617 2076 877 2128 emitteret
929 2076 1214 2144 spiritum;-
1256 2074 1466 2141 Sergius
1520 2088 1642 2126 vero
1701 2081 1813 2139 post

275 2164 440 2216 multa
469 2173 724 2217 tormenta
761 2164 932 2232 gladio
971 2179 1139 2218 casus
1167 2173 1266 2228 est,
1294 2173 1346 2217 et
1372 2164 1445 2215 sic
1488 2162 1723 2230 migravit
1750 2163 1811 2214 ad

1916 2084 2031 2121 cum
2078 2069 2127 2121 in
2176 2071 2317 2121 nullo
2359 2069 2427 2121 ibi
2459 2069 2632 2123 fuisset
2663 2071 2802 2133 Leria,
2831 2071 3079 2125 decollata
3106 2082 3204 2138 est,
3234 2082 3286 2126 et
3322 2088 3442 2127 con-

1921 2158 2060 2209 tiuuo
2085 2158 2149 2210 de
2179 2157 2312 2211 collo
2337 2158 2450 2225 ejus
2470 2158 2625 2212 exivit
2647 2159 2885 2213 columba
2912 2159 3046 2213 alba.
3074 2158 3231 2227 Cujus
3255 2174 3441 2229 corpus

1488 2270 1707 2322 EDITIO
1750 2268 2236 2324 BOLLANDIANA.

358 2380 419 2432 V.
459 2379 543 2441 C.,
596 2380 772 2431 Roma:
818 2379 1071 2443 depositio
1120 2378 1591 2444 Marci°episcopi.
1652 2381 1711 2430 Et
1755 2379 1804 2429 in

280 2449 455 2502 Africa
482 2449 681 2513 Itogati,
713 2448 997 2509 Saturnini,
1028 2448 1281 2508 Januarii,
1320 2446 1567 2509 Faustini,
1598 2457 1647 2497 et
1676 2448 1805 2498 Mar-

280 2520 428 2569 i-ialis
455 2515 580 2585 μί..
618 2516 792 2585 Fausti
824 2526 875 2575 et
904 2513 1102 2585 Marci].
1160 2516 1239 2579 8.,
1272 2516 1463 2585 Eodem
1507 2518 1589 2568 die
1636 2518 1806 2585 passio

281 2586 379 2638 88.
413 2583 607 2646 Fausti,
641 2584 865 2636 Januarii
909 2594 961 2635 et
998 2584 1271 2635 Mercialis.
1331 2584 1384 2635 11.
1421 2583 1504 2645 1).,
1535 2586 1677 2649 Apud
1706 2584 1805 2634 Ca-

283 2668 434 2715 puam
463 2664 756 2703 sanctorum
781 2650 805 2686 ι’
832 2652 1075 2713 Marcelli,
1107 2652 1241 2703 Casti
1274 2651 1490 2711 λέΕιιιίιὶι.
1523 2652 1804 2705 Saturnini.

287 2724 349 2771 lit
380 2724 593 2771 observa
627 2720 947 2787 frequentius
988 2720 1259 2785 aliquoties
1300 2719 1583 2771 rccurrisse
1627 2729 1679 2771 ut
1718 2720 1803 2769 ubi

286 2789 584 2840 Vaticanum
606 2798 657 2839 et
696 2790 752 2841 S.
783 2788 982 2854 Cyriaci
1016 2788 1205 2838 habent
1233 2789 1470 2851 Africam,
1503 2788 1808 2854 Divionense

283 2859 415 2923 legat
443 2854 702 2919 Capuam,
752 2866 805 2908 ut
843 2858 1075 2908 lortassis
1113 2856 1299 2908 alicubi
1331 2856 1583 2922 Carthago
1614 2853 1806 2921 scripta

280 2925 458 2978 luerit.
1796 2976 1819 2981 -

352 3021 415 3071 A.
442 3019 526 3081 T.,
561 3019 737 3071 Romae
766 3019 1020 3085 depositio
1052 3020 1109 3072 8.
1138 3018 1293 3073 Marci
1325 3017 1579 3084 episcopi.
1636 3014 1808 3084 Capua

278 3089 451 3141 natale
478 3099 769 3141 Sanetoruin
794 3089 926 3139 Casii
960 3100 1009 3140 et
1039 3088 1322 3140 Saturnini.
1354 3088 1411 3139 A.
1436 3088 1497 3139 Τ.
1525 3087 1603 3152 [3,,
1632 3086 1783 3139 Antii.=

277 3157 489 3209 siodoro
518 3157 773 3221 depositio
815 3157 868 3207 S.
903 3154 1119 3207 Romani
1147 3157 1396 3223 episcopi.
1440 3155 1490 3207 In
1523 3156 1721 3222 Aginno
1751 3154 1808 3206 S.

279 3224 707 3302 Fitlis_marty'ri_s.
733 3224 818 3302 ,
843 3224 1219 3302 Sociorumqne
1240 3224 1353 3302 ejus
1371 3223 1806 3302 CaprasiitPr‘i‘mi

1952 2373 2022 2431 na
2042 2360 2210 2431 natale
2240 2358 2333 2431 88.
2367 2359 2501 2413 Casti
2543 2368 2598 2413 et
2625 2360 2913 2413 Saturnini.
2962 2362 3025 2414 Et
3065 2362 3113 2413 in
3144 2364 3350 2431 Ageniia
3381 2366 3439 2420 S.

1940 2428 2054 2479 ’iilis
2082 2427 2313 2493 virginis.

1982 2520 2033 2568 7.
2056 2547 2125 2556 ——
2149 2517 2323 2571 NONIS.
2356 2517 2548 2571 Natalis
2575 2517 2629 2572 8.
2658 2527 2679 2554 ε
2704 2518 2856 2571 Marci
2890 2534 3052 2587 papae.
3086 2518 3201 2587 Ipso
3228 2522 3311 2575 die
3341 2538 3434 2576 na-

1916 2587 2031 2639 talis
2060 2587 2115 2640 S.
2149 2587 2261 2639 Lini
2293 2601 2457 2653 papa}.

1984 2680 2140 2729 Abest
2172 2688 2461 2742 postremus
2490 2691 2515 2727 a
2551 2691 2677 2730 mss.
2709 2678 2769 2728 A.
2796 2677 2857 2731 Τ.
2888 2677 2946 2730 L.

1987 2746 2043 2795 V.
2169 2748 2266 2816 Β..
2317 2744 2523 2816 EtUSS.
2602 2746 2779 2816 Sergii
2813 2757 2863 2798 et
2914 2747 3119 2799 Bacchi.
3176 2749 3227 2800 Iit
3266 2749 3436 2816 Capua

1912 2814 2088 2877 Quarti
2118 2823 2170 2865 et
2211 2814 2509 2865 Marcellini.
2548 2812 2633 2877 L.,
2667 2812 2727 2865 Et
2753 2814 2846 2867 SS.
2880 2815 3106 2868 Marcelli
3136 2818 3157 2845 θ
3182 2827 3231 2869 et
3258 2812 3439 2886 Apulei

1915 2892 2217 2949 martyrum.

1984 2952 2047 3001 A.
2075 2951 2159 3008 'l‘..
2199 2951 2373 3002 Romae
2404 2949 2658 3017 depositio
2703 2950 2759 3002 8.
2788 2950 2941 3002 Marci
2988 2965 3152 3016 papzc.
3202 2951 3319 3017 Ipso
3358 2953 3439 3008 die

1920 3018 2085 3069 natale
2113 3018 2206 3070 SS.
2238 3019 2402 3081 Sergii
2434 3029 2486 3070 et
2515 3018 2699 3069 Bacchi
2729 3032 3033 3085 martyrum.
3067 3023 3128 3070 A.
3154 3020 3213 3071 Τ.
3243 3022 3320 3083 B.,
3350 3022 3438 3073 Bi.

1919 3089 2108 3157 turicas
2134 3088 2364 3157 _civitate
2398 3087 2670 3157 depositio
2714 3086 2769 3138 S.
2802 3085 3112 3157 (Augustini
3166 3087 3275 3157 |B.,
3328 3091 3433 3141 Au-

1918 3153 2152 3221 {tustalisl
2181 3155 2408 3220 episcopi
2453 3162 2506 3207 et
2544 3153 2879 3209 confessiiris.
2938 3157 3000 3207 A.
3029 3155 3114 3219 T.,
3146 3153 3327 3211 eodem
3359 3161 3440 3213 d.o

1918 3226 2088 3277 natale
2114 3223 2211 3278 SS.
2242 3223 2463 3277 Marcelli
2494 3235 2546 3276 et
2577 3223 2781 3288 Apulei.

278 3304 329 3345 et
358 3291 623 3347 Feliciani.
655 3294 738 3353 8.,
763 3292 938 3346 Romae
965 3294 1135 3345 natale
1160 3292 1215 3345 S.
1247 3292 1493 3345 Balbinze.
1524 3291 1606 3356 L.,
1633 3292 1684 3343 In
1705 3292 1807 3343 Ca-

1981 3310 2034 3362 8.
2061 3339 2129 3349 —
2156 3309 2259 3363 VIII
2289 3310 2424 3363 Inus.
2458 3309 2619 3362 Vacat
2645 3309 2795 3362 Bteda
2827 3318 2878 3363 et
2906 3323 3054 3377 supp.
3086 3310 3194 3364 Diu.

1627 3400 1826 3457 SMITII
1865 3398 2091 3454 NOTAE.

349 3496 375 3523 κ
407 3485 587 3538 Marci.
625 3486 693 3537 De
725 3486 821 3538 lioc
852 3486 967 3539 vide
997 3486 1132 3538 diem
1164 3494 1487 3555 sequentem.
1520 3486 1811 3543 Translatio

276 3558 511 3624 quaidgin
542 3556 652 3620 ejus
682 3557 831 3607 hodie
860 3556 1096 3619 Contigit.
1213 3622 1234 3624 ᾗ
1656 3582 1659 3585 λ

346 3628 376 3667 ιι
407 3622 648 3675 Marcelli.
700 3624 847 3687 Quod
894 3637 1065 3675 autem
1109 3623 1170 3674 ad
1200 3622 1408 3675 Casium
1457 3632 1509 3677 cl.
1538 3624 1805 3678 lEmilitim

275 3702 492 3756 spectat,
510 3707 625 3743 cum
649 3691 757 3744 ltzec
781 3694 990 3742 nomina
1016 3702 1293 3743 noscantur
1311 3706 1426 3744 esse
1448 3692 1806 3751 Africanorum

278 3770 832 3828 inartyrum,rquoriim
866 3760 1052 3812 natalis
1080 3760 1189 3811 dies
1217 3760 1384 3826 agitur
1417 3775 1526 3812 xxii
1558 3762 1671 3811 Maii
1698 3801 1709 3821 ,
1757 3764 1806 3815 iii

277 3844 392 3883 eam
421 3830 569 3879 facile
600 3827 891 3879 inducimur
915 3829 1231 3894 opinionem,
1254 3838 1310 3879 ut
1329 3829 1682 3880 existimemus
1714 3831 1808 3882 lio‘s

277 3911 394 3950 esse
423 3896 633 3948 eosdem
668 3911 784 3947 ruin
816 3895 953 3959 illis;
1003 3897 1092 3948 sed
1120 3896 1310 3961 Capua:
1352 3898 1510 3949 etiam
1554 3898 1807 3952 celebrari

276 3979 457 4018 eorum
487 3964 858 4025 celebritatem,
890 3965 1024 4027 quod
1055 3962 1279 4015 Alricani
1311 3966 1537 4029 episcopi
1572 3976 1807 4030 tempore

280 4031 649 4099 persecutionis
672 4031 961 4083 Vandalicce
988 4046 1051 4084 ex
1076 4032 1245 4083 Africa
1276 4033 1427 4098 pulsi,
1459 4033 1521 4084 ad
1548 4032 1803 4099 Campana

280 4102 453 4152 littora
483 4100 823 4166 appellentes,
855 4114 980 4165 quas
1006 4114 1181 4152 secum
1212 4102 1509 4154 attulissent
1539 4103 1804 4168 reliquias,

279 4170 471 4235 ibidem
501 4169 862 4221 collocassent.
910 4170 1055 4230 Quod
1086 4168 1207 4221 item
1237 4171 1299 4219 ad
1328 4170 1625 4222 Marcellum
1650 4186 1802 4224 'mar-

280 4250 446 4306 tyreni
471 4244 687 4302 spectat,
706 4236 937 4306 ejusdem
966 4238 1185 4306 nominis
1209 4236 1300 4289 fuit
1322 4247 1516 4305 martyr
1540 4240 1589 4291 in
1615 4240 1806 4301 Africa,

281 4304 347 4356 de
378 4319 480 4367 quo
510 4306 674 4371 agitur
702 4319 784 4355 tux
817 4304 970 4356 Febr.
1020 4305 1275 4357 Craterum
1316 4304 1545 4370 ejusdem
1587 4308 1809 4360 nominis

282 4374 546 4427 Saturnini
570 4373 714 4425 inulti
739 4372 788 4423 iii
811 4373 990 4425 eadem
1016 4374 1276 4437 provincia
1300 4376 1434 4437 passi
1461 4378 1807 4440 reperiuntur,

280 4451 338 4563 pit
386 4446 435 4521 in
479 4440 856 4512 Martyriiloeiis
899 4441 1046 4494 facile
1086 4451 1166 4494 est
1208 4444 1472 4510 colligere.
1527 4446 1721 4496 Banoa.
1757 4445 1806 4496 in

328 4522 446 4562 ous.

328 4522 446 4562 OlIS.

357 4589 377 4614 ε
413 4578 595 4629 Marci.
645 4576 700 4630 In
732 4577 984 4631 Chronico
1025 4577 1230 4629 Damasi
1277 4579 1497 4645 legitur:
1533 4599 1548 4629 ι
1588 4580 1809 4645 Marcus,

284 4662 491 4699 menses
522 4658 660 4711 octo,
688 4646 800 4698 dies
828 4648 1026 4712 Viginti.
1061 4646 1178 4697 Fuit
1207 4650 1527 4711 leutpul‘llilts
1556 4650 1812 4699 Constan-

284 4718 399 4779 tini,
431 4714 712 4780 Nepotiaiio
741 4725 792 4765 et
820 4714 1060 4766 Facundo
1090 4719 1413 4776 consulibus,
1439 4733 1465 4766 a
1491 4719 1577 4769 die
1607 4733 1669 4767 xv
1695 4717 1810 4769 Kal.

284 4784 595 4853 Februarias
622 4821 636 4844 ,
689 4796 865 4853 usque
898 4781 948 4853 in
993 4782 1144 4853 diem
1177 4784 1436 4853 portarum
1468 4784 1768 4837 Octobrium
1796 4827 1810 4848 ,

282 4852 583 4919 consulibus
612 4849 997 4919 stiprascriptis.
1032 4868 1048 4900 ι
1106 4849 1304 4903 Marciis
1346 4850 1518 4919 itaq-ie
1548 4853 1813 4905 ordinatus

284 4930 366 4973 est
393 4934 529 4972 anno
553 4916 654 4971 356
686 4920 905 4983 pontifex
939 4920 1223 4981 Romanus,
1256 4916 1499 4975 defuncto
1538 4922 1813 4984 Silvestre,

285 4990 370 5041 die
398 4988 599 5039 decima
628 4997 811 5037 octava
841 4986 1110 5050 Januarii,
1159 4987 1244 5040 die
1277 4989 1541 5043 Dominico
1588 5000 1640 5042 et
1684 4991 1814 5043 festo

285 5057 531 5108 cathedra
559 5054 617 5108 8.
641 5056 785 5108 Petri
815 5055 988 5108 Roma:
1020 5057 1281 5123 insignito.
1330 5058 1471 5109 Obiit
1501 5070 1673 5111 autem
1716 5060 1815 5113 hoc

284 5126 399 5190 ipso
424 5126 526 5185 die,
554 5136 653 5174 non
685 5124 925 5176 obstante
952 5125 1087 5192 quod
1112 5128 1369 5178 Aiictioris
1395 5127 1641 5179 Clironici
1674 5140 1814 5179 vete-

286 5208 399 5245 rum
433 5192 726 5263 pontiﬁcum
754 5202 953 5263 auctor,
989 5208 1051 5263 ex
1081 5208 1248 5260 eoque
1283 5196 1585 5247 Anastasius
1615 5206 1665 5247 et
1692 5196 1810 5257 alii,

286 5264 462 5313 dicant
486 5264 550 5313 de
574 5262 629 5315 S.
659 5260 851 5322 Marco,
875 5262 1009 5326 quod
1034 5279 1051 5311 ι
1077 5266 1307 5329 sepultus
1331 5274 1409 5315 est
1438 5264 1486 5314 in
1510 5268 1814 5317 cmmeterio

288 5330 515 5381 Iialbinte
543 5330 625 5382 via
655 5328 932 5381 Ardeatina
972 5332 1133 5394 pridie
1163 5330 1333 5383 Nonas
1359 5333 1629 5395 Uetobris;
1663 5351 1680 5382 ι
1737 5335 1815 5385 iti-

288 5397 732 5467 telligendiﬂeniin
763 5407 883 5449 sunt
909 5399 972 5450 de
1000 5398 1167 5464 aliqua
1199 5400 1313 5467 ejus
1344 5403 1701 5454 translatione.
1752 5402 1809 5457 8.

286 5464 486 5519 Marcus
508 5466 675 5519 adhuc
702 5468 971 5533 presbyter
997 5464 1257 5520 Romanus
1282 5484 1418 5521 anno
1442 5470 1545 5523 515
1568 5485 1665 5522 una
1693 5486 1812 5523 cum

287 5535 512 5587 Miltiade
541 5548 668 5599 papa
699 5535 935 5587 interluit
960 5537 1160 5603 synodo
1191 5538 1433 5590 Romana:
1461 5541 1509 5590 iti
1534 5554 1685 5591 causa
1713 5540 1813 5591 Do-

286 5605 596 5657 natistarum
628 5603 838 5657 habitae.
870 5602 1056 5657 Euax-in.
1088 5602 1226 5658 Eccl.
1263 5609 1391 5661 lltst.
1423 5624 1473 5670 χ,
1502 5607 1551 5659 8.

356 5673 379 5705 ά
413 5672 595 5743 Sergii.
650 5672 743 5733 Qui
770 5672 841 5743 Δἰιι
895 5675 1155 5743 provincia
1201 5690 1313 5741 quin
1355 5687 1676 5743 nuncupatur
1707 5677 1809 5727 Ait-

288 5747 434 5809 giista
481 5740 853 5809 Eupliraiesia,
906 5743 1002 5793 sub
1044 5740 1353 5797 Maximiano
1400 5740 1709 5813 imperatore
1758 5755 1809 5799 ct

679 5830 938 5888 Parnm.
978 5831 1189 5891 XCIV.

1917 3486 2171 3539 Antiocho
2204 3482 2424 3549 prazside
2455 3482 2589 3548 passi
2621 3491 2781 3534 sunt:
2814 3496 3029 3547 quorum
3066 3482 3297 3536 Bacchus
3328 3495 3445 3538 tan.

1914 3557 2000 3607 diu
2034 3555 2209 3606 nervis
2238 3552 2412 3605 crudis
2440 3564 2605 3602 ctesus
2634 3562 2742 3610 est,
2785 3566 3053 3620 quousque
3086 3560 3194 3603 toto
3218 3566 3442 3620 corpore

1913 3624 2164 3676 discissus
2195 3621 2245 3672 iii
2272 3619 2600 3673 confessione
2629 3618 2814 3671 Christi
2853 3622 3113 3671 emitteret
3158 3618 3392 3685 spiritum
3426 3642 3436 3676 :

1910 3701 1963 3746 et
2000 3702 2171 3753 postea
2206 3689 2418 3755 Sergius
2448 3689 2661 3740 clavatis
2692 3688 2958 3757 cothurnis
3006 3690 3162 3751 pedes
3208 3690 3435 3757 indutus,

1910 3776 2025 3811 cum
2056 3762 2105 3809 in
2140 3759 2237 3809 lide
2266 3757 2399 3809 ﬁxus
2432 3765 2680 3817 maneret,
2711 3755 2829 3819 data
2856 3766 3132 3819 sententia,
3160 3757 3333 3822 jussus
3362 3755 3441 3812 est

1910 3826 2155 3879 decollari
2183 3845 2194 3876 :
2232 3825 2377 3891 cujus
2408 3824 2794 3894 nomineloctts
2824 3824 2905 3875 ubi
2936 3827 3186 3890 quiesitit,
3226 3826 3439 3894 Sergio—

1910 3898 2041 3961 polis
2073 3894 2363 3960 appellatus
2394 3902 2492 3944 est.
2547 3891 2674 3943 Vide
2715 3893 2920 3945 Suriiiin
2964 3904 3088 3944 tom.
3124 3893 3183 3943 ν.
3240 3895 3310 3947 De
3329 3891 3440 3949 'ini-

1912 3964 2085 4016 raculo
2115 3962 2249 4029 quod
2296 3965 2483 4012 factum
2516 3972 2595 4011 est
2626 3961 2910 4026 Sergiopoli
2937 4002 2951 4021 ,
3002 3972 3053 4013 et
3100 3961 3165 4013 de
3214 3963 3442 4017 donariis

1912 4048 2028 4098 qua!
2061 4032 2321 4083 Cliosroes
2362 4045 2452 4082 rex
2488 4030 2943 4098 Persariimiinisit
2966 4032 3027 4081 ad
3054 4041 3285 4083 sanctum
3311 4048 3440 4085 inar-

1918 4097 2081 4167 tyretn
2109 4100 2369 4166 Sergium,
2395 4100 2508 4167 vide
2532 4098 2733 4163 Evagrii
2764 4097 3067 4151 Scholastici
3102 4099 3230 4151 lIist.
3258 4115 3329 4161 iv,
3352 4102 3442 4166 28,

1872 4232 1875 4233 ν
1915 4180 1966 4221 et
1992 4184 2061 4232 vt,
2088 4168 2174 4219 :21.

1994 4247 2014 4271 ο
2046 4236 2289 4287 Marcelli.
2348 4234 2444 4297 Qui
2495 4248 2585 4299 per
2630 4233 2921 4301 apostolum
2963 4234 3209 4294 Petrum.
3264 4237 3444 4290 relicto

1915 4306 2127 4357 Simone
2159 4305 2324 4369 Mago,
2356 4304 2655 4368 apostolica:
2686 4304 2934 4355 doctrina:
2979 4318 3036 4354 se
3081 4304 3438 4369 tradiderunt,

1918 4389 1976 4426 ac
2023 4378 2351 4439 postmodum
2398 4372 2496 4423 sub
2535 4374 2812 4423 Aureliino
2857 4378 3156 4435 consulari,
3210 4378 3440 4441 martyrii

1918 4457 2162 4493 coronam
2210 4452 2639 4503 reportaverunt,
2687 4440 2872 4506 sepulti
2905 4458 3003 4491 non
3045 4444 3192 4509 longe
3223 4444 3286 4491 ab
3320 4440 3444 4496 urbe

1850 4489 1893 4544 D
1922 4512 2101 4561 lloina.
2138 4489 2424 4566 Usuaitnus,
2455 4489 2732 4561 Apin—lite
2750 4489 2994 4561 Marcello
3024 4489 3285 4562 videoActa
3311 4512 3443 4564 San-

1914 4592 2113 4632 ctorum
2146 4580 2259 4630 Maii
2293 4593 2359 4629 xit
2392 4579 2441 4627 in
2476 4579 2615 4628 Actis
2646 4578 2793 4630 Nerei
2824 4590 2874 4629 et
2901 4580 3140 4629 Achillei.

1988 4654 2005 4689 ί
2041 4647 2327 4712 Augustini.
2378 4646 2583 4698 [lectius
2612 4648 2845 4711 Augusti.
2890 4648 2985 4711 Qui
3020 4663 3119 4697 non
3152 4648 3442 4714 episcopus,

1914 4716 2003 4770 sed
2041 4716 2312 4781 presbyter
2341 4714 2439 4767 luit
2476 4727 2526 4765 et
2556 4718 2840 4775 confessor,
2872 4718 2935 4765 de
2966 4718 3118 4766 domo
3148 4718 3199 4767 S.
3234 4716 3446 4769 Deside-

1913 4786 2010 4837 rati
2040 4783 2274 4849 ejusdem
2309 4786 2451 4836 urbis
2480 4784 2708 4850 episcopi
2734 4822 2747 4841 .
2796 4785 2946 4847 cujus
2985 4799 3167 4834 manus
3198 4797 3250 4836 et
3281 4787 3441 4851 pedes

1915 4854 1983 4904 ita
2014 4862 2133 4905 sunt
2158 4854 2411 4905 contracti
2438 4892 2451 4915 ,
2506 4863 2561 4903 ut
2610 4852 2811 4902 nonnisi
2850 4855 3103 4918 geniculis
3150 4862 3201 4904 et
3252 4855 3440 4907 cubitis

1912 4929 2316 4973 sustentaretur.
2374 4921 2421 4972 Is
2464 4922 2597 4985 apud
2644 4920 2897 4972 Brivatetn
2931 4921 3129 4972 elecnio
3162 4922 3273 4988 ytiis
3298 4924 3446 4987 adju-

1916 4998 2033 5049 lus,
2085 4989 2359 5041 a-dilicavit
2387 4988 2670 5040 oratorium
2720 4990 2766 5038 iu
2815 4989 3063 5042 honorem
3198 4990 3437 5056 Martini;

1912 5072 2014 5125 quo
2043 5072 2159 5110 cum
2192 5058 2331 5110 illius
2362 5058 2607 5123 reliquias
2636 5058 2904 5108 detulisset
2928 5098 2939 5119 ,
2988 5062 3160 5110 statim
3191 5070 3400 5112 satiatus
3425 5101 3440 5123 ,

1913 5126 1981 5178 ibi
2028 5141 2145 5177 cum
2190 5127 2385 5193 aliquot
2431 5127 2587 5178 sociis
2637 5128 2940 5192 regulariter
2972 5127 3147 5179 vivens
3175 5166 3187 5190 ,
3240 5129 3333 5181 luit
3378 5130 3445 5181 ab

1912 5197 2156 5261 episcopo
2188 5197 2235 5245 iii
2274 5195 2485 5246 basilica
2520 5196 2573 5249 S.
2606 5196 2963 5261 Syinplioriani
2997 5195 3157 5247 ablias
3189 5199 3443 5249 constitu-

1914 5274 2015 5325 tus,
2045 5274 2099 5316 et
2128 5263 2180 5315 in
2213 5272 2430 5328 utroque
2467 5265 2579 5317 loco
2610 5265 2889 5328 discipulos
2918 5265 2978 5314 ad
3013 5276 3206 5316 rectam
3238 5266 3443 5317 vivendi

1914 5332 2401 5400 [οι-ιιιίιιιιηίιιδιίιυίι.
2446 5334 2572 5385 lluic
2601 5348 2689 5398 per
2719 5334 2882 5383 visunt
2912 5336 3069 5385 semel
3101 5349 3159 5386 ac
3188 5335 3262 5384 bis
3287 5348 3445 5400 appa-

1913 5400 2015 5452 ruit
2044 5403 2098 5453 S.
2132 5399 2369 5465 Ursinus,
2401 5402 2594 5467 prinins
2619 5401 2741 5452 olim
2772 5402 3106 5454 Bituricensis
3130 5399 3441 5467 episcopus:

1911 5480 1963 5522 et
2006 5483 2121 5521 cum
2159 5470 2211 5522 S.
2245 5468 2505 5521 Germano
2536 5470 2813 5523 Parisieiisi
2845 5484 3106 5537 eptsropo,
3139 5472 3219 5521 cui
3254 5475 3446 5536 pariter

1910 5547 2261 5603 apparuerat,
2314 5547 2365 5590 et
2415 5539 2627 5603 praelato
2675 5540 2728 5593 S.
2764 5540 3095 5596 Desiderato,
3150 5539 3436 5593 inventioni

1909 5616 1962 5659 et
1986 5608 2304 5675 translationi
2350 5605 2582 5671 ejusdem
2628 5608 2685 5661 S.
2724 5608 2889 5675 Ursmi
2918 5607 3166 5659 interluit.
3210 5609 3441 5660 Tandem

1908 5678 2156 5795 αξτρηὲιὸι.
2183 5674 2284 5729 530
2314 5677 2460 5729 obiit.
2495 5677 2660 5732 Gneo.
2690 5674 2889 5732 TUIlON.
2922 5677 2987 5730 de
3017 5676 3161 5728 Clor.
3192 5679 3444 5741 confess”

1910 5760 2025 5795 can.
2129 5784 2141 5795 .
2444 5766 2447 5769 ν

1910 5760 2025 5813 cap.
2057 5746 2141 5796 80.
2444 5766 2447 5769 ν

3068 5829 3143 5889 3's
