3898 6358
503 357 633 412 1079

1223 356 1416 412 ΒΕυᾹΞ
1457 357 1891 416 ἾΕΝΕΠᾹΒΙΙᾸΞ
1927 361 2071 415 OPP.
2112 362 2284 419 PARS
2320 363 2408 419 IV.
2446 393 2515 407 —-
2551 363 2922 418 HISTOWCA.

3535 355 3650 423 roso

1671 469 1892 533 EDlTiO
1927 473 2382 530 COLONIENSIS.

499 570 617 630 post
645 560 889 628 martyrio
913 561 1275 614 consummati.
1309 562 1430 614 item
1464 561 1609 614 beata
1649 562 1891 626 Salomaa,
1913 578 2027 629 quae
2051 579 2102 637 Α
2130 563 2180 617 in
2209 564 2413 629 faciem,
2445 571 2496 615 et
2520 562 2792 616 credentes
2834 562 2885 616 in
2912 561 3123 617 Christo
3164 562 3379 631 impium
3426 566 3648 623 ministe.

506 649 557 699 in
607 647 883 714 Evangelio
930 647 1110 715 legitur
1155 661 1271 700 cum
1328 648 1539 716 reliquis
1585 650 1777 702 sanctis
1824 649 2026 704 feminis

502 741 635 790 circa
668 739 870 791 Domini
911 741 1228 806 sepulturam
1260 741 1500 794 sollicita.
1532 742 1680 807 Apud
1710 743 2028 809 Adrianopo-

503 829 589 881 liin
620 829 853 882 Thracia:
880 832 1048 897 passio
1078 838 1370 883 sanctorum
1409 831 1625 898 Philippi
1654 834 1900 900 episcopi,
1932 833 2026 885 Se-

501 919 608 970 veri
638 917 952 986 presbyteri,
983 929 1134 985 atque
1163 919 1412 971 llermetis
1439 921 1675 984 diaconi,
1714 929 1767 973 et
1799 921 2024 983 Eusebii,

506 1010 587 1072 qui
621 1008 974 1074 persecutione
1020 1007 1266 1060 saeviente
1310 1008 1715 1061 Christianorum
1736 1048 1750 1072 ,
1784 1011 2028 1063 ecclesias

503 1099 750 1150 claudere
771 1105 822 1149 et
851 1097 1074 1161 spoliare
1098 1135 1112 1157 ,
1143 1096 1288 1162 jussu
1331 1097 1653 1160 imperatoris
1689 1097 1873 1150 Juliani
1898 1138 1910 1160 ,
1940 1113 2031 1163 per

506 1187 708 1252 iniquos
750 1184 992 1250 praesides
1019 1177 1457 1246 contradicebant,
1489 1192 1540 1236 et
1565 1185 1629 1237 ob
1654 1184 1750 1236 hoc
1781 1200 1868 1250 per
1900 1185 2026 1236 Bas-

505 1287 616 1322 sum
648 1271 937 1338 prtesitlcni,
971 1287 1064 1322 nec
1091 1285 1193 1322 non
1235 1277 1290 1322 et
1329 1270 1582 1323 Justinum
1614 1272 1783 1323 multis
1811 1281 2033 1323 tormen-

507 1358 570 1408 tis
600 1358 977 1419 al'liciebantur,
1004 1357 1098 1409 hoc
1122 1366 1221 1422 est,
1252 1358 1572 1421 carceribus,
1598 1359 1833 1420 vinculis,
1863 1357 2033 1424 flagel-

504 1448 586 1509 lis,
619 1448 682 1499 ad
715 1448 948 1499 ultimum
982 1461 1104 1498 vero
1147 1435 1466 1515 ﬂammarum
1498 1447 1772 1510 incendio;
1811 1447 1899 1500 sed
1935 1447 2034 1500 Do-

503 1537 627 1587 mini
666 1536 849 1587 \irlttle
880 1536 1102 1587 roborati
1127 1578 1139 1600 ,
1187 1549 1345 1602 usque
1375 1536 1423 1587 in
1457 1536 1606 1588 finem
1637 1537 1686 1590 in
1711 1535 2035 1590 confessione

505 1625 728 1677 tmminis
756 1625 866 1691 ejus
897 1633 1376 1690 persevcrzwerunt.

576 1716 630 1766 li.
665 1713 708 1766 Χ
735 1715 965 1767 Κλιεκι).
1001 1714 1232 1767 Novsnu.
1259 1743 1324 1753 ——
1346 1713 1492 1780 Apud
1525 1713 1847 1767 Antiochiam
1876 1714 2036 1781 Syria:

505 1805 674 1856 natale
703 1804 867 1855 sancti
906 1802 1164 1856 Theodori
1200 1803 1523 1872 presbyteri,
1554 1803 1636 1870 qui
1682 1804 2034 1870 persecutione

2129 656 2258 707 rium
2287 660 2606 712 recusarent,
2630 651 2782 718 jussit
2810 666 2900 705 eos
2925 651 3161 704 Julianus
3188 653 3368 719 pelago
3401 654 3647 725 immergi.

2126 744 2320 809 Quibus
2334 745 2390 797 Β.
2412 742 2713 797 Theodorus
2732 745 2830 796 ait:
2850 744 3154 808 Prrecedite,
3175 745 3359 800 fratres
3381 763 3396 811 ;
3422 763 3521 815 ego
3543 765 3652 806 vero

2126 847 2378 901 superans
2409 835 2676 886 inimicum
2724 847 2912 900 sequar
2955 835 3252 890 Dominum.
3289 836 3482 903 Sicque
3525 839 3651 892 oeci.

2127 925 2274 977 sicne
2322 922 2474 992 gladii
2505 923 2808 991 martyrium
2855 925 3256 976 consummavit.
3304 925 3354 977 In
3403 927 3649 992 liiSpaniis

2131 1013 2300 1065 natale
2327 1006 2622 1065 sanctorum
2647 1011 2895 1064 Servandi
2925 1021 2978 1065 et
3006 1010 3272 1075 Germani,
3299 1014 3381 1078 qui
3415 1023 3532 1078 post
3549 1031 3650 1067 ver-

2133 1101 2252 1152 bera
2283 1099 2574 1166 squalorem
2607 1098 2850 1161 carceris,
2892 1109 2943 1150 et
2981 1099 3131 1150 famis
3170 1112 3231 1150 ac
3259 1099 3366 1151 sitis
3397 1099 3647 1166 injuriam,

2131 1199 2176 1240 et
2209 1186 2492 1255 longissimi
2525 1186 2749 1248 itineris,
2784 1199 2933 1252 quem
2957 1187 3169 1251 jubente
3202 1185 3406 1239 Viatore
3445 1191 3650 1254 praeside

2133 1276 2268 1328 ferro
2296 1276 2466 1328 omtsti
2494 1274 2817 1341 pertulerunt
2849 1275 3098 1337 laborem,
3127 1275 3401 1327 novissime
3428 1280 3648 1344 martyrii

2131 1367 2207 1417 sui
2235 1379 2440 1416 cursum
2469 1363 2605 1416 ferro
2631 1363 2780 1415 cresis
2807 1362 3094 1415 cervicibus
3116 1363 3480 1428 impleverunt.
3510 1363 3648 1415 Colo-

2135 1455 2232 1506 nia:
2285 1453 2451 1508 sancti
2504 1453 2741 1506 Severini
2796 1450 3172 1517 archiepiscopi
3233 1460 3286 1503 et
3328 1452 3647 1504 confessoris.

2140 1545 2348 1596 Viennae
2377 1544 2542 1596 sancti
2571 1542 2746 1594 Joditii
2796 1542 3048 1609 episcopi.
3083 1540 3211 1594 Item
3239 1541 3398 1594 sancti
3431 1541 3648 1595 Venantii

2137 1636 2357 1689 abbatis.

2184 1709 2262 1778 Ὀ.
2320 1724 2387 1780 IX
2440 1724 2670 1778 KALEND.
2715 1723 2946 1776 Novsua.
2981 1749 3050 1760 -—
3089 1719 3141 1773 ln
3190 1719 3407 1774 Venusia
3455 1721 3648 1773 civitate

2135 1815 2336 1878 Apulia:
2389 1814 2559 1866 natale
2599 1821 2892 1864 sanctorum
2936 1807 3124 1862 Felicis
3166 1807 3392 1875 episc0pi
3440 1809 3647 1861 civitatis

504 1889 646 1959 impii
678 1893 864 1945 Juliani
895 1893 990 1963 sub
1029 1893 1272 1958 praefecto
1300 1902 1352 1946 et
1379 1894 1634 1946 avunculo
1661 1895 1771 1958 ejus
1809 1893 2034 1957 Juliano,

2147 1902 2510 1964 'l‘ubroeensis,
2545 1899 2758 1952 Andacti
2786 1908 2838 1951 et
2863 1898 3097 1952 Januarii
3138 1897 3568 1963 presbyterorum,
3603 1909 3646 1950 et

503 1997 622 2034 cum
651 1981 715 2032 ab
744 1996 805 2033 eo
835 1980 1274 2032 Antiochenorum
1320 1981 1537 2034 ecclesia
1568 1983 1804 2048 spoliata,
1835 1990 1886 2034 et
1911 1983 2032 2034 reli-

506 2071 635 2135 piosi
666 2073 854 2137 quique
884 2070 1102 2123 fuissent
1126 2071 1237 2137 ejus
1268 2079 1464 2124 terrore
1495 2073 1731 2138 dispersi,
1779 2072 1827 2123 in
1868 2074 2033 2126 eccle-

506 2162 580 2213 sia
614 2159 891 2226 permansit
920 2159 1224 2226 intrepidus,
1255 2171 1408 2229 atque
1444 2161 1510 2214 ab
1535 2176 1596 2214 co
1629 2163 1787 2214 teneri
1822 2159 2029 2228 jussus,

509 2259 620 2310 post
649 2249 848 2315 equulci
883 2263 1082 2313 pinnam
1105 2288 1120 2310 ,
1168 2259 1221 2301 et
1264 2250 1452 2303 multos
1488 2265 1549 2304 ac
1587 2250 1890 2304 durissimos
1918 2265 2036 2302 crn-

507 2341 669 2390 cintus
694 2379 708 2404 ,
753 2337 922 2390 etiam
956 2336 1218 2400 lampades
1267 2338 1400 2388 eirea
1431 2340 1542 2402 ejus
1571 2339 1734 2391 latera
1789 2338 2034 2403 apposita:

507 2435 647 2480 sunt.
678 2424 778 2479 Sed
813 2425 892 2476 his
918 2424 1089 2476 divina
1117 2425 1304 2475 virtute
1349 2425 1630 2487 reStinctis,
1681 2439 1794 2477 cum
1846 2425 2036 2478 milites

507 2516 594 2582 qui
622 2530 710 2568 eas
742 2515 1006 2590 tenebant,
1051 2513 1349 2579 angelorum
1379 2522 1591 2580 aspectu
1626 2515 1788 2568 territi
1818 2514 2039 2568 ruissent

2141 1986 2495 2040 Fortunatiani
2545 1999 2596 2039 et
2650 1986 2866 2048 Septimi
2922 1985 3196 2047 lectorum,
3234 1985 3318 2049 qui
3355 1987 3646 2051 temporibus

2139 2073 2442 2128 Diocletiani
2475 2075 2524 2126 in
2565 2089 2655 2128 sua
2685 2074 2894 2125 civitate
2935 2072 3080 2138 Tyci,
3121 2086 3150 2123 a
3191 2071 3522 2136 Magnelliano
3548 2087 3643 2136 pro-

2138 2171 2377 2216 curatore
2411 2162 2588 2214 multis
2617 2162 2705 2214 diu
2732 2161 2950 2213 vinculis
2996 2169 3046 2212 et
3082 2160 3374 2214 carceribus
3401 2162 3646 2221 macerati,

2139 2260 2192 2303 et
2220 2251 2270 2302 in
2301 2249 2471 2302 Africa
2499 2259 2551 2302 et
2577 2251 2626 2302 in
2656 2248 2854 2313 Sicilia,
2885 2246 3089 2300 tandem
3120 2247 3173 2300 in
3205 2247 3462 2300 occisione
3509 2249 3647 2314 gladii

2142 2338 2486 2389 consummati
2513 2347 2657 2393 sunt.
2705 2337 2836 2389 Sunt
2864 2346 3033 2389 autem
3077 2337 3360 2389 honorifice
3386 2339 3646 2400 sepultura:

2143 2425 2316 2476 traditi
2347 2426 2483 2478 inter
2511 2423 2872 2491 Carthaginem
2916 2433 2970 2477 et
3011 2422 3230 2478 Uticam.
3274 2423 3330 2477 In
3372 2424 3646 2478 Nicomedia

2147 2515 2318 2568 natale
2345 2515 2520 2568 Severi
2545 2509 2602 2568 et
2627 2515 2888 2569 Dorothei.

1711 2623 1933 2677 EDITIO
1972 2626 2459 2683 BULLANDIANA.

583 2716 642 2767 ν.
688 2715 771 2775 0..
824 2714 876 2765 In
929 2715 1250 2773 Adrianotioli

532 2772 782 2847 'Philipo’i
832 2781 1076 2847 episcopi,
1113 2772 1335 2843 omnia;
1372 2772 1641 2834 llerinétis.
1664 2772 1843 2840 'n.,‘tn
1872 2772 2034 2833 Tum;

517 2854 590 2902 ria
645 2852 810 2902 nataie
857 2851 912 2901 S.
939 2851 1136 2902 Severi.
1186 2850 1238 2900 lit
1272 2849 1616 2915 Antriannpoli
1665 2848 1881 2915 Philippi
1929 2853 2040 2914 epi-

519 2935 682 2979 scopi,
709 2919 937 2977 Eusebii,
964 2917 1232 2968 llermetis.
1259 2919 1344 2980 'l‘.,
1370 2917 1582 2968 Thracia
1608 2917 1773 2969 natale
1796 2917 1890 2970 SS.
1917 2917 2043 2971 Her-

520 2986 686 3048 inetis,
720 2987 923 3038 Eusebii
955 2998 1004 3036 et
1034 2987 1089 3035 8.
1118 2986 1332 3051 Philippi
1363 2986 1608 3049 episcopi.
1641 2985 1722 3044 Ι...
1754 2985 1805 3035 in
1828 2986 2043 3037 Thracia

522 3055 688 3105 natale
739 3053 954 3118 Philippi
1001 3054 1262 3118 episcopi,
1314 3061 1365 3102 et
1413 3055 1586 3105 Severi
1644 3055 1944 3118 presbyteri,
1995 3061 2047 3105 el.

522 3121 776 3173 llermetis
822 3121 1038 3172 diaconi.
1096 3123 1178 3182 A.,
1211 3119 1423 3170 Thracia
1478 3121 1644 3169 natale
1688 3118 1778 3172 SS.
1809 3121 2042 3182 lirinet‘s,

523 3191 727 3240 Eusebii
758 3198 802 3239 et
835 3189 889 3239 S.
915 3187 1237 3253 Philippiani.
1267 3187 1459 3239 Eodem
1487 3187 1568 3238 die
1592 3189 1758 3251 passio
1787 3187 1839 3239 S.
1866 3187 1891 3224 δ
1914 3188 2043 3240 Gra—

523 3258 646 3308 tiani
676 3257 936 3321 martyris,
964 3264 1016 3307 et
1042 3255 1296 3316 depositio
1322 3254 1380 3306 S.
1404 3255 1621 3306 Antbodi
1649 3261 1777 3319 epis.
1807 3257 1888 3318 3.,
1913 3257 2042 3307 Alibi

524 3325 691 3386 passio
719 3325 775 3374 8.
800 3323 1004 3387 Leugati
1036 3323 1292 3390 martyris.
1334 3323 1420 3386 1).,
1451 3322 1720 3376 Antiochia
1752 3326 1774 3356 ο
1801 3324 2043 3377 Theodo-

523 3393 601 3443 riti
632 3392 936 3458 presbyteri.

587 3515 674 3567 ‘25.
696 3543 762 3555 -
783 3515 827 3566 Χ
861 3513 990 3565 ΚΑι..
1031 3513 1186 3565 Vacat
1223 3513 1394 3566 Baeda.

593 3637 653 3688 C.
681 3636 738 3688 V.
771 3635 852 3696 li.,
884 3633 934 3684 In
963 3634 1288 3701 Adrianopoli
1321 3634 1520 3697 Severi,
1556 3633 1814 3686 Dormhci.
1853 3634 1932 3696 C.,
1965 3635 2046 3687 die

526 3703 830 3770 pra~cedenti
866 3721 876 3752 :
921 3702 973 3752 In
1001 3703 1328 3770 Trajanopoli
1376 3701 1559 3770 Severi
1601 3704 1850 3767 episcopi,
1885 3703 2045 3753 Doro-

527 3769 660 3835 thei,
713 3782 764 3823 et
813 3770 869 3822 8.
910 3769 1098 3820 OrcSIi.
1158 3770 1240 3836 0.,
1293 3770 1510 3820 Venusia
1541 3769 1563 3806 ἀ
1596 3771 1777 3821 Felicis
1821 3772 2047 3836 episc0pi

528 3838 896 3900 'l'nbzocensis,
937 3845 986 3886 et
1018 3835 1228 3886 Audacti
1267 3847 1318 3886 et
1343 3836 1566 3888 Januarii
1608 3839 2044 3902 presbyterorum.

528 3911 586 3958 Α.
620 3905 709 3971 Τ.,
737 3905 911 3958 Natale
941 3903 1036 3958 SS.
1058 3903 1590 3966 Severini,'Dorothei
1637 3913 1688 3955 et
1717 3902 1956 3957 Victoris.
1987 3905 2041 3956 lu

1318 2713 1408 2784 lC.
1437 2713 1805 2784 Trajanupoli]_
1831 2714 2028 2784 Severi.
2060 2718 2105 2779 ί]
2134 2719 2394 2770 territorio
2430 2718 2689 2769 Carletano
2737 2718 2907 2784 passio
2952 2717 3044 2770 SS.
3073 2726 3093 2752 ε
3121 2715 3363 2768 Servandi
3384 2755 3398 2778 ,
3444 2725 3495 2784 et
3537 2715 3646 2765 (ier-

2149 2788 2282 2836 mani
2318 2804 2329 2836 :
2361 2788 2446 2850 qui
2497 2789 2562 2836 ob
2609 2783 2982 2838 confessionem
3037 2785 3234 2836 Domini
3277 2784 3414 2848 jussu
3449 2783 3645 2835 Viatorie

2149 2853 2370 2916 pra-fecti
2396 2853 2520 2918 jnssi
2552 2865 2665 2903 sunt
2690 2854 2954 2905 decollari.
2985 2853 3070 2909 A..
3097 2851 3289 2903 Eodem
3313 2851 3392 2902 die
3413 2852 3647 2918 depositio

2144 2922 2199 2970 8.
2229 2919 2244 2955 τ
2275 2917 2484 2970 “uitiaui
2548 2921 2976 2988 Botliomagensis
3025 2917 3416 2988 archiepiscopi.
3460 2917 3528 2988 _'l'.
3577 2919 3646 2988 υ..

2146 2988 2257 3052 Ιρείι
2287 2989 2370 3040 die
2415 2989 2462 3039 in
2491 2989 2718 3040 Caesarea
2749 2985 3087 3054 Ca'ppadocize
3126 2987 3293 3038 natale
3323 2985 3544 3050 Longini.
3577 2985 3645 3044 Β..

2147 3055 2199 3106 In
2228 3055 2460 3108 C.i-.~area
2491 3058 2826 3121 Cappadocia:
2874 3055 2932 3108 S.
2960 3055 3166 3109 Serensi
3196 3064 3248 3105 et
3293 3054 3405 3104 alibi
3442 3054 3497 3105 S.
3527 3055 3646 3104 Lon-

2145 3125 2269 3190 gini.
2302 3123 2379 3180 L..
2414 3125 2464 3175 In
2493 3125 2722 3176 Catsarea
2750 3123 3087 3188 Cappadociae
3118 3123 3287 3185 passio
3317 3121 3644 3190 SS._Lon~gini,

2145 3188 2346 3251 Severi,
2377 3191 2593 3243 Victoris
2620 3201 2673 3244 et
2703 3190 2964 3244 Dorotltei.
2997 3190 3058 3242 Et
3105 3191 3162 3242 8.
3208 3191 3232 3227 δ
3259 3188 3485 3243 Severini
3509 3188 3646 3241 Colo-

2149 3257 2341 3312 nien~is
2365 3260 2593 3326 archiep.

2211 3347 2389 3401 24η-
2413 3347 2478 3400 IX
2516 3347 2646 3400 ΚΑι..
2685 3346 2842 3400 Vacat
2872 3346 3044 3399 Batda.

2216 3437 2376 3488 Vacat
2401 3438 2551 3488 etiam
2580 3436 2884 3488 Divionense
2912 3451 3034 3496 ms..
3065 3435 3165 3487 nisi
3191 3435 3324 3501 quod
3349 3448 3408 3486 ex
3433 3434 3646 3498 sequenti

2146 3505 2230 3555 die
2255 3505 2319 3556 de
2352 3520 2462 3557 vat
2503 3505 2744 3569 militibus
2786 3507 2867 3556 hic
2916 3505 3076 3569 posita
3126 3517 3222 3554 suo
3259 3503 3440 3554 deinde
3471 3503 3578 3552 loco
3603 3501 3646 3550 in

2150 3572 2313 3623 limdze
2357 3567 2601 3625 contexui
2647 3567 2960 3635 repetantur.
2994 3572 3048 3622 Β.
3078 3570 3138 3622 γ.
3171 3569 3255 3630 (3.,
3300 3573 3349 3620 In
3380 3569 3647 3621 Nicomedia

2149 3639 2361 3702 Vitalis,
2396 3640 2597 3702 Felicis,
2633 3641 2808 3706 liogati
2831 3681 2844 3698 ,
2877 3637 3136 3706 Victoriae,
3172 3635 3645 3706 FlavianiLVictoris

2152 3706 2233 3776 [8.
2265 3723 2363 3758 om.
2396 3703 2985 3776 Victoriie...'Victoris].
3027 3706 3099 3776 ᾼ.
3132 3705 3327 3776 I._L.,
3368 3703 3648 3776 gblicornedia

2155 3769 2323 3827 natale
2346 3775 2549 3843 Rogati,
2578 3774 2802 3843 Flaviani
2836 3785 2897 3843 et
2911 3769 3107 3843 Vitalis.
3125 3772 3191 3843 _T.
3220 3773 3274 3824 L.
3320 3773 3511 3843 addunt
3528 3769 3647 3843 Feli-

2155 3844 2250 3904 eis,
2281 3837 2640 3906 Pappérii.'D.,
2667 3841 3183 3909 llierapoliPhrygia:
3212 3842 3379 3892 natale
3405 3840 3497 3894 SS.
3521 3837 3649 3890 (ἰξίας

2148 3909 2307 3970 diani,
2340 3910 2642 3973 Eleutherii,
2671 3910 2800 3962 Justi
2829 3919 2879 3962 et
2901 3907 3146 3961 Victoris.

1868 3990 2065 4043 SMITH
2105 3992 2327 4047 NOTAE.

598 4089 622 4116 ι
653 4078 894 4148 Philippi.
928 4078 986 4130 lli
1017 4079 1257 4148 ecclesias
1284 4079 1452 4148 claudi
1482 4086 1534 4148 et
1555 4078 1760 4148 spoliari
1789 4078 1930 4145 jussu
1953 4078 2042 4132 Ju-

530 4150 650 4200 liani
699 4146 798 4215 per
833 4148 1033 4213 iniquos
1081 4147 1320 4215 pra-sides
1351 4146 1707 4215 prohibebant,
1741 4155 1792 4199 et
1835 4149 1901 4198 ob
1950 4148 2046 4201 hoc

532 4213 713 4269 multis
732 4215 1003 4266 tormentis
1028 4213 1395 4270 al'ficiebantur.
1426 4213 1718 4264 carceribus
1743 4229 1840 4276 sc.,
1872 4216 2048 4266 vincu-

534 4285 616 4342 lis.
652 4282 885 4347 llagellis,
917 4282 979 4332 ad
1013 4283 1242 4332 ultimum
1271 4296 1391 4332 vero
1422 4281 1738 4331 ﬂammarum
1779 4282 2044 4348 incendio:

534 4353 624 4402 sed
657 4350 856 4401 Domini
891 4351 1072 4400 virtute
1109 4350 1330 4399 rohorati
1362 4362 1519 4413 usque
1561 4349 1608 4398 in
1639 4350 1808 4408 linem,
1841 4350 1891 4399 iii
1921 4364 2047 4401 con-

2223 4091 2246 4117 ε
2277 4081 2536 4136 Servandi.
2581 4078 2676 4144 Qui
2727 4080 2777 4130 in
2825 4077 3180 4143 persecutione
3229 4076 3528 4130 Diocletiani
3565 4077 3646 4129 sub

2155 4149 2359 4203 Viatore
2379 4149 2573 4201 vicario
2599 4156 2710 4213 post
2739 4148 2974 4207 verbera,
3002 4145 3292 4212 squalorem
3323 4146 3560 4213 carceris,
3586 4145 3648 4196 ia-

2153 4219 2248 4270 mis
2273 4233 2334 4270 ac
2362 4220 2474 4269 sitis
2514 4212 2774 4282 injuriam,
2805 4223 2857 4267 et
2886 4213 3169 4279 longissimi
3199 4212 3397 4282 itineris
3424 4213 3650 4269 laborem.

2152 4299 2304 4351 quem
2349 4286 2486 4338 ferro
2527 4280 2696 4336 onusti
2746 4280 3400 4351 pertulerunt,_novissime
3449 4282 3651 4351 martyrii

2154 4348 2233 4404 sui
2261 4366 2464 4405 cursum
2493 4352 2642 4403 cmsis
2665 4349 2951 4402 cervicibus
2993 4348 3365 4412 impleverunt;
3403 4362 3467 4398 ex
3497 4348 3650 4412 quibus

538 4420 758 4469 l‘essione
797 4419 1020 4468 nominis
1054 4415 1167 4479 ejus
1193 4393 1595 4478 perseverarunt.
1627 4418 1679 4468 8.
1709 4393 1972 4469 Ariiaxas.
2002 4417 2052 4469 in
2085 4393 2132 4450 D
2154 4393 2741 4480 h'érinli.25§'r§.i.ériia§
2763 4393 3280 4481 Servandus'HiSpali
3317 4393 3551 4467 condittis
3572 4423 3650 4468 est.

537 4490 767 4551 apologia
797 4486 859 4535 de
895 4485 1006 4544 fuga
1037 4499 1125 4534 sna
1152 4483 1212 4533 ad
1243 4483 1508 4533 Constant.

610 4552 634 4591 δ
665 4549 904 4605 Gratiani.
953 4551 1212 4602 Ferrarius
1258 4553 1314 4619 in
1335 4551 1497 4619 (iatal.
1527 4549 1760 4619 Generali
1790 4568 1905 4604 eum
1939 4566 2056 4619 pas-

539 4637 653 4675 sum
685 4622 860 4672 scribit
905 4622 951 4670 in
989 4619 1246 4669 territorio
1282 4617 1632 4682 llalbiancnsi,
1664 4617 1964 4686 dubitatque
1991 4636 2055 4673 an

542 4691 784 4741 dicendus
811 4691 873 4738 sit
905 4687 1166 4738 Gatianus.
1729 4697 1736 4703 '

613 4768 634 4794 ε
665 4755 968 4807 Theodoriti.
1001 4755 1170 4804 l’utius
1196 4753 1470 4804 Theodori.
1497 4754 1656 4823 Quem
1679 4753 1908 4806 Julianus
1931 4756 2054 4823 imp.

543 4834 720 4888 utpote
775 4837 1034 4874 sacrorum
1101 4836 1336 4871 vasorum
1408 4822 1768 4874 Antiochensis
1820 4822 2059 4874 Ecclesia:

544 4892 831 4952 custodem,
861 4888 948 4956 qui
979 4903 1153 4939 eorum
1185 4889 1417 4938 notitiam
1450 4889 1649 4942 tradere
1680 4891 1892 4952 valeret,
1923 4905 2060 4941 com-

546 4961 857 5024 prehensum
887 4957 1185 5021 gravissime
1213 4957 1477 5006 cruciavit.
1523 4959 1752 5020 Cumque
1791 4957 1922 5009 inter
1955 4967 2059 5008 tor-

546 5036 716 5077 tnenta
776 5027 890 5075 forti
940 5027 1111 5074 animo
1153 5025 1519 5088 reSpondisset,
1565 5035 1617 5074 et
1663 5027 1710 5075 in
1760 5024 2061 5076 Christiana:

552 5096 666 5145 linei
715 5090 1055 5158 confessione
1094 5093 1359 5143 cnituisset
1388 5133 1401 5155 ,
1449 5091 1510 5141 ad
1565 5101 1848 5145 extremum
1896 5092 2061 5158 gladio

546 5177 660 5211 euut
709 5160 998 5211 obtruncari
1044 5157 1214 5223 jussit.
1269 5158 1526 5210 Soztmm.
1575 5158 1709 5210 Eccl.
1755 5157 1977 5224 llistfv,
2007 5159 2057 5208 8.

547 5229 664 5280 Fuit
701 5239 753 5281 et
781 5230 907 5278 alius
937 5225 1234 5277 'I'lteudorus
1279 5244 1304 5275 a
1335 5227 1626 5291 gentilibus,
1656 5226 1857 5279 Joliano
1901 5229 2061 5292 impe-

550 5306 717 5360 rante,
763 5298 889 5346 adeo
915 5297 1188 5354 cruciatus,
1223 5303 1276 5344 ut
1314 5311 1426 5345 cum
1457 5293 1815 5356 dimitteretur,
1847 5295 1931 5358 ille
1963 5311 2061 5344 non

551 5367 767 5428 amplius
818 5363 1044 5414 victurus
1095 5371 1374 5426 putaretur.
1425 5362 1606 5411 Verum
1652 5363 1780 5413 Deus
1821 5364 2060 5428 juvenem

552 5431 814 5481 servavit:
848 5439 963 5493 post
1014 5429 1144 5479 hanc
1190 5429 1322 5478 enim
1367 5431 1736 5479 confessionem
1782 5431 2065 5481 diutissime

552 5499 851 5562 Stipetviait.
893 5498 1128 5547 Socrates
1161 5511 1235 5555 ni,
1265 5500 1343 5558 ill,
1396 5497 1673 5560 tisnardus,
1722 5499 1832 5550 Ado
1879 5498 2064 5563 aliique

547 5566 862 5619 recentiores
892 5565 1024 5614 hunc
1055 5566 1294 5626 postridie
1321 5567 1512 5614 colunt.

617 5638 644 5676 ει
673 5630 878 5684 Ftlt'cis.
919 5631 989 5684 Dc
1027 5630 1058 5682 li
1083 5646 1106 5683 s
1134 5633 1361 5698 superius
1390 5634 1500 5685 vide
1529 5631 1661 5683 dem
1698 5647 1798 5684 xxx
1830 5632 2063 5694 Augusti.

2153 4489 2284 4540 Ann.

2225 4553 2243 4591 ί
2280 4552 2511 4606 Ronzani.
2544 4551 2664 4606 Fuit
2698 4559 2868 4603 autem
2911 4550 3023 4616 ejus
3061 4551 3199 4604 sedis
3239 4551 3512 4617 episcopus
3542 4551 3651 4600 sive

2153 4624 2315 4675 simus
2342 4622 2542 4686 ordine,
2571 4620 2802 4686 seditque
2837 4633 2972 4671 anno
2998 4619 3119 4679 6:22.
3152 4629 3206 4670 ut
3235 4619 3416 4670 tabula
3445 4618 3553 4682 ejtts
3581 4617 3653 4668 Ec-

2155 4691 2326 4743 clesiae
2357 4689 2496 4754 apud,
2520 4688 2889 4754 Democharem
2921 4687 3168 4737 indicant.

2226 4766 2247 4796 ὃ
2279 4753 2520 4810 Severini.
2568 4757 2709 4806 Ilune
2746 4753 3051 4806 Severinum
3102 4756 3266 4817 ipsum
3313 4765 3430 4803 esse
3477 4761 3648 4813 putant,

2156 4825 2238 4889 qui
2263 4824 2554 4875 Coloniensi
2582 4821 2822 4889 Ecclesia:
2851 4831 3069 4889 praeerat
3101 4832 3330 4887 tempore
3358 4820 3415 4872 S.
3439 4819 3652 4889 Martini;

2156 4885 2300 4955 cujus
2335 4892 2529 4943 obitum
2559 4888 2824 4947 divinitus,
2855 4888 2972 4939 licet
3013 4885 3233 4949 absens,
3263 4890 3568 4955 cognovisse
3589 4885 3652 4955 ili-

2157 4951 2286 5010 cit'nr
2320 4960 2406 5010 lib.
2437 4973 2450 5008 ι
2481 4960 2543 5009 de
2573 4955 2748 5007 Mirac.
2790 4955 2845 5005 S.
2874 4955 3077 5006 Martini
3117 4970 3231 5018 cap.
3262 4951 3467 5018 Δίφιλε
3506 4951 3650 5004 omnia

2157 5027 2514 5077 describuntur
2557 5020 2608 5076 in
2649 5035 2885 5075 sermone
2927 5024 2991 5074 ab
3032 5024 3247 5088 antiquo
3288 5032 3501 5074 auctore
3535 5021 3650 5071 edito

2158 5093 2290 5156 apud
2315 5095 2517 5145 Surium
2548 5093 2630 5143 die
2659 5103 2781 5141 mit
2811 5091 3016 5150 Uetob.,
3047 5093 3130 5142 ubi
3165 5092 3309 5152 plura
3335 5092 3399 5141 de
3427 5099 3588 5140 morte
3611 5095 3650 5156 et

2157 5155 2395 5222 sepulcro
2427 5160 2710 5215 habentur;
2752 5157 2886 5222 quod
2917 5159 3310 5223 Burdigalenses
3354 5155 3651 5220 quampluri-

2160 5242 2296 5279 mum
2328 5237 2652 5279 venerantur.
2679 5224 2894 5288 Quidam
2925 5235 3094 5278 autem
3125 5224 3431 5279 Severinum
3462 5223 3546 5276 hic
3571 5235 3654 5274 nte-

2161 5309 2410 5347 tnoratum
2453 5310 2484 5347 e
2510 5293 2800 5346 Trevireusi
2847 5296 3088 5359 episc0p0
3128 5295 3190 5342 ad
3221 5294 3399 5342 sedem
3429 5290 3654 5359 Burdiglj

2162 5363 2351 5415 leusetn
2400 5362 2662 5413 transiisse
2708 5355 2904 5421 volunt,
2952 5355 3080 5423 ques
3128 5360 3314 5410 refellit
3354 5355 3654 5411 Coiutiusail

2160 5445 2241 5481 an.
2277 5431 2392 5491 53:7,
2423 5447 2473 5482 n.
2503 5431 2555 5482 9.
2600 5426 2722 5480 Vide
2746 5425 2950 5491 Lopesii
2980 5426 3169 5478 llistori
3190 5443 3278 5488 nn,
3308 5437 3360 5479 et
3387 5425 3451 5479 ϐ.
3482 5425 3653 5478 'l'urun.

2162 5499 2223 5548 de
2252 5497 2421 5549 Gloria
2450 5497 2608 5557 conL,
2644 5510 2761 5547 va.
2801 5494 3066 5547 Coloniam
3105 5496 3256 5547 etiam
3287 5495 3402 5558 ejus
3431 5495 3655 5556 reliquis.

2164 5576 2304 5628 parte
2332 5565 2593 5631 Aquitanis
2623 5565 2820 5625 relicta,
2850 5563 3126 5615 Itonorilice
3154 5563 3322 5616 allata:
3349 5569 3491 5615 sunt.
3522 5559 3654 5614 Gula.

2166 5637 2284 5685 bis.

3377 5854 3822 6260 Α
