3898 6376
198 392 369 455 1081
1353 398 1536 451 SECT.
1580 400 1637 450 II.
1680 429 1743 437 -—
1779 395 2324 469 MARTYRULOGIA.
3070 457 3099 469 κ
3268 393 3401 449 M82

1440 506 1658 559 EDITIO
1695 505 2136 559 COLONIENSIS.

294 594 374 648 D.
425 595 537 647 VIII
586 594 814 647 Hammo.
865 594 1092 647 Norant}.
1117 620 1185 633 —
1215 594 1459 648 Bonifacii
1490 611 1654 661 papa},
1683 598 1767 662 qui
1795 605 1843 657 Α
1870 598 2099 663 Cumque
2123 596 2273 647 tertio
2296 594 2377 646 die
2401 592 2597 645 itineris
2620 592 2755 645 idem
2780 593 3031 661 Georgius
3061 595 3239 650 luisset
3264 612 3401 650 mor-

200 680 376 732 sedit
406 681 584 732 Romae
613 696 777 735 annos
806 693 926 735 tres.
958 683 1051 735 llic
1080 684 1312 749 sepultus
1338 693 1417 735 est
1451 684 1527 734 via
1551 684 1767 747 Salaria,
1873 694 2009 747 tuus,
2062 697 2289 735 marcus
2336 680 2528 735 Fronto
2576 694 2813 733 reversus
2853 690 2934 734 est
2974 682 3037 733 ad
3075 683 3397 746 Apostolum,

196 766 386 831 juxta
417 784 606 836 corpus
634 780 824 824 sanctre
864 771 1161 826 Felicitatis.
1206 774 1297 826 llic
1338 774 1604 827 constituit
1651 788 1763 827 ser-
1872 782 2185 838 acceptoque
2223 774 2335 837 ejus
2392 772 2595 833 baculo,
2648 781 2697 823 et
2744 785 2899 837 super
2936 784 3122 836 corpus
3174 772 3399 822 defuncti

204 868 363 908 tum
414 860 660 910 clericum
705 872 804 911 non
848 860 971 922 ﬁeri,
1014 876 1109 914 nec
1149 861 1429 913 obnoxium
1474 863 1651 925 curiar,
1694 862 1774 913 vel
1874 862 2063 927 posito,
2113 860 2310 913 socium
2351 861 2415 913 de
2456 873 2622 914 morte
2652 863 2873 927 recepit;
2921 862 3097 928 sicque
3125 862 3187 913 ad
3218 863 3397 926 pratdi—

204 946 521 1011 cujuslibet
559 948 653 1000 rei.
713 948 761 999 ltt
811 948 972 1000 Gallia
1011 951 1218 1003 civitate
1257 952 1571 1014 Suessionis,
1609 952 1775 1003 natale
1875 957 2009 999 ctam
2031 947 2287 999 civitatem
2315 946 2541 1009 veniens,
2572 962 2803 1012 magnam
2831 948 2993 1016 gentis
3018 948 3151 1000 illius
3175 948 3401 999 multitu-

3070 457 3099 469 κ

208 1045 540 1088 sanctorum
574 1036 792 1104 CriSpini
823 1049 871 1090 et
900 1040 1237 1105 CriSpiuiani,
1280 1057 1365 1107 qttt
1420 1044 1775 1106 persecutione

216 1120 553 1175 Diocletiani
584 1134 633 1176 et
664 1126 955 1175 Maximiani
985 1126 1047 1177 ad
1083 1128 1338 1178 trochltras
1368 1128 1560 1179 extenti
1590 1137 1639 1178 ct
1672 1127 1775 1177 fus-

213 1207 381 1260 tibus
406 1210 555 1273 czesi,
590 1220 866 1277 postquam
888 1212 1036 1279 digiti
1082 1226 1259 1264 eorum
1307 1214 1503 1265 sttbulis
1548 1216 1775 1265 transﬁxi

213 1306 396 1360 sunt,
446 1306 499 1351 et
542 1299 605 1352 de
648 1300 802 1351 ἀοι-50
831 1315 1008 1351 eorum
1041 1301 1144 1352 lora
1178 1303 1407 1367 praecisa,
1449 1302 1509 1353 ad
1542 1303 1776 1355 ultimum

214 1382 421 1446 gladio
452 1386 710 1443 trucidati.
753 1400 995 1437 coronam
1050 1388 1276 1453 martyrii
1319 1389 1487 1453 adepti
1519 1398 1654 1440 sunt.
1688 1390 1777 1441 I’e.

224 1471 531 1538 tragorieas
561 1474 762 1525 civitate
793 1476 962 1526 natale
991 1476 1151 1527 sancti
1180 1476 1468 1538 Frontonis,
1494 1477 1576 1542 qui
1604 1477 1779 1528 Romae

223 1573 260 1606 ει
314 1558 472 1612 beato
520 1562 671 1613 Petro
726 1565 996 1629 cpiscOptts
1043 1564 1340 1625 ordinatus,
1394 1580 1510 1616 cum
1560 1565 1778 1630 Georgio

228 1648 555 1715 presbytero
595 1651 656 1700 ad
689 1651 1067 1716 prazdicandnm
1101 1652 1426 1719 Evangeliutu
1460 1654 1648 1704 missus
1674 1664 1775 1707 est.

1878 1035 2051 1087 dinem
2077 1034 2329 1087 convertit
2366 1036 2427 1087 ad
2459 1034 2738 1099 Christum,
2782 1047 2833 1088 et
2862 1038 3037 1089 multis
3058 1038 3222 1087 clarus
3247 1036 3403 1087 virtu-

1879 1124 2012 1173 tibus
2043 1124 2091 1173 in
2124 1137 2247 1188 pace
2278 1123 2487 1187 quievit.
2542 1125 2716 1175 llomre
2747 1128 2825 1175 via
2858 1124 3053 1176 Salaria
3082 1126 3250 1177 natale
3280 1140 3403 1189 qua-

1877 1213 2107 1279 draginta
2138 1226 2225 1262 sex
2260 1213 2475 1264 militum
2506 1215 2591 1278 qui
2614 1214 2765 1264 simul
2791 1216 3028 1279 baptizati
3063 1224 3182 1267 sntit
3204 1230 3229 1264 a
3256 1216 3404 1267 beato

1884 1300 2119 1366 Dionysio
2158 1312 2307 1364 papa,
2353 1308 2405 1350 et
2434 1314 2550 1350 mox
2592 1300 2809 1365 jubente
2840 1302 3049 1353 Claudio
3090 1302 3405 1367 imperatore

1880 1388 2112 1440 decollati
2137 1396 2275 1438 sunt.

1949 1478 2007 1528 Ε.
2053 1478 2133 1529 V’ll
2176 1476 2404 1529 KALEND.
2445 1477 2675 1530 Novum.
2703 1506 2769 1516 —
2802 1477 2949 1543 Apud
2982 1477 3204 1529 Africam
3236 1478 3405 1530 natale

1878 1577 2169 1619 sanctorum
2200 1576 2502 1635 martyrum,
2534 1564 2801 1635 Rogatiaui
2850 1568 3154 1635 presbyteri,
3188 1578 3233 1619 et
3269 1568 3402 1619 Feli-

1879 1654 2092 1715 cissimi,
2135 1654 2219 1720 qui
2262 1656 2615 1721 persecutione
2655 1657 2792 1709 Decii
2835 1665 2887 1709 et
2937 1657 3190 1709 Valeriani
3220 1658 3306 1709 illo
3342 1658 3404 1708 tri

1454 1743 1672 1796 EDITIO
1716 1745 2200 1798 BOLLANDIANA.
2832 1760 2837 1764 ‘
3025 1816 3035 1827 ⁸

311 1824 405 1876 25.
428 1826 612 1878 -ῊΙΙ
643 1826 769 1879 ΚΜ..
793 1827 1093 1881 Suessiones
1121 1831 1288 1883 natale
1312 1840 1608 1883 sanctorum
1632 1848 1769 1884 mar-
1805 1844 1846 1899 Β
1875 1849 2003 1900 quos
2052 1834 2257 1885 fuerunt
2304 1845 2520 1901 quatuor
2577 1835 2764 1887 milites
2810 1836 2994 1887 Christi
3025 1824 3361 1890 'Theodoliu;
3390 1877 3404 1900 ,

228 1922 416 1980 tyrum
443 1914 659 1979 Crispini
691 1922 740 1964 et
770 1912 1095 1978 Crispiniani.

317 2001 476 2053 Addit
506 2001 687 2054 Florus
736 2002 783 2054 in
813 2002 875 2055 A.
902 2003 960 2054 T.
997 2004 1053 2055 L.
1082 2022 1094 2055 :
1125 2005 1263 2068 Quos
1296 2005 1613 2057 Ilietiovarus
1645 2021 1775 2070 prue-

237 2090 414 2143 fectus
448 2091 592 2157 jussu
623 2092 879 2144 Maximini
936 2094 1256 2159 imperatoris
1302 2094 1769 2159 comprehendens,

238 2196 369 2231 ctam
415 2180 562 2233 idolis
607 2180 895 2233 sacrilicare
941 2182 1152 2246 nollent,
1185 2182 1303 2234 fecit
1336 2196 1364 2232 a
1394 2180 1636 2233 trochleis
1684 2197 1777 2232 cx-

246 2270 393 2321 tendi
423 2280 472 2321 et
503 2269 721 2322 fustibus
750 2271 877 2321 credi
913 2288 923 2319 :
957 2271 1140 2323 deinde
1168 2273 1217 2322 in
1250 2270 1451 2336 ungulis
1480 2284 1656 2321 eorum
1696 2283 1781 2320 su-

244 2359 344 2409 des
377 2359 507 2409 mitti
538 2374 550 2409 :
585 2367 636 2410 et
663 2359 727 2410 de
755 2358 909 2410 dorso
946 2359 1262 2424 singulorum
1307 2358 1521 2426 singulis
1549 2358 1779 2424 corrigiis

242 2448 461 2507 ablatis,
495 2461 671 2499 eorum
702 2448 832 2499 colla
878 2446 1027 2499 molis
1069 2448 1332 2513 suSpensis
1373 2448 1421 2498 in
1449 2447 1657 2500 ﬂuvium
1688 2448 1780 2497 de-

242 2534 413 2600 mergi
449 2549 460 2583 ε
510 2547 569 2584 ac
611 2534 817 2599 plumbo
857 2534 1013 2599 ignito
1052 2542 1103 2585 et
1147 2533 1259 2599 pice
1306 2530 1523 2584 ferventi
1571 2541 1617 2584 et
1665 2533 1781 2583 oleo

240 2618 592 2670 concremari.
640 2620 733 2682 Qui
784 2619 832 2669 itt
860 2619 1060 2671 cunctis
1086 2619 1296 2670 dextera
1322 2619 1510 2670 Christi
1543 2619 1779 2683 protecti,

241 2717 297 2753 et
330 2704 621 2755 Itictiovaro
651 2703 891 2764 prrel‘ecto
921 2704 969 2755 itt
1003 2705 1078 2754 his
1107 2704 1300 2755 ultione
1330 2704 1503 2753 divina
1532 2703 1780 2752 interem-

152 2794 157 2795 '
244 2804 357 2858 pto,
390 2793 717 2859 praecipiente
749 2792 1056 2844 Maximiano
1104 2791 1411 2856 imperatore
1449 2790 1615 2856 gladio
1663 2797 1783 2840 sunt

243 2884 511 2936 trucidati.
542 2884 765 2948 Quorum
810 2898 1024 2948 corpora
1073 2884 1254 2947 angelo
1293 2890 1536 2933 monente
1574 2880 1780 2946 quidam

242 2988 411 3025 senex
446 2982 596 3026 nocte
644 2974 691 3023 itt
724 2972 954 3023 navicula
985 2982 1160 3022 eontra
1187 2970 1370 3022 undam
1408 2969 1628 3020 ﬂuminis
1658 2966 1781 3019 levi-

245 3071 329 3112 tcr
360 3060 573 3122 vehens,
603 3060 731 3110 clam
760 3058 1011 3124 sepelivit.

321 3148 436 3214 Ipso
466 3147 550 3200 die
579 3148 752 3199 Romae
784 3149 869 3197 via
897 3145 1091 3199 Salaria
1126 3146 1291 3197 natale
1320 3143 1652 3210 quadraginta
1681 3155 1774 3192 sex
1806 3159 1848 3218 ς
1882 3143 1939 3230 b'.
1958 3150 1986 3222 ’ί

196 3236 199 3237 ⁷
244 3233 496 3297 militum,
522 3233 605 3298 qui
637 3232 787 3285 simul
812 3232 1047 3299 baptizati
1081 3248 1108 3283 a
1135 3231 1377 3299 Dionysio
1406 3245 1552 3297 papa,
1581 3238 1633 3281 et
1657 3241 1776 3279 mox

241 3324 460 3390 jttbente
483 3324 507 3353 ⁸
528 3321 738 3375 Claudio
767 3322 1074 3388 imperatore
1103 3321 1337 3373 decollati
1366 3328 1501 3371 sunt.
1535 3317 1629 3370 Ubi
1659 3326 1781 3369 sunt

243 3411 402 3477 positi
449 3420 500 3464 et
528 3411 614 3463 alii
659 3420 911 3478 martyres
954 3421 1160 3463 centum
1212 3409 1387 3476 viginti
1438 3421 1612 3459 unus:
1644 3406 1777 3458 inter

1888 1920 2090 1983 Lucius,
2126 1920 2352 1981 Marcus,
2400 1929 2452 1973 et
2499 1921 2697 1974 I’etrus.
2747 1921 3003 1987 Scriptum
3058 1924 3105 1974 in
3157 1923 3405 1977 Passieno

1879 2009 1934 2063 S.
1962 2010 2109 2061 Xisti.

1950 2098 2012 2151 Λ.
2046 2097 2131 2162 Τ.,
2165 2097 2352 2149 Eodem
2387 2099 2469 2149 die
2508 2098 2557 2149 in
2587 2112 2716 2165 pago
2743 2097 3167 2151 Viromanduensi
3196 2100 3404 2151 dedit-a-

1882 2168 1953 2216 tio
1976 2166 2207 2218 ecclesia»
2228 2166 2281 2216 8.
2304 2170 2329 2207 b
2353 2165 2577 2227 Qttitttitti
2600 2176 2646 2217 et
2678 2168 2944 2218 translatio
2968 2170 3197 2232 corporis
3227 2169 3405 2232 ip-ius,

1880 2234 1962 2296 (3.,
1995 2235 2168 2284 Romae
2199 2232 2290 2286 SS.
2324 2238 2343 2261 ε
2372 2236 2677 2300 (.‘hrysantlti
2708 2245 2758 2284 et
2783 2235 2966 2287 Darius.
3001 2236 3083 2294 Β..
3119 2236 3405 2286 Translatio

1880 2301 2369 2352 S.dBartholontzei
2419 2302 2482 2353 de
2530 2302 2691 2352 insula
2743 2301 2943 2365 Lippat'i
2992 2304 3039 2352 itt
3091 2303 3403 2354 Benevento.

1882 2368 2074 2421 Eodem
2102 2369 2183 2419 die
2205 2368 2427 2420 Grisanti
2473 2377 2524 2419 et
2569 2370 2750 2420 Darne.
2800 2370 2849 2418 In
2884 2368 3021 2420 Italia
3054 2371 3260 2420 civitate
3291 2371 3405 2421 Flo-

1882 2438 2043 2487 rentia
2094 2440 2262 2502 anSiO
2294 2438 2349 2489 8.
2378 2445 2399 2469 ⁴·
2434 2436 2625 2488 Miniati
2655 2438 2893 2501 martyris
2929 2452 3043 2487 cum
3093 2439 3245 2489 sticiis
3276 2441 3403 2501 suis,

1882 2504 2075 2555 Eodem
2103 2505 2186 2555 die
2217 2508 2385 2567 passio
2414 2507 2505 2557 88.
2536 2506 2743 2556 Luciani
2782 2515 2834 2557 et
2863 2506 3127 2557 Marciani.

1946 2592 2031 2643 96.
2056 2620 2122 2630 -—
2153 2591 2229 2642 ΠΙ
2269 2591 2399 2644 ΚΑΙ..
2433 2591 2590 2643 Vacat
2621 2594 2791 2644 “teda.

1952 2676 2133 2728 Florus
2171 2678 2219 2727 in
2252 2677 2311 2728 Α.
2338 2677 2397 2728 Τ.
2428 2679 2486 2727 L.
2517 2695 2529 2727 ε
2556 2677 2865 2727 Νἱρυιιιυιιὶςη
2906 2678 3087 2729 natalis
3113 2690 3407 2732 sanctorum

1884 2774 2165 2831 martyrum
2218 2764 2474 2829 Martiani,
2504 2764 2641 2816 Flori
2690 2776 2735 2815 et
2770 2765 2972 2816 Luciani
3008 2782 3019 2814 :
3048 2766 3132 2830 qui
3183 2775 3410 2831 tempore

1884 2852 2021 2904 Decii
2071 2853 2390 2920 imperatoris
2438 2853 2540 2917 igni
2596 2852 2763 2904 traditi
2793 2861 2911 2903 sunt
2951 2854 3047 2904 sub
3072 2851 3262 2905 Sabino
3294 2868 3410 2919 pro-

1882 2940 2111 2990 consule.

1952 3044 2008 3093 Il.
2037 3043 2096 3095 ν.
2121 3042 2204 3103 Ο..
2256 3042 2308 3094 In
2334 3043 2651 3095 -Nicomedia
2697 3042 2928 3105 Luciani,
2961 3042 3221 3103 Marciani,
3268 3045 3405 3097 Flori

1881 3109 1970 3179 ιγ.
2000 3110 2206 3177 Florae],
2238 3110 2420 3162 Eraclii
2467 3109 2546 3179 [(2.
2576 3110 2791 3179 Erodtij.
2845 3113 2922 3175 IL,
2975 3112 3132 3171 Tutti,
3186 3112 3405 3165 Flet-ini.

2017 3179 2225 3231 Alehela
2256 3178 2760 3242 civitate’Vincentii,
2792 3180 2985 3239 Sabini,
3019 3192 3071 3232 et
3096 3180 3401 3233 Christetes.

1871 3247 2027 3299 'A.T.
2060 3246 2139 3307 L.,
2173 3248 2361 3297 Eodem
2409 3248 2491 3297 die
2542 3248 2736 3298 Elttone
2785 3252 3094 3299 monasterio
3145 3248 3409 3300 translatio

1881 3315 2114 3378 corpotis
2153 3314 2209 3367 S.
2236 3316 2451 3365 Amandi
2481 3324 2531 3365 ct
2560 3313 2811 3383 dedicatio
2855 3317 3089 3369 ecclesia:
3138 3316 3295 3383 ipsius
3326 3317 3407 3379 B.,

1886 3384 1951 3433 Et
1980 3391 2003 3427 κ
2039 3383 2256 3434 Atnandi
2285 3383 2511 3449 episcopi
2551 3390 2602 3434 et
2629 3380 2960 3435 confessoris.

1594 3494 1795 3547 SMITII
1832 3489 2051 3547 NOTIE.

318 3594 343 3620 ιι
378 3583 609 3637 Claudio.
657 3585 901 3637 Baronitts
938 3585 1206 3637 Claudium
1256 3586 1621 3651 imperatorem
1664 3586 1780 3639 edi-

244 3664 387 3704 ctum
427 3655 673 3705 adversus
700 3652 1021 3705 Christianos
1051 3654 1404 3719 promulgasse
1450 3655 1650 3712 scribit,
1681 3654 1779 3704 du-

247 3722 368 3778 plici
400 3720 604 3772 innixus
639 3722 991 3773 tundamento.
1034 3721 1257 3773 Primum
1290 3720 1526 3772 consistit
1563 3724 1611 3771 in
1640 3722 1781 3772 Actis

246 3799 544 3839 sanctorum
578 3794 859 3853 martyrttn
891 3790 1030 3840 Marii
1064 3799 1112 3839 cl
1145 3790 1189 3840 Μ
1210 3789 1356 3841 trthte
1383 3789 1497 3851 ejus
1526 3789 1777 3853 conjugis,

246 3866 301 3906 cl.
346 3856 858 3907 lilioruttt‘mtdilacis
907 3868 954 3905 et
987 3856 1287 3916 Altachum;
1332 3871 1446 3920 qua:
1495 3857 1689 3922 integra
1719 3872 1781 3907 ex

248 3924 408 3974 variis
454 3938 576 3975 mss.
628 3924 807 3975 recitat
838 3923 1110 3974 Bollandus
1165 3924 1249 3975 die
1296 3938 1385 3975 χιι
1409 3923 1656 3976 Januarii.
1689 3925 1781 3977 Se-

247 3990 477 4041 cundum
523 3991 808 4053 desumitur
836 4006 896 4042 ex
931 3991 1069 4042 Actis
1120 3991 1177 4044 8.
1207 3992 1463 4043 Laurentii
1492 3992 1573 4044 die
1612 4008 1641 4043 χ
1672 3994 1779 4043 Au-

248 4058 385 4119 gusti
433 4058 639 4110 aSurio
688 4059 935 4118 recitatis,
972 4060 1019 4110 in
1052 4074 1266 4124 quorum
1316 4062 1417 4111 ﬁne
1467 4070 1780 4112 memoratur

253 4126 555 4193 martyrium
578 4126 633 4193 8.
660 4125 874 4193 Cyrillas
891 4126 1005 4178 ﬁlice
1028 4124 1083 4179 S.
1110 4127 1403 4192 Tripltouia:
1429 4128 1602 4178 uxoris
1619 4142 1778 4193 quon-

247 4196 369 4242 dam
394 4192 537 4244 Decii
568 4192 807 4244 Ctesaris.
842 4192 1027 4244 Verum
1062 4195 1231 4245 nullus
1257 4209 1319 4245 ex
1350 4193 1573 4258 antiquis
1605 4192 1777 4258 perse-

250 4260 475 4310 cutionis
495 4276 520 4309 a
549 4261 761 4312 Claudio
788 4270 937 4311 mota:
964 4264 1227 4323 meminit;
1255 4271 1305 4311 et
1331 4263 1451 4311 Acta
1471 4261 1525 4314 S.
1551 4260 1779 4313 Lauren-

252 4330 308 4379 tii
357 4342 385 4378 a
415 4328 565 4380 Surio
623 4329 858 4389 recitata,
906 4330 1056 4397 plane
1084 4338 1203 4379 sunt
1248 4327 1529 4397 adulterina
1559 4339 1611 4381 et
1657 4344 1781 4393 sup-

254 4397 525 4459 posititia:
561 4412 657 4449 nec
705 4396 873 4447 minus
920 4396 1207 4448 adulterina
1250 4396 1482 4449 videntur
1508 4398 1633 4449 Acta
1681 4398 1775 4451 SS.

252 4463 422 4523 Marii,
452 4464 662 4516 Marthae
688 4478 747 4515 ac
776 4464 1015 4514 ﬁliorum.

324 4530 350 4566 ιι
384 4531 627 4590 υιιὶηιίηἰ.
655 4531 724 4583 De
748 4531 945 4583 duabus
962 4532 1073 4584 aliis
1100 4533 1519 4586 translationibus
1545 4533 1668 4586 Vide
1692 4548 1778 4586 vttt

252 4595 369 4648 Kal.
399 4597 578 4659 Julius,
602 4608 656 4650 et
677 4613 733 4649 Itt
755 4600 883 4649 Non.
911 4600 1160 4651 Januarii.

326 4674 349 4702 ο
383 4665 700 4732 Cltrysantlti.
731 4667 897 4718 Geniti
926 4682 985 4718 ex
1018 4672 1123 4717 viro
1153 4668 1372 4733 quodam
1404 4669 1775 4733 Alexandrino,

254 4733 463 4785 nomine
494 4733 737 4797 l’olemio,
756 4734 839 4800 qui
866 4733 1080 4785 Romam
1113 4751 1225 4787 cum
1259 4737 1360 4786 ﬁlio
1388 4750 1480 4786 suo
1501 4738 1775 4788 concessit.

258 4802 689 4864 Philosophorum
721 4804 889 4853 studio
932 4804 1236 4855 imbui-udus
1269 4804 1482 4855 traditus
1513 4805 1687 4855 incidit
1732 4806 1777 4854 itt

255 4872 419 4939 libros
467 4872 880 4935 Evattgcliorum,
933 4880 986 4921 et
1029 4887 1056 4921 a
1098 4872 1431 4936 Carpophoro
1480 4872 1780 4939 presbytero

251 4936 435 5006 didicit
461 4952 635 4988 sacras
667 4940 861 4990 litteras
884 4952 935 4989 et
962 4940 1247 5004 baptizatus
1276 4951 1370 4992 est.
1405 4936 1658 4992 I’oletnius
1687 4941 1781 5006 igi-

256 5016 337 5055 tur
364 5003 477 5069 ejns
506 5016 652 5071 pater
682 5009 857 5067 iratus,
888 5009 936 5057 itt
980 5021 1187 5059 carcere
1230 5024 1346 5061 eum
1394 5007 1580 5060 includi
1608 5003 1776 5072 jussit.

256 5073 465 5141 Deinde
495 5088 611 5123 eum
654 5073 798 5137 jubet
840 5076 1010 5125 ornari
1058 5086 1197 5125 veste
1240 5074 1424 5134 serica,
1470 5076 1781 5141 attcillasqtte

256 5140 657 5209 formosissimas
713 5155 830 5209 cum
876 5142 981 5193 ﬁlio
1031 5142 1275 5203 includit,
1320 5144 1455 5195 inter
1501 5158 1627 5209 quas
1669 5140 1781 5194 erat.

255 5210 419 5275 virgo,
450 5208 600 5259 Daria
631 5208 853 5269 nomine,
887 5217 941 5259 ut
968 5224 1083 5261 eum
1136 5212 1199 5260 ad
1244 5212 1497 5262 luxuriem
1522 5208 1579 5263 et
1609 5210 1781 5262 libidi-

258 5288 376 5326 nem
412 5275 693 5340 pelliciant;
741 5280 827 5326 sed
874 5279 922 5327 itt
966 5279 1229 5343 proposito
1274 5279 1340 5331 ita
1375 5281 1657 5343 permansit
1702 5280 1782 5329 vir

256 5352 497 5401 sanctus,
550 5353 603 5395 ut
652 5345 930 5410 puellarum
979 5346 1249 5397 blanditias
1297 5354 1679 5408 contemneret,
1731 5355 1783 5399 et

258 5411 419 5471 ipsam
454 5411 651 5462 Dariant
688 5413 1080 5473 pulcherrimam
1122 5414 1183 5463 ad
1214 5414 1473 5465 Christum
1513 5424 1781 5465 converte-

260 5487 359 5537 ret,
391 5487 443 5547 et
467 5492 581 5547 cum
609 5496 689 5542 ea,
718 5489 985 5544 postquam
1017 5486 1112 5532 sub
1139 5482 1447 5533 Numeriano
1474 5482 1781 5547 imperatore

262 5546 413 5595 simul
444 5546 577 5609 passi
609 5557 779 5598 essent
812 5550 971 5599 multa
1017 5549 1284 5613 supplicia,
1316 5559 1365 5600 et
1398 5546 1623 5600 terra’et
1655 5549 1782 5612 lapi-

263 5613 414 5679 dibus
444 5613 654 5664 obtutus
686 5624 901 5665 mortem
932 5618 1081 5666 simul
1111 5624 1163 5666 et
1188 5617 1475 5679 sepulcrum
1508 5617 1778 5667 inveniret.

331 5681 355 5723 α
380 5678 753 5733 Buri/talorum.
782 5681 852 5735 De
876 5684 969 5736 hac
996 5678 1324 5739 translatione
1347 5687 1460 5737 vide
1486 5698 1635 5750 supra
1667 5698 1781 5735 xxiv

1886 3584 2119 3643 Augusti.

1956 3655 1978 3681 θ
2012 3651 2257 3701 Μὶηἱαιῑε.
2292 3652 2415 3700 Acta
2448 3649 2501 3701 S.
2534 3650 2752 3701 Miniatis
2801 3652 2932 3717 apud
2960 3651 3163 3705 Surium
3208 3660 3332 3704 tom.
3368 3654 3407 3703 V

1881 3720 2016 3771 edita
2046 3719 2275 3780 ejusdem
2304 3727 2422 3767 sunt
2464 3716 2576 3767 ﬁdei
2610 3727 2661 3767 et
2698 3716 3014 3771 auctoritatis
3041 3735 3101 3771 ac
3130 3730 3245 3771 sunt
3276 3721 3403 3773 Acta

1882 3790 1940 3841 8.
1966 3786 2245 3838 Laurentii.
2277 3783 2523 3857 Referttttt
2548 3784 2694 3857 enim
2713 3788 2766 3837 S.
2795 3786 3052 3857 Miniatent
3082 3799 3191 3852 post
3221 3788 3275 3840 S.
3305 3787 3409 3857 Xy-

1884 3866 2018 3907 stum
2053 3868 2233 3919 papam
2284 3862 2336 3904 et
2373 3853 2427 3903 8.
2455 3852 2785 3903 Laurentium
2835 3855 3275 3917 arcltidiaconum,
3324 3852 3407 3919 qui

1886 3923 2019 3989 passi
2051 3931 2170 3973 sunt
2199 3921 2291 3972 sub
2321 3920 2587 3972 Valeriano
2616 3932 2663 3971 et
2690 3920 2943 3982 Gallieno,
2975 3923 3071 3975 sub
3104 3924 3254 3975 Decio
3286 3940 3412 3975 inar-

1886 3992 2071 4059 tyrium
2109 4002 2523 4059 consummasse,
2572 3989 2704 4059 quod
2731 3990 2904 4059 plane
2950 3992 3090 4041 nullo
3121 3991 3271 4059 modo
3302 3991 3409 4059 lieri

1886 4056 2074 4124 potest.
2107 4057 2176 4107 De
2205 4056 2536 4124 translatione
2566 4056 2889 4121 reliquiarum
2939 4060 3095 4121 ipsius
3139 4059 3187 4108 in
3219 4058 3410 4109 Gallias

1886 4123 2114 4190 tempore
2139 4123 2371 4192 Othonis
2407 4124 2527 4191 imp.
2582 4125 2814 4176 meminit
2841 4125 3095 4192 Sigebert.
3136 4127 3183 4177 itt
3213 4126 3407 4178 Chron.

1882 4189 2018 4244 anno
2052 4191 2254 4243 Domini
2276 4189 2399 4242 969.

1957 4260 1975 4296 ί
2011 4260 2234 4312 Alcltela.
2285 4258 2459 4311 Potius
2482 4258 2665 4311 Abula.
2700 4258 2788 4310 lIic
2822 4260 2986 4325 primo
3012 4260 3143 4312 adeo
3172 4259 3221 4311 itt
3251 4270 3423 4326 equu-‘

1886 4327 1966 4379 leo
2007 4338 2127 4379 sunt
2171 4328 2390 4392 extensi,
2440 4338 2701 4394 utontnts
2748 4341 3021 4394 compages
3060 4330 3407 4381 membrorum

1884 4410 2063 4448 eorum
2116 4396 2444 4456 laxarentur;
2488 4392 2675 4445 deinde
2717 4392 2883 4462 capita
2928 4392 3105 4448 eorum
3155 4396 3409 4460 lapidibus

1810 4438 1859 4494 ι)
1885 4438 2230 4529 ξδῇξτροὲίω,
2276 4438 2444 4527 usque,
2479 4463 2541 4513 ad
2584 4438 2958 4516 excussi'ottetti
2991 4438 3409 4515 ce-rebrtrvalidis

1882 4531 2112 4583 vectibus
2138 4538 2256 4580 sunt
2284 4541 2517 4591 contusa,
2548 4542 2702 4593 atque
2748 4532 2812 4583 ita
2843 4534 3141 4597 martyrium
3182 4532 3408 4594 comple-

1880 4600 2564 4667 verunt,agettte__pr;eside
2596 4598 2837 4667 Daciano,
2886 4600 3166 4663 imperante
3212 4598 3407 4648 Diocle-

1882 4667 2035 4717 tiano.
2084 4666 2155 4718 De
2196 4666 2274 4716 his
2309 4665 2591 4728 Usuardus,
2620 4667 2731 4716 Ado
2764 4665 3047 4731 ‘cacterique
3093 4669 3409 4719 recentiores

1879 4744 2037 4797 agunt
2076 4734 2343 4798 postridie.

1952 4803 1973 4838 ε
2005 4802 2234 4851 Amandi.
2274 4799 2565 4851 Translatio
2615 4800 2765 4864 hujus
2802 4800 2867 4852 ab
2907 4800 3123 4854 ecclesia
3170 4800 3222 4852 S.
3252 4799 3405 4861 Petri,

1880 4868 1929 4918 in
1960 4885 2057 4935 qua
2091 4870 2231 4934 prius
2267 4869 2535 4932 requievit,
2579 4868 2627 4917 itt
2661 4884 2841 4920 novatn
2876 4871 3133 4921 basilicam
3167 4869 3263 4919 hoc
3292 4870 3407 4935 ipso

1878 4936 1962 4987 die
1978 4933 2271 4989 dedicatam
2294 4937 2350 4986 in
2380 4949 2618 4988 sermone
2642 4936 2844 4989 Milonis
2872 4939 3133 5001 cttjttsdant
3162 4933 3404 4987 monachi

1880 5003 2190 5057 Elnonensls
2220 5004 2350 5067 apud
2385 5004 2619 5056 Bolland.
2670 5005 2820 5057 Febr.
2854 5021 2901 5055 vr
2932 5005 3179 5069 aperitur.
3228 5004 3278 5053 In
3306 5016 3404 5064 qua

1881 5079 2052 5124 tamt-n
2097 5072 2305 5124 historia
2346 5087 2562 5124 errouee
2603 5076 2867 5133 asseritur,
2896 5074 3027 5136 quod
3069 5073 3297 5122 dedicata
3328 5080 3407 5119 est

1878 5142 2116 5202 ecclesia,
2166 5148 2217 5189 et
2263 5141 2490 5205 reliquite
2532 5140 2587 5192 S.
2627 5141 2841 5191 Amandi
2897 5143 3156 5192 translate
3204 5148 3320 5187 sunt
3366 5150 3394 5186 a

1880 5205 1935 5257 8.
1967 5209 2125 5273 Eligio
2154 5207 2414 5273 episcopo.
2451 5209 2643 5272 lﬁligitts
2684 5210 2819 5257 enim
2867 5222 3002 5257 anno
3032 5208 3134 5259 665
3160 5206 3304 5267 obiit,
3331 5206 3406 5255 vi-

1879 5275 2002 5339 ginti
2037 5277 2197 5327 {etme
2226 5289 2387 5327 annos
2425 5284 2545 5327 ante
2571 5276 2625 5325 8.
2657 5274 2874 5326 Amandi
2904 5276 3122 5336 obitum,
3151 5274 3233 5337 qtti
3265 5288 3401 5321 anno

1879 5342 1978 5393 684
2019 5344 2293 5394 defunctus
2336 5350 2434 5394 cst.
2480 5345 2607 5394 Cum
2638 5350 2807 5393 autem
2838 5357 3024 5409 corpus
3051 5342 3161 5409 ejus
3195 5350 3306 5403 post
3338 5342 3403 5392 16

1880 5423 2040 5462 anuos
2069 5410 2319 5462 elevalum
2350 5412 2434 5470 sit,
2484 5426 2511 5460 a
2540 5410 2795 5461 Guidonio
2823 5408 3120 5463 successore
3154 5408 3403 5459 Muttttno-

1881 5477 1989 5539 litti,
2024 5480 2099 5529 vel
2138 5492 2165 5527 a
2195 5477 2458 5542 Gerulpho
2486 5475 2723 5529 tiuidttnii
2745 5492 3041 5531 successore
3070 5478 3251 5527 lactant
3281 5492 3400 5528 csso

1880 5545 2264 5598 translationem
2295 5547 2425 5597 hanc
2458 5547 2627 5597 terius
2654 5546 2923 5597 dicendum
2954 5555 3050 5597 est.
3086 5546 3248 5596 Etiam
3277 5544 3401 5595 Tra-

1877 5615 1997 5679 jecti
2025 5614 2311 5665 celebratur
2350 5614 2405 5667 8.
2434 5614 2647 5667 Atnandi
2676 5614 2950 5666 ordinatio.
2994 5614 3192 5666 Momm
3223 5614 3399 5665 Addit.

1881 5683 1943 5734 ad
1975 5681 2276 5736 Usuardutu.
