3898 6360
531 357 656 418 ιοεγ
1219 353 1412 408 uena:
1454 350 1891 408 \‘ENERAlllLIS
1929 351 2071 402 ore.
2117 350 2283 402 mus
2323 350 2406 401 tv.
2449 378 2510 389 -
2554 349 2921 404 ιιιδτοηιω.
3575 350 3686 403 ms

1727 463 1944 516 EDI‘IIO
1982 447 2427 516 cowmtassrs.

532 558 724 614 liaconi
751 602 763 623 ,
791 567 842 610 et
872 555 1074 609 Lucillse
1105 555 1223 607 filice
1263 554 1378 622 ejus
1421 566 1554 622 quos
1584 562 1790 605 sanctus
1821 550 2047 616 pontifex
2082 557 2128 614 Α
2155 550 2236 602 die
2259 549 2514 600 Kalendas
2543 548 2847 602 Novembrts
2869 589 2884 612 ,
2933 558 2985 601 et
3035 549 3084 601 in
3123 560 3302 617 crypta
3335 549 3688 604 venerabtliter

527 651 814 717 Stephanus
845 645 1140 713 baptizavit,
1171 647 1362 712 quique
1408 646 1573 708 ipsum
1614 643 1906 696 Netnesium
1935 642 2047 693 dia-
2154 645 2410 688 curatum.
2447 637 2497 686 ln
2528 635 2692 687 Gallia
2732 635 2921 702 oppido
2953 637 3356 690 Viromaudensi
3393 637 3565 688 natale
3586 656 3686 691 sau-

524 753 707 791 eonem
756 737 1038 789 constituit.
1089 735 1183 800 Qui
1229 734 1570 786 decollatione
1617 733 1821 796 quidem
1871 721 2052 794 capitis
2153 726 2218 776 cti
2249 724 2500 790 Quintini,
2540 727 2626 792 qui
2673 726 2774 778 sub
2820 726 3128 778 Maximiano
3171 729 3498 794 imperatore
3528 743 3685 794 passus

526 826 824 892 martyrium
855 823 1158 886 complevit,
1192 822 1343 872 simul
1371 835 1485 873 cum
1513 819 1632 881 lilia,
1663 819 1758 872 sub
1780 818 2052 870 Valeriano
2153 824 2251 874 est,
2279 823 2326 866 et
2360 824 2473 879 pOSl
2520 828 2684 865 annos
2732 813 3099 884 quinquaginta
3153 816 3391 884 quinque
3439 815 3682 868 inventum

522 925 571 965 et
599 914 849 974 Gallieno,
897 925 1074 963 octava
1129 908 1383 961 Kalendas
1430 907 1749 975 Septembris
1789 924 1803 958 :
1837 906 2050 972 ejusque
2154 910 2252 964 est,
2285 903 2544 954 revelante
2570 916 2758 968 corpus
2784 903 2895 969 ejus
2921 907 3127 972 angelo,
3154 916 3206 958 et
3227 909 3498 972 sepultum
3526 917 3684 957 octava

525 1017 710 1067 corpus
738 1017 762 1051 a
789 1002 938 1053 beato
969 999 1233 1064 Stephano
1279 1011 1406 1063 papa
1449 997 1500 1049 in
1529 997 1708 1048 eodem
1741 995 1854 1046 loco
1881 994 2052 1059 sepul-
2156 990 2415 1042 Kalendas
2438 989 2579 1042 Julii.
2606 989 2667 1042 Et
2687 992 2858 1059 vigilia
2879 993 3119 1046 Omnium
3143 993 3461 1048 Sanctorum
3512 998 3682 1052 Eodem

525 1102 662 1155 tum;
691 1080 781 1144 Sed
810 1106 835 1141 a
863 1091 1010 1142 beato
1039 1090 1182 1141 Sixto
1213 1085 1450 1154 pontiﬁce
1473 1095 1646 1152 postea
1669 1084 1918 1147 levatum,
1947 1081 2048 1147 pri-
2155 1079 2242 1132 die
2269 1080 2434 1132 sancti
2471 1079 2735 1148 Volfgangi
2766 1084 2987 1150 episcopi
3016 1096 3067 1137 et
3096 1085 3440 1141 Confessoris.

1686 1189 1906 1243 EDITlO
1946 1185 2430 1240 BOLLANDIANA.

543 1287 667 1347 tine,
701 1284 894 1350 inquit,
923 1290 1162 1335 constans
1187 1289 1328 1344 esto,
1358 1279 1571 1331 viriliter
1599 1292 1692 1344 age
1713 1317 1728 1340 ,
1757 1291 1854 1344 ego
1883 1285 2052 1326 autem
2165 1275 2340 1326 volatu
2387 1273 2576 1328 caelum
2627 1287 2910 1342 penetrare.
2956 1279 3184 1350 [Corpus
3213 1297 3339 1336 vero
3379 1283 3499 1351 ejus
3524 1327 3540 1351 ,
3566 1291 3680 1354 quod

528 1374 686 1424 adero
718 1373 828 1424 tihi.
861 1373 1158 1436 Rursusque
1199 1379 1471 1422 catenatus
1504 1369 1553 1419 in
1587 1379 1849 1419 carcerem
1883 1364 2055 1417 reclu-
2167 1364 2217 1416 in
2252 1364 2408 1417 ﬂuvio
2439 1364 2679 1419 Somenze
2707 1369 3123 1435 subplumbatum
3159 1372 3325 1426 fuerat
3347 1415 3363 1439 ,
3399 1387 3511 1440 post
3537 1394 3680 1431 annos

534 1460 674 1513 ditur
701 1483 710 1511 :
738 1461 822 1510 uti
851 1459 1079 1523 angelica
1111 1459 1308 1509 visione
1343 1471 1482 1514 usus,
1514 1455 1771 1518 ductuque
1793 1453 1909 1519 ejus
1942 1453 2057 1504 uni-
2157 1453 2530 1521 quinquaginta
2562 1455 2787 1520 quinque
2815 1457 3017 1508 cuidam
3053 1460 3300 1512 Itontanzc
3348 1470 3600 1517 matrona
3625 1469 3680 1518 ab

525 1563 707 1601 versas
735 1547 957 1599 carceris
987 1545 1244 1596 custodias
1272 1543 1548 1602 transiens,
1576 1541 1638 1594 ad
1670 1542 1833 1593 locum
1861 1549 2054 1592 osten-
2159 1542 2344 1607 angelo
2374 1545 2660 1595 revelatum
2689 1553 2790 1605 est,
2817 1555 2868 1595 et
2895 1546 2960 1598 ab
2988 1546 3168 1598 eadem
3197 1549 3471 1601 inventum
3504 1551 3549 1603 in
3581 1569 3674 1606 nlu-

524 1652 640 1691 sum
671 1637 884 1688 veniens
905 1677 919 1700 ,
952 1637 1098 1700 longa
1131 1634 1331 1700 populis
1362 1632 1729 1699 praedicatione
1770 1639 2008 1697 perorata
2035 1668 2049 1691 ,
2165 1630 2356 1696 nicipio
2403 1631 2538 1697 quod
2570 1636 2804 1698 Augusto
2845 1632 3312 1688 Viromanduorum
3344 1652 3674 1704 nuncupatur,

539 1725 703 1776 ferme
731 1725 793 1776 ad
823 1733 1094 1776 sexcentos
1125 1723 1260 1773 viros
1292 1735 1454 1787 usque
1479 1720 1749 1772 convertit.
1783 1720 1891 1783 Qua
1919 1719 2052 1769 indi-
2154 1731 2244 1782 vin
2278 1715 2387 1768 Kal.
2417 1717 2540 1770 Julii
2571 1719 2848 1782 sepultum.
2877 1720 3133 1786 Scriptum
3162 1724 3214 1775 in
3243 1722 3419 1777 Gestis
3446 1726 3601 1798 ejus.)
3629 1728 3672 1783 lu

533 1812 774 1876 gnatione
825 1811 1147 1876 llict‘ovarus
1196 1809 1585 1871 stomachatus,
1637 1809 1891 1859 intautum
1945 1815 2054 1858 tro-
2153 1803 2450 1856 Nicomedia
2505 1806 2678 1871 passio
2724 1807 2779 1857 S.
2834 1807 3038 1860 Eusebii
3082 1811 3209 1875 :qui
3255 1820 3492 1878 tempore
3536 1814 3674 1867 Maxi-

524 1897 687 1951 chleis
719 1899 944 1962 torqueri
986 1897 1235 1964 praecepit.
1257 1933 1273 1956 .
1308 1905 1365 1948 ut
1394 1897 1623 1948 membra
1654 1895 1765 1960 ejus
1798 1891 1842 1946 vi
1887 1891 2054 1947 duris.
2088 1893 2126 1948 Β
2157 1891 2316 1943 miani
2347 1893 2682 1959 imperatoris
2716 1894 2813 1947 sub
2843 1895 3099 1950 Maxentio
3128 1898 3349 1963 praeside
3385 1903 3573 1966 capitis
3598 1904 3672 1957 ab-

527 1989 655 2038 sima
701 1988 830 2038 solvi
877 1997 1206 2053 cogerentur.
1239 1986 1452 2051 Insuper
1487 1994 1541 2036 et
1585 1985 1842 2036 resticulis
1872 1983 2056 2036 ferreis
2157 1981 2416 2034 scissione
2456 1982 2773 2050 martyrium
2802 1988 3198 2038 consummavit.

528 2089 645 2128 eum
695 2077 859 2138 caedi,
909 2087 962 2130 et
1023 2077 1191 2128 oleum
1239 2075 1496 2137 candens,
1544 2073 1708 2140 picem
1757 2084 1809 2126 et
1853 2072 2053 2138 adipem

532 2162 966 2216 ferventissimum
999 2164 1151 2217 dorso
1192 2163 1476 2231 applicari;
1525 2162 1720 2214 calcem
1768 2169 1821 2212 et
1849 2170 2053 2214 acetum

525 2251 848 2318 sinapimque
874 2253 950 2304 ori
991 2252 1105 2320 ejus
1131 2251 1370 2321 infundi,
1416 2252 1711 2317 iterumque
1742 2247 2052 2314 pendi-rosis

525 2341 720 2393 catenis
770 2342 958 2392 collqu
1001 2340 1231 2408 colligari
1257 2380 1270 2401 ,
1305 2351 1357 2392 et
1399 2340 1530 2392 duos
1578 2342 1733 2393 sudes
1782 2340 1976 2391 ferreos
2020 2353 2048 2389 a

525 2427 726 2480 cervice
757 2438 919 2493 usque
950 2427 1012 2478 ad
1041 2442 1212 2487 crura,
1242 2427 1468 2493 itemque
1495 2427 1674 2479 decem
1708 2429 1882 2479 clavos
1915 2427 2051 2478 inter

527 2516 746 2583 ungulas
776 2527 826 2567 et
865 2531 1122 2568 carcerem
1169 2517 1322 2584 jussit
1372 2518 1620 2582 transtigi.
1651 2516 1845 2581 Quibus
1877 2514 2047 2566 divina

528 2602 850 2664 protectione
903 2603 1204 2667 superatis,
1260 2602 1322 2652 ad
1379 2601 1613 2654 ultimum
1675 2603 1842 2668 capite
1895 2601 2048 2668 jussit
2151 2601 2338 2691 de'sum
2378 2640 2428 2691 in
2473 2601 2799 2694 A‘rebale’ns’i

529 2689 2040 2802 'I'ffff.:..‘3fff’f°i’f..'.'.'i"s..Tfif’.‘°ﬂ_'f.ﬂilif°ff'f’ﬁll‘f'"f‘lfi
2149 2707 2177 2802 ζ,
2217 2726 2276 2802 .V-
2305 2725 2366 2802 (ἕο
2400 2727 2577 2802 Natale
2616 2731 2669 2802 δέ
2701 2731 2931 2794 Quintilii
2965 2731 3071 2800 [ϐο.
3093 2733 3278 2802 animi]
3305 2736 3556 2802 Martyris.
3584 2737 3662 2792 Fc-

528 2752 1140 2843 itntputatoqne—capite,
1188 2778 1328 2828 velut
1370 2779 1606 2830 columba
1655 2752 1869 2830 candida
1913 2777 2043 2827 sicut

2229 2752 2276 2779 ν.
2305 2752 2366 2778 υ.
2401 2752 2577 2780 natatu
2617 2752 2669 2780 ο.
2701 2752 2931 2794 uullttlnl
2965 2752 3071 2800 μμ,
3093 2752 3278 2802 qumtt]
3305 2752 3556 2806 Itartyrts.
3584 2752 3656 2792 re-

2155 2796 2277 2857 licis,
2311 2796 2489 2846 Donati
2519 2805 2571 2846 et
2598 2799 2814 2850 aliorum
2846 2804 3022 2862 viginti
3053 2818 3260 2854 novem.
3310 2805 3366 2854 Β.
3401 2805 3454 2857 lu
3501 2806 3656 2860 Mace-

531 2863 611 2913 nix
660 2877 777 2914 mox
819 2863 925 2915 visa
954 2873 1031 2916 est
1076 2865 1137 2916 de
1167 2864 1440 2931 collocjus
1470 2865 1610 2918 exire
1633 2901 1652 2930 ,
1696 2874 1750 2918 et
1778 2865 2043 2916 liberrimo
2072 2855 2114 2913 C
2147 2855 2300 2915 donia
2328 2863 2421 2915 SS.
2458 2864 2656 2921 Vitalis.
2686 2865 2842 2931 Petri,
2877 2855 3182 2927 Crescentii.
3211 2855 3426 2924 Alterni.

2229 2105 2418 2158 Primis
2458 2104 2604 2160 uncis
2645 2107 2842 2160 inclusa
2883 2109 2933 2162 itt
2973 2125 3073 2163 ms.
3117 2111 3358 2165 Laetiensi
3401 2114 3501 2167 boc
3536 2117 3672 2168 modo

2158 2193 2372 2248 brevius
2414 2195 2796 2251 contrahuntur
2838 2214 2853 2250 :
2902 2199 3016 2263 Quo
3061 2211 3327 2268 comperto
3367 2204 3671 2259 Rictiovams

2157 2280 2431 2349 praefectus
2475 2287 2705 2338 vinctum
2764 2287 2828 2338 ad
2883 2301 2940 2340 se
2994 2288 3144 2354 jubet
3199 2291 3382 2344 adduci
3414 2332 3431 2354 .
3475 2304 3526 2346 et
3570 2307 3668 2360 post

2157 2372 2301 2437 plura
2345 2371 2598 2438 supplicia
2633 2363 2912 2433 "carceris,
2953 2375 3314 2440 vinculorum,
3357 2379 3660 2432 diversorum

2155 2459 2454 2524 verberum,
2496 2459 2560 2512 ad
2605 2471 2895 2514 extremum
2939 2465 3107 2514 oleum
3148 2465 3397 2529 candens,
3437 2475 3537 2519 etc.
3583 2469 3668 2518 lte-

2151 2547 2288 2614 liqua
2330 2547 2397 2601 de
2432 2548 2729 2602 inventione
2769 2551 3001 2617 corporis
3032 2554 3272 2605 sitttilitcr
3309 2556 3451 2609 uncis
3481 2559 3665 2626 signata

544 3015 3634 3050 W

1760 3131 2426 3212 NOVEMBER.

1725 3301 1941 3370 EDlTlO
1977 3304 2431 3361 COLONIENSIS.

1091 3394 1467 3460 NOVEMBER,
2158 3399 2386 3450 oumium
2419 3397 2526 3450 tieri
2556 3404 2836 3466 martyrum
2864 3439 2879 3464 ,
2931 3408 2986 3453 ut
3031 3401 3116 3455 ubi
3164 3406 3418 3467 quondam
3455 3420 3658 3460 omnium

892 3487 1052 3538 liabet
1077 3488 1180 3537 dies
1200 3501 1334 3562 xxx,
1364 3485 1532 3535 Ιιιηαηι
1566 3495 1689 3534 xxx.
2159 3501 2260 3538 non
2280 3488 2516 3550 deorum,
2543 3486 2632 3539 sed
2652 3486 2947 3559 daemonum
2968 3490 3139 3542 cultus
3156 3492 3421 3559 agebatur,
3448 3494 3514 3547 ibi
3531 3494 3659 3548 deiu-

597 3576 657 3628 D.
686 3574 1548 3628 KALsso.Noveua.——Festivitas
1573 3573 1814 3624 Omnium
1846 3572 2056 3627 Sancto-
2157 3587 2281 3638 ceps
2325 3573 2554 3625 ontnium
2603 3575 2747 3627 ticret
2786 3578 3030 3628 memoria
3071 3590 3362 3632 sanctorum
3404 3600 3415 3633 :
3455 3597 3564 3649 qua:
3606 3585 3658 3636 ab

526 3680 658 3718 rum.
693 3664 902 3717 Petente
929 3680 1148 3730 namque
1177 3679 1302 3730 papa
1345 3662 1602 3714 Bouilacio
1625 3701 1639 3724 ,
1667 3661 1824 3727 jussit
1855 3661 2051 3714 Pheras
2157 3662 2247 3714 illo
2275 3673 2508 3727 tempore
2537 3662 2585 3712 in
2617 3661 2855 3715 Kalendis
2898 3663 3226 3730 Novembris,
3273 3668 3324 3719 in
3371 3671 3495 3722 urbe
3520 3669 3659 3721 Roma

531 3753 807 3818 imperator
834 3754 881 3804 in
908 3753 1066 3804 veteri
1097 3753 1213 3802 lano
1233 3792 1248 3814 ,
1289 3750 1423 3816 quod
1455 3747 1717 3800 Pantheon
1749 3748 2046 3812 vocabatur,
2157 3751 2376 3803 celebris
2402 3759 2455 3802 et
2482 3751 2739 3817 generalis
2768 3753 2933 3819 agitur
2955 3791 2972 3817 ,
3019 3756 3108 3807 sed
3138 3757 3186 3806 in
3218 3756 3414 3822 Galliis,
3443 3773 3656 3812 monente

526 3853 574 3892 et
603 3856 630 3889 a
660 3842 943 3892 Domitiano
973 3841 1112 3902 prius
1153 3841 1509 3917 facttnu'erat,
1537 3840 1718 3890 ablatis
1750 3838 2046 3890 idololatriae
2151 3849 2344 3890 sanctae
2389 3839 2764 3892 recordationis
2811 3840 3066 3908 Gregorio
3113 3845 3375 3911 pontiﬁce,
3427 3848 3659 3914 piissimus

526 3928 781 3992 sordibus,
809 3929 1082 3982 ecclesiam
1115 3929 1277 3981 beata:
1303 3943 1507 3993 semper
1536 3929 1745 3995 virginis
1773 3927 1966 3991 Mariae,
1996 3939 2046 3978 et
2151 3925 2441 3977 Ludovicus
2486 3928 2768 3992 imperator
2813 3930 3054 3983 omnibus
3097 3935 3240 3998 regni
3268 3935 3348 3986 sui
3391 3946 3443 3987 et
3485 3935 3656 4002 imperii

1682 4033 1898 4088 EDlTlO
1937 4032 2424 4086 BOLLANDIANA.

601 4128 648 4179 l.
681 4155 749 4166 —
775 4126 1050 4179 KALENDIS.
1084 4127 1353 4180 Festivitas
1379 4127 1607 4178 omnium
1633 4126 1959 4178 Sanctorum.
1991 4125 2052 4175 Et
2084 4126 2126 4182 D
2152 4131 2204 4174 et
2229 4135 2385 4175 canes
2427 4122 2629 4176 feroces
2673 4123 2942 4176 duodecim
2990 4139 3105 4179 eum
3134 4141 3199 4181 eo
3238 4130 3546 4185 incluserunt
3583 4148 3656 4200 per

527 4216 575 4265 in
606 4215 787 4267 Castro
820 4216 1009 4268 Diveon
1059 4217 1224 4268 natale
1253 4216 1308 4269 S.
1357 4216 1563 4280 Benigni
1602 4214 1905 4282 presbyteri,
1967 4215 2050 4279 qui
2161 4222 2250 4260 sex
2279 4209 2411 4262 dies.
2439 4209 2502 4260 Et
2527 4209 2651 4261 aluit
2680 4225 2795 4262 eum
2822 4211 3036 4278 angelus
3066 4228 3196 4278 pane
3223 4216 3442 4277 ctelesti.
3475 4219 3656 4282 subula:

529 4318 644 4354 cum
678 4303 941 4355 Andochio
965 4307 1382 4370 compreshytero
1410 4313 1460 4356 et
1498 4301 1663 4369 Tyrso
1684 4302 1901 4353 deacono
1929 4301 2055 4352 mis-
2155 4298 2385 4360 abstulit,
2427 4307 2480 4349 et
2525 4313 2642 4349 eum
2676 4291 2765 4350 'de
2794 4298 3004 4362 plumbo
3031 4315 3091 4352 ac
3144 4300 3282 4354 l'erro
3315 4304 3520 4366 eripuit.
3558 4291 3638 4358 Pos‘

532 4405 619 4440 sus
647 4397 725 4441 est
747 4403 774 4439 a
802 4389 857 4440 S.
891 4391 1133 4454 episcopo
1165 4391 1446 4456 I‘olycarpo
1474 4390 1540 4441 ab
1579 4389 1791 4442 Oriente
1831 4389 2049 4441 Galliam
2157 4383 2272 4444 hoc,
2298 4383 2488 4434 collum
2516 4382 2626 4447 ejus
2652 4396 2797 4435 vecto
2825 4388 2996 4437 I'erreo
3031 4385 3175 4438 lttltdi
3221 4400 3281 4440 ac
3320 4389 3492 4442 lancea
3526 4391 3655 4443 forari

529 4487 758 4543 tempore
802 4486 827 4511 ⁸
857 4477 1140 4530 Aureliani.
1173 4479 1268 4540 Qui
1295 4478 1654 4543 prmdicatione
1683 4478 1792 4543 ejus
1822 4492 2056 4543 comper-
2150 4471 2376 4536 juhetur.
2410 4471 2522 4533 Quo
2561 4473 2693 4523 laeto
2730 4471 2964 4524 columba
3005 4474 3151 4524 nivea
3194 4475 3257 4528 de
3287 4491 3491 4530 carcere
3529 4479 3654 4530 Chri-

535 4577 601 4622 Ia,
629 4564 652 4600 δ
686 4565 910 4617 vinctum
935 4581 1048 4616 eum
1076 4575 1128 4616 et
1170 4581 1358 4616 catasum
1395 4567 1456 4616 ad
1498 4581 1553 4618 se
1582 4565 1764 4616 adduci
1796 4567 2050 4632 praecepit:
2157 4560 2336 4610 slianis
2365 4559 2732 4624 aSPiCielllibUS
2761 4561 2824 4611 ad
2854 4561 3015 4632 ςωιοε
3057 4562 3311 4624 θεοθῐιαίι,
3334 4573 3386 4617 ει
3413 4567 3536 4619 odor
3560 4581 3653 4618 SM-

530 4663 577 4701 et
602 4667 825 4714 rursum,
871 4654 1042 4704 audita
1081 4669 1374 4705 sermonum
1414 4653 1524 4719 ejus
1549 4654 1857 4714 constantia,
1887 4656 2058 4706 nervis
2163 4647 2402 4698 Vis-simus
2455 4649 2599 4711 ttuaSi
2659 4648 2878 4712 paradiSi
2931 4659 3141 4700 secutus
3182 4661 3283 4702 est.
3336 4633 3688 4731 Desce‘ttdeute.

533 4743 823 4795 durissimis
851 4757 966 4794 eum
997 4745 1124 4795 caedi
1166 4743 1303 4807 fecit,
1334 4753 1384 4795 et
1409 4743 1653 4796 Terentio
1700 4742 1874 4794 comiti
1904 4757 2050 4808 supe-

2164 4735 2442 4786 Aureliano
2469 4750 2496 4785 a
2538 4735 2672 4798 loco,
2720 4736 3020 4799 supervenit
3049 4735 3110 4788 Β.
3153 4737 3406 4799 Leonilla,
3434 4752 3486 4792 et
3509 4741 3657 4793 condi-

530 4829 744 4879 raudutn
786 4829 1010 4880 tradidit.
1036 4832 1074 4881 A
1102 4846 1202 4894 quo
1227 4831 1288 4881 ad
1321 4832 1572 4884 trochleas
1598 4841 1841 4882 extensus
1867 4840 1918 4882 et
1939 4845 2044 4882 cte-

2161 4832 2264 4873 tum
2300 4824 2618 4874 aruntatibus
2661 4836 2847 4886 corpus
2901 4822 3054 4890 longe
3102 4823 3169 4877 ab
3215 4826 3331 4892 ipso
3375 4841 3656 4882 carcerese—

531 4930 618 4965 sus
671 4931 730 4968 ac
775 4931 978 4968 rursum
1030 4916 1224 4969 carceri
1280 4918 1597 4986 mancipatus
1628 4957 1644 4982 ,
1714 4933 1864 4970 mane
1914 4919 2046 4970 idola
2156 4911 2354 4976 tte-“Vil-

530 5000 721 5054 orando
765 5005 1040 5067 destruxit,
1082 5015 1132 5056 et
1174 5005 1416 5057 reductus
1442 5017 1518 5058 est
1573 5009 1621 5058 iu
1652 5021 1931 5059 carcerem.
1958 5007 2046 5057 Cui
2231 5005 2424 5057 Eodem
2456 5004 2538 5056 die
2588 5005 2768 5056 natalis
2797 5004 2851 5056 S.
2884 5003 3107 5056 Caesarei
3146 5006 3351 5058 diaconi
3398 5014 3451 5059 et
3499 5005 3655 5059 Juliani

531 5093 739 5143 SIIbUlaS
768 5093 942 5146 decem
971 5095 1196 5146 calentes
1229 5093 1278 5144 in
1315 5093 1550 5145 manibus
1588 5097 1827 5155 lixerunt,
1859 5103 2048 5146 etcum
2157 5092 2442 5160 presbyteri
2487 5094 2503 5156 (
2535 5091 2788 5144 "actenus
2834 5094 2894 5143 Α.
2919 5091 2965 5160 );
3012 5093 3096 5159 qui
3145 5095 3381 5146 videlicet
3432 5093 3651 5146 Camarina

530 5179 736 5242 plumbo
767 5181 982 5232 remisso
1013 5181 1167 5246 pedes
1196 5182 1245 5233 in
1288 5181 1454 5246 lapide
1497 5184 1754 5247 perforato
1804 5181 2046 5240 ﬁxerunt,
2159 5191 2389 5246 tempore
2421 5194 2442 5220 ε
2473 5181 2674 5235 Claudii
2710 5181 2925 5235 veniens
2969 5197 3034 5236 ex
3060 5183 3230 5236 Africa
3260 5185 3323 5234 ad
3355 5183 3651 5238 Terracinam

621 5258 627 5264 ’
1871 5267 2065 5320 δΜΙΤΙΙ
2103 5265 2324 5320 NOTAE.

599 5358 624 5423 ξ
652 5349 934 5424 Aureliani,
957 5350 1097 5402 Passi
1127 5361 1249 5404 sunt
1269 5353 1464 5424 _pot_ius_
1495 5354 1599 5424 sub_
1620 5353 1791 5424 Marco
1815 5356 2048 5408 Aurelio.
2231 5368 2252 5394 ο
2285 5358 2502 5409 Claudii.
2530 5355 2790 5408 Caesarius
2810 5370 2933 5408 vero
2989 5370 3089 5408 non
3120 5357 3216 5408 sub
3255 5353 3473 5410 Claudio
3509 5369 3653 5424 pum

532 5415 795 5490 Quicniui
829 5418 935 5492 ﬁeri
967 5430 1133 5480 potest
1160 5432 1209 5470 ut
1232 5419 1533 5492 discipulus
1574 5422 1838 5490 Polycarpi
1872 5437 2051 5492 pervc-
2157 5436 2235 5477 est
2260 5441 2276 5476 :
2306 5427 2519 5478 Constat
2546 5426 2684 5476 enim
2737 5438 2800 5492 ex
2849 5424 2986 5475 Actis
3034 5424 3129 5476 SS.
3181 5425 3333 5476 Nerei
3371 5433 3425 5477 et
3476 5415 3653 5477 Achillei

533 5485 843 5558 neruumque
870 5487 932 5558 ad
965 5494 1193 5552 tempora
1219 5487 1521 5539 Aureliani?
1575 5556 1583 5558 ξ
1634 5485 1681 5558 ς
1792 5485 1803 5490 ’
1873 5485 1886 5492 ⁷
2155 5495 2290 5558 quod
2325 5493 2597 5544 ltomitilla:
2620 5499 2671 5542 et
2699 5490 2954 5541 sociarum
2979 5505 3197 5557 corpora
3230 5494 3514 5556 sepultum
3537 5503 3650 5542 mtt-

605 5548 629 5584 ι’
657 5550 820 5625 \lerha
850 5548 1084 5618 vinctum,
1113 5565 1214 5608 etc.
1248 5594 1262 5617 ,
1315 5570 1477 5623 usque
1523 5556 1587 5608 ad
1624 5556 1739 5609 Post
1784 5559 1912 5623 hoc,
1947 5575 2051 5612 om.
2157 5548 2357 5613 (laverit
2380 5560 2584 5623 Trajaui
2618 5559 2954 5621 temporibus.
2997 5548 3107 5623 Qua
3139 5548 3341 5611 ratione
3382 5559 3535 5625 igitur
3565 5565 3651 5624 putt

537 5633 636 5673 ms.
663 5621 841 5673 Atreb.
1394 5621 1405 5623 “
1901 5621 1908 5623 “
2163 5644 2324 5681 annos
2347 5621 2552 5681 centum
2582 5636 2632 5678 et
2668 5627 2988 5692 septuaginta
3022 5621 3126 5681 Vsub
3161 5628 3376 5682 Claudio
3401 5621 3648 5694 polluta»
