3898 6322
588 409 721 463 109ῑὶ

1279 410 1471 466 ΒΕΟᾸΞ
1518 411 1947 465 ἫΞΝἱζΒΑΙῖΙῌΞ
1985 410 2128 464 OPP.
2170 408 2339 462 PARS
2380 408 2460 459 IV.
2506 437 2568 449 —-
2608 406 2974 462 IIISTORICA.

3624 408 3733 460 1096

1812 519 1837 568 li
1857 516 2028 569 DITIO
2066 516 2283 591 CQLON
2298 514 2530 567 IENSIS.

580 614 672 674 vit,
706 610 829 663 tenti
872 616 991 661 sunt
1027 608 1176 661 ambo
1204 624 1230 661 a
1262 608 1498 673 Leontio,
1551 608 1657 660 filio
1690 608 1887 660 Leontii
1916 620 2101 659 consu-
2136 614 2179 664 Α

580 700 724 761 luris,
755 698 819 749 ob
840 711 952 748 eam
982 699 1209 749 maxime
1233 708 1464 758 causam,
1488 698 1603 764 quia
1629 697 1881 749 Caesarius
1904 706 2101 761 patrem

579 787 693 851 ejus
733 784 1075 836 Christianum
1120 782 1344 836 fecisset.
1401 784 1467 833 Et
1510 784 1572 833 ad
1621 782 1785 834 forum
1815 782 1927 847 ejus
1964 781 2103 832 ducti

583 890 682 927 non
713 881 831 925 sunt
861 873 1085 938 superati
1108 888 1121 935 ;
1146 872 1263 924 inde
1288 886 1495 923 carcere
1514 871 1719 929 inclusi,
1746 877 1893 922 nocte
1920 868 2101 921 eadem

580 976 694 1012 eum
724 944 1012 1011 sacrificare
1042 959 1255 1024 nollem,
1285 958 1520 1010 decollati
1560 968 1712 1021 sunt,
1744 971 1896 1023 atque
1924 957 1974 1010 in
2004 956 2101 1009 litt-

579 1048 713 1099 vium
758 1049 954 1113 jactati.
1002 1046 1230 1111 Quorum
1276 1059 1493 1111 corpora
1540 1056 1790 1099 venerunt
1832 1058 1993 1112 usque
2038 1044 2101 1095 ad

579 1147 739 1195 mare,
768 1142 819 1185 et
848 1133 1027 1185 relicta
1068 1142 1187 1184 sunt
1227 1133 1290 1184 ad
1340 1135 1509 1197 littus,
1554 1143 1707 1200 atque
1745 1148 1771 1183 a
1803 1135 2103 1201 presbytero

577 1221 817 1287 quodam,
851 1220 1055 1273 nomine
1082 1220 1297 1283 Quarto,
1329 1222 1393 1273 de
1428 1222 1622 1287 Capua,
1654 1221 1891 1283 inventa,
1924 1221 2013 1287 qui
2036 1218 2101 1271 ea

576 1322 695 1361 mox
726 1307 964 1373 imposita
994 1308 1229 1361 vehiculo
1268 1308 1413 1361 duxit
1452 1308 1501 1360 in
1542 1323 1723 1364 casam
1744 1322 1911 1372 suam,
1942 1315 1995 1361 et
2017 1323 2106 1359 cn-

574 1398 714 1448 riose
740 1406 976 1460 quaerens
1001 1395 1153 1448 etiam
1183 1396 1347 1459 capita
1378 1396 1593 1456 invenit,
1622 1395 1965 1462 adjunctaque
1990 1408 2107 1445 cor-

578 1484 785 1550 poribus
812 1486 1048 1552 sepelivit
1070 1485 1218 1552 juxta
1249 1497 1484 1539 sanctum
1514 1486 1819 1539 Caesarium.

2279 604 2335 655 Il.
2385 602 2487 653 Vlll
2540 602 2652 655 inus
2696 602 2926 655 Novus.
2959 631 3023 641 —
3051 602 3293 655 Tumissa
3340 601 3541 655 Africae
3589 608 3735 655 nataie

2212 690 2373 741 sancti
2409 688 2615 740 Felicis.
2666 689 2719 740 lu
2766 688 2915 755 hujus
2951 690 3283 741 solemnitate
3312 687 3593 755 quemdam
3621 694 3736 754 psal-

2211 790 2348 826 mum
2401 776 2583 826 bcatus
2612 775 2930 838 Augustinus
2960 776 3163 828 videtur
3202 789 3471 841 expauere
3500 775 3565 827 ad
3594 791 3737 844 papu-

2210 865 2313 913 lum
2346 871 2413 913 ita
2441 862 2648 913 dicens:
2678 862 2818 915 Felix
2844 872 3041 930 martyr
3070 876 3192 914 vere
3220 861 3367 924 felix,
3389 871 3447 917 et
3473 864 3738 915 nomineet

2211 964 2418 1013 corona,
2450 949 2597 1015 cujus
2623 949 2775 1002 hodie
2808 951 2906 1002 diei
2931 960 3009 1007 est
3037 950 3314 1004 festivitas.
3361 951 3414 1003 ln
3446 950 3659 1003 Oriente
3677 956 3737 1003 ci-

2215 1039 2370 1090 vitate
2418 1036 2667 1103 TheOpoli
2718 1049 3015 1092 sanctorum
3054 1040 3238 1093 decem
3286 1050 3621 1115 martyrum,
3664 1046 3735 1105 qui

2207 1126 2305 1178 sub
2327 1124 2598 1179 Saracenis
2619 1128 2753 1192 passi
2778 1128 3013 1195 leguntur
3039 1128 3092 1180 in
3111 1129 3281 1182 Gestis
3300 1141 3606 1183 sanctorum
3626 1143 3737 1197 qua.

2207 1218 2464 1283 draginta.
2494 1217 2548 1269 in
2573 1219 2779 1271 civitate
2807 1220 3188 1283 Lemovicensi,
3216 1222 3267 1273 in
3291 1222 3565 1287 provincia
3596 1222 3737 1287 Aqui-

2208 1305 2359 1356 taniu
2404 1307 2565 1358 sancti
2616 1305 2869 1359 Leonardt
2918 1307 3254 1373 confessoris,
3296 1308 3544 1377 discipuli
3589 1311 3735 1361 sancti

2208 1391 2427 1456 Remigii
2454 1391 2707 1458 episcopi.

2285 1480 2341 1531 C.
2373 1478 2459 1531 VII
2493 1480 2605 1531 Inus
2634 1479 2864 1533 Novus.
2912 1508 2981 1518 —
3028 1480 3174 1546 Apud
3216 1480 3588 1533 Alexandriam
3618 1481 3735 1536 beati

1762 1572 1978 1625 EDITIO
2018 1564 2512 1623 BOLLANDIANA.

583 1666 851 1732 presbyter
881 1664 1189 1727 baptizabat,
1216 1663 1341 1714 lenti
1367 1672 1485 1714 sunt
1512 1664 1663 1713 ambo
1694 1677 1718 1711 a
1753 1662 1966 1714 Leontio
1998 1661 2101 1711 lilio

581 1754 776 1804 Leontii
808 1752 1108 1811 consularis,
1143 1754 1208 1801 ob
1236 1766 1348 1802 eam
1382 1751 1603 1803 maxime
1623 1765 1828 1802 causam
1854 1752 1967 1816 quia
1990 1749 2100 1802 Ca:-

579 1840 745 1890 sarius
776 1848 971 1903 patrem
996 1837 1106 1903 ejus
1131 1837 1479 1888 Christianum
1505 1836 1736 1889 fecisset:
1764 1845 1816 1888 et
1850 1838 1911 1888 ad
1938 1836 2098 1887 forum

575 1928 687 1991 ejus
718 1928 853 1978 ducti
882 1938 975 1978 nec
1004 1925 1251 1992 superati,
1303 1928 1350 1977 in
1394 1940 1599 1979 carcere
1627 1926 1847 1988 reclusi;
1878 1936 1928 1978 et
1952 1936 2101 1979 nocte

2206 1654 2537 1719 quadraginta
2586 1662 2887 1719 martyrum.
2946 1652 3006 1703 V.
3060 1652 3117 1705 Β.
3163 1653 3221 1704 C.
3255 1693 3268 1712 ,
3304 1653 3385 1719 plu
3442 1653 3731 1709 Nicomedia

2206 1718 2455 1791 Adriani,
2499 1720 2649 1791 Julia:
2697 1718 2800 1790 [ν.
2970 1736 3069 1771 om.
3119 1718 3363 1791 iuliae],
3415 1731 3466 1772 et
3516 1723 3727 1778 Luscbii.

2214 1792 2273 1841 V.
2331 1789 2386 1840 B.
2432 1793 2492 1839 A.
2545 1789 2629 1847 'l‘.,
2687 1789 2738 1839 lu
2795 1790 2963 1841 Africa
2996 1789 3169 1841 natale
3214 1789 3511 1841 sanctorum
3547 1791 3729 1853 Donati,

2208 1857 2348 1910 Pauli
2392 1865 2443 1908 et
2471 1857 2712 1908 Balsami.
2736 1856 2822 1918 C.,
2855 1857 2906 1908 In
2933 1856 3101 1909 Africa
3137 1856 3339 1916 Donati,
3390 1857 3610 1910 Paulini.
3644 1862 3733 1911 Na-

2209 1930 2307 1977 tale
2336 1925 2389 1977 S.
2423 1926 2672 1976 Leonardi
2706 1925 2871 1991 primo
2905 1928 3035 1976 loco.
3064 1926 3125 1976 A.
3160 1925 3223 1976 Τ.
3257 1925 3338 1989 ι..,
3371 1924 3423 1977 In
3453 1925 3620 1979 Gallia
3644 1928 3730 1981 Re-

576 1969 686 1991 -,..-
719 1969 853 1978 ην--.
882 1969 974 1978 ..η
1004 1969 1251 1992 -..νη---η
1397 1969 1599 1979 νων-.-
1627 1969 1811 1977 .-νη-η.
1834 1969 1847 1988 ,
1880 1969 1928 1978 ..-
1952 1969 2100 1979 ..-ν-ν

571 2016 774 2075 eadem,
806 2030 919 2067 cum
953 2016 1145 2066 nollent
1189 2014 1501 2077 sacriﬁcare,
1557 2014 1794 2067 decollati
1824 2023 1875 2066 et
1920 2014 1969 2066 in
2012 2013 2107 2066 ﬂu-

2211 1994 2603 2077 dunaspivitate
2622 1969 2975 2077 ide'positions.
3008 1991 3265 2077 b‘glelanii
3297 1969 3527 2077 episcopi
3551 1969 3604 2048 et

572 2108 709 2158 vium
743 2106 955 2171 projecti
1002 2113 1139 2156 sunt.
1171 2104 1401 2168 Quorum
1425 2118 1641 2170 corpora
1676 2116 1923 2156 venerunt
1946 2118 2108 2170 usque

572 2194 633 2245 ad
658 2208 820 2255 mare,
854 2201 905 2243 et
935 2192 1121 2258 rejecta
1144 2194 1204 2243 ad
1229 2193 1371 2245 littus
1399 2209 1424 2243 a
1453 2194 1673 2261 quodam
1705 2194 2013 2262 presbytero
2043 2194 2108 2245 de

576 2287 768 2351 Capua,
817 2282 1023 2335 nomine
1067 2281 1281 2348 Quarto,
1338 2294 1456 2335 sunt
1504 2284 1738 2335 inventa:
1784 2284 1868 2350 qui
1901 2297 1960 2335 ea
1989 2294 2110 2333 mox

575 2372 809 2435 imposita
840 2370 1075 2422 vehiculo
1102 2370 1247 2422 duxit
1278 2370 1325 2421 in
1374 2384 1544 2422 casam
1592 2385 1760 2433 suam,
1805 2380 1855 2422 et
1901 2370 2107 2423 curiose

573 2476 825 2530 qua-rens.
856 2462 1011 2514 etiam
1040 2462 1209 2529 capita
1242 2461 1458 2523 invenit,
1504 2468 1557 2514 et
1602 2460 1844 2528 adjuncta
1874 2461 2105 2529 corpori-

579 2551 673 2603 bus
691 2550 927 2618 Sepelivit
952 2549 1095 2617 juxta
1122 2549 1178 2602 S.
1208 2548 1515 2602 Caesarium.

644 2666 725 2730 B.,
754 2666 809 2719 ln
836 2664 1074 2729 Caesarea
1103 2664 1445 2731 Cappadociae
1497 2670 1664 2720 natale
1718 2665 1812 2720 SS.
1846 2664 2104 2729 Domnini,

582 2735 869 2799 Epiphanii.
905 2735 1169 2802 Antonjni.
1206 2733 1255 2784 lu
1275 2731 1448 2800 Capua
1477 2735 1681 2789 civitate
1703 2734 1996 2802 Campania:
2020 2747 2111 2786 na-
2160 2744 2165 2753 ‘

579 2808 676 2854 tale
703 2804 791 2854 ss.
820 2803 1042 2869 Marc-ite,
1070 2800 1320 2855 Secundae
1350 2813 1402 2854 et
1427 2803 1626 2865 Quarti.

644 2916 899 2971 6.—Vlll
932 2917 1066 2970 inus.
1100 2914 1267 2967 Vacat
1297 2915 1466 2968 Baeda.

645 3029 728 3093 D.,
762 3040 787 3066 ι
817 3028 1005 3081 Toniza
1048 3025 1234 3080 Africae
1282 3026 1470 3080 Felicis
1505 3016 1776 3095 'martyris,
1812 3032 1866 3078 et
1892 3022 2111 3078 aliorum

2213 2063 2451 2113 fcssoris:
2500 2070 2553 2112 et
2611 2061 2865 2125 depositio
2906 2063 2959 2113 8.
3027 2061 3265 2114 Winnoci
3328 2064 3565 2125 abbatis;
3611 2068 3733 2128 quod

2216 2130 2449 2181 ultimum
2494 2128 2544 2179 in
2588 2129 2648 2180 Τ.
2696 2130 2769 2181 sic
2810 2128 3027 2194 legitur:
3079 2129 3140 2181 Et
3195 2130 3245 2181 itt
3275 2129 3403 2181 cella
3434 2130 3735 2186 Wormbolt-

2214 2205 2396 2263 voorta
2452 2197 2622 2248 obitus
2671 2205 2692 2233 ο
2748 2194 3313 2258 Wiuoci,confessoris
3339 2198 3550 2251 Christi.
3588 2200 3734 2263 8.,ln

2211 2262 2376 2316 Gallia
2406 2265 2614 2317 civitate
2640 2266 2665 2304 τι
2713 2262 2938 2318 Redonis
2967 2265 3222 2331 depositio
3252 2265 3310 2319 S.
3337 2265 3592 2321 Leonardi
3623 2262 3737 2322 cun-

2210 2332 2441 2386 fessoris.

2274 2444 2417 2503 7._—
2438 2442 2524 2495 VII
2555 2444 2689 2498 lous.
2721 2444 2875 2498 Vacat
2908 2442 3081 2497 Bceda.

2279 2552 2337 2602 V.
2392 2552 2487 2609 Ο..
2530 2552 2585 2604 ln
2637 2552 2933 2604 Nicomedia
2991 2551 3231 2610 Eusebii,
3276 2550 3526 2614 Eustasii,
3568 2552 3731 2617 Marii,

2214 2619 2399 2681 Primi,
2442 2619 2657 2681 .Iuiiani,
2706 2620 2955 2671 Januarii.
2996 2621 3099 2680 8.,
3149 2620 3205 2671 ln
3246 2620 3531 2672 Nicomedia
3575 2626 3737 2675 natale

2216 2686 2311 2741 SS.
2354 2688 2542 2756 l'ulysii
2579 2699 2630 2741 et
2661 2690 2906 2750 liuthasii,
2964 2687 3139 2756 Primi,
3172 2688 3458 2755 Rogatiani.
3492 2690 3546 2741 In
3575 2690 3735 2742 Africa

2214 2754 2503 2827 natale
2532 2755 2734 2827 Rogati,
2764 2756 2968 2827 Donati,
2988 2754 3187 2827 Primo,
3206 2754 3422 2827 Julianze
3436 2756 3533 2827 [L2,
3552 2756 3733 2825 Julia].

2218 2823 2299 2886 D.,
2332 2823 2637 2876 Aleiaudria
2671 2835 2690 2861 ⁸
2721 2825 2935 2878 Achillei
2965 2825 3212 2891 episc0pi.
3236 2826 3381 2892 Apud
3406 2823 3731 2878 l’erusinam'f

2218 2892 2493 2945 llerculani
2540 2894 2765 2960 cpiscripi
2814 2894 3074 2960 martyris.
3122 2896 3187 2945 A.
3216 2893 3275 2945 Τ.
3324 2893 3407 2955 Ι...
3436 2893 3735 2945 Nicomedia:

2218 2960 2389 3012 natale
2418 2972 2712 3012 sanctorum
2738 2961 2988 3023 Castoris,
3012 2960 3194 3011 Gaudii
3216 2971 3267 3012 et
3292 2961 3527 3013 Victoris.
3553 2961 3614 3012 Τ.
3651 2962 3726 3021 ι..,

2219 3029 2271 3081 ln
2301 3027 2477 3081 Africa
2504 3030 2677 3095 passio
2719 3040 3016 3081 sanctorum
3051 3030 3257 3094 Donati,
3287 3029 3483 3097 ltogati.
3514 3029 3575 3082 Τ.
3599 3030 3732 3081 addit

641 3230 665 3256 ι·
698 3218 1028 3295 Toniza.__Vcl
1057 3218 1414 3295 Thinissa.__S.
1449 3218 1593 3295 lii-lit
1628 3130 2127 3295 confessus,Silari:1
2130 3134 2251 3284 Chr?
2257 3134 2568 3295 Tlfdnardo
2595 3219 2783 3295 abbate
2829 3218 3052 3295 Cellen_s_i
3104 3222 3265 3295 «time.
3298 3223 3624 3279 Bitiirimnsis
3648 3227 3728 3295 qui

574 3299 825 3344 tormenta
880 3289 1089 3349 dilatus,
1143 3288 1243 3338 alio
1297 3287 1398 3348 die,
1434 3297 1487 3336 ut
1514 3286 1669 3354 refert
1699 3286 1755 3338 8.
1789 3288 2102 3354 Augustinus

575 3360 825 3433 psalmum
850 3370 1027 3408 cxxvn
1056 3356 1245 3433 in_ejus
1275 3354 1549 3406 festivitate
1571 3353 1653 3433 ad.
1672 3353 1914 3422 populum
1937 3370 2106 3424 expo—
2134 3412 2145 3420 ,

574 3424 723 3485 nens,
754 3428 989 3475 inventus
1014 3425 1163 3475 estin
1194 3437 1403 3475 carcere
1434 3424 1706 3475 exanimis.

644 3494 669 3533 ι’
698 3494 921 3546 Melanii.
958 3492 1028 3544 De
1056 3494 1152 3544 huc
1177 3492 1289 3543 vide
1318 3506 1468 3555 supra
1500 3507 1547 3543 Vl
1569 3490 1817 3543 Januarii.

645 3574 668 3601 ε
702 3562 920 3615 Winoci.
953 3560 1047 3612 llic
1087 3562 1135 3612 in
1163 3562 1427 3613 Artnorica
1455 3576 1515 3611 ex
1549 3561 1703 3626 regali
1748 3562 1978 3626 prosapia
2016 3576 2106 3613 na-

573 3634 747 3686 scendi
775 3630 991 3693 sumpsit
1010 3631 1236 3681 exordia.
1255 3630 1479 3680 Comites
1500 3627 1693 3679 habens
1714 3626 2101 3693 Quadonocum,

576 3700 883 3766 lugenocum
914 3708 1064 3763 atque
1112 3697 1403 3759 Madocuut,
1459 3697 1597 3746 viros
1625 3710 1738 3746 cum
1778 3710 1967 3766 genere
2000 3707 2105 3750 tum

575 3765 672 3821 vita
700 3766 1027 3832 Spectabiles,
1058 3768 1199 3817 venit
1240 3767 1303 3816 ad
1334 3766 1386 3817 S.
1435 3766 1518 3817 llet
1535 3766 1693 3815 tinum
1738 3765 1973 3817 abbatem
2025 3768 2106 3819 Si-

576 3838 885 3897 thiueusent,
918 3846 967 3886 et
995 3848 1051 3886 se
1090 3848 1204 3885 cum
1248 3834 1404 3885 sociis
1450 3833 1560 3899 ejus
1591 3833 1825 3899 regimini
1856 3835 2107 3888 subdidit.

574 3906 701 3958 Cum
734 3914 901 3956 autem
947 3904 1007 3953 ad
1055 3903 1256 3954 culmen
1304 3904 1601 3952 monasticae
1628 3902 1958 3967 perfectionis
1988 3906 2105 3955 atti-

572 3976 788 4041 gissent,
838 3973 926 4041 vir
956 3971 1186 4041 illustris,
1240 3971 1545 4041 liercmar_us
1566 3969 1823 4041 ⁸ιιφιιιὶηθ,
1856 3972 2106 4041 praedium

572 4036 832 4107 quoddam
860 4039 1187 4090 'Weromholt
1225 4039 1421 4089 dictum
1468 4037 1541 4107 8.Δ
1566 4036 1771 4103 Winico
1816 4036 1976 4107 dedit,
2024 4041 2107 4092 ubi

576 4103 942 4161 monasterium
973 4107 1261 4158 construxit
1285 4120 1418 4156 anno
1445 4103 1563 4167 (395,
1606 4113 1659 4158 et
1681 4116 1795 4170 post
1821 4106 2106 4160 discessum

577 4178 725 4230 triutn
748 4178 989 4228 comitum
1014 4175 1080 4225 illi
1111 4176 1268 4225 abbas
1290 4172 1557 4238 praefectus
1580 4184 1677 4227 εει.
1702 4175 1966 4229 Johannes
1992 4176 2106 4239 lpe-

574 4248 681 4298 rius
704 4244 902 4311 reponit
926 4245 981 4296 8.
1017 4243 1212 4295 Winoci
1240 4245 1436 4294 obitum
1466 4256 1600 4294 anno
1625 4244 1738 4310 ipso
1767 4258 1869 4311 quo
1888 4244 2107 4297 Carolus

573 4316 681 4367 dux
728 4315 976 4365 adversus
1023 4313 1372 4381 Chilpericuui
1404 4313 1539 4381 apud
1571 4311 1863 4381 Vinciacum
1896 4312 1947 4365 in
1975 4326 2107 4381 pago

573 4382 929 4435 Cameracensi
982 4379 1240 4446 pugnavit.
1284 4381 1433 4445 Atqui
1479 4378 1697 4447 idstante
1747 4378 2105 4447 Fredegariaiti

574 4452 811 4504 Chronici
861 4451 1237 4511 continuatore,
1285 4462 1401 4513 cap.
1453 4448 1568 4506 106,
1620 4448 1804 4499 bellum
1836 4449 1995 4502 iniere
2024 4450 2107 4504 die

577 4518 840 4574 Dominica
886 4520 934 4585 in
977 4516 1396 4585 Qtiadragesitna,
1427 4530 1493 4566 xu
1527 4515 1634 4567 lial.
1664 4516 1789 4583 Apr.
1821 4518 1943 4581 Qua:
1973 4530 2107 4571 noun

574 4588 883 4641 conveniunt
912 4588 958 4635 in
987 4598 1175 4635 annum
1218 4583 1404 4636 Christi
1436 4585 1558 4634 7l7.
1608 4586 1688 4637 Ab
1736 4586 1833 4637 hoc
1873 4586 2109 4639 diversus

573 4669 652 4710 est
682 4658 765 4707 ille
797 4652 1043 4706 Wuiocus
1069 4653 1132 4704 de
1163 4666 1263 4719 quo
1292 4652 1446 4719 Creg.
1478 4654 1694 4716 'l‘uron.,
1741 4654 1830 4707 lib.
1863 4670 1924 4705 xv
1954 4655 2106 4719 liist.,

572 4740 689 4794 cap.
711 4724 804 4794 21.
828 4732 882 4775 et
907 4722 995 4775 lib.
1032 4735 1142 4794 vui,
1171 4718 1283 4794 cap.
1316 4718 1403 4772 54.
1442 4720 1685 4794 Witiocns
1710 4723 1763 4794 8.
1794 4718 2108 4794 Judoci_uon

574 4790 731 4844 l‘ra'ter
785 4793 897 4852 fuit,
950 4799 1004 4842 ut
1058 4790 1287 4856 plerique
1334 4790 1581 4849 sentiunt,
1637 4790 1727 4841 sed
1771 4806 1949 4855 nepos.
1983 4791 2112 4847 Vide

573 4861 851 4913 Mabillnuii
891 4860 1136 4911 saeculum
1166 4872 1243 4924 Ill,
1292 4867 1423 4926 part.
1458 4873 1495 4924 ι,
1523 4859 1605 4911 ubi
1636 4859 1773 4911 edita
1804 4870 1885 4911 est
1910 4861 1966 4913 S.
2001 4860 2111 4914 Wi-

573 4930 690 4982 noci
723 4930 853 4979 Vita.

641 5003 667 5041 d
722 4995 954 5049 Iiedouis.
1000 4994 1208 5047 Rectius
1265 4995 1568 5047 Lcmovicis.
1620 4994 1900 5048 Chlodovei
1960 4996 2110 5060 primi

574 5067 708 5119 filius
737 5066 1019 5132 Spiritualis
1046 5065 1138 5115 fttit
1161 5064 1460 5117 Leouardus
1475 5074 1527 5115 et
1546 5065 1601 5116 S.
1638 5064 1849 5131 lletntgit
1876 5064 2107 5117 Rhemo-

574 5152 685 5188 rum
710 5134 934 5200 episcopi
962 5133 1242 5200 discipulus
1281 5144 1332 5184 et
1358 5135 1645 5185 monachus
1673 5133 2025 5195 Miciacensis;
2060 5134 2111 5185 in

576 5206 849 5271 Aquitania
893 5212 947 5255 et
976 5202 1255 5268 Biturigum
1286 5203 1496 5271 regioae
1526 5202 1849 5267 praedicavit;
1882 5204 2109 5267 reginam

573 5268 841 5338 ex'partus
868 5271 1169 5323 difficultate
1215 5272 1321 5323 fere
1366 5268 1672 5323 exstinctam
1703 5273 1942 5334 precibus
1970 5271 2110 5323 sani-

574 5344 664 5393 tati
718 5340 971 5400 restituit;
1024 5341 1356 5404 quamobrem
1392 5354 1420 5390 a
1464 5352 1583 5404 rege
1613 5348 1758 5406 grato
1792 5340 1945 5406 digna
1992 5354 2110 5406 rege

574 5425 804 5471 munera,
839 5418 890 5459 et
915 5417 1113 5477 partem
1146 5408 1370 5460 nemoris
1395 5407 2103 5477 accepttpubimonasterium

575 5480 869 5540 aedificavit,
900 5476 950 5529 et
976 5477 1293 5530 Nobiliacum
1328 5480 1547 5537 vocavit,
1592 5476 1892 5542 quod.nunc
1922 5478 2110 5529 dicitur

574 5550 812 5612 oppidum
857 5552 911 5601 8.
946 5548 1227 5607 Leouardi;
1259 5556 1309 5596 et
1340 5546 1434 5597 fuit
1482 5545 1531 5595 in
1564 5546 1785 5610 captivis
1833 5546 2109 5598 liberandis

574 5618 811 5667 celebris.
846 5619 983 5672 Obiit
1033 5632 1175 5669 anno
1217 5614 1335 5668 559.
1374 5612 1772 5680 Distinguendus
1800 5622 1879 5665 est
1924 5629 1952 5666 a
1980 5615 2109 5667 Leo-

575 5686 737 5739 uardo
769 5686 1084 5754 Vendopera:
1107 5686 1259 5739 diuae.
1291 5684 1731 5738 Cettomaunensis
1758 5683 1961 5748 abbate,
1984 5686 2106 5737 item

2205 3292 2606 3410 eodetmlsmculo
2636 3289 2937 3342 floruerunt.
2975 3288 3141 3342 Vitam
3186 3294 3326 3359 legas
3371 3297 3502 3360 apud
3526 3288 3723 3353 Sittium

2210 3370 2334 3410 tum.
2440 3396 2455 3410 .

2210 3370 2334 3413 tum.
2372 3370 2455 3411 Vl.

2278 3438 2300 3465 θ
2331 3428 2561 3481 Achillei.
2596 3427 2636 3478 A
2664 3425 2881 3477 Theona
2924 3424 3276 3479 Alexandrino
3305 3428 3542 3494 episcopo
3568 3431 3647 3485 hic
3678 3434 3722 3485 in

2206 3500 2623 3565 presbyterorum
2654 3507 2925 3565 numerum
2956 3504 3228 3558 cooptatus
3255 3506 3355 3548 est.
3406 3499 3582 3551 Esses.
3633 3514 3717 3561 vti,

2204 3562 2290 3615 37.
2318 3561 2386 3603 -ὲ
2406 3566 2523 3615 l’osl
2553 3562 2760 3615 Petrum
2790 3561 2953 3615 factus
2978 3572 3056 3614 est
3085 3565 3193 3629 ipse
3218 3567 3494 3632 episcopus
3518 3569 3723 3620 Αιεηιισ

2205 3633 2351 3684 ὼιω.
2379 3633 2459 3684 Ab
2483 3634 2579 3682 hoc
2603 3632 2755 3683 Arius
2782 3631 2982 3683 veniam
3009 3631 3294 3696 impetravit
3316 3643 3368 3686 et
3399 3631 3588 3687 rursum
3611 3638 3723 3688 dra-

2206 3702 2322 3752 coni
2353 3700 2641 3752 ministcrio
2670 3699 2809 3773 fungi
2844 3702 3141 3773 permissus,
3175 3712 3349 3766 postea
3380 3703 3427 3753 iu
3472 3708 3727 3773 presbyte-

2208 3783 2379 3821 rorum
2429 3783 2637 3835 quoque
2662 3768 2895 3835 ordinem
2924 3776 3005 3819 est
3050 3769 3268 3829 electus,
3316 3774 3527 3824 Νιειιρη.
3554 3768 3656 3834 vui,
3675 3776 3723 3828 Ξ.

2205 3868 2276 3878 -
2301 3826 2527 3891 Achillas
2660 3826 2815 3888 P'etro
2842 3843 2962 3887 ante
2988 3851 3175 3887 annum
3216 3826 3316 3889 312
3345 3856 3445 3890 non
3468 3826 3724 3894 successit.

2207 3905 2447 3958 Testatur
2476 3907 2611 3957 enim
2642 3900 2877 3957 Gelasius
2905 3903 3187 3969 Cyzicenus
3216 3908 3306 3958 lib.
3342 3922 3391 3959 ιι
3430 3907 3558 3960 Hist.
3586 3924 3723 3964 conc.

2206 3972 2399 4026 Nion-ni
2436 3988 2567 4043 cap.
2623 3972 2709 4034 ll,
2758 3971 3061 4043 postyl’etri
3116 3975 3416 4043 martyrium
3465 3978 3725 4030 Ecclesiae:

2214 4042 2621 4094 AIeXandrinam
2674 4041 2988 4092 remansisse
3040 4041 3262 4103 viduam
3307 4060 3498 4097 annum
3550 4062 3727 4105 unum.

2208 4123 2373 4174 eoque
2401 4118 2663 4161 transacto
2716 4109 2767 4179 in
2819 4112 2943 4161 sede
2984 4108 3156 4179 hujus,
3181 4115 3427 4179 martyris
3455 4116 3726 4167 ordinatum

2210 4192 2328 4231 esse
2379 4177 2770 4249 Achillatn,_qui
2814 4190 2930 4249 cum
2977 4178 3239 4231 mensibus
3283 4177 3480 4232 tantum
3523 4185 3729 4249 quinque

2211 4246 2603 4317 Supervixisset,
2624 4244 2969 4317 Alexandrum
2988 4260 3342 4317 successorem
3360 4244 3557 4302 habuit.
3574 4244 3729 4317 Quare

2208 4329 2324 4367 cum
2354 4316 2471 4367 anni
2514 4316 2608 4369 5H
2633 4315 2717 4384 die
2757 4328 2861 4365 xxv
2891 4315 3018 4366 Nov.
3050 4318 3105 4368 8.
3136 4313 3321 4369 Petrus
3349 4334 3442 4384 pro
3475 4313 3729 4374 tideoccu-

2211 4384 2398 4447 buerit,
2416 4399 2516 4437 non
2548 4394 2667 4435 ante
2689 4381 2843 4435 finem
2860 4385 3226 4450 consequentis
3252 4381 3481 4441 Achillas
3505 4389 3728 4442 Ecclesia

2209 4452 2579 4505 Alexandrina:
2631 4452 2971 4518 principatum
3028 4454 3287 4517 suscepit,
3342 4469 3441 4505 nec
3484 4468 3600 4509 ante
3648 4473 3727 4508 an-

2138 4550 2188 4609 D
2212 4518 2463 4609 1‘9.'_'_'_5..‘§
2484 4522 2776 4609 “3?.”de
2794 4518 3284 4609 θίέίξῖῗ...δ.¹1⁰ἓὲἰὲἷὲ;
3312 4521 3463 4609 9e"?
3505 4525 3727 4609 “3"?”

2211 4600 2354 4642 retus
2383 4590 2475 4642 lib.
2508 4603 2545 4651 ι,
2571 4603 2689 4654 cap.
2714 4588 2798 4652 11,
2824 4587 3075 4657 Achillam
3102 4589 3289 4655 exiguo
3318 4599 3547 4657 tempore
3569 4593 3731 4646 Eccle-

2216 4658 2347 4710 siam
2384 4660 2704 4726 gubernasse
2731 4656 2954 4726 scribit,
3004 4664 3057 4710 et
3099 4657 3351 4711 Eusebius
3398 4656 3450 4712 in
3490 4660 3731 4713 Chronico

2215 4724 2431 4791 prtefat'o
2464 4740 2601 4796 anno
2631 4724 2831 4796 initium
2877 4726 3156 4796 Alexandri
3205 4728 3443 4780 collocat.
3492 4730 3730 4796 Nicepho-

2214 4809 2302 4847 rus
2324 4795 2947 4861 Constantinopolitanus,
2984 4802 3042 4861 et
3065 4794 3409 4861 Theophanes
3440 4799 3489 4849 in
3532 4794 3731 4850 Tabulis

2205 4878 2394 4915 annum
2444 4879 2605 4917 unum
2662 4860 2874 4914 Achilla:
2928 4860 3325 4931 tribuunt;’qui
3367 4864 3431 4917 ad
3474 4869 3731 4918 veritatem

2207 4934 2443 4998 proprius
2488 4933 2772 4984 accessisse
2813 4930 3052 4982 videntur
3094 4946 3250 4997 quam
3304 4931 3575 4993 Gelasius.
3624 4949 3730 4986 cum

2212 5014 2348 5051 anno
2404 5000 2523 5062 511,
2579 5012 2759 5052 mense
2808 5000 2959 5063 Nom,
3004 4998 3189 5052 Petrus
3213 5000 3423 5063 obierit,
3465 5016 3599 5054 anno
3620 5003 3731 5059 3B.

2210 5069 2348 5120 circa
2402 5081 2629 5120 mensem
2678 5068 2829 5130 Nov.,
2881 5066 3114 5120 Achillas
3139 5070 3407 5122 ordinatus
3448 5070 3619 5132 fuerit,
3648 5086 3734 5123 nec

2211 5146 2333 5189 ante
2364 5151 2433 5188 vn
2460 5135 2596 5188 diem
2622 5136 2751 5189 Nov.
2774 5137 3035 5202 sequentis
3051 5139 3171 5189 anui
3188 5137 3568 5204 decesserinsi
3588 5137 3733 5191 hodie

2214 5205 2330 5271 ejus
2357 5206 2466 5257 dies
2495 5207 2678 5258 natalis
2710 5213 2849 5257 recte
2876 5205 3189 5259 celebretur.

2281 5277 2305 5323 Δι
2339 5273 2640 5325 Herculani.
2668 5274 2762 5344 llic
2788 5276 3134 5344 ex_monacho
3162 5274 3326 5331 factus
3342 5285 3422 5331 est
3436 5278 3731 5344 episcopus:

2210 5342 2336 5413 Cum
2368 5352 2537 5393 autem
2571 5343 2779 5413 Perusia
2801 5356 2838 5413 a_
2861 5342 3040 5395 'l‘ntilte
3066 5347 3227 5413 copiis
3255 5342 3554 5413 expugnata
3580 5354 3731 5405 esset,

2209 5412 2391 5481 'l‘otil:_e
2420 5413 2627 5463 decreto
2655 5411 2946 5465 llerculano
2985 5411 3308 5481 prius‘caput
3337 5411 3620 5467 abscissum
3639 5422 3733 5473 est.

2210 5478 2401 5531 deinde
2458 5490 2620 5532 totum
2667 5494 2855 5546 corpus
2897 5478 3241 5534 excoriatum.
3295 5482 3462 5537 Casa.
3506 5483 3733 5537 bluam.

2213 5549 2305 5619 lib.
2334 5563 2388 5619 ιιι
2415 5546 2569 5619 Dial.,
2598 5563 2646 5602 c.
2675 5547 2757 5601 15.
2790 5549 3069 5617 l’roeopius
3110 5551 3375 5603 Perusiam
3397 5560 3732 5619 expugnatar-

2208 5618 2399 5689 scribit
2434 5618 2630 5689 inlih.
2677 5632 2729 5667 Ill
2768 5632 2908 5689 anno
2966 5620 3029 5673 ιι
3067 5619 3185 5673 belli
3241 5619 3465 5688 Gothici,
3497 5618 3583 5689 qui
3610 5632 3735 5677 anno

2209 5686 2402 5761 Christi
2430 5684 2529 5741 549
2556 5686 2854 5756 respondet.

2630 5912 2659 5919 -.
