3898 6310
196 431 357 488 ίῦθἹ

1336 434 1529 489 sscr.
1568 433 1631 486 ιι.
1670 461 1737 471 -
1773 412 2319 484 ιιΑιιτγιιοωοιΑ.

3267 427 3400 480 1098

1460 540 1679 593 sumo
1714 519 2166 592 COLONIENSIS’.

206 648 479 701 Achilleae
500 648 765 721 episcopi,
797 645 1112 709 eruditione,
1144 646 1265 709 ﬁde,
1292 648 1689 700 conversatione
1712 658 1761 699 et
1785 630 1832 682 Α
1860 650 1980 694 rnut
2008 642 2071 694 ad
2100 643 2253 695 Iidem
2282 640 2492 693 Christi.
2544 641 2666 695 Post
2699 641 2811 694 dies
2848 652 3019 695 autem
3050 644 3391 713 quadraginta

207 738 463 789 moribus
492 737 726 804 insignis.
760 736 886 788 Item
917 735 1047 801 apud
1076 735 1375 789 Perusinam
1409 735 1565 787 Italia:
1586 736 1763 787 urbem

212 828 404 877 sancti
456 826 749 879 llerculiani
793 826 1045 891 episcopi,
1090 836 1140 877 et
1174 826 1334 877 sancti
1366 825 1649 885 Amaranti,
1678 826 1765 891 qui

206 916 364 981 apud
415 916 712 968 Albiensem
758 914 937 967 urbem
984 915 1343 983 martyrizatus
1373 923 1471 966 est.
1501 912 1766 977 Depositio

204 1002 559 1055 Willibrordi
590 1004 841 1070 episcripi,
878 1004 944 1056 de
982 1014 1135 1070 gente
1180 1004 1487 1072 Anglorum.
1520 1003 1615 1055 viri
1634 1018 1764 1055 san-

210 1094 471 1158 ctissimi,
513 1102 565 1145 et
610 1094 976 1146 miraculorum
1018 1096 1180 1160 gratia
1224 1094 1499 1147 admodum
1530 1094 1762 1160 insignis,

207 1181 309 1246 qui
336 1195 367 1231 a
401 1180 581 1248 Sergio
608 1195 737 1247 papa
764 1180 942 1233 Roma.-
960 1181 1238 1234 ordinatus
1267 1190 1366 1244 est,
1398 1192 1449 1234 et
1478 1182 1527 1233 in
1549 1180 1766 1233 Germa-

212 1268 367 1319 niam
398 1266 459 1319 ad
492 1267 871 1334 prmdicandum
898 1267 1209 1332 destinatus,
1238 1268 1535 1335 ibidemque
1564 1268 1767 1335 requie-

212 1353 317 1406 vit.
354 1355 480 1407 Item
509 1354 672 1407 sancti
700 1354 813 1407 Ruﬁ
838 1354 1082 1408 Metensis
1106 1356 1334 1422 episcopi
1355 1364 1407 1408 et
1430 1341 1761 1417 confessoris,

204 1440 314 1505 qui
348 1440 624 1491 translatus
651 1452 729 1491 est
758 1456 787 1491 a
819 1441 1059 1505 praedicta
1086 1441 1228 1502 urbe,
1255 1443 1611 1494 consentiente
1635 1440 1766 1491 Dro-

211 1544 362 1594 gone
401 1529 654 1593 praesule,
697 1530 747 1580 in
776 1529 1192 1582 Vormatienscm
1240 1544 1453 1597 pagum,
1505 1529 1555 1581 in
1589 1530 1763 1582 villam

204 1633 341 1685 qua:
373 1625 584 1671 vocatur
618 1618 916 1671 Oternbeim
939 1661 952 1683 ,
996 1618 1317 1684 temporibus
1362 1618 1553 1671 Lotarii
1598 1618 1765 1683 impe-

215 1708 437 1769 ratoris,
469 1714 524 1758 et
554 1706 800 1757 Ludovici
834 1708 1001 1774 regis;
1052 1707 1139 1759 ubi
1181 1708 1335 1759 etiam
1382 1707 1629 1759 sanctitas
1648 1706 1766 1771 ejus

219 1794 406 1845 multis
451 1792 723 1845 virtutibus
770 1792 971 1846 claruit.
1020 1794 1073 1845 In
1122 1794 1294 1846 Africa
1343 1794 1513 1846 natale
1558 1792 1763 1861 Rogati,

212 1880 436 1932 Domni.

228 1958 231 1961 ’
294 1966 358 2018 D.
388 1966 445 2017 Vl
478 1966 593 2019 lous
630 1966 864 2021 Novus.
910 1996 978 2007 --
1024 1966 1206 2020 Romae
1253 1966 1424 2021 natale
1465 1975 1759 2020 sanctorum

212 2048 538 2123 martyrum,
563 2056 782 2121 Claudii,
807 2058 1105 2121 Nicostrati,
1129 2058 1516 2126 Symphoriani,
1541 2056 1759 2111 Castorii

210 2153 273 2197 et
314 2146 607 2212 Simplicii,
655 2146 743 2214 qui
788 2155 1020 2215 tempore
1056 2146 1361 2200 Diocletiani
1406 2146 1620 2210 Augusti
1670 2160 1760 2211 pro

210 2233 415 2286 Christi
446 2234 655 2286 nomine
682 2234 819 2299 passi
851 2244 989 2297 sunt,
1028 2248 1093 2286 eo
1117 2232 1255 2299 quod
1288 2232 1483 2285 nollent
1509 2232 1634 2283 deos
1664 2246 1757 2297 pa-

212 2336 471 2388 ganorum
503 2322 693 2374 colere.
710 2322 837 2374 Nam
858 2335 977 2373 cum
998 2330 1173 2374 essent
1193 2320 1417 2386 insignes
1437 2319 1681 2383 artiﬁces,
1708 2327 1761 2371 et

215 2410 274 2461 in
307 2409 562 2475 lapidibus
591 2410 896 2462 marmoreis
926 2408 1172 2475 imagines
1200 2406 1435 2471 sculpere
1463 2420 1618 2473 super
1646 2420 1759 2456 omo

214 2514 321 2550 nes
349 2499 573 2552 artiﬁces
611 2501 781 2567 regios
818 2507 1067 2560 nossent,
1105 2506 1160 2551 et
1200 2498 1329 2550 artis
1366 2510 1547 2550 eorum
1580 2496 1757 2561 peritia

218 2587 447 2639 multum
492 2586 789 2652 imperatori
836 2577 1132 2653 placuisset,
1183 2595 1353 2637 tamen
1398 2584 1759 2636 accusantibus

219 2690 318 2727 eos
353 2674 693 2740 pliilosOphis,
723 2688 786 2725 eo
812 2674 946 2740 quod
978 2674 1133 2725 falsos
1170 2672 1297 2724 deos
1327 2672 1544 2724 adorare
1576 2685 1759 2721 renue-

218 2774 365 2823 rant,
388 2765 540 2829 jussit
562 2777 651 2815 eos
678 2762 1021 2815 Diocletianus
1050 2762 1232 2814 loculis
1258 2762 1510 2827 plumbeis
1533 2761 1758 2811 inclusos

220 2862 411 2899 omnes
440 2848 761 2914 prtecipitare
784 2848 833 2899 in
865 2847 1094 2900 fluvium.
1129 2848 1315 2901 Passus
1336 2857 1414 2900 est
1441 2855 1611 2898 autem
1640 2860 1756 2897 cum

215 2938 305 2991 eis
326 2948 377 2991 et
396 2938 721 3003 Simplicius,
758 2952 908 3004 quem
938 2950 965 2988 a
999 2937 1297 3004 gentilitatis
1342 2937 1441 2989 ritu
1482 2944 1755 2989 converte-

1865 731 2012 789 duos,
2048 731 2186 781 venit
2207 730 2415 797 quidam
2443 730 2745 783 Nicodemus
2770 732 3110 795 Christianus,
3135 744 3187 787 et
3212 735 3403 789 levavit

1865 832 1980 869 cum
2014 818 2137 883 ipsis
2162 818 2343 869 loculis
2371 832 2585 883 corpora
2617 829 2920 888 martyrum,
2963 831 3016 874 et
3043 823 3092 874 in
3124 825 3281 879 domo
3309 842 3401 877 sua

1865 912 2149 965 honoriﬁce
2180 914 2365 979 posuit.
2416 913 2557 964 Passi
2604 924 2723 965 sunt
2752 925 2924 967 autem
2958 928 3110 977 sexta
3152 918 3266 970 ldus
3298 919 3401 970 Nu-

1864 1000 2115 1052 vembris.
2144 1000 2259 1067 Ipso
2288 1000 2371 1050 die
2400 999 2567 1051 natale
2596 1009 2890 1053 sanctorum
2921 1002 3150 1065 Quatuor
3172 1004 3400 1056 Corona-

1870 1094 2061 1149 torum,
2103 1086 2151 1138 id
2183 1096 2279 1150 est,
2312 1086 2511 1147 Severi,
2540 1086 2805 1139 Severiani
2828 1127 2845 1150 ,
2888 1089 3206 1155 Carpopliori
3234 1101 3285 1144 et
3318 1093 3403 1141 \‘i-

1860 1174 2073 1227 ctorini.
2105 1174 2164 1225 Ili
2193 1189 2310 1226 cum
2342 1176 2723 1239 impellerentur
2762 1178 2825 1228 ad
2863 1178 3255 1230 sacrificandum
3277 1220 3290 1242 ,
3321 1195 3403 1231 re-

1865 1261 2115 1313 luctantes
2134 1300 2148 1321 ,
2180 1274 2277 1314 nec
2304 1263 2515 1314 omnino
2537 1276 2850 1315 consensum
2881 1264 3053 1330 impiis
3085 1266 3398 1330 praebentes,

1866 1349 2201 1413 perstiterunt
2247 1348 2295 1399 in
2343 1348 2461 1399 ﬁde.
2508 1348 2804 1400 Nuntiatum
2856 1361 2933 1403 est
2976 1354 3071 1403 hoc
3100 1353 3399 1418 imperatori

1866 1436 2223 1490 Diocletiano:
2265 1452 2395 1503 quos
2440 1438 2576 1490 illico
2614 1438 2769 1503 jussit
2807 1449 2861 1491 ut
2903 1451 3021 1493 ante
3065 1442 3399 1495 simulacrmn

1868 1525 2089 1589 Asclepii
2132 1526 2315 1577 ictibus
2352 1527 2729 1591 plunibatarum
2759 1530 2877 1580 czesi
2918 1530 3232 1594 deficerent;
3274 1548 3401 1598 quu-

1865 1627 1977 1663 rum
2006 1624 2221 1676 corpora
2246 1613 2399 1678 jussit
2428 1614 2477 1663 in
2505 1614 2669 1676 platea
2700 1616 2913 1667 canibus
2939 1618 3141 1682 jactari,
3173 1633 3285 1685 qua:
3310 1619 3395 1684 ja-

1862 1712 2081 1752 cuerunt
2107 1700 2175 1752 ibi
2212 1700 2394 1753 diebus
2442 1702 2666 1768 quinque
2716 1704 2894 1755 illicsa.
2943 1708 3085 1757 'l‘nnc
3120 1707 3400 1759 Christiani

1862 1802 2139 1854 venerunt,
2170 1802 2222 1847 et
2246 1794 2459 1846 ecllccta
2506 1808 2720 1861 corpora
2767 1796 3103 1861 sepelierunt.
3140 1796 3225 1847 Via
3256 1796 3406 1849 Lavi-

1863 1894 2015 1943 cana,
2047 1882 2291 1933 milliario’
2316 1883 2381 1933 ab
2412 1882 2538 1935 urbe
2567 1886 2740 1946 tertio,
2773 1886 2821 1935 in
2852 1888 3088 1937 arenario
3109 1887 3253 1951 juxta
3284 1901 3404 1939 cur-

1867 1982 1987 2033 pora
2012 1969 2309 2021 sant-torum
2340 1982 2621 2038 martyrum
2650 1970 2871 2034 Claudii,
2903 1974 3213 2036 Nicostrati,
3256 1974 3395 2029 Sini-

1864 2055 2126 2122 phoriani,
2146 2057 2365 2110 Castorii
2387 2068 2437 2110 et
2456 2058 2725 2125 Simplicii.
2749 2061 2869 2113 Post
2887 2062 3016 2113 duos
3041 2070 3211 2116 tamen
3236 2077 3401 2116 annos

1866 2146 2121 2210 passionis
2150 2146 2329 2197 horum
2352 2146 2582 2213 quinque
2607 2156 2911 2215 martyrum,
2931 2164 3050 2201 cum
3077 2150 3283 2203 nomina
3309 2166 3398 2203 eo-

1858 2249 1975 2287 rum
2005 2235 2217 2288 minime
2249 2237 2615 2300 reperirentur,
2655 2238 2837 2288 statuit
2875 2238 3055 2290 beatus
3086 2239 3397 2292 Mclchiades

1856 2322 2132 2387 episcopus
2155 2331 2208 2373 ut
2228 2322 2609 2381 anniversarios
2632 2323 2861 2387 Quatuor
2888 2323 3261 2377 Coronatorum
3284 2326 3395 2379 dies

1861 2409 1959 2461 sub
1984 2409 2283 2463 nominibus
2312 2419 2607 2463 sanctorum
2638 2412 2862 2479 quinque
2892 2422 3172 2482 martyrum
3198 2414 3395 2467 recole»

1862 2505 2023 2549 retur.
2058 2497 2521 2551 Iutercurreutibus
2559 2509 2729 2553 tamen
2758 2502 2926 2565 aunis,
2972 2504 3176 2555 cuidam
3218 2514 3397 2558 sancto

1860 2585 1973 2637 viro
2001 2585 2155 2637 etiam
2206 2588 2417 2638 nomina
2464 2602 2641 2640 eorum
2686 2590 2911 2642 revelata
2948 2600 3086 2642 sunt.
3120 2591 3394 2645 Festivitas

1860 2664 2004 2733 vero,
2032 2681 2086 2723 ut
2114 2670 2281 2725 fuerat
2306 2684 2515 2733 statuta,
2543 2676 2763 2728 celebris
2790 2678 2839 2728 in
2867 2677 3083 2729 aliorum
3109 2687 3389 2747 martyrum

1862 2758 2140 2812 festivitate
2169 2762 2469 2827 permansit,
2500 2777 2561 2816 ac
2590 2765 2731 2817 locus
2757 2765 2985 2829 Quatuor
3023 2768 3392 2820 Coronatorum

1862 2848 2071 2901 nomine
2100 2852 2335 2918 insignis.
2374 2852 2566 2905 Eodem
2595 2854 2678 2906 die
2704 2858 3125 2909 commemoratio
3152 2858 3389 2910 Omnium

1859 2936 2186 2990 Sanctorum.

1421 3042 1645 3095 EDITIO
1684 3041 2169 3096 BOLLANDIANA.

222 3164 277 3229 et
301 3154 539 3229 Belsami.
570 3153 657 3219 A.,
684 3134 802 3221 Ipso
842 3151 925 3206 die
945 3152 1115 3207 natale
1143 3151 1201 3205 S.
1226 3153 1250 3180 ¹
1283 3150 1599 3204 Willibrordi
1624 3164 1750 3204 con-
1778 3148 1821 3206 C
1853 3152 2117 3215 cederent,
2142 3152 2272 3219 jussi
2302 3162 2421 3207 sunt
2452 3155 2500 3206 in
2532 3155 2702 3209 medio
2739 3159 2864 3209 mari
2908 3158 3196 3226 prrecipites
3223 3157 3377 3229 ἀοι-Μ

222 3222 453 3276 fessoris.

296 3313 347 3366 8.
378 3341 447 3352 —
475 3313 535 3365 Vl
566 3312 700 3365 Inus.
733 3313 910 3365 Romae
936 3320 1231 3365 sanctorum
1261 3311 1493 3376 Quatuor
1520 3311 1752 3364 Corona-

224 3409 397 3453 torum
429 3417 441 3451 :
471 3400 693 3464 Claudii,
724 3401 1019 3465 Nicostrati,
1048 3400 1436 3475 Sympboriani,
1464 3400 1682 3452 Castorii
1704 3410 1757 3452 et

222 3489 499 3554 Simplicii.
1100 3480 1103 3481 ν

298 3578 483 3630 Florus
512 3580 561 3629 in
593 3578 653 3631 Τ.
688 3578 916 3644 priorum
944 3577 1154 3630 nomina
1183 3578 1257 3631 sic
1285 3579 1567 3645 interponit
1597 3596 1610 3630 :
1656 3578 1751 3631 Se-

226 3664 359 3726 veri,
406 3650 694 3727 Severiani,
728 3665 1001 3724 Victorini.
1055 3665 1393 3732 Carpophorl,
1427 3678 1479 3719 et
1527 3668 1750 3720 aliorum

230 3752 478 3816 quinque,
504 3750 723 3815 Claudii,
752 3761 875 3814 etc.,
904 3752 1087 3805 deinde
1110 3752 1207 3805 hoc
1231 3754 1453 3821 elogium
1491 3754 1752 3822 subjungit

232 3838 285 3889 in
314 3841 377 3890 Δ.
408 3836 471 3888 Τ.
501 3838 559 3889 L.
579 3852 592 3887 :
614 3836 708 3900 Qui
737 3838 859 3889 dum
887 3850 1105 3905 corpora
1130 3840 1225 3892 SS.
1256 3838 1620 3908 Tranquillini,
1662 3857 1750 3905 pa.

230 3926 327 3975 tris
356 3925 509 3976 Marci
541 3933 592 3975 et
621 3924 930 3975 Marcelliani
952 3963 967 3985 ,
1014 3934 1071 3978 et
1096 3926 1217 3978 lose
1249 3928 1425 3979 uxoris
1466 3926 1751 3979 Nicastrati

237 4024 328 4075 per
352 4024 479 4062 oras
508 4010 728 4067 ﬂuminis
756 4011 984 4063 Tiberini
1018 4013 1359 4078 inquirerent,
1390 4030 1416 4065 a
1448 4024 1753 4083 persecuto-

196 4098 377 4157 ,ribus
409 4098 537 4150 tenti
582 4108 703 4150 sunt
750 4108 803 4151 et
848 4100 913 4151 ad
958 4097 1103 4152 urbis
1153 4102 1462 4167 praefectum
1502 4105 1751 4171 perducti.

236 4182 377 4249 [Erat
424 4195 593 4235 autem
634 4184 789 4249 judex
823 4186 1097 4251 Fabianus,
1137 4189 1221 4254 qui
1265 4204 1357 4241 eos
1396 4191 1630 4243 hortatus
1674 4201 1757 4246 est

235 4272 296 4321 ad
324 4272 751 4334 sacriﬁcandum;
783 4281 836 4324 et
874 4288 962 4339 per
992 4276 1167 4327 decem
1204 4276 1318 4328 dies
1360 4276 1496 4328 misit
1539 4279 1601 4329 ad
1632 4293 1750 4342 eos,

237 4369 286 4411 et
311 4359 576 4413 blanditiis
623 4374 780 4427 agens
810 4363 862 4413 in
904 4362 1045 4414 nullo
1086 4362 1285 4428 penitus
1316 4366 1479 4429 potuit
1520 4383 1750 4429 commu-

242 4462 371 4500 vere.
401 4448 546 4501 Tunc
590 4449 710 4502 fecit
735 4450 798 4500 de
828 4449 906 4501 his
934 4453 1310 4518 suggestionem
1341 4454 1753 4517 imperatoribus

1862 4438 1989 4516 istis_
2004 4453 2180 4493 eorum
2210 4453 2411 4518 quoque
2441 4443 2685 4517 memoria
2720 4444 2910 4507 pariter
2940 4446 3027 4494 fiat
3073 4462 3083 4493 :

244 4534 553 4587 Diocletiano
579 4546 631 4588 et
675 4537 1022 4590 Maximiano:
1055 4541 1138 4605 qui
1166 4540 1435 4606 jusserunt
1473 4558 1561 4595 eos
1607 4548 1757 4596 tertio

240 4624 480 4688 torqueri,
512 4639 732 4692 cumque
759 4626 896 4678 nulla
951 4628 1150 4680 ratione
1185 4631 1450 4682 tormentis
1498 4634 1753 4697 compulsi

1855 3240 2131 3295 immensis
2158 3243 2332 3310 itaque
2352 3244 2532 3297 arctati
2564 3246 2898 3313 ponderibus,
2932 3248 3096 3317 pelagi
3134 3250 3376 3305 fluctibu-

1854 3330 1961 3382 dati
1990 3339 2119 3382 sunt.
2179 3331 2244 3382 Et
2276 3331 2323 3381 in
2372 3332 2485 3383 loco
2528 3334 2720 3384 mundo
2769 3335 2901 3386 inter
2946 3349 3108 3400 aquas
3138 3350 3378 3403 coronam

1857 3418 2090 3486 martyrii
2120 3421 2469 3473 celebrarunt.
2500 3421 2758 3486 Scriptum
2788 3423 2840 3473 in
2869 3422 3041 3475 Gestis
3069 3426 3121 3477 S.
3151 3427 3177 3465 δ
3222 3426 3381 3478 Seba-

1856 3507 2029 3558 stiani.
2080 3508 2445 3561 Verumtamen
2503 3511 2565 3562 Α.
2610 3511 2659 3560 in
2708 3504 2976 3576 principio,
3019 3514 3379 3563 contractius:

1854 3595 1949 3657 Qui
2001 3594 2095 3646 sub
2144 3595 2372 3648 Fabiano
2415 3596 2586 3661 judice
2634 3598 2931 3663 jubentibus
2977 3600 3287 3652 Maximiano
3329 3616 3389 3654 et

1860 3682 2174 3733 Diocletiano
2222 3683 2619 3747 imperatoribus
2672 3686 2790 3737 torti
2830 3695 2882 3738 et
2934 3688 2983 3739 in
3039 3687 3169 3740 mari
3224 3686 3382 3741 mersi

1857 3780 1997 3822 sunt.
2054 3769 2135 3833 L.,
2189 3773 2519 3833 contractius,
2551 3772 2600 3825 in
2653 3774 2823 3826 medio
2875 3776 2987 3827 loco
3036 3778 3179 3828 uncis
3223 3776 3380 3829 inctu‘

1856 3873 2033 3911 sorum
2060 3876 2071 3909 :
2102 3858 2197 3923 Qui
2245 3860 2394 3911 tertio
2424 3860 2563 3922 torti,
2596 3876 2712 3913 cum
2739 3866 2974 3929 superari
3018 3879 3119 3915 non
3152 3874 3383 3931 possent.

1859 3945 2143 4007 immensis,
2173 3956 2273 3998 etc.

1926 4030 2262 4099 Subjungitur
2292 4034 2340 4083 in
2373 4037 2433 4086 Α.
2464 4052 2477 4085 :
2510 4037 2739 4099 Quatuor
2760 4037 3135 4090 Coronatorum
3167 4039 3377 4093 nomina

1856 4107 1975 4168 sunt
2005 4100 2154 4148 haec:
2206 4112 2226 4137 ο
2278 4101 2519 4164 Severus,
2571 4104 2904 4167 Severianus,
2964 4106 3283 4168 Vicmrinus,
3326 4122 3382 4161 et

1856 4166 2219 4237 Carpophorus
2246 4183 2260 4219 :
2296 4184 2512 4232 quorum
2542 4172 2652 4222 dies
2682 4174 2865 4222 natalis
2894 4166 2985 4237 per
3016 4166 3386 4227 incuriam'ne-

1852 4237 2070 4299 glectus,
2104 4236 2313 4287 minime
2343 4238 2557 4302 reperiri
2591 4248 2787 4302 poterat
2832 4256 2843 4289 :
2878 4236 2995 4292 ideo
3024 4250 3269 4294 statutum
3301 4254 3385 4296 est

1856 4304 2009 4375 ut_in
2060 4317 2236 4375 eorum
2284 4306 2524 4375 ecclesia,
2571 4308 2753 4357 horum
2805 4310 3029 4375 quinque
3078 4322 3379 4363 sanctorum

1856 4369 1941 4441 qui
1974 4374 2022 4422 in
2066 4372 2221 4421 missa
2256 4372 2532 4423 recitantur
2578 4376 2761 4426 natalis
2805 4369 3116 4441 celebretur,
3165 4388 3219 4429 ut
3262 4394 3381 4431 cum

3134 4446 3223 4496 sed
3271 4448 3384 4497 haec

1860 4505 2062 4568 mutila,
2093 4516 2144 4555 et
2186 4504 2421 4567 confusa,
2452 4510 2584 4559 sicut
2632 4504 2861 4571 apparet,
2894 4525 2993 4562 non
3028 4511 3276 4563 audemus
3318 4530 3380 4565 ex

1861 4573 2010 4623 unius
2036 4588 2131 4625 ms.
2166 4572 2263 4621 [ide
2293 4576 2576 4627 attribuere
2605 4576 2773 4628 Floro.
2810 4578 2865 4627 Β.
2884 4615 2899 4637 .
2927 4578 2980 4629 In
3008 4578 3177 4630 Africa
3207 4583 3378 4632 natale

1860 4637 1954 4691 SS.
1990 4639 2165 4701 Primi,
2196 4640 2459 4704 Macltaiii,
2489 4643 2643 4706 Justi,
2670 4646 2908 4695 Amandi.

1580 4738 1775 4792 SMlTIl
1817 4742 2033 4799 NOTAE.

243 4835 707 4957 ωιιῑέγὲιιὶὸνονόἱ.
755 4836 829 4889 De
871 4837 968 4890 hoc
1006 4837 1119 4891 vide
1158 4851 1309 4904 supra
1351 4838 1481 4891 Hist.
1518 4842 1655 4921 Eccl.
1700 4862 1747 4908 γ,

305 4938 319 4961 ,
351 4904 431 4954 Η.
1624 4915 1629 4921 ’

306 4977 332 5016 δ
360 4970 659 5041 Sebastiani.
709 4971 809 5023 Sed
842 4972 891 5022 lii
939 4971 1127 5041 diversi
1170 4981 1291 5025 sunt
1330 4975 1394 5026 ab
1442 4976 1502 5026 iis
1531 4990 1749 5041 quorum

242 5039 461 5111 martyrii
510 5039 682 5111 series_
717 5040 1047 5111 narratur__in
1096 5042 1235 5093 Actis
1274 5039 1563 5095 Sebastiani
1616 5050 1751 5111 apud

246 5104 533 5173 Bollaudum
566 5119 632 5155 xx
660 5104 885 5157 Januarii
916 5107 1087 5163 editis,
1134 5118 1187 5159 et
1213 5111 1296 5173 qui
1327 5122 1478 5171 snpra
1510 5104 1753 5165 coluntur

244 5188 309 5223 vii
336 5174 475 5224 Julii.
505 5172 804 5235 Simplicius
832 5172 967 5224 enim
1011 5175 1188 5225 nullibi
1232 5172 1489 5239 reperitur
1519 5180 1566 5227 in
1611 5184 1751 5231 Actis

246 5240 546 5311 sebastiani,
594 5242 889 5311 et__diversa
921 5244 1046 5291 Acta
1095 5257 1141 5291 in
1174 5243 1411 5294 omnibus
1440 5245 1746 5311 Martyrolo-

245 5309 332 5372 giis
361 5308 617 5377 leguntur.
652 5307 708 5358 Hi
742 5310 1092 5377 enimbmnes
1120 5321 1266 5360 erant
1287 5314 1509 5377 insignes
1529 5307 1584 5363 in
1608 5330 1747 5366 mar-

249 5375 465 5425 tnoribus
492 5377 788 5438 sculpendis
816 5375 1061 5436 artifices,
1110 5389 1160 5428 et
1190 5375 1602 5443 Symphorianus
1647 5398 1750 5433 eo—

248 5456 349 5491 rum
377 5450 487 5492 erat
519 5443 785 5508 magister.
815 5451 868 5493 et
893 5457 955 5493 eo
979 5444 1115 5507 quod
1145 5446 1335 5508 tingere
1359 5448 1509 5497 deum
1560 5448 1747 5501 discu-

247 5508 426 5573 Iapium
455 5518 507 5558 et
548 5506 704 5579 falsos
730 5506 1115 5579 deosadorare
1160 5506 1454 5574 retulerant,
1488 5516 1655 5579 primo
1696 5520 1745 5569 in

246 5588 495 5650 carcerem
524 5577 685 5650 missi,
704 5642 716 5650 ι
731 5576 928 5650 deinde
948 5578 1308 5650 scorpionibus
1331 5576 1501 5650 caasi,‘
1522 5587 1747 5650 denique

249 5645 294 5695 tn
340 5656 481 5696 mare
512 5642 800 5710 precipites
824 5645 931 5696 dati
960 5642 1100 5697 sunt.
1145 5647 1243 5698 Sed
1283 5648 1527 5703 Claudius
1568 5660 1619 5703 et
1660 5642 1745 5704 Ni-

658 5732 915 5791 Ρηιοι..
948 5734 1149 5795 XCIV.

1859 4865 2116 4930 castratos
2151 4859 2235 4924 qui
2266 4873 2335 4930 vn_
2357 4858 2476 4930 .Inlii
2504 4858 2762 4930 coluntur,
2790 4859 2998 4914 fuerunt
3027 4863 3378 4930 primiscrinii.

1858 4924 2273 4997 Castoriiis_erat
2320 4927 2612 4997 Nicostrati,
2640 4927 2818 4993 frater,
2868 4939 2921 4981 et
2962 4924 3378 4997 Sy'mphorianus

1856 4992 2051 5062 Claudii
2080 4992 2233 5051 ﬁlius,
2266 5006 2361 5044 nec
2387 4995 2678 5062 Simplicius
2708 4992 2824 5048 cum
2852 5000 2927 5049 eis
2954 4992 3135 5062 passus
3158 5008 3258 5060 est,
3283 5005 3376 5052 sed

1862 5058 2177 5132 Victorinus.
2210 5062 2350 5111 l‘etr.
2383 5061 2642 5132 depNﬂtal.
2674 5065 2897 5116 artiﬁces
2925 5058 3020 5115 h'os
3063 5067 3197 5132 apud
3240 5058 3373 5120 Pan-

1858 5127 2066 5175 noniam
2117 5140 2294 5190 passos
2340 5130 2540 5191 sci-ibit,
2574 5131 2657 5181 alii
2686 5145 3033 5185 vero~0uines
3059 5127 3151 5187 eos
3198 5134 3373 5188 Rome

1859 5192 2158 5257 martyrium
2191 5194 2553 5259 adimplevisse
2582 5206 2853 5249 testantur.

1926 5262 1947 5288 ο
1979 5260 2207 5333 Severus.
2245 5263 2347 5313 llos
2393 5266 2687 5333 sacriﬁcare
2739 5274 2983 5333 negantes
3027 5268 3371 5321 Diocletianus

1856 5325 2172 5398 illico_jussit
2214 5340 2269 5379 ut
2307 5344 2427 5385 ante
2472 5325 2830 5383 simulacrumv
2852 5337 3132 5398 [Esculttpli
3185 5336 3368 5387 ietibus

1855 5394 2231 5465 plumbatarum
2272 5399 2386 5449 caesi
2418 5398 2728 5465 deﬁcerent;
2758 5416 2972 5465 quorum
3003 5394 3213 5453 collecta
3256 5417 3374 5457 coro

1855 5463 2233 5538 poransepulta
2280 5477 2397 5517 sunt
2447 5469 2526 5516 via
2572 5463 2843 5538 lauicana
2874 5472 2923 5519 in
2947 5472 3185 5538 arenario
3222 5470 3369 5538 juxta

1852 5526 2140 5603 Claudium,
2176 5531 2545 5603 Nicostratum,
2571 5533 3026 5601 Symphorianum,
3056 5526 3369 5603 Castoriuui,

1854 5596 2200 5663 Simplicium.
2233 5602 2359 5651 Atio.

2886 5752 2959 5810 35
