3898 6348
277 413 416 472 ιιοο

1361 415 1544 470 εεςτ.
1587 410 1649 466 ll.
1691 444 1757 453 —
1793 410 2344 467 hIARTYROLOGiA.

3305 405 3440 461 1110

1489 485 1710 559 eom'o
1745 501 2200 556 COLONIENSIS.

271 601 327 652 In
373 600 671 653 Sardiniam
715 600 1032 667 deportatur,
1071 597 1241 664 ibique
1283 597 1498 648 fustibus
1538 606 1808 654 mactatus,
1841 597 1889 650 Α
1986 591 2042 642 ι).
2088 590 2126 641 Χ
2167 589 2296 641 Κιι..
2341 587 2568 640 Decsua.
2610 585 2789 638 Natale
2828 592 3017 636 sancta:
3055 581 3258 635 Ceciliae
3287 581 3442 650 virgi-

271 689 590 755 martyrinm
615 687 1010 738 consummavit.
1033 685 1232 749 Corpus
1255 683 1366 748 ejus
1387 697 1412 733 a
1437 682 1660 734 Fabiano
1687 696 1811 746 papa

271 776 498 825 relatum
520 815 534 839 ,
566 783 720 838 atque
762 775 808 826 in
855 773 1153 825 cmmetv'rio
1181 770 1376 823 Callisti
1421 769 1682 832 sepultum
1712 777 1810 819 est.

272 863 426 912 Sedit
457 863 508 914 in
538 863 835 928 episcopatu
869 874 1031 910 annos
1069 873 1286 920 novem,
1333 868 1538 906 menses
1568 856 1812 919 quinque,

271 949 393 998 dies
421 950 571 1000 tlllOS.
623 949 765 1012 Apnd
807 946 1033 997 Siciliam
1065 940 1320 996 civitatem
1366 943 1654 1001 Mesanam,
1700 954 1816 990 san-

272 1046 484 1086 ctorum
522 1035 713 1098 Ampeli
757 1045 804 1084 et
837 1033 982 1100 (iugi.
1037 1033 1184 1096 Apud
1225 1030 1540 1080 Cabilloncm
1582 1028 1814 1081 Silvestri

277 1123 542 1187 episcopi.
595 1121 647 1172 In
696 1122 938 1172 Heraclea
989 1119 1147 1177 Bassi,
1199 1118 1447 1182 Dionysii,
1498 1117 1721 1182 Agapiti,
1767 1116 1838 1166 et‘

273 1211 506 1261 aliorum
536 1209 890 1273 quadraginta.

353 1298 414 1348 (Ζ.
458 1297 524 1349 XI
563 1297 690 1348 Kac.
737 1297 966 1347 Ducena.
1014 1293 1192 1346 Natale
1238 1292 1372 1343 beati
1423 1291 1565 1352 ltutl,
1607 1288 1672 1341 de
1717 1302 1816 1354 quo

279 1384 471 1437 beatus
505 1386 688 1436 Paulus
717 1384 983 1448 apostolus
1011 1382 1073 1431 ad
1112 1381 1371 1431 Romanos
1412 1378 1590 1429 scribit
1621 1394 1631 1427 :
1666 1375 1818 1429 Salu-

282 1483 389 1523 tate
439 1473 619 1539 Rufum
667 1476 904 1532 e’ectum,
935 1481 977 1519 rt
1007 1477 1210 1518 matrem
1243 1471 1350 1532 ejus
1390 1475 1432 1515 et
1466 1480 1643 1514 meam.
1691 1463 1816 1514 ltem

283 1559 464 1609 natale
494 1558 658 1608 sancti
707 1557 860 1606 Mauri
896 1554 1154 1621 martyris,
1187 1552 1269 1617 qui
1319 1552 1382 1601 ab
1429 1549 1641 1600 infantia
1671 1550 1818 1601 Chri-

282 1646 642 1709 saianustuit,
671 1643 995 1694 orationibus
1023 1651 1072 1690 et
1112 1639 1322 1705 jejuniis
1353 1651 1573 1698 vacans;
1607 1640 1690 1702 qui
1723 1636 1818 1688 sub

283 1734 605 1787 Numeriano
646 1736 955 1800 imperatore
985 1741 1034 1784 et
1061 1731 1302 1783 Celerino
1330 1730 1574 1795 prwfccto
1603 1730 1820 1783 diversis

286 1824 464 1888 pretiis
491 1827 809 1887 maceratus,
846 1822 941 1872 hoc
971 1830 1049 1872 est
1069 1859 1082 1880 ,
1119 1822 1336 1882 primum
1367 1820 1584 1871 fustibus
1615 1818 1820 1870 nodosis

1915 678 2016 739 nis,
2053 677 2206 728 Marci
2272 675 2504 735 Aurelii,
2538 682 2588 725 et
2615 671 2883 724 Commodi
2916 672 3278 735 imperatorum
3312 678 3442 720 tein-

1917 763 2151 828 poribus,
2178 774 2292 828 quar
2320 772 2564 826 sponsum
2595 772 2742 809 suum
2770 756 3092 807 Valerianum
3112 794 3126 818 ,
3152 765 3204 807 et
3233 755 3439 806 fratrem

1914 851 2024 918 cjns
2052 848 2359 910 Tiburtium,
2390 849 2452 899 ad
2482 846 2792 901 credendum
2821 844 3021 897 Chris:o
3054 844 3349 909 perdocuit.
3381 858 3440 894 ac

1915 923 2101 994 deinde
2127 941 2188 992 ad
2219 939 2522 1006 martyrium
2567 937 2815 990 incitavit.
2855 934 2995 985 Hanc
3024 932 3320 983 Almachius
3352 947 3441 993 ur-

1917 1032 1994 1083 bis
2021 1030 2294 1096 prwfectns
2326 1035 2439 1092 post
2479 1012 2779 1093 martyrium
2809 1038 2988 1076 eorum
3020 1021 3180 1073 teneri
3208 1018 3323 1071 fecit
3349 1058 3361 1076 .
3395 1031 3447 1068 et

1917 1129 1970 1170 ut
2015 1117 2162 1168 thura
2210 1115 2530 1168 daemonibus
2576 1121 2810 1178 poneret,
2852 1109 3061 1172 impelli.
3112 1107 3445 1172 Apparitures

1915 1223 2036 1260 vero
2065 1208 2389 1260 attendentes
2415 1204 2653 1257 decorem
2683 1210 2736 1254 et
2766 1198 3088 1266 prudentiam
3118 1197 3245 1263 ejus,
3291 1209 3442 1260 roga-

1916 1302 2034 1354 bant
2062 1315 2173 1352 eam
2217 1315 2280 1352 ne
2310 1298 2410 1351 tale
2447 1298 2604 1349 derus
2641 1295 2921 1346 omitteret.
2966 1290 3031 1343 At
3061 1290 3142 1342 illa
3171 1288 3442 1341 consilium

1917 1387 2117 1455 pietatis
2141 1386 2216 1441 eis
2243 1386 2555 1438 sufficienter
2585 1381 2872 1441 insinuans,
2895 1392 3010 1430 cum
3037 1378 3101 1428 ad
3128 1375 3444 1431 credendum

1917 1480 2120 1531 Christo
2150 1483 2414 1546 permotos
2442 1483 2714 1537 cerneret,
2746 1473 2869 1525 dicit
2897 1472 2973 1524 eis
3005 1489 3016 1522 :
3049 1469 3119 1522 Ite
3140 1510 3152 1527 .
3184 1469 3339 1522 dicite
3369 1470 3447 1519 in-

1920 1567 2050 1617 felici
2082 1565 2349 1617 Almacbio
2379 1562 2513 1628 quod
2545 1574 2640 1627 ego
2667 1559 2898 1613 inducias
2937 1567 3074 1625 peto,
3105 1567 3155 1608 et
3195 1555 3324 1607 intra
3354 1555 3447 1606 do-

1918 1670 2056 1707 mum
2088 1669 2253 1706 meam
2279 1652 2459 1705 faciam
2483 1652 2659 1704 venire
2680 1651 2764 1710 qui
2789 1664 2876 1700 vos
2897 1662 3077 1700 omnes
3101 1648 3216 1698 vita:
3238 1655 3446 1697 tolerate

1920 1740 2073 1793 faciat
2111 1741 2406 1807 participes.
2451 1739 2676 1791 Veniens
2716 1738 2869 1804 igitur
2909 1750 3033 1802 japa
3077 1734 3330 1797 Urbanus,
3361 1733 3450 1786 ba-

1922 1829 2131 1895 ptizavit
2163 1829 2427 1895 plusquam
2451 1827 2851 1893 quadringentos
2879 1823 3152 1890 promiscui
3177 1836 3332 1874 sexus
3358 1820 3450 1872 ho-

281 1926 474 1973 cmsus,
522 1910 707 1962 deinde
749 1909 1025 1975 plumbatis
1063 1911 1258 1970 iussum
1301 1916 1380 1959 est
1430 1907 1662 1958 maxillas
1709 1907 1811 1970 ejus

1925 1918 2105 1968 mines.
2140 1915 2324 1966 ltermn
2353 1914 2650 1966 Almachius
2680 1915 2879 1965 beatam
2906 1911 3163 1964 Caeciliam
3193 1909 3287 1962 sibi
3319 1923 3450 1974 pra:-

281 2000 567 2062 contundi;
604 2008 776 2064 postea
807 1998 856 2047 in
885 1997 1105 2061 equuleo
1135 1993 1407 2071 suspendi,
1435 2002 1587 2057 atque
1614 1993 1819 2057 ungulis

284 2091 421 2153 radi,
452 2098 503 2141 et
533 2089 792 2154 lampades
833 2086 1073 2139 ardentes
1122 2085 1368 2136 lateribus
1404 2086 1516 2150 ejus
1554 2082 1819 2148 applicari,

282 2179 350 2231 ad
381 2188 668 2231 extremum
698 2191 823 2228 vero
848 2184 1003 2241 caput
1034 2175 1144 2240 ejus
1182 2171 1459 2237 amputari.
1503 2171 1661 2237 Cujus
1701 2183 1815 2222 cor-

288 2281 388 2332 pus
417 2275 566 2317 nocte
593 2251 761 2315 nauta:
785 2263 1010 2314 Africani
1039 2267 1431 2327 cegnoscentes,
1454 2272 1518 2310 ex
1543 2273 1631 2308 sua
1659 2258 1818 2322 patria

277 2364 481 2414 ortum,
527 2358 832 2418 rapuerunt,
863 2359 915 2403 et
959 2350 1225 2400 volventes
1271 2361 1386 2399 eum
1437 2344 1820 2397 linteaminibus

285 2440 516 2501 mundis,
541 2453 657 2490 cum
687 2437 1006 2504 aromatibus
1037 2443 1318 2503 posuerunt
1345 2435 1393 2484 in
1426 2431 1819 2499 sarcophagum,

284 2530 715 2593 scripseruntqne
754 2521 1013 2591 ad‘caput
1054 2525 1207 2591 ejus:
1241 2523 1331 2575 Dei
1376 2531 1426 2575 et
1464 2521 1654 2574 Christi
1697 2520 1817 2574 Jesu

287 2618 509 2667 tau-olus
539 2615 761 2678 Maurus,
793 2614 894 2666 hoc
920 2614 1162 2665 smculum
1194 2627 1284 2678 pro
1311 2610 1504 2663 Christi
1535 2611 1634 2663 fide
1663 2609 1820 2662 relin-

287 2718 473 2770 quens,
507 2704 658 2754 vitam
689 2712 932 2754 aeternam
969 2700 1261 2767 acquisivit.
1307 2699 1569 2750 Celerinus
1599 2711 1819 2764 namque

291 2795 582 2858 prtefecms,
616 2803 796 2843 nautas
832 2790 988 2857 jussit
1025 2789 1424 2857 comprehendi;
1457 2798 1507 2841 at
1535 2790 1604 2841 illi
1635 2803 1818 2842 omnes

291 2880 548 2946 fugerunt.
581 2877 721 2932 Tunc
749 2879 900 2946 jussit
923 2893 1127 2941 navem,
1158 2878 1209 2930 in
1236 2892 1333 2944 qua
1365 2878 1604 2946 martyris
1632 2892 1819 2945 corpus

290 2980 405 3018 erat
425 3006 442 3029 ,
472 2969 745 3021 sarmentis
772 2969 1004 3033 impleri,
1037 2977 1088 3019 et
1115 2967 1230 3034 igne
1253 2968 1541 3032 supposito,
1569 2967 1619 3018 in
1651 2969 1817 3020 medio

290 3055 426 3106 mari
465 3055 732 3116 comburi;
772 3055 863 3106 sed
907 3054 1223 3120 gubernante
1262 3055 1496 3118 Domino,
1541 3067 1817 3123 martyrem

288 3151 439 3191 Suum
459 3178 473 3200 ,
503 3140 586 3192 ubi
618 3140 792 3202 voluit,
821 3140 885 3191 ad
916 3152 1116 3207 portum
1145 3139 1326 3193 salutis
1355 3140 1612 3205 perduxit.

1919 2001 2110 2054 sentari
2139 2001 2308 2066 jussit.
2353 2001 2414 2053 Et
2439 2017 2552 2052 cum
2584 2000 2981 2067 insuperabilem
3011 2014 3122 2052 eam
3168 1999 3216 2049 in
3245 1999 3446 2050 c0nfes~

1918 2091 2062 2144 sione
2105 2089 2223 2142 fidei
2267 2103 2570 2154 permanere
2599 2087 2818 2150 videret,
2862 2086 3006 2153 jubet
3040 2094 3096 2137 ut
3137 2084 3200 2136 ad
3239 2084 3447 2137 domum

1920 2195 2063 2234 suam
2097 2179 2394 2241 duceretur,
2433 2185 2486 2231 et
2525 2177 2594 2229 ibi
2627 2177 2844 2230 flammis
2881 2174 3205 2228 balnearibus
3235 2186 3449 2226 concre-

1923 2276 2172 2318 maretur.
2208 2263 2301 2316 Ubi
2333 2265 2526 2316 inclusa
2558 2262 2641 2315 die
2682 2263 2881 2330 integro
2916 2270 2967 2314 et
3008 2270 3177 2326 nocte,
3221 2260 3364 2326 quasi
3398 2262 3446 2310 in

1920 2353 2034 2405 loco
2074 2352 2256 2419 frigido
2288 2351 2483 2419 integra
2525 2351 2748 2418 perstitit
2794 2349 3029 2410 Sanitate,
3078 2363 3193 2401 cum
3242 2362 3446 2410 semper

1920 2442 2155 2496 incendia
2199 2442 2349 2510 lignis
2393 2442 2652 2506 congestis
2700 2441 3135 2492 min’straren'nr.
3181 2437 3325 2503 Quod
3355 2453 3447 2490 am

1919 2529 2069 2583 diens
2113 2529 2616 2590 Almacl.ios,,misit
2656 2529 2740 2594 qui
2784 2541 2895 2580 eam
2940 2527 3209 2580 decollaret
3244 2543 3256 2578 :
3299 2541 3447 2586 quini

1919 2618 2198 2684 spiculator
2229 2617 2380 2667 tertio
2407 2616 2508 2666 ictu
2537 2615 2806 2681 percussit,
2836 2614 2924 2666 sed
2955 2623 3106 2675 caput
3129 2614 3240 2675 ejus
3267 2627 3444 2677 ampu-

1919 2712 2028 2754 tare
2056 2717 2154 2754 non
2186 2703 2382 2767 potuit,
2421 2701 2700 2768 supervixit
2726 2708 2897 2751 autem
2929 2699 3116 2752 triduo.
3148 2698 3291 2752 Tunc
3319 2714 3442 2751 sai:-

1919 2799 2031 2842 ctus
2061 2789 2296 2842 Urbanus
2335 2803 2521 2855 corpus
2560 2775 2680 2854 ejus
2717 2785 2957 2839 auferens
3003 2795 3171 2850 nocte,
3213 2786 3449 2853 sepelivit

1921 2893 2034 2930 eam
2065 2879 2198 2930 inter
2225 2887 2449 2936 co:te;as
2481 2892 2602 2929 suos
2633 2876 2923 2944 episcopos.
2975 2877 3098 2929 llem
3126 2885 3313 2929 sanetae
3346 2875 3448 2927 Me-

1919 2967 2166 3020 derasma:
2195 2967 2425 3034 virginis.

1991 3058 2048 3108 E.
2093 3057 2158 3108 IX
2187 3057 2312 3109 liae.
2348 3038 2577 3108 Ducena.
2619 3056 2795 3109 Natale
2822 3055 2981 3108 sancti
3011 3053 3311 3105 Clementis.
3352 3051 3443 3104 llic

1921 3159 2132 3214 quartus
2161 3156 2276 3213 post
2307 3145 2512 3201 Petrum
2545 3148 2720 3198 ltomte
2749 3146 3020 3212 episcopus
3057 3141 3321 3196 ordinatus
3344 3151 3441 3193 est.

1180 3293 1182 3296 ν
1501 3226 1722 3278 EDITIO
1764 3228 2249 3288 BOLLANMANA.

285 3313 489 3385 Ampeti
517 3312 910 3385 et_G:_Iii._B.__Y.
942 3312 1026 3385 C.,
1059 3312 1117 3385 l_n_
1139 3310 1336 3385 Eraelia
1366 3311 1531 3385 Bassi,
1563 3313 1809 3385 Dionysii,
1843 3321 1885 3380 (ς
1920 3323 2146 3374 tumbani
2177 3322 2393 3372 abbatis.
2427 3322 2490 3373 Τ.
2519 3322 2630 3384 ejus
2659 3321 2878 3372 natalem
2912 3321 3076 3385 primo
3118 3319 3231 3371 loCo
3259 3318 3435 3372 refert.

281 3379 510 3434 Orionis.
546 3381 602 3432 ν.
631 3380 711 3441 C.,
736 3381 787 3432 In
813 3381 1048 3441 lliSpania
1075 3380 1275 3432 Maximi
1302 3381 1603 3448 presbyteri.
1638 3379 1705 3432 A.‘
1725 3383 1808 3442 T.,

287 3451 517 3500 Eraclcze
547 3451 710 3500 natale
755 3448 852 3501 SS.
884 3448 1027 3514 Gagii
1075 3456 1127 3499 et
1159 3448 1404 3513 Dionysii.
1453 3449 1539 3509 'l‘.,
1571 3448 1730 3500 Bassii
1759 3458 1812 3500 et

283 3515 493 3567 Classii.
544 3518 606 3567 A.
643 3517 699 3568 L.
721 3554 735 3576 ,
763 3517 815 3567 In
848 3515 1084 3578 Hispania
1132 3515 1386 3578 depositio
1431 3517 1484 3567 S.
1515 3526 1537 3550 ιλ
1569 3517 1811 3582 Οτίερίιιὶ.

283 3583 374 3642 T.,
405 3585 458 3634 In
498 3584 672 3636 Sicilia
721 3583 887 3645 passio
932 3583 990 3634 S.
1021 3583 1259 3647 Ampelii.
1313 3582 1393 3646 Β..
1446 3583 1496 3633 In
1542 3584 1812 3636 Antiochia

285 3652 457 3701 natale
485 3650 576 3700 SS.
601 3649 771 3717 Basilii
803 3662 853 3701 et
875 3649 1118 3717 DlOltySii.
1142 3649 1382 3700 Taurinis
1410 3650 1615 3704 civitate
1643 3654 1812 3704 natale

283 3717 385 3771 SS.
416 3718 442 3755 ιι
472 3719 644 3769 Octavi
667 3757 680 3778 ,
709 3712 963 3770 Solutoris
993 3712 1046 3770 et
1072 3717 1420 3770 Adveutoris._

353 3825 440 3878 si.
471 3855 535 3865 —
566 3826 629 3878 XI
663 3805 791 3879 κη.
824 3825 988 3881 Vacat
1013 3825 1182 3880 Bzeda.

360 3934 453 3984 D.:
488 3934 621 3994 Rufi,
652 3949 803 3998 quem
846 3935 1126 3990 Apostolus
1170 3933 1232 3983 ad
1277 3933 1536 3983 Romanos
1581 3933 1813 3986 scribens

287 4013 310 4041 ε
344 4003 549 4053 salutat.
579 4002 638 4054 C.
675 4003 756 4063 V.,
790 4001 840 4052 In
870 4001 1142 4053 Antiochia
1177 4000 1355 4051 Basilei
1387 4011 1432 4051 et
1468 4002 1688 4060 Auxilii,
1717 4004 1810 4052 Sa-

283 4071 497 4131 turnini,
528 4068 715 4128 Carali,
753 4070 971 4135 Eutycii.
1021 4069 1103 4132 8.,
1135 4069 1184 4118 ln
1217 4068 1481 4119 Antiochia
1516 4069 1681 4119 natale
1710 4069 1803 4120 SS.

285 4137 496 4206 Basilici,
532 4137 695 4189 ΛυχΗί
725 4136 840 4206 ιγ.,
872 4135 1074 4206 Auxii],
1109 4136 1341 4206 Matrnni.
1398 4137 1457 4186 Et
1481 4136 1596 4206 alibi
1644 4137 1810 4188 natale

265 4204 382 4258 -SS.
414 4205 655 4257 Demetrii
681 4245 693 4263 ,
722 4202 1002 4268 Quintiani,
1026 4202 1282 4257 _Sisinnii.
1337 4209 1396 4254 Α.
1426 4206 1486 4256 'l‘.
1515 4202 1596 4264 L.,
1629 4206 1807 4255 Atilio—

281 4274 420 4324 chite
447 4272 612 4323 natale
635 4283 926 4322 sanctorum
957 4272 1138 4324 Basilei
1163 4283 1213 4323 et
1233 4271 1510 4322 Saturnini.
1544 4273 1594 4322 In
1621 4272 1806 4324 llistria

281 4339 491 4393 civitate
521 4341 688 4393 natale
717 4341 770 4394 ὃ.
804 4339 830 4377 d
861 4339 1022 4392 Mauri
1054 4341 1310 4406 martyris.
1344 4339 1432 4401 L.,
1468 4339 1527 4390 Ei.
1550 4339 1607 4391 S.
1639 4343 1660 4369 ο
1701 4342 1804 4391 Co-

1918 3391 2071 3441 Addit
2103 3387 2158 3442 L.
2187 3407 2197 3438 :
2234 3389 2355 3440 item
2389 3389 2722 3441 Prtcsentatio
2752 3389 2912 3440 beata:
2941 3389 3111 3440 Maria
3141 3387 3370 3453 vi'ginis.

1983 3474 2068 3527 2‘2.
2101 3505 2163 3515 ——
2193 3474 2234 3526 Χ
2259 3475 2388 3527 ΚΑι..
2419 3475 2594 3527 Natale
2621 3475 2674 3526 S.
2706 3472 2723 3509 τ
2754 3474 2957 3524 Cecilia:
2995 3473 3204 3552 virginis
3247 3486 3362 3537 quae
3389 3482 3435 3523 et

1917 3577 2160 3630 sponsum
2186 3578 2333 3617 suum
2359 3562 2684 3615 Valerianum
2713 3570 2764 3614 et
2787 3562 2991 3614 fratrem
3014 3560 3124 3626 ejus
3144 3560 3429 3611 Tiburtium

1917 3651 1981 3703 ad
2009 3651 2318 3702 credendum
2365 3650 2575 3703 Christo
2619 3665 2678 3702 ac
2708 3652 3005 3718 martyrium
3055 3647 3356 3715 perdocitit;
3387 3657 3440 3700 et

1920 3737 2027 3801 ipsa
2057 3737 2242 3791 deinde
2290 3741 2659 3805 martyrizavit,
2712 3740 2878 3805 ignem
2923 3739 3130 3804 quidem
3171 3751 3439 3803 superans,

1917 3826 2007 3876 sed
2039 3824 2176 3875 ferro
2203 3825 2370 3876 occisa
2398 3825 2490 3876 sub
2518 3825 2781 3875 Almacbio
2824 3825 2970 3875 Urbis
3002 3822 3260 3889 praefecto.

1987 3916 2047 3964 Λ.
2082 3911 2164 3971 T.,
2199 3912 2502 3963 Alexandria
2537 3913 2705 3963 natale
2733 3912 2823 3964 SS.
2861 3911 3102 3962 Demetrii
3150 3919 3200 3962 et
3232 3909 3432 3962 Felicis.

1917 3979 2207 4046 Suessionis
2253 3981 2505 4040 depositio
2547 3981 2602 4031 S.
2630 3979 2844 4032 Medresi
2872 3994 2930 4031 ite
2977 3979 3209 4046 virginis.
3262 3979 3350 4042 8.,
3385 3979 3437 4030 lo

1914 4044 2235 4109 Cappadocia
2294 4047 2390 4100 SS.
2423 4047 2651 4112 Longini,
2686 4048 2883 4098 Leontii
2928 4059 2974 4098 et
3018 4044 3212 4098 Fausti.
3258 4047 3317 4099 C.
3355 4046 3435 4110 ν..

1916 4115 2139 4166 Maximi.
2168 4115 2277 4173 8.,8
2308 4115 2519 4178 Longini
2550 4114 2636 4178 qui
2663 4115 2797 4167 latus
2849 4114 3048 4166 Domini
3098 4115 3274 4166 lancea
3315 4129 3439 4181 ape-

1917 4192 2038 4250 rot.
2090 4183 2185 4233 M:.
2214 4183 2462 4232 Lzetieuse
2488 4181 2592 4250 phic
2637 4185 2788 4234 habet
2828 4184 3049 4250 elogium
3102 4182 3346 4244 prolixius
3371 4198 3436 4236 ex

1916 4249 2092 4312 Floro,
2115 4250 2248 4318 quod
2280 4251 2394 4301 vide
2425 4249 2552 4302 infra
2578 4266 2624 4302 tv
2653 4251 2823 4303 Nonas
2847 4249 3160 4303 Decembris.

1977 4337 2068 4394 23.
2099 4367 2157 4377 -ο
2195 4338 2261 4391 IX
2293 4336 2421 4391 KAL.
2455 4338 2628 4391 Romm
2674 4339 2838 4391 natale
2883 4337 2939 4392 S.
2963 4337 2990 4374 δι
3019 4337 3294 4392 Clementis
3322 4343 3441 4405 epié

1620 4427 1816 4479 Sill'l‘ll
1859 4423 2077 4478 NUT.’£.

356 4517 380 4544 ⁸
419 4513 654 4577 Crispini.
694 4514 785 4566 ilic
810 4522 861 4566 et
893 4513 1142 4566 Maximus
1176 4512 1358 4566 eodem
1390 4522 1621 4580 tempore
1671 4515 1804 4580 passi
1839 4514 1884 4569 Ι)
1912 4513 2109 4564 abbatis
2139 4512 2388 4577 discipuli.
2419 4513 2512 4578 Qui
2545 4521 2813 4579 pistquain
2857 4514 2907 4565 in
2941 4513 3428 4581 Britanniamtraji-

281 4593 402 4635 sunt
427 4583 566 4644 juxta
599 4583 804 4634 llieron.
837 4582 981 4633 Mart.

354 4650 379 4686 h
419 4649 604 4700 Octavi.
637 4650 707 4701 De
741 4651 949 4700 Octavio
978 4657 1031 4700 et
1050 4648 1204 4700 sociis
1223 4659 1299 4700 cst
1324 4663 1495 4702 sermo
1525 4650 1807 4715 Ambrosii,

280 4725 371 4769 aut
400 4717 453 4770 S.
488 4717 687 4768 Maximi
717 4717 941 4780 episcopi
971 4715 1324 4767 Tanrinensis.

354 4793 377 4820 ε
418 4785 639 4837 Salutat.
671 4784 850 4849 Capite
876 4798 956 4834 xvr
987 4784 1044 4834 ad
1076 4783 1223 4834 Rom.
1265 4784 1410 4836 llnnc
1437 4796 1663 4836 creatum
1695 4800 1809 4836 esse

279 4852 580 4918 episcopum
611 4850 906 4904 Thebanum
940 4851 1092 4902 tradit
1121 4851 1405 4903 Dorotheus
1449 4854 1497 4903 in
1524 4851 1764 4918 SynOpsi.

347 4919 373 4957 ἀ
397 4919 581 4971 Mauri.
612 4921 702 4971 llic
729 4935 792 4972 ex
820 4919 1022 4971 civitate
1049 4919 1266 4970 Castella
1301 4921 1574 4980 provincia:
1622 4924 1698 4971 Af:
1717 4925 1804 4971 ἱιιςιξ

277 4989 548 5045 oriundus,
580 5002 694 5038 cum
725 4997 861 5039 esset
886 5001 1133 5039 annorum
1156 5000 1264 5044 VIII,
1297 4987 1506 5039 Itomatn
1544 4989 1804 5051 profeezus

279 5067 380 5116 εει,
411 5056 490 5105 ubi
518 5057 660 5120 jussu
689 5053 908 5107 Celerini
942 5055 1165 5116 praefecti
1211 5055 1308 5106 sub
1337 5055 1647 5108 Numeriano
1677 5060 1798 5118 imp.

280 5122 496 5175 fustibus
525 5123 756 5183 caiditur,
788 5122 1063 5188 plumbatis
1107 5124 1459 5186 contunditur,
1506 5126 1553 5173 in
1585 5126 1802 5186 equuleo

277 5193 624 5256 suspenditur,
677 5192 879 5258 ungulis
953 5188 1134 5258 ferreis
1184 5189 1458 5251 laceratur,
1520 5193 1800 5242 novis-sinu:

275 5258 450 5322 gladio
479 5261 644 5318 capite
671 5257 948 5309 truncatur.
982 5257 1159 5308 Nautae
1187 5260 1391 5324 quidam
1422 5258 1534 5322 ejus
1561 5262 1798 5310 conci.es

277 5340 465 5391 corpus
484 5328 544 5376 ad
567 5328 705 5379 littus
730 5327 1011 5378 Parentium
1038 5327 1260 5377 civitatis
1291 5326 1567 5392 provincia:
1599 5327 1800 5377 Histria:

277 5393 554 5455 deducunt,
589 5398 671 5446 tibi
702 5397 742 5446 is
772 5407 951 5460 magna
982 5394 1281 5448 celebritate
1308 5395 1378 5446 ttti
1408 5404 1677 5459 patronus,
1711 5398 1802 5445 Ευ-

274 5461 548 5578 (ιὲθδίωψιρ
591 5464 821 5515 tutelaris
863 5463 1050 5513 colitur
1099 5462 1194 5513 hac
1238 5463 1346 5530 ipsa
1391 5464 1493 5514 die.
1546 5462 1706 5514 Ρετιι.
1739 5478 1806 5514 ne

323 5543 475 5578 ATAL.

323 5543 475 5579 ATAL.

349 5599 372 5627 °
410 5596 713 5648 Columbam'.
748 5594 912 5649 Gente
955 5595 1183 5656 Hiberni,
1237 5597 1398 5663 patria
1449 5598 1797 5664 Lageniensis,

274 5662 500 5731 Congalli
534 5665 903 5718 Banchorensis
930 5664 1149 5718 cmnobii
1202 5662 1250 5716 in
1281 5662 1541 5718 Urientrdi
1562 5667 1799 5718 Hibernia

1912 4584 2051 4632 ciens
2082 4582 2145 4632 ibi
2175 4581 2461 4644 aliquandiu
2489 4595 2834 4634 commoratus
2876 4592 3036 4639 esset,
3067 4596 3202 4632 anno
3231 4579 3432 4637 589.1:1

1915 4649 2252 4710 littrgundi-im
2280 4665 2336 4701 se
2363 4652 2594 4708 contulit,
2645 4650 2729 4700 tibi
2769 4650 3062 4700 cientibium
3109 4649 3433 4700 Luxoi-iunse

1912 4719 2077 4781 posuit
2106 4729 2154 4768 et
2180 4718 2498 4782 gubernavit.
2552 4719 2606 4768 Ei
2635 4727 2900 4782 postquam
2945 4731 3105 4766 annos
3157 4715 3319 4768 ferme
3353 4719 3429 4766 τις

1908 4786 2032 4849 ginti
2066 4786 2351 4849 praefuisset
2375 4801 2401 4836 a
2431 4786 2748 4837 Theodorico
2775 4786 3151 4836 AuStrasiormn
3195 4800 3333 4851 rege,
3365 4797 3431 4837 eo

1909 4853 2042 4918 quod
2073 4865 2245 4918 stupra
2273 4854 2382 4918 ejus
2403 4854 2556 4905 solito
2584 4852 2792 4905 liberius
2811 4854 3226 4916 reprehenderet,
3262 4859 3308 4902 in
3335 4866 3431 4905 ex-

1908 4923 2073 4988 silium
2103 4933 2245 4973 actus
2271 4933 2368 4972 est.
2421 4923 2687 4988 Peragrata
2736 4921 2888 4983 igitur
2916 4922 3146 4972 universa
3178 4919 3339 4972 Gallia
3384 4921 3435 4971 itt

1905 4974 2099 5041 italiam
2129 5005 2184 5042 se
2213 4994 2422 5052 recepit,
2455 4974 2641 5040 nhanb
2669 4974 2940 5054 Agilulpho
2973 4988 3273 5053 Longohard
3297 5004 3430 5040 .rutn

1909 5071 2028 5120 rege
2075 5059 2238 5107 locum
2290 5067 2634 5120 Opportunum
2689 5069 2866 5110 nactus
2911 5057 3275 5106 monaStoriinn
3331 5057 3426 5106 fio-

1909 5123 2081 5176 bieuse
2126 5139 2282 5188 prope
2309 5127 2570 5188 Neapolim
2614 5127 2914 5175 Construxit.
2957 5123 3115 5175 Jonas
3147 5125 3430 5174 monachus

1909 5191 2171 5242 Bobiensis
2215 5191 2326 5257 ejus
2357 5192 2518 5243 Vitam
2569 5192 2792 5254 scripsit,
2822 5205 2936 5257 quas
2966 5201 3134 5242 exstat
3162 5194 3292 5255 apud
3325 5190 3430 5242 Μει-

1906 5259 2106 5378 ἱέἰειῗιιη
2147 5275 2264 5376 site.
2310 5275 2344 5313 ll
2383 5266 2493 5312 Aet.
2530 5260 2652 5312 Ben.
2689 5257 2814 5311 Vide
2861 5260 3018 5311 etiam
3060 5273 3246 5325 supra,
3301 5259 3429 5310 llist.

1924 5341 2003 5376 Mc
2030 5365 2067 5378 ..
2101 5344 2152 5378 ιι.
2225 5367 2236 5378 .
2635 5329 2646 5339 ⁸

1924 5328 2067 5384 ἀει..
2101 5344 2152 5386 ιι,
2187 5329 2236 5379 Α.
2635 5329 2646 5339 ⁸

1962 5399 1994 5436 τί
2028 5393 2256 5447 Circilim.
2294 5396 2464 5448 Passrc
2495 5395 2589 5446 sub
2621 5395 2915 5446 Alexandro
2962 5394 3294 5459 imp-ratore,
3328 5410 3430 5447 non

1902 5461 1998 5514 sub
2036 5463 2336 5532 Commodo,
2369 5474 2422 5514 ut
2455 5464 2711 5514 Usuardus
2740 5473 2792 5515 et
2817 5466 2926 5532 Ado
2954 5472 3212 5532 asserunt,
3238 5473 3431 5532 marty-

1905 5533 1981 5581 rio
2010 5529 2143 5580 enim
2175 5542 2415 5582 coronata
2446 5541 2521 5582 est
2564 5540 2797 5595 tempore
2833 5531 3019 5584 Urbani
3054 5545 3226 5594 papas.

1977 5601 2000 5666 ἕ
2031 5597 2257 5666 Longini.
2295 5599 2384 5650 Hic
2413 5609 2462 5649 et
2490 5613 2639 5661 supra
2669 5601 2873 5659 colitur.
2905 5598 2979 5666 157
3001 5599 3190 5651 Martii.

1977 5657 1998 5694 δ
2045 5657 2323 5719 Clementis.
2371 5657 2710 5736 Cltrouoiogia
2758 5657 3100 5723 successionis
3147 5667 3424 5734 primorum
