3898 6356
504 364 631 416 ΗΜ

1228 361 1422 413 DEDIE
1467 358 1905 416 VENERABILIS
1940 358 2087 412 OPP.
2129 358 2296 411 PARS
2337 357 2422 409 iV.
2462 384 2526 395 —-
2569 352 2932 407 ilISTORlCA.

3526 344 3649 399 ιιη

1692 466 1918 521 EDITIO
1933 458 1936 461 λ
1953 464 2413 520 CULONIENSIS.

502 562 595 614 llic
637 570 832 627 septeni
877 562 1112 627 regiones
1154 559 1329 612 divisit
1376 558 1592 613 notariis
1638 557 1899 619 fidelibus,
1944 556 2031 623 qui
2063 563 2106 619 Α
2135 568 2424 607 marmoreo
2454 552 2667 618 tempto,
2700 560 2751 603 et
2776 549 3053 602 ancboram
3086 546 3266 613 juxta,
3302 546 3487 612 talique
3515 558 3644 596 mar-

499 658 643 713 gesta
677 656 956 714 martyrum
1004 646 1223 700 sollicite
1268 646 1641 714 perquirerent.
1674 645 1765 697 Hic
1793 658 1855 697 ex
1897 659 2029 710 pra:—

500 746 650 801 cepto
700 734 834 786 beati
885 734 1004 786 Petr
1040 775 1053 798 ,
1088 733 1335 786 Ecclesia:
1383 733 1612 799 suscepit
1654 730 2029 799 pontificatum.

501 822 660 875 Linus
686 832 735 874 et
764 822 939 875 Cletus
977 821 1093 874 ideo
1122 831 1242 874 ante
1284 836 1403 875 eum
1444 821 1768 881 scribuntur,
1807 818 1928 883 quia
1966 818 2031 869 ab

499 913 611 976 ipso
639 912 867 978 principe
889 911 1240 978 apostolorum
1265 911 1325 963 ad
1350 910 1691 963 ministerium
1712 898 2032 961 sacerdotale

499 1001 730 1067 episcopi
759 1012 880 1055 sunt
905 1001 1148 1053 ordinati.
1188 1000 1287 1065 Qui
1326 998 1543 1067 jubente
1568 998 1814 1062 Trajano,
1845 997 2033 1048 missus

498 1098 581 1142 est
626 1089 676 1141 in
723 1090 966 1141 exsilium
1007 1100 1149 1142 trans
1176 1088 1395 1141 Pontum
1430 1101 1590 1151 mare,
1631 1086 1681 1138 in
1709 1099 1903 1147 eremo,
1947 1084 2033 1136 ubi

504 1178 678 1231 multis
708 1179 769 1229 ad
812 1177 963 1231 fidem
1006 1180 1200 1231 vocatis
1239 1193 1331 1245 per
1370 1177 1614 1230 miracula
1654 1184 1706 1229 et
1746 1174 2033 1228 doctrinam

501 1267 635 1333 ejus,
664 1266 1012 1334 przecipitatus
1040 1277 1119 1320 est
1144 1268 1193 1319 iu
1225 1267 1585 1332 mare,'ligata
1615 1265 1677 1318 ad
1707 1265 1893 1317 collum
1921 1263 2036 1329 ejus

505 1356 769 1420 anchora;
812 1356 902 1409 sed
933 1356 1151 1410 recessu
1180 1371 1323 1408 mare
1352 1356 1620 1408 orantibus
1648 1350 1915 1418 discipulis
1944 1363 2035 1416 per

505 1444 603 1497 tria
632 1446 813 1512 millia,
839 1455 891 1497 et
937 1446 1243 1498 invenerunt
1283 1458 1474 1508 corpus
1514 1443 1563 1493 in
1609 1454 1728 1493 arca
1770 1452 1944 1497 saxea,
1991 1436 2040 1487 in

2135 643 2268 710 tyrio
2299 641 2436 695 Petri
2469 639 2750 703 discipulus
2790 644 3085 689 coronatur.
3118 634 3246 687 Item
3272 635 3435 687 natale
3464 643 3648 686 sancta

2139 729 2417 783 Felicitatis
2464 730 2644 779 matris
2686 732 2884 791 septem
2929 724 3150 775 filiorum
3197 728 3496 787 martyrum.
3543 736 3649 786 qut

2132 818 2343 884 jubente
2369 815 2633 868 Antonino
2660 811 2911 865 decollata
2936 820 3017 864 est
3045 825 3137 877 pro
3158 808 3384 861 Christo.
3412 808 3463 858 ln
3493 807 3647 868 italia,

2137 903 2450 956 monasterio
2483 900 2665 964 Bobio,
2696 899 2955 966 depositio
2980 899 3147 951 sancti
3174 895 3472 949 Columbani
3500 896 3649 946 abba-

2139 992 2224 1054 tis,
2251 991 2337 1056 qui
2376 990 2653 1042 multorum
2682 988 3031 1041 coenobiorum
3060 985 3319 1046 fundator,
3350 995 3396 1037 et
3423 986 3649 1037 innumeo

2140 1078 2373 1130 rabilium
2407 1086 2549 1143 pater
2577 1075 2776 1127 exstitit
2813 1074 3184 1127 monachorum
3207 1113 3221 1136 ,
3254 1071 3527 1135 multisque
3554 1070 3648 1121 vir-

2141 1168 2333 1220 tutibus
2363 1165 2534 1217 clarus
2561 1164 2757 1228 quievit
2798 1162 2847 1214 in
2888 1169 3155 1215 senectute
3190 1159 3345 1211 bona.
3388 1158 3451 1210 Et
3491 1156 3647 1210 sancti

2142 1255 2397 1310 Drudonis
2423 1252 2754 1305 confessoris.

2208 1345 2269 1398 F.
2310 1343 2416 1395 Vlll
2456 1341 2583 1394 Kac.
2629 1341 2857 1392 DECEIB.
2901 1336 3081 1389 Natale
3127 1334 3291 1388 sancti
3335 1333 3507 1400 lgnatii
3551 1333 3651 1399 epi-

2146 1433 2285 1496 scopi
2316 1441 2366 1484 et
2397 1430 2660 1498 martyris,
2682 1428 2768 1495 qui
2798 1425 2979 1479 tertius
3008 1433 3125 1490 post
3154 1425 3353 1477 Petrum
3376 1423 3647 1489 apostolum

1706 1524 1927 1578 EDITIO
1966 1519 2462 1575 BOLLANDIANA.

504 1616 670 1684 scopi,
724 1615 808 1682 qui
853 1614 1067 1682 jubente
1099 1614 1326 1681 Trajano
1373 1614 1561 1665 missus
1589 1622 1671 1666 est
1719 1612 1769 1664 in
1800 1611 2041 1664 exsilium
2077 1613 2117 1669 Β
2146 1606 2315 1659 Fateri
2346 1602 2651 1671 presbyteri.
2705 1601 2770 1653 Et
2799 1599 2919 1654 alibi
2950 1599 3004 1654 S.
3035 1597 3296 1651 Trudonis
3330 1598 3651 1653 confessoris.

507 1717 651 1756 trans
680 1702 898 1755 Pontum
928 1705 1105 1753 maris.
1141 1702 1235 1754 Ubi
1267 1703 1439 1754 multis
1467 1703 1529 1753 ad
1553 1700 1704 1752 fidem
1730 1700 1923 1752 vocatis
1953 1711 2044 1765 per

509 1791 753 1844 miracula
778 1800 827 1843 et
845 1791 1135 1843 doctrinam
1159 1790 1291 1859 ejus,
1320 1791 1670 1856 praecipiamus
1694 1801 1774 1841 est
1800 1790 1853 1840 in
1876 1801 2040 1849 mare,

505 1880 707 1946 alligata
740 1878 803 1930 ad
830 1880 1021 1931 collum
1053 1879 1165 1946 ejus
1204 1880 1452 1932 anchora.
1506 1877 1607 1931 Sed
1638 1878 1854 1931 recessit
1901 1890 2043 1929 mare

504 1967 774 2019 orantibus
800 1967 1066 2033 discipulis
1110 1969 1221 2032 ejus
1253 1983 1342 2033 per
1381 1970 1475 2020 tria
1526 1968 1705 2028 millia,
1752 1977 1801 2019 et
1833 1966 2040 2018 iuvene-

508 2064 627 2109 runt
651 2070 839 2122 corpus
867 2054 981 2122 ejus
1009 2057 1059 2107 in
1086 2071 1205 2107 arca
1230 2071 1383 2108 saxea
1420 2058 1470 2109 in
1502 2058 1694 2123 templo
1719 2070 2030 2115 marmoreo,

506 2155 558 2197 et
583 2144 860 2196 anchoram
886 2146 1051 2211 juxta.
1088 2145 1281 2196 Eodem
1313 2145 1395 2198 die
1426 2146 1479 2199 S.
1517 2146 1794 2198 Felicitatis
1816 2185 1831 2209 ,
1858 2146 2040 2198 matris

505 2243 705 2297 septem
752 2233 974 2286 ﬁliorum
1021 2246 1328 2300 martyrum,
1377 2235 1734 2302 quiejubente
1778 2234 2040 2288 Antonino

505 2324 758 2376 decollata
785 2335 863 2377 est
894 2339 986 2391 pro
1010 2324 1236 2376 Christo.
1529 2380 1532 2382 ν

578 2411 761 2463 Florus
808 2412 856 2463 in
888 2416 948 2463 Α.
978 2413 1039 2464 Τ.
1073 2413 1164 2476 ι..,
1214 2414 1329 2477 ipso
1379 2414 1463 2466 die
1509 2414 1559 2466 in
1589 2430 1717 2481 pago
1766 2415 2039 2469 llasbanize

505 2499 760 2565 depositio
788 2499 845 2553 S.
877 2502 902 2527 ⁸
929 2502 1184 2555 Trudonis
1206 2502 1537 2565 confessoris,
1559 2504 1645 2571 qui
1676 2506 1921 2556 mundum
1951 2507 2041 2558 de-

506 2588 731 2652 Spicieus
759 2589 997 2640 maximis
1019 2590 1202 2641 enituit
1230 2589 1523 2643 virtutibus.

574 2676 657 2737 L.,
706 2676 772 2729 Et
810 2678 866 2729 S.
899 2675 929 2713 ι)
954 2676 1212 2730 Severini.
1250 2678 1310 2729 V.
1342 2678 1424 2737 (3..
1452 2678 1643 2729 Eodem
1675 2680 1758 2730 dic
1787 2680 1954 2729 natale
1987 2679 2043 2731 8.

516 2756 539 2780 ε
589 2745 890 2795 Colutnbatii
942 2748 990 2794 itI
1024 2746 1201 2796 Bubio.
1235 2747 1325 2805 B.,
1356 2744 1410 2796 lu
1441 2747 1579 2798 Italia
1607 2748 1922 2798 monasterio
1952 2747 2045 2798 Bo-

514 2812 604 2864 bio
642 2812 900 2878 depositio
950 2812 1004 2865 S.
1029 2812 1350 2865 Columbani.
1403 2814 1643 2867 Biturica:
1694 2816 1901 2867 civitate
1927 2815 1982 2867 8.
2018 2821 2045 2858 d

2210 1716 2297 1767 24.
2328 1741 2397 1763 -.-
2434 1712 2542 1765 Vill
2571 1710 2701 1764 ΚΑΙ..
2734 1709 2929 1761 Romae
2980 1708 3149 1760 natale
3197 1707 3253 1760 S.
3294 1718 3314 1743 ε
3344 1706 3649 1771 Chrysogoni

2139 1804 2353 1871 qui‘sub
2382 1801 2700 1855 Diocletiano
2742 1797 3052 1860 decollatus,
3099 1798 3395 1865 martyrium
3435 1798 3649 1865 compte-

2141 1896 2230 1945 vit.
2261 1892 2518 1958 Scriptum
2549 1886 2599 1940 in
2629 1887 2878 1939 Passione
2905 1885 2961 1939 8.
2996 1887 3015 1926 ί
3049 1883 3360 1938 Anastasis.

2208 2002 2321 2065 Ipso
2340 1998 2425 2050 die
2450 1995 2619 2049 natale
2641 1994 2697 2049 8.
2718 1990 3085 2054 Crescentiani,
3116 1990 3200 2055 qui
3228 1999 3337 2042 erat
3362 2004 3469 2041 cum
3499 1998 3521 2033 ε
3542 1988 3647 2041 (14:.

2143 2103 2293 2141 sareo
2324 2082 2694 2156 [V.,Cyriaco]
2721 2084 2938 2135 diacono
2961 2089 3012 2133 et
3040 2079 3208 2146 Largo
3234 2091 3285 2131 et
3305 2078 3573 2146 Smaragdo
3599 2080 3646 2133 in

2144 2191 2353 2230 carcere
2380 2175 2477 2227 sub
2504 2172 2859 2241 persecutione
2895 2167 3218 2232 Maximiani,
3264 2166 3350 2220 filii
3374 2167 3646 2221 Maximini:

2146 2245 2201 2318 et
2224 2266 2439 2317 eductus
2460 2261 2673 2327 jubente
2700 2256 2948 2323 Carpasio
2970 2255 3166 2307 vicario
3213 2253 3279 2306 de
3306 2268 3519 2314 carcere,
3544 2269 3651 2315 sus-

2144 2367 2339 2423 pensus
2368 2359 2449 2405 est
2478 2352 2527 2403 in
2558 2350 2859 2416 equuleum,
2884 2354 2937 2398 et
2964 2343 3183 2396 fustibus
3210 2358 3371 2396 caesus
3399 2352 3539 2410 atque
3560 2358 3651 2395 unv

2144 2441 2323 2507 guibus
2352 2452 2520 2499 rasus,
2550 2438 2747 2489 (liuius
2783 2434 2973 2488 deinde
3024 2434 3246 2486 ﬂammis
3291 2433 3477 2484 circum
3503 2432 3649 2483 latera

2144 2531 2255 2597 ejus
2301 2529 2550 2596 appositis
2593 2527 2680 2579 diu
2733 2526 2984 2579 ustulatus
3031 2526 3209 2578 emisit
3259 2522 3505 2589 spiritum,
3548 2532 3648 2575 cta

2146 2619 2343 2671 Joanne
2394 2617 2698 2683 presbytero
2745 2618 2981 2680 sepultus
3007 2624 3085 2667 est
3133 2615 3184 2666 in
3214 2613 3499 2666 cmmeterio
3527 2611 3651 2663 Pris-

2146 2707 2300 2759 cillae.
2333 2704 2448 2772 Ipso
2484 2704 2569 2757 die
2597 2700 2623 2739 1³
2653 2702 2904 2755 Maximus
2952 2701 3217 2754 interfecit
3258 2715 3479 2754 sororem
3516 2714 3651 2752 suam

2154 2793 2169 2830 ί
2201 2794 2544 2847 Arthemiam.
2573 2791 2835 2859 Scriptum
2862 2790 2913 2842 in
2944 2790 3103 2858 gestis
3135 2791 3149 2838 i
3186 2790 3409 2843 Marcelli
3435 2804 3587 2856 μεμε.

1844 2902 2039 2957 SMITII
2082 2902 2305 2956 NOTAE.

507 2988 856 3043 Romanorum
895 2990 1191 3054 pontilicum
1223 2992 1374 3045 valde
1410 2991 1563 3045 dubia
1606 3002 1687 3046 est
1721 2968 1780 3045 iet
1825 2992 2036 3045 incerta.

2147 2991 2322 3057 patris,
2356 2990 2443 3059 qui
2474 2990 2535 3059 ad
2565 2989 2861 3059 sepulcrum
2890 2990 2947 3043 S.
2976 2988 3233 3043 Trudonis
3252 2989 3535 3059 duaspvillas
3561 2999 3653 3043 tra-

506 3058 684 3124 Neque
723 3058 859 3109 enim
889 3060 969 3128 cui
1000 3061 1245 3113 successit
1273 3060 1327 3113 S.
1355 3062 1616 3117 Clemens.
1651 3076 1745 3112 nec
1772 3077 1875 3128 quo
1906 3070 2039 3113 tem-
2065 3066 2110 3125 ο
2145 3060 2287 3111 didit.
2324 3057 2480 3113 Porro
2506 3058 2810 3128 Chlodulfus
2838 3072 2955 3128 Anon
2984 3066 3106 3128 ante
3153 3072 3344 3109 annum
3375 3057 3467 3128 656
3494 3060 3649 3110 sedem

509 3140 636 3191 pore
677 3127 948 3187 successit,
983 3142 1252 3193 possumus
1286 3142 1378 3193 pro
1408 3138 1550 3180 certo
1586 3127 1889 3181 decernere.
1935 3128 2041 3181 Ire-

508 3208 673 3256 na'us,
710 3194 801 3244 lib.
829 3208 904 3257 nr,
942 3208 1057 3257 cap.
1088 3196 1143 3254 5,
1172 3210 1287 3245 eum
1335 3196 1648 3248 successisse
1677 3197 1920 3248 Anacleto
1968 3198 2045 3248 di-

508 3262 613 3317 cit;
643 3261 725 3311 cui
756 3270 806 3311 et
850 3263 1109 3313 consentit
1140 3262 1391 3315 Eusebius
1420 3272 1525 3314 tum
1568 3264 1616 3313 in
1645 3263 1907 3316 Chronico
1938 3273 2044 3317 tum

509 3330 563 3395 in
596 3328 837 3390 Historia,
881 3338 934 3379 ct
974 3329 1248 3381 Eusebium
1299 3338 1586 3395 Sequuntur
1610 3331 1775 3384 Graeci
1826 3347 2041 3395 omnes;

508 3394 674 3446 Latini
717 3396 801 3466 alii
833 3410 949 3447 eum
977 3396 1143 3460 Cleto,
1172 3398 1257 3448 alii
1286 3394 1435 3466 Cleto
1465 3408 1516 3450 et
1540 3400 1788 3451 Anaclelo
1834 3394 2045 3466 postpo-

511 3470 656 3524 nunt,
702 3463 789 3514 alii
822 3478 937 3515 eum
980 3478 1334 3517 successorem
1366 3465 1494 3517 Lino
1522 3467 1804 3531 assignant.
1835 3463 1913 3518 Et
1950 3463 2045 3519 ne-

507 3544 658 3583 cesse
684 3539 763 3583 est
794 3539 847 3581 ut
878 3532 989 3583 hmc
1015 3534 1078 3583 de
1114 3532 1295 3585 ordine
1340 3547 1440 3597 quo
1469 3543 1686 3593 ponatur
1725 3536 1780 3586 8.
1807 3533 2046 3587 Clemens

512 3604 741 3667 varietas
780 3600 1195 3652 incertitudinem
1240 3601 1401 3665 pariat
1438 3601 1503 3651 de
1533 3611 1764 3665 tempore
1793 3617 1894 3667 quo
1928 3617 2046 3654 suc-

510 3666 781 3736 cessitaln
820 3681 875 3719 re
910 3666 1062 3732 igitur
1093 3669 1213 3718 tam
1236 3669 1472 3733 ambigua
1516 3682 1542 3717 τι
1574 3666 1817 3736 Catalogo
1845 3670 2044 3724 Damasi

513 3750 612 3784 rion
670 3735 1036 3805 discedendum
1085 3736 1318 3805 videtur;
1369 3737 1612 3790 Clemens
1660 3739 1854 3805 itaque,
1902 3741 2045 3802 juxta

511 3818 633 3852 eum
659 3802 978 3867 Catalugum,
1012 3819 1146 3853 anno
1169 3803 1229 3853 67
1263 3806 1317 3857 8.
1343 3805 1469 3857 Lino
1498 3802 1766 3866 successit,
1795 3817 1847 3858 ct
1879 3808 2048 3858 Eccle-

512 3871 977 3939 siamguhernavit
1020 3885 1179 3933 usque
1221 3874 1282 3922 ad
1322 3889 1509 3923 annum
1536 3875 1623 3933 77,
1656 3890 1755 3939 quo
1796 3875 2051 3925 abdicavit

531 3936 896 3996 iontificalum,
926 3947 979 3989 ut
1008 3939 1265 4002 colligitur
1309 3956 1371 3991 ex
1404 3936 1707 4004 Epiphanio,
1746 3942 1928 3992 limresi
1958 3941 2043 3993 27.

542 4021 571 4075 _n
623 4005 804 4075 exsilio
852 4009 1153 4075 submersus
1200 4007 1387 4059 dicitur
1440 4022 1574 4059 anno
1619 4010 1768 4060 tertio
1817 4010 2046 4075 Trajnui,

512 4072 705 4123 Christi
735 4075 1041 4126 centesimo.
1074 4074 1265 4126 Tamen
1297 4078 1361 4127 cl.
1393 4076 1707 4137 Dodwellus,
1740 4078 1802 4130 ad
1835 4072 2049 4131 Pearso-

515 4140 586 4211 iiii
621 4141 1015 4195 Ilissertationes
1052 4144 1115 4194 de
1156 4145 1293 4195 serie
1326 4154 1378 4196 et
1412 4146 1738 4197 successione
1769 4146 2048 4211 primorum

518 4210 669 4259 ltum.
694 4211 1071 4275 episcoporum,
1096 4220 1311 4262 conatus
1339 4222 1419 4264 est
1450 4215 1665 4276 probare
1692 4210 1828 4279 quod
1858 4214 1910 4266 8.
1936 4214 2049 4265 Cle-

519 4281 998 4348 niensmariyiinm
1042 4292 1224 4343 passus
1270 4294 1369 4348 non
1400 4282 1486 4342 sit,
1517 4292 1567 4331 et
1595 4284 1729 4345 quod
1778 4282 1826 4332 in
1858 4291 2051 4348 marty-

519 4346 725 4409 rologiis
740 4344 924 4396 dicitur
941 4349 1003 4397 de
1023 4348 1210 4399 exsilio
1232 4347 1343 4414 ejus
1362 4359 1411 4400 et
1429 4344 2045 4412 niurtyrioﬁibulatoruin

2147 3130 2450 3181 Mettensem
2498 3127 2641 3188 iniit;
2712 3126 2888 3179 Trudo
2946 3126 3009 3178 ad
3054 3140 3172 3178 eum
3217 3140 3355 3178 anno
3399 3126 3521 3177 circa
3565 3128 3653 3180 660

2144 3195 2537 3263 quindecennis.
2584 3204 2671 3247 aut
2698 3194 2829 3249 forte
2857 3195 3124 3254 vicennis,
3176 3194 3424 3263 accessit;
3463 3195 3653 3259 proinde

2143 3261 2407 3329 superstes
2438 3263 2530 3314 fuit
2558 3277 2721 3329 usque
2766 3264 2828 3314 ad
2852 3264 3004 3315 tinem
3033 3263 3207 3313 saeculi
3239 3277 3329 3313 vn.
3388 3261 3483 3314 Nec
3507 3266 3655 3315 serius

2144 3333 2341 3385 differri
2369 3339 2540 3399 potest
2566 3330 2676 3395 ejus
2705 3332 2877 3399 obitus
2901 3346 2915 3389 ;
2968 3345 3082 3399 nam
3115 3330 3380 3399 memoriae
3424 3329 3525 3395 i~jus
3548 3343 3654 3383 ante

2146 3399 2347 3466 Pippini
2370 3397 2567 3450 libitum
2590 3397 3145 3466 celebrandiealiquod
3172 3408 3383 3466 tempus
3398 3404 3653 3466 relinquen-

2144 3465 2264 3519 dum
2294 3479 2405 3528 est;
2438 3467 2561 3518 obiit
2589 3476 2760 3518 autem
2793 3465 3036 3533 Pippinus
3080 3480 3166 3516 an.
3194 3465 3314 3516 7H.
3347 3465 3467 3516 Vide
3493 3465 3654 3517 Habil-

2145 3536 2273 3600 lon.,
2304 3550 2425 3587 saec.
2460 3549 2492 3585 ll
2522 3533 2637 3586 Act.
2670 3534 2795 3586 Ben.

2215 3600 2241 3637 δ
2263 3597 2526 3655 Ἑουενίηἰ.
2567 3600 2834 3654 Ferrarius
2858 3604 2907 3653 in
2938 3597 3101 3653 Calai.
3130 3598 3264 3653 Cen.
3291 3611 3340 3651 et
3371 3600 3587 3654 Labbeus
3612 3604 3652 3656 in

2149 3671 2447 3737 Hagiologio
2493 3671 2645 3722 hodie
2688 3671 3038 3723 meminerunt
3092 3669 3335 3720 monachi
3380 3668 3650 3723 Parisieusis

2148 3740 2301 3806 hujus
2333 3738 2582 3789 nominis.

2216 3802 2239 3843 δ
2279 3805 2591 3858 Columbani.
2640 3803 2713 3856 De
2761 3804 2856 3856 hoc
2909 3804 3026 3857 vide
3053 3818 3229 3870 supra,
3280 3819 3328 3856 ιιι
3374 3802 3481 3855 Kal.
3526 3812 3652 3871 liujus

2148 3888 2359 3929 ιηθηειε,
2626 3896 2631 3901 ‘

2216 3942 2240 3977 ά
2285 3941 2474 3993 Fateri.
2509 3941 2560 3993 In
2596 3941 2894 4007 llagiologio
2926 3939 3116 3993 Labbei
3164 3940 3222 3993 S.
3258 3939 3507 3993 Fraterius
3535 3955 3653 4005 pres-

2148 4010 2297 4077 byter
2345 4010 2596 4061 Bituricus
2637 4009 2845 4061 civitate
2893 4009 3006 4077 vico
3055 4008 3377 4077 Carebrivasr
3408 4012 3548 4059 hodie
3573 4011 3654 4060 coli

2148 4075 2358 4130 dicitur.
2391 4077 2454 4128 Et
2483 4078 2531 4128 in
2563 4077 2744 4129 eodem
2774 4086 2915 4128 tonio
2942 4076 3057 4144 ejus
3079 4090 3223 4144 nova;
3255 4075 3587 4134 Bibliotheca',
3614 4096 3654 4140 ιι.

2148 4145 2272 4207 452,
2306 4147 2362 4200 8.
2393 4146 2654 4197 Marianus
2680 4145 2864 4198 dicitur
2899 4142 2995 4195 sui)
3021 4142 3254 4196 Fraterio
3298 4143 3346 4195 in
3374 4148 3658 4197 monasterio

2152 4214 2421 4266 Princizico
2447 4214 2728 4264 monachus
2757 4212 3034 4265 exstitisse.

2225 4284 2246 4309 θ
2285 4280 2607 4349 Chrysoyani.
2641 4280 2735 4334 llic
2766 4280 2820 4334 S.
2852 4280 3173 4334 Anastasiam
3216 4282 3267 4349 in
3302 4283 3401 4335 tidc
3429 4282 3619 4334 iustitiiit
3641 4322 3653 4341 ,

2155 4360 2205 4402 et
2239 4347 2438 4403 duobus
2466 4352 2615 4402 annis
2646 4351 2857 4415 integris
2891 4351 3046 4401 multa
3080 4362 3173 4411 pro
3200 4347 3405 4403 Christo
3432 4361 3656 4401 tormenta

514 4392 781 4483 int-cilium
801 4416 1068 4483 potiussit,
1089 4430 1241 4479 quam
1259 4392 1416 4481 aquod
1450 4418 1547 4468 fide
1564 4392 1819 4470 historica
1834 4420 2043 4469 nitatur.
2078 4392 2129 4447 D
2150 4392 2409 4470 sustinuit.
2442 4418 2567 4469 lluic
2589 4392 2857 4469 Anastasia
2883 4430 3021 4483 saepe
3043 4392 3434 4469 niinistrabaiin
3456 4433 3654 4470 carcere.

587 4484 608 4507 ⁰
644 4478 912 4552 Trudonis.
955 4481 1045 4552 llic
1084 4478 1131 4533 in
1163 4478 1412 4535 tlasbania
1440 4495 1588 4537 natus
1626 4498 1704 4539 cst
1730 4502 1789 4539 ex
1824 4488 2049 4552 parenti-

512 4550 611 4600 bus
637 4548 933 4623 pol-{ilibus2
970 4550 1181 4623 Mortuis
1212 4555 1505 4623 parentibus
1547 4556 1673 4606 adiit
1702 4548 1913 4608 consilio
1945 4556 2047 4608 lte-

515 4617 688 4690 niaclii
810 4617 1154 4690 Clodulphum
1184 4620 1481 4686 episcopum
1531 4622 1843 4684 Metenscm;
1878 4625 2049 4690 ibique

514 4685 760 4750 quidquid
814 4687 861 4737 iu
900 4686 1153 4738 llasbania
1204 4690 1493 4753 patrimonii
1544 4692 1765 4743 habebat
1808 4685 2048 4745 Ecclesiae

516 4753 750 4825 ittetensi
774 4754 826 4805 in
855 4754 1101 4807 honorem
1134 4758 1190 4809 S.
1216 4760 1460 4821 Stephani
1495 4762 1787 4824 resiguavit.
1820 4762 2050 4825 Cumque

516 4819 836 4897 Clodulphus
864 4819 1335 4897 eunrsacerdotem
1376 4819 1688 4889 ordiiiasset,
1718 4838 1768 4880 et
1798 4819 2048 4887 moribus.

515 4888 804 4967 eruditione
851 4901 904 4967 et
953 4892 1139 4967 pietate
1182 4894 1431 4967 idoneum
1483 4898 1679 4949 videret
1726 4899 1788 4947 ad
1838 4899 2049 4967 verbum

516 4957 719 5028 Domini
765 4960 1147 5025 seminandum,
1181 4962 1230 5014 in
1269 4970 1485 5027 patriam
1525 4982 1641 5017 eum
1684 4966 1916 5028 remittit,
1966 4968 2049 5017 ubi

519 5025 769 5103 templum
816 5031 1116 5103 construxit
1248 5025 1503 5103 g‘eiitilitio
1543 5049 1665 5100 agro
1710 5037 1759 5085 in
1803 5025 2049 5085 honorem

516 5094 850 5166 SxQuintini
883 5106 936 5150 et
972 5097 1189 5166 lietnigii
1235 5094 1459 5165 e'piscopi
1505 5094 1838 5155 ad'ltivulum
1889 5103 2052 5154 Cisin-

517 5160 681 5241 driam
738 5166 811 5241 i_n_
844 5165 962 5218 loco
1007 5160 1147 5241 quod
1190 5160 1759 5241 γοὲθιυίξθτοιιιίιιηι.
1825 5171 2054 5237 Cumque

518 5232 1057 5305 niultiadolescentes
1090 5238 1137 5288 in
1169 5238 1279 5301 ejus
1314 5238 1705 5290 contubernium
1742 5241 1898 5305 recipi
1932 5232 2055 5291 con-

516 5302 1061 5373 tendebaii_t,_eorum
1108 5321 1259 5357 causa
1308 5316 1674 5359 meiiasterium
1724 5302 2051 5373 magnificum

515 5371 824 5441 construxit.
845 5370 1081 5423 Condidit
1109 5385 1159 5426 et
1184 5376 1319 5426 aliud
1350 5378 1716 5427 monasterium
1750 5370 1881 5441 quod
1909 5380 2056 5441 vulgo

517 5440 574 5488 S.
600 5437 855 5510 Trudonis
883 5441 1167 5505 appellatur
1191 5484 1203 5503 ,
1234 5445 1507 5510 medioque
1554 5437 1791 5495 niilliario
1819 5437 2053 5496 dissilui"

517 5515 593 5554 est
634 5520 669 5581 al
692 5506 870 5581 Drusis
902 5510 1155 5581 blandi-ire
1183 5506 1626 5576 civitateCColligi
1664 5524 1829 5579 potest
1858 5524 2057 5577 tempus

523 5576 703 5624 mortis
724 5576 780 5651 S.
804 5576 1080 5651 Trudonis,
1107 5591 1211 5630 tum
1236 5596 1295 5632 ex
1328 5584 1621 5651 pontificatu
1645 5576 1896 5633 Chlodulli
1932 5582 2054 5651 Μυιέ

521 5652 678 5694 tensis
705 5646 956 5711 episcopi,
992 5656 1095 5700 tum
1127 5663 1187 5701 ex
1220 5650 1360 5703 obitu
1402 5649 1601 5717 Pippiai
1632 5652 1805 5706 Caroli
1836 5650 2054 5707 Martel'li

2149 4489 2275 4539 Cum
2303 4498 2476 4537 autem
2520 4484 2574 4536 S.
2598 4487 2961 4552 Chrysogonus
3005 4483 3177 4546 capite
3222 4500 3384 4539 caesus
3424 4498 3528 4545 est,
3559 4488 3657 4550 ejus

2149 4569 2334 4618 corpus
2367 4555 2415 4604 in
2449 4569 2590 4604 mare
2620 4556 2901 4619 projecnnu
2934 4563 3049 4614 est;
3098 4554 3188 4603 sed
3223 4566 3396 4620 postea
3424 4556 3658 4606 inventum

2152 4632 2230 4675 est
2259 4640 2285 4674 a
2316 4624 2535 4688 quodam
2563 4621 2707 4673 Zoilo
2731 4621 3052 4689 presbytero.
3105 4620 3233 4676 Vide
3258 4622 3424 4676 Vitam
3467 4625 3519 4677 S.
3545 4629 3661 4675 Αιιις

2149 4694 2321 4744 stasiie
2346 4690 2476 4756 apud
2504 4690 2708 4742 Suriqu
2726 4729 2740 4752 ,
2772 4688 2895 4743 tum.
2916 4688 2997 4740 Vl.

2226 4759 2243 4796 ί
2290 4760 2583 4811 Anastaaite.
2624 4760 2745 4822 Qllil'
2769 4759 2897 4810 intra
2928 4760 3137 4820 colitur,
3167 4760 3237 4814 25
3269 4760 3354 4813 die
3385 4760 3633 4813 Decembr.

2222 4832 2245 4866 ὅ
2286 4828 2526 4880 Cwsarco.
2572 4826 2745 4879 P0tius
2779 4826 3015 4892 Cyriaco.
3066 4826 3139 4880 De
3193 4832 3290 4880 hoc
3337 4840 3390 4881 et
3429 4830 3579 4895 Largo
3617 4836 3661 4881 et

2152 4897 2443 4962 Smaragdo
2464 4896 2580 4947 vide
2610 4896 2673 4946 ib“
2704 4896 2870 4946 Martii
2899 4904 2950 4945 et
2977 4895 3008 4946 8
3040 4897 3278 4963 Augusti.

2224 4966 2247 4999 ιι
2291 4966 2561 5016 Maximus.
2610 4963 2949 5014 Maximianus
2996 4966 3208 5026 rectius,
3254 4964 3340 5031 qui
3387 4963 3661 5017 Diocletiani

2154 5035 2329 5097 ﬁliam,
2366 5035 2609 5085 Arteniite
2634 5045 2889 5088 sororem.
2922 5046 3135 5083 uxmem
3163 5033 3427 5085 habuerat.

2230 5110 2240 5145 ί
2268 5103 2589 5154 ,ιὶιδινιιριηὶηιη
2614 5100 2879 5151 Ferrarius
2902 5102 2949 5149 in
2972 5102 3199 5165 generali
3218 5102 3457 5163 Citalogo
3480 5109 3661 5150 sancto~

2157 5188 2265 5222 rum
2294 5172 2474 5223 scribit
2498 5170 2709 5232 iiAug.
2736 5170 2833 5220 coli
2857 5168 3032 5220 Nomm
3057 5169 3107 5220 in
3133 5170 3362 5222 Ecclesia
3384 5170 3437 5221 S.
3456 5167 3664 5219 Szlvestri

2156 5242 2210 5292 S.
2239 5246 2268 5291 Α
2282 5242 2551 5291 rtliemiam
2572 5243 2817 5301 Virginem
2836 5247 2887 5288 et
2902 5250 3201 5305 martyrem,
3216 5248 3403 5288 caetera
3423 5241 3601 5295 latere,
3621 5238 3662 5286 iu

2158 5311 2325 5359 indice
2356 5307 2586 5371 Catalogi
2638 5308 2735 5358 SS.
2770 5306 2944 5366 Italiae,
2992 5304 3147 5357 tradit
3192 5304 3489 5356 Diocletiani
3530 5307 3663 5355 filiam

2159 5378 2346 5436 fuisse;
2378 5377 2476 5428 ciili
2510 5390 2594 5425 vni
2620 5376 2773 5439 Aug.,
2804 5388 2989 5438 corpus
3038 5376 3086 5425 in
3118 5374 3345 5426 Ecclesia
3374 5374 3429 5425 8.
3455 5374 3664 5424 Silvestri

2158 5461 2372 5497 servari.
2412 5444 2524 5495 Alia
2553 5436 2913 5509 Martyrologia
2965 5442 3023 5495 l6
3050 5446 3180 5509 Aug.
3227 5457 3347 5494 cum
3392 5455 3549 5494 matre
3578 5442 3664 5493 Se.
3704 5436 3714 5469 "

2162 5529 2283 5565 retia
2311 5528 2423 5562 eam
2455 5513 2702 5564 referunt.

2232 5584 2244 5629 i
2298 5580 2542 5631 Marcelli.
2582 5580 2709 5633 Viile
2734 5579 2845 5648 ejus
2875 5583 2999 5633 Acta
3023 5579 3156 5647 apud
3186 5578 3438 5645 Bolland.,
3463 5588 3513 5633 et
3536 5589 3665 5644 sape.

2161 5652 2282 5719 rius,
2320 5650 2383 5705 lt)
2414 5650 2645 5717 Augusti.
