  <div class='ocr_page' id='page_1' title='image "/cluster/home/n/w/nwhite01/storage/ocr_20150623/94/uva.x000827077/564.png"; bbox 0 0 3898 6328; ppageno 0'>
   <div class='ocr_carea' id='block_1_1' title="bbox 212 370 362 429">
    <p class='ocr_par' dir='ltr' id='par_1_1' title="bbox 212 370 362 429">
     <span class='ocr_line' id='line_1_1' title="bbox 212 370 362 429; baseline 0.033 -6"><span class='ocrx_word' id='word_1_1' title='bbox 212 370 362 429; x_wconf 71' lang='grc'><strong>1113</strong></span> 
     </span>
    </p>
   </div>
   <div class='ocr_carea' id='block_1_2' title="bbox 1265 381 2246 439">
    <p class='ocr_par' dir='ltr' id='par_1_2' title="bbox 1265 381 2246 439">
     <span class='ocr_line' id='line_1_2' title="bbox 1265 381 2246 439; baseline 0.002 -2"><span class='ocrx_word' id='word_1_2' title='bbox 1265 381 1447 437; x_wconf 73' lang='grc' dir='ltr'><strong>δεοτ.</strong></span> <span class='ocrx_word' id='word_1_3' title='bbox 1489 384 1554 436; x_wconf 86' lang='grc'><strong>11.</strong></span> <span class='ocrx_word' id='word_1_4' title='bbox 1595 412 1659 420; x_wconf 92' lang='grc'><strong><em>-</em></strong></span> <span class='ocrx_word' id='word_1_5' title='bbox 1699 383 2246 439; x_wconf 75' lang='lat' dir='ltr'><strong>MARTYllOLOGlA.</strong></span> 
     </span>
    </p>
   </div>
   <div class='ocr_carea' id='block_1_3' title="bbox 3241 388 3381 446">
    <p class='ocr_par' dir='ltr' id='par_1_3' title="bbox 3241 388 3381 446">
     <span class='ocr_line' id='line_1_3' title="bbox 3241 388 3381 446; baseline -0.036 0"><span class='ocrx_word' id='word_1_6' title='bbox 3241 388 3381 446; x_wconf 69' lang='lat' dir='ltr'><strong>HM</strong></span> 
     </span>
    </p>
   </div>
   <div class='ocr_carea' id='block_1_4' title="bbox 1414 488 3321 545">
    <p class='ocr_par' dir='ltr' id='par_1_4' title="bbox 1414 488 3321 545">
     <span class='ocr_line' id='line_1_4' title="bbox 1414 488 3321 545; baseline 0.002 -4"><span class='ocrx_word' id='word_1_7' title='bbox 1414 489 1635 542; x_wconf 72' lang='lat' dir='ltr'><strong>EDITIU</strong></span> <span class='ocrx_word' id='word_1_8' title='bbox 1671 488 2128 545; x_wconf 79' lang='lat' dir='ltr'><strong>COLONIENSIS.</strong></span> <span class='ocrx_word' id='word_1_9' title='bbox 3316 488 3321 545; x_wconf 68' lang='grc' dir='ltr'><strong>ἱ</strong></span> 
     </span>
    </p>
   </div>
   <div class='ocr_carea' id='block_1_5' title="bbox 198 574 3383 653">
    <p class='ocr_par' dir='ltr' id='par_1_5' title="bbox 198 574 3383 653">
     <span class='ocr_line' id='line_1_5' title="bbox 198 574 3383 653; baseline 0.006 -27"><span class='ocrx_word' id='word_1_10' title='bbox 198 574 599 628; x_wconf 74' lang='lat' dir='ltr'><strong>Antiochenam</strong></span> <span class='ocrx_word' id='word_1_11' title='bbox 630 576 764 630; x_wconf 89' lang='lat' dir='ltr'><strong>rexit</strong></span> <span class='ocrx_word' id='word_1_12' title='bbox 802 574 1116 653; x_wconf 79' lang='lat' dir='ltr'><strong>Ecclesiam,</strong></span> <span class='ocrx_word' id='word_1_13' title='bbox 1148 581 1501 645; x_wconf 91' lang='lat' dir='ltr'><strong>persecutione</strong></span> <span class='ocrx_word' id='word_1_14' title='bbox 1539 579 1743 646; x_wconf 88' lang='lat' dir='ltr'><strong>Trajani</strong></span> <span class='ocrx_word' id='word_1_15' title='bbox 1776 582 1821 637; x_wconf 86' lang='lat' dir='ltr'><strong>A</strong></span> <span class='ocrx_word' id='word_1_16' title='bbox 1848 580 1981 633; x_wconf 91' lang='lat' dir='ltr'><strong>drini</strong></span> <span class='ocrx_word' id='word_1_17' title='bbox 2011 583 2242 649; x_wconf 77' lang='lat' dir='ltr'><strong>episeOpi</strong></span> <span class='ocrx_word' id='word_1_18' title='bbox 2262 623 2278 648; x_wconf 95' lang='lat'><strong>,</strong></span> <span class='ocrx_word' id='word_1_19' title='bbox 2310 582 2445 637; x_wconf 90' lang='lat' dir='ltr'><strong>inter</strong></span> <span class='ocrx_word' id='word_1_20' title='bbox 2485 586 2770 651; x_wconf 65' lang='lat' dir='ltr'><strong>praecipuos</strong></span> <span class='ocrx_word' id='word_1_21' title='bbox 2802 588 3012 653; x_wconf 77' lang='lat' dir='ltr'><strong>egregii.</strong></span> <span class='ocrx_word' id='word_1_22' title='bbox 3066 590 3156 643; x_wconf 92' lang='lat' dir='ltr'><strong>llic</strong></span> <span class='ocrx_word' id='word_1_23' title='bbox 3184 592 3383 645; x_wconf 79' lang='lat' dir='ltr'><strong>duode-</strong></span> 
     </span>
    </p>
   </div>
   <div class='ocr_carea' id='block_1_6' title="bbox 202 660 1755 730">
    <p class='ocr_par' dir='ltr' id='par_1_6' title="bbox 202 660 1755 730">
     <span class='ocr_line' id='line_1_6' title="bbox 202 660 1755 730; baseline 0.005 -21"><span class='ocrx_word' id='word_1_24' title='bbox 202 660 503 713; x_wconf 63' lang='lat' dir='ltr'><strong>ilamnatns</strong></span> <span class='ocrx_word' id='word_1_25' title='bbox 532 662 594 713; x_wconf 91' lang='lat' dir='ltr'><strong>ad</strong></span> <span class='ocrx_word' id='word_1_26' title='bbox 628 662 839 723; x_wconf 87' lang='lat' dir='ltr'><strong>bestias,</strong></span> <span class='ocrx_word' id='word_1_27' title='bbox 891 664 1107 717; x_wconf 80' lang='lat' dir='ltr'><strong>Romam</strong></span> <span class='ocrx_word' id='word_1_28' title='bbox 1136 665 1333 717; x_wconf 89' lang='lat' dir='ltr'><strong>vinctus</strong></span> <span class='ocrx_word' id='word_1_29' title='bbox 1379 666 1625 730; x_wconf 90' lang='lat' dir='ltr'><strong>mittitur;</strong></span> <span class='ocrx_word' id='word_1_30' title='bbox 1670 666 1755 719; x_wconf 91' lang='lat' dir='ltr'><strong>ubi</strong></span> 
     </span>
    </p>
   </div>
   <div class='ocr_carea' id='block_1_7' title="bbox 205 754 1754 825">
    <p class='ocr_par' dir='ltr' id='par_1_7' title="bbox 205 754 1754 825">
     <span class='ocr_line' id='line_1_7' title="bbox 205 754 1754 825; baseline 0.003 -21"><span class='ocrx_word' id='word_1_31' title='bbox 205 765 485 815; x_wconf 65' lang='lat' dir='ltr'><strong>prasente</strong></span> <span class='ocrx_word' id='word_1_32' title='bbox 505 754 746 820; x_wconf 76' lang='lat' dir='ltr'><strong>Traiano,</strong></span> <span class='ocrx_word' id='word_1_33' title='bbox 771 756 1181 810; x_wconf 78' lang='lat' dir='ltr'><strong>circumsedente</strong></span> <span class='ocrx_word' id='word_1_34' title='bbox 1212 768 1413 821; x_wconf 91' lang='lat' dir='ltr'><strong>senatu,</strong></span> <span class='ocrx_word' id='word_1_35' title='bbox 1444 758 1558 823; x_wconf 82' lang='lat' dir='ltr'><strong>pilis</strong></span> <span class='ocrx_word' id='word_1_36' title='bbox 1584 759 1754 825; x_wconf 78' lang='lat' dir='ltr'><strong>plum-</strong></span> 
     </span>
    </p>
   </div>
   <div class='ocr_carea' id='block_1_8' title="bbox 209 840 1759 913">
    <p class='ocr_par' dir='ltr' id='par_1_8' title="bbox 209 840 1759 913">
     <span class='ocr_line' id='line_1_8' title="bbox 209 840 1759 913; baseline 0.003 -22"><span class='ocrx_word' id='word_1_37' title='bbox 209 840 343 893; x_wconf 70' lang='lat' dir='ltr'><strong>lieis</strong></span> <span class='ocrx_word' id='word_1_38' title='bbox 388 843 611 907; x_wconf 69' lang='lat' dir='ltr'><strong>scapulae</strong></span> <span class='ocrx_word' id='word_1_39' title='bbox 642 842 751 908; x_wconf 88' lang='lat' dir='ltr'><strong>ejus</strong></span> <span class='ocrx_word' id='word_1_40' title='bbox 782 844 1023 908; x_wconf 85' lang='lat' dir='ltr'><strong>primum.</strong></span> <span class='ocrx_word' id='word_1_41' title='bbox 1046 852 1309 906; x_wconf 71' lang='lat' dir='ltr'><strong>contusas,</strong></span> <span class='ocrx_word' id='word_1_42' title='bbox 1343 846 1529 897; x_wconf 90' lang='lat' dir='ltr'><strong>deinde</strong></span> <span class='ocrx_word' id='word_1_43' title='bbox 1557 846 1759 913; x_wconf 87' lang='lat' dir='ltr'><strong>ungulis</strong></span> 
     </span>
    </p>
   </div>
   <div class='ocr_carea' id='block_1_9' title="bbox 214 927 1756 1000">
    <p class='ocr_par' dir='ltr' id='par_1_9' title="bbox 214 927 1756 1000">
     <span class='ocr_line' id='line_1_9' title="bbox 214 927 1756 1000; baseline 0.006 -24"><span class='ocrx_word' id='word_1_44' title='bbox 214 927 397 981; x_wconf 68' lang='lat' dir='ltr'><strong>tutera</strong></span> <span class='ocrx_word' id='word_1_45' title='bbox 427 931 539 997; x_wconf 88' lang='lat' dir='ltr'><strong>ejus</strong></span> <span class='ocrx_word' id='word_1_46' title='bbox 562 932 830 995; x_wconf 79' lang='lat' dir='ltr'><strong>dilaniata,</strong></span> <span class='ocrx_word' id='word_1_47' title='bbox 861 942 915 985; x_wconf 88' lang='lat' dir='ltr'><strong>et</strong></span> <span class='ocrx_word' id='word_1_48' title='bbox 941 934 1191 1000; x_wconf 85' lang='lat' dir='ltr'><strong>lapidibus</strong></span> <span class='ocrx_word' id='word_1_49' title='bbox 1222 936 1418 998; x_wconf 81' lang='lat' dir='ltr'><strong>asperis</strong></span> <span class='ocrx_word' id='word_1_50' title='bbox 1442 934 1719 987; x_wconf 79' lang='lat' dir='ltr'><strong>confricata</strong></span> <span class='ocrx_word' id='word_1_51' title='bbox 1744 952 1756 996; x_wconf 88' lang='lat'><strong>;</strong></span> 
     </span>
    </p>
   </div>
   <div class='ocr_carea' id='block_1_10' title="bbox 213 1021 1761 1091">
    <p class='ocr_par' dir='ltr' id='par_1_10' title="bbox 213 1021 1761 1091">
     <span class='ocr_line' id='line_1_10' title="bbox 213 1021 1761 1091; baseline 0.001 -20"><span class='ocrx_word' id='word_1_52' title='bbox 213 1029 350 1084; x_wconf 84' lang='lat' dir='ltr'><strong>post</strong></span> <span class='ocrx_word' id='word_1_53' title='bbox 391 1035 633 1085; x_wconf 62' lang='lat' dir='ltr'><strong>expansa:</strong></span> <span class='ocrx_word' id='word_1_54' title='bbox 672 1036 854 1073; x_wconf 91' lang='lat' dir='ltr'><strong>manus</strong></span> <span class='ocrx_word' id='word_1_55' title='bbox 890 1021 1026 1088; x_wconf 83' lang='lat' dir='ltr'><strong>ejus,</strong></span> <span class='ocrx_word' id='word_1_56' title='bbox 1070 1032 1123 1075; x_wconf 87' lang='lat' dir='ltr'><strong>et</strong></span> <span class='ocrx_word' id='word_1_57' title='bbox 1162 1023 1263 1089; x_wconf 91' lang='lat' dir='ltr'><strong>igni</strong></span> <span class='ocrx_word' id='word_1_58' title='bbox 1304 1024 1533 1089; x_wconf 64' lang='lat' dir='ltr'><strong>repletae,</strong></span> <span class='ocrx_word' id='word_1_59' title='bbox 1568 1038 1761 1091; x_wconf 82' lang='lat' dir='ltr'><strong>papyro</strong></span> 
     </span>
    </p>
   </div>
   <div class='ocr_carea' id='block_1_11' title="bbox 211 1108 1763 1177">
    <p class='ocr_par' dir='ltr' id='par_1_11' title="bbox 211 1108 1763 1177">
     <span class='ocr_line' id='line_1_11' title="bbox 211 1108 1763 1177; baseline 0.005 -20"><span class='ocrx_word' id='word_1_60' title='bbox 211 1108 351 1161; x_wconf 84' lang='lat' dir='ltr'><strong>oleo</strong></span> <span class='ocrx_word' id='word_1_61' title='bbox 384 1109 553 1161; x_wconf 86' lang='lat' dir='ltr'><strong>infuso</strong></span> <span class='ocrx_word' id='word_1_62' title='bbox 578 1122 627 1162; x_wconf 89' lang='lat' dir='ltr'><strong>et</strong></span> <span class='ocrx_word' id='word_1_63' title='bbox 658 1110 888 1172; x_wconf 90' lang='lat' dir='ltr'><strong>incenso,</strong></span> <span class='ocrx_word' id='word_1_64' title='bbox 918 1110 1075 1163; x_wconf 88' lang='lat' dir='ltr'><strong>latera</strong></span> <span class='ocrx_word' id='word_1_65' title='bbox 1100 1112 1212 1175; x_wconf 86' lang='lat' dir='ltr'><strong>ejus</strong></span> <span class='ocrx_word' id='word_1_66' title='bbox 1240 1112 1442 1175; x_wconf 89' lang='lat' dir='ltr'><strong>adusta,</strong></span> <span class='ocrx_word' id='word_1_67' title='bbox 1470 1121 1585 1177; x_wconf 86' lang='lat' dir='ltr'><strong>post</strong></span> <span class='ocrx_word' id='word_1_68' title='bbox 1610 1127 1763 1175; x_wconf 82' lang='lat' dir='ltr'><strong>super</strong></span> 
     </span>
    </p>
   </div>
   <div class='ocr_carea' id='block_1_12' title="bbox 213 1196 1764 1265">
    <p class='ocr_par' dir='ltr' id='par_1_12' title="bbox 213 1196 1764 1265">
     <span class='ocr_line' id='line_1_12' title="bbox 213 1196 1764 1265; baseline 0.003 -19"><span class='ocrx_word' id='word_1_69' title='bbox 213 1196 489 1248; x_wconf 77' lang='lat' dir='ltr'><strong>carbones</strong></span> <span class='ocrx_word' id='word_1_70' title='bbox 535 1198 827 1261; x_wconf 90' lang='lat' dir='ltr'><strong>pavimento</strong></span> <span class='ocrx_word' id='word_1_71' title='bbox 880 1210 1148 1262; x_wconf 86' lang='lat' dir='ltr'><strong>aspersos,</strong></span> <span class='ocrx_word' id='word_1_72' title='bbox 1206 1199 1289 1250; x_wconf 93' lang='lat' dir='ltr'><strong>ubi</strong></span> <span class='ocrx_word' id='word_1_73' title='bbox 1342 1207 1530 1252; x_wconf 78' lang='lat' dir='ltr'><strong>sancta:</strong></span> <span class='ocrx_word' id='word_1_74' title='bbox 1576 1200 1764 1265; x_wconf 65' lang='lat' dir='ltr'><strong>plantae</strong></span> 
     </span>
    </p>
   </div>
   <div class='ocr_carea' id='block_1_13' title="bbox 218 1281 1763 1353">
    <p class='ocr_par' dir='ltr' id='par_1_13' title="bbox 218 1281 1763 1353">
     <span class='ocr_line' id='line_1_13' title="bbox 218 1281 1763 1353; baseline 0.003 -20"><span class='ocrx_word' id='word_1_75' title='bbox 218 1281 379 1334; x_wconf 85' lang='lat' dir='ltr'><strong>illius</strong></span> <span class='ocrx_word' id='word_1_76' title='bbox 403 1292 677 1336; x_wconf 87' lang='lat' dir='ltr'><strong>steterunt.</strong></span> <span class='ocrx_word' id='word_1_77' title='bbox 720 1281 843 1336; x_wconf 85' lang='lat' dir='ltr'><strong>Post</strong></span> <span class='ocrx_word' id='word_1_78' title='bbox 875 1285 1059 1335; x_wconf 91' lang='lat' dir='ltr'><strong>lectum</strong></span> <span class='ocrx_word' id='word_1_79' title='bbox 1086 1285 1433 1338; x_wconf 81' lang='lat' dir='ltr'><strong>ﬂammantem</strong></span> <span class='ocrx_word' id='word_1_80' title='bbox 1454 1329 1467 1350; x_wconf 93' lang='lat'><strong>,</strong></span> <span class='ocrx_word' id='word_1_81' title='bbox 1501 1294 1613 1353; x_wconf 91' lang='lat' dir='ltr'><strong>post</strong></span> <span class='ocrx_word' id='word_1_82' title='bbox 1642 1285 1763 1337; x_wconf 88' lang='lat' dir='ltr'><strong>dor-</strong></span> 
     </span>
    </p>
   </div>
   <div class='ocr_carea' id='block_1_14' title="bbox 218 1372 1766 1441">
    <p class='ocr_par' dir='ltr' id='par_1_14' title="bbox 218 1372 1766 1441">
     <span class='ocr_line' id='line_1_14' title="bbox 218 1372 1766 1441; baseline 0.003 -17"><span class='ocrx_word' id='word_1_83' title='bbox 218 1386 351 1424; x_wconf 83' lang='lat' dir='ltr'><strong>sum</strong></span> <span class='ocrx_word' id='word_1_84' title='bbox 404 1372 516 1440; x_wconf 87' lang='lat' dir='ltr'><strong>ejus</strong></span> <span class='ocrx_word' id='word_1_85' title='bbox 568 1373 769 1439; x_wconf 89' lang='lat' dir='ltr'><strong>ungulis</strong></span> <span class='ocrx_word' id='word_1_86' title='bbox 821 1372 1089 1427; x_wconf 90' lang='lat' dir='ltr'><strong>discissum</strong></span> <span class='ocrx_word' id='word_1_87' title='bbox 1144 1384 1197 1426; x_wconf 90' lang='lat' dir='ltr'><strong>et</strong></span> <span class='ocrx_word' id='word_1_88' title='bbox 1246 1375 1595 1438; x_wconf 89' lang='lat' dir='ltr'><strong>dilaceratum,</strong></span> <span class='ocrx_word' id='word_1_89' title='bbox 1651 1384 1766 1441; x_wconf 91' lang='lat' dir='ltr'><strong>post</strong></span> 
     </span>
    </p>
   </div>
   <div class='ocr_carea' id='block_1_15' title="bbox 218 1461 1762 1530">
    <p class='ocr_par' dir='ltr' id='par_1_15' title="bbox 218 1461 1762 1530">
     <span class='ocr_line' id='line_1_15' title="bbox 218 1461 1762 1530; baseline 0.002 -20"><span class='ocrx_word' id='word_1_90' title='bbox 218 1468 441 1512; x_wconf 81' lang='lat' dir='ltr'><strong>acetum</strong></span> <span class='ocrx_word' id='word_1_91' title='bbox 488 1470 539 1511; x_wconf 90' lang='lat' dir='ltr'><strong>et</strong></span> <span class='ocrx_word' id='word_1_92' title='bbox 583 1461 766 1522; x_wconf 89' lang='lat' dir='ltr'><strong>salem,</strong></span> <span class='ocrx_word' id='word_1_93' title='bbox 811 1462 994 1526; x_wconf 83' lang='lat' dir='ltr'><strong>quibus</strong></span> <span class='ocrx_word' id='word_1_94' title='bbox 1036 1463 1193 1528; x_wconf 80' lang='lat' dir='ltr'><strong>plagae</strong></span> <span class='ocrx_word' id='word_1_95' title='bbox 1237 1463 1348 1530; x_wconf 84' lang='lat' dir='ltr'><strong>ejus</strong></span> <span class='ocrx_word' id='word_1_96' title='bbox 1394 1464 1577 1515; x_wconf 74' lang='lat' dir='ltr'><strong>infuszn</strong></span> <span class='ocrx_word' id='word_1_97' title='bbox 1624 1472 1762 1524; x_wconf 90' lang='lat' dir='ltr'><strong>sunt,</strong></span> 
     </span>
    </p>
   </div>
   <div class='ocr_carea' id='block_1_16' title="bbox 222 1546 1765 1614">
    <p class='ocr_par' dir='ltr' id='par_1_16' title="bbox 222 1546 1765 1614">
     <span class='ocr_line' id='line_1_16' title="bbox 222 1546 1765 1614; baseline 0.004 -18"><span class='ocrx_word' id='word_1_98' title='bbox 222 1556 357 1611; x_wconf 79' lang='lat' dir='ltr'><strong>post</strong></span> <span class='ocrx_word' id='word_1_99' title='bbox 404 1546 624 1598; x_wconf 85' lang='lat' dir='ltr'><strong>vinculis</strong></span> <span class='ocrx_word' id='word_1_100' title='bbox 655 1546 838 1599; x_wconf 90' lang='lat' dir='ltr'><strong>ferreis</strong></span> <span class='ocrx_word' id='word_1_101' title='bbox 886 1548 1031 1599; x_wconf 88' lang='lat' dir='ltr'><strong>beata</strong></span> <span class='ocrx_word' id='word_1_102' title='bbox 1082 1549 1215 1600; x_wconf 87' lang='lat' dir='ltr'><strong>illius</strong></span> <span class='ocrx_word' id='word_1_103' title='bbox 1254 1550 1481 1610; x_wconf 84' lang='lat' dir='ltr'><strong>astricta,</strong></span> <span class='ocrx_word' id='word_1_104' title='bbox 1512 1560 1565 1601; x_wconf 92' lang='lat' dir='ltr'><strong>et</strong></span> <span class='ocrx_word' id='word_1_105' title='bbox 1611 1550 1765 1614; x_wconf 89' lang='lat' dir='ltr'><strong>pedes</strong></span> 
     </span>
    </p>
   </div>
   <div class='ocr_carea' id='block_1_17' title="bbox 224 1632 1767 1701">
    <p class='ocr_par' dir='ltr' id='par_1_17' title="bbox 224 1632 1767 1701">
     <span class='ocr_line' id='line_1_17' title="bbox 224 1632 1767 1701; baseline 0.005 -18"><span class='ocrx_word' id='word_1_106' title='bbox 224 1632 291 1684; x_wconf 89' lang='lat' dir='ltr'><strong>in</strong></span> <span class='ocrx_word' id='word_1_107' title='bbox 322 1632 422 1685; x_wconf 85' lang='lat' dir='ltr'><strong>ima</strong></span> <span class='ocrx_word' id='word_1_108' title='bbox 450 1634 676 1695; x_wconf 85' lang='lat' dir='ltr'><strong>carceris</strong></span> <span class='ocrx_word' id='word_1_109' title='bbox 706 1635 757 1686; x_wconf 92' lang='lat' dir='ltr'><strong>in</strong></span> <span class='ocrx_word' id='word_1_110' title='bbox 785 1634 922 1701; x_wconf 90' lang='lat' dir='ltr'><strong>ligno</strong></span> <span class='ocrx_word' id='word_1_111' title='bbox 951 1635 1253 1699; x_wconf 87' lang='lat' dir='ltr'><strong>conclusos;</strong></span> <span class='ocrx_word' id='word_1_112' title='bbox 1285 1636 1370 1688; x_wconf 85' lang='lat' dir='ltr'><strong>tibi</strong></span> <span class='ocrx_word' id='word_1_113' title='bbox 1402 1638 1562 1690; x_wconf 90' lang='lat' dir='ltr'><strong>tribus</strong></span> <span class='ocrx_word' id='word_1_114' title='bbox 1587 1638 1767 1690; x_wconf 88' lang='lat' dir='ltr'><strong>diebus</strong></span> 
     </span>
    </p>
   </div>
   <div class='ocr_carea' id='block_1_18' title="bbox 226 1724 1765 1792">
    <p class='ocr_par' dir='ltr' id='par_1_18' title="bbox 226 1724 1765 1792">
     <span class='ocr_line' id='line_1_18' title="bbox 226 1724 1765 1792; baseline 0.005 -22"><span class='ocrx_word' id='word_1_115' title='bbox 226 1737 301 1775; x_wconf 75' lang='lat' dir='ltr'><strong>ac</strong></span> <span class='ocrx_word' id='word_1_116' title='bbox 342 1724 577 1775; x_wconf 87' lang='lat' dir='ltr'><strong>noctibus</strong></span> <span class='ocrx_word' id='word_1_117' title='bbox 622 1738 803 1788; x_wconf 90' lang='lat' dir='ltr'><strong>panem</strong></span> <span class='ocrx_word' id='word_1_118' title='bbox 848 1739 950 1776; x_wconf 90' lang='lat' dir='ltr'><strong>non</strong></span> <span class='ocrx_word' id='word_1_119' title='bbox 998 1725 1293 1789; x_wconf 86' lang='lat' dir='ltr'><strong>comedens,</strong></span> <span class='ocrx_word' id='word_1_120' title='bbox 1341 1735 1392 1777; x_wconf 90' lang='lat' dir='ltr'><strong>et</strong></span> <span class='ocrx_word' id='word_1_121' title='bbox 1436 1741 1618 1792; x_wconf 89' lang='lat' dir='ltr'><strong>aquam</strong></span> <span class='ocrx_word' id='word_1_122' title='bbox 1663 1740 1765 1778; x_wconf 90' lang='lat' dir='ltr'><strong>non</strong></span> 
     </span>
    </p>
   </div>
   <div class='ocr_carea' id='block_1_19' title="bbox 226 1810 1765 1882">
    <p class='ocr_par' dir='ltr' id='par_1_19' title="bbox 226 1810 1765 1882">
     <span class='ocr_line' id='line_1_19' title="bbox 226 1810 1765 1882; baseline 0.001 -19"><span class='ocrx_word' id='word_1_123' title='bbox 226 1810 425 1863; x_wconf 76' lang='lat' dir='ltr'><strong>bibens</strong></span> <span class='ocrx_word' id='word_1_124' title='bbox 468 1811 677 1863; x_wconf 79' lang='lat' dir='ltr'><strong>mansit.</strong></span> <span class='ocrx_word' id='word_1_125' title='bbox 726 1812 953 1865; x_wconf 89' lang='lat' dir='ltr'><strong>Sedente</strong></span> <span class='ocrx_word' id='word_1_126' title='bbox 999 1827 1090 1878; x_wconf 90' lang='lat' dir='ltr'><strong>pro</strong></span> <span class='ocrx_word' id='word_1_127' title='bbox 1137 1812 1375 1866; x_wconf 81' lang='lat' dir='ltr'><strong>tribunali</strong></span> <span class='ocrx_word' id='word_1_128' title='bbox 1422 1813 1668 1882; x_wconf 87' lang='lat' dir='ltr'><strong>Trajano,</strong></span> <span class='ocrx_word' id='word_1_129' title='bbox 1714 1816 1765 1865; x_wconf 93' lang='lat' dir='ltr'><strong>in</strong></span> 
     </span>
    </p>
   </div>
   <div class='ocr_carea' id='block_1_20' title="bbox 228 1884 1843 1964">
    <p class='ocr_par' dir='ltr' id='par_1_20' title="bbox 228 1884 1843 1964">
     <span class='ocr_line' id='line_1_20' title="bbox 228 1884 1843 1964; baseline 0.003 -17"><span class='ocrx_word' id='word_1_130' title='bbox 228 1895 647 1962; x_wconf 77' lang='lat' dir='ltr'><strong>amphitheatro,</strong></span> <span class='ocrx_word' id='word_1_131' title='bbox 679 1908 1022 1950; x_wconf 86' lang='lat' dir='ltr'><strong>concurrente</strong></span> <span class='ocrx_word' id='word_1_132' title='bbox 1048 1899 1189 1950; x_wconf 92' lang='lat' dir='ltr'><strong>omni</strong></span> <span class='ocrx_word' id='word_1_133' title='bbox 1218 1900 1362 1951; x_wconf 89' lang='lat' dir='ltr'><strong>turba</strong></span> <span class='ocrx_word' id='word_1_134' title='bbox 1393 1898 1766 1964; x_wconf 79' lang='lat' dir='ltr'><strong>Romanorum,</strong></span> <span class='ocrx_word' id='word_1_135' title='bbox 1802 1884 1843 1940; x_wconf 79' lang='grc' dir='ltr'><strong><em>Β</em></strong></span> 
     </span>
    </p>
   </div>
   <div class='ocr_carea' id='block_1_21' title="bbox 231 1982 1771 2055">
    <p class='ocr_par' dir='ltr' id='par_1_21' title="bbox 231 1982 1771 2055">
     <span class='ocr_line' id='line_1_21' title="bbox 231 1982 1771 2055; baseline 0.001 -17"><span class='ocrx_word' id='word_1_136' title='bbox 231 1982 429 2051; x_wconf 82' lang='lat' dir='ltr'><strong>ligatus</strong></span> <span class='ocrx_word' id='word_1_137' title='bbox 457 1984 657 2037; x_wconf 89' lang='lat' dir='ltr'><strong>duobus</strong></span> <span class='ocrx_word' id='word_1_138' title='bbox 684 1984 928 2049; x_wconf 87' lang='lat' dir='ltr'><strong>objicitur</strong></span> <span class='ocrx_word' id='word_1_139' title='bbox 957 1985 1215 2055; x_wconf 84' lang='lat' dir='ltr'><strong>leonibus.</strong></span> <span class='ocrx_word' id='word_1_140' title='bbox 1242 1986 1473 2053; x_wconf 84' lang='lat' dir='ltr'><strong>Cumque</strong></span> <span class='ocrx_word' id='word_1_141' title='bbox 1507 1986 1614 2054; x_wconf 88' lang='lat' dir='ltr'><strong>jam</strong></span> <span class='ocrx_word' id='word_1_142' title='bbox 1648 2002 1771 2055; x_wconf 91' lang='lat' dir='ltr'><strong>pro-</strong></span> 
     </span>
    </p>
   </div>
   <div class='ocr_carea' id='block_1_22' title="bbox 223 2071 1767 2141">
    <p class='ocr_par' dir='ltr' id='par_1_22' title="bbox 223 2071 1767 2141">
     <span class='ocr_line' id='line_1_22' title="bbox 223 2071 1767 2141; baseline 0 -16"><span class='ocrx_word' id='word_1_143' title='bbox 223 2071 409 2140; x_wconf 79' lang='lat' dir='ltr'><strong>jectus</strong></span> <span class='ocrx_word' id='word_1_144' title='bbox 453 2071 643 2126; x_wconf 76' lang='lat' dir='ltr'><strong>bestias</strong></span> <span class='ocrx_word' id='word_1_145' title='bbox 694 2072 973 2139; x_wconf 62' lang='lat' dir='ltr'><strong>rugientes»</strong></span> <span class='ocrx_word' id='word_1_146' title='bbox 1002 2073 1239 2137; x_wconf 87' lang='lat' dir='ltr'><strong>audiret,</strong></span> <span class='ocrx_word' id='word_1_147' title='bbox 1284 2073 1473 2128; x_wconf 87' lang='lat' dir='ltr'><strong>ardore</strong></span> <span class='ocrx_word' id='word_1_148' title='bbox 1508 2074 1767 2141; x_wconf 53' lang='lat' dir='ltr'><strong>&quot;patiendi,</strong></span> 
     </span>
    </p>
   </div>
   <div class='ocr_carea' id='block_1_23' title="bbox 231 2160 1772 2231">
    <p class='ocr_par' dir='ltr' id='par_1_23' title="bbox 231 2160 1772 2231">
     <span class='ocr_line' id='line_1_23' title="bbox 231 2160 1772 2231; baseline 0.005 -20"><span class='ocrx_word' id='word_1_149' title='bbox 231 2161 313 2212; x_wconf 75' lang='lat' dir='ltr'><strong>ait</strong></span> <span class='ocrx_word' id='word_1_150' title='bbox 344 2176 358 2211; x_wconf 94' lang='lat'><strong>:</strong></span> <span class='ocrx_word' id='word_1_151' title='bbox 392 2160 500 2213; x_wconf 79' lang='lat' dir='ltr'><strong>Viri</strong></span> <span class='ocrx_word' id='word_1_152' title='bbox 543 2160 760 2213; x_wconf 81' lang='lat' dir='ltr'><strong>Romani</strong></span> <span class='ocrx_word' id='word_1_153' title='bbox 804 2162 890 2229; x_wconf 91' lang='lat' dir='ltr'><strong>qui</strong></span> <span class='ocrx_word' id='word_1_154' title='bbox 934 2163 1031 2215; x_wconf 91' lang='lat' dir='ltr'><strong>hoc</strong></span> <span class='ocrx_word' id='word_1_155' title='bbox 1070 2172 1333 2217; x_wconf 87' lang='lat' dir='ltr'><strong>certamen</strong></span> <span class='ocrx_word' id='word_1_156' title='bbox 1371 2165 1636 2231; x_wconf 85' lang='lat' dir='ltr'><strong>spectatis,</strong></span> <span class='ocrx_word' id='word_1_157' title='bbox 1670 2181 1772 2219; x_wconf 78' lang='lat' dir='ltr'><strong>non</strong></span> 
     </span>
    </p>
   </div>
   <div class='ocr_carea' id='block_1_24' title="bbox 232 2248 1771 2319">
    <p class='ocr_par' dir='ltr' id='par_1_24' title="bbox 232 2248 1771 2319">
     <span class='ocr_line' id='line_1_24' title="bbox 232 2248 1771 2319; baseline 0.003 -19"><span class='ocrx_word' id='word_1_158' title='bbox 232 2248 355 2302; x_wconf 77' lang='lat' dir='ltr'><strong>sine</strong></span> <span class='ocrx_word' id='word_1_159' title='bbox 397 2262 551 2302; x_wconf 87' lang='lat' dir='ltr'><strong>causa</strong></span> <span class='ocrx_word' id='word_1_160' title='bbox 603 2250 851 2315; x_wconf 82' lang='lat' dir='ltr'><strong>laboravi,</strong></span> <span class='ocrx_word' id='word_1_161' title='bbox 900 2252 1018 2315; x_wconf 87' lang='lat' dir='ltr'><strong>quia</strong></span> <span class='ocrx_word' id='word_1_162' title='bbox 1066 2268 1167 2304; x_wconf 92' lang='lat' dir='ltr'><strong>non</strong></span> <span class='ocrx_word' id='word_1_163' title='bbox 1214 2262 1425 2318; x_wconf 87' lang='lat' dir='ltr'><strong>propter</strong></span> <span class='ocrx_word' id='word_1_164' title='bbox 1470 2255 1771 2319; x_wconf 72' lang='lat' dir='ltr'><strong>pravitatem</strong></span> 
     </span>
    </p>
   </div>
   <div class='ocr_carea' id='block_1_25' title="bbox 234 2334 1775 2405">
    <p class='ocr_par' dir='ltr' id='par_1_25' title="bbox 234 2334 1775 2405">
     <span class='ocr_line' id='line_1_25' title="bbox 234 2334 1775 2405; baseline 0.003 -17"><span class='ocrx_word' id='word_1_165' title='bbox 234 2334 357 2388; x_wconf 70' lang='lat' dir='ltr'><strong>haec</strong></span> <span class='ocrx_word' id='word_1_166' title='bbox 387 2336 571 2402; x_wconf 87' lang='lat' dir='ltr'><strong>patior,</strong></span> <span class='ocrx_word' id='word_1_167' title='bbox 630 2337 719 2389; x_wconf 84' lang='lat' dir='ltr'><strong>sed</strong></span> <span class='ocrx_word' id='word_1_168' title='bbox 765 2347 978 2403; x_wconf 90' lang='lat' dir='ltr'><strong>propter</strong></span> <span class='ocrx_word' id='word_1_169' title='bbox 1008 2340 1247 2405; x_wconf 89' lang='lat' dir='ltr'><strong>pietatem</strong></span> <span class='ocrx_word' id='word_1_170' title='bbox 1284 2340 1596 2393; x_wconf 79' lang='lat' dir='ltr'><strong>frumentum</strong></span> <span class='ocrx_word' id='word_1_171' title='bbox 1626 2342 1775 2394; x_wconf 86' lang='lat' dir='ltr'><strong>Chri-</strong></span> 
     </span>
    </p>
   </div>
   <div class='ocr_carea' id='block_1_26' title="bbox 234 2423 1778 2494">
    <p class='ocr_par' dir='ltr' id='par_1_26' title="bbox 234 2423 1778 2494">
     <span class='ocr_line' id='line_1_26' title="bbox 234 2423 1778 2494; baseline 0.005 -20"><span class='ocrx_word' id='word_1_172' title='bbox 234 2425 308 2475; x_wconf 85' lang='lat' dir='ltr'><strong>sti</strong></span> <span class='ocrx_word' id='word_1_173' title='bbox 356 2437 497 2487; x_wconf 89' lang='lat' dir='ltr'><strong>sum,</strong></span> <span class='ocrx_word' id='word_1_174' title='bbox 540 2423 782 2481; x_wconf 80' lang='lat' dir='ltr'><strong>dentibus</strong></span> <span class='ocrx_word' id='word_1_175' title='bbox 828 2425 1111 2479; x_wconf 88' lang='lat' dir='ltr'><strong>bestiarum</strong></span> <span class='ocrx_word' id='word_1_176' title='bbox 1161 2427 1343 2488; x_wconf 88' lang='lat' dir='ltr'><strong>molar,</strong></span> <span class='ocrx_word' id='word_1_177' title='bbox 1389 2436 1445 2480; x_wconf 94' lang='lat' dir='ltr'><strong>ut</strong></span> <span class='ocrx_word' id='word_1_178' title='bbox 1492 2429 1638 2494; x_wconf 90' lang='lat' dir='ltr'><strong>panis</strong></span> <span class='ocrx_word' id='word_1_179' title='bbox 1686 2428 1778 2481; x_wconf 85' lang='lat' dir='ltr'><strong>Dei</strong></span> 
     </span>
    </p>
   </div>
   <div class='ocr_carea' id='block_1_27' title="bbox 238 2510 1777 2577">
    <p class='ocr_par' dir='ltr' id='par_1_27' title="bbox 238 2510 1777 2577">
     <span class='ocr_line' id='line_1_27' title="bbox 238 2510 1777 2577; baseline 0.004 -15"><span class='ocrx_word' id='word_1_180' title='bbox 238 2510 471 2564; x_wconf 85' lang='lat' dir='ltr'><strong>mundus</strong></span> <span class='ocrx_word' id='word_1_181' title='bbox 510 2510 763 2563; x_wconf 90' lang='lat' dir='ltr'><strong>inveniar.</strong></span> <span class='ocrx_word' id='word_1_182' title='bbox 806 2511 929 2564; x_wconf 67' lang='lat' dir='ltr'><strong>Haec</strong></span> <span class='ocrx_word' id='word_1_183' title='bbox 969 2513 1055 2564; x_wconf 92' lang='lat' dir='ltr'><strong>illo</strong></span> <span class='ocrx_word' id='word_1_184' title='bbox 1094 2513 1320 2577; x_wconf 89' lang='lat' dir='ltr'><strong>dicente,</strong></span> <span class='ocrx_word' id='word_1_185' title='bbox 1352 2526 1685 2568; x_wconf 91' lang='lat' dir='ltr'><strong>accurrerunt</strong></span> <span class='ocrx_word' id='word_1_186' title='bbox 1712 2517 1777 2568; x_wconf 90' lang='lat' dir='ltr'><strong>ad</strong></span> 
     </span>
    </p>
   </div>
   <div class='ocr_carea' id='block_1_28' title="bbox 238 2599 1779 2669">
    <p class='ocr_par' dir='ltr' id='par_1_28' title="bbox 238 2599 1779 2669">
     <span class='ocr_line' id='line_1_28' title="bbox 238 2599 1779 2669; baseline 0.002 -16"><span class='ocrx_word' id='word_1_187' title='bbox 238 2615 365 2653; x_wconf 83' lang='lat' dir='ltr'><strong>eum</strong></span> <span class='ocrx_word' id='word_1_188' title='bbox 394 2599 591 2664; x_wconf 88' lang='lat' dir='ltr'><strong>leones,</strong></span> <span class='ocrx_word' id='word_1_189' title='bbox 621 2612 671 2653; x_wconf 91' lang='lat' dir='ltr'><strong>et</strong></span> <span class='ocrx_word' id='word_1_190' title='bbox 696 2615 763 2653; x_wconf 84' lang='lat' dir='ltr'><strong>ex</strong></span> <span class='ocrx_word' id='word_1_191' title='bbox 796 2609 1013 2667; x_wconf 89' lang='lat' dir='ltr'><strong>utraque</strong></span> <span class='ocrx_word' id='word_1_192' title='bbox 1042 2611 1185 2667; x_wconf 89' lang='lat' dir='ltr'><strong>parte</strong></span> <span class='ocrx_word' id='word_1_193' title='bbox 1213 2618 1369 2669; x_wconf 90' lang='lat' dir='ltr'><strong>super</strong></span> <span class='ocrx_word' id='word_1_194' title='bbox 1394 2619 1508 2655; x_wconf 89' lang='lat' dir='ltr'><strong>eum</strong></span> <span class='ocrx_word' id='word_1_195' title='bbox 1548 2604 1779 2656; x_wconf 84' lang='lat' dir='ltr'><strong>inciden-</strong></span> 
     </span>
    </p>
   </div>
   <div class='ocr_carea' id='block_1_29' title="bbox 242 2690 1779 2759">
    <p class='ocr_par' dir='ltr' id='par_1_29' title="bbox 242 2690 1779 2759">
     <span class='ocr_line' id='line_1_29' title="bbox 242 2690 1779 2759; baseline 0.002 -17"><span class='ocrx_word' id='word_1_196' title='bbox 242 2700 345 2750; x_wconf 87' lang='lat' dir='ltr'><strong>tes,</strong></span> <span class='ocrx_word' id='word_1_197' title='bbox 382 2690 793 2755; x_wconf 70' lang='lat' dir='ltr'><strong>praefocaverunt</strong></span> <span class='ocrx_word' id='word_1_198' title='bbox 818 2704 935 2741; x_wconf 90' lang='lat' dir='ltr'><strong>eum</strong></span> <span class='ocrx_word' id='word_1_199' title='bbox 969 2691 1347 2748; x_wconf 86' lang='lat' dir='ltr'><strong>tantummodo.</strong></span> <span class='ocrx_word' id='word_1_200' title='bbox 1377 2701 1427 2745; x_wconf 88' lang='lat' dir='ltr'><strong>et</strong></span> <span class='ocrx_word' id='word_1_201' title='bbox 1468 2706 1568 2744; x_wconf 92' lang='lat' dir='ltr'><strong>non</strong></span> <span class='ocrx_word' id='word_1_202' title='bbox 1601 2692 1779 2759; x_wconf 89' lang='lat' dir='ltr'><strong>tetige-</strong></span> 
     </span>
    </p>
   </div>
   <div class='ocr_carea' id='block_1_30' title="bbox 241 2776 1782 2847">
    <p class='ocr_par' dir='ltr' id='par_1_30' title="bbox 241 2776 1782 2847">
     <span class='ocr_line' id='line_1_30' title="bbox 241 2776 1782 2847; baseline 0.003 -19"><span class='ocrx_word' id='word_1_203' title='bbox 241 2785 369 2829; x_wconf 90' lang='lat' dir='ltr'><strong>runt</strong></span> <span class='ocrx_word' id='word_1_204' title='bbox 399 2790 582 2828; x_wconf 86' lang='lat' dir='ltr'><strong>carnes</strong></span> <span class='ocrx_word' id='word_1_205' title='bbox 611 2777 743 2842; x_wconf 82' lang='lat' dir='ltr'><strong>ejus.</strong></span> <span class='ocrx_word' id='word_1_206' title='bbox 788 2776 910 2829; x_wconf 91' lang='lat' dir='ltr'><strong>Item</strong></span> <span class='ocrx_word' id='word_1_207' title='bbox 952 2776 1129 2829; x_wconf 70' lang='lat' dir='ltr'><strong>Romae</strong></span> <span class='ocrx_word' id='word_1_208' title='bbox 1158 2779 1327 2830; x_wconf 88' lang='lat' dir='ltr'><strong>natale</strong></span> <span class='ocrx_word' id='word_1_209' title='bbox 1362 2781 1524 2832; x_wconf 92' lang='lat' dir='ltr'><strong>sancti</strong></span> <span class='ocrx_word' id='word_1_210' title='bbox 1554 2778 1782 2847; x_wconf 84' lang='lat' dir='ltr'><strong>Chryso-</strong></span> 
     </span>
    </p>
   </div>
   <div class='ocr_carea' id='block_1_31' title="bbox 242 2865 1781 2934">
    <p class='ocr_par' dir='ltr' id='par_1_31' title="bbox 242 2865 1781 2934">
     <span class='ocr_line' id='line_1_31' title="bbox 242 2865 1781 2934; baseline 0.002 -18"><span class='ocrx_word' id='word_1_211' title='bbox 242 2865 370 2934; x_wconf 81' lang='lat' dir='ltr'><strong>goni</strong></span> <span class='ocrx_word' id='word_1_212' title='bbox 417 2866 678 2932; x_wconf 87' lang='lat' dir='ltr'><strong>martyris,</strong></span> <span class='ocrx_word' id='word_1_213' title='bbox 719 2865 807 2932; x_wconf 90' lang='lat' dir='ltr'><strong>qui</strong></span> <span class='ocrx_word' id='word_1_214' title='bbox 856 2880 946 2931; x_wconf 90' lang='lat' dir='ltr'><strong>per</strong></span> <span class='ocrx_word' id='word_1_215' title='bbox 989 2865 1251 2918; x_wconf 86' lang='lat' dir='ltr'><strong>biennium</strong></span> <span class='ocrx_word' id='word_1_216' title='bbox 1291 2867 1435 2933; x_wconf 87' lang='lat' dir='ltr'><strong>jussu</strong></span> <span class='ocrx_word' id='word_1_217' title='bbox 1482 2866 1781 2919; x_wconf 84' lang='lat' dir='ltr'><strong>Diocletiani</strong></span> 
     </span>
    </p>
   </div>
   <div class='ocr_carea' id='block_1_32' title="bbox 242 2951 1781 3020">
    <p class='ocr_par' dir='ltr' id='par_1_32' title="bbox 242 2951 1781 3020">
     <span class='ocr_line' id='line_1_32' title="bbox 242 2951 1781 3020; baseline 0.002 -17"><span class='ocrx_word' id='word_1_218' title='bbox 242 2951 518 3020; x_wconf 77' lang='lat' dir='ltr'><strong>conjectus</strong></span> <span class='ocrx_word' id='word_1_219' title='bbox 548 2961 628 3005; x_wconf 91' lang='lat' dir='ltr'><strong>est</strong></span> <span class='ocrx_word' id='word_1_220' title='bbox 652 2952 702 3005; x_wconf 90' lang='lat' dir='ltr'><strong>in</strong></span> <span class='ocrx_word' id='word_1_221' title='bbox 727 2953 961 3015; x_wconf 85' lang='lat' dir='ltr'><strong>vincula;</strong></span> <span class='ocrx_word' id='word_1_222' title='bbox 994 2953 1079 3004; x_wconf 92' lang='lat' dir='ltr'><strong>ubi</strong></span> <span class='ocrx_word' id='word_1_223' title='bbox 1110 2954 1264 3005; x_wconf 89' lang='lat' dir='ltr'><strong>multa</strong></span> <span class='ocrx_word' id='word_1_224' title='bbox 1294 2968 1565 3019; x_wconf 60' lang='lat' dir='ltr'><strong>pETPCSﬂlS</strong></span> <span class='ocrx_word' id='word_1_225' title='bbox 1592 2964 1781 3006; x_wconf 69' lang='lat' dir='ltr'><strong>saneta:</strong></span> 
     </span>
    </p>
   </div>
   <div class='ocr_carea' id='block_1_33' title="bbox 242 3039 1783 3105">
    <p class='ocr_par' dir='ltr' id='par_1_33' title="bbox 242 3039 1783 3105">
     <span class='ocr_line' id='line_1_33' title="bbox 242 3039 1783 3105; baseline 0.002 -14"><span class='ocrx_word' id='word_1_226' title='bbox 242 3039 542 3091; x_wconf 68' lang='lat' dir='ltr'><strong>Anastasius</strong></span> <span class='ocrx_word' id='word_1_227' title='bbox 570 3039 829 3091; x_wconf 90' lang='lat' dir='ltr'><strong>alimoniis</strong></span> <span class='ocrx_word' id='word_1_228' title='bbox 859 3040 1149 3105; x_wconf 72' lang='lat' dir='ltr'><strong>fovebatur,</strong></span> <span class='ocrx_word' id='word_1_229' title='bbox 1192 3040 1275 3092; x_wconf 57' lang='lat' dir='ltr'><strong>ad‘</strong></span> <span class='ocrx_word' id='word_1_230' title='bbox 1299 3041 1532 3093; x_wconf 89' lang='lat' dir='ltr'><strong>ultimum</strong></span> <span class='ocrx_word' id='word_1_231' title='bbox 1560 3042 1783 3094; x_wconf 83' lang='lat' dir='ltr'><strong>decolla-</strong></span> 
     </span>
    </p>
   </div>
   <div class='ocr_carea' id='block_1_34' title="bbox 245 3126 1779 3195">
    <p class='ocr_par' dir='ltr' id='par_1_34' title="bbox 245 3126 1779 3195">
     <span class='ocr_line' id='line_1_34' title="bbox 245 3126 1779 3195; baseline 0.002 -16"><span class='ocrx_word' id='word_1_232' title='bbox 245 3136 334 3179; x_wconf 84' lang='lat' dir='ltr'><strong>tus</strong></span> <span class='ocrx_word' id='word_1_233' title='bbox 372 3138 482 3191; x_wconf 87' lang='lat' dir='ltr'><strong>est,</strong></span> <span class='ocrx_word' id='word_1_234' title='bbox 533 3136 585 3179; x_wconf 89' lang='lat' dir='ltr'><strong>et</strong></span> <span class='ocrx_word' id='word_1_235' title='bbox 623 3127 673 3179; x_wconf 93' lang='lat' dir='ltr'><strong>in</strong></span> <span class='ocrx_word' id='word_1_236' title='bbox 721 3141 862 3180; x_wconf 85' lang='lat' dir='ltr'><strong>mare</strong></span> <span class='ocrx_word' id='word_1_237' title='bbox 904 3126 1183 3194; x_wconf 77' lang='lat' dir='ltr'><strong>projectus.</strong></span> <span class='ocrx_word' id='word_1_238' title='bbox 1224 3126 1425 3195; x_wconf 90' lang='lat' dir='ltr'><strong>Corpus</strong></span> <span class='ocrx_word' id='word_1_239' title='bbox 1454 3130 1567 3195; x_wconf 90' lang='lat' dir='ltr'><strong>ejus</strong></span> <span class='ocrx_word' id='word_1_240' title='bbox 1608 3130 1779 3183; x_wconf 88' lang='lat' dir='ltr'><strong>Zoilus</strong></span> 
     </span>
    </p>
   </div>
   <div class='ocr_carea' id='block_1_35' title="bbox 246 3215 1782 3284">
    <p class='ocr_par' dir='ltr' id='par_1_35' title="bbox 246 3215 1782 3284">
     <span class='ocr_line' id='line_1_35' title="bbox 246 3215 1782 3284; baseline 0.003 -17"><span class='ocrx_word' id='word_1_241' title='bbox 246 3228 414 3267; x_wconf 77' lang='lat' dir='ltr'><strong>senex</strong></span> <span class='ocrx_word' id='word_1_242' title='bbox 446 3215 717 3283; x_wconf 85' lang='lat' dir='ltr'><strong>presbyter</strong></span> <span class='ocrx_word' id='word_1_243' title='bbox 756 3217 1052 3280; x_wconf 89' lang='lat' dir='ltr'><strong>inventum,</strong></span> <span class='ocrx_word' id='word_1_244' title='bbox 1093 3216 1317 3269; x_wconf 88' lang='lat' dir='ltr'><strong>adunato</strong></span> <span class='ocrx_word' id='word_1_245' title='bbox 1344 3218 1512 3284; x_wconf 89' lang='lat' dir='ltr'><strong>capite</strong></span> <span class='ocrx_word' id='word_1_246' title='bbox 1551 3219 1598 3269; x_wconf 92' lang='lat' dir='ltr'><strong>in</strong></span> <span class='ocrx_word' id='word_1_247' title='bbox 1640 3218 1782 3271; x_wconf 86' lang='lat' dir='ltr'><strong>cubi-</strong></span> 
     </span>
    </p>
   </div>
   <div class='ocr_carea' id='block_1_36' title="bbox 246 3302 1780 3361">
    <p class='ocr_par' dir='ltr' id='par_1_36' title="bbox 246 3302 1780 3361">
     <span class='ocr_line' id='line_1_36' title="bbox 246 3302 1780 3361; baseline 0.007 -11"><span class='ocrx_word' id='word_1_248' title='bbox 246 3302 372 3354; x_wconf 78' lang='lat' dir='ltr'><strong>culo</strong></span> <span class='ocrx_word' id='word_1_249' title='bbox 414 3316 511 3355; x_wconf 81' lang='lat' dir='ltr'><strong>suo</strong></span> <span class='ocrx_word' id='word_1_250' title='bbox 552 3304 845 3355; x_wconf 90' lang='lat' dir='ltr'><strong>collocavit.</strong></span> <span class='ocrx_word' id='word_1_251' title='bbox 901 3303 963 3355; x_wconf 81' lang='lat' dir='ltr'><strong>Et</strong></span> <span class='ocrx_word' id='word_1_252' title='bbox 1010 3303 1180 3357; x_wconf 81' lang='lat' dir='ltr'><strong>natale</strong></span> <span class='ocrx_word' id='word_1_253' title='bbox 1224 3305 1389 3357; x_wconf 87' lang='lat' dir='ltr'><strong>sancti</strong></span> <span class='ocrx_word' id='word_1_254' title='bbox 1434 3305 1780 3361; x_wconf 87' lang='lat' dir='ltr'><strong>Crescentiani</strong></span> 
     </span>
    </p>
   </div>
   <div class='ocr_carea' id='block_1_37' title="bbox 249 3390 1368 3457">
    <p class='ocr_par' dir='ltr' id='par_1_37' title="bbox 249 3390 1368 3457">
     <span class='ocr_line' id='line_1_37' title="bbox 249 3390 1368 3457; baseline 0 -14"><span class='ocrx_word' id='word_1_255' title='bbox 249 3390 517 3457; x_wconf 83' lang='lat' dir='ltr'><strong>martyris,</strong></span> <span class='ocrx_word' id='word_1_256' title='bbox 546 3391 642 3442; x_wconf 87' lang='lat' dir='ltr'><strong>sub</strong></span> <span class='ocrx_word' id='word_1_257' title='bbox 672 3390 1028 3455; x_wconf 87' lang='lat' dir='ltr'><strong>persecutione</strong></span> <span class='ocrx_word' id='word_1_258' title='bbox 1058 3390 1368 3443; x_wconf 89' lang='lat' dir='ltr'><strong>Maximiani.</strong></span> 
     </span>
    </p>
   </div>
   <div class='ocr_carea' id='block_1_38' title="bbox 322 3474 1777 3537">
    <p class='ocr_par' dir='ltr' id='par_1_38' title="bbox 322 3474 1777 3537">
     <span class='ocr_line' id='line_1_38' title="bbox 322 3474 1777 3537; baseline 0.005 -8"><span class='ocrx_word' id='word_1_259' title='bbox 322 3474 387 3530; x_wconf 86' lang='lat' dir='ltr'><strong>G.</strong></span> <span class='ocrx_word' id='word_1_260' title='bbox 431 3475 511 3529; x_wconf 76' lang='grc' dir='ltr'>γη</span> <span class='ocrx_word' id='word_1_261' title='bbox 551 3475 681 3529; x_wconf 55' lang='lat' dir='ltr'><strong>Kac.</strong></span> <span class='ocrx_word' id='word_1_262' title='bbox 722 3476 953 3528; x_wconf 72' lang='lat' dir='ltr'><strong>Densus.</strong></span> <span class='ocrx_word' id='word_1_263' title='bbox 994 3476 1172 3532; x_wconf 87' lang='lat' dir='ltr'><strong>Natale</strong></span> <span class='ocrx_word' id='word_1_264' title='bbox 1197 3481 1361 3533; x_wconf 84' lang='lat' dir='ltr'><strong>sancti</strong></span> <span class='ocrx_word' id='word_1_265' title='bbox 1392 3480 1528 3534; x_wconf 85' lang='lat' dir='ltr'><strong>Petri</strong></span> <span class='ocrx_word' id='word_1_266' title='bbox 1560 3484 1777 3537; x_wconf 82' lang='lat' dir='ltr'><strong>Alexan-</strong></span> 
     </span>
    </p>
   </div>
   <div class='ocr_carea' id='block_1_39' title="bbox 1856 670 3384 743">
    <p class='ocr_par' dir='ltr' id='par_1_39' title="bbox 1856 670 3384 743">
     <span class='ocr_line' id='line_1_39' title="bbox 1856 670 3384 743; baseline 0.007 -22"><span class='ocrx_word' id='word_1_267' title='bbox 1856 670 1991 722; x_wconf 91' lang='lat' dir='ltr'><strong>cimo</strong></span> <span class='ocrx_word' id='word_1_268' title='bbox 2018 672 2349 737; x_wconf 86' lang='lat' dir='ltr'><strong>episcopatus</strong></span> <span class='ocrx_word' id='word_1_269' title='bbox 2388 672 2466 724; x_wconf 90' lang='lat' dir='ltr'><strong>sui</strong></span> <span class='ocrx_word' id='word_1_270' title='bbox 2506 686 2640 723; x_wconf 92' lang='lat' dir='ltr'><strong>anno</strong></span> <span class='ocrx_word' id='word_1_271' title='bbox 2670 675 2900 741; x_wconf 86' lang='lat' dir='ltr'><strong>martyrii</strong></span> <span class='ocrx_word' id='word_1_272' title='bbox 2931 689 3173 728; x_wconf 92' lang='lat' dir='ltr'><strong>coronam</strong></span> <span class='ocrx_word' id='word_1_273' title='bbox 3204 680 3384 743; x_wconf 88' lang='lat' dir='ltr'><strong>capitis</strong></span> 
     </span>
    </p>
   </div>
   <div class='ocr_carea' id='block_1_40' title="bbox 1857 758 3388 831">
    <p class='ocr_par' dir='ltr' id='par_1_40' title="bbox 1857 758 3388 831">
     <span class='ocr_line' id='line_1_40' title="bbox 1857 758 3388 831; baseline 0.005 -23"><span class='ocrx_word' id='word_1_274' title='bbox 1857 758 2253 810; x_wconf 89' lang='lat' dir='ltr'><strong>obtruncatione</strong></span> <span class='ocrx_word' id='word_1_275' title='bbox 2281 760 2594 825; x_wconf 73' lang='lat' dir='ltr'><strong>promeruit;</strong></span> <span class='ocrx_word' id='word_1_276' title='bbox 2632 768 2859 825; x_wconf 89' lang='lat' dir='ltr'><strong>tempore</strong></span> <span class='ocrx_word' id='word_1_277' title='bbox 2892 761 3185 815; x_wconf 79' lang='lat' dir='ltr'><strong>Maximiani</strong></span> <span class='ocrx_word' id='word_1_278' title='bbox 3229 767 3388 831; x_wconf 86' lang='lat' dir='ltr'><strong>impe-</strong></span> 
     </span>
    </p>
   </div>
   <div class='ocr_carea' id='block_1_41' title="bbox 1859 845 3389 920">
    <p class='ocr_par' dir='ltr' id='par_1_41' title="bbox 1859 845 3389 920">
     <span class='ocr_line' id='line_1_41' title="bbox 1859 845 3389 920; baseline 0.005 -24"><span class='ocrx_word' id='word_1_279' title='bbox 1859 845 2083 908; x_wconf 89' lang='lat' dir='ltr'><strong>ratoris;</strong></span> <span class='ocrx_word' id='word_1_280' title='bbox 2122 860 2238 897; x_wconf 90' lang='lat' dir='ltr'><strong>cum</strong></span> <span class='ocrx_word' id='word_1_281' title='bbox 2280 860 2382 911; x_wconf 89' lang='lat' dir='ltr'><strong>quo</strong></span> <span class='ocrx_word' id='word_1_282' title='bbox 2422 847 2575 898; x_wconf 85' lang='lat' dir='ltr'><strong>simul</strong></span> <span class='ocrx_word' id='word_1_283' title='bbox 2620 857 2672 899; x_wconf 88' lang='lat' dir='ltr'><strong>et</strong></span> <span class='ocrx_word' id='word_1_284' title='bbox 2716 848 2800 899; x_wconf 89' lang='lat' dir='ltr'><strong>alii</strong></span> <span class='ocrx_word' id='word_1_285' title='bbox 2848 850 3019 914; x_wconf 87' lang='lat' dir='ltr'><strong>plures</strong></span> <span class='ocrx_word' id='word_1_286' title='bbox 3056 866 3118 903; x_wconf 91' lang='lat' dir='ltr'><strong>ex</strong></span> <span class='ocrx_word' id='word_1_287' title='bbox 3163 852 3389 920; x_wconf 68' lang='lat' dir='ltr'><strong>Aigypto</strong></span> 
     </span>
    </p>
   </div>
   <div class='ocr_carea' id='block_1_42' title="bbox 1858 931 3387 997">
    <p class='ocr_par' dir='ltr' id='par_1_42' title="bbox 1858 931 3387 997">
     <span class='ocr_line' id='line_1_42' title="bbox 1858 931 3387 997; baseline 0.003 -13"><span class='ocrx_word' id='word_1_288' title='bbox 1858 931 2085 997; x_wconf 87' lang='lat' dir='ltr'><strong>episcopi</strong></span> <span class='ocrx_word' id='word_1_289' title='bbox 2129 932 2467 995; x_wconf 85' lang='lat' dir='ltr'><strong>trucidantur,</strong></span> <span class='ocrx_word' id='word_1_290' title='bbox 2498 932 2603 985; x_wconf 90' lang='lat' dir='ltr'><strong>fere</strong></span> <span class='ocrx_word' id='word_1_291' title='bbox 2644 948 2760 985; x_wconf 92' lang='lat' dir='ltr'><strong>cum</strong></span> <span class='ocrx_word' id='word_1_292' title='bbox 2790 936 2992 988; x_wconf 89' lang='lat' dir='ltr'><strong>clericis</strong></span> <span class='ocrx_word' id='word_1_293' title='bbox 3016 946 3067 989; x_wconf 93' lang='lat' dir='ltr'><strong>et</strong></span> <span class='ocrx_word' id='word_1_294' title='bbox 3095 938 3237 990; x_wconf 86' lang='lat' dir='ltr'><strong>laicis</strong></span> <span class='ocrx_word' id='word_1_295' title='bbox 3267 955 3387 991; x_wconf 75' lang='lat' dir='ltr'><strong>sex-</strong></span> 
     </span>
    </p>
   </div>
   <div class='ocr_carea' id='block_1_43' title="bbox 1859 1017 3390 1088">
    <p class='ocr_par' dir='ltr' id='par_1_43' title="bbox 1859 1017 3390 1088">
     <span class='ocr_line' id='line_1_43' title="bbox 1859 1017 3390 1088; baseline 0.004 -19"><span class='ocrx_word' id='word_1_296' title='bbox 1859 1019 2020 1070; x_wconf 89' lang='lat' dir='ltr'><strong>centis</strong></span> <span class='ocrx_word' id='word_1_297' title='bbox 2042 1017 2327 1085; x_wconf 78' lang='lat' dir='ltr'><strong>sexaginta.</strong></span> <span class='ocrx_word' id='word_1_298' title='bbox 2370 1018 2461 1069; x_wconf 91' lang='lat' dir='ltr'><strong>llic</strong></span> <span class='ocrx_word' id='word_1_299' title='bbox 2489 1019 2608 1071; x_wconf 91' lang='lat' dir='ltr'><strong>dum</strong></span> <span class='ocrx_word' id='word_1_300' title='bbox 2652 1021 2701 1071; x_wconf 92' lang='lat' dir='ltr'><strong>in</strong></span> <span class='ocrx_word' id='word_1_301' title='bbox 2732 1035 2939 1074; x_wconf 90' lang='lat' dir='ltr'><strong>carcere</strong></span> <span class='ocrx_word' id='word_1_302' title='bbox 2979 1034 3290 1088; x_wconf 81' lang='lat' dir='ltr'><strong>servaretur,</strong></span> <span class='ocrx_word' id='word_1_303' title='bbox 3338 1035 3390 1075; x_wconf 91' lang='lat' dir='ltr'><strong>et</strong></span> 
     </span>
    </p>
   </div>
   <div class='ocr_carea' id='block_1_44' title="bbox 1862 1105 3391 1170">
    <p class='ocr_par' dir='ltr' id='par_1_44' title="bbox 1862 1105 3391 1170">
     <span class='ocr_line' id='line_1_44' title="bbox 1862 1105 3391 1170; baseline 0.003 -13"><span class='ocrx_word' id='word_1_304' title='bbox 1862 1107 2133 1158; x_wconf 90' lang='lat' dir='ltr'><strong>universus</strong></span> <span class='ocrx_word' id='word_1_305' title='bbox 2177 1105 2397 1170; x_wconf 91' lang='lat' dir='ltr'><strong>populus</strong></span> <span class='ocrx_word' id='word_1_306' title='bbox 2434 1106 2760 1159; x_wconf 70' lang='lat' dir='ltr'><strong>Alexandria:</strong></span> <span class='ocrx_word' id='word_1_307' title='bbox 2804 1110 2945 1161; x_wconf 86' lang='lat' dir='ltr'><strong>urbis</strong></span> <span class='ocrx_word' id='word_1_308' title='bbox 2987 1111 3123 1163; x_wconf 92' lang='lat' dir='ltr'><strong>fores</strong></span> <span class='ocrx_word' id='word_1_309' title='bbox 3167 1113 3391 1163; x_wconf 90' lang='lat' dir='ltr'><strong>carceris</strong></span> 
     </span>
    </p>
   </div>
   <div class='ocr_carea' id='block_1_45' title="bbox 1862 1196 3393 1267">
    <p class='ocr_par' dir='ltr' id='par_1_45' title="bbox 1862 1196 3393 1267">
     <span class='ocr_line' id='line_1_45' title="bbox 1862 1196 3393 1267; baseline 0.003 -20"><span class='ocrx_word' id='word_1_310' title='bbox 1862 1196 2162 1247; x_wconf 86' lang='lat' dir='ltr'><strong>observaret</strong></span> <span class='ocrx_word' id='word_1_311' title='bbox 2206 1208 2382 1246; x_wconf 91' lang='lat' dir='ltr'><strong>amore</strong></span> <span class='ocrx_word' id='word_1_312' title='bbox 2426 1196 2585 1262; x_wconf 88' lang='lat' dir='ltr'><strong>patris</strong></span> <span class='ocrx_word' id='word_1_313' title='bbox 2626 1197 2739 1261; x_wconf 90' lang='lat' dir='ltr'><strong>sui,</strong></span> <span class='ocrx_word' id='word_1_314' title='bbox 2788 1198 2942 1249; x_wconf 90' lang='lat' dir='ltr'><strong>Arius</strong></span> <span class='ocrx_word' id='word_1_315' title='bbox 2989 1199 3184 1262; x_wconf 90' lang='lat' dir='ltr'><strong>infelix,</strong></span> <span class='ocrx_word' id='word_1_316' title='bbox 3236 1202 3319 1267; x_wconf 89' lang='lat' dir='ltr'><strong>qui</strong></span> <span class='ocrx_word' id='word_1_317' title='bbox 3364 1214 3393 1252; x_wconf 92' lang='lat' dir='ltr'><strong>a</strong></span> 
     </span>
    </p>
   </div>
   <div class='ocr_carea' id='block_1_46' title="bbox 1865 1280 3395 1352">
    <p class='ocr_par' dir='ltr' id='par_1_46' title="bbox 1865 1280 3395 1352">
     <span class='ocr_line' id='line_1_46' title="bbox 1865 1280 3395 1352; baseline 0.003 -20"><span class='ocrx_word' id='word_1_318' title='bbox 1865 1280 2013 1333; x_wconf 90' lang='lat' dir='ltr'><strong>beato</strong></span> <span class='ocrx_word' id='word_1_319' title='bbox 2051 1280 2203 1333; x_wconf 91' lang='lat' dir='ltr'><strong>Petro</strong></span> <span class='ocrx_word' id='word_1_320' title='bbox 2229 1282 2707 1334; x_wconf 87' lang='lat' dir='ltr'><strong>excommunicatus</strong></span> <span class='ocrx_word' id='word_1_321' title='bbox 2740 1292 2792 1335; x_wconf 91' lang='lat' dir='ltr'><strong>et</strong></span> <span class='ocrx_word' id='word_1_322' title='bbox 2830 1284 3140 1352; x_wconf 86' lang='lat' dir='ltr'><strong>degradatus</strong></span> <span class='ocrx_word' id='word_1_323' title='bbox 3186 1296 3395 1352; x_wconf 84' lang='lat' dir='ltr'><strong>propter</strong></span> 
     </span>
    </p>
   </div>
   <div class='ocr_carea' id='block_1_47' title="bbox 1863 1361 3395 1437">
    <p class='ocr_par' dir='ltr' id='par_1_47' title="bbox 1863 1361 3395 1437">
     <span class='ocr_line' id='line_1_47' title="bbox 1863 1361 3395 1437; baseline 0.001 -14"><span class='ocrx_word' id='word_1_324' title='bbox 1863 1370 2047 1435; x_wconf 81' lang='lat' dir='ltr'><strong>dogma</strong></span> <span class='ocrx_word' id='word_1_325' title='bbox 2093 1369 2285 1422; x_wconf 89' lang='lat' dir='ltr'><strong>erroris</strong></span> <span class='ocrx_word' id='word_1_326' title='bbox 2337 1371 2643 1437; x_wconf 88' lang='lat' dir='ltr'><strong>habebatur,</strong></span> <span class='ocrx_word' id='word_1_327' title='bbox 2693 1374 2895 1437; x_wconf 86' lang='lat' dir='ltr'><strong>cognita</strong></span> <span class='ocrx_word' id='word_1_328' title='bbox 2942 1361 3191 1426; x_wconf 83' lang='lat' dir='ltr'><strong>sententia</strong></span> <span class='ocrx_word' id='word_1_329' title='bbox 3237 1375 3395 1426; x_wconf 78' lang='lat' dir='ltr'><strong>Maxi-</strong></span> 
     </span>
    </p>
   </div>
   <div class='ocr_carea' id='block_1_48' title="bbox 1864 1455 3392 1526">
    <p class='ocr_par' dir='ltr' id='par_1_48' title="bbox 1864 1455 3392 1526">
     <span class='ocr_line' id='line_1_48' title="bbox 1864 1455 3392 1526; baseline 0.001 -15"><span class='ocrx_word' id='word_1_330' title='bbox 1864 1459 2015 1511; x_wconf 88' lang='lat' dir='ltr'><strong>miani</strong></span> <span class='ocrx_word' id='word_1_331' title='bbox 2046 1458 2293 1510; x_wconf 89' lang='lat' dir='ltr'><strong>adversus</strong></span> <span class='ocrx_word' id='word_1_332' title='bbox 2322 1455 2525 1511; x_wconf 82' lang='lat' dir='ltr'><strong>beatum</strong></span> <span class='ocrx_word' id='word_1_333' title='bbox 2572 1460 2776 1510; x_wconf 79' lang='lat' dir='ltr'><strong>Petrum</strong></span> <span class='ocrx_word' id='word_1_334' title='bbox 2801 1498 2815 1522; x_wconf 96' lang='lat'><strong>,</strong></span> <span class='ocrx_word' id='word_1_335' title='bbox 2860 1460 3042 1512; x_wconf 86' lang='lat' dir='ltr'><strong>festiue</strong></span> <span class='ocrx_word' id='word_1_336' title='bbox 3073 1462 3302 1526; x_wconf 84' lang='lat' dir='ltr'><strong>pervenit</strong></span> <span class='ocrx_word' id='word_1_337' title='bbox 3328 1462 3392 1513; x_wconf 84' lang='lat' dir='ltr'><strong>ad</strong></span> 
     </span>
    </p>
   </div>
   <div class='ocr_carea' id='block_1_49' title="bbox 1864 1546 3394 1613">
    <p class='ocr_par' dir='ltr' id='par_1_49' title="bbox 1864 1546 3394 1613">
     <span class='ocr_line' id='line_1_49' title="bbox 1864 1546 3394 1613; baseline 0.001 -16"><span class='ocrx_word' id='word_1_338' title='bbox 1864 1546 2154 1609; x_wconf 87' lang='lat' dir='ltr'><strong>ecclesiam,</strong></span> <span class='ocrx_word' id='word_1_339' title='bbox 2200 1547 2480 1599; x_wconf 87' lang='lat' dir='ltr'><strong>obsecrans</strong></span> <span class='ocrx_word' id='word_1_340' title='bbox 2525 1554 2580 1596; x_wconf 93' lang='lat' dir='ltr'><strong>ut</strong></span> <span class='ocrx_word' id='word_1_341' title='bbox 2626 1560 2717 1610; x_wconf 90' lang='lat' dir='ltr'><strong>pro</strong></span> <span class='ocrx_word' id='word_1_342' title='bbox 2762 1560 2825 1597; x_wconf 92' lang='lat' dir='ltr'><strong>eo</strong></span> <span class='ocrx_word' id='word_1_343' title='bbox 2867 1546 3035 1599; x_wconf 87' lang='lat' dir='ltr'><strong>clerus</strong></span> <span class='ocrx_word' id='word_1_344' title='bbox 3082 1557 3131 1598; x_wconf 89' lang='lat' dir='ltr'><strong>et</strong></span> <span class='ocrx_word' id='word_1_345' title='bbox 3176 1547 3394 1613; x_wconf 82' lang='lat' dir='ltr'><strong>populus</strong></span> 
     </span>
    </p>
   </div>
   <div class='ocr_carea' id='block_1_50' title="bbox 1865 1634 3398 1702">
    <p class='ocr_par' dir='ltr' id='par_1_50' title="bbox 1865 1634 3398 1702">
     <span class='ocr_line' id='line_1_50' title="bbox 1865 1634 3398 1702; baseline -0.001 -16"><span class='ocrx_word' id='word_1_346' title='bbox 1865 1635 1999 1702; x_wconf 84' lang='lat' dir='ltr'><strong>apud</strong></span> <span class='ocrx_word' id='word_1_347' title='bbox 2028 1635 2272 1701; x_wconf 87' lang='lat' dir='ltr'><strong>episcopu</strong></span> <span class='ocrx_word' id='word_1_348' title='bbox 2371 1634 2748 1700; x_wconf 88' lang='lat' dir='ltr'><strong>intercederet,</strong></span> <span class='ocrx_word' id='word_1_349' title='bbox 2793 1643 2976 1699; x_wconf 86' lang='lat' dir='ltr'><strong>putans</strong></span> <span class='ocrx_word' id='word_1_350' title='bbox 3012 1635 3147 1701; x_wconf 88' lang='lat' dir='ltr'><strong>quod</strong></span> <span class='ocrx_word' id='word_1_351' title='bbox 3181 1645 3294 1701; x_wconf 89' lang='lat' dir='ltr'><strong>post</strong></span> <span class='ocrx_word' id='word_1_352' title='bbox 3320 1635 3398 1686; x_wconf 82' lang='lat' dir='ltr'><strong>di-</strong></span> 
     </span>
    </p>
   </div>
   <div class='ocr_carea' id='block_1_51' title="bbox 1868 1722 3398 1792">
    <p class='ocr_par' dir='ltr' id='par_1_51' title="bbox 1868 1722 3398 1792">
     <span class='ocr_line' id='line_1_51' title="bbox 1868 1722 3398 1792; baseline -0.001 -14"><span class='ocrx_word' id='word_1_353' title='bbox 1868 1738 2097 1778; x_wconf 89' lang='lat' dir='ltr'><strong>scessum</strong></span> <span class='ocrx_word' id='word_1_354' title='bbox 2137 1725 2261 1789; x_wconf 82' lang='lat' dir='ltr'><strong>&#39;ejus</strong></span> <span class='ocrx_word' id='word_1_355' title='bbox 2315 1722 2425 1788; x_wconf 83' lang='lat' dir='ltr'><strong>ipse</strong></span> <span class='ocrx_word' id='word_1_356' title='bbox 2477 1724 2733 1777; x_wconf 84' lang='lat' dir='ltr'><strong>levaretur</strong></span> <span class='ocrx_word' id='word_1_357' title='bbox 2778 1726 3072 1792; x_wconf 83' lang='lat' dir='ltr'><strong>episcopus.</strong></span> <span class='ocrx_word' id='word_1_358' title='bbox 3124 1726 3398 1778; x_wconf 74' lang='lat' dir='ltr'><strong>Venientes</strong></span> 
     </span>
    </p>
   </div>
   <div class='ocr_carea' id='block_1_52' title="bbox 1869 1812 3400 1879">
    <p class='ocr_par' dir='ltr' id='par_1_52' title="bbox 1869 1812 3400 1879">
     <span class='ocr_line' id='line_1_52' title="bbox 1869 1812 3400 1879; baseline 0.001 -15"><span class='ocrx_word' id='word_1_359' title='bbox 1869 1812 2023 1879; x_wconf 78' lang='lat' dir='ltr'><strong>igitur</strong></span> <span class='ocrx_word' id='word_1_360' title='bbox 2049 1813 2135 1878; x_wconf 89' lang='lat' dir='ltr'><strong>qui</strong></span> <span class='ocrx_word' id='word_1_361' title='bbox 2168 1813 2392 1878; x_wconf 85' lang='lat' dir='ltr'><strong>rogaturi</strong></span> <span class='ocrx_word' id='word_1_362' title='bbox 2423 1812 2652 1877; x_wconf 89' lang='lat' dir='ltr'><strong>fuerant,</strong></span> <span class='ocrx_word' id='word_1_363' title='bbox 2680 1822 2950 1879; x_wconf 61' lang='lat' dir='ltr'><strong>coeperunt</strong></span> <span class='ocrx_word' id='word_1_364' title='bbox 2981 1828 3071 1879; x_wconf 90' lang='lat' dir='ltr'><strong>pro</strong></span> <span class='ocrx_word' id='word_1_365' title='bbox 3098 1814 3218 1865; x_wconf 89' lang='lat' dir='ltr'><strong>Ario</strong></span> <span class='ocrx_word' id='word_1_366' title='bbox 3250 1815 3400 1866; x_wconf 87' lang='lat' dir='ltr'><strong>beato</strong></span> 
     </span>
    </p>
   </div>
   <div class='ocr_carea' id='block_1_53' title="bbox 1871 1900 3400 1968">
    <p class='ocr_par' dir='ltr' id='par_1_53' title="bbox 1871 1900 3400 1968">
     <span class='ocr_line' id='line_1_53' title="bbox 1871 1900 3400 1968; baseline 0 -13"><span class='ocrx_word' id='word_1_367' title='bbox 1871 1903 2112 1968; x_wconf 76' lang='lat' dir='ltr'><strong>episcopo</strong></span> <span class='ocrx_word' id='word_1_368' title='bbox 2155 1900 2479 1967; x_wconf 87' lang='lat' dir='ltr'><strong>supplicare;</strong></span> <span class='ocrx_word' id='word_1_369' title='bbox 2510 1903 2697 1967; x_wconf 89' lang='lat' dir='ltr'><strong>quibus</strong></span> <span class='ocrx_word' id='word_1_370' title='bbox 2736 1914 2942 1954; x_wconf 90' lang='lat' dir='ltr'><strong>sanctus</strong></span> <span class='ocrx_word' id='word_1_371' title='bbox 2983 1905 3252 1968; x_wconf 82' lang='lat' dir='ltr'><strong>episc0pus</strong></span> <span class='ocrx_word' id='word_1_372' title='bbox 3280 1918 3400 1956; x_wconf 90' lang='lat' dir='ltr'><strong>cum</strong></span> 
     </span>
    </p>
   </div>
   <div class='ocr_carea' id='block_1_54' title="bbox 1870 1988 3401 2056">
    <p class='ocr_par' dir='ltr' id='par_1_54' title="bbox 1870 1988 3401 2056">
     <span class='ocr_line' id='line_1_54' title="bbox 1870 1988 3401 2056; baseline 0.001 -16"><span class='ocrx_word' id='word_1_373' title='bbox 1870 2003 2056 2056; x_wconf 84' lang='lat' dir='ltr'><strong>magno</strong></span> <span class='ocrx_word' id='word_1_374' title='bbox 2080 1989 2302 2053; x_wconf 84' lang='lat' dir='ltr'><strong>suspirio</strong></span> <span class='ocrx_word' id='word_1_375' title='bbox 2332 1988 2596 2053; x_wconf 90' lang='lat' dir='ltr'><strong>respondit</strong></span> <span class='ocrx_word' id='word_1_376' title='bbox 2622 2005 2633 2039; x_wconf 92' lang='lat'>:</span> <span class='ocrx_word' id='word_1_377' title='bbox 2666 1989 2793 2052; x_wconf 90' lang='lat' dir='ltr'><strong>Quia</strong></span> <span class='ocrx_word' id='word_1_378' title='bbox 2818 1989 2924 2055; x_wconf 90' lang='lat' dir='ltr'><strong>jam</strong></span> <span class='ocrx_word' id='word_1_379' title='bbox 2954 1990 3105 2042; x_wconf 86' lang='lat' dir='ltr'><strong>Arius</strong></span> <span class='ocrx_word' id='word_1_380' title='bbox 3134 1990 3235 2042; x_wconf 92' lang='lat' dir='ltr'><strong>Deo</strong></span> <span class='ocrx_word' id='word_1_381' title='bbox 3263 2004 3401 2042; x_wconf 86' lang='lat' dir='ltr'><strong>mor-</strong></span> 
     </span>
    </p>
   </div>
   <div class='ocr_carea' id='block_1_55' title="bbox 1872 2075 3402 2143">
    <p class='ocr_par' dir='ltr' id='par_1_55' title="bbox 1872 2075 3402 2143">
     <span class='ocr_line' id='line_1_55' title="bbox 1872 2075 3402 2143; baseline 0.002 -15"><span class='ocrx_word' id='word_1_382' title='bbox 1872 2084 2008 2137; x_wconf 89' lang='lat' dir='ltr'><strong>tuus,</strong></span> <span class='ocrx_word' id='word_1_383' title='bbox 2038 2090 2065 2126; x_wconf 91' lang='lat' dir='ltr'><strong>a</strong></span> <span class='ocrx_word' id='word_1_384' title='bbox 2098 2076 2225 2127; x_wconf 84' lang='lat' dir='ltr'><strong>facie</strong></span> <span class='ocrx_word' id='word_1_385' title='bbox 2254 2076 2342 2127; x_wconf 89' lang='lat' dir='ltr'><strong>Dei</strong></span> <span class='ocrx_word' id='word_1_386' title='bbox 2373 2075 2634 2143; x_wconf 77' lang='lat' dir='ltr'><strong>proiectus</strong></span> <span class='ocrx_word' id='word_1_387' title='bbox 2660 2086 2820 2141; x_wconf 89' lang='lat' dir='ltr'><strong>esset,</strong></span> <span class='ocrx_word' id='word_1_388' title='bbox 2850 2077 2968 2142; x_wconf 90' lang='lat' dir='ltr'><strong>quia</strong></span> <span class='ocrx_word' id='word_1_389' title='bbox 2994 2078 3215 2143; x_wconf 88' lang='lat' dir='ltr'><strong>graviter</strong></span> <span class='ocrx_word' id='word_1_390' title='bbox 3241 2078 3293 2130; x_wconf 90' lang='lat' dir='ltr'><strong>in</strong></span> <span class='ocrx_word' id='word_1_391' title='bbox 3312 2092 3402 2131; x_wconf 81' lang='lat' dir='ltr'><strong>es-</strong></span> 
     </span>
    </p>
   </div>
   <div class='ocr_carea' id='block_1_56' title="bbox 1871 2162 3399 2232">
    <p class='ocr_par' dir='ltr' id='par_1_56' title="bbox 1871 2162 3399 2232">
     <span class='ocr_line' id='line_1_56' title="bbox 1871 2162 3399 2232; baseline -0.002 -15"><span class='ocrx_word' id='word_1_392' title='bbox 1871 2164 2035 2217; x_wconf 89' lang='lat' dir='ltr'><strong>sentia</strong></span> <span class='ocrx_word' id='word_1_393' title='bbox 2066 2162 2282 2216; x_wconf 84' lang='lat' dir='ltr'><strong>Deitatis</strong></span> <span class='ocrx_word' id='word_1_394' title='bbox 2310 2163 2715 2229; x_wconf 86' lang='lat' dir='ltr'><strong>blasphemasset</strong></span> <span class='ocrx_word' id='word_1_395' title='bbox 2737 2205 2749 2226; x_wconf 90' lang='lat'><strong>,</strong></span> <span class='ocrx_word' id='word_1_396' title='bbox 2780 2164 3132 2232; x_wconf 85' lang='lat' dir='ltr'><strong>dogmatizans</strong></span> <span class='ocrx_word' id='word_1_397' title='bbox 3161 2165 3361 2218; x_wconf 85' lang='lat' dir='ltr'><strong>Patrem</strong></span> <span class='ocrx_word' id='word_1_398' title='bbox 3386 2207 3399 2229; x_wconf 89' lang='lat'><strong>,</strong></span> 
     </span>
    </p>
   </div>
   <div class='ocr_carea' id='block_1_57' title="bbox 1871 2250 3403 2315">
    <p class='ocr_par' dir='ltr' id='par_1_57' title="bbox 1871 2250 3403 2315">
     <span class='ocr_line' id='line_1_57' title="bbox 1871 2250 3403 2315; baseline 0.001 -12"><span class='ocrx_word' id='word_1_399' title='bbox 1871 2258 1927 2303; x_wconf 92' lang='lat' dir='ltr'><strong>et</strong></span> <span class='ocrx_word' id='word_1_400' title='bbox 1952 2250 2134 2302; x_wconf 85' lang='lat' dir='ltr'><strong>Filium</strong></span> <span class='ocrx_word' id='word_1_401' title='bbox 2162 2264 2221 2301; x_wconf 90' lang='lat' dir='ltr'><strong>ac</strong></span> <span class='ocrx_word' id='word_1_402' title='bbox 2243 2250 2486 2315; x_wconf 88' lang='lat' dir='ltr'><strong>Spiritum</strong></span> <span class='ocrx_word' id='word_1_403' title='bbox 2513 2260 2743 2301; x_wconf 87' lang='lat' dir='ltr'><strong>sanctum</strong></span> <span class='ocrx_word' id='word_1_404' title='bbox 2776 2264 2875 2301; x_wconf 91' lang='lat' dir='ltr'><strong>non</strong></span> <span class='ocrx_word' id='word_1_405' title='bbox 2903 2264 3020 2303; x_wconf 88' lang='lat' dir='ltr'><strong>esse</strong></span> <span class='ocrx_word' id='word_1_406' title='bbox 3047 2250 3194 2302; x_wconf 91' lang='lat' dir='ltr'><strong>unius</strong></span> <span class='ocrx_word' id='word_1_407' title='bbox 3220 2265 3403 2304; x_wconf 87' lang='lat' dir='ltr'><strong>esseu-</strong></span> 
     </span>
    </p>
   </div>
   <div class='ocr_carea' id='block_1_58' title="bbox 1875 2337 3402 2405">
    <p class='ocr_par' dir='ltr' id='par_1_58' title="bbox 1875 2337 3402 2405">
     <span class='ocr_line' id='line_1_58' title="bbox 1875 2337 3402 2405; baseline -0.002 -15"><span class='ocrx_word' id='word_1_408' title='bbox 1875 2340 1957 2392; x_wconf 73' lang='lat' dir='ltr'><strong>tixe</strong></span> <span class='ocrx_word' id='word_1_409' title='bbox 1993 2350 2045 2394; x_wconf 90' lang='lat' dir='ltr'><strong>et</strong></span> <span class='ocrx_word' id='word_1_410' title='bbox 2086 2348 2302 2391; x_wconf 72' lang='lat' dir='ltr'><strong>naturas.</strong></span> <span class='ocrx_word' id='word_1_411' title='bbox 2350 2339 2411 2390; x_wconf 85' lang='lat' dir='ltr'><strong>Et</strong></span> <span class='ocrx_word' id='word_1_412' title='bbox 2441 2338 2834 2404; x_wconf 72' lang='lat' dir='ltr'><strong>apprehendens</strong></span> <span class='ocrx_word' id='word_1_413' title='bbox 2878 2338 3008 2389; x_wconf 89' lang='lat' dir='ltr'><strong>duos</strong></span> <span class='ocrx_word' id='word_1_414' title='bbox 3054 2337 3402 2405; x_wconf 87' lang='lat' dir='ltr'><strong>presbyteros,</strong></span> 
     </span>
    </p>
   </div>
   <div class='ocr_carea' id='block_1_59' title="bbox 1875 2422 3405 2489">
    <p class='ocr_par' dir='ltr' id='par_1_59' title="bbox 1875 2422 3405 2489">
     <span class='ocr_line' id='line_1_59' title="bbox 1875 2422 3405 2489; baseline -0.004 -5"><span class='ocrx_word' id='word_1_415' title='bbox 1875 2422 2224 2484; x_wconf 81' lang='lat' dir='ltr'><strong>Alexandrum</strong></span> <span class='ocrx_word' id='word_1_416' title='bbox 2248 2438 2297 2481; x_wconf 91' lang='lat' dir='ltr'><strong>et</strong></span> <span class='ocrx_word' id='word_1_417' title='bbox 2328 2429 2605 2489; x_wconf 82' lang='lat' dir='ltr'><strong>Achillam,</strong></span> <span class='ocrx_word' id='word_1_418' title='bbox 2634 2429 2697 2479; x_wconf 90' lang='lat' dir='ltr'><strong>de</strong></span> <span class='ocrx_word' id='word_1_419' title='bbox 2726 2429 2871 2479; x_wconf 81' lang='lat' dir='ltr'><strong>turba</strong></span> <span class='ocrx_word' id='word_1_420' title='bbox 2903 2441 3136 2480; x_wconf 87' lang='lat' dir='ltr'><strong>seorsum</strong></span> <span class='ocrx_word' id='word_1_421' title='bbox 3156 2466 3172 2489; x_wconf 93' lang='lat'><strong>,</strong></span> <span class='ocrx_word' id='word_1_422' title='bbox 3201 2428 3273 2477; x_wconf 92' lang='lat' dir='ltr'><strong>ait</strong></span> <span class='ocrx_word' id='word_1_423' title='bbox 3298 2426 3405 2478; x_wconf 90' lang='lat' dir='ltr'><strong>illis</strong></span> 
     </span>
    </p>
   </div>
   <div class='ocr_carea' id='block_1_60' title="bbox 1875 2514 3407 2582">
    <p class='ocr_par' dir='ltr' id='par_1_60' title="bbox 1875 2514 3407 2582">
     <span class='ocr_line' id='line_1_60' title="bbox 1875 2514 3407 2582; baseline -0.004 -11"><span class='ocrx_word' id='word_1_424' title='bbox 1875 2526 2074 2571; x_wconf 89' lang='lat' dir='ltr'><strong>secrete</strong></span> <span class='ocrx_word' id='word_1_425' title='bbox 2102 2532 2116 2569; x_wconf 89' lang='lat'><strong>:</strong></span> <span class='ocrx_word' id='word_1_426' title='bbox 2148 2517 2254 2582; x_wconf 86' lang='lat' dir='ltr'><strong>Ego</strong></span> <span class='ocrx_word' id='word_1_427' title='bbox 2278 2517 2483 2581; x_wconf 78' lang='lat' dir='ltr'><strong>quidem</strong></span> <span class='ocrx_word' id='word_1_428' title='bbox 2511 2516 2608 2569; x_wconf 88' lang='lat' dir='ltr'><strong>etsi</strong></span> <span class='ocrx_word' id='word_1_429' title='bbox 2649 2524 2887 2580; x_wconf 87' lang='lat' dir='ltr'><strong>peccator</strong></span> <span class='ocrx_word' id='word_1_430' title='bbox 2924 2529 3065 2578; x_wconf 86' lang='lat' dir='ltr'><strong>sum,</strong></span> <span class='ocrx_word' id='word_1_431' title='bbox 3100 2524 3267 2565; x_wconf 90' lang='lat' dir='ltr'><strong>tamen</strong></span> <span class='ocrx_word' id='word_1_432' title='bbox 3298 2514 3407 2565; x_wconf 92' lang='lat' dir='ltr'><strong>scio</strong></span> 
     </span>
    </p>
   </div>
   <div class='ocr_carea' id='block_1_61' title="bbox 1876 2601 3409 2667">
    <p class='ocr_par' dir='ltr' id='par_1_61' title="bbox 1876 2601 3409 2667">
     <span class='ocr_line' id='line_1_61' title="bbox 1876 2601 3409 2667; baseline -0.003 -9"><span class='ocrx_word' id='word_1_433' title='bbox 1876 2620 1959 2658; x_wconf 87' lang='lat' dir='ltr'><strong>me</strong></span> <span class='ocrx_word' id='word_1_434' title='bbox 1984 2606 2255 2657; x_wconf 86' lang='lat' dir='ltr'><strong>vocatione</strong></span> <span class='ocrx_word' id='word_1_435' title='bbox 2282 2604 2481 2657; x_wconf 75' lang='lat' dir='ltr'><strong>ccelesti</strong></span> <span class='ocrx_word' id='word_1_436' title='bbox 2512 2604 2573 2654; x_wconf 87' lang='lat' dir='ltr'><strong>ad</strong></span> <span class='ocrx_word' id='word_1_437' title='bbox 2613 2603 2747 2654; x_wconf 91' lang='lat' dir='ltr'><strong>hunc</strong></span> <span class='ocrx_word' id='word_1_438' title='bbox 2784 2615 2999 2667; x_wconf 86' lang='lat' dir='ltr'><strong>agonem</strong></span> <span class='ocrx_word' id='word_1_439' title='bbox 3033 2601 3260 2667; x_wconf 89' lang='lat' dir='ltr'><strong>martyrii</strong></span> <span class='ocrx_word' id='word_1_440' title='bbox 3290 2614 3409 2653; x_wconf 88' lang='lat' dir='ltr'><strong>esse</strong></span> 
     </span>
    </p>
   </div>
   <div class='ocr_carea' id='block_1_62' title="bbox 1879 2687 3406 2757">
    <p class='ocr_par' dir='ltr' id='par_1_62' title="bbox 1879 2687 3406 2757">
     <span class='ocr_line' id='line_1_62' title="bbox 1879 2687 3406 2757; baseline -0.001 -16"><span class='ocrx_word' id='word_1_441' title='bbox 1879 2703 2135 2744; x_wconf 84' lang='lat' dir='ltr'><strong>vocatum.</strong></span> <span class='ocrx_word' id='word_1_442' title='bbox 2170 2690 2323 2743; x_wconf 83' lang='lat' dir='ltr'><strong>Vobis</strong></span> <span class='ocrx_word' id='word_1_443' title='bbox 2349 2691 2501 2757; x_wconf 89' lang='lat' dir='ltr'><strong>igitur</strong></span> <span class='ocrx_word' id='word_1_444' title='bbox 2528 2691 2777 2741; x_wconf 81' lang='lat' dir='ltr'><strong>conﬁteor</strong></span> <span class='ocrx_word' id='word_1_445' title='bbox 2801 2689 3102 2755; x_wconf 75' lang='lat' dir='ltr'><strong>mysterium</strong></span> <span class='ocrx_word' id='word_1_446' title='bbox 3132 2687 3244 2748; x_wconf 89' lang='lat' dir='ltr'><strong>Dei,</strong></span> <span class='ocrx_word' id='word_1_447' title='bbox 3271 2688 3406 2752; x_wconf 76' lang='lat' dir='ltr'><strong>quod</strong></span> 
     </span>
    </p>
   </div>
   <div class='ocr_carea' id='block_1_63' title="bbox 1877 2774 3405 2842">
    <p class='ocr_par' dir='ltr' id='par_1_63' title="bbox 1877 2774 3405 2842">
     <span class='ocr_line' id='line_1_63' title="bbox 1877 2774 3405 2842; baseline -0.004 -11"><span class='ocrx_word' id='word_1_448' title='bbox 1877 2779 2001 2831; x_wconf 88' lang='lat' dir='ltr'><strong>mihi</strong></span> <span class='ocrx_word' id='word_1_449' title='bbox 2043 2779 2324 2831; x_wconf 87' lang='lat' dir='ltr'><strong>revelatum</strong></span> <span class='ocrx_word' id='word_1_450' title='bbox 2354 2786 2468 2840; x_wconf 88' lang='lat' dir='ltr'><strong>est,</strong></span> <span class='ocrx_word' id='word_1_451' title='bbox 2499 2778 2614 2842; x_wconf 85' lang='lat' dir='ltr'><strong>quia</strong></span> <span class='ocrx_word' id='word_1_452' title='bbox 2642 2790 2733 2826; x_wconf 90' lang='lat' dir='ltr'><strong>vos</strong></span> <span class='ocrx_word' id='word_1_453' title='bbox 2762 2786 2875 2842; x_wconf 86' lang='lat' dir='ltr'><strong>post</strong></span> <span class='ocrx_word' id='word_1_454' title='bbox 2905 2775 3204 2841; x_wconf 83' lang='lat' dir='ltr'><strong>martyrium</strong></span> <span class='ocrx_word' id='word_1_455' title='bbox 3237 2774 3405 2825; x_wconf 75' lang='lat' dir='ltr'><strong>meum</strong></span> 
     </span>
    </p>
   </div>
   <div class='ocr_carea' id='block_1_64' title="bbox 1877 2860 3409 2931">
    <p class='ocr_par' dir='ltr' id='par_1_64' title="bbox 1877 2860 3409 2931">
     <span class='ocr_line' id='line_1_64' title="bbox 1877 2860 3409 2931; baseline -0.007 -10"><span class='ocrx_word' id='word_1_456' title='bbox 1877 2868 2054 2921; x_wconf 89' lang='lat' dir='ltr'><strong>sedem</strong></span> <span class='ocrx_word' id='word_1_457' title='bbox 2083 2876 2134 2919; x_wconf 90' lang='lat' dir='ltr'><strong>ct</strong></span> <span class='ocrx_word' id='word_1_458' title='bbox 2163 2867 2511 2931; x_wconf 76' lang='lat' dir='ltr'><strong>episcopatum</strong></span> <span class='ocrx_word' id='word_1_459' title='bbox 2555 2878 2724 2916; x_wconf 89' lang='lat' dir='ltr'><strong>meum</strong></span> <span class='ocrx_word' id='word_1_460' title='bbox 2754 2861 3079 2915; x_wconf 85' lang='lat' dir='ltr'><strong>consecuturi</strong></span> <span class='ocrx_word' id='word_1_461' title='bbox 3108 2860 3254 2925; x_wconf 84' lang='lat' dir='ltr'><strong>estis,</strong></span> <span class='ocrx_word' id='word_1_462' title='bbox 3281 2868 3331 2913; x_wconf 91' lang='lat' dir='ltr'><strong>et</strong></span> <span class='ocrx_word' id='word_1_463' title='bbox 3360 2870 3409 2911; x_wconf 90' lang='lat' dir='ltr'><strong>tu</strong></span> 
     </span>
    </p>
   </div>
   <div class='ocr_carea' id='block_1_65' title="bbox 1880 2946 3413 3022">
    <p class='ocr_par' dir='ltr' id='par_1_65' title="bbox 1880 2946 3413 3022">
     <span class='ocr_line' id='line_1_65' title="bbox 1880 2946 3413 3022; baseline -0.007 -14"><span class='ocrx_word' id='word_1_464' title='bbox 1880 2955 2088 3022; x_wconf 89' lang='lat' dir='ltr'><strong>quidem</strong></span> <span class='ocrx_word' id='word_1_465' title='bbox 2121 2955 2315 3020; x_wconf 79' lang='lat' dir='ltr'><strong>primus</strong></span> <span class='ocrx_word' id='word_1_466' title='bbox 2356 2952 2554 3004; x_wconf 83' lang='lat' dir='ltr'><strong>Achilla</strong></span> <span class='ocrx_word' id='word_1_467' title='bbox 2579 2991 2593 3013; x_wconf 97' lang='lat'><strong>,</strong></span> <span class='ocrx_word' id='word_1_468' title='bbox 2634 2960 2747 3017; x_wconf 90' lang='lat' dir='ltr'><strong>post</strong></span> <span class='ocrx_word' id='word_1_469' title='bbox 2790 2959 2838 3000; x_wconf 90' lang='lat' dir='ltr'><strong>te</strong></span> <span class='ocrx_word' id='word_1_470' title='bbox 2868 2964 2987 3000; x_wconf 87' lang='lat' dir='ltr'><strong>vero</strong></span> <span class='ocrx_word' id='word_1_471' title='bbox 3017 2948 3322 2999; x_wconf 83' lang='lat' dir='ltr'><strong>Alexander.</strong></span> <span class='ocrx_word' id='word_1_472' title='bbox 3358 2946 3413 2998; x_wconf 89' lang='lat' dir='ltr'><strong>In</strong></span> 
     </span>
    </p>
   </div>
   <div class='ocr_carea' id='block_1_66' title="bbox 1881 3033 3410 3101">
    <p class='ocr_par' dir='ltr' id='par_1_66' title="bbox 1881 3033 3410 3101">
     <span class='ocr_line' id='line_1_66' title="bbox 1881 3033 3410 3101; baseline -0.007 -8"><span class='ocrx_word' id='word_1_473' title='bbox 1881 3043 1976 3094; x_wconf 86' lang='lat' dir='ltr'><strong>hac</strong></span> <span class='ocrx_word' id='word_1_474' title='bbox 2025 3041 2146 3092; x_wconf 87' lang='lat' dir='ltr'><strong>hora</strong></span> <span class='ocrx_word' id='word_1_475' title='bbox 2195 3040 2379 3101; x_wconf 85' lang='lat' dir='ltr'><strong>noctis,</strong></span> <span class='ocrx_word' id='word_1_476' title='bbox 2426 3047 2480 3089; x_wconf 92' lang='lat' dir='ltr'><strong>ut</strong></span> <span class='ocrx_word' id='word_1_477' title='bbox 2510 3037 2656 3088; x_wconf 88' lang='lat' dir='ltr'><strong>vobis</strong></span> <span class='ocrx_word' id='word_1_478' title='bbox 2687 3046 2845 3087; x_wconf 87' lang='lat' dir='ltr'><strong>totum</strong></span> <span class='ocrx_word' id='word_1_479' title='bbox 2892 3035 2957 3087; x_wconf 90' lang='lat' dir='ltr'><strong>de</strong></span> <span class='ocrx_word' id='word_1_480' title='bbox 3000 3033 3123 3086; x_wconf 80' lang='lat' dir='ltr'><strong>Ario</strong></span> <span class='ocrx_word' id='word_1_481' title='bbox 3160 3034 3410 3099; x_wconf 86' lang='lat' dir='ltr'><strong>aperiam,</strong></span> 
     </span>
    </p>
   </div>
   <div class='ocr_carea' id='block_1_67' title="bbox 1881 3122 3411 3184">
    <p class='ocr_par' dir='ltr' id='par_1_67' title="bbox 1881 3122 3411 3184">
     <span class='ocr_line' id='line_1_67' title="bbox 1881 3122 3411 3184; baseline -0.007 0"><span class='ocrx_word' id='word_1_482' title='bbox 1881 3146 1997 3184; x_wconf 92' lang='lat' dir='ltr'><strong>cum</strong></span> <span class='ocrx_word' id='word_1_483' title='bbox 2024 3130 2239 3184; x_wconf 87' lang='lat' dir='ltr'><strong>solemni</strong></span> <span class='ocrx_word' id='word_1_484' title='bbox 2269 3127 2640 3181; x_wconf 89' lang='lat' dir='ltr'><strong>consuetudine</strong></span> <span class='ocrx_word' id='word_1_485' title='bbox 2668 3127 2771 3178; x_wconf 90' lang='lat' dir='ltr'><strong>Deo</strong></span> <span class='ocrx_word' id='word_1_486' title='bbox 2794 3122 3099 3177; x_wconf 82' lang='lat' dir='ltr'><strong>sacriﬁcium</strong></span> <span class='ocrx_word' id='word_1_487' title='bbox 3124 3122 3411 3173; x_wconf 89' lang='lat' dir='ltr'><strong>orationum</strong></span> 
     </span>
    </p>
   </div>
   <div class='ocr_carea' id='block_1_68' title="bbox 1884 3214 3410 3289">
    <p class='ocr_par' dir='ltr' id='par_1_68' title="bbox 1884 3214 3410 3289">
     <span class='ocr_line' id='line_1_68' title="bbox 1884 3214 3410 3289; baseline -0.007 -13"><span class='ocrx_word' id='word_1_488' title='bbox 1884 3236 2321 3277; x_wconf 85' lang='lat' dir='ltr'><strong>consummassem</strong></span> <span class='ocrx_word' id='word_1_489' title='bbox 2342 3262 2355 3282; x_wconf 91' lang='lat'><strong>,</strong></span> <span class='ocrx_word' id='word_1_490' title='bbox 2385 3235 2508 3274; x_wconf 89' lang='lat' dir='ltr'><strong>ecce</strong></span> <span class='ocrx_word' id='word_1_491' title='bbox 2534 3220 2705 3272; x_wconf 87' lang='lat' dir='ltr'><strong>subito</strong></span> <span class='ocrx_word' id='word_1_492' title='bbox 2734 3217 2970 3289; x_wconf 84' lang='lat' dir='ltr'><strong>apparuit</strong></span> <span class='ocrx_word' id='word_1_493' title='bbox 2999 3215 3123 3267; x_wconf 85' lang='lat' dir='ltr'><strong>milii</strong></span> <span class='ocrx_word' id='word_1_494' title='bbox 3154 3216 3201 3266; x_wconf 90' lang='lat' dir='ltr'><strong>in</strong></span> <span class='ocrx_word' id='word_1_495' title='bbox 3236 3214 3410 3266; x_wconf 89' lang='lat' dir='ltr'><strong>habitu</strong></span> 
     </span>
    </p>
   </div>
   <div class='ocr_carea' id='block_1_69' title="bbox 1887 3303 3410 3383">
    <p class='ocr_par' dir='ltr' id='par_1_69' title="bbox 1887 3303 3410 3383">
     <span class='ocr_line' id='line_1_69' title="bbox 1887 3303 3410 3383; baseline -0.009 -19"><span class='ocrx_word' id='word_1_496' title='bbox 1887 3312 2029 3383; x_wconf 47' lang='lat' dir='ltr'><strong>pueri</strong></span> <span class='ocrx_word' id='word_1_497' title='bbox 2066 3310 2300 3362; x_wconf 90' lang='lat' dir='ltr'><strong>Christus</strong></span> <span class='ocrx_word' id='word_1_498' title='bbox 2330 3308 2579 3361; x_wconf 90' lang='lat' dir='ltr'><strong>Dominus</strong></span> <span class='ocrx_word' id='word_1_499' title='bbox 2609 3321 2781 3368; x_wconf 88' lang='lat' dir='ltr'><strong>meus;</strong></span> <span class='ocrx_word' id='word_1_500' title='bbox 2823 3306 2884 3355; x_wconf 89' lang='lat' dir='ltr'><strong>ad</strong></span> <span class='ocrx_word' id='word_1_501' title='bbox 2913 3304 3056 3369; x_wconf 89' lang='lat' dir='ltr'><strong>cujus</strong></span> <span class='ocrx_word' id='word_1_502' title='bbox 3088 3303 3410 3368; x_wconf 72' lang='lat' dir='ltr'><strong>prmsentiam</strong></span> 
     </span>
    </p>
   </div>
   <div class='ocr_carea' id='block_1_70' title="bbox 1884 3392 3414 3467">
    <p class='ocr_par' dir='ltr' id='par_1_70' title="bbox 1884 3392 3414 3467">
     <span class='ocr_line' id='line_1_70' title="bbox 1884 3392 3414 3467; baseline -0.008 -12"><span class='ocrx_word' id='word_1_503' title='bbox 1884 3400 2160 3467; x_wconf 86' lang='lat' dir='ltr'><strong>splendore</strong></span> <span class='ocrx_word' id='word_1_504' title='bbox 2200 3396 2355 3450; x_wconf 90' lang='lat' dir='ltr'><strong>nimio</strong></span> <span class='ocrx_word' id='word_1_505' title='bbox 2400 3397 2702 3457; x_wconf 85' lang='lat' dir='ltr'><strong>illustratus,</strong></span> <span class='ocrx_word' id='word_1_506' title='bbox 2747 3394 2941 3445; x_wconf 84' lang='lat' dir='ltr'><strong>vultum</strong></span> <span class='ocrx_word' id='word_1_507' title='bbox 2982 3393 3265 3455; x_wconf 87' lang='lat' dir='ltr'><strong>majestatis</strong></span> <span class='ocrx_word' id='word_1_508' title='bbox 3303 3392 3414 3453; x_wconf 85' lang='lat' dir='ltr'><strong>ejus</strong></span> 
     </span>
    </p>
   </div>
   <div class='ocr_carea' id='block_1_71' title="bbox 1890 3478 3414 3551">
    <p class='ocr_par' dir='ltr' id='par_1_71' title="bbox 1890 3478 3414 3551">
     <span class='ocr_line' id='line_1_71' title="bbox 1890 3478 3414 3551; baseline -0.007 -11"><span class='ocrx_word' id='word_1_509' title='bbox 1890 3504 1987 3540; x_wconf 90' lang='lat' dir='ltr'><strong>non</strong></span> <span class='ocrx_word' id='word_1_510' title='bbox 2018 3486 2247 3539; x_wconf 88' lang='lat' dir='ltr'><strong>valebam</strong></span> <span class='ocrx_word' id='word_1_511' title='bbox 2294 3484 2547 3551; x_wconf 89' lang='lat' dir='ltr'><strong>aspicere.</strong></span> <span class='ocrx_word' id='word_1_512' title='bbox 2596 3483 2718 3533; x_wconf 79' lang='lat' dir='ltr'><strong>Erat</strong></span> <span class='ocrx_word' id='word_1_513' title='bbox 2754 3490 2921 3532; x_wconf 90' lang='lat' dir='ltr'><strong>autem</strong></span> <span class='ocrx_word' id='word_1_514' title='bbox 2969 3479 3174 3531; x_wconf 82' lang='lat' dir='ltr'><strong>indutus</strong></span> <span class='ocrx_word' id='word_1_515' title='bbox 3212 3478 3414 3531; x_wconf 83' lang='lat' dir='ltr'><strong>colobio</strong></span> 
     </span>
    </p>
   </div>
   <div class='ocr_carea' id='block_1_72' title="bbox 1448 3572 2202 3635">
    <p class='ocr_par' dir='ltr' id='par_1_72' title="bbox 1448 3572 2202 3635">
     <span class='ocr_line' id='line_1_72' title="bbox 1448 3572 2202 3635; baseline 0.003 -10"><span class='ocrx_word' id='word_1_516' title='bbox 1448 3572 1623 3627; x_wconf 84' lang='lat' dir='ltr'><strong>EDITI</strong></span> <span class='ocrx_word' id='word_1_517' title='bbox 1651 3579 1667 3625; x_wconf 82' lang='lat' dir='ltr'><strong>l</strong></span> <span class='ocrx_word' id='word_1_518' title='bbox 1708 3578 2202 3635; x_wconf 76' lang='lat' dir='ltr'><strong>BOLLANDIANA.</strong></span> 
     </span>
    </p>
   </div>
   <div class='ocr_carea' id='block_1_73' title="bbox 331 3653 1781 3719">
    <p class='ocr_par' dir='ltr' id='par_1_73' title="bbox 331 3653 1781 3719">
     <span class='ocr_line' id='line_1_73' title="bbox 331 3653 1781 3719; baseline 0.005 -14"><span class='ocrx_word' id='word_1_519' title='bbox 331 3653 390 3705; x_wconf 80' lang='grc' dir='ltr'><strong>ν.</strong></span> <span class='ocrx_word' id='word_1_520' title='bbox 420 3653 503 3714; x_wconf 86' lang='lat' dir='ltr'><strong>C.,</strong></span> <span class='ocrx_word' id='word_1_521' title='bbox 531 3653 724 3705; x_wconf 82' lang='lat' dir='ltr'><strong>Eodem</strong></span> <span class='ocrx_word' id='word_1_522' title='bbox 754 3654 836 3706; x_wconf 88' lang='lat' dir='ltr'><strong>die</strong></span> <span class='ocrx_word' id='word_1_523' title='bbox 858 3655 912 3707; x_wconf 89' lang='lat' dir='ltr'><strong>S.</strong></span> <span class='ocrx_word' id='word_1_524' title='bbox 946 3656 1232 3709; x_wconf 85' lang='lat' dir='ltr'><strong>Eleutherii</strong></span> <span class='ocrx_word' id='word_1_525' title='bbox 1280 3668 1329 3709; x_wconf 89' lang='lat' dir='ltr'><strong>et</strong></span> <span class='ocrx_word' id='word_1_526' title='bbox 1360 3659 1587 3714; x_wconf 81' lang='lat' dir='ltr'><strong>Maximi.</strong></span> <span class='ocrx_word' id='word_1_527' title='bbox 1641 3666 1703 3716; x_wconf 81' lang='lat' dir='ltr'><strong>Et</strong></span> <span class='ocrx_word' id='word_1_528' title='bbox 1728 3669 1781 3719; x_wconf 80' lang='lat' dir='ltr'><strong>S.</strong></span> 
     </span>
    </p>
   </div>
   <div class='ocr_carea' id='block_1_74' title="bbox 257 3720 1784 3788">
    <p class='ocr_par' dir='ltr' id='par_1_74' title="bbox 257 3720 1784 3788">
     <span class='ocr_line' id='line_1_74' title="bbox 257 3720 1784 3788; baseline 0.009 -14"><span class='ocrx_word' id='word_1_529' title='bbox 257 3720 491 3775; x_wconf 78' lang='lat' dir='ltr'><strong>Flaviani</strong></span> <span class='ocrx_word' id='word_1_530' title='bbox 539 3721 767 3788; x_wconf 81' lang='lat' dir='ltr'><strong>episcopi</strong></span> <span class='ocrx_word' id='word_1_531' title='bbox 815 3731 867 3775; x_wconf 89' lang='lat' dir='ltr'><strong>et</strong></span> <span class='ocrx_word' id='word_1_532' title='bbox 907 3723 1238 3776; x_wconf 67' lang='lat' dir='ltr'><strong>coafessoris.</strong></span> <span class='ocrx_word' id='word_1_533' title='bbox 1288 3726 1353 3778; x_wconf 85' lang='lat' dir='ltr'><strong>Et</strong></span> <span class='ocrx_word' id='word_1_534' title='bbox 1402 3730 1457 3780; x_wconf 82' lang='lat' dir='ltr'><strong>S.</strong></span> <span class='ocrx_word' id='word_1_535' title='bbox 1510 3730 1784 3787; x_wconf 72' lang='lat' dir='ltr'><strong>‘liomani</strong></span> 
     </span>
    </p>
   </div>
   <div class='ocr_carea' id='block_1_75' title="bbox 258 3791 570 3858">
    <p class='ocr_par' dir='ltr' id='par_1_75' title="bbox 258 3791 570 3858">
     <span class='ocr_line' id='line_1_75' title="bbox 258 3791 570 3858; baseline -0.01 -16"><span class='ocrx_word' id='word_1_536' title='bbox 258 3791 570 3858; x_wconf 86' lang='lat' dir='ltr'><strong>presbyteri.</strong></span> 
     </span>
    </p>
   </div>
   <div class='ocr_carea' id='block_1_76' title="bbox 326 3878 1788 3951">
    <p class='ocr_par' dir='ltr' id='par_1_76' title="bbox 326 3878 1788 3951">
     <span class='ocr_line' id='line_1_76' title="bbox 326 3878 1788 3951; baseline 0.008 -21"><span class='ocrx_word' id='word_1_537' title='bbox 326 3880 415 3933; x_wconf 75' lang='lat'><strong>25.</strong></span> <span class='ocrx_word' id='word_1_538' title='bbox 447 3907 511 3917; x_wconf 91' lang='lat'><strong><em>—</em></strong></span> <span class='ocrx_word' id='word_1_539' title='bbox 540 3878 625 3931; x_wconf 83' lang='lat' dir='ltr'><strong>Vll</strong></span> <span class='ocrx_word' id='word_1_540' title='bbox 649 3879 776 3932; x_wconf 72' lang='grc' dir='ltr'><strong>ΚΑΙ..</strong></span> <span class='ocrx_word' id='word_1_541' title='bbox 804 3879 980 3933; x_wconf 85' lang='lat' dir='ltr'><strong>Natale</strong></span> <span class='ocrx_word' id='word_1_542' title='bbox 1007 3880 1061 3933; x_wconf 87' lang='lat' dir='ltr'><strong>S.</strong></span> <span class='ocrx_word' id='word_1_543' title='bbox 1086 3883 1113 3919; x_wconf 69' lang='grc' dir='ltr'><strong>ι)</strong></span> <span class='ocrx_word' id='word_1_544' title='bbox 1143 3882 1281 3935; x_wconf 87' lang='lat' dir='ltr'><strong>Petri</strong></span> <span class='ocrx_word' id='word_1_545' title='bbox 1307 3885 1530 3951; x_wconf 84' lang='lat' dir='ltr'><strong>episcopi</strong></span> <span class='ocrx_word' id='word_1_546' title='bbox 1566 3889 1788 3942; x_wconf 82' lang='lat' dir='ltr'><strong>Alexan-</strong></span> 
     </span>
    </p>
   </div>
   <div class='ocr_carea' id='block_1_77' title="bbox 260 3967 1783 4043">
    <p class='ocr_par' dir='ltr' id='par_1_77' title="bbox 260 3967 1783 4043">
     <span class='ocr_line' id='line_1_77' title="bbox 260 3967 1783 4043; baseline 0.007 -24"><span class='ocrx_word' id='word_1_547' title='bbox 260 3967 396 4020; x_wconf 84' lang='lat' dir='ltr'><strong>drini</strong></span> <span class='ocrx_word' id='word_1_548' title='bbox 422 3984 435 4027; x_wconf 87' lang='lat'><strong>;</strong></span> <span class='ocrx_word' id='word_1_549' title='bbox 465 3968 551 4036; x_wconf 87' lang='lat' dir='ltr'><strong>qui</strong></span> <span class='ocrx_word' id='word_1_550' title='bbox 574 3983 689 4021; x_wconf 91' lang='lat' dir='ltr'><strong>eum</strong></span> <span class='ocrx_word' id='word_1_551' title='bbox 730 3978 868 4021; x_wconf 87' lang='lat' dir='ltr'><strong>esset</strong></span> <span class='ocrx_word' id='word_1_552' title='bbox 894 3970 1132 4022; x_wconf 87' lang='lat' dir='ltr'><strong>omnibus</strong></span> <span class='ocrx_word' id='word_1_553' title='bbox 1170 3972 1451 4025; x_wconf 88' lang='lat' dir='ltr'><strong>adornatus</strong></span> <span class='ocrx_word' id='word_1_554' title='bbox 1482 3977 1783 4043; x_wconf 81' lang='lat' dir='ltr'><strong>virtutibus,</strong></span> 
     </span>
    </p>
   </div>
   <div class='ocr_carea' id='block_1_78' title="bbox 262 4054 1786 4128">
    <p class='ocr_par' dir='ltr' id='par_1_78' title="bbox 262 4054 1786 4128">
     <span class='ocr_line' id='line_1_78' title="bbox 262 4054 1786 4128; baseline 0.005 -19"><span class='ocrx_word' id='word_1_555' title='bbox 262 4056 314 4109; x_wconf 91' lang='lat' dir='ltr'><strong>iu</strong></span> <span class='ocrx_word' id='word_1_556' title='bbox 344 4054 625 4123; x_wconf 88' lang='lat' dir='ltr'><strong>Scripturis</strong></span> <span class='ocrx_word' id='word_1_557' title='bbox 647 4071 852 4125; x_wconf 90' lang='lat' dir='ltr'><strong>quoque</strong></span> <span class='ocrx_word' id='word_1_558' title='bbox 873 4056 1060 4110; x_wconf 84' lang='lat' dir='ltr'><strong>divinis</strong></span> <span class='ocrx_word' id='word_1_559' title='bbox 1086 4058 1273 4111; x_wconf 89' lang='lat' dir='ltr'><strong>nullius</strong></span> <span class='ocrx_word' id='word_1_560' title='bbox 1300 4062 1526 4127; x_wconf 84' lang='lat' dir='ltr'><strong>priorum</strong></span> <span class='ocrx_word' id='word_1_561' title='bbox 1551 4065 1786 4128; x_wconf 89' lang='lat' dir='ltr'><strong>inferior,</strong></span> 
     </span>
    </p>
   </div>
   <div class='ocr_carea' id='block_1_79' title="bbox 1902 3660 3413 3725">
    <p class='ocr_par' dir='ltr' id='par_1_79' title="bbox 1902 3660 3413 3725">
     <span class='ocr_line' id='line_1_79' title="bbox 1902 3660 3413 3725; baseline -0.005 -5"><span class='ocrx_word' id='word_1_562' title='bbox 1902 3684 2023 3722; x_wconf 82' lang='lat' dir='ltr'><strong>vere</strong></span> <span class='ocrx_word' id='word_1_563' title='bbox 2051 3666 2295 3721; x_wconf 85' lang='lat' dir='ltr'><strong>sacerdos</strong></span> <span class='ocrx_word' id='word_1_564' title='bbox 2320 3675 2367 3716; x_wconf 91' lang='lat' dir='ltr'><strong>et</strong></span> <span class='ocrx_word' id='word_1_565' title='bbox 2399 3664 2561 3715; x_wconf 86' lang='lat' dir='ltr'><strong>hostia</strong></span> <span class='ocrx_word' id='word_1_566' title='bbox 2595 3663 2717 3722; x_wconf 89' lang='lat' dir='ltr'><strong>Deo,</strong></span> <span class='ocrx_word' id='word_1_567' title='bbox 2758 3661 2927 3713; x_wconf 86' lang='lat' dir='ltr'><strong>subito</strong></span> <span class='ocrx_word' id='word_1_568' title='bbox 2955 3660 3150 3725; x_wconf 89' lang='lat' dir='ltr'><strong>capitur</strong></span> <span class='ocrx_word' id='word_1_569' title='bbox 3174 3670 3325 3725; x_wconf 84' lang='lat' dir='ltr'><strong>atque</strong></span> <span class='ocrx_word' id='word_1_570' title='bbox 3350 3674 3413 3712; x_wconf 81' lang='lat' dir='ltr'><strong>ex</strong></span> 
     </span>
    </p>
   </div>
   <div class='ocr_carea' id='block_1_80' title="bbox 1888 3750 3415 3818">
    <p class='ocr_par' dir='ltr' id='par_1_80' title="bbox 1888 3750 3415 3818">
     <span class='ocr_line' id='line_1_80' title="bbox 1888 3750 3415 3818; baseline -0.005 -10"><span class='ocrx_word' id='word_1_571' title='bbox 1888 3755 2149 3809; x_wconf 83' lang='lat' dir='ltr'><strong>Maximini</strong></span> <span class='ocrx_word' id='word_1_572' title='bbox 2202 3761 2459 3818; x_wconf 69' lang='lat' dir='ltr'><strong>praecepto</strong></span> <span class='ocrx_word' id='word_1_573' title='bbox 2520 3750 2685 3815; x_wconf 88' lang='lat' dir='ltr'><strong>capite</strong></span> <span class='ocrx_word' id='word_1_574' title='bbox 2735 3752 3100 3809; x_wconf 87' lang='lat' dir='ltr'><strong>obtruncatur;</strong></span> <span class='ocrx_word' id='word_1_575' title='bbox 3147 3764 3259 3800; x_wconf 94' lang='lat' dir='ltr'><strong>cum</strong></span> <span class='ocrx_word' id='word_1_576' title='bbox 3313 3762 3415 3813; x_wconf 90' lang='lat' dir='ltr'><strong>quo</strong></span> 
     </span>
    </p>
   </div>
   <div class='ocr_carea' id='block_1_81' title="bbox 1886 3835 3407 3905">
    <p class='ocr_par' dir='ltr' id='par_1_81' title="bbox 1886 3835 3407 3905">
     <span class='ocr_line' id='line_1_81' title="bbox 1886 3835 3407 3905; baseline -0.005 -11"><span class='ocrx_word' id='word_1_577' title='bbox 1886 3843 2040 3895; x_wconf 80' lang='lat' dir='ltr'><strong>simul</strong></span> <span class='ocrx_word' id='word_1_578' title='bbox 2063 3852 2112 3893; x_wconf 90' lang='lat' dir='ltr'><strong>et</strong></span> <span class='ocrx_word' id='word_1_579' title='bbox 2139 3840 2223 3892; x_wconf 90' lang='lat' dir='ltr'><strong>alii</strong></span> <span class='ocrx_word' id='word_1_580' title='bbox 2256 3839 2427 3905; x_wconf 89' lang='lat' dir='ltr'><strong>plures</strong></span> <span class='ocrx_word' id='word_1_581' title='bbox 2454 3853 2517 3891; x_wconf 83' lang='lat' dir='ltr'><strong>ex</strong></span> <span class='ocrx_word' id='word_1_582' title='bbox 2546 3837 2768 3905; x_wconf 64' lang='lat' dir='ltr'><strong>Egypto</strong></span> <span class='ocrx_word' id='word_1_583' title='bbox 2791 3837 3125 3888; x_wconf 89' lang='lat' dir='ltr'><strong>trucidantur.</strong></span> <span class='ocrx_word' id='word_1_584' title='bbox 3150 3835 3407 3901; x_wconf 88' lang='lat' dir='ltr'><strong>Scriptum</strong></span> 
     </span>
    </p>
   </div>
   <div class='ocr_carea' id='block_1_82' title="bbox 1888 3926 2795 3990">
    <p class='ocr_par' dir='ltr' id='par_1_82' title="bbox 1888 3926 2795 3990">
     <span class='ocr_line' id='line_1_82' title="bbox 1888 3926 2795 3990; baseline -0.006 -5"><span class='ocrx_word' id='word_1_585' title='bbox 1888 3933 1941 3985; x_wconf 88' lang='lat' dir='ltr'><strong>in</strong></span> <span class='ocrx_word' id='word_1_586' title='bbox 1976 3931 2199 3983; x_wconf 82' lang='lat' dir='ltr'><strong>Historia</strong></span> <span class='ocrx_word' id='word_1_587' title='bbox 2226 3928 2445 3990; x_wconf 85' lang='lat' dir='ltr'><strong>Eccles.,</strong></span> <span class='ocrx_word' id='word_1_588' title='bbox 2476 3926 2606 3979; x_wconf 87' lang='lat' dir='ltr'><strong>libro</strong></span> <span class='ocrx_word' id='word_1_589' title='bbox 2637 3941 2795 3980; x_wconf 91' lang='lat' dir='ltr'><strong>nono.</strong></span> 
     </span>
    </p>
   </div>
   <div class='ocr_carea' id='block_1_83' title="bbox 1961 4031 3412 4102">
    <p class='ocr_par' dir='ltr' id='par_1_83' title="bbox 1961 4031 3412 4102">
     <span class='ocr_line' id='line_1_83' title="bbox 1961 4031 3412 4102; baseline -0.006 -10"><span class='ocrx_word' id='word_1_590' title='bbox 1961 4040 2019 4092; x_wconf 87' lang='grc' dir='ltr'><strong>Β.</strong></span> <span class='ocrx_word' id='word_1_591' title='bbox 2052 4039 2110 4089; x_wconf 71' lang='grc' dir='ltr'><strong>ν.</strong></span> <span class='ocrx_word' id='word_1_592' title='bbox 2132 4039 2213 4100; x_wconf 90' lang='lat' dir='ltr'><strong>C.,</strong></span> <span class='ocrx_word' id='word_1_593' title='bbox 2243 4038 2305 4088; x_wconf 85' lang='lat' dir='ltr'><strong>Et</strong></span> <span class='ocrx_word' id='word_1_594' title='bbox 2327 4037 2382 4090; x_wconf 90' lang='lat' dir='ltr'><strong>S.</strong></span> <span class='ocrx_word' id='word_1_595' title='bbox 2417 4042 2435 4067; x_wconf 65' lang='grc' dir='ltr'>π</span> <span class='ocrx_word' id='word_1_596' title='bbox 2468 4036 2719 4088; x_wconf 62' lang='lat' dir='ltr'><strong>Galerium</strong></span> <span class='ocrx_word' id='word_1_597' title='bbox 2743 4032 2833 4102; x_wconf 79' lang='grc' dir='ltr'><strong>[ν.</strong></span> <span class='ocrx_word' id='word_1_598' title='bbox 2858 4031 3159 4101; x_wconf 74' lang='lat' dir='ltr'><strong>Ecaterinze]</strong></span> <span class='ocrx_word' id='word_1_599' title='bbox 3184 4032 3412 4099; x_wconf 80' lang='lat' dir='ltr'><strong>virginis.</strong></span> 
     </span>
    </p>
   </div>
   <div class='ocr_carea' id='block_1_84' title="bbox 1602 4149 2053 4207">
    <p class='ocr_par' dir='ltr' id='par_1_84' title="bbox 1602 4149 2053 4207">
     <span class='ocr_line' id='line_1_84' title="bbox 1602 4149 2053 4207; baseline -0.009 0"><span class='ocrx_word' id='word_1_600' title='bbox 1602 4152 1797 4207; x_wconf 73' lang='grc' dir='ltr'><strong>5111ιῖ11</strong></span> <span class='ocrx_word' id='word_1_601' title='bbox 1835 4149 2053 4205; x_wconf 65' lang='grc' dir='ltr'><strong>ΝΟΤίΈ.</strong></span> 
     </span>
    </p>
   </div>
   <div class='ocr_carea' id='block_1_85' title="bbox 334 4230 1800 4306">
    <p class='ocr_par' dir='ltr' id='par_1_85' title="bbox 334 4230 1800 4306">
     <span class='ocr_line' id='line_1_85' title="bbox 334 4230 1800 4306; baseline 0.007 -24"><span class='ocrx_word' id='word_1_602' title='bbox 334 4242 361 4270; x_wconf 79' lang='grc' dir='ltr'>ι</span> <span class='ocrx_word' id='word_1_603' title='bbox 398 4230 633 4306; x_wconf 69' lang='lat' dir='ltr'><strong>flomani.</strong></span> <span class='ocrx_word' id='word_1_604' title='bbox 685 4232 860 4306; x_wconf 67' lang='lat' dir='ltr'><strong>Quem</strong></span> <span class='ocrx_word' id='word_1_605' title='bbox 889 4232 1135 4285; x_wconf 79' lang='lat' dir='ltr'><strong>Martinus</strong></span> <span class='ocrx_word' id='word_1_606' title='bbox 1175 4235 1487 4290; x_wconf 88' lang='lat' dir='ltr'><strong>Turonensis</strong></span> <span class='ocrx_word' id='word_1_607' title='bbox 1532 4241 1800 4306; x_wconf 69' lang='lat' dir='ltr'><strong>episcopus</strong></span> 
     </span>
    </p>
   </div>
   <div class='ocr_carea' id='block_1_86' title="bbox 263 4299 1802 4370">
    <p class='ocr_par' dir='ltr' id='par_1_86' title="bbox 263 4299 1802 4370">
     <span class='ocr_line' id='line_1_86' title="bbox 263 4299 1802 4370; baseline 0.004 -16"><span class='ocrx_word' id='word_1_608' title='bbox 263 4300 545 4370; x_wconf 62' lang='lat' dir='ltr'><strong>sepulturae</strong></span> <span class='ocrx_word' id='word_1_609' title='bbox 571 4299 774 4370; x_wconf 83' lang='lat' dir='ltr'><strong>locavit.</strong></span> <span class='ocrx_word' id='word_1_610' title='bbox 825 4301 913 4352; x_wconf 79' lang='lat' dir='ltr'><strong>Est</strong></span> <span class='ocrx_word' id='word_1_611' title='bbox 942 4310 1112 4353; x_wconf 89' lang='lat' dir='ltr'><strong>autem</strong></span> <span class='ocrx_word' id='word_1_612' title='bbox 1159 4306 1449 4368; x_wconf 86' lang='lat' dir='ltr'><strong>sepulcrum</strong></span> <span class='ocrx_word' id='word_1_613' title='bbox 1496 4299 1609 4370; x_wconf 81' lang='lat' dir='ltr'><strong>ejus</strong></span> <span class='ocrx_word' id='word_1_614' title='bbox 1636 4299 1802 4360; x_wconf 78' lang='lat' dir='ltr'><strong>conti-</strong></span> 
     </span>
    </p>
   </div>
   <div class='ocr_carea' id='block_1_87' title="bbox 263 4367 1795 4435">
    <p class='ocr_par' dir='ltr' id='par_1_87' title="bbox 263 4367 1795 4435">
     <span class='ocr_line' id='line_1_87' title="bbox 263 4367 1795 4435; baseline 0.005 -16"><span class='ocrx_word' id='word_1_615' title='bbox 263 4382 420 4435; x_wconf 78' lang='lat' dir='ltr'><strong>guum</strong></span> <span class='ocrx_word' id='word_1_616' title='bbox 454 4367 706 4421; x_wconf 83' lang='lat' dir='ltr'><strong>Blaviensj</strong></span> <span class='ocrx_word' id='word_1_617' title='bbox 740 4369 952 4435; x_wconf 79' lang='lat' dir='ltr'><strong>castello</strong></span> <span class='ocrx_word' id='word_1_618' title='bbox 980 4384 1135 4431; x_wconf 87' lang='lat' dir='ltr'><strong>super</strong></span> <span class='ocrx_word' id='word_1_619' title='bbox 1162 4367 1301 4424; x_wconf 90' lang='lat' dir='ltr'><strong>littus</strong></span> <span class='ocrx_word' id='word_1_620' title='bbox 1325 4374 1490 4425; x_wconf 84' lang='lat' dir='ltr'><strong>amnis</strong></span> <span class='ocrx_word' id='word_1_621' title='bbox 1517 4367 1795 4429; x_wconf 72' lang='lat' dir='ltr'><strong>Ceronnze.</strong></span> 
     </span>
    </p>
   </div>
   <div class='ocr_carea' id='block_1_88' title="bbox 266 4434 1796 4503">
    <p class='ocr_par' dir='ltr' id='par_1_88' title="bbox 266 4434 1796 4503">
     <span class='ocr_line' id='line_1_88' title="bbox 266 4434 1796 4503; baseline 0.003 -13"><span class='ocrx_word' id='word_1_622' title='bbox 266 4434 433 4490; x_wconf 68' lang='lat' dir='ltr'><strong>(iure.</strong></span> <span class='ocrx_word' id='word_1_623' title='bbox 463 4436 655 4487; x_wconf 67' lang='lat' dir='ltr'><strong>TURON.</strong></span> <span class='ocrx_word' id='word_1_624' title='bbox 688 4436 751 4487; x_wconf 91' lang='lat' dir='ltr'><strong>de</strong></span> <span class='ocrx_word' id='word_1_625' title='bbox 778 4434 921 4487; x_wconf 75' lang='lat' dir='ltr'><strong>Glor.</strong></span> <span class='ocrx_word' id='word_1_626' title='bbox 948 4440 1168 4489; x_wconf 89' lang='lat' dir='ltr'><strong>eonless.</strong></span> <span class='ocrx_word' id='word_1_627' title='bbox 1192 4477 1206 4499; x_wconf 96' lang='lat'><strong>,</strong></span> <span class='ocrx_word' id='word_1_628' title='bbox 1239 4454 1349 4503; x_wconf 91' lang='lat' dir='ltr'><strong>cap.</strong></span> <span class='ocrx_word' id='word_1_629' title='bbox 1380 4441 1468 4492; x_wconf 72' lang='grc'><strong>46.</strong></span> <span class='ocrx_word' id='word_1_630' title='bbox 1516 4444 1585 4495; x_wconf 92' lang='lat' dir='ltr'><strong>lbi</strong></span> <span class='ocrx_word' id='word_1_631' title='bbox 1615 4444 1796 4495; x_wconf 86' lang='lat' dir='ltr'><strong>etiam-</strong></span> 
     </span>
    </p>
   </div>
   <div class='ocr_carea' id='block_1_89' title="bbox 267 4504 1789 4577">
    <p class='ocr_par' dir='ltr' id='par_1_89' title="bbox 267 4504 1789 4577">
     <span class='ocr_line' id='line_1_89' title="bbox 267 4504 1789 4577; baseline 0.003 -19"><span class='ocrx_word' id='word_1_632' title='bbox 267 4522 392 4558; x_wconf 90' lang='lat' dir='ltr'><strong>num</strong></span> <span class='ocrx_word' id='word_1_633' title='bbox 423 4504 604 4577; x_wconf 75' lang='lat' dir='ltr'><strong>visitur</strong></span> <span class='ocrx_word' id='word_1_634' title='bbox 630 4504 834 4577; x_wconf 84' lang='lat' dir='ltr'><strong>abbatia</strong></span> <span class='ocrx_word' id='word_1_635' title='bbox 883 4504 1185 4577; x_wconf 40' lang='grc' dir='ltr'><strong>δημοπιθηρ</strong></span> <span class='ocrx_word' id='word_1_636' title='bbox 1233 4522 1385 4572; x_wconf 89' lang='lat' dir='ltr'><strong>quam</strong></span> <span class='ocrx_word' id='word_1_637' title='bbox 1431 4511 1789 4577; x_wconf 84' lang='lat' dir='ltr'><strong>Augustiniani</strong></span> 
     </span>
    </p>
   </div>
   <div class='ocr_carea' id='block_1_90' title="bbox 268 4572 1789 4640">
    <p class='ocr_par' dir='ltr' id='par_1_90' title="bbox 268 4572 1789 4640">
     <span class='ocr_line' id='line_1_90' title="bbox 268 4572 1789 4640; baseline 0.003 -16"><span class='ocrx_word' id='word_1_638' title='bbox 268 4572 503 4625; x_wconf 83' lang='lat' dir='ltr'><strong>canonici</strong></span> <span class='ocrx_word' id='word_1_639' title='bbox 532 4573 791 4637; x_wconf 83' lang='lat' dir='ltr'><strong>regulares</strong></span> <span class='ocrx_word' id='word_1_640' title='bbox 821 4572 1099 4636; x_wconf 85' lang='lat' dir='ltr'><strong>possident.</strong></span> <span class='ocrx_word' id='word_1_641' title='bbox 1152 4574 1459 4640; x_wconf 88' lang='lat' dir='ltr'><strong>Sigibertus,</strong></span> <span class='ocrx_word' id='word_1_642' title='bbox 1508 4572 1569 4630; x_wconf 76' lang='lat' dir='ltr'><strong>ad</strong></span> <span class='ocrx_word' id='word_1_643' title='bbox 1601 4594 1789 4630; x_wconf 89' lang='lat' dir='ltr'><strong>annum</strong></span> 
     </span>
    </p>
   </div>
   <div class='ocr_carea' id='block_1_91' title="bbox 1905 4230 3417 4298">
    <p class='ocr_par' dir='ltr' id='par_1_91' title="bbox 1905 4230 3417 4298">
     <span class='ocr_line' id='line_1_91' title="bbox 1905 4230 3417 4298; baseline -0.003 -10"><span class='ocrx_word' id='word_1_644' title='bbox 1905 4236 2087 4289; x_wconf 87' lang='lat' dir='ltr'><strong>stituit.</strong></span> <span class='ocrx_word' id='word_1_645' title='bbox 2115 4232 2299 4284; x_wconf 78' lang='lat' dir='ltr'><strong>Passus</strong></span> <span class='ocrx_word' id='word_1_646' title='bbox 2321 4242 2397 4283; x_wconf 91' lang='lat' dir='ltr'><strong>est</strong></span> <span class='ocrx_word' id='word_1_647' title='bbox 2418 4230 2483 4283; x_wconf 72' lang='lat'><strong>29</strong></span> <span class='ocrx_word' id='word_1_648' title='bbox 2513 4231 2704 4283; x_wconf 84' lang='lat' dir='ltr'><strong>mensis</strong></span> <span class='ocrx_word' id='word_1_649' title='bbox 2728 4232 2908 4298; x_wconf 82' lang='lat' dir='ltr'><strong>Athyr,</strong></span> <span class='ocrx_word' id='word_1_650' title='bbox 2941 4234 3025 4297; x_wconf 90' lang='lat' dir='ltr'><strong>qui</strong></span> <span class='ocrx_word' id='word_1_651' title='bbox 3049 4232 3322 4296; x_wconf 86' lang='lat' dir='ltr'><strong>respondet</strong></span> <span class='ocrx_word' id='word_1_652' title='bbox 3349 4230 3417 4283; x_wconf 77' lang='lat'><strong>9.5</strong></span> 
     </span>
    </p>
   </div>
   <div class='ocr_carea' id='block_1_92' title="bbox 1906 4300 3412 4366">
    <p class='ocr_par' dir='ltr' id='par_1_92' title="bbox 1906 4300 3412 4366">
     <span class='ocr_line' id='line_1_92' title="bbox 1906 4300 3412 4366; baseline -0.003 -11"><span class='ocrx_word' id='word_1_653' title='bbox 1906 4304 2095 4357; x_wconf 78' lang='lat' dir='ltr'><strong>mensis</strong></span> <span class='ocrx_word' id='word_1_654' title='bbox 2141 4300 2467 4366; x_wconf 81' lang='lat' dir='ltr'><strong>Novembris,</strong></span> <span class='ocrx_word' id='word_1_655' title='bbox 2505 4316 2619 4351; x_wconf 91' lang='lat' dir='ltr'><strong>eum</strong></span> <span class='ocrx_word' id='word_1_656' title='bbox 2646 4300 2715 4351; x_wconf 78' lang='lat'><strong>‘26</strong></span> <span class='ocrx_word' id='word_1_657' title='bbox 2754 4302 2802 4350; x_wconf 91' lang='lat' dir='ltr'><strong>in</strong></span> <span class='ocrx_word' id='word_1_658' title='bbox 2834 4301 3062 4351; x_wconf 79' lang='lat' dir='ltr'><strong>Ecclesia</strong></span> <span class='ocrx_word' id='word_1_659' title='bbox 3094 4301 3270 4350; x_wconf 80' lang='lat' dir='ltr'><strong>Latina</strong></span> <span class='ocrx_word' id='word_1_660' title='bbox 3299 4300 3412 4365; x_wconf 87' lang='lat' dir='ltr'><strong>ejus</strong></span> 
     </span>
    </p>
   </div>
   <div class='ocr_carea' id='block_1_93' title="bbox 1902 4367 3409 4433">
    <p class='ocr_par' dir='ltr' id='par_1_93' title="bbox 1902 4367 3409 4433">
     <span class='ocr_line' id='line_1_93' title="bbox 1902 4367 3409 4433; baseline -0.005 -8"><span class='ocrx_word' id='word_1_661' title='bbox 1902 4371 2150 4425; x_wconf 88' lang='lat' dir='ltr'><strong>memoria</strong></span> <span class='ocrx_word' id='word_1_662' title='bbox 2182 4370 2471 4420; x_wconf 72' lang='lat' dir='ltr'><strong>celebratur</strong></span> <span class='ocrx_word' id='word_1_663' title='bbox 2500 4373 2548 4419; x_wconf 91' lang='lat' dir='ltr'><strong>in</strong></span> <span class='ocrx_word' id='word_1_664' title='bbox 2582 4369 2811 4419; x_wconf 78' lang='lat' dir='ltr'><strong>Romano</strong></span> <span class='ocrx_word' id='word_1_665' title='bbox 2841 4368 3219 4433; x_wconf 81' lang='lat' dir='ltr'><strong>Martyrologio.</strong></span> <span class='ocrx_word' id='word_1_666' title='bbox 3244 4367 3409 4418; x_wconf 54' lang='lat' dir='ltr'><strong>Graeci</strong></span> 
     </span>
    </p>
   </div>
   <div class='ocr_carea' id='block_1_94' title="bbox 1899 4433 3413 4500">
    <p class='ocr_par' dir='ltr' id='par_1_94' title="bbox 1899 4433 3413 4500">
     <span class='ocr_line' id='line_1_94' title="bbox 1899 4433 3413 4500; baseline -0.002 -11"><span class='ocrx_word' id='word_1_667' title='bbox 1899 4456 1984 4492; x_wconf 76' lang='lat' dir='ltr'><strong>un</strong></span> <span class='ocrx_word' id='word_1_668' title='bbox 2030 4440 2143 4491; x_wconf 85' lang='lat' dir='ltr'><strong>Kal.</strong></span> <span class='ocrx_word' id='word_1_669' title='bbox 2197 4438 2458 4493; x_wconf 82' lang='lat' dir='ltr'><strong>Decemb..</strong></span> <span class='ocrx_word' id='word_1_670' title='bbox 2504 4450 2686 4500; x_wconf 86' lang='lat' dir='ltr'><strong>nempe</strong></span> <span class='ocrx_word' id='word_1_671' title='bbox 2713 4433 2780 4485; x_wconf 52' lang='lat'><strong>‘2“.</strong></span> <span class='ocrx_word' id='word_1_672' title='bbox 2807 4434 3092 4493; x_wconf 79' lang='lat' dir='ltr'><strong>Nov.,eam</strong></span> <span class='ocrx_word' id='word_1_673' title='bbox 3134 4438 3413 4487; x_wconf 88' lang='lat' dir='ltr'><strong>celebrant.</strong></span> 
     </span>
    </p>
   </div>
   <div class='ocr_carea' id='block_1_95' title="bbox 1896 4502 3415 4573">
    <p class='ocr_par' dir='ltr' id='par_1_95' title="bbox 1896 4502 3415 4573">
     <span class='ocr_line' id='line_1_95' title="bbox 1896 4502 3415 4573; baseline -0.004 -14"><span class='ocrx_word' id='word_1_674' title='bbox 1896 4510 2112 4573; x_wconf 61' lang='lat' dir='ltr'><strong>Ctiplllm</strong></span> <span class='ocrx_word' id='word_1_675' title='bbox 2160 4506 2208 4555; x_wconf 93' lang='lat' dir='ltr'><strong>in</strong></span> <span class='ocrx_word' id='word_1_676' title='bbox 2257 4504 2575 4573; x_wconf 77' lang='lat' dir='ltr'><strong>Kalendario</strong></span> <span class='ocrx_word' id='word_1_677' title='bbox 2604 4519 2699 4555; x_wconf 90' lang='lat' dir='ltr'><strong>suo</strong></span> <span class='ocrx_word' id='word_1_678' title='bbox 2728 4504 2799 4573; x_wconf 59' lang='lat' dir='ltr'><strong>ad</strong></span> <span class='ocrx_word' id='word_1_679' title='bbox 2831 4502 2864 4552; x_wconf 69' lang='lat'><strong>‘2</strong></span> <span class='ocrx_word' id='word_1_680' title='bbox 2893 4504 3082 4573; x_wconf 73' lang='lat' dir='ltr'><strong>utensis</strong></span> <span class='ocrx_word' id='word_1_681' title='bbox 3130 4505 3339 4573; x_wconf 23' lang='lat' dir='ltr'><strong>Athyr,“</strong></span> <span class='ocrx_word' id='word_1_682' title='bbox 3366 4504 3415 4553; x_wconf 88' lang='lat' dir='ltr'><strong>in</strong></span> 
     </span>
    </p>
   </div>
   <div class='ocr_carea' id='block_1_96' title="bbox 1893 4570 3412 4638">
    <p class='ocr_par' dir='ltr' id='par_1_96' title="bbox 1893 4570 3412 4638">
     <span class='ocr_line' id='line_1_96' title="bbox 1893 4570 3412 4638; baseline -0.007 -10"><span class='ocrx_word' id='word_1_683' title='bbox 1893 4570 2199 4628; x_wconf 76' lang='lat' dir='ltr'><strong>Seldeniano</strong></span> <span class='ocrx_word' id='word_1_684' title='bbox 2238 4574 2299 4623; x_wconf 88' lang='lat' dir='ltr'><strong>ad</strong></span> <span class='ocrx_word' id='word_1_685' title='bbox 2342 4570 2411 4621; x_wconf 69' lang='grc'><strong>25</strong></span> <span class='ocrx_word' id='word_1_686' title='bbox 2436 4571 2683 4638; x_wconf 63' lang='lat' dir='ltr'><strong>ejusdem.</strong></span> <span class='ocrx_word' id='word_1_687' title='bbox 2726 4570 2910 4623; x_wconf 73' lang='lat' dir='ltr'><strong>Eussa.</strong></span> <span class='ocrx_word' id='word_1_688' title='bbox 2958 4571 3255 4629; x_wconf 62' lang='lat' dir='ltr'><strong>lisxxunnr,</strong></span> <span class='ocrx_word' id='word_1_689' title='bbox 3284 4570 3412 4621; x_wconf 89' lang='lat' dir='ltr'><strong>llist.</strong></span> 
     </span>
    </p>
   </div>
   <div class='ocr_carea' id='block_1_97' title="bbox 269 4638 3408 4718">
    <p class='ocr_par' dir='ltr' id='par_1_97' title="bbox 269 4638 3408 4718">
     <span class='ocr_line' id='line_1_97' title="bbox 269 4638 3408 4718; baseline -0.001 -26"><span class='ocrx_word' id='word_1_690' title='bbox 269 4642 393 4718; x_wconf 39' lang='lat'><strong>585.,</strong></span> <span class='ocrx_word' id='word_1_691' title='bbox 422 4654 572 4718; x_wconf 79' lang='lat' dir='ltr'><strong>quem</strong></span> <span class='ocrx_word' id='word_1_692' title='bbox 601 4642 934 4718; x_wconf 52' lang='lat' dir='ltr'><strong>pendi-timum</strong></span> <span class='ocrx_word' id='word_1_693' title='bbox 968 4640 1191 4718; x_wconf 74' lang='lat' dir='ltr'><strong>Gratiani</strong></span> <span class='ocrx_word' id='word_1_694' title='bbox 1213 4638 1345 4706; x_wconf 78' lang='lat' dir='ltr'><strong>imp.</strong></span> <span class='ocrx_word' id='word_1_695' title='bbox 1379 4638 1535 4718; x_wconf 68' lang='lat' dir='ltr'><strong>fuisse</strong></span> <span class='ocrx_word' id='word_1_696' title='bbox 1561 4647 1703 4709; x_wconf 87' lang='lat' dir='ltr'><strong>dicit,</strong></span> <span class='ocrx_word' id='word_1_697' title='bbox 1734 4664 1793 4699; x_wconf 89' lang='lat' dir='ltr'><strong>ac</strong></span> <span class='ocrx_word' id='word_1_698' title='bbox 1825 4646 1872 4703; x_wconf 91' lang='lat' dir='ltr'><strong>D</strong></span> <span class='ocrx_word' id='word_1_699' title='bbox 1897 4642 2299 4718; x_wconf 67' lang='lat' dir='ltr'><strong>patriarcharum</strong></span> <span class='ocrx_word' id='word_1_700' title='bbox 2329 4639 2577 4693; x_wconf 85' lang='lat' dir='ltr'><strong>Alexand.</strong></span> <span class='ocrx_word' id='word_1_701' title='bbox 2607 4638 2821 4691; x_wconf 84' lang='lat' dir='ltr'><strong>Jacobit.</strong></span> <span class='ocrx_word' id='word_1_702' title='bbox 2857 4642 3058 4698; x_wconf 62' lang='lat' dir='ltr'><strong>besem,</strong></span> <span class='ocrx_word' id='word_1_703' title='bbox 3089 4638 3229 4689; x_wconf 76' lang='lat' dir='ltr'><strong>Eccl.</strong></span> <span class='ocrx_word' id='word_1_704' title='bbox 3279 4639 3408 4690; x_wconf 90' lang='lat' dir='ltr'><strong>llist.</strong></span> 
     </span>
    </p>
   </div>
   <div class='ocr_carea' id='block_1_98' title="bbox 272 4706 1795 4770">
    <p class='ocr_par' dir='ltr' id='par_1_98' title="bbox 272 4706 1795 4770">
     <span class='ocr_line' id='line_1_98' title="bbox 272 4706 1795 4770; baseline 0.007 -13"><span class='ocrx_word' id='word_1_705' title='bbox 272 4708 488 4769; x_wconf 89' lang='lat' dir='ltr'><strong>proinde</strong></span> <span class='ocrx_word' id='word_1_706' title='bbox 513 4721 699 4757; x_wconf 89' lang='lat' dir='ltr'><strong>annum</strong></span> <span class='ocrx_word' id='word_1_707' title='bbox 730 4706 831 4758; x_wconf 72' lang='lat'><strong>582</strong></span> <span class='ocrx_word' id='word_1_708' title='bbox 851 4750 864 4770; x_wconf 88' lang='lat'><strong>,</strong></span> <span class='ocrx_word' id='word_1_709' title='bbox 895 4708 1005 4758; x_wconf 73' lang='lat' dir='ltr'><strong>lucc</strong></span> <span class='ocrx_word' id='word_1_710' title='bbox 1034 4709 1220 4762; x_wconf 88' lang='lat' dir='ltr'><strong>habet:</strong></span> <span class='ocrx_word' id='word_1_711' title='bbox 1274 4728 1291 4760; x_wconf 75' lang='grc' dir='ltr'>ι</span> <span class='ocrx_word' id='word_1_712' title='bbox 1316 4714 1369 4763; x_wconf 84' lang='lat' dir='ltr'><strong>in</strong></span> <span class='ocrx_word' id='word_1_713' title='bbox 1398 4712 1559 4766; x_wconf 88' lang='lat' dir='ltr'><strong>Gallia</strong></span> <span class='ocrx_word' id='word_1_714' title='bbox 1589 4706 1795 4767; x_wconf 86' lang='lat' dir='ltr'><strong>sanctus</strong></span> 
     </span>
    </p>
   </div>
   <div class='ocr_carea' id='block_1_99' title="bbox 274 4774 1057 4832">
    <p class='ocr_par' dir='ltr' id='par_1_99' title="bbox 274 4774 1057 4832">
     <span class='ocr_line' id='line_1_99' title="bbox 274 4774 1057 4832; baseline -0.003 -5"><span class='ocrx_word' id='word_1_715' title='bbox 274 4776 535 4832; x_wconf 74' lang='lat' dir='ltr'><strong>liOmauus</strong></span> <span class='ocrx_word' id='word_1_716' title='bbox 564 4774 845 4827; x_wconf 72' lang='lat' dir='ltr'><strong>Blavien&#39;sis</strong></span> <span class='ocrx_word' id='word_1_717' title='bbox 873 4776 1015 4827; x_wconf 87' lang='lat' dir='ltr'><strong>obiit.</strong></span> <span class='ocrx_word' id='word_1_718' title='bbox 1039 4792 1057 4824; x_wconf 76' lang='grc' dir='ltr'><strong><em>ι</em></strong></span> 
     </span>
    </p>
   </div>
   <div class='ocr_carea' id='block_1_100' title="bbox 344 4841 1790 4911">
    <p class='ocr_par' dir='ltr' id='par_1_100' title="bbox 344 4841 1790 4911">
     <span class='ocr_line' id='line_1_100' title="bbox 344 4841 1790 4911; baseline 0.006 -18"><span class='ocrx_word' id='word_1_719' title='bbox 344 4846 369 4881; x_wconf 77' lang='lat' dir='ltr'><strong>b</strong></span> <span class='ocrx_word' id='word_1_720' title='bbox 410 4841 568 4894; x_wconf 82' lang='lat' dir='ltr'><strong>Petri.</strong></span> <span class='ocrx_word' id='word_1_721' title='bbox 627 4843 718 4894; x_wconf 89' lang='lat' dir='ltr'><strong>Hic</strong></span> <span class='ocrx_word' id='word_1_722' title='bbox 758 4858 786 4894; x_wconf 91' lang='lat' dir='ltr'><strong>a</strong></span> <span class='ocrx_word' id='word_1_723' title='bbox 818 4844 1027 4895; x_wconf 83' lang='lat' dir='ltr'><strong>Tlieona</strong></span> <span class='ocrx_word' id='word_1_724' title='bbox 1071 4847 1311 4911; x_wconf 86' lang='lat' dir='ltr'><strong>episcopo</strong></span> <span class='ocrx_word' id='word_1_725' title='bbox 1350 4848 1699 4901; x_wconf 85' lang='lat' dir='ltr'><strong>Alexandrino</strong></span> <span class='ocrx_word' id='word_1_726' title='bbox 1726 4850 1790 4902; x_wconf 90' lang='lat' dir='ltr'><strong>ad</strong></span> 
     </span>
    </p>
   </div>
   <div class='ocr_carea' id='block_1_101' title="bbox 272 4912 1794 4980">
    <p class='ocr_par' dir='ltr' id='par_1_101' title="bbox 272 4912 1794 4980">
     <span class='ocr_line' id='line_1_101' title="bbox 272 4912 1794 4980; baseline 0.005 -19"><span class='ocrx_word' id='word_1_727' title='bbox 272 4912 598 4962; x_wconf 77' lang='lat' dir='ltr'><strong>diaconatum</strong></span> <span class='ocrx_word' id='word_1_728' title='bbox 622 4926 846 4978; x_wconf 83' lang='lat' dir='ltr'><strong>moxque</strong></span> <span class='ocrx_word' id='word_1_729' title='bbox 870 4914 931 4964; x_wconf 88' lang='lat' dir='ltr'><strong>ad</strong></span> <span class='ocrx_word' id='word_1_730' title='bbox 961 4915 1301 4965; x_wconf 87' lang='lat' dir='ltr'><strong>sacerdotium</strong></span> <span class='ocrx_word' id='word_1_731' title='bbox 1331 4926 1593 4980; x_wconf 87' lang='lat' dir='ltr'><strong>promotus</strong></span> <span class='ocrx_word' id='word_1_732' title='bbox 1614 4929 1713 4978; x_wconf 89' lang='lat' dir='ltr'><strong>est,</strong></span> <span class='ocrx_word' id='word_1_733' title='bbox 1743 4928 1794 4969; x_wconf 93' lang='lat' dir='ltr'><strong>et</strong></span> 
     </span>
    </p>
   </div>
   <div class='ocr_carea' id='block_1_102' title="bbox 272 4980 1791 5050">
    <p class='ocr_par' dir='ltr' id='par_1_102' title="bbox 272 4980 1791 5050">
     <span class='ocr_line' id='line_1_102' title="bbox 272 4980 1791 5050; baseline 0.005 -20"><span class='ocrx_word' id='word_1_734' title='bbox 272 4980 501 5050; x_wconf 86' lang='lat' dir='ltr'><strong>&#39;l‘heona_</strong></span> <span class='ocrx_word' id='word_1_735' title='bbox 534 4990 735 5050; x_wconf 82' lang='lat' dir='ltr'><strong>mortuo</strong></span> <span class='ocrx_word' id='word_1_736' title='bbox 774 4982 910 5033; x_wconf 86' lang='lat' dir='ltr'><strong>circa</strong></span> <span class='ocrx_word' id='word_1_737' title='bbox 948 4996 1033 5033; x_wconf 92' lang='lat' dir='ltr'><strong>an.</strong></span> <span class='ocrx_word' id='word_1_738' title='bbox 1075 4980 1195 5043; x_wconf 80' lang='lat'><strong>500,</strong></span> <span class='ocrx_word' id='word_1_739' title='bbox 1246 4982 1291 5033; x_wconf 90' lang='lat' dir='ltr'><strong>ei</strong></span> <span class='ocrx_word' id='word_1_740' title='bbox 1346 4986 1393 5035; x_wconf 91' lang='lat' dir='ltr'><strong>in</strong></span> <span class='ocrx_word' id='word_1_741' title='bbox 1438 4986 1791 5050; x_wconf 88' lang='lat' dir='ltr'><strong>episcopatum</strong></span> 
     </span>
    </p>
   </div>
   <div class='ocr_carea' id='block_1_103' title="bbox 273 5046 1791 5117">
    <p class='ocr_par' dir='ltr' id='par_1_103' title="bbox 273 5046 1791 5117">
     <span class='ocr_line' id='line_1_103' title="bbox 273 5046 1791 5117; baseline 0.003 -19"><span class='ocrx_word' id='word_1_742' title='bbox 273 5046 544 5099; x_wconf 87' lang='lat' dir='ltr'><strong>successit.</strong></span> <span class='ocrx_word' id='word_1_743' title='bbox 590 5046 689 5117; x_wconf 64' lang='lat' dir='ltr'><strong>Pet:</strong></span> <span class='ocrx_word' id='word_1_744' title='bbox 712 5050 987 5100; x_wconf 89' lang='lat' dir='ltr'><strong>triennium</strong></span> <span class='ocrx_word' id='word_1_745' title='bbox 1020 5050 1295 5101; x_wconf 79' lang='lat' dir='ltr'><strong>Ecclesium</strong></span> <span class='ocrx_word' id='word_1_746' title='bbox 1324 5046 1791 5117; x_wconf 69' lang='lat' dir='ltr'><strong>administraverat,</strong></span> 
     </span>
    </p>
   </div>
   <div class='ocr_carea' id='block_1_104' title="bbox 276 5113 1795 5185">
    <p class='ocr_par' dir='ltr' id='par_1_104' title="bbox 276 5113 1795 5185">
     <span class='ocr_line' id='line_1_104' title="bbox 276 5113 1795 5185; baseline 0.005 -19"><span class='ocrx_word' id='word_1_747' title='bbox 276 5130 396 5167; x_wconf 89' lang='lat' dir='ltr'><strong>cum</strong></span> <span class='ocrx_word' id='word_1_748' title='bbox 423 5127 558 5185; x_wconf 88' lang='lat' dir='ltr'><strong>anno</strong></span> <span class='ocrx_word' id='word_1_749' title='bbox 595 5113 697 5185; x_wconf 70' lang='lat'><strong>305</strong></span> <span class='ocrx_word' id='word_1_750' title='bbox 723 5118 973 5168; x_wconf 85' lang='lat' dir='ltr'><strong>exarserit</strong></span> <span class='ocrx_word' id='word_1_751' title='bbox 998 5117 1257 5170; x_wconf 88' lang='lat' dir='ltr'><strong>dirissima</strong></span> <span class='ocrx_word' id='word_1_752' title='bbox 1289 5119 1587 5172; x_wconf 87' lang='lat' dir='ltr'><strong>Diocletiani</strong></span> <span class='ocrx_word' id='word_1_753' title='bbox 1620 5113 1795 5185; x_wconf 77' lang='lat' dir='ltr'><strong>perse-</strong></span> 
     </span>
    </p>
   </div>
   <div class='ocr_carea' id='block_1_105' title="bbox 275 5184 1797 5253">
    <p class='ocr_par' dir='ltr' id='par_1_105' title="bbox 275 5184 1797 5253">
     <span class='ocr_line' id='line_1_105' title="bbox 275 5184 1797 5253; baseline 0.003 -19"><span class='ocrx_word' id='word_1_754' title='bbox 275 5186 440 5249; x_wconf 86' lang='lat' dir='ltr'><strong>cutio,</strong></span> <span class='ocrx_word' id='word_1_755' title='bbox 470 5184 518 5233; x_wconf 93' lang='lat' dir='ltr'><strong>in</strong></span> <span class='ocrx_word' id='word_1_756' title='bbox 548 5196 646 5247; x_wconf 86' lang='lat' dir='ltr'><strong>qua</strong></span> <span class='ocrx_word' id='word_1_757' title='bbox 675 5184 807 5235; x_wconf 90' lang='lat' dir='ltr'><strong>inter</strong></span> <span class='ocrx_word' id='word_1_758' title='bbox 834 5185 963 5236; x_wconf 87' lang='lat' dir='ltr'><strong>alios</strong></span> <span class='ocrx_word' id='word_1_759' title='bbox 988 5188 1281 5239; x_wconf 86' lang='lat' dir='ltr'><strong>innumeros</strong></span> <span class='ocrx_word' id='word_1_760' title='bbox 1308 5188 1487 5239; x_wconf 85' lang='lat' dir='ltr'><strong>Petrus</strong></span> <span class='ocrx_word' id='word_1_761' title='bbox 1508 5184 1797 5253; x_wconf 80' lang='lat' dir='ltr'><strong>apprehen-</strong></span> 
     </span>
    </p>
   </div>
   <div class='ocr_carea' id='block_1_106' title="bbox 277 5254 1795 5318">
    <p class='ocr_par' dir='ltr' id='par_1_106' title="bbox 277 5254 1795 5318">
     <span class='ocr_line' id='line_1_106' title="bbox 277 5254 1795 5318; baseline 0.005 -20"><span class='ocrx_word' id='word_1_762' title='bbox 277 5266 367 5300; x_wconf 78' lang='lat' dir='ltr'><strong>sus</strong></span> <span class='ocrx_word' id='word_1_763' title='bbox 412 5261 523 5313; x_wconf 88' lang='lat' dir='ltr'><strong>est;</strong></span> <span class='ocrx_word' id='word_1_764' title='bbox 584 5264 803 5317; x_wconf 88' lang='lat' dir='ltr'><strong>cumque</strong></span> <span class='ocrx_word' id='word_1_765' title='bbox 848 5254 897 5303; x_wconf 91' lang='lat' dir='ltr'><strong>id</strong></span> <span class='ocrx_word' id='word_1_766' title='bbox 942 5254 1238 5318; x_wconf 83' lang='lat' dir='ltr'><strong>imperatori</strong></span> <span class='ocrx_word' id='word_1_767' title='bbox 1299 5256 1643 5318; x_wconf 79' lang='lat' dir='ltr'><strong>signiﬁcatum</strong></span> <span class='ocrx_word' id='word_1_768' title='bbox 1698 5265 1795 5317; x_wconf 88' lang='lat' dir='ltr'><strong>est,</strong></span> 
     </span>
    </p>
   </div>
   <div class='ocr_carea' id='block_1_107' title="bbox 278 5321 1794 5384">
    <p class='ocr_par' dir='ltr' id='par_1_107' title="bbox 278 5321 1794 5384">
     <span class='ocr_line' id='line_1_107' title="bbox 278 5321 1794 5384; baseline 0.005 -17"><span class='ocrx_word' id='word_1_769' title='bbox 278 5321 539 5369; x_wconf 81' lang='lat' dir='ltr'><strong>mandavit</strong></span> <span class='ocrx_word' id='word_1_770' title='bbox 567 5330 617 5369; x_wconf 87' lang='lat' dir='ltr'><strong>ut</strong></span> <span class='ocrx_word' id='word_1_771' title='bbox 641 5322 685 5370; x_wconf 89' lang='lat' dir='ltr'><strong>ei</strong></span> <span class='ocrx_word' id='word_1_772' title='bbox 716 5329 872 5384; x_wconf 88' lang='lat' dir='ltr'><strong>caput</strong></span> <span class='ocrx_word' id='word_1_773' title='bbox 899 5324 1306 5374; x_wconf 71' lang='lat' dir='ltr'><strong>aliscindcretur.</strong></span> <span class='ocrx_word' id='word_1_774' title='bbox 1342 5324 1595 5375; x_wconf 74' lang='lat' dir='ltr'><strong>Achillam</strong></span> <span class='ocrx_word' id='word_1_775' title='bbox 1622 5332 1794 5374; x_wconf 87' lang='lat' dir='ltr'><strong>autem</strong></span> 
     </span>
    </p>
   </div>
   <div class='ocr_carea' id='block_1_108' title="bbox 278 5387 1797 5455">
    <p class='ocr_par' dir='ltr' id='par_1_108' title="bbox 278 5387 1797 5455">
     <span class='ocr_line' id='line_1_108' title="bbox 278 5387 1797 5455; baseline 0.003 -18"><span class='ocrx_word' id='word_1_776' title='bbox 278 5400 397 5437; x_wconf 91' lang='lat' dir='ltr'><strong>cum</strong></span> <span class='ocrx_word' id='word_1_777' title='bbox 422 5387 518 5437; x_wconf 91' lang='lat' dir='ltr'><strong>sibi</strong></span> <span class='ocrx_word' id='word_1_778' title='bbox 544 5401 895 5439; x_wconf 86' lang='lat' dir='ltr'><strong>successorem</strong></span> <span class='ocrx_word' id='word_1_779' title='bbox 933 5391 1273 5455; x_wconf 80' lang='lat' dir='ltr'><strong>dcsignasset,</strong></span> <span class='ocrx_word' id='word_1_780' title='bbox 1304 5407 1440 5442; x_wconf 89' lang='lat' dir='ltr'><strong>anno</strong></span> <span class='ocrx_word' id='word_1_781' title='bbox 1463 5406 1596 5442; x_wconf 85' lang='lat' dir='ltr'><strong>nono</strong></span> <span class='ocrx_word' id='word_1_782' title='bbox 1621 5404 1797 5455; x_wconf 87' lang='lat' dir='ltr'><strong>perse-</strong></span> 
     </span>
    </p>
   </div>
   <div class='ocr_carea' id='block_1_109' title="bbox 277 5455 1791 5526">
    <p class='ocr_par' dir='ltr' id='par_1_109' title="bbox 277 5455 1791 5526">
     <span class='ocr_line' id='line_1_109' title="bbox 277 5455 1791 5526; baseline 0.003 -23"><span class='ocrx_word' id='word_1_783' title='bbox 277 5455 527 5526; x_wconf 75' lang='lat' dir='ltr'><strong>cutionis,</strong></span> <span class='ocrx_word' id='word_1_784' title='bbox 557 5455 605 5505; x_wconf 89' lang='lat' dir='ltr'><strong>id</strong></span> <span class='ocrx_word' id='word_1_785' title='bbox 635 5465 730 5526; x_wconf 64' lang='lat' dir='ltr'><strong>est</strong></span> <span class='ocrx_word' id='word_1_786' title='bbox 759 5472 895 5507; x_wconf 88' lang='lat' dir='ltr'><strong>anno</strong></span> <span class='ocrx_word' id='word_1_787' title='bbox 936 5458 1121 5508; x_wconf 80' lang='lat' dir='ltr'><strong>Chriin</strong></span> <span class='ocrx_word' id='word_1_788' title='bbox 1166 5461 1289 5517; x_wconf 80' lang='grc'><strong>511,</strong></span> <span class='ocrx_word' id='word_1_789' title='bbox 1330 5460 1628 5526; x_wconf 81' lang='lat' dir='ltr'><strong>martyrium</strong></span> <span class='ocrx_word' id='word_1_790' title='bbox 1668 5472 1791 5508; x_wconf 80' lang='lat' dir='ltr'><strong>con~</strong></span> 
     </span>
    </p>
   </div>
   <div class='ocr_carea' id='block_1_110' title="bbox 278 5522 1794 5593">
    <p class='ocr_par' dir='ltr' id='par_1_110' title="bbox 278 5522 1794 5593">
     <span class='ocr_line' id='line_1_110' title="bbox 278 5522 1794 5593; baseline 0.003 -21"><span class='ocrx_word' id='word_1_791' title='bbox 278 5522 572 5593; x_wconf 77' lang='lat' dir='ltr'><strong>somniavit.</strong></span> <span class='ocrx_word' id='word_1_792' title='bbox 632 5522 723 5574; x_wconf 88' lang='lat' dir='ltr'><strong>llic</strong></span> <span class='ocrx_word' id='word_1_793' title='bbox 757 5539 870 5575; x_wconf 91' lang='lat' dir='ltr'><strong>cum</strong></span> <span class='ocrx_word' id='word_1_794' title='bbox 917 5526 1155 5576; x_wconf 73' lang='lat' dir='ltr'><strong>scivisset</strong></span> <span class='ocrx_word' id='word_1_795' title='bbox 1199 5530 1370 5576; x_wconf 78' lang='lat' dir='ltr'><strong>Arium</strong></span> <span class='ocrx_word' id='word_1_796' title='bbox 1410 5522 1498 5577; x_wconf 68' lang='lat' dir='ltr'><strong>sua</strong></span> <span class='ocrx_word' id='word_1_797' title='bbox 1534 5527 1794 5593; x_wconf 86' lang='lat' dir='ltr'><strong>impietate</strong></span> 
     </span>
    </p>
   </div>
   <div class='ocr_carea' id='block_1_111' title="bbox 284 5589 1793 5657">
    <p class='ocr_par' dir='ltr' id='par_1_111' title="bbox 284 5589 1793 5657">
     <span class='ocr_line' id='line_1_111' title="bbox 284 5589 1793 5657; baseline 0.005 -23"><span class='ocrx_word' id='word_1_798' title='bbox 284 5589 460 5640; x_wconf 87' lang='lat' dir='ltr'><strong>turbas</strong></span> <span class='ocrx_word' id='word_1_799' title='bbox 490 5592 673 5657; x_wconf 89' lang='lat' dir='ltr'><strong>ubique</strong></span> <span class='ocrx_word' id='word_1_800' title='bbox 700 5594 1031 5657; x_wconf 82' lang='lat' dir='ltr'><strong>excitantein,</strong></span> <span class='ocrx_word' id='word_1_801' title='bbox 1062 5608 1177 5642; x_wconf 88' lang='lat' dir='ltr'><strong>cum</strong></span> <span class='ocrx_word' id='word_1_802' title='bbox 1209 5595 1441 5655; x_wconf 65' lang='lat' dir='ltr'><strong>deposuit</strong></span> <span class='ocrx_word' id='word_1_803' title='bbox 1474 5606 1520 5644; x_wconf 78' lang='lat' dir='ltr'><strong>et</strong></span> <span class='ocrx_word' id='word_1_804' title='bbox 1564 5589 1793 5645; x_wconf 74' lang='lat' dir='ltr'><strong>Ecclesia</strong></span> 
     </span>
    </p>
   </div>
   <div class='ocr_carea' id='block_1_112' title="bbox 283 5657 1798 5724">
    <p class='ocr_par' dir='ltr' id='par_1_112' title="bbox 283 5657 1798 5724">
     <span class='ocr_line' id='line_1_112' title="bbox 283 5657 1798 5724; baseline 0.001 -11"><span class='ocrx_word' id='word_1_805' title='bbox 283 5657 496 5724; x_wconf 70' lang='grc' dir='ltr'><strong>ιεεινυὶὶι,</strong></span> <span class='ocrx_word' id='word_1_806' title='bbox 528 5668 579 5711; x_wconf 84' lang='lat' dir='ltr'><strong>et</strong></span> <span class='ocrx_word' id='word_1_807' title='bbox 609 5674 864 5724; x_wconf 66' lang='lat' dir='ltr'><strong>numinum</strong></span> <span class='ocrx_word' id='word_1_808' title='bbox 903 5664 963 5711; x_wconf 86' lang='lat' dir='ltr'><strong>ad</strong></span> <span class='ocrx_word' id='word_1_809' title='bbox 994 5664 1402 5713; x_wconf 80' lang='lat' dir='ltr'><strong>cotnmunionctn</strong></span> <span class='ocrx_word' id='word_1_810' title='bbox 1448 5662 1687 5715; x_wconf 75' lang='lat' dir='ltr'><strong>Ecclesisc</strong></span> <span class='ocrx_word' id='word_1_811' title='bbox 1719 5677 1798 5714; x_wconf 83' lang='lat' dir='ltr'><strong>rc-</strong></span> 
     </span>
    </p>
   </div>
   <div class='ocr_carea' id='block_1_113' title="bbox 1903 4710 2299 4763">
    <p class='ocr_par' dir='ltr' id='par_1_113' title="bbox 1903 4710 2299 4763">
     <span class='ocr_line' id='line_1_113' title="bbox 1903 4710 2299 4763; baseline -0.008 -2"><span class='ocrx_word' id='word_1_812' title='bbox 1903 4726 1991 4763; x_wconf 86' lang='lat' dir='ltr'><strong>vn.</strong></span> <span class='ocrx_word' id='word_1_813' title='bbox 2022 4710 2120 4763; x_wconf 69' lang='lat'><strong>52:</strong></span> <span class='ocrx_word' id='word_1_814' title='bbox 2154 4724 2224 4763; x_wconf 84' lang='lat' dir='ltr'><strong>tx.</strong></span> <span class='ocrx_word' id='word_1_815' title='bbox 2248 4710 2299 4759; x_wconf 78' lang='lat'><strong>6.</strong></span> 
     </span>
    </p>
   </div>
   <div class='ocr_carea' id='block_1_114' title="bbox 1974 4748 3415 4838">
    <p class='ocr_par' dir='ltr' id='par_1_114' title="bbox 1974 4748 3415 4838">
     <span class='ocr_line' id='line_1_114' title="bbox 1974 4748 3415 4838; baseline -0.004 -8"><span class='ocrx_word' id='word_1_816' title='bbox 1974 4748 2299 4830; x_wconf 62' lang='grc' dir='ltr'><strong>ἕέῖιὶεὶῖἶιᾶἷ</strong></span> <span class='ocrx_word' id='word_1_817' title='bbox 2350 4775 2514 4827; x_wconf 87' lang='lat' dir='ltr'><strong>Verba</strong></span> <span class='ocrx_word' id='word_1_818' title='bbox 2558 4773 2785 4830; x_wconf 77' lang='lat' dir='ltr'><strong>Eusebii,</strong></span> <span class='ocrx_word' id='word_1_819' title='bbox 2820 4773 2906 4824; x_wconf 88' lang='lat' dir='ltr'><strong>lib.</strong></span> <span class='ocrx_word' id='word_1_820' title='bbox 2939 4788 3049 4833; x_wconf 88' lang='lat' dir='ltr'><strong>vtu,</strong></span> <span class='ocrx_word' id='word_1_821' title='bbox 3080 4786 3193 4838; x_wconf 87' lang='lat' dir='ltr'><strong>cap.</strong></span> <span class='ocrx_word' id='word_1_822' title='bbox 3236 4772 3319 4833; x_wconf 73' lang='lat' dir='ltr'><strong>H,</strong></span> <span class='ocrx_word' id='word_1_823' title='bbox 3350 4772 3415 4825; x_wconf 88' lang='lat' dir='ltr'><strong>de</strong></span> 
     </span>
    </p>
   </div>
   <div class='ocr_carea' id='block_1_115' title="bbox 1898 4841 3411 4907">
    <p class='ocr_par' dir='ltr' id='par_1_115' title="bbox 1898 4841 3411 4907">
     <span class='ocr_line' id='line_1_115' title="bbox 1898 4841 3411 4907; baseline -0.004 -9"><span class='ocrx_word' id='word_1_824' title='bbox 1898 4848 2117 4899; x_wconf 87' lang='lat' dir='ltr'><strong>muliere</strong></span> <span class='ocrx_word' id='word_1_825' title='bbox 2153 4844 2309 4897; x_wconf 85' lang='lat' dir='ltr'><strong>nobili</strong></span> <span class='ocrx_word' id='word_1_826' title='bbox 2356 4844 2698 4895; x_wconf 81' lang='lat' dir='ltr'><strong>Alexandrina</strong></span> <span class='ocrx_word' id='word_1_827' title='bbox 2738 4857 2887 4907; x_wconf 87' lang='lat' dir='ltr'><strong>quam</strong></span> <span class='ocrx_word' id='word_1_828' title='bbox 2939 4841 3243 4892; x_wconf 85' lang='lat' dir='ltr'><strong>Maximinus</strong></span> <span class='ocrx_word' id='word_1_829' title='bbox 3271 4855 3411 4892; x_wconf 84' lang='lat' dir='ltr'><strong>ama-</strong></span> 
     </span>
    </p>
   </div>
   <div class='ocr_carea' id='block_1_116' title="bbox 1898 4909 3415 4978">
    <p class='ocr_par' dir='ltr' id='par_1_116' title="bbox 1898 4909 3415 4978">
     <span class='ocr_line' id='line_1_116' title="bbox 1898 4909 3415 4978; baseline -0.004 -11"><span class='ocrx_word' id='word_1_830' title='bbox 1898 4916 2003 4973; x_wconf 87' lang='lat' dir='ltr'><strong>bat,</strong></span> <span class='ocrx_word' id='word_1_831' title='bbox 2046 4929 2160 4978; x_wconf 66' lang='lat' dir='ltr'><strong>quas</strong></span> <span class='ocrx_word' id='word_1_832' title='bbox 2203 4912 2450 4963; x_wconf 84' lang='lat' dir='ltr'><strong>Baronius</strong></span> <span class='ocrx_word' id='word_1_833' title='bbox 2477 4926 2611 4962; x_wconf 88' lang='lat' dir='ltr'><strong>anno</strong></span> <span class='ocrx_word' id='word_1_834' title='bbox 2642 4911 2735 4963; x_wconf 81' lang='lat'><strong>507</strong></span> <span class='ocrx_word' id='word_1_835' title='bbox 2769 4909 2990 4974; x_wconf 79' lang='lat' dir='ltr'><strong>explicat</strong></span> <span class='ocrx_word' id='word_1_836' title='bbox 3025 4910 3087 4978; x_wconf 88' lang='lat' dir='ltr'><strong>de</strong></span> <span class='ocrx_word' id='word_1_837' title='bbox 3135 4911 3415 4961; x_wconf 86' lang='lat' dir='ltr'><strong>certamine</strong></span> 
     </span>
    </p>
   </div>
   <div class='ocr_carea' id='block_1_117' title="bbox 1897 4977 3412 5045">
    <p class='ocr_par' dir='ltr' id='par_1_117' title="bbox 1897 4977 3412 5045">
     <span class='ocr_line' id='line_1_117' title="bbox 1897 4977 3412 5045; baseline -0.006 -9"><span class='ocrx_word' id='word_1_838' title='bbox 1897 4984 1952 5036; x_wconf 91' lang='lat' dir='ltr'><strong>S.</strong></span> <span class='ocrx_word' id='word_1_839' title='bbox 1988 4977 2279 5034; x_wconf 72' lang='lat' dir='ltr'><strong>Catharina:</strong></span> <span class='ocrx_word' id='word_1_840' title='bbox 2302 4980 2508 5045; x_wconf 84' lang='lat' dir='ltr'><strong>virginis</strong></span> <span class='ocrx_word' id='word_1_841' title='bbox 2536 4989 2587 5031; x_wconf 88' lang='lat' dir='ltr'><strong>et</strong></span> <span class='ocrx_word' id='word_1_842' title='bbox 2611 4978 2872 5039; x_wconf 74' lang='lat' dir='ltr'><strong>martyris,</strong></span> <span class='ocrx_word' id='word_1_843' title='bbox 2903 4979 2966 5027; x_wconf 89' lang='lat' dir='ltr'><strong>de</strong></span> <span class='ocrx_word' id='word_1_844' title='bbox 2986 4992 3043 5027; x_wconf 88' lang='lat' dir='ltr'><strong>ea</strong></span> <span class='ocrx_word' id='word_1_845' title='bbox 3076 4977 3285 5041; x_wconf 80' lang='lat' dir='ltr'><strong>intelligi</strong></span> <span class='ocrx_word' id='word_1_846' title='bbox 3314 4993 3412 5029; x_wconf 89' lang='lat' dir='ltr'><strong>non</strong></span> 
     </span>
    </p>
   </div>
   <div class='ocr_carea' id='block_1_118' title="bbox 1900 5044 3414 5115">
    <p class='ocr_par' dir='ltr' id='par_1_118' title="bbox 1900 5044 3414 5115">
     <span class='ocr_line' id='line_1_118' title="bbox 1900 5044 3414 5115; baseline -0.005 -13"><span class='ocrx_word' id='word_1_847' title='bbox 1900 5060 2131 5115; x_wconf 90' lang='lat' dir='ltr'><strong>possunt,</strong></span> <span class='ocrx_word' id='word_1_848' title='bbox 2163 5044 2397 5111; x_wconf 86' lang='lat' dir='ltr'><strong>alioquin</strong></span> <span class='ocrx_word' id='word_1_849' title='bbox 2437 5064 2494 5097; x_wconf 88' lang='lat' dir='ltr'><strong>ea</strong></span> <span class='ocrx_word' id='word_1_850' title='bbox 2539 5046 2836 5114; x_wconf 82' lang='lat' dir='ltr'><strong>martyrium</strong></span> <span class='ocrx_word' id='word_1_851' title='bbox 2882 5045 2976 5115; x_wconf 85' lang='lat' dir='ltr'><strong>sub</strong></span> <span class='ocrx_word' id='word_1_852' title='bbox 3007 5044 3283 5095; x_wconf 75' lang='lat' dir='ltr'><strong>Maximino</strong></span> <span class='ocrx_word' id='word_1_853' title='bbox 3314 5060 3414 5095; x_wconf 90' lang='lat' dir='ltr'><strong>non</strong></span> 
     </span>
    </p>
   </div>
   <div class='ocr_carea' id='block_1_119' title="bbox 1900 5114 3413 5181">
    <p class='ocr_par' dir='ltr' id='par_1_119' title="bbox 1900 5114 3413 5181">
     <span class='ocr_line' id='line_1_119' title="bbox 1900 5114 3413 5181; baseline -0.007 -11"><span class='ocrx_word' id='word_1_854' title='bbox 1900 5114 2338 5173; x_wconf 79' lang='lat' dir='ltr'><strong>consummasset,</strong></span> <span class='ocrx_word' id='word_1_855' title='bbox 2368 5117 2503 5181; x_wconf 90' lang='lat' dir='ltr'><strong>quod</strong></span> <span class='ocrx_word' id='word_1_856' title='bbox 2535 5128 2702 5166; x_wconf 87' lang='lat' dir='ltr'><strong>tamen</strong></span> <span class='ocrx_word' id='word_1_857' title='bbox 2754 5114 2997 5163; x_wconf 81' lang='lat' dir='ltr'><strong>Baronius</strong></span> <span class='ocrx_word' id='word_1_858' title='bbox 3036 5124 3268 5164; x_wconf 81' lang='lat' dir='ltr'><strong>astruere</strong></span> <span class='ocrx_word' id='word_1_859' title='bbox 3295 5127 3413 5181; x_wconf 18' lang='lat' dir='ltr'><strong>eoin-</strong></span> 
     </span>
    </p>
   </div>
   <div class='ocr_carea' id='block_1_120' title="bbox 1898 5180 3411 5244">
    <p class='ocr_par' dir='ltr' id='par_1_120' title="bbox 1898 5180 3411 5244">
     <span class='ocr_line' id='line_1_120' title="bbox 1898 5180 3411 5244; baseline -0.003 -8"><span class='ocrx_word' id='word_1_860' title='bbox 1898 5188 2081 5238; x_wconf 83' lang='lat' dir='ltr'><strong>teudit.</strong></span> <span class='ocrx_word' id='word_1_861' title='bbox 2136 5184 2189 5237; x_wconf 88' lang='lat' dir='ltr'><strong>S.</strong></span> <span class='ocrx_word' id='word_1_862' title='bbox 2220 5180 2511 5235; x_wconf 67' lang='lat' dir='ltr'><strong>Calliarinre</strong></span> <span class='ocrx_word' id='word_1_863' title='bbox 2549 5193 2659 5233; x_wconf 83' lang='lat' dir='ltr'><strong>acta</strong></span> <span class='ocrx_word' id='word_1_864' title='bbox 2689 5182 2818 5244; x_wconf 86' lang='lat' dir='ltr'><strong>apud</strong></span> <span class='ocrx_word' id='word_1_865' title='bbox 2850 5181 3058 5232; x_wconf 86' lang='lat' dir='ltr'><strong>Surium</strong></span> <span class='ocrx_word' id='word_1_866' title='bbox 3088 5184 3149 5231; x_wconf 86' lang='lat' dir='ltr'><strong>ad</strong></span> <span class='ocrx_word' id='word_1_867' title='bbox 3182 5182 3315 5231; x_wconf 87' lang='lat' dir='ltr'><strong>diem</strong></span> <span class='ocrx_word' id='word_1_868' title='bbox 3344 5180 3411 5231; x_wconf 72' lang='grc'><strong>25</strong></span> 
     </span>
    </p>
   </div>
   <div class='ocr_carea' id='block_1_121' title="bbox 1898 5248 3405 5315">
    <p class='ocr_par' dir='ltr' id='par_1_121' title="bbox 1898 5248 3405 5315">
     <span class='ocr_line' id='line_1_121' title="bbox 1898 5248 3405 5315; baseline -0.003 -11"><span class='ocrx_word' id='word_1_869' title='bbox 1898 5253 2205 5305; x_wconf 81' lang='lat' dir='ltr'><strong>Novembris</strong></span> <span class='ocrx_word' id='word_1_870' title='bbox 2230 5253 2440 5301; x_wconf 86' lang='lat' dir='ltr'><strong>tradunt</strong></span> <span class='ocrx_word' id='word_1_871' title='bbox 2478 5253 2637 5315; x_wconf 86' lang='lat' dir='ltr'><strong>ipsam</strong></span> <span class='ocrx_word' id='word_1_872' title='bbox 2672 5248 2928 5300; x_wconf 69' lang='lat' dir='ltr'><strong>Maximini</strong></span> <span class='ocrx_word' id='word_1_873' title='bbox 2971 5250 3115 5313; x_wconf 85' lang='lat' dir='ltr'><strong>jussu</strong></span> <span class='ocrx_word' id='word_1_874' title='bbox 3164 5248 3405 5311; x_wconf 82' lang='lat' dir='ltr'><strong>martyrio</strong></span> 
     </span>
    </p>
   </div>
   <div class='ocr_carea' id='block_1_122' title="bbox 1899 5316 3405 5383">
    <p class='ocr_par' dir='ltr' id='par_1_122' title="bbox 1899 5316 3405 5383">
     <span class='ocr_line' id='line_1_122' title="bbox 1899 5316 3405 5383; baseline -0.003 -12"><span class='ocrx_word' id='word_1_875' title='bbox 1899 5322 2172 5383; x_wconf 77' lang='lat' dir='ltr'><strong>allectam;</strong></span> <span class='ocrx_word' id='word_1_876' title='bbox 2230 5319 2413 5369; x_wconf 86' lang='lat' dir='ltr'><strong>mulier</strong></span> <span class='ocrx_word' id='word_1_877' title='bbox 2466 5334 2585 5367; x_wconf 87' lang='lat' dir='ltr'><strong>vero</strong></span> <span class='ocrx_word' id='word_1_878' title='bbox 2626 5320 2690 5368; x_wconf 84' lang='lat' dir='ltr'><strong>de</strong></span> <span class='ocrx_word' id='word_1_879' title='bbox 2734 5332 2828 5382; x_wconf 82' lang='lat' dir='ltr'><strong>qua</strong></span> <span class='ocrx_word' id='word_1_880' title='bbox 2882 5317 3106 5379; x_wconf 73' lang='lat' dir='ltr'><strong>loquitur</strong></span> <span class='ocrx_word' id='word_1_881' title='bbox 3156 5316 3405 5367; x_wconf 82' lang='lat' dir='ltr'><strong>Eusebius</strong></span> 
     </span>
    </p>
   </div>
   <div class='ocr_carea' id='block_1_123' title="bbox 1900 5383 3413 5450">
    <p class='ocr_par' dir='ltr' id='par_1_123' title="bbox 1900 5383 3413 5450">
     <span class='ocr_line' id='line_1_123' title="bbox 1900 5383 3413 5450; baseline -0.005 -10"><span class='ocrx_word' id='word_1_882' title='bbox 1900 5390 2083 5440; x_wconf 85' lang='lat' dir='ltr'><strong>exsilio</strong></span> <span class='ocrx_word' id='word_1_883' title='bbox 2131 5395 2325 5437; x_wconf 89' lang='lat' dir='ltr'><strong>tantum</strong></span> <span class='ocrx_word' id='word_1_884' title='bbox 2369 5388 2575 5437; x_wconf 84' lang='lat' dir='ltr'><strong>multata</strong></span> <span class='ocrx_word' id='word_1_885' title='bbox 2619 5397 2717 5438; x_wconf 89' lang='lat' dir='ltr'><strong>est.</strong></span> <span class='ocrx_word' id='word_1_886' title='bbox 2761 5386 2861 5437; x_wconf 81' lang='lat' dir='ltr'><strong>Sed</strong></span> <span class='ocrx_word' id='word_1_887' title='bbox 2892 5401 2981 5436; x_wconf 79' lang='lat' dir='ltr'><strong>nec</strong></span> <span class='ocrx_word' id='word_1_888' title='bbox 3010 5385 3117 5448; x_wconf 71' lang='lat' dir='ltr'><strong>ipsa</strong></span> <span class='ocrx_word' id='word_1_889' title='bbox 3142 5398 3254 5448; x_wconf 66' lang='lat' dir='ltr'><strong>qua:</strong></span> <span class='ocrx_word' id='word_1_890' title='bbox 3280 5383 3413 5450; x_wconf 90' lang='lat' dir='ltr'><strong>apud</strong></span> 
     </span>
    </p>
   </div>
   <div class='ocr_carea' id='block_1_124' title="bbox 1905 5452 3416 5519">
    <p class='ocr_par' dir='ltr' id='par_1_124' title="bbox 1905 5452 3416 5519">
     <span class='ocr_line' id='line_1_124' title="bbox 1905 5452 3416 5519; baseline -0.004 -10"><span class='ocrx_word' id='word_1_891' title='bbox 1905 5458 2283 5519; x_wconf 81' lang='lat' dir='ltr'><strong>Metapbrasten</strong></span> <span class='ocrx_word' id='word_1_892' title='bbox 2311 5464 2514 5505; x_wconf 82' lang='lat' dir='ltr'><strong>exstant</strong></span> <span class='ocrx_word' id='word_1_893' title='bbox 2543 5452 2692 5515; x_wconf 82' lang='lat' dir='ltr'><strong>Acta,</strong></span> <span class='ocrx_word' id='word_1_894' title='bbox 2724 5468 2817 5504; x_wconf 88' lang='lat' dir='ltr'><strong>nec</strong></span> <span class='ocrx_word' id='word_1_895' title='bbox 2844 5468 2955 5519; x_wconf 74' lang='lat' dir='ltr'><strong>qua:</strong></span> <span class='ocrx_word' id='word_1_896' title='bbox 2986 5452 3089 5502; x_wconf 85' lang='lat' dir='ltr'><strong>Leo</strong></span> <span class='ocrx_word' id='word_1_897' title='bbox 3120 5453 3337 5501; x_wconf 81' lang='lat' dir='ltr'><strong>Allatius</strong></span> <span class='ocrx_word' id='word_1_898' title='bbox 3366 5452 3416 5503; x_wconf 89' lang='lat' dir='ltr'><strong>in</strong></span> 
     </span>
    </p>
   </div>
   <div class='ocr_carea' id='block_1_125' title="bbox 1896 5520 3417 5585">
    <p class='ocr_par' dir='ltr' id='par_1_125' title="bbox 1896 5520 3417 5585">
     <span class='ocr_line' id='line_1_125' title="bbox 1896 5520 3417 5585; baseline -0.003 -10"><span class='ocrx_word' id='word_1_899' title='bbox 1896 5539 1985 5576; x_wconf 84' lang='lat' dir='ltr'><strong>sua</strong></span> <span class='ocrx_word' id='word_1_900' title='bbox 2014 5524 2077 5574; x_wconf 89' lang='lat' dir='ltr'><strong>de</strong></span> <span class='ocrx_word' id='word_1_901' title='bbox 2100 5521 2423 5579; x_wconf 81' lang='lat' dir='ltr'><strong>Simeonibus</strong></span> <span class='ocrx_word' id='word_1_902' title='bbox 2454 5521 2675 5573; x_wconf 86' lang='lat' dir='ltr'><strong>Diatriba</strong></span> <span class='ocrx_word' id='word_1_903' title='bbox 2701 5523 2872 5581; x_wconf 78' lang='lat' dir='ltr'><strong>refert,</strong></span> <span class='ocrx_word' id='word_1_904' title='bbox 2896 5520 3114 5585; x_wconf 68' lang='lat' dir='ltr'><strong>legit-ima</strong></span> <span class='ocrx_word' id='word_1_905' title='bbox 3138 5530 3276 5582; x_wconf 88' lang='lat' dir='ltr'><strong>sunt,</strong></span> <span class='ocrx_word' id='word_1_906' title='bbox 3300 5534 3417 5571; x_wconf 90' lang='lat' dir='ltr'><strong>cum</strong></span> 
     </span>
    </p>
   </div>
   <div class='ocr_carea' id='block_1_126' title="bbox 1898 5588 3415 5656">
    <p class='ocr_par' dir='ltr' id='par_1_126' title="bbox 1898 5588 3415 5656">
     <span class='ocr_line' id='line_1_126' title="bbox 1898 5588 3415 5656; baseline -0.003 -13"><span class='ocrx_word' id='word_1_907' title='bbox 1898 5596 1948 5643; x_wconf 91' lang='lat' dir='ltr'><strong>iu</strong></span> <span class='ocrx_word' id='word_1_908' title='bbox 1978 5592 2089 5642; x_wconf 88' lang='lat' dir='ltr'><strong>istis</strong></span> <span class='ocrx_word' id='word_1_909' title='bbox 2120 5592 2355 5642; x_wconf 86' lang='lat' dir='ltr'><strong>dicatur:</strong></span> <span class='ocrx_word' id='word_1_910' title='bbox 2388 5606 2406 5638; x_wconf 80' lang='lat' dir='ltr'><strong>r</strong></span> <span class='ocrx_word' id='word_1_911' title='bbox 2438 5593 2585 5642; x_wconf 80' lang='lat' dir='ltr'><strong>Anno</strong></span> <span class='ocrx_word' id='word_1_912' title='bbox 2615 5591 2875 5656; x_wconf 81' lang='lat' dir='ltr'><strong>trigesimo</strong></span> <span class='ocrx_word' id='word_1_913' title='bbox 2904 5592 3100 5653; x_wconf 86' lang='lat' dir='ltr'><strong>quinto,</strong></span> <span class='ocrx_word' id='word_1_914' title='bbox 3125 5588 3415 5653; x_wconf 84' lang='lat' dir='ltr'><strong>imperante</strong></span> 
     </span>
    </p>
   </div>
   <div class='ocr_carea' id='block_1_127' title="bbox 1902 5656 3421 5736">
    <p class='ocr_par' dir='ltr' id='par_1_127' title="bbox 1902 5656 3421 5736">
     <span class='ocr_line' id='line_1_127' title="bbox 1902 5656 3421 5736; baseline -0.003 -25"><span class='ocrx_word' id='word_1_915' title='bbox 1902 5659 2059 5727; x_wconf 85' lang='lat' dir='ltr'><strong>impio</strong></span> <span class='ocrx_word' id='word_1_916' title='bbox 2103 5673 2162 5714; x_wconf 85' lang='lat' dir='ltr'><strong>ac</strong></span> <span class='ocrx_word' id='word_1_917' title='bbox 2202 5656 2456 5714; x_wconf 86' lang='lat' dir='ltr'><strong>scelerato</strong></span> <span class='ocrx_word' id='word_1_918' title='bbox 2502 5660 2774 5725; x_wconf 76' lang='lat' dir='ltr'><strong>Maxentio,</strong></span> <span class='ocrx_word' id='word_1_919' title='bbox 2816 5676 2831 5708; x_wconf 79' lang='grc' dir='ltr'><strong><em>ι</em></strong></span> <span class='ocrx_word' id='word_1_920' title='bbox 2880 5671 2993 5725; x_wconf 67' lang='lat' dir='ltr'><strong>quae</strong></span> <span class='ocrx_word' id='word_1_921' title='bbox 3012 5669 3234 5736; x_wconf 70' lang='lat' dir='ltr'><strong>prorsus</strong></span> <span class='ocrx_word' id='word_1_922' title='bbox 3272 5656 3421 5710; x_wconf 85' lang='lat' dir='ltr'><strong>fabu-</strong></span> 
     </span>
    </p>
   </div>
  </div>
