3898 6346
360 409 502 463 ΗΠ

1465 412 1646 486 ΞΕΟΤ.
1687 413 1746 467 ll.
1788 443 1854 454 —
1892 415 2432 473 MAR'I'YROLOGIA.

3372 429 3500 482 ill!

1588 526 1805 579 EDITIO
1841 526 2287 581 COLONIENSIS.

352 609 432 661 bit
460 608 731 676 Apostolus
757 609 819 662 ad
849 608 1175 663 Timotheum
1200 627 1213 662 :
1240 610 1563 680 Trophimum
1606 626 1770 665 autem
1796 629 1877 665 re-
1909 622 1958 674 Α
1983 618 2231 680 staebius,
2261 617 2565 670 Cresconius
2595 630 2646 671 et
2693 620 3103 687 Crescentianus,
3151 636 3202 677 et
3227 626 3393 692 Felix,
3438 638 3487 678 et

349 697 478 756 liqui
503 697 749 759 inﬁrmum
794 696 982 749 Meteri.
1015 696 1108 749 ilic
1140 698 1204 750 ab
1251 699 1501 763 apostolis
1533 699 1708 751 Romae
1740 700 1878 752 ordi-

351 798 509 838 natus
537 789 829 853 episcopus,
874 787 1069 853 primus
1102 787 1162 838 ad
1192 787 1453 841 Arelatem
1485 789 1662 840 urbem
1700 789 1881 841 Gallia:

350 875 475 925 illuc
522 875 589 927 ob
630 874 819 926 Christi
871 876 1195 941 evangelium
1252 877 1636 943 praedicandum
1688 877 1878 929 missus

347 974 467 1015 est:
498 978 559 1015 ex
586 963 733 1029 cujus
766 962 932 1023 fonte,
965 973 1022 1014 ut
1054 964 1235 1015 beatus
1260 978 1386 1030 papa
1411 964 1644 1015 Zosimus
1673 964 1876 1024 scribit,

350 1058 460 1099 tota
491 1047 653 1100 Gallia
687 1048 809 1101 tldei
837 1049 975 1101 rivos
1000 1052 1218 1116 accepit,
1249 1049 1332 1115 qui
1362 1052 1492 1117 apud
1523 1051 1763 1103 eamdem
1793 1067 1879 1101 ur-

347 1135 471 1188 bem
502 1136 551 1187 in
592 1150 715 1203 pace
742 1137 959 1203 quievit,
997 1137 1232 1202 Gregorii
1264 1152 1435 1204 papae,
1481 1140 1565 1204 qui
1615 1139 1749 1191 rexit
1782 1138 1877 1190 Ec-
1905 1190 1916 1197 ,

348 1226 566 1278 clesiam
618 1240 781 1279 annos
825 1226 1030 1279 decem.
1080 1227 1173 1279 llic
1214 1229 1483 1280 constituit
1520 1228 1569 1279 in
1612 1242 1813 1281 canone
1846 1243 1874 1280 a

349 1313 621 1367 sacerdote
674 1313 988 1367 dicendum:
1023 1314 1247 1378 Quorum
1292 1314 1574 1366 solemnitas
1630 1316 1774 1366 liodie
1823 1316 1873 1366 in

348 1413 609 1471 conspectu
656 1412 754 1453 tua:
803 1402 1084 1468 Majeslati's
1134 1404 1424 1465 celebratur,
1478 1400 1685 1453 Domine
1736 1402 1868 1455 Deus

348 1497 534 1550 noster,
567 1498 665 1538 toto
706 1488 758 1538 in
797 1488 910 1539 orbe
956 1496 1212 1551 terrarum,
1259 1490 1381 1538 inter
1402 1505 1609 1555 quorum
1638 1504 1725 1539 nos
1753 1505 1871 1540 con-

345 1576 522 1638 sartio,
554 1584 607 1627 et
647 1586 853 1628 cetera.
884 1576 1127 1641 Sepultus
1166 1585 1242 1627 est
1275 1576 1324 1626 in
1354 1576 1573 1629 ecclesia
1610 1576 1743 1627 beati
1774 1578 1872 1628 Pe-

348 1662 415 1715 tri
446 1664 684 1727 apostoli.
719 1662 912 1715 Eodem
942 1662 1025 1715 die
1073 1662 1236 1714 sancti
1278 1662 1390 1713 liuti
1423 1666 1683 1729 martyris,
1720 1676 1873 1728 quem

347 1748 599 1801 Dominus
630 1747 781 1801 Jesus
826 1747 1062 1801 Christus
1111 1764 1224 1801 cum
1267 1750 1405 1801 omni
1438 1748 1596 1801 domo
1639 1764 1728 1802 sua
1775 1759 1869 1813 per

345 1833 740 1902 Chrysogonum
780 1844 1059 1901 martyrem
1091 1835 1321 1887 lucratus
1368 1846 1467 1899 est,
1502 1846 1551 1887 et
1580 1849 1695 1888 cum
1728 1838 1869 1886 omni

1985 705 2312 768 Hortulanus,
2342 716 2393 759 et
2420 707 2809 772 Florentianus,
2837 711 3058 763 damnati
3082 713 3265 765 exsilio
3286 729 3490 767 cursum

1984 793 2099 844 vitae
2130 808 2236 845 sua:
2264 808 2771 849 consummaverunt.
2806 798 3014 850 Viennm
3067 802 3227 851 sancti
3269 801 3489 867 Philippi

1985 881 2214 944 ejusdem
2260 882 2404 935 urbis
2436 884 2683 950 episcopi.
2718 884 2769 936 In
2817 886 2963 951 Syria
3007 886 3296 953 TrOphimi,
3329 886 3498 939 Theo-

1980 968 2096 1026 doli,
2131 967 2377 1031 Expicati,
2407 970 2635 1036 Eruceri,
2670 971 2877 1024 Eusebii
2918 981 2972 1025 et
3010 973 3145 1025 Julii.

2048 1056 2107 1107 D.
2138 1056 2196 1108 lii
2227 1056 2355 1109 KAL.
2415 1059 2641 1111 Densus.
2670 1089 2735 1098 —
2760 1062 2933 1113 Romae
2979 1066 3149 1115 natale
3197 1066 3361 1115 sancti
3398 1066 3495 1116 Sa-

1980 1145 2171 1195 turnini
2195 1148 2459 1211 martyris,
2486 1154 2537 1197 et
2558 1146 2775 1198 Sisiniiii
2799 1150 3026 1211 diaconi,
3058 1152 3151 1201 sub
3172 1151 3495 1212 Maximiano,

1977 1242 2003 1277 a
2035 1244 2135 1295 quo
2164 1231 2330 1295 primo
2360 1232 2492 1283 inter
2523 1233 2657 1285 alios
2686 1249 2865 1287 servos
2904 1236 2987 1287 Dei
3028 1237 3276 1300 damnati,
3322 1239 3383 1288 ad
3424 1238 3497 1288 fo-

1977 1312 2214 1365 diendain
2245 1329 2481 1377 arenam,
2526 1318 2587 1367 ad
2617 1318 2878 1370 faciendas
2912 1322 3135 1373 thermas
3168 1323 3494 1383 Diocletiani,

1974 1400 2158 1451 deinde
2204 1401 2252 1451 iii
2303 1415 2511 1455 carcere
2560 1404 2647 1454 diu
2698 1417 2821 1457 sunt
2871 1412 3156 1472 macerati;
3189 1412 3270 1461 ubi
3308 1412 3495 1461 multos

1974 1486 2188 1551 gentiles
2215 1488 2460 1539 docentes
2492 1474 2845 1556 baptizabant,
2882 1504 2933 1545 et
2960 1496 3128 1546 denuo
3160 1498 3353 1558 educti,
3381 1501 3489 1547 vin-

1972 1574 2039 1624 cti
2066 1575 2259 1625 catenis
2302 1590 2361 1626 ac
2415 1577 2563 1628 nudis
2598 1580 2810 1643 pedibus
2859 1591 2978 1632 ante
3024 1584 3322 1646 pia:icrtuni
3354 1586 3493 1635 urbis

1972 1662 2270 1714 Laodiciam
2312 1664 2440 1729 jussi
2492 1676 2609 1717 sunt
2650 1666 2699 1717 in
2748 1671 2971 1734 equuleo
3004 1671 3182 1731 levari,
3212 1683 3263 1724 et
3303 1675 3492 1724 attrahi

1972 1750 2164 1807 nervis,
2215 1762 2267 1802 et
2310 1752 2530 1803 fustibus
2594 1768 2653 1805 ac
2698 1755 3057 1821 scorpionibus
3105 1757 3251 1809 credi.
3298 1760 3492 1821 Quibus

1969 1840 2122 1888 etiam
2156 1842 2481 1904 postmodum
2531 1844 2765 1895 llaninias
2818 1847 2879 1897 ad
2913 1848 3071 1898 latera
3097 1848 3250 1911 jussit
3282 1849 3489 1915 apponi,

344 1922 503 1975 domo
546 1937 639 1974 sua
680 1922 1032 1975 Diocletianus
1064 1922 1297 1988 punitum
1330 1922 1537 1974 Christo
1584 1933 1862 1988 martyrem
1898 1927 1941 1983 B
1969 1935 2019 1975 ct
2070 1926 2333 1990 depositus
2373 1929 2436 1979 de
2481 1933 2702 1995 equuleo
2749 1936 2916 1998 capite
2968 1940 3211 1988 truncari.
3265 1940 3490 1999 Quorum

343 2010 492 2061 fecit.
544 2009 690 2074 Apud
741 2008 967 2060 Africam
1022 2011 1536 2061 iiatale'sanctorum
1580 2020 1864 2075 martyrum

342 2097 487 2163 Papii
519 2105 573 2150 et
604 2097 851 2149 Mansueti
878 2097 1262 2164 episcoporum,
1283 2097 1370 2162 qui
1398 2107 1631 2162 tempore
1665 2095 1867 2147 Vanda-

342 2184 459 2236 lica:
501 2185 877 2251 persecutionis
921 2183 1016 2236 sub
1066 2184 1349 2236 Genserico
1377 2197 1496 2249 rege
1528 2184 1744 2247 Ariano,
1776 2198 1866 2251 pro

345 2275 465 2327 lidei
494 2274 756 2325 catholica:
786 2272 1112 2332 defensione,
1139 2272 1482 2325 candentibus
1512 2273 1629 2323 ferri
1659 2272 1865 2322 laminis

342 2369 455 2415 toto
483 2376 700 2426 corpore
739 2360 927 2423 adusti,
956 2361 1237 2425 gloriosum
1284 2374 1502 2427 agonem
1533 2373 1863 2411 consumma-

352 2459 553 2503 verunt.
586 2450 697 2512 Quo
729 2450 777 2499 in
832 2458 1063 2514 tempore
1107 2449 1261 2499 etiam
1292 2448 1377 2499 alii
1421 2447 1585 2499 sancti
1616 2448 1862 2515 episcopi,

347 2538 399 2592 id
429 2549 526 2600 est,
559 2537 969 2602 Quodvultdeus,
998 2539 1419 2607 Carthaginensis
1446 2539 1724 2601 Vaicanus,
1758 2538 1859 2590 Ur-

342 2627 529 2690 banus,
561 2628 832 2690 Crescens,
856 2634 907 2677 et
933 2627 1020 2693 qui
1060 2635 1273 2679 vocatur
1310 2626 1649 2686 Habctdeum,
1682 2634 1734 2677 et
1758 2626 1862 2677 Eu-

1967 2026 2187 2078 corpora
2234 2015 2482 2081 colligens
2529 2018 2725 2070 Trason
2778 2034 2891 2071 cum
2942 2021 3141 2075 Joanne
3189 2026 3491 2090 presbytero

1967 2100 2205 2163 sepelivit
2235 2103 2284 2153 in
2318 2106 2509 2169 prtedio
2547 2121 2639 2158 suo
2670 2107 2746 2158 via
2790 2108 3005 2161 Salaria.
3036 2111 3183 2176 Apud
3213 2111 3488 2162 Tboiosam

1968 2187 2138 2251 natale
2188 2191 2349 2240 sancti
2398 2192 2660 2244 Saturnini
2716 2194 2981 2261 epiSCOpi,
3035 2200 3118 2260 qui
3171 2200 3492 2263 temporibus

1968 2275 2104 2326 Decii
2146 2278 2194 2326 in
2238 2276 2488 2342 Capitolio
2532 2280 2760 2345 ejusdem
2803 2284 2943 2333 urbis
2976 2293 3144 2335 tentus
3193 2299 3219 2335 a
3250 2288 3481 2350 paganis,

1967 2375 2029 2413 eo
2057 2362 2191 2427 quod
2220 2363 2283 2413 ad
2314 2378 2427 2427 ejus
2458 2368 2786 2430 praesentiam
2816 2384 2995 2422 omnes
3024 2371 3091 2422 dii
3122 2372 3347 2435 ipsorum
3392 2374 3490 2425 ob-

1966 2446 2251 2513 uiulelacti,
2295 2452 2491 2503 nullum
2542 2454 2952 2508 sacrificantibus
2981 2466 3197 2524 possent
3236 2460 3359 2511 dare
3406 2475 3490 2512 re-

1967 2552 2236 2603 sponsum,
2283 2548 2431 2593 tauro
2461 2538 2522 2593 ad
2556 2543 2816 2595 victimam
2861 2556 3147 2612 przeparato
3173 2547 3377 2599 funibus
3415 2562 3491 2599 re-

1967 2624 2153 2691 ligatus
2209 2635 2305 2677 est.
2339 2628 2451 2689 Quo
2492 2631 2848 2684 vehementius
2891 2635 3173 2699 stimulato,
3220 2650 3246 2685 a
3290 2651 3489 2688 summa

1551 2712 1768 2764 EDITIO
1808 2713 2291 2767 BOLLANDIANA.

415 2800 503 2863 D.,
544 2801 568 2827 ⁸
613 2800 881 2853 Sostlienis
931 2799 1165 2865 discipuli
1207 2800 1580 2864 apostolorum.
1633 2800 1695 2851 Et
1744 2802 1855 2851 liuii

345 2870 618 2936 martyris,
649 2884 764 2919 cum
796 2867 935 2936 omni
970 2868 1124 2936 domo
1150 2883 1238 2918 sua
1273 2883 1362 2931 per
1408 2871 1433 2908 ιι
1467 2869 1855 2934 Chrysogonum

346 2935 550 2989 liicra’ti.
591 2938 759 2987 Africa
807 2944 826 2969 ο
866 2935 1052 3000 Papirii
1100 2947 1152 2986 et
1193 2935 1440 2987 Mansueti
1478 2939 1855 2999 episcoporum.

346 3005 494 3061 B.,C.
530 3005 608 3068 V.,
643 3005 691 3054 In
722 3004 867 3070 Syria
899 3002 1183 3070 'l‘rophimi,
1219 3003 1484 3064 Theodoti,
1523 3004 1742 3055 Eucerii.
1795 3004 1859 3055 Et

340 3075 464 3123 alibi
496 3071 576 3140 [Β.
623 3071 677 3123 C.
724 3068 834 3140 oin._
862 3077 921 3140 Aet
958 3068 1113 3140 alibi],
1146 3069 1371 3140 Eusebii,
1412 3070 1661 3140 JlllliaA:
1691 3070 1771 3129 L.,
1806 3072 1857 3122 lii

342 3134 514 3207 Syria:
544 3140 623 3207 Τ.)
667 3140 735 3207 In,
768 3137 938 3207 Africa
975 3134 1153 3207 natale
1180 3134 1273 3188 SS.
1306 3137 1592 3202 TrOpiiimi,
1628 3138 1854 3202 Eusebii,

338 3202 482 3261 Julii.
513 3207 571 3257 T.
602 3206 687 3267 L.,
717 3206 781 3257 Et
808 3202 1056 3257 Theodoii
1089 3216 1391 3269 martyrum.

410 3292 497 3345 :39.
528 3321 593 3330 —
638 3293 699 3343 lli
742 3291 869 3344 Kac.
905 3292 1080 3344 ltomze
1110 3293 1165 3344 S.
1208 3293 1469 3345 Saturnini
1528 3294 1765 3362 martyris
1812 3303 1863 3347 et

342 3380 368 3419 (ι
391 3382 575 3433 Setinis
617 3391 669 3431 et
697 3379 909 3431 Sisinnii
948 3380 1144 3431 diaconi
1174 3380 1270 3432 sub
1299 3381 1605 3432 Maximiano
1633 3398 1643 3431 ι
1681 3381 1728 3449 [a
1762 3396 1861 3447 quo

342 3471 510 3535 primo
540 3470 674 3521 inter
700 3469 830 3521 alios
873 3470 1102 3521 damnati
1132 3470 1193 3520 ad
1228 3470 1516 3522 fodiendam
1558 3485 1763 3522 arenam
1794 3471 1861 3523 ad

338 3560 599 3612 faciendas
644 3558 871 3611 thermas
925 3559 1286 3621 Diocletianas,
1336 3559 1525 3611 deinde
1564 3562 1613 3611 iii
1654 3558 1860 3612 carcere

336 3650 423 3701 diu
454 3658 573 3700 sunt
601 3648 866 3699 macerati.
897 3646 990 3699 Ubi
1034 3647 1221 3698 multos
1250 3648 1464 3713 gentiles
1494 3647 1738 3699 docentes
1766 3648 1859 3699 ba-

339 3737 637 3804 ptizabant;
685 3744 737 3788 et
784 3735 952 3787 denuo
993 3734 1185 3800 educti,
1225 3736 1378 3787 vincti
1408 3735 1600 3787 catenis
1631 3746 1681 3786 et
1709 3736 1857 3787 nudis

337 3825 551 3892 pedibus
582 3834 702 3877 ante
731 3824 1023 3890 praziectum
1058 3822 1208 3875 Urbis
1250 3823 1543 3875 Laodicium
1570 3823 1699 3889 jussi
1742 3830 1859 3873 sunt

336 3911 387 3963 in
430 3912 650 3977 equuleo
691 3911 856 3962 levari
903 3917 953 3961 et
982 3910 1193 3970 attrahi,
1238 3909 1409 3961 neriis
1454 3921 1503 3961 et
1542 3911 1758 3961 fustibus
1799 3924 1862 3960 ac

340 3999 701 4064 scorpionibus
742 3997 888 4058 θεαὶ,
920 3997 1104 4060 quibus
1150 3999 1301 4050 etiam
1355 3999 1859 4066 pOslmtidttllllnziill-

343 4103 456 4141 nias
480 4088 541 4139 ad
568 4088 721 4140 latera
745 4087 899 4152 jussit
939 4088 1152 4153 apponi,
1186 4097 1235 4139 et
1262 4088 1524 4151 depositos
1552 4088 1613 4139 de
1644 4090 1859 4153 equuleo

338 4180 508 4245 capite
551 4186 570 4211 ε
625 4174 893 4243 triincari].
948 4178 1174 4239 Quorum
1219 4192 1433 4243 corpora
1488 4192 1601 4229 cum
1660 4177 1859 4229 Jominc

343 4265 643 4333 presbytero
686 4262 933 4327 colligens
972 4262 1205 4314 Titrason
1242 4266 1317 4313 vir
1362 4264 1855 4326 Christianissimus,

342 4352 428 4418 qui
458 4352 521 4403 de
551 4349 871 4401 facultatibus
900 4350 1007 4401 suis
1046 4352 1353 4416 martyribus
1395 4354 1551 4401 multa
1604 4352 1861 4401 ministra-

344 4449 504 4501 verat,
552 4438 785 4504 sepelivit
832 4452 881 4487 iii
930 4437 1118 4502 pra-.dio
1164 4450 1255 4487 suo
1285 4438 1363 4487 via
1410 4437 1625 4487 Salaria.
1675 4438 1762 4487 llis
1808 4438 1857 4487 in

1967 2799 2188 2868 fPapias
2218 2812 2269 2855 et
2294 2803 2533 2867 Maurus;
2564 2806 2647 2871 qni
2676 2822 2790 2859 mox
2814 2811 3170 2875 comprehensi
3198 2827 3222 2861 a
3249 2810 3485 2864 Laodicio

1960 2899 2010 2944 et
2038 2906 2137 2942 non
2168 2886 2469 2959 multopost
2496 2895 2740 2961 martyrio
2770 2899 2999 2948 cci-onaii
3030 2906 3166 2949 sunt.
3216 2900 3474 2965 Scriptum

1958 2980 2007 3031 in
2032 2978 2200 3031 Gestis
2225 2981 2446 3033 Marcelli
2475 2997 2638 3047 papae.
2672 2985 2862 3037 Eodem
2886 2987 2966 3037 die
2990 2988 3154 3052 vigilia
3182 2988 3235 3039 S.
3261 2988 3481 3042 Andreae

1962 3069 2198 3133 apostoli.

2031 3177 2243 3227 Brevius
2266 3178 2323 3229 L.
2354 3195 2363 3226 :
2394 3179 2487 3241 Qui
2520 3187 2632 3242 post
2652 3182 2917 3233 carcerem
2944 3182 2991 3232 in
3014 3184 3284 3245 equuleum
3317 3184 3467 3238 levati

1966 3247 2140 3295 nervis
2171 3246 2371 3296 attracti
2402 3285 2413 3304 ,
2458 3248 2661 3298 tandem
2693 3250 2857 3314 capite
2903 3254 3119 3303 truncati
3166 3262 3319 3315 sunt;
3354 3269 3481 3319 quo-

1961 3327 2072 3363 rum
2096 3326 2331 3378 corpora,
2357 3323 2455 3363 etc.

2028 3419 2207 3472 Florus
2233 3420 2281 3471 in
2316 3424 2377 3472 A.
2418 3430 2468 3472 ct
2495 3421 2555 3472 Τ.
2593 3439 2603 3472 :
2640 3423 2831 3474 Eodem
2864 3425 2942 3475 die
2975 3428 3139 3488 passio
3167 3428 3221 3480 S.
3257 3436 3280 3469 κ
3313 3428 3478 3499 Chry-

1958 3509 2089 3560 saiiii
2151 3517 2201 3559 et
2228 3506 2411 3569 Dat-im,
2442 3524 2553 3560 cum
2585 3511 2843 3575 octoginta
2887 3512 3148 3573 militibus,
3175 3516 3255 3577 qui
3290 3530 3379 3579 per
3406 3517 3461 3568 S.

1958 3595 2298 3661 Chrysantum
2315 3596 2373 3646 ad
2394 3596 2541 3647 iidem
2562 3597 2813 3661 conversi,
2833 3597 3042 3662 jubciite
3058 3599 3260 3650 Numeii
3282 3615 3362 3650 Illo
3384 3601 3474 3651 im-

1960 3694 2217 3749 peratore,
2244 3687 2433 3749 pariter
2455 3695 2573 3736 sunt
2595 3686 2872 3738 interiecti.
2898 3688 3214 3755 Chrysantus
3232 3698 3283 3742 et
3306 3692 3475 3755 Daria,

1959 3782 2071 3838 post
2102 3772 2241 3837 plura
2271 3780 2543 3835 tormenta,
2579 3782 2693 3837 post
2716 3788 2971 3835 carceres,
3002 3776 3210 3837 bestias,
3242 3786 3292 3828 et
3315 3793 3477 3843 equu-

1959 3862 2066 3914 icos
2094 3862 2279 3929 pariter
2311 3861 2358 3911 in
2391 3860 2584 3913 foveam
2612 3861 2752 3913 missi
2785 3862 3034 3929 lapidibus
3067 3864 3238 3914 obruti
3268 3874 3409 3916 sunt.

2030 3976 2161 4027 Idem
2202 3975 2384 4027 Florus
2415 3976 2463 4026 in
2492 3976 2554 4027 Α.
2587 3974 2646 4025 Τ.
2685 3974 2741 4025 L.
2778 3992 2787 4024 :
2817 3976 3000 4025 Tolosa
3030 3974 3197 4040 passio
3236 3975 3288 4027 S.
3325 3976 3352 4010 ιι
3382 3976 3475 4028 Sa-

1961 4064 2149 4115 tiiriiiiii
2197 4064 2445 4128 episcopi,
2476 4064 2557 4126 qui
2612 4072 2844 4126 tempore
2885 4062 3045 4125 Decii,
3096 4063 3386 4114 Germanici
3428 4070 3481 4114 et

1960 4152 2099 4204 Grati
2126 4160 2290 4203 tentus
2314 4166 2339 4200 a
2366 4164 2571 4215 paganis
2597 4164 2655 4199 ac
2686 4160 2832 4201 tauro
2861 4151 3119 4215 alligatus,
3142 4151 3205 4201 de
3224 4150 3479 4215 Capitolio

1961 4242 2319 4308 principitatur.
2365 4239 2464 4291 Nec
2496 4254 2637 4289 mora
2670 4238 2802 4290 inter
2827 4239 3020 4303 primos
3050 4240 3329 4290 descensus
3358 4253 3478 4303 gra-

1958 4332 2113 4381 duum
2147 4331 2281 4381 illius
2310 4330 2473 4391 capite
2502 4326 2702 4389 colliso,
2744 4327 2955 4378 eerebro
2988 4339 3225 4387 excusso,
3272 4334 3321 4375 et
3365 4339 3480 4376 cor-

1961 4432 2082 4482 pore
2108 4418 2247 4468 omn'i
2279 4416 2621 4467 membrorum
2674 4425 2815 4476 parte
2842 4414 3087 4466 lacerato.
3132 4412 3334 4479 dignam
3367 4412 3471 4465 Deo

344 4530 516 4585 medio
576 4503 857 4580 certamine
910 4524 1086 4591 positis
1135 4526 1461 4579 crediderunt
1505 4526 1603 4577 duo
1672 4525 1866 4577 milites
1901 4506 2186 4575 Di“limam
2216 4504 2451 4555 Chrlsms
2480 4503 2701 4569 θκοθιιίιι

1644 4612 1839 4667 ΞΜΙΤΙΙ
1880 4611 2101 4665 NOTAE.

410 4717 436 4744 ⁸
475 4704 747 4760 Sosthem's.
780 4703 873 4765 Qui
906 4701 997 4753 fuit
1023 4704 1086 4753 de
1114 4719 1205 4755 ιιι
1230 4702 1511 4767 discipulis,
1543 4712 1591 4753 ct
1621 4718 1715 4752 una
1736 4717 1851 4752 cum

338 4779 495 4831 Paulo
525 4777 716 4825 litteras
758 4773 818 4822 ad
867 4772 1158 4823 Coriiitliios'
1198 4774 1421 4833 scripsit.
1460 4771 1666 4829 Essem,
1714 4771 1845 4822 Ilist.

345 4848 482 4898 Eccl.
515 4840 661 4903 1.19..
709 4840 833 4891 Etim
873 4842 1164 4904 episcopum
1204 4839 1515 4899 Colophonis
1561 4838 1847 4888 ordinatniit
1880 4868 1883 4873 -

340 4914 493 4965 tradit
525 4908 807 4961 Deiothens
836 4910 883 4957 in
924 4908 1169 4976 SynOpsi;
1220 4908 1369 4973 idque
1399 4920 1460 4957 ex
1509 4906 1761 4971 llippolyti
1794 4907 1844 4957 iis

340 4983 475 5034 bello
506 4978 566 5025 de
597 4992 691 5028 nx
722 4977 1003 5038 discipulis.

427 5047 452 5083 δ
507 5045 893 5109 C/irngonum.
948 5044 1124 5095 Petrus
1186 5044 1251 5096 de
1302 5041 1465 5093 Natal.
1528 5043 1678 5092 tradit
1731 5056 1845 5093 eum

342 5116 574 5179 exemplo
606 5116 658 5162 Β.
690 5111 975 5161 Sebastiani
1009 5116 1242 5179 martyris
1263 5111 1322 5161 ad
1351 5112 1497 5179 Iidem
1522 5111 1708 5159 Christi
1732 5125 1853 5161 con-

342 5177 565 5242 versum,
594 5192 644 5231 et
669 5194 781 5230 cum
810 5180 945 5228 omni
977 5177 1244 5231 doniosna
1274 5196 1299 5229 a
1325 5180 1379 5231 S.
1413 5177 1689 5245 Polycarpo
1716 5192 1857 5241 pres-

343 5254 521 5319 bytero
546 5248 890 5310 baptizatum;
931 5247 978 5297 in
1016 5251 1422 5319 veteribusiero
1447 5248 1564 5298 Mss.
1608 5244 1854 5319 Baroiiius

340 5314 517 5369 sci-ibit
550 5318 680 5367 hunc
711 5330 808 5367 una
833 5332 947 5367 cum
970 5320 1076 5367 suis
1104 5332 1130 5366 a
1163 5318 1217 5370 S.
1243 5318 1574 5383 Chrysogono
1605 5318 1665 5365 ad
1702 5314 1855 5364 tidem

340 5398 663 5439 ςυηνιπδιιηι.

414 5461 433 5485 ε
475 5451 691 5518 Papirii.
748 5452 921 5504 Potius
969 5452 1228 5515 Papiniani
1283 5451 1538 5505 Uticensis
1587 5449 1857 5515 episcopi,

344 5523 449 5586 qui,
486 5522 631 5585 juxta
685 5522 934 5571 Victorem
987 5521 1295 5578 Uticensem,
1340 5521 1425 5571 lib.
1480 5536 1491 5569 ι
1540 5521 1600 5569 de
1644 5519 1847 5569 Perseo.

345 5590 607 5652 WandaL,
626 5589 887 5642 candentis
912 5590 1025 5637 tciri
1053 5589 1249 5640 laminis
1273 5598 1377 5639 toto
1404 5588 1612 5641 adusuis
1634 5596 1709 5637 i-st
1738 5601 1853 5637 cor-

348 5673 489 5729 pore.
518 5659 761 5712 Similiter
790 5666 840 5708 ct
867 5655 1159 5711 Mansuetus
1192 5656 1476 5711 L'ricitaiith
1509 5658 1554 5707 lll
1588 5664 1732 5721 porfa
1767 5656 1844 5705 iii-

1964 4710 2152 4763 Census
2185 4703 2263 4745 est
2294 4695 2600 4753 Fornitaiia,
2634 4695 2728 4745 sub
2761 4691 3024 4743 Geiserico
3046 4704 3171 4763 rege
3198 4687 3414 4763 Ariano:

2030 4763 2053 4799 d
2094 4762 2299 4813 δρήηἱδ.
2336 4763 2512 4815 Potius
2557 4764 2719 4815 senis.
2760 4764 2926 4812 Senex
2974 4760 3112 4811 enim
3149 4759 3247 4807 iuit
3294 4758 3346 4805 δ.
3385 4756 3483 4803 Sa-

1964 4833 2236 4882 titriiiiitis.

2035 4911 2055 4934 ο
2098 4899 2369 4949 Trimcari‘.
2403 4900 2495 4950 Via
2528 4914 2601 4948 se.
2639 4896 2960 4966 Niiiiientaiia
2996 4895 3238 4966 miliario.
3282 4890 3479 4966 sepulti

1961 4976 2134 5017 autem
2168 4978 2285 5019 sunt
2308 4969 2403 5017 sub
2429 4968 2509 5017 die
2529 4977 2717 5031 quarto
2746 4967 2861 5015 Kal.
2895 4963 3297 5031 Decembuhlii-i-t
3330 4959 3482 5031 hodie

1962 5037 2228 5085 Coltititttr.
2282 5035 2409 5086 Vide
2453 5028 2581 5086 Acta
2634 5034 2689 5085 ὃ.
2724 5032 2952 5085 Marcelli
2984 5032 3119 5096 apud
3150 5029 3386 5079 Bollaiid.
3424 5028 3482 5076 l0

1959 5100 2219 5152 Januarﬁ.

2032 5172 2047 5207 ί
2099 5174 2299 5236 Papias.
2328 5170 2398 5221 De
2424 5171 2521 5231 liis,
2555 5184 2728 5232 supra,
2752 5166 2869 5216 vide
2894 5164 2960 5216 9.9
2983 5162 3227 5236 Januarii.

2029 5243 2051 5277 Β
2092 5224 2404 5305 tilirysantlii.
2449 5224 2521 5288 De
2548 5224 2629 5305 his.
2654 5237 2785 5293 vide,
2810 5246 2981 5305 Supra~
3014 5232 3096 5283 die
3123 5228 3193 5279 ‘25
3221 5224 3402 5305 Octob.

2030 5305 2053 5341 λι
2096 5296 2375 5359 Saturnini.
2407 5306 2557 5367 (ἕως.
2590 5304 2807 5363 'l‘uron.,
2832 5304 2894 5350 de
2919 5301 3065 5371 Cior.
3106 5309 3285 5371 mart._,
3311 5296 3396 5369 lii).
3430 5305 3467 5357 l,

1963 5394 2010 5432 c.
2040 5378 2125 5437 4'8,
2150 5378 2325 5426 asserit
2350 5376 2404 5425 ὃ.
2430 5365 2752 5423 Saturninum
2782 5371 2845 5417 ab
2871 5370 3217 5437 apostolorum
3240 5365 3465 5437 discipu-

1968 5429 2029 5496 Iis
2062 5429 2214 5496 fuisse
2259 5442 2569 5496 ordinatum,
2597 5438 2915 5508 dissentiens
2959 5450 2984 5483 a
3035 5435 3202 5508 seipso
3246 5430 3293 5508 in
3332 5429 3418 5503 liii.
3459 5441 3475 5481 ι

1970 5516 2119 5575 ||.st.,
2150 5526 2260 5578 cap.
2290 5509 2373 5565 ΞΟ,
2400 5509 2480 5559 ubi
2509 5506 2857 5578 ex‘ipsiusnict
2886 5502 3141 5578 Saturnini
3164 5502 3327 5578 Actis,
3357 5502 3469 5578 ejus

1960 5562 2194 5633 'i'voios'ani
2214 5562 2549 5641 ‘episcopaliis
2577 5562 2773 5625 iiillilllll
2804 5571 2956 5624 Decio
2979 5579 3029 5622 et
3057 5568 3209 5620 Grato
3233 5577 3392 5625 (3055.,
3423 5562 3472 5615 id

1959 5660 2054 5715 est,
2090 5666 2219 5701 attito
2246 5647 2296 5695 ‘2'
2317 5650 2364 5710 υ,
2390 5647 2671 5710 rotisigiial.
