3898 6302
544 352 675 408 1119

1221 358 1409 410 ΒΕΟΑΞ
1452 360 1883 411 VENERAUILIS
1920 360 2064 413 OPP.
2103 358 2271 412 PARS
2310 358 2391 410 IV.
2436 386 2495 395 —-
2537 357 2900 410 lllSTOlllCA.
2965 432 2974 441 .

3514 362 3627 417 11η

1749 468 1963 520 EDlTIO
1998 462 2436 520 COLONIENSlS.

530 550 766 615 Capitolii
818 567 935 605 arce
967 568 1059 618 per
1103 570 1284 606 omnes
1330 556 1517 621 gradus
1554 556 1895 619 prmcipitatus
1936 566 2033 615 est,
2064 560 2109 612 Α
2140 568 2357 620 corpore
2385 564 2579 617 tensus,
2628 562 2687 605 ut
2723 554 2924 619 longius
2966 555 3301 616 cruciaretur,
3331 552 3485 607 biduo
3520 558 3619 611 inibi

528 641 697 704 capite
725 640 924 705 colliso,
954 656 1272 715 excussaque
1299 644 1532 704 cerebro,
1562 654 1612 694 et
1653 644 1791 693 omni
1820 656 2033 707 corpore
2134 641 2435 706 supervixit,
2467 655 2571 693 non
2600 654 2808 693 cessans
2846 656 2903 692 ea
2940 655 3055 707 quae
3087 641 3175 692 Dei
3228 651 3365 705 sunt,
3411 646 3619 707 p0pulutn

528 726 773 777 dilauiato
818 728 1021 796 dignam
1050 730 1258 781 (Ihristo
1302 730 1521 780 animam
1569 730 1845 781 exhalavit.
1877 730 2033 793 Cujus

530 828 717 880 curpus
743 817 790 867 in
821 819 1037 868 ecclesia
1067 808 1223 883 digno
1252 818 1443 869 honore
1481 827 1775 869 veneratur.
1818 817 1879 867 Et
1908 816 2032 881 vigi—

522 902 588 953 lia
612 905 774 955 sancti
808 905 1025 957 Andreas
1060 907 1314 970 Apostoli.

592 990 652 1041 E.
676 991 818 1043 Pmn.
850 991 979 1045 lite.
1013 993 1239 1046 DECEIB.
1264 1023 1329 1032 -—-
1353 994 1405 1045 in
1445 994 1647 1046 civitate
1686 994 1865 1046 l’atras
1913 1008 2029 1061 pro-

2137 729 2345 781 docere.
2375 728 2609 793 Cumque
2644 728 2696 779 hi
2724 728 2810 794 qui
2841 727 3053 780 Christo
3082 728 3410 779 crediderant
3438 728 3621 783 Domino

2131 816 2257 868 satis
2304 826 2536 884 agerent,
2583 825 2639 869 ut
2690 818 3058 883 deponeretur,
3110 817 3407 885 Egeamque
3449 830 3502 869 ut
3544 822 3620 873 hoc

2133 907 2462 969 perlicerent,
2518 905 2778 958 nolentem
2823 906 3173 971 impellerent,
3230 907 3501 970 Apostolus
3542 909 3620 957 Do.

2130 993 2255 1044 mini
2303 994 2669 1045 circumstante
2711 994 2927 1060 populo,
2969 1004 3021 1046 et
3049 993 3187 1061 Bgea
3238 996 3550 1059 proconsule,
3576 1008 3619 1047 ut

522 1076 703 1127 vincite
748 1078 974 1139 Achaiae,
1008 1080 1176 1131 natale
1218 1081 1351 1131 beati
1392 1078 1611 1131 Andreae
1656 1080 1911 1144 Apostoli,
1945 1081 2029 1144 qui
2126 1082 2413 1134 solveretur
2435 1093 2639 1148 agente,
2670 1093 2785 1149 post
2810 1084 2965 1135 verba
2989 1082 3241 1134 orationis
3269 1082 3462 1148 fulgore
3490 1085 3619 1135 ciale-

519 1164 887 1229 interpretatur
932 1169 1109 1231 virilis,
1152 1172 1234 1221 vel
1274 1172 1499 1230 decorus,
1530 1170 1685 1222 frater
1732 1171 1890 1222 Petri.
1937 1170 2030 1222 llic
2126 1169 2190 1221 sti
2235 1168 2343 1222 fere
2382 1184 2481 1221 una
2524 1170 2749 1236 desuper
2786 1169 3152 1222 circumfulsus
3181 1168 3330 1229 hora,
3380 1183 3489 1220 cum
3528 1171 3618 1232 ipso

528 1252 819 1314 pradicavit
853 1255 901 1304 iu
932 1254 1161 1322 Scythia,
1191 1258 1275 1322 qui
1305 1258 1369 1308 ab
1400 1256 1534 1322 Egea
1569 1257 1870 1320 proconsule
1890 1271 2033 1310 eom-

516 1341 820 1403 prehensus,
873 1357 988 1394 cum
1041 1355 1428 1409 perseveranter
1481 1346 1531 1398 in
1582 1346 1680 1397 fide
1726 1346 1919 1396 Christi
1972 1354 2026 1397 et

516 1426 795 1493 Evangelio
842 1429 1071 1492 duraret,
1126 1446 1333 1484 carcere
1371 1434 1577 1485 clausus
1623 1435 1867 1497 primum,
1910 1432 2027 1484 inde

2126 1256 2319 1309 lumine
2360 1256 2671 1310 abscedente
2713 1258 2956 1309 emittens
3004 1256 3248 1321 spiritum
3296 1255 3517 1319 perrexit
3565 1258 3615 1306 ad

2129 1344 2427 1397 Dominum.
2456 1346 2615 1413 Cujus
2636 1359 2825 1410 corpus
2851 1344 3126 1397 Maximilla
3152 1342 3495 1408 potentissima
3517 1358 3607 1393 Illa-

2129 1438 2390 1481 tronarum
2420 1441 2723 1482 reverenter
2746 1429 3035 1496 depositum
3060 1428 3317 1494 sepelivit.
3349 1428 3489 1493 Apud
3506 1429 3617 1477 San-

512 1526 686 1563 (τοι-λιιι
734 1517 1042 1579 procoosule
1094 1519 1394 1582 gravissime
1437 1532 1620 1578 caesus,
1681 1518 1743 1569 ad
1792 1518 2028 1568 ultimum
2129 1522 2310 1567 ctonas
2340 1518 2508 1567 uitale
2535 1519 2697 1569 sancti
2721 1517 2763 1567 Τ
2768 1516 2998 1582 rophiani
3022 1517 3273 1583 episcopi,
3304 1515 3496 1565 virtutis
3516 1516 3613 1568 viri.

512 1615 665 1653 cruce
695 1602 867 1669 ligatis
912 1604 1149 1656 manibus
1192 1616 1245 1656 et
1282 1605 1515 1671 pedibus,
1567 1606 1875 1669 funibusque
1925 1612 2032 1654 toto
2133 1601 2308 1655 Romae
2338 1604 2549 1666 Castuli,
2585 1604 2899 1670 Euprepitis.

1710 1709 1927 1763 EDITIO
1970 1709 2459 1765 BOLLANDIANA.

582 1795 660 1869 BL
679 1797 737 1849 V.
778 1800 860 1857 C.,
895 1799 1086 1869 Eodem
1117 1799 1199 1851 die
1222 1800 1391 1857 vigilia
1439 1801 1496 1852 S.
1527 1798 2024 1869 Andremiapostoli.
2061 1802 2103 1858 B
2134 1801 2329 1861 Patras,
2356 1804 2522 1867 passio
2545 1803 2603 1856 5.
2625 1804 2841 1855 Andreas
2869 1803 3089 1869 apostoli
3114 1818 3128 1864 ;
3152 1803 3236 1868 qui
3257 1802 3521 1854 cruciﬁxus
3546 1818 3617 1867 pro

514 1863 595 1924 Β..
625 1866 685 1917 Ει
711 1869 875 1919 natale
904 1868 999 1921 SS.
1024 1868 1331 1933 Clirysantlii
1372 1879 1423 1921 et
1454 1869 1618 1920 Duriae
1647 1874 1699 1919 et
1728 1866 1908 1918 Mauri.
1938 1866 1996 1916 C.

513 1933 671 1985 Mauri
696 1944 747 1985 et
770 1935 981 1986 aliorum
1014 1952 1170 1987 Lxxtt.

575 2011 661 2071 30.
684 2048 751 2059 —-
780 2036 810 2071 tt
842 2021 968 2072 KAL.
1002 2020 1176 2073 Natale
1202 2020 1260 2074 S.
1290 2022 1510 2074 Audrezn
1537 2022 1776 2085 apostoli.

579 2105 788 2159 Plenius
820 2108 998 2161 Florus
1028 2111 1077 2163 in
1106 2111 1254 2165 A.T.
1298 2112 1357 2165 L.
1404 2129 1415 2163 :
1466 2112 1517 2163 lu
1561 2112 1774 2175 Achaia,
1821 2111 2027 2163 civitate

2128 1890 2318 1942 Christi
2353 1892 2562 1941 nomine
2586 1906 2733 1941 suum
2764 1891 3045 1956 complevit
3073 1890 3400 1956 martyrium.

2202 1976 2256 2026 li.
2290 1976 2467 2027 Roma:
2496 1980 2661 2027 natale
2704 1979 2756 2028 5.
2810 1978 3052 2035 Maurilii,
3102 1979 3337 2033 Consuli.
3368 1977 3611 2028 Theodoli.

2130 2043 2210 2105 C.,
2244 2042 2306 2094 Et
2334 2044 2357 2070 ⁸
2383 2044 2743 2096 Mediulanensi
2773 2045 2827 2098 5.
2859 2046 3119 2096 Amatoris
3140 2046 3393 2112 episcopi.

1846 2196 2046 2252 SMlTll
2088 2194 2306 2249 ΝΟΤᾸΞ.

576 2292 599 2316 ⁸
634 2284 902 2348 Videlicet,
936 2287 985 2338 in
1013 2287 1218 2339 civitate
1240 2286 1637 2341 Mediolaucnsi.

1744 2546 2398 2628 DECEMBEB.

1710 2695 1931 2749 EDITIO
1974 2694 2423 2749 COLONIENSIS.

1089 2791 1509 2864 nsceunsn._

852 2877 1015 2930 [labet
1040 2880 1141 2931 dies
1175 2895 1314 2944 sui,
1347 2882 1512 2930 lunam
1543 2894 1684 2931 uix.

604 2964 660 3015 F.
693 2962 923 3019 KALEND.
972 2966 1202 3020 Decus.
1234 2996 1300 3006 —
1327 2967 1507 3019 Natale
1543 2972 1839 3019 sanctorum
1889 2977 2026 3016 mar-

508 3060 674 3118 tyrum
704 3050 978 3120 Chrysanti
1006 3062 1059 3104 et
1097 3053 1283 3117 Darite,
1314 3054 1399 3119 qui
1432 3062 1663 3119 tempore
1701 3051 2020 3114 Numeriani,

504 3139 677 3205 judice
704 3140 941 3192 Celerino
986 3140 1161 3194 Romae
1207 3142 1347 3206 passi
1392 3150 1531 3193 sunt.
1563 3140 1833 3207 Chrysanti
1880 3149 2025 3205 pater

2137 2790 2487 2854 Clirysantum
2540 2785 2817 2839 multitudo
2856 2786 3085 2837 virorum
3116 2793 3170 2837 et
3215 2799 3305 2849 per
3334 2784 3522 2838 Dariam
3560 2789 3623 2838 in-

2135 2875 2482 2928 numerabiles
2514 2874 2718 2926 feminte
2756 2871 2818 2924 ad
2848 2871 3038 2925 Christi
3065 2874 3286 2940 gratiam
3314 2874 3615 2925 conﬂuerent.

2134 2963 2417 3015 Praefectus
2443 2976 2665 3030 namque
2686 2961 2979 3023 Celerinus,
3010 2963 3415 3023 comprehensos
3442 2965 3617 3015 tradidit

2130 3049 2350 3102 Claudio
2384 3051 2611 3113 tribuno,
2634 3050 2719 3116 qui
2748 3050 3070 3117 septuaginta
3102 3050 3289 3103 milites
3318 3054 3378 3102 ad
3406 3062 3615 3116 torqueo-

2129 3137 2254 3190 dum
2298 3138 2465 3202 dedit,
2494 3139 2578 3205 qui
2630 3138 2803 3191 nervis
2847 3138 3023 3191 crudis
3051 3152 3168 3190 eum
3208 3141 3503 3206 astringunt,
3538 3142 3615 3193 sed

508 3224 770 3279 Polemius
812 3228 887 3278 vir
915 3226 1125 3280 illustris
1164 3228 1293 3280 fuit:
1320 3229 1401 3281 hic
1446 3228 1604 3281 lilium
1646 3244 1794 3281 suum
1825 3227 2025 3280 cuidam
2055 3224 2100 3247 ν
2131 3241 2253 3289 mox
2277 3227 2553 3293 ligamenta
2582 3226 2753 3279 omnia
2795 3226 3023 3279 resoluta
3064 3235 3203 3278 sunt.
3237 3228 3425 3281 Deinde
3455 3230 3499 3281 in
3523 3230 3613 3294 cip-

507 3312 695 3375 virgini
741 3313 1025 3380 conjunxit,
1074 3330 1226 3379 quam
1281 3329 1345 3367 es
1394 3317 1743 3389 nobilissimis
1785 3317 2029 3368 Romanis
2130 3330 2273 3381 pum,
2319 3315 2387 3366 ita
2420 3324 2475 3367 ut
2522 3316 2570 3366 in
2624 3312 2779 3366 tertio
2820 3322 3009 3379 puncto
3037 3313 3153 3379 ejus
3202 3313 3374 3366 tibiam
3415 3324 3613 3367 coarcu-

510 3400 670 3452 fuisse
716 3410 956 3465 constat;
1000 3402 1131 3456 hanc
1178 3402 1495 3471 Chrysantus
1537 3404 1601 3456 ad
1650 3404 1803 3457 fidem
1838 3404 2027 3456 Christi

508 3499 837 3554 convertens,
879 3493 1125 3557 baptizari
1166 3492 1307 3546 fecit.
1358 3492 1677 3561 Factumque
1717 3500 1799 3545 est
1840 3501 1895 3543 ut
1939 3506 2030 3558 per

2132 3412 2267 3467 rent,
2298 3418 2414 3457 eum
2451 3404 2681 3466 mittunt,
2725 3416 2843 3455 mox
2873 3403 3072 3469 ligneus
3118 3402 3299 3467 cippus
3340 3403 3389 3454 in
3422 3404 3615 3455 cinerem

2133 3490 2428 3543 resolvitur.
2475 3488 2620 3542 Tunc
2646 3488 2960 3557 perfundunt
3001 3503 3120 3542 eum
3153 3488 3276 3543 lotio
3305 3490 3518 3543 burnaoo
3539 3503 3613 3559 po-

1709 3598 1930 3652 EDITID
1970 3593 2461 3650 BOLLANDIANA.

579 3686 629 3737 1.
658 3713 724 3725 -
754 3686 1027 3738 Κλυειιυιε.
1064 3685 1218 3739 Vacat
1244 3686 1414 3739 Bazda.

577 3772 763 3827 Florus
792 3774 841 3825 in
868 3776 928 3825 A.
952 3774 1012 3828 Τ.
1041 3774 1100 3827 Ι..
1131 3816 1142 3826 .
1171 3774 1223 3826 In
1249 3775 1498 3828 Noviomo
1518 3774 1771 3843 depositio
1793 3775 1845 3827 S.
1873 3778 1897 3803 ⁸
1928 3775 2031 3827 Eli-

506 3862 574 3930 gii
616 3862 841 3927 episcopi
883 3870 937 3913 et
976 3862 1309 3925 confessosis,
1351 3865 1435 3929 qui
1478 3864 1526 3915 in
1568 3864 1755 3929 palatio
1800 3864 2026 3915 l.otharii

507 3953 648 4019 regis
686 3952 1000 4003 Francorum
1045 3966 1227 4018 magna
1270 3952 1538 4017 prudentia
1565 3962 1615 4004 et
1646 3952 1896 4018 religione
1932 3953 2028 4004 mi-

508 4053 655 4100 cans,
692 4040 965 4104 episcopus
994 4039 1157 4094 factus
1186 4039 1342 4091 multa
1372 4054 1585 4107 corpora
1616 4050 1911 4094 sanctorum
1946 4056 2027 4093 re-

511 4141 730 4179 movens
774 4128 1135 4182 decentissime
1164 4130 1459 4192 tumulavit,
1495 4130 1767 4182 virtutibus
1794 4132 2029 4183 maximis

508 4227 561 4269 et
590 4217 748 4284 signis
775 4217 1135 4270 miraculorum
1160 4218 1401 4271 efﬂoruit.

2202 3684 2285 3745 0.,
2321 3679 2545 3735 Roma:b
2570 3680 2879 3747 Chrysanthi
2923 3688 2974 3731 et
3003 3680 3182 3748 ‘Dariae
3230 3690 3517 3748 martyrum,
3543 3682 3613 3748 qni

2135 3761 2366 3823 tempore
2383 3746 2722 3823 “Nttnteriani,
2768 3748 2942 3823 judice
2956 3746 3124 3823 "Celer
3139 3750 3241 3823 inn,
3264 3818 3283 3823 Δ
3296 3746 3611 3823 ἰξοιιιωᾘιιςιὲξί

2130 3826 2267 3869 sunt.
2296 3814 2356 3867 V.
2378 3815 2462 3877 C.,
2488 3814 2790 3892 Interamnae
2817 3816 2924 3866 sive
2952 3814 3235 3892 Narniisﬁ.
3262 3816 3613 3892 C‘Phrotttlltﬁpi-

2130 3889 2268 3952 scopi
2299 3894 2350 3936 et
2374 3886 2633 3951 martyris.
2660 3885 2711 3935 In
2734 3883 2983 3936 Torrente
3006 3882 3085 3952 [C.
3114 3886 3154 3933 Τ
3162 3882 3312 3952 lmre]
3333 3884 3388 3936 5.
3414 3884 3607 3938 ωλι-ἱππ.

2134 3953 2219 4030 Υη
2256 3952 2328 4030 Ad
2360 3952 2566 4030 Ursum“
2591 3953 2834 4030 pileatitm
2875 3953 2955 4030 S.“
2980 3952 3243 4030 candidae.
3276 3959 3351 4030 ιθ.
3467 3952 3611 4030 μθ..

2133 4019 2510 4073 Romaa'natale
2537 4021 2591 4072 5.
2621 4020 2887 4071 Candidaa.
2921 4019 3001 4082 8.,
3031 4020 3172 4071 Lucii
3202 4029 3252 4069 et
3273 4020 3493 4079 Marium,
3514 4023 3612 4070 Αω-

2131 4089 2279 4163 honi,
2331 4088 2499 4163 l'j‘ilati.
2550 4089 2802 4163 Noviomo
2843 4087 3341 4163 civitatehdepositio
3386 4086 3617 4163 ξηειιιίι

2129 4158 2358 4225 episcopi
2390 4166 2444 4208 et
2471 4155 2805 4208 confessoris.
2846 4155 3027 4208 Natale
3050 4155 3106 4208 S.
3135 4155 3497 4208 Constantiani.

1842 4325 2043 4380 SMITH
2083 4327 2303 4383 NOTE.

576 4437 596 4466 ⁸
631 4434 800 4501 Eligii.
847 4435 942 4497 Qui
974 4445 1124 4497 gente
1151 4436 1326 4488 Gallus
1354 4436 1448 4489 iuit
1476 4437 1525 4489 in
1557 4436 1669 4487 vico
1702 4435 2025 4488 Catalacensi
2057 4428 2101 4486 D
2128 4451 2264 4489 anno
2288 4436 2411 4497 665,
2440 4450 2500 4489 ex
2537 4435 2729 4501 vulgari
2771 4434 2984 4498 calculo,
3030 4433 3314 4486 secundum
3354 4433 3477 4485 ahos
3516 4444 3613 4483 vero

504 4519 661 4569 prope
707 4503 881 4553 urbem
928 4502 1276 4563 Lemovicum,
1328 4514 1475 4569 patre
1523 4505 1804 4566 Eucherio,
1850 4513 2011 4556 matre

501 4571 727 4638 Terrigia
774 4580 941 4628 natus,
977 4571 1022 4621 in
1056 4572 1183 4622 urbe
1215 4570 1484 4623 Lemovica
1537 4582 1697 4624 artem
1740 4570 2011 4623 aurifabri-

499 4655 615 4691 nam
644 4640 936 4702 aliquandiu
965 4640 1211 4691 exercuit.
1241 4640 1390 4690 Anno
1420 4638 1538 4699 655,
1568 4640 1760 4699 legatus
1788 4656 1812 4686 a
1846 4640 2008 4700 Dngo-

498 4708 643 4759 berto
668 4721 785 4771 rege
824 4708 870 4757 iu
919 4707 1230 4759 Britanniam
1273 4708 1522 4759 minorem
1562 4708 1749 4759 missus
1780 4708 2009 4760 inducias

2116 4505 2236 4556 955.
2289 4504 2413 4555 Acta
2460 4504 2575 4569 ejus
2612 4518 2639 4553 a
2684 4502 2740 4555 S.
2792 4502 3044 4555 Audoeoo
3089 4504 3278 4565 scripta
3325 4502 3494 4554 recitat
3534 4502 3609 4552 Su-

2115 4574 2372 4691 iBiulstom.
2401 4572 2480 4625 Vl.
2516 4572 2637 4623 Vide
2657 4580 2706 4624 et
2727 4570 3000 4635 Molanum,
3024 4572 3073 4622 in
3098 4571 3326 4625 lndiculo
3343 4582 3607 4625 sanctorum

2154 4658 2181 4692 t3
2203 4657 2291 4709 gll.
2592 4708 2599 4709 ί
2687 4707 2698 4709 _
2730 4707 2735 4709 _
2865 4707 2873 4709 ᾗ
3192 4708 3217 4709 Π
3286 4706 3300 4709 ᾼ
3382 4707 3403 4709 _
3498 4708 3501 4709 ν

2181 4706 2227 4747 δ’
2240 4708 2557 4776 Cltrysanllti.
2589 4708 2661 4762 De
2686 4707 2768 4761 bis
2796 4707 2930 4771 vide,
2965 4720 3141 4775 Supra,
3172 4708 3257 4761 die
3276 4706 3344 4761 35
3371 4707 3535 4760 Octob.
3560 4716 3599 4757 et

496 4790 613 4825 cum
660 4774 923 4837 Clipniaco
969 4776 1099 4827 duce
1153 4777 1360 4842 pepigit.
1414 4776 1635 4827 Plurima
1682 4774 1802 4825 dum
1852 4777 2009 4826 laicus
2110 4776 2176 4828 29
2200 4774 2445 4830 Novemb.

496 4843 666 4895 adhuc
714 4854 849 4894 esset
891 4845 1124 4895 caanohia
1156 4860 1215 4895 ac
1247 4845 1482 4896 basilicas
1523 4844 1773 4900 condidit,
1806 4858 1863 4894 ac
1895 4852 2005 4894 tan-

496 4912 611 4963 dem
639 4912 911 4977 episcopus
941 4911 1299 4964 Noviomensis
1326 4916 1592 4963 ordinatus
1620 4922 1700 4963 est
1727 4926 1863 4963 anno
1889 4911 2007 4971 640,

499 4994 623 5043 non,
674 4980 744 5030 uti
783 4981 934 5044 vulgo
959 4982 1224 5045 supputari
1262 4981 1409 5041 solet,
1440 4996 1574 5030 anno
1606 4981 1723 5041 616,
1751 4981 1884 5045 Quod
1925 4980 2015 5029 du—

497 5048 749 5098 monstrat
793 5050 1008 5101 Carolus
1049 5050 1095 5099 le
1137 5048 1338 5109 Cointe,
1369 5050 1552 5100 Annal.
1580 5048 1763 5099 Franc.
1796 5057 1922 5104 tom,
1953 5048 2011 5101 ll.

497 5119 581 5167 ad.
613 5133 698 5167 an.
728 5115 846 5178 64η,
875 5132 1014 5169 num.
1040 5118 1127 5181 £0,
1164 5130 1265 5169 etc.
1311 5118 1591 5183 Episcopus
1636 5118 1796 5167 laetus
1843 5117 2015 5168 Eccle-

496 5184 585 5234 siis
612 5188 943 5237 erstrueudis
984 5196 1037 5237 et
1069 5186 1360 5238 imbuendis
1401 5184 1497 5235 lide
1544 5184 1829 5235 Christiana
1862 5183 2015 5235 Flan-

496 5252 622 5313 dris,
673 5251 863 5311 Frisiis,
915 5266 959 5304 et
1011 5255 1195 5307 Suevis
1240 5268 1447 5319 operam
1499 5251 1653 5302 dedit.
1715 5258 1862 5305 Auno
1892 5252 2012 5313 6M,

494 5322 713 5373 omn-ilio
742 5322 1068 5374 Cabilonensi
1118 5338 1168 5373 ιιι
1217 5323 1465 5374 interfuit.
1506 5323 1655 5371 Anno
1683 5320 1803 5379 (550,
1836 5334 2013 5371 mona-

494 5394 708 5441 sterium
742 5390 964 5441 virorum
998 5392 1242 5449 Tornaci,
1268 5392 1548 5454 puellarum
1572 5388 1802 5439 Novium":
1835 5388 2011 5439 cundi«

494 5460 584 5513 tllt.
617 5472 666 5510 et
698 5456 979 5510 Ecclesiam
1012 5460 1401 5511 Cortracensem
1434 5458 1488 5510 S.
1520 5458 1717 5509 Martini
1751 5456 2011 5507 memoria:

491 5523 697 5593 dicavit.
727 5526 863 5578 Obiit
892 5526 1134 5579 Kalendis
1166 5528 1528 5579 Decembribus
1558 5540 1691 5575 anno
1719 5526 1837 5585 {$58,
1868 5526 2010 5593 juxta

494 5590 634 5663 Pagi,
656 5596 703 5649 in
725 5608 816 5651 sua
837 5596 1022 5651 Critica
1043 5594 1678 5661 liistorico-chronologica‘
1698 5594 1757 5646 ad
1781 5608 1863 5645 an.
1890 5591 2007 5655 065;

2188 4849 2208 4875 ο
2247 4844 2470 4899 Proculi.
2507 4846 2575 4898 Dc
2602 4844 2818 4898 Proculo
2846 4853 2898 4896 et
2921 4843 3136 4908 Ephebo
3157 4853 3212 4895 et
3238 4843 3515 4909 Apollonio,
3536 4841 3606 4908 qui

2122 4914 2177 4966 S.
2212 4912 2533 4965 Valentinum
2577 4914 2913 4979 sepelierunt,
2963 4912 3099 4971 vide,
3149 4926 3327 4979 supra,
3378 4912 3447 4979 ll
3481 4911 3603 4979 Febr.

2121 4983 2175 5035 S.
2208 4982 2449 5033 Proculus
2479 4978 2751 5046 episcdpus
2782 4982 3146 5031 luteramensis
3176 4982 3238 5031 ad
3264 4978 3509 5032 Kalendas
3531 4978 3603 5046 Ja-

2121 5050 2279 5099 nuarii
2308 5045 2531 5101 refertur
2556 5066 2580 5100 a
2612 5049 2869 5101 GulCSilllO
2898 5056 2945 5098 et
2977 5047 3250 5111 Fert-ario;
3280 5049 3462 5098 colitur
3482 5045 3608 5098 etiam

2120 5118 2362 5169 Bononia:
2403 5120 2423 5170 1
2458 5119 2595 5171 Junii
2622 5132 2737 5170 cum
2786 5117 2950 5169 altero
2988 5115 3209 5168 Proculo
3255 5116 3446 5173 milite;
3475 5116 3607 5163 Inter-

2120 5202 2285 5237 :unure
2322 5201 2444 5238 vero
2478 5190 2498 5237 ί
2538 5187 2855 5246 Decembris,
2887 5185 3021 5247 quod
3051 5186 3134 5234 tali
3165 5184 3249 5237 die
3278 5184 3502 5249 Corporis
3521 5180 3609 5247 ejtts

2123 5262 2252 5307 lucta
2310 5256 2574 5306 translatio
2624 5253 2805 5305 fuerat.
2861 5254 2984 5304 Vide
3027 5253 3090 5304 de
3137 5254 3191 5305 5.
3245 5252 3459 5302 Proculo
3502 5252 3609 5301 inter

2118 5322 2857 5394 niartyres_Interamnenses,‘
2886 5321 3132 5394 H_[_tpr.,
3172 5321 3312 5394 apud
3358 5324 3477 5372 Aeta
3504 5329 3609 5394 sal-

2118 5388 2337 5443 ctortim.
2372 5390 2635 5449 Baronius,
2668 5392 2716 5441 in
2745 5390 2887 5441 Notis
2907 5390 2969 5439 ad
2998 5390 3131 5441 hunc
3154 5388 3314 5445 diem.
3340 5402 3452 5439 eum
3473 5388 3605 5435 aliato

2118 5458 2274 5510 fuisse
2304 5458 2508 5525 conjicit
2551 5475 2577 5509 a
2619 5462 2673 5509 S.
2720 5460 2933 5510 Proculo
2962 5458 3355 5522 lnteramnensi,
3378 5452 3607 5510 ειυεωιι

2117 5528 2211 5581 dus
2237 5527 2375 5581 illum
2406 5537 2549 5582 vocat
2580 5528 2951 5596 presbyterum.
