3898 6330
296 403 428 455 1121

1300 360 1317 381 ’
1351 401 1529 455 εεετ.
1570 402 1631 455 ιι.
1671 432 1736 443 -
1764 372 2311 461 ἰιΑιιτγιιοιοειΑ.

3248 414 3421 472 Alli!

1463 509 1675 561 como
1714 486 2155 567 COLONIENSIS.

292 593 606 652 tentissimo,
637 602 687 643 ut
736 594 1003 654 maleﬁcia,
1036 592 1291 656 inquiunt,
1342 596 1586 658 amittas;
1620 599 1707 647 sed
1742 598 1810 649 fe-
1842 607 1885 657 Α
1916 614 2101 664 corpus
2148 602 2382 667 jussioue
2428 605 2751 668 imperatoris
2801 606 2956 659 biduo
3004 611 3051 661 in
3095 610 3206 664 foro
3239 615 3422 682 j::cuit,

287 690 377 730 tor
428 682 476 729 in
514 694 719 730 suavem
766 681 979 732 odorem
1028 688 1251 731 mutatus
1286 691 1384 733 est.
1428 684 1621 736 Deinde
1668 686 1810 737 corio

290 768 493 817 recenti
525 766 739 817 vitulino
771 768 962 817 nudum
1005 781 1121 819 eum
1153 769 1526 832 constringunt,
1556 778 1608 821 et
1636 770 1696 821 ad
1725 783 1812 821 so—

289 855 398 905 lem
428 854 709 906 ferientem
758 864 1093 919 componunt,
1123 854 1212 906 sed
1242 855 1431 905 virtute
1479 855 1681 907 Domini
1724 871 1812 907 co-

290 942 427 991 rium
459 951 511 991 ut
538 952 667 1001 erat,
701 943 854 993 molle
885 943 1182 1004 permansit.
1225 940 1420 994 Deinde
1449 944 1660 1005 collum,
1703 958 1811 994 ma-

293 1042 396 1077 nus
428 1042 487 1079 ac
512 1028 687 1093 prdes,
738 1028 934 1078 catenis
978 1028 1158 1080 ferreis
1184 1030 1613 1093 constringentes,
1646 1031 1813 1081 reclu-

290 1116 424 1166 dunt
454 1116 501 1164 in
529 1114 897 1166 obscurissima
929 1113 1062 1174 loco,
1115 1125 1167 1166 et
1211 1116 1380 1164 statim
1408 1126 1601 1168 eatena:
1630 1117 1810 1168 solutae

286 1211 432 1259 sunt,
466 1210 516 1251 et
548 1213 726 1265 magna
779 1201 863 1251 lux
921 1200 1135 1251 inlulsit.
1186 1200 1336 1251 Daria
1380 1214 1503 1252 vero
1532 1202 1582 1253 in
1609 1203 1810 1269 publico

291 1292 622 1337 meretricum
655 1287 885 1350 lupanari
917 1288 1140 1350 ponitur,
1188 1288 1281 1338 sed
1316 1288 1392 1340 leo
1421 1288 1487 1339 de
1530 1304 1683 1341 cavea
1714 1305 1811 1343 ανθ-

292 1378 445 1426 niens
470 1376 529 1426 ad
563 1376 771 1427 tutelam
804 1376 1006 1427 Domini
1040 1377 1227 1428 virtute
1264 1378 1310 1429 ei
1339 1380 1576 1432 donatur.
1607 1380 1699 1444 Qui
1734 1382 1809 1432 in-

286 1474 499 1525 greSsus
527 1461 728 1525 cellam,
775 1461 823 1512 in
856 1478 950 1525 qua
980 1472 1157 1515 saneta
1208 1464 1293 1515 Dei
1333 1466 1381 1516 in
1414 1468 1645 1517 oratione
1680 1482 1809 1532 pro-

285 1556 447 1598 strata
476 1548 695 1613 iacebat,
722 1548 867 1612 juxta
908 1550 1270 1614 prosternitur,
1313 1561 1365 1601 ut
1398 1552 1665 1605 venientes
1694 1568 1721 1605 a
1752 1569 1809 1607 se

288 1636 582 1701 repelleret.
613 1635 740 1688 Dum
770 1637 878 1689 hree
905 1638 1075 1689 omnia
1106 1638 1375 1691 Celerinns
1402 1640 1699 1705 imperatori
1730 1642 1807 1695 in-

285 1723 540 1787 dicasset,
572 1724 655 1775 ille
678 1723 832 1789 jussit
861 1738 951 1777 eos
980 1724 1096 1777 duci
1125 1727 1205 1776 via
1236 1726 1435 1779 Salaria
1465 1729 1514 1779 in
1545 1732 1804 1792 arenario,

286 1818 341 1860 et
372 1812 516 1861 vivos
542 1811 753 1877 deponi,
783 1822 832 1864 et
860 1819 992 1862 terra
1024 1826 1083 1863 ac
1111 1812 1365 1877 lapidibus
1381 1814 1549 1867 obrui.
1579 1815 1808 1883 Contigit

286 1910 341 1951 ιιι
373 1901 435 1949 ad
479 1901 614 1951 diem
648 1901 831 1951 natalis
877 1916 1053 1953 eorum
1097 1902 1294 1954 inﬁnita
1326 1904 1498 1970 populi
1532 1906 1801 1956 multitudo
1837 1890 1877 1946 Β

276 1994 657 2035 concurreret:
701 1983 798 2034 hoc
854 1987 1140 2035 nuntiatum
1194 1995 1274 2036 est
1326 1987 1663 2052 imperatori,
1714 1990 1800 2055 qui

276 2071 433 2137 jussit
461 2081 513 2123 ut
542 2072 588 2123 iu
620 2073 829 2125 introitu
860 2080 1053 2141 cryptm
1082 2074 1249 2139 paries
1290 2075 1584 2139 levaretur;
1630 2091 1691 2129 ac
1726 2077 1802 2130 sic

284 2159 473 2211 factum
502 2170 578 2212 est
620 2168 675 2210 ut
701 2174 881 2212 omnes
911 2160 1029 2211 dum
1059 2171 1378 2214 sacramenta
1411 2164 1599 2215 Christi
1633 2166 1801 2231 perci-

283 2254 489 2309 perent,
552 2246 780 2313 martyrii
819 2247 1034 2310 gloriam
1079 2249 1434 2312 celebrarent;
1486 2252 1621 2317 inter
1672 2266 1800 2317 quos

283 2345 434 2383 erant
464 2334 714 2385 Diodorus
744 2336 1013 2400 presbyter
1060 2344 1113 2385 et
1162 2337 1500 2389 lllartinianus
1529 2312 1797 2403 diaconus,

272 2428 338 2471 et
378 2420 583 2483 plurimi
626 2420 954 2472 clericorum.
986 2421 1102 2484 Ipso
1128 2423 1211 2473 die
1252 2424 1382 2473 beati
1430 2424 1579 2491 Egilii
1611 2425 1801 2477 Novio-

282 2507 485 2558 mcnsis
518 2508 766 2573 episcopi.
807 2508 983 2559 Roma:
1006 2508 1268 2571 Candida,
1301 2511 1540 2563 Umboui.

350 2594 413 2646 ϐ.
467 2594 525 2644 IV
573 2595 701 2646 Non.
754 2595 982 2647 Decentii.
1013 2595 1281 2647 —Natale
1334 2608 1523 2648 sancta:
1572 2597 1803 2650 Viuianre

278 2682 546 2748 martyris,
579 2681 844 2733 beatorum
877 2692 1159 2749 martyrmn
1187 2683 1357 2732 Fausti
1401 2694 1451 2735 et
1483 2686 1708 2738 Dairusze
1740 2689 1799 2737 li-

274 2769 389 2829 lize,
417 2785 530 2833 quae
550 2770 764 2835 jnbente
785 2770 988 2821 Juliano
1011 2772 1320 2833 imperatore
1348 2775 1596 2836 sacrilego
1626 2777 1797 2827 tandiu

273 2858 559 2921 plumbatis
590 2873 720 2910 eam
752 2866 853 2923 est,
884 2858 1051 2911 donec
1087 2858 1324 2924 spiritum
1358 2861 1625 2921 redderet;
1654 2864 1800 2931 cujus

1916 687 2119 737 tandem
2171 700 2370 753 raptum
2417 698 2565 741 nocte
2602 706 2627 741 a
2656 690 2854 743 Joanne
2887 696 3207 763 presbytero,
3253 704 3427 765 sepul-

1913 780 2018 821 tum
2050 774 2200 823 estin
2234 775 2405 837 tlomo,
2456 776 2537 826 ubi
2572 788 2734 828 mater
2761 789 2815 829 et
2853 794 2997 831 soror
3021 782 3130 849 ejus
3168 786 3423 843 Demetria

1908 859 2009 925 jam
2037 860 2251 924 sepulta-
2281 872 2451 923 erant,
2480 864 2618 928 juxta
2653 866 2896 929 palatium
2944 869 3285 925 Licievanum.
3322 877 3423 929 ﬂeo

1912 965 2009 1001 inte
2058 952 2227 1001 natale
2264 962 2560 1004 sanctorum
2592 953 2865 1017 Primeuti,
2919 958 3174 1026 Pontiani,
3215 962 3427 1024 Pimini,

1913 1036 2143 1097 liitnetri,
2195 1039 2419 1090 Jubiani.
2472 1040 2525 1090 Ιιι
2588 1042 2907 1107 Mauritania,
2964 1045 3163 1111 Severi,
3218 1050 3427 1119 Securi,

1906 1119 2154 1181 Januarii,
2194 1122 2455 1175 Victorini.

1976 1210 2039 1258 A.
2081 1206 2139 1258 ΙΙΙ
2170 1208 2297 1258 Nox.
2334 1210 2563 1261 Decus.
2589 1212 2819 1278 —Tiugi
2870 1217 3136 1278 metropoli
3184 1219 3421 1273 Maurita-

1909 1294 2007 1344 nia:
2040 1296 2207 1346 natale
2234 1299 2398 1346 sancti
2426 1297 2654 1349 Cassiani
2702 1300 3007 1367 presbyteri,
3036 1305 3244 1370 gloriosi
3286 1325 3423 1361 mar-

1910 1381 2054 1447 tyris.
2090 1379 2210 1432 Item
2238 1386 2531 1432 sanctorum
2565 1393 2847 1449 martyrum
2888 1386 3085 1440 Claudii
3127 1395 3336 1458 tribuni,
3367 1406 3422 1449 et

1909 1469 2085 1520 uxoris
2120 1469 2231 1535 ejus
2260 1470 2485 1543 Hilarize,
2520 1484 2578 1520 ac
2606 1470 2827 1523 filiorum
2854 1473 3055 1527 Jasonis
3082 1488 3132 1529 et
3160 1481 3339 1544 Mauri,
3368 1494 3423 1537 et

1907 1555 2168 1619 sexaginta
2223 1558 2477 1618 militum,
2533 1559 2616 1623 qui
2666 1572 2845 1615 omnes
2889 1562 2953 1613 ad
3005 1566 3419 1628 przedicationem

1912 1643 2049 1695 beati
2101 1643 2409 1711 Cbrysantlti
2459 1647 2793 1699 crediderunt
2839 1650 2890 1701 in
2930 1652 3151 1705 Christo.
3182 1655 3325 1719 Quod
3367 1667 3425 1708 ut

1910 1732 2199 1783 nuntiatum
2252 1740 2332 1785 est
2380 1735 2680 1797 imperatori
2723 1735 3053 1800 Numeriano,
3078 1740 3229 1806 jussit
3270 1742 3423 1793 Clau.

1911 1819 2055 1873 dium
2087 1822 2344 1873 tribunum
2374 1823 2566 1887 ingenti
2595 1838 2718 1874 suo
2743 1824 3000 1891 alligatum
3033 1829 3343 1897 przecipitem
3370 1833 3419 1883 in

1907 1907 2076 1959 medio
2107 1908 2233 1957 mari
2263 1907 2396 1967 dari,
2428 1908 2617 1982 milites
2642 1924 2766 1961 vero
2795 1914 3139 1979 septuaginta,
3171 1932 3286 1967 eum
3308 1920 3423 1980 qui-

1907 1993 2003 2045 bus
2024 1993 2266 2047 Jasonem
2293 2006 2342 2046 et
2385 1994 2789 2048 Maururnlilios
2818 1996 3017 2051 Claudii
3061 2003 3263 2068 capitali
3303 2020 3422 2057 sen-

1909 2084 2066 2135 tentia
2100 2083 2287 2149 puniri.
2322 2084 2443 2135 Erat
2486 2094 2656 2136 autem
2706 2086 2756 2136 in
2786 2086 2901 2138 loco
2931 2089 3013 2139 ubi
3042 2089 3277 2143 decollati
3304 2102 3425 2145 sunt

1908 2170 2178 2223 colliculus
2218 2170 2482 2235 antiquus,
2520 2172 2654 2223 hunc
2701 2173 3043 2226 emundantes
3093 2188 3240 2229 nocte
3268 2179 3421 2230 Chri-

1906 2258 2077 2318 stiani,
2111 2258 2265 2309 simul
2294 2259 2345 2308 in
2377 2274 2533 2308 unum
2557 2261 2725 2308 omnia
2757 2274 2973 2324 corpora
3002 2262 3317 2325 sepelierunt
3341 2266 3419 2317 via

1904 2342 2118 2394 Salaria.
2162 2342 2391 2406 Corpora
2446 2353 2615 2393 autem
2662 2342 2864 2395 Jasonis
2912 2356 2965 2395 et
3008 2345 3167 2398 Mauri
3215 2347 3422 2414 collegit

1904 2440 2077 2482 sancta
2138 2430 2350 2491 llilaria,
2407 2430 2582 2483 relicta
2634 2440 2849 2498 martyr,
2901 2433 2983 2483 ubi
3032 2433 3151 2484 dum
3202 2436 3421 2487 assiduis

1904 2520 2221 2569 orationibus
2287 2528 2531 2579 vacaret,
2596 2519 2832 2585 migravit
2892 2522 2954 2570 ad
3015 2521 3300 2574 Dominum.
3367 2524 3418 2575 lu

1904 2606 2101 2656 oriente
2144 2604 2390 2664 Mecrobi,
2419 2604 2645 2655 Claudici
2692 2614 2744 2656 et
2795 2604 2997 2667 Felicis.
3033 2608 3083 2657 In
3130 2608 3421 2663 Nicomedia

1907 2692 2124 2749 Arnbici,
2158 2689 2380 2741 Victoris
2409 2701 2456 2741 et
2486 2690 2628 2740 Julii.
2654 2690 2706 2739 in
2739 2689 2907 2742 Africi
2927 2692 3147 2755 Claudii,
3172 2694 3417 2758 Crispini,

1904 2781 2134 2846 Magirne,
2160 2778 2385 2838 Joannis,
2410 2778 2675 2843 Stephani.
2701 2778 2751 2829 In
2782 2780 3039 2832 Pannonia
3070 2786 3231 2835 sancti
3267 2786 3415 2853 Agri-

1904 2869 2052 2917 culte.

1452 2950 1670 3023 [εδιτιο
1712 2955 2027 3009 BULLANDI
2044 2954 2187 3005 ιΝι.

350 3033 443 3107 Ms.
477 3032 729 3083 Laetiense
761 3032 847 3107 ‘bic
878 3032 1029 3083 habet
1055 3034 1272 3107 elogium
1420 3036 1727 3107 Chrysanthi
1760 3053 1810 3092 et
1837 3047 1880 3103 ο
1912 3042 2021 3101 sim,
2069 3040 2275 3090 Juliani.
2311 3039 2390 3093 Ι...
2423 3039 2593 3107 [tome
2626 3055 2790 3091 natare
2820 3050 3112 3093 sanctorum
3148 3044 3418 3107 Victorini,

280 3102 447 3151 Darim
492 3114 642 3160 supra
700 3100 938 3159 relatum,
991 3109 1095 3149 turn
1138 3100 1316 3150 addit:
1350 3104 1542 3153 Eodem
1593 3108 1674 3157 die
1714 3110 1807 3157 ad-

282 3178 467 3217 ventus
510 3175 803 3218 sanctarum
835 3167 1165 3233 reliquiarum
1192 3169 1258 3219 de
1291 3169 1416 3220 urbe
1447 3172 1808 3225 Constantino-

284 3236 531 3299 politana.

350 3322 403 3373 ἓ.
435 3349 501 3358 -—
528 3318 716 3371 Nonas.
745 3319 905 3371 Vacat
938 3320 1107 3381 Bmda,

352 3408 537 3462 Florus
586 3407 635 3458 in
690 3406 749 3457 A.
780 3417 830 3458 et
866 3407 949 3467 Τ.,
998 3409 1164 3472 primo
1194 3407 1327 3467 loco.
1350 3417 1402 3459 et
1432 3410 1479 3459 in
1513 3409 1593 3473 L.,
1623 3412 1709 3463 sed
1742 3412 1805 3463 ad

282 3513 314 3549 ι
361 3498 480 3550 Kal.
533 3496 869 3548 Decembris:
903 3494 1225 3562 Cappadocia
1266 3496 1475 3549 civitate
1530 3500 1699 3561 passio
1744 3499 1800 3551 S.

277 3585 496 3651 Longini
541 3585 715 3635 militis
745 3585 828 3650 qui
862 3584 993 3635 latus
1026 3583 1227 3635 Domini
1267 3584 1440 3637 lancea
1468 3586 1654 3637 dicitur
1678 3602 1799 3653 ape-

276 3674 465 3725 fuisse.
500 3673 597 3735 Qui
630 3686 910 3723 conversus
952 3672 1015 3722 ad
1060 3671 1209 3723 ﬁdem
1235 3684 1347 3723 cum
1385 3671 1644 3725 Christum
1676 3689 1802 3740 pras—

278 3760 499 3821 dicaret,
559 3768 730 3811 tentus
780 3763 844 3811 ab
886 3759 1098 3811 Octavio
1148 3759 1407 3825 praefecto,
1457 3770 1721 3828 postquam
1753 3764 1798 3815 ei

281 3849 468 3900 dentes
501 3844 636 3898 ferro
662 3844 908 3897 confracti
939 3856 1058 3897 sunt
1088 3846 1361 3912 linguaque
1390 3846 1638 3910 abscissa,
1663 3848 1802 3915 capi-

285 3936 439 3986 talem
464 3934 616 3984 subiit
650 3936 980 3984 sententiam.

360 4021 441 4078 \’.,
477 4019 651 4070 Itonia:
700 4020 870 4069 natale
903 4020 959 4072 S.
1002 4020 1273 4085 Primitivi,
1298 4022 1550 4082 Pontiani,
1576 4021 1795 4075 Piminii.

283 4088 421 4139 Alibi
466 4087 603 4147 Veri,
644 4087 839 4146 Severi,
883 4087 1129 4141 Januarii.
1182 4089 1357 4141 Roma:
1412 4093 1465 4142 S.
1496 4093 1519 4117 “
1555 4091 1797 4143 Bibianaz.

282 4157 347 4205 Λ.
380 4157 463 4213 T.,
497 4154 670 4203 Itonia:
698 4156 879 4205 natalis
910 4155 999 4206 SS.
1031 4154 1297 4219 Victorini,
1333 4158 1591 4213 Demetrii,
1617 4167 1671 4208 et
1700 4160 1795 4208 Do-

278 4221 428 4272 natii.
455 4221 536 4284 'l".,
573 4220 631 4269 Et
660 4222 829 4284 passio
866 4222 958 4273 SS.
1009 4222 1282 4288 Primenti,
1325 4225 1582 4287 Pontiani,
1616 4224 1798 4276 Dafro-

1915 3107 2198 3163 Primentii,
2252 3107 2504 3165 l’ontaui,
2556 3106 2795 3167 Dalrosii,
2841 3110 3057 3160 Demetii
3103 3121 3153 3161 et
3198 3112 3411 3164 Urbani.

1918 3175 2003 3237 D.,
2032 3174 2207 3225 Roma:
2234 3172 2485 3224 Juviniani
2518 3182 2563 3241 et
2591 3172 2761 3225 Fausti
2788 3189 3085 3241 martyrum.
3113 3180 3174 3228 Et
3196 3180 3419 3231 Dal'rmm

1913 3242 2047 3292 ΙίΙὶιΙδ.
2071 3243 2123 3292 Β.
2149 3242 2357 3305 Agnetis
2376 3240 2635 3291 secundm.
2658 3242 2741 3301 (3.,
2768 3240 2940 3294 lluma:
2964 3246 3143 3295 natalis
3172 3245 3413 3307 i’iiuenti,

1916 3307 2167 3367 Pontiani,
2205 3309 2412 3357 l'isinni.
2447 3308 2601 3369 Alibi,
2646 3309 2841 3372 Securi,
2876 3312 3123 3373 Januarii,
3159 3312 3410 3371 Vibianm,

1907 3372 2149 3425 Dalrosae.
2184 3375 2263 3433 Β..
2312 3376 2484 3424 Ιιοιιιςυ
2524 3378 2690 3425 natale
2736 3378 2830 3427 SS.
2883 3372 3117 3438 Primiti,
3158 3378 3413 3439 Pontiani,

1910 3440 2122 3492 Viniani.
2156 3440 2482 3491 Crenomanis
2518 3442 2719 3491 civitate
2760 3444 3013 3507 depositio
3037 3448 3090 3497 S.
3117 3452 3143 3488 δ
3178 3448 3413 3500 Domnoli

1906 3509 2131 3626 :‘piseopi
2159 3518 2225 3584 .et
2266 3510 2403 3560 conl‘.
2453 3508 2505 3557 ln
2548 3509 2839 3560 Mauritania
2894 3512 3092 3580 Securi,
3147 3510 3417 3579 Victorini,

1948 3587 2189 3626 ortunati.

1948 3587 2189 3628 Ol'llJllall.

1973 3668 2024 3720 5.
2054 3696 2119 3708 —-
2149 3671 2207 3721 Ill
2234 3670 2422 3721 NOinS.
2458 3669 2609 3721 Vacat
2642 3670 2810 3721 Bzeda.

1976 3755 2057 3817 0.,
2093 3755 2266 3806 [lotum
2295 3759 2314 3783 ε
2339 3756 2533 3805 Claudii
2557 3757 2765 3805 Tribuni
2789 3768 2838 3807 et
2862 3756 3064 3809 ililaria:
3086 3759 3262 3809 uxoris
3282 3760 3417 3823 ejus.

1906 3831 1956 3875 et
1983 3823 2178 3875 Jasonts
2203 3835 2251 3873 et
2294 3824 2472 3872 Mauri.
2526 3825 2581 3873 ll.
2613 3825 2667 3873 (Σ.
2721 3824 2799 3881 νη
2847 3823 2897 3873 In
2948 3826 3154 3875 Oriente
3199 3826 3416 3888 Meroni.

1905 3893 2134 3959 t.laudiei-
2175 3898 2227 3941 et
2278 3888 2486 3959 Felicis.
2540 3890 2590 3940 ιιι
2642 3889 2808 3940 Ait-ica
2854 3890 3135 3955 Cristiinze,
3188 3894 3413 3959 Magnas,

1899 3958 2130 4010 Joannis.
2165 3959 2219 4007 ιι.
2264 3962 2324 4007 Λ.
2357 3957 2418 4008 Τ.
2453 3958 2533 4019 L.,
2567 3959 2617 4008 In
2648 3959 2815 4008 Atrica
2849 3964 3014 4009 natale
3043 3960 3137 4011 SS.
3172 3957 3413 4025 Crispini,

1900 4028 2087 4093 Magni.
2126 4025 2359 4093 Joannis.
2391 4026 2449 4076 Τ.
2485 4026 2566 4084 ι...
2614 4027 2674 4093 Et
2720 4028 2966 4089 Stephani
3001 4034 3306 4093 martyrum.
3336 4028 3417 4091 Β,

1899 4092 2164 4161 Stephani,
2199 4091 2457 4161 Victoris,
2504 4092 2723 4143 alartini.
2760 4097 2812 4142 lu
2854 4093 3079 4144 Bononia
3124 4091 3220 4147 SS.
3266 4096 3416 4161 Agri-

1898 4162 2023 4211 colae
2051 4169 2101 4209 ct
2125 4159 2150 4194 ει
2175 4158 2430 4210 Cassiani.

1587 4312 1785 4365 SMITII
1822 4308 2036 4363 ΝΟΤΑΕ.

355 4407 377 4429 ἰ
409 4396 645 4447 Bibiamr.
689 4396 863 4447 Fausti
911 4404 961 4446 et
1009 4396 1234 4448 Dal‘rosze
1277 4397 1411 4447 ﬁlim.
1444 4398 1567 4459 Quae
1592 4397 1803 4463 jubente
1834 4402 1876 4459 C
1907 4396 2177 4449 Claudium
2221 4395 2375 4460 jussit
2402 4394 2739 4447 Nnmerianus
2771 4395 3049 4463 imperator
3079 4395 3267 4459 ingenti
3296 4411 3420 4448 saxo

282 4467 594 4524 imperatore
616 4462 821 4513 Juliano
854 4464 1028 4513 tandiu
1061 4466 1330 4529 plumbatis
1356 4479 1485 4514 c:es;i
1511 4462 1608 4525 est,
1634 4469 1797 4518 donec

281 4536 516 4597 spiritum
564 4533 819 4582 redderet.
866 4531 1025 4595 Cujus
1070 4546 1253 4594 corpus
1284 4535 1435 4583 biduo
1460 4531 1603 4594 jussu
1636 4534 1798 4596 impe-

286 4602 469 4649 ratoris
527 4600 573 4645 in
624 4599 729 4646 loro
772 4599 969 4659 jaenit;
1030 4602 1229 4649 tandem
1284 4609 1482 4661 raptum
1527 4616 1551 4646 a
1597 4600 1795 4651 Joanne

286 4666 607 4731 presbytero,
642 4667 895 4725 sepultum
926 4673 1003 4712 est
1030 4667 1077 4714 in
1110 4669 1282 4719 domo,
1324 4668 1404 4715 ubi
1440 4675 1598 4715 mater
1626 4676 1674 4716 et
1704 4681 1791 4716 so—

287 4749 371 4781 ror
401 4734 508 4795 ejus
541 4730 792 4779 Detnetria
820 4731 923 4796 jam
961 4732 1169 4795 sepulta:
1198 4744 1342 4781 erant
1376 4734 1522 4794 juxta
1554 4735 1794 4794 palatium

286 4802 603 4851 Licinianum
631 4798 821 4849 lituum.
849 4803 978 4849 A00.
1006 4798 1074 4849 De
1104 4802 1197 4849 hac
1224 4800 1271 4847 ιιι
1300 4797 1407 4848 Vita
1440 4798 1497 4848 S.
1530 4800 1797 4865 Pignienii,

283 4871 352 4918 2-6
381 4866 562 4917 Martii.

358 4934 383 4967 ι)
420 4933 665 4983 Domuoli.
709 4932 875 4983 Pridie
910 4932 1179 4984 defunctus
1204 4945 1280 4985 est
1307 4933 1361 4985 S.
1396 4932 1695 4989 Domnulus,
1750 4942 1802 4984 et

287 5002 352 5052 ad
382 5014 497 5053 eum
537 5000 671 5049 diem
719 5000 851 5050 illius
893 5001 1076 5051 festum
1116 5002 1456 5052 anniversaria
1501 5003 1802 5053 celebritate

291 5067 537 5120 recolitur
564 5080 593 5115 a
617 5066 1103 5117 Cenomanensihus.
1134 5070 1232 5118 Sed
1267 5070 1439 5117 nescio
1464 5083 1623 5132 quare
1653 5070 1800 5119 hodie

293 5143 622 5193 tuonmratur,
656 5134 750 5183 nisi
783 5136 915 5197 quod
950 5137 1052 5195 ille,
1083 5138 1165 5199 qui
1206 5135 1364 5198 pridie
1401 5138 1615 5197 Culalur,
1665 5136 1802 5185 facili

289 5216 470 5256 errore
499 5200 560 5251 ad
590 5211 884 5264 sequentem
915 5201 1047 5249 diem
1090 5203 1356 5251 referatur.

366 5279 389 5305 ε
423 5269 640 5320 Claudii.
689 5271 781 5328 Qui
811 5283 870 5316 ex
902 5278 1227 5331 prrseCutore
1259 5272 1416 5318 lactus
1448 5279 1523 5319 est
1554 5270 1801 5320 Christia-

295 5350 410 5395 nus,
437 5352 553 5387 cunt
584 5335 787 5386 vidisset
814 5336 1187 5397 Cbrysmdhum
1229 5337 1395 5385 omnia
1445 5347 1694 5387 tormenta
1718 5352 1804 5386 su-

295 5414 579 5471 perantem,
621 5413 669 5452 et
700 5403 975 5453 audivisset
1013 5417 1129 5453 eum
1173 5404 1298 5453 deos
1342 5402 1567 5467 gentium
1613 5405 1803 5468 apertis

295 5470 581 5524 rationibus
626 5472 1006 5530 confutante-tn;
1059 5484 1151 5519 nec
1194 5481 1388 5519 tantum
1422 5471 1528 5535 ipse
1560 5471 1617 5516 ad
1652 5471 1801 5520 tidem

293 5550 573 5590 conversus
596 5544 691 5596 est,
724 5537 815 5588 sed
845 5546 895 5589 et
925 5537 1107 5587 llilaria
1136 5552 1261 5587 uxor
1290 5542 1416 5599 ejus,
1446 5545 1497 5586 et
1528 5537 1613 5585 lilii
1645 5538 1799 5587 Jasun

294 5618 346 5661 et
396 5606 595 5655 Maurus
641 5616 755 5653 cum
802 5605 1119 5670 septuaginta
1176 5605 1457 5666 militibus;
1511 5618 1570 5654 es
1618 5605 1800 5669 quibus

928 5712 961 5727 J-

1904 4466 2163 4530 alligatuui
2196 4465 2244 4513 in
2274 4464 2465 4530 [ltunen
2502 4464 2811 4525 pnecipitem
2843 4462 2974 4521 dari,
3004 4464 3191 4514 milites
3218 4479 3340 4515 vero
3368 4474 3421 4515 et

1903 4533 2033 4583 lilios
2074 4534 2231 4595 ipsius
2271 4529 2470 4579 Claudii
2513 4530 2715 4591 capitali
2760 4534 3006 4580 sententia
3042 4532 3224 4592 puniri.
3261 4531 3413 4582 lleata

1900 4610 2067 4649 autem
2112 4599 2298 4648 llilaria
2339 4612 2454 4647 cum
2498 4597 2715 4646 liliornm
2760 4611 2973 4659 corpora
3008 4598 3316 4660 sepelrisset,
3350 4599 3412 4650 ad

1902 4681 2078 4715 eorum
2119 4665 2409 4727 sepulcrum
2452 4678 2604 4713 orans
2647 4668 2796 4725 paulo
2840 4672 3007 4725 posta
3042 4664 3248 4726 paganis
3277 4672 3413 4715 tenta

1902 4734 2135 4795 migravit
2192 4732 2253 4779 ad
2314 4732 2603 4781 Dominum.
2661 4732 2846 4780 Eorum
2894 4743 2975 4778 res
3020 4743 3181 4792 gesta:
3224 4730 3417 4795 juncta:

1902 4798 2152 4849 habentur
2201 4800 2337 4848 Actis
2372 4800 2465 4849 SS.
2514 4796 2821 4861 ChrySantbi
2853 4806 2903 4845 et
2935 4796 3094 4846 Damt:
3141 4800 3272 4861 apud
3319 4802 3416 4849 Su-

1899 4864 2069 4980 gutn‘,
2122 4876 2245 4916 tom.
2300 4864 2358 4926 V,
2407 4865 2490 4914 die
2531 4862 2598 4912 '25
2640 4864 2844 4924 Uctob.,
2890 4871 2943 4915 et
2984 4865 3116 4930 apud
3165 4868 3300 4916 Petr.
3350 4867 3416 4917 de

1946 4942 2024 4980 ala
2052 4970 2064 4980 .

1946 4934 2064 4982 nlal.

1969 4999 1993 5033 ά
2027 4998 2268 5051 Cassiani.
2323 4997 2412 5047 llic
2455 5013 2553 5048 non
2600 4998 2855 5059 liononim,
2905 4998 2994 5049 sed
3034 4998 3177 5063 Tingi
3227 5007 3417 5049 metro-

1904 5068 2001 5129 poli
2049 5067 2360 5118 Mauritania:
2393 5065 2677 5130 Tingitana‘
2707 5081 2885 5131 passus
2922 5076 3018 5115 est.
3047 5068 3140 5128 Qui
3170 5075 3417 5130 excepto-

1903 5138 1972 5183 ris
1998 5134 2220 5184 ollicium
2250 5134 2279 5183 d
2308 5149 2337 5183 ιι
2360 5147 2566 5197 gerens,
2619 5141 2821 5183 tandem
2869 5134 3070 5183 coalitus
3115 5135 3415 5196 inspiratus,

1903 5202 2216 5251 exsecrabile
2272 5201 2417 5250 dum
2466 5200 2871 5251 Christianorum
2942 5202 3051 5250 neci
3111 5202 3411 5260 deservire;

1906 5268 2039 5317 unde
2081 5270 2377 5317 renuntiatis
2407 5269 2573 5318 eidem
2604 5266 2792 5326 ol'licio,
2824 5267 2919 5317 Sub
2955 5268 3240 5317 Christiana
3284 5280 3408 5316 con-

1906 5336 2127 5403 lessione
2154 5336 2464 5397 triumpltum
2488 5338 2675 5385 meruit
2700 5335 2933 5403 obtinere
2962 5335 3195 5403 martyrii
3221 5350 3235 5393 ς
3266 5334 3412 5397 cujus

1904 5416 2087 5464 corpus
2120 5402 2167 5451 in
2213 5404 2419 5465 prtel'ata
2448 5404 2658 5453 civitate
2686 5402 2985 5453 tumulatum
3020 5402 3137 5453 inde
3166 5413 3409 5464 processu

1907 5469 2146 5531 temporis
2188 5469 2250 5517 ad
2299 5471 2554 5522 civitatem
2614 5468 2916 5521 lmolenscm
2966 5470 3266 5521 translatum
3309 5477 3413 5520 est.

1907 5535 2064 5586 Ρετιι.
2099 5550 2159 5586 UE
2188 5536 2377 5587 Name.
