3898 6372
311 435 454 489 1129

1416 432 1601 486 SECT.
1644 431 1707 484 ll.
1746 462 1809 473 -—
1841 430 2381 487 MARTYROLOGIA.

3336 431 3466 486 H50

1528 540 1747 593 EDITlO
1784 540 2236 595 COLONIENSlS.

299 631 563 696 pra-sidis,
604 632 817 697 plurima
864 640 1120 683 tormenta
1155 643 1415 695 perpessa,
1456 628 1737 683 novissime
1776 631 1827 682 in
1855 637 1902 691 Α
1931 631 2052 684 tenti
2098 638 2237 692 sunt,
2283 638 2335 682 et
2376 643 2463 681 ora
2503 632 2730 693 ipsorum
2778 628 3029 694 lapidibus
3062 638 3298 693 contusa,
3344 646 3463 684 rur-

298 720 529 785 equuleo
558 733 804 783 suspensa
846 728 901 770 et
928 718 1261 784 exungulata,
1311 716 1491 769 faculis
1536 718 1836 782 arbutibus

296 819 368 857 ex
422 820 635 869 utroque
690 806 849 857 latere
900 806 1171 871 appositis,
1218 804 1405 855 hausto
1449 804 1568 869 igne
1595 805 1834 869 Spiritum

294 895 553 956 reddidit,
593 907 643 945 et
699 894 1030 945 cernentibus
1077 893 1384 945 Christianis
1434 891 1483 943 in
1528 890 1701 955 specie
1749 906 1834 943 co-

298 982 498 1033 lumbte
527 986 689 1032 nivea:
715 982 825 1045 ejus
856 982 1023 1031 anima
1050 980 1239 1031 caelum
1264 978 1430 1045 petiit.
1461 976 1619 1043 Cujus
1645 992 1834 1041 corpus

296 1080 396 1131 per
423 1068 642 1119 triduum
684 1066 833 1133 jussu
878 1067 1115 1131 praesidis
1177 1064 1421 1130 pependit
1469 1065 1517 1115 in
1550 1065 1703 1129 ligno.
1733 1063 1833 1117 Sed

290 1156 384 1206 cui
417 1171 517 1207 non
558 1156 780 1207 humana
812 1154 1037 1213 fuerant,
1087 1152 1262 1204 divina
1290 1160 1411 1205 sunt
1438 1165 1685 1204 concessa
1723 1166 1838 1201 mu~

294 1257 453 1293 nera.
502 1242 626 1293 Nam
682 1244 766 1292 nix
797 1229 1020 1305 desuper
1046 1240 1233 1305 puella:
1278 1253 1467 1304 corpus
1507 1239 1749 1304 aspersit,
1782 1248 1835 1290 ut

291 1331 441 1394 quod
469 1345 530 1381 ex
560 1337 777 1391 utraque
808 1336 949 1392 parte
975 1326 1239 1391 appositus
1265 1324 1399 1393 ignis
1414 1326 1613 1377 ardoris
1640 1326 1718 1376 sui
1750 1325 1835 1376 in-

292 1417 488 1468 cendio
519 1418 944 1482 conflagraverat,
978 1415 1131 1467 nivali
1176 1416 1401 1469 candore
1426 1422 1725 1479 coopertum
1757 1415 1835 1464 di-

290 1505 421 1554 vina
452 1505 614 1569 gratia
640 1503 926 1554 dealbaret.
980 1502 1169 1568 Sicque
1194 1516 1222 1553 a
1254 1501 1833 1554 Christianis‘reveren-

295 1599 382 1641 ter
431 1593 622 1654 ablata,
672 1599 725 1642 et
771 1590 1047 1642 devotione
1089 1589 1264 1641 debita
1310 1588 1407 1640 sub
1471 1602 1623 1640 sacro
1675 1588 1830 1639 altari

287 1681 556 1746 deposita,
581 1680 945 1732 miraculorum
972 1679 1131 1745 gratia
1151 1679 1457 1731 illustratur.
1481 1676 1628 1743 Apud
1652 1674 1834 1742 praefa-

254 1834 261 1838 ν
292 1779 405 1821 tam
451 1770 629 1822 urbem
660 1770 833 1833 passio
863 1780 1053 1821 sanctae
1078 1768 1245 1831 Julian,
1292 1782 1405 1834 qua:
1445 1764 1541 1818 fuit
1569 1766 1833 1831 convirgi-

292 1858 436 1908 nalis
480 1858 641 1909 beatae
671 1857 909 1919 Eulaliae,
941 1870 1163 1924 quaeque
1192 1855 1268 1908 illi
1300 1855 1361 1906 ad
1392 1856 1686 1921 passibnem
1714 1868 1833 1919 pro-

1936 732 2155 785 sumque
2201 718 2420 782 equuleo
2462 719 2605 780 torti,
2648 726 2699 769 et
2740 727 2854 781 post
2892 718 3000 769 haec
3028 720 3111 770 diu
3161 722 3209 771 in
3252 734 3460 772 carcere

1939 810 2203 870 macerati,
2253 808 2532 861 novissime
2575 808 2747 874 gladio
2786 816 2905 860 sunt
2946 808 3193 873 percussi.
3253 810 3458 862 Vienna:

1937 897 2102 949 sancti
2144 896 2359 948 Sindulfi
2390 896 2615 962 episcopi
2643 905 2692 947 et
2721 896 3053 947 confessoris.

2004 984 2061 1035 Β.
2096 984 2155 1035 lll
2187 984 2298 1035 laus
2338 984 2563 1035 ῡεοειιη.
2599 1011 2665 1022 -—-
2699 983 2923 1035 Dauielis
2964 985 3245 1049 prophetae.
3283 984 3463 1038 Romae

1934 1070 2140 1121 Damasi
2189 1086 2351 1138 papzc,
2378 1072 2463 1137 qui
2507 1071 2639 1123 rexit
2672 1071 2956 1123 Ecclesiam
2987 1088 3149 1123 annos
3194 1072 3373 1125 decem
3410 1082 3463 1125 et

1933 1168 2073 1221 octo,
2103 1174 2307 1212 menses
2332 1172 2457 1225 tres,
2481 1160 2591 1212 dies
2624 1161 2770 1213 duos.
2800 1162 2889 1212 llic
2911 1160 3171 1213 constituit
3199 1170 3251 1213 ut
3279 1161 3463 1213 Psahni

1943 1246 2027 1297 diu
2079 1254 2338 1309 noctuque
2376 1259 2693 1299 canerentur
2726 1263 2815 1313 per
2862 1262 3041 1298 omnes
3068 1249 3333 1301 ecclesias.
3374 1248 3463 1300 llic

1938 1332 2097 1383 multa
2156 1347 2372 1399 carpera
2425 1343 2725 1385 sanctorum
2784 1335 3072 1397 requisivit,
3141 1344 3192 1387 et
3249 1337 3464 1397 invenit,

1933 1433 2151 1487 quorum
2196 1422 2494 1471 memoriam
2541 1421 2694 1471 etiam
2737 1422 2971 1471 versibus
2998 1422 3299 1474 declaravit.
3338 1422 3461 1474 Item

1934 1505 2111 1557 Romae
2154 1506 2324 1558 natale
2368 1514 2661 1557 sanctorum
2708 1513 2995 1573 martyrum
3031 1506 3285 1570 Pontiani,
3321 1505 3458 1559 Prac-

1933 1596 2111 1645 teXIati
2164 1604 2319 1659 atque
2360 1594 2627 1655 Tarsonis,
2677 1594 2760 1659 qui
2808 1602 2990 1662 potens
3032 1604 3082 1647 et
3138 1596 3366 1660 locuples
3394 1597 3459 1648 de

1934 1680 2263 1732 facultatibus
2290 1681 2397 1731 sui
2426 1695 2545 1733 cum
2577 1690 2714 1734 esset
2742 1681 3082 1742 Christianus,
3108 1684 3297 1735 sanctis
3320 1699 3457 1735 mar-

1937 1765 2137 1832 tyribus
2184 1767 2231 1818 in
2265 1767 2564 1820 carceribus
2607 1778 2659 1819 et
2700 1768 2747 1819 in
2780 1769 3001 1820 metallis
3028 1768 3308 1832 damnatis,
3346 1771 3456 1821 vic-

1936 1862 2039 1905 tum
2071 1855 2414 1918 miniStrabat,
2443 1869 2535 1922 per
2562 1860 2766 1910 beatum
2797 1856 3044 1908 Sisinium
3085 1864 3137 1910 et
3159 1856 3451 1924 Cyriapum,

288 1944 498 2008 peranti
548 1942 808 1995 individua
860 1956 1035 1995 comes
1082 1953 1133 1993 et
1184 1943 1375 1993 sodalis
1421 1940 1660 1993 adltmsit.
1702 1940 1825 1991 ltcm
1859 1933 1904 1990 Β
1930 1956 2029 1993 non
2063 1952 2177 2007 post
2206 1943 2368 1994 multo
2406 1954 2457 1995 et
2487 1945 2597 2008 ipse
2624 1952 2794 1995 tentus
2829 1958 2855 1993 a
2891 1934 3215 1995 Maximianm
3231 1946 3451 2010 palmam

302 2031 444 2097 apud
470 2032 719 2097 Hispalim
746 2033 1023 2092 civitatem,
1065 2039 1358 2083 sanctorum
1397 2038 1679 2097 martyrum
1705 2030 1828 2080 Car-

291 2119 513 2185 c0phori
545 2119 850 2186 presbyteri,
884 2130 932 2170 et
962 2118 1185 2169 Ahundii
1210 2117 1433 2180 diaconi,
1466 2119 1551 2183 qui
1583 2130 1829 2183 persecu-

291 2210 439 2258 tione
470 2207 790 2267 Diocletiani,
821 2206 1109 2273 subjudice
1139 2206 1390 2258 Martiano
1422 2207 1470 2257 in
1501 2206 1827 2258 confessione

288 2295 486 2345 Christi
510 2297 675 2359 primo
704 2296 921 2347 fustibus
944 2294 1303 2346 crudelissime
1324 2296 1445 2345 ctcsi
1475 2304 1615 2355 sunt,
1639 2294 1827 2347 deinde

286 2378 340 2431 in
372 2394 653 2441 carcerem,
683 2389 867 2446 negato
895 2380 1010 2433 cibo
1036 2389 1087 2431 et
1118 2394 1258 2444 pou,
1306 2381 1489 2433 retrusi
1520 2397 1533 2442 ;
1564 2382 1697 2433 unde
1730 2395 1821 2446 per

286 2468 533 2533 angelum
578 2468 742 2533 ducti,
789 2477 841 2520 et
870 2467 1082 2520 verbum
1129 2468 1218 2521 Dei
1250 2468 1587 2534 praedicantes
1632 2471 1815 2521 iterum

1930 2030 2160 2098 martyrii
2206 2045 2321 2081 cum
2365 2030 2564 2081 duobus
2602 2030 2717 2081 aliis
2747 2032 3011 2096 percipere
3061 2032 3266 2082 meruit.
3303 2032 3352 2082 In
3380 2032 3453 2083 ci-

1884 2148 1897 2164 .
1930 2117 2085 2169 vitate
2113 2116 2376 2169 Ambianis
2415 2116 2613 2179 Galliae,
2641 2128 2933 2168 sanctorum
2962 2127 3243 2184 martyrum
3283 2117 3457 2170 Victo-

1932 2205 2027 2257 rici
2056 2214 2107 2257 et
2136 2205 2403 2258 Fusciani.
2442 2204 2497 2256 1n
2530 2204 2769 2270 llispania
2820 2204 2985 2255 sancti
3015 2204 3272 2271 Eutycliii,
3304 2204 3455 2272 cujus

1926 2300 2068 2357 gesta
2103 2292 2374 2353 habentur,
2403 2300 2453 2341 et
2482 2291 2642 2341 sancti
2670 2289 2911 2341 Gentiani
2944 2292 3205 2356 martyris.

1996 2376 2052 2429 C.
2087 2377 2231 2429 Pam.
2263 2377 2375 2429 locs
2427 2377 2653 2429 Dccrus.
2701 2404 2767 2415 --
2807 2376 3112 2429 Sanctorum
3166 2385 3447 2443 martyrum

1924 2466 2295 2543 Hermogenis,
2359 2467 2538 2519 Donati
2595 2478 2645 2518 et
2711 2466 2927 2517 aliorum
2976 2464 3153 2531 viginti
3203 2464 3443 2518 duorum.

1493 2577 1711 2630 EDITIO
1751 2576 2213 2629 BOLLANDIANA
2228 2613 2241 2625 .

288 2686 475 2737 colona
512 2686 717 2737 civitate
767 2686 1044 2752 Hispaniae,
1075 2686 1172 2737 sub
1203 2686 1426 2736 Daciauo
1457 2684 1673 2748 przeside
1703 2700 1817 2750 quae

283 2786 403 2823 cum
431 2780 572 2824 esset
599 2771 844 2823 tredecim
885 2785 1158 2832 annorum,
1192 2779 1307 2837 post
1337 2772 1551 2835 plurima
1582 2781 1817 2823 tormen-

281 2866 354 2915 ta,
387 2858 640 2910 decollata
668 2866 765 2921 est,
797 2868 848 2909 et
878 2859 1140 2910 resiliente
1177 2859 1242 2910 ab
1266 2872 1324 2910 ea
1347 2859 1535 2925 Capite,
1575 2860 1813 2920 columba

285 2947 349 2997 de
376 2961 594 3011 corpore
620 2947 732 3012 ejus
756 2948 898 2999 exire
924 2946 1031 2999 visa
1062 2955 1163 2999 est.

354 3037 442 3097 T.,
478 3037 591 3100 Ipso
616 3037 699 3087 die
728 3037 785 3089 S.
812 3037 842 3104 ἑ
877 3035 1321 3104 Valet‘itcvirginis
1351 3043 1402 3087 et
1440 3037 1701 3104 martyris.
1728 3035 1809 3097 Β..

285 3105 340 3155 in
372 3108 580 3155 civitate
609 3103 852 3155 Arvernis
876 3104 1046 3155 natale
1070 3101 1124 3154 S.
1156 3101 1433 3167 Agricolas.

358 3194 441 3241 ll.
466 3188 614 3241 -ιιι
644 3190 777 3241 inus.
806 3189 986 3241 Natale
1014 3189 1065 3242 S.
1094 3195 1120 3232 b
1150 3189 1350 3240 Damasi
1381 3202 1545 3255 papa}.

355 3278 541 3330 Florus
569 3279 619 3329 in
666 3278 728 3329 Α.
761 3277 825 3329 Τ.
873 3276 953 3327 L.:
1001 3276 1051 3326 In
1083 3276 1247 3328 Gallia
1290 3276 1498 3329 civitate
1546 3276 1818 3331 Ambianis

284 3366 459 3429 passio
502 3363 598 3416 SS.
645 3363 909 3426 Geutiani,
946 3362 1206 3425 Victorici,
1236 3373 1288 3416 et
1320 3364 1581 3429 Fusciani,
1613 3364 1701 3431 qui
1724 3362 1815 3415 Vi-

282 3453 513 3505 ctoricus
552 3466 611 3502 ac
641 3449 925 3502 Fuscianus
953 3465 980 3501 a
1009 3451 1168 3501 lloma
1199 3450 1414 3517 egressi,
1440 3450 1654 3501 verbum
1698 3449 1815 3499 vita:

292 3540 530 3607 pluribus
571 3539 870 3590 nuntiantes
902 3546 1129 3602 tempore
1173 3537 1463 3589 Maximiani
1508 3535 1643 3590 circa
1690 3537 1816 3588 Atti-

285 3627 457 3680 bianis
484 3641 514 3677 a
543 3626 835 3678 ﬂictiovaro
864 3624 1081 3691 praeside
1106 3623 1493 3691 comprehensi,
1518 3624 1659 3690 prius
1679 3623 1816 3674 ferro

1924 2684 2156 2735 manibus
2180 2693 2294 2749 post
2323 2691 2523 2748 tergum
2557 2682 2740 2733 vinctis
2772 2683 2821 2732 in
2851 2695 3060 2735 carcere
3086 2691 3201 2733 sunt
3234 2682 3445 2744 reclusi,

1920 2772 2109 2822 deinde
2150 2771 2198 2821 in
2228 2772 2442 2823 naribus
2470 2782 2517 2822 et
2546 2770 2757 2822 auribus
2785 2784 2963 2822 eorum
2998 2770 3212 2823 sudibus
3241 2771 3443 2832 immis-

1920 2855 2015 2919 sis,
2042 2866 2095 2909 et
2124 2857 2284 2909 clavis
2312 2858 2361 2908 in
2408 2856 2667 2923 capitibus
2712 2856 2993 2922 transfixis,
3037 2857 3278 2913 decollati
3307 2870 3448 2911 sunt.

1922 2943 1974 2995 In
2004 2959 2134 3010 quos
2161 2946 2345 3012 spiritu
2376 2946 2626 3009 irruente,
2660 2945 2898 2997 manibus
2933 2946 3102 3011 capita
3147 2946 3352 3011 propria
3381 2949 3446 2998 ad

1922 3030 2198 3097 hOSpitium
2232 3033 2288 3083 ll.
2321 3032 2560 3084 Gentiani
2586 3036 2827 3098 martyris
2852 3046 3013 3098 usque
3039 3041 3323 3099 portantes,
3350 3033 3449 3086 ibi.

1850 3136 1888 3188 ρ
1919 3114 2037 3168 dem
2070 3118 2445 3183 requievcrunt.

1996 3228 2076 3287 B.,
2109 3226 2159 3276 In
2184 3225 2498 3295 Alexandria
2546 3226 2806 3280 Sammoni
2833 3236 2883 3279 et
2910 3226 3141 3279 Emeriti.
3172 3230 3221 3279 In
3254 3231 3439 3295 Aulio.

1920 3294 2032 3346 chia
2062 3295 2157 3347 SS.
2183 3292 2394 3353 Zosimi,
2424 3293 2588 3355 Pauli,
2614 3304 2666 3345 et
2694 3295 2917 3361 Cyriaci.
2948 3297 2998 3345 lu
3028 3296 3185 3347 Gallia
3216 3292 3429 3352 civitate

1921 3363 2465 3433 Ambianense_nat_ale
2509 3363 2601 3433 SS.
2636 3362 2839 3433 Victrici
2878 3370 2929 3414 el
2958 3363 3194 3416 Fusciaui
3238 3375 3428 3433 marty-

1918 3443 2051 3478 rum.
2086 3431 2145 3478 A.
2174 3438 2224 3477 et
2254 3426 2339 3489 T.,
2371 3428 2433 3478 Et
2467 3441 2483 3464 ι
2514 3427 2833 3480 Praetextati.

1990 3512 2072 3562 19..
2096 3540 2159 3549 --
2184 3512 2218 3563 ll
2246 3510 2379 3563 lous.
2408 3511 2564 3563 Vacat
2589 3513 2760 3564 Baeda.

1994 3598 2051 3649 V.
2090 3599 2146 3650 Β.
2197 3598 2254 3651 D.
2301 3603 2362 3651 Α.
2392 3598 2453 3652 Τ.
2480 3598 2560 3664 C.,
2609 3601 2786 3653 Natale
2833 3600 2927 3654 SS.
2954 3603 2977 3636 α
3014 3600 3343 3670 llermogenis
3388 3614 3440 3659 et

1632 3708 1831 3764 SMITH
1870 3707 2095 3762 NOTAE.

354 3807 381 3834 ⁸
428 3796 660 3851 Valerios.
709 3798 827 3849 llaec
867 3798 1051 3850 colitur
1096 3798 1381 3852 Lemovicis
1423 3800 1472 3851 in
1524 3799 1703 3852 Gallia.
1732 3802 1809 3853 Ex

282 3864 415 3931 Kal.
436 3876 487 3915 et
529 3882 758 3916 trionum.
792 3867 1032 3917 Ecclesia:
1062 3867 1396 3920 Lemovicen.
1440 3868 1725 3931 Ferrarius,
1759 3869 1810 3920 iu

284 3930 525 3999 catalogo
554 3934 798 3996 generali,
843 3934 1021 3983 scribit
1059 3949 1172 3985 eam
1221 3937 1380 3985 fuisse
1423 3930 1721 3998 discipulam
1750 3936 1807 3989 S.

283 4001 533 4052 Martialis
566 4000 710 4063 primi
742 4001 984 4065 episc0pi,
1014 4000 1079 4051 ab
1112 4016 1175 4052 eo
1200 4002 1262 4050 ad
1305 4002 1455 4052 fidem
1485 4016 1809 4062 conversam,

281 4082 337 4138 et
368 4067 574 4138 tandem
618 4068 1120 4138 capite_tt_'uncatam,
1152 4066 1285 4133 quod
1332 4070 1534 4138 nuptias
1564 4070 1813 4134 Stephani

284 4137 435 4185 ducis
464 4136 764 4199 respuisset.
795 4134 917 4200 Ejus
961 4148 1149 4201 corpus
1193 4150 1327 4187 nunc
1371 4134 1433 4188 in'
1469 4138 1815 4189 Cambonensi

283 4202 527 4253 (‘mll0bi0
556 4201 879 4254 Lemovicen.
928 4202 1144 4254 diteces.
1171 4206 1423 4255 asservari
1470 4205 1678 4255 dicitur.
1712 4204 1816 4256 llac

282 4270 371 4320 die
398 4270 582 4337 colitur
607 4270 717 4334 ejus
757 4272 1024 4337 memoria,
1053 4284 1151 4335 qua
1201 4272 1501 4337 martyrium
1547 4285 1695 4335 passa
1735 4282 1815 4322 est

281 4333 796 4454 δυῗξιϐιθυαίοὶιιψ.
856 4336 911 4389 ln
973 4333 1205 4389 Romano
1238 4333 1598 4405 Martyrologio
1652 4338 1816 4406 pridie

282 4419 349 4454 co
374 4422 385 4453 l
416 4419 493 4454 ur.

282 4414 493 4456 COIllUl‘.

358 4470 382 4503 ιν
426 4469 649 4522 Damasi.
679 4470 777 4535 Qui
826 4471 920 4522 fuit
946 4470 1153 4521 Antonii
1180 4470 1446 4535 cujusdam
1474 4470 1628 4535 ﬁlius,
1662 4482 1812 4539 gente

296 4539 599 4607 HispanusL
629 4540 789 4603 patria
831 4554 890 4589 ex
932 4539 1133 4607 Mantua
1161 4538 1498 4607 Carpetanus,
1554 4538 1705 4607 quem
1739 4553 1811 4594 ta-

284 4621 407 4657 men
437 4607 520 4673 alii
564 4605 603 4656 Τ
607 4621 1023 4666 arraconensem,
1052 4606 1139 4656 alii
1184 4620 1246 4657 ex
1288 4606 1547 4659 Lusitanis
1573 4605 1811 4673 lgedita-

283 4687 410 4723 num
451 4671 610 4724 fuisse
654 4674 871 4722 volunt:
906 4674 1151 4726 Ecclesia:
1195 4674 1439 4725 llomantc
1482 4676 1576 4727 sub
1606 4671 1811 4727 Liberio

283 4741 557 4807 diaconus,
588 4739 778 4790 deinde
806 4742 1091 4806 presbyter,
1122 4742 1343 4803 denique
1372 4744 1645 4807 episcopus
1675 4758 1811 4794 anno

283 4805 390 4857 366
414 4809 749 4867 conStitutus,
788 4806 887 4858 alia
918 4805 1122 4859 interim
1155 4807 1375 4860 factione
1417 4805 1656 4861 Ursinum
1700 4814 1810 4863 sive

289 4873 581 4926 Ursicinum
626 4874 897 4926 diaconum
942 4876 1118 4927 Romae
1164 4877 1461 4941 episcopum
1509 4878 1806 4931 ordinante.

284 4942 473 5006 Magna
519 4948 756 5006 utrinque
780 4942 1131 5005 contentione,
1162 4952 1214 4995 et
1257 4947 1417 4995 multo
1443 4946 1692 5010 sanguine
1722 4961 1808 4997 res

284 5018 401 5060 acta
431 5016 527 5070 est,
556 5009 686 5060 adeo
713 5017 767 5059 ut
788 5024 893 5060 uno
918 5011 1021 5072 die,
1047 5020 1255 5062 notante
1283 5009 1573 5074 Ammiano,
1601 5027 1806 5065 cxxxvn

284 5081 429 5128 cives
454 5076 609 5145 occisi
640 5085 777 5145 sunt.
808 5076 941 5139 Quin
964 5079 1117 5129 etiam
1147 5079 1232 5129 diu
1264 5080 1315 5130 in
1345 5078 1567 5131 Ursicini
1606 5092 1807 5145 partem

286 5144 503 5196 immani
528 5141 837 5195 crudelitate
876 5144 1123 5197 Damasus
1163 5147 1425 5206 szeviebat,
1457 5147 1499 5196 si
1532 5141 1651 5198 vera
1680 5161 1807 5199 nar-

285 5220 407 5279 rant
435 5209 705 5262 Faustinus
754 5219 806 5262 et
848 5211 1169 5264 Marcellinus
1214 5214 1266 5264 in
1315 5212 1613 5279 praefatione
1652 5228 1805 5278 quam

286 5276 489 5330 labello
518 5291 728 5343 precum
761 5281 1135 5341 praemiserunt.
1167 5276 1327 5333 Victo'
1355 5286 1558 5333 demum
1598 5276 1803 5345 Ursino,

289 5346 539 5395 Damasus
568 5346 741 5397 sedem
774 5347 997 5410 quietam
1026 5350 1208 5399 tenuit.
1244 5348 1393 5400 Circa
1436 5362 1521 5401 an.
1550 5348 1675 5408 569.
1709 5350 1804 5400 lia-

289 5412 393 5462 bita
436 5411 612 5462 Romae
655 5416 874 5477 synodo,
920 5414 1232 5467 Auxentium
1278 5416 1706 5469 Mediolanensem
1753 5426 1807 5469 et

286 5479 493 5529 concilii
541 5479 879 5531 Arimineusis
926 5482 1053 5532 Acta
1100 5483 1389 5543 damnavit;
1435 5483 1687 5548 fidemque
1714 5484 1804 5535 Ni-

287 5560 485 5615 crcuam
513 5548 867 5615 confirmavit.
917 5550 1064 5599 Anno
1106 5549 1225 5612 575,
1257 5553 1408 5601 aliam
1439 5552 1613 5602 licium
1645 5566 1800 5615 syno-

290 5613 412 5666 dum
444 5613 637 5673 habuit,
672 5618 751 5664 cui
804 5616 1036 5667 interfuit
1082 5618 1260 5671 Petrus
1287 5619 1659 5672 Alexandrinus
1677 5613 1801 5688 iepi-

564 5723 826 5781 ΡΔτῐιιη..
874 5725 1084 5784 XCIV.

1916 3812 2126 3864 secpus,
2158 3798 2208 3847 in
2236 3808 2337 3864 qua
2365 3791 2706 3864 Apollinarem
2753 3792 2967 3864 ejusque
3013 3792 3317 3864 discipulum
3346 3794 3433 3864 Ti-

1912 3858 2176 3917 mofheum
2221 3858 2288 3914 ob
2328 3858 2561 3911 hreresim
2600 3859 2852 3923 deposuit.
2880 3859 3029 3911 Anno
3071 3860 3192 3919 581,
3223 3862 3432 3914 concilii

1910 3927 2461 3995 Eonstantinopolitaui
2491 3928 2665 3995 Patres
2705 3928 2767 3978 ad
2797 3929 3048 3993 synodum
3083 3927 3260 3979 Romae
3302 3943 3427 3981 con-

1913 4002 2220 4068 gregandaﬁm
2254 3994 2540 4068 invitavit,
2570 3994 2820 4068 Damasus
2865 3995 2994 4068 obiit
3019 3996 3327 4068 ἕψω-584ἱ
3374 4007 3431 4049 ut

1917 4060 2133 4120 ieslitlur
2162 4067 2378 4128 Prosper
2407 4066 2453 4111 in
2486 4063 2761 4122 Chronico,
2790 4070 2842 4113 et
2878 4060 3067 4113 evincit
3108 4064 3421 4127 epitapltiuut

1915 4135 2081 4187 Siricii
2110 4134 2220 4199 ejus
2246 4128 2712 4199 successoris._lloc
2740 4137 2909 4199 tamen
2938 4129 2989 4199 in
3028 4129 3241 4199 dubium
3274 4144 3421 4199 revof

1916 4211 2000 4252 cat
2053 4195 2429 4265 Papebrochius
2468 4200 2518 4246 in
2566 4196 2763 4265 (Senatu
2790 4195 3312 4265 chronica-historico
3356 4197 3422 4248 ad

1916 4262 2214 4334 Catalogum
2260 4264 2581 4334 pontificum,
2618 4263 2753 4329 quod
2806 4262 3144 4334 Marcellinus
3171 4262 3220 4312 in
3258 4263 3422 4334 Chro-

1919 4337 2035 4388 nico
2057 4330 2225 4388 Siricii
2258 4334 2455 4385 initium
2504 4331 2601 4382 sub
2647 4331 2983 4396 praecedentis
3027 4330 3146 4380 anui
3197 4332 3427 4382 consuli«

1843 4395 1891 4452 Ι)
1920 4406 2011 4456 bus
2060 4404 2345 4467 consignet.
2394 4398 2495 4467 sed
2549 4396 2871 4467 blarcelliitus
2921 4398 2981 4467 in
3031 4396 3185 4467 hujus
3239 4402 3426 4467 saeculi

1913 4473 2066 4524 rebus
2119 4464 2407 4522 referendis
2454 4466 2522 4515 ita
2573 4464 2869 4533 frequenter
2921 4464 2968 4515 in
3036 4465 3423 4533 chronologiaru

1913 4549 2111 4604 peccat,
2139 4548 2195 4586 ut
2222 4538 2408 4586 mirum
2433 4532 2621 4604 uousit
2643 4533 2697 4604 in
2720 4531 2888 4604 Siricii
2910 4532 3121 4604 exordio
3148 4531 3421 4604 statuendo

1910 4599 2136 4659 errasse.
2164 4604 2503 4671 Hieronymus
2546 4600 2597 4671 i_u
2641 4600 3007 4671 Martyrologio
3050 4599 3425 4671 dispositionem

1913 4672 2114 4723 Damasi
2144 4671 2207 4723 ad
2248 4686 2280 4721 χ
2328 4664 2448 4723 Dec.
2483 4668 2672 4728 refert;
2718 4664 2914 4733 auctius
2950 4679 3080 4733 vero
3127 4664 3419 4718 Chronicon

1909 4754 2140 4792 venerum
2172 4739 2489 4805 pontificum,
2510 4746 2571 4805 Aet
2595 4730 2871 4805 Catalogus
2897 4746 2924 4783 a
2949 4730 3298 4805 Papebrochio
3329 4748 3424 4798 pu-

1908 4807 2125 4859 blicatus
2148 4798 2187 4866 ,’
2218 4806 2363 4870 cujus
2413 4802 2587 4855 titulus
2630 4820 2641 4852 :
2676 4798 3276 4870 Nomiuaapostolorum
3300 4838 3335 4870 ,ν
3368 4810 3419 4851 et

1910 4885 2084 4927 noster
2130 4867 2394 4926 Baeda'die
2421 4884 2470 4922 XI
2502 4870 2741 4920 Decemb.
2783 4867 3032 4920 accidisse
3056 4870 3249 4921 dicunt.
3308 4869 3416 4932 Qua

1908 4957 1969 4993 ex
1997 4942 2288 4995 diversitate
2308 4948 2547 4990 constare
2576 4938 2777 4987 videtur
2814 4936 3083 4988 Damasum
3112 4936 3196 4987 die
3221 4935 3420 4988 decuna

1914 5010 2151 5063 Decemb.
2183 5008 2245 5059 ad
2274 5007 2433 5057 Deum
2460 5005 2727 5072 migrasse,
2766 5012 2821 5055 et
2866 5004 3109 5065 postridie
3143 5008 3419 5068 sepultura:

1909 5080 2201 5129 mandatum
2249 5087 2371 5127 esse
2419 5071 2554 5139 apud
2599 5072 2732 5124 viam
2768 5071 3099 5125 Ardeatinam
3131 5072 3180 5124 in
3210 5072 3418 5124 basilica

1907 5159 2057 5210 quam
2088 5142 2532 5209 ip~econdiderat.

1980 5224 2001 5247 ε
2042 5205 2346 5261 Ρίωιεςειιιιί.
2374 5210 2467 5261 llic
2492 5222 2589 5262 una
2619 5222 2733 5258 cum
2764 5205 3027 5257 Thrasone
3065 5216 3115 5258 et
3146 5206 3418 5268 Pontiano,

1907 5288 1957 5329 et
1986 5280 2097 5330 aliis
2138 5278 2311 5328 multis
2340 5276 2451 5328 sine
2497 5288 2710 5327 numero
2758 5276 2931 5324 Itonia:
2978 5278 3073 5324 sub
3108 5276 3414 5325 Maximiano

1906 5350 2170 5411 capitalem
2214 5344 2343 5409 jussi
2397 5354 2514 5394 sunt
2559 5344 2735 5394 subire
2778 5348 3107 5393 sententiain.
3158 5344 3317 5393 Pera.
3354 5356 3415 5391 oe

1905 5415 2121 5475 ΝΑτΑι..,
2150 5413 2367 5480 lltepou.
2397 5411 2731 5478 Martyrolog.

1975 5483 2000 5517 ά
2044 5475 2387 5547 Hermogenis.
2422 5475 2592 5531 llos'in
2628 5475 2861 5544 paludem
2890 5478 3161 5541 quamdam
3184 5488 3297 5527 esse
3323 5475 3417 5547 dc-

1906 5564 2121 5609 mersos,
2153 5562 2213 5598 ac
2234 5546 2310 5599 sic
2351 5552 2649 5613 martyrium
2680 5559 3083 5608 consuinmasse,
3116 5546 3332 5597 habetur
3364 5546 3414 5597 in

1907 5622 2164 5673 'l‘hcsauro
2192 5617 2449 5681 conciou.,
2484 5628 2610 5671 tom.
2641 5616 2697 5666 ll.

2972 5727 3039 5781 iiii
