3898 6328
1195 346 1390 401 IlEDE
1430 346 1863 400 VENEIiADILlS
1902 344 2045 398 OPP.
2088 344 2256 399 PARS
2292 345 2381 400 IV.
2420 374 2485 384 —
2524 346 2889 403 IIISTORICA.

1704 451 1920 506 corno
1949 434 2393 507 COLONIENSIS.

3402 0 3828 501 Π

514 551 661 618 Apud
689 544 1046 602 Alexandriam
1076 545 1341 597 beatorum
1372 553 1653 610 martyrum
1677 540 1943 607 Epimachi
1968 546 2022 594 et
2053 543 2097 601 Α
2123 554 2323 593 mortua
2364 544 2706 595 nuntiaretur.
2747 544 2909 609 Quam
2958 545 3172 599 lenones
3214 549 3505 605 nullatenus
3533 568 3637 604 mo-

516 636 811 699 Alexandri,
836 636 917 703 qui
948 635 1108 687 multo
1138 644 1369 699 tempore
1406 642 1459 684 et
1482 635 1680 697 magnis
1707 630 2021 684 cruciatibus

518 726 828 777 vinculorum
864 730 918 775 et
944 722 1169 775 carceris
1200 720 1338 783 torti,
1370 718 1571 784 ignibus
1600 719 1661 769 ad
1706 725 2021 783 postremum

515 813 743 868 consumi
786 811 1051 879 jubentur.
1102 808 1225 860 Item
1275 815 1566 859 sanctarum
1596 814 1815 871 quatuor
1841 801 2023 856 mulie-

517 922 646 965 rum,
703 901 1060 963 Ammonar‘ite,
1114 898 1401 958 Mercurize,
1462 894 1759 962 Dionysiae;-
1804 900 1856 945 et
1901 892 2021 944 item

517 994 628 1044 alia:
678 989 1039 1049 Ammonariae,
1086 1001 1199 1051 quae
1242 984 1364 1037 dum
1396 983 1551 1035 nimia
1579 978 1865 1034 constantia
1912 986 2024 1032 ute-

520 1086 690 1129 rentur
739 1075 868 1141 apud
894 1066 1146 1141 judicent,
1181 1080 1233 1123 et
1262 1070 1349 1123 ille
1373 1071 1702 1123 erubesceret
1728 1067 1858 1119 vinci
1888 1079 1915 1117 a
1946 1066 2023 1119 fe-

519 1164 702 1227 minis,
743 1161 984 1214 inauditis
1035 1165 1411 1211 tormentorum
1450 1155 1723 1223 generibus
1772 1152 2024 1211 toleratis,

520 1252 670 1301 linem
713 1249 937 1302 omnium
986 1248 1119 1299 ferro
1166 1246 1399 1299 credente
1443 1238 1752 1310 suscipiunt,
1802 1242 2027 1310 gloriose

515 1337 648 1404 apud
679 1335 1038 1389 Alexandriam
1067 1333 1300 1398 sepultae.

584 1425 644 1476 D.
677 1425 787 1476 lous
817 1422 1042 1475 Dracen.
1071 1416 1137 1461 -ὲ-
1166 1420 1310 1486 Apud
1356 1421 1637 1485 Syracusas
1687 1415 1874 1470 Sicilia:
1901 1414 2027 1466 civi-

519 1523 672 1566 tatem
698 1522 887 1565 sancta:
927 1510 1094 1562 Lucize
1122 1508 1333 1574 virginis
1370 1516 1422 1560 et
1452 1504 1713 1573 martyris,
1739 1518 1853 1569 quae
1882 1515 2030 1568 passa

517 1611 596 1654 est
640 1599 991 1667 persecutione
1030 1595 1327 1649 Diocletiani
1379 1603 1429 1645 et
1467 1592 1753 1645 Maximiani
1799 1592 1894 1642 sub
1935 1589 2035 1640 Pa-

518 1665 721 1742 schasio
767 1685 1045 1739 consulari.
1075 1684 1191 1736 Haec
1223 1681 1536 1734 nobilissima
1570 1680 2029 1746 Syracusanorum,
2066 1665 2071 1677 ’

521 1786 787 1844 postquam
838 1776 1009 1828 omnia
1051 1789 1141 1827 sua
1175 1786 1287 1838 quae
1328 1773 1392 1824 de
1431 1771 1729 1838 parentibus
1755 1771 1799 1820 ei
1833 1782 2035 1819 reman-

2125 645 2242 682 vere
2291 642 2545 710 ppterant.
2576 632 2720 685 Tunc
2766 632 3004 699 praecepit
3051 635 3359 689 Paschasius
3386 650 3441 691 ut
3469 642 3631 707 ignem

2122 722 2385 787 copiosum
2437 723 2575 775 circa
2604 737 2717 777 eam
2757 725 3118 786 accenderent,
3147 738 3198 777 et
3226 727 3387 791 picem
3430 740 3486 781 et
3518 732 3635 783 resi—

2126 824 2262 871 nam,
2311 819 2365 863 et
2410 810 2616 862 fervens
2659 810 2828 862 oleum
2882 826 3036 877 super
3080 828 3193 865 eam
3228 815 3518 878 iactarent;
3552 819 3633 868 sed

2130 897 2215 948 illa
2261 896 2312 948 in
2360 897 2567 949 nomine
2612 896 2812 949 Domini
2870 900 3012 950 stetit
3066 899 3359 951 immobilis.
3411 901 3631 955 Tum

2123 982 2294 1047 gladio
2336 982 2384 1033 in
2440 991 2645 1049 gutture
2698 998 2868 1036 merso
2921 998 3202 1050 percussa,
3270 989 3498 1051 quandiu
3556 1005 3633 1039 vo-

2127 1070 2219 1121 luit
2301 1069 2499 1121 turbam
2565 1070 2977 1122 circumstantem
3058 1072 3277 1123 allocuta
3359 1085 3477 1135 est,
3544 1089 3629 1129 nec

2126 1158 2335 1209 omnino
2366 1168 2565 1208 mortua
2600 1168 2696 1215 est,
2736 1158 2899 1210 donec
2929 1159 3253 1211 venientibus
3289 1163 3631 1214 sacerdotibus

2128 1243 2540 1294 communionem
2577 1242 2822 1294 dominici
2851 1244 3082 1307 corporis
3108 1255 3160 1295 et
3209 1249 3474 1311 sanguinis
3500 1250 3631 1299 arci-

2129 1340 2304 1395 peret;
2332 1329 2529 1395 sepulta
2556 1328 2609 1381 in
2660 1330 2774 1382 loco
2802 1329 2855 1381 in
2886 1346 2987 1396 quo
3012 1344 3253 1397 percussa
3297 1344 3393 1395 est,
3426 1334 3631 1387 basilica

2128 1410 2280 1481 supra
2309 1419 2498 1482 corpu's
2525 1415 2637 1479 ejus
2664 1414 2989 1482 postmodum
3012 1417 3280 1470 aedificata.

2200 1503 2257 1553 Ε.
2308 1501 2423 1554 XIX
2468 1501 2701 1554 KALEND.
2729 1501 2846 1554 Jan.
2894 1528 2961 1539 —
2998 1505 3143 1568 Apud
3171 1505 3494 1558 Antiochiam
3522 1524 3633 1561 sati-

2130 1599 2331 1643 ctorum
2375 1598 2656 1657 martyrum
2692 1586 2869 1649 Drusi,
2900 1586 3116 1649 Zosimi,
3147 1594 3347 1643 Arscnii
3386 1604 3437 1646 et
3464 1594 3630 1646 lsidori

2132 1688 2286 1741 atque
2314 1675 2595 1729 Theodori.
2631 1662 2778 1740 Apud
2806 1676 3172 1729 Alexandriam
3202 1681 3459 1732 beatorum
3507 1698 3631 1735 inar-

2136 1772 2301 1831 lyruin
2349 1762 2586 1825 ileronis,
2618 1763 2871 1827 Dioscuri,
2900 1766 2984 1831 qui
3024 1765 3119 1817 sub
3150 1765 3364 1818 Deciana
3394 1785 3623 1833 persecu-

519 1837 714 1926 seratit,
762 1862 1093 1927 pauperibus,
1137 1837 1327 1919 viduis,
1357 1859 1622 1923 orplianis,
1650 1856 1952 1923 peregrinis,
1982 1864 2033 1906 et
2065 1837 2108 1894 Β
2134 1853 2274 1904 tione
2327 1853 2481 1904 variis
2512 1852 2784 1905 tormentis
2826 1854 3082 1914 dilaniati,
3132 1855 3407 1911 novissime
3436 1858 3629 1925 ignibus

522 1952 625 2005 Deo
648 1952 985 2005 servientibus
1026 1950 1277 2012 distraxit,
1309 1963 1335 1999 a
1377 1962 1565 2012 sponso
1592 1962 1702 2009 suo,
1735 1944 1871 2012 quod
1899 1953 2035 1997 esset

521 2041 832 2102 Christiana,
859 2037 1137 2089 Paschasio
1165 2036 1357 2094 delata,
1388 2034 1746 2101 impellebatur
1786 2032 1848 2083 ad
1876 2032 2034 2083 sacri-

523 2128 776 2181 licandum
818 2126 1160 2178 daimouibus.
1211 2124 1336 2188 Quae
1376 2138 1492 2175 cum
1538 2122 1682 2174 nullo
1725 2121 1877 2173 modo
1903 2135 2029 2173 con-

520 2215 755 2276 sentiret,
790 2214 1010 2265 traditur
1050 2212 1339 2275 lenonibus,
1372 2221 1422 2262 ut
1456 2212 1695 2277 populum
1726 2206 1787 2261 ad
1817 2208 2026 2261 castita-

524 2315 625 2356 tem
678 2303 789 2369 ejus
836 2302 1129 2366 invitarent,
1177 2309 1228 2353 et
1278 2300 1452 2361 tandiu
1489 2299 1838 2361 deluderetur,
1869 2299 2033 2349 donec

2132 1947 2252 1991 sunt
2298 1937 2488 1989 traditi.
2519 1936 2647 1989 Item
2680 1939 2815 1991 beati
2853 1939 3083 2005 Lupicini
3118 1940 3413 1995 Viennensis
3465 1945 3627 1997 Eccle-

2132 2027 2223 2076 sia:
2249 2025 2411 2077 octavi
2440 2024 2694 2091 episcopi.
2716 2026 2864 2091 Apud
2886 2025 3113 2091 Cyprum
3143 2028 3312 2080 natale
3336 2031 3496 2081 sancti
3517 2032 3626 2097 Spi-

2133 2110 2331 2164 ridoms
2378 2109 2608 2177 episcopi
2666 2112 2981 2165 admirandae
3023 2113 3350 2167 beatitudinis
3398 2118 3514 2178 viri,
3551 2121 3626 2183 qui

2131 2215 2262 2253 unus
2324 2198 2419 2250 fuit
2460 2198 2528 2253 de
2573 2200 2674 2252 illis
2716 2201 3114 2265 confessoribos,
3144 2218 3272 2269 quos
3312 2204 3627 2260 Maximianus

2136 2290 2333 2365 dextris
2363 2290 2526 2341 oculis
2568 2290 2790 2356 eii’ossis,
2838 2298 2891 2344 et
2915 2292 3126 2345 sinistro
3166 2295 3352 2361 poplite
3385 2296 3625 2370 succisso.

1717 2383 1933 2435 emno
1974 2362 2457 2434 BOLLANDIANA.

528 2478 731 2529 Donati.
761 2477 821 2529 V.
853 2475 909 2528 Β.
938 2473 997 2527 C.
1030 2475 1115 2537 D.,
1148 2473 1445 2525 Etaliorum
1475 2471 1644 2537 viginti
1675 2468 1911 2521 duorum.
1942 2468 2027 2529 D.,

524 2546 668 2608 Apud
691 2543 1052 2596 Alexandriam
1078 2547 1100 2573 ⁸
1118 2541 1373 2606 Epimaclii
1403 2550 1453 2591 et
1482 2538 1774 2608 Alexandri;
1803 2538 1886 2608 qui
1912 2551 2027 2608 cum

526 2604 687 2663 multo
710 2621 938 2677 tempore
960 2612 1008 2661 in
1039 2604 1250 2660 vinculis
1272 2618 1321 2660 et
1342 2607 1648 2677 cruciatibus
1670 2607 1889 2677 carceris
1913 2604 2027 2657 torti

523 2690 574 2733 et
602 2674 829 2733 confecti
860 2677 1303 2745 perdurassentin
1351 2675 1469 2745 fide,
1512 2675 1714 2745 ignitius
1753 2674 1813 2725 ad
1834 2682 2026 2745 _extre-

531 2764 667 2797 nium
694 2738 932 2811 jubentur
959 2746 1207 2811 consumi.
1240 2743 1321 2811 L.,
1349 2744 1408 2811 In
1432 2738 1557 2807 pago
1589 2740 1788 2811 Vinlmo
1808 2738 1894 2811 _T.
1918 2744 2027 2811 _A.,

528 2804 783 2877 Depositio
811 2812 864 2863 S.
892 2811 915 2845 δ
947 2810 1206 2863 Walerici.
1251 2804 1341 2877 L.,
1376 2804 1637 2877 Episcopi.
1669 2807 1751 2865 'l‘.,
1800 2804 2019 2877 confes-

527 2873 673 2931 suris.
708 2883 766 2932 A.
796 2880 881 2938 Τ..
932 2879 982 2929 In
1030 2878 1285 2941 Hispaniis
1326 2876 1381 2929 S.
1414 2884 1433 2911 ε
1468 2876 1676 2927 Eulalia:
1714 2882 1765 2926 et
1813 2873 2021 2925 alterius

531 2947 739 3013 virginis
766 2948 973 2999 nimium
1003 2956 1166 2997 ιρι-ιω.

604 3064 767 3114 l3.—-
796 3062 975 3112 Ionios.
1007 3059 1184 3111 Natale
1222 3058 1276 3110 S.
1308 3057 1475 3109 Lucize
1514 3056 1723 3123 virginis
1760 3054 1824 3105 de
1871 3052 2029 3120 Syra-

528 3151 665 3202 cusis
711 3150 805 3200 sub
846 3146 1116 3198 Pascitasio
1144 3144 1397 3196 consulari
1422 3159 1435 3195 2
1464 3156 1615 3210 quam
1660 3155 1776 3193 cum
1823 3140 2033 3192 lenones

529 3248 857 3301 corrumpere
883 3272 895 3295 ,
934 3233 1145 3299 jubente
1190 3231 1497 3290 Paschasio,
1557 3228 1772 3289 vellent,
1821 3225 2034 3277 nullate-

528 3340 623 3377 nus
662 3337 774 3377 eam
806 3336 1010 3373 movere
1039 3329 1327 3386 potuerunt,
1358 3332 1452 3371 nec
1491 3318 1691 3370 funibus
1720 3314 1903 3367 additis
1945 3321 2032 3365 aut

537 3414 692 3462 boum
730 3412 934 3478 paribus
977 3408 1235 3474 plurimis;
1288 3407 1483 3473 picem,
1532 3407 1783 3463 resinam,
1834 3404 2034 3456 fervens

529 3499 721 3561 oleum,
751 3496 875 3549 nihil
905 3495 1019 3546 lmsa
1048 3494 1290 3557 suscepit.
1314 3493 1539 3543 Tandem
1562 3491 1730 3557 gladio
1760 3490 1809 3540 in
1833 3488 2028 3539 viscera

530 3601 722 3649 nierso,
756 3597 1015 3650 percussa,
1046 3596 1140 3633 nec
1179 3589 1344 3632 tamen
1372 3590 1570 3631 mortua
1615 3587 1712 3641 est,
1744 3578 1907 3629 donec
1950 3588 2033 3627 ve-

539 3672 795 3725 nientibus
820 3668 1185 3734 sacerdotibus,
1216 3668 1623 3721 communionem
1653 3663 1892 3718 dominici
1921 3677 2033 3713 coro

2136 2462 2274 2529 puris
2297 2471 2350 2513 et
2376 2458 2637 2525 sanguinis
2666 2463 2879 2527 accepit.
2908 2461 3064 2515 Passa
3092 2472 3169 2515 est
3201 2473 3422 2531 tempore
3438 2468 3628 2522 Diocieo

2134 2549 2253 2602 tiatti
2282 2556 2335 2601 et
2365 2547 2675 2600 Maximiani.

2202 2637 2354 2689 Deest
2383 2639 2480 2686 hoc
2524 2636 2758 2687 ultimum
2803 2635 3041 2691 Lmtiensi
3080 2640 3174 2692 Ms.
3208 2642 3532 2695 Atrebatcnse
3556 2656 3625 2696 est

2136 2705 2186 2756 in
2231 2705 2499 2772 principio
2524 2704 2836 2756 contractius
2864 2722 2879 2756 :
2908 2710 3031 2768 ρυω
3074 2724 3191 2758 cum
3232 2712 3321 2759 sub
3368 2710 3625 2763 Pascltaaio

2134 2771 2331 2849 picem,
2404 2771 2626 2823 resinam
2679 2781 2733 2824 et
2788 2776 2986 2827 fervens
3030 2775 3201 2827 oleum
3255 2777 3403 2829 illazsa
3453 2794 3622 2831 susce-

2138 2848 2313 2905 pissel.

2205 2911 2262 2955 A.
2288 2904 2348 2956 Τ.
2381 2904 2461 2966 l..,
2495 2904 2610 2969 ipso
2634 2906 2720 2958 die
2748 2908 2796 2957 in
2827 2906 2988 2958 Gallia
3016 2907 3295 2961 Cameraco
3321 2911 3515 2963 civitate
3541 2914 3623 2965 de.

2065 2973 2109 3033 C
2144 2971 2408 3043 positiogS.
2432 2971 2456 3007 ἀ
2482 2975 2711 3026 Autberti
2741 2976 2963 3039 epist-Opi
2991 2984 3042 3025 et
3070 2978 3395 3028 confesxoris.
3426 2986 3508 3043 A.,
3541 2982 3623 3033 i’cr
3714 2986 3719 2989 ’

2135 3054 2285 3105 quem
2320 3041 2561 3092 Dominus
2591 3043 2831 3094 miracula
2874 3044 3075 3108 operari
3124 3045 3358 3107 dignatus
3397 3057 3469 3097 est
3497 3041 3622 3109 pra:-

2136 3108 2289 3159 clara.
2321 3109 2406 3169 T.,
2441 3110 2629 3160 Eodem
2655 3110 2738 3160 die
2770 3112 3020 3171 depositio
3046 3111 3104 3161 S.
3130 3119 3152 3143 ο
3183 3111 3357 3162 .Iudoci
3384 3108 3622 3167 confesso-

2137 3176 2232 3228 ris.
2275 3174 2683 3243 l..,_l:1t_natale
2724 3176 2780 3228 S.
2812 3174 2829 3211 ί
2860 3176 3037 3226 υόιιίεε
3086 3177 3325 3243 virginis;
3352 3195 3458 3243 qua:
3497 3198 3619 3233 caeca

2137 3250 2271 3299 nata,
2305 3241 2393 3292 sed
2425 3256 2452 3291 a
2482 3240 2587 3292 Deo
2633 3253 2825 3303 Citrala,
2870 3252 2920 3293 et
2960 3245 3025 3295 de
3062 3240 3207 3295 sacrit
3255 3240 3388 3297 {mite
3424 3262 3448 3296 a
3476 3252 3621 3300 tribus

2138 3309 2387 3382 episcopis
2418 3319 2651 3382 suscepta
2684 3309 2796 3382 fuit.
2832 3309 2886 3382 γ.
3020 3312 3164 3382 Alibi
3201 3313 3499 3382 Lgocaiididi
3530 3315 3618 3382 [6..

2133 3373 2375 3442 Lucaiidi]
2414 3373 2724 3427 confeSsoris
2753 3388 2804 3428 et
2836 3376 3105 3428 Valentini.
3138 3378 3221 3442 8.,
3253 3378 3495 3431 Ravenna
3530 3373 3621 3431 ἠλὲ

2134 3442 2232 3490 tale
2276 3439 2374 3492 SS.
2402 3443 2648 3493 Valentini
2693 3456 2745 3496 et
2800 3443 3054 3495 Leticltadi
3111 3439 3480 3498 coiifessorum.
3528 3448 3619 3501 Ile-

2133 3507 2368 3583 diolano,
2410 3512 2576 3574 passio
2631 3511 2726 3564 SS.
2771 3523 3052 3579 tnartyrum
3084 3520 3107 3557 Β
3137 3514 3371 3567 Gervasii
3412 3528 3461 3567 et
3510 3515 3621 3567 Pro-

2138 3583 2270 3625 tasu.

2205 3662 2287 3712 Μ.
2311 3690 2377 3700 —
2402 3661 2514 3714 XIX
2541 3663 2671 3716 ΚΑι..
2696 3664 2811 3718 Ιλιι.
2846 3665 3002 3717 Vacat
3033 3666 3201 3717 Bmda.

1859 3748 2054 3803 SMl'fli
2093 3746 2309 3798 NOTAE.

602 3866 626 3891 ⁸
670 3856 949 3921 Epimachi.
983 3858 1054 3908 De
1083 3858 1159 3908 liis
1189 3856 1303 3907 vide
1325 3856 1533 3915 Euscin,
1564 3872 1630 3917 vi,
1664 3856 1748 3907 41.
1782 3855 1942 3907 Grzeci
1971 3857 2034 3904 de

536 3920 810 3985 EpiiiiaCIiti
882 3934 1035 3985 agunt
1098 3927 1310 3975 natalem
1372 3925 1503 3973 diem
1557 3923 1715 3986 pridie
1764 3920 1878 3971 Kal.
1936 3922 2035 3972 No-

537 3993 727 4052 ieiiib.,
760 3990 869 4055 ejus
898 4006 1017 4041 vero
1045 3992 1428 4041 translationem
1451 3990 1940 4054 Constantinopolim
1964 3988 2036 4039 fa-

534 4073 663 4107 tuam
689 4059 915 4108 recolunt
948 4072 974 4106 v
992 4058 1113 4108 idus
1136 4058 1321 4109 Martii.

602 4126 625 4159 δ
664 4125 913 4175 ll’aterici’.
943 4128 1037 4186 Qui
1080 4126 1170 4176 fuit.
1196 4124 1546 4175 Ai-vernensis.
1582 4122 1714 4173 Vixit
1757 4123 2036 4174 monachus

536 4196 581 4240 in
613 4193 921 4241 incitasterio
950 4195 1164 4242 Autumo
1192 4201 1243 4241 et
1270 4189 1625 4253 Autissiodori,
1657 4192 1771 4240 dein
1806 4191 2033 4241 Luxovii.

537 4268 571 4307 .-\
603 4274 720 4323 rege
749 4259 969 4308 Ctiitatiii
998 4274 1108 4307 cum
1139 4272 1385 4308 consensu
1433 4258 1781 4307 Anibianensis
1809 4260 2031 4320 episcopi

538 4327 699 4374 locum
725 4326 1014 4374 Lettconaus
1041 4327 1087 4373 in
1118 4340 1241 4389 pago
1265 4324 1592 4376 Witntacensi
1614 4324 1671 4372 ad
1707 4326 2031 4374 habitandum

534 4390 751 4453 accepit,
783 4392 865 4439 iilii
910 4401 1266 4441 monasterium
1298 4392 1596 4441 construxit.
1628 4390 1765 4440 Obiit
1808 4392 1953 4442 hodie
1985 4400 2036 4441 ct

535 4460 737 4521 quidem
786 4458 865 4505 die
915 4457 1192 4516 Dnntinico,
1225 4459 1423 4508 vivente
1472 4472 1587 4523 rege
1631 4458 1868 4517 Clotariii,
1902 4472 2036 4508 :intio

534 4526 722 4576 Ultristi
770 4523 887 4576 6-12.
942 4524 1132 4585 Duplici
1177 4526 1272 4573 alia
1330 4523 1621 4574 celebritate
1665 4524 1847 4574 colitur
1902 4525 2034 4574 idem

536 4603 742 4643 Sanctus
782 4596 829 4641 in
871 4605 962 4641 suo
991 4592 1332 4641 nioiiaSterio:
1370 4604 1549 4655 nempe
1578 4590 1685 4640 Kal.
1722 4593 1906 4654 April.,
1938 4606 2036 4655 quo

536 4661 616 4709 ilic
647 4661 696 4709 in
735 4658 963 4708 Romano
1004 4658 1359 4724 Martyroloigio
1405 4662 1565 4707 locum
1599 4658 1769 4717 halii-t,
1803 4672 2035 4709 comme-

538 4736 765 4776 moratur
804 4727 913 4787 ejus
959 4725 1219 4775 trauslatio
1249 4741 1275 4775 a
1326 4726 1588 4776 Bercuiidii
1619 4726 2036 4774 Aniliianensiuni

537 4794 774 4856 episcopo
815 4789 945 4841 facta
971 4805 1001 4841 e
1030 4794 1220 4856 capella
1250 4794 1298 4843 in
1326 4809 1419 4858 qua
1451 4793 1617 4858 ipsius
1641 4804 1824 4858 corpus
1868 4791 2037 4854 sepul-

539 4871 639 4908 ttim
672 4858 834 4909 fuerat
862 4858 911 4908 in
934 4860 1200 4909 ecclesiam
1227 4856 1515 4909 monasterii
1549 4856 1876 4921 principalem
1904 4872 1916 4911 ;
1940 4858 2034 4907 alia

538 4927 803 4975 celebritas
834 4925 1007 4977 incidit
1044 4928 1090 4975 iti
1138 4926 1268 4975 diem
1317 4926 1589 4975 secundam
1638 4924 1801 4982 Junii,
1834 4927 2039 4988 quando

539 4992 764 5053 ιιμιεόειιι
804 5006 983 5056 corpus
1025 5007 1085 5043 ex
1134 4990 1423 5040 Bertiiiiano
1470 5002 1777 5056 monasterio
1823 4992 2036 5040 relatum

540 5069 612 5107 est
645 5072 733 5120 per
760 5054 1016 5123 Hugoﬁtietn
1036 5060 1278 5121 Capetum
1301 5071 1434 5105 anno
1454 5054 1572 5123 98-Ιῄ.
1598 5056 1719 5107 Vide
1739 5057 1847 5118 ejus
1873 5056 2035 5106 Vitam

542 5128 591 5173 iii
623 5121 894 5175 Maliillonii
926 5125 1110 5175 saeculo
1140 5140 1173 5175 ιι
1218 5128 1332 5175 Act.
1364 5124 1487 5173 Ben.
1516 5121 1623 5172 Non
1670 5134 1806 5173 recte
1851 5124 2039 5174 dicitur

538 5195 825 5257 episcopus.

609 5263 627 5287 ε
669 5254 901 5309 Eulaliae.
962 5255 1113 5318 Vide,
1166 5271 1352 5322 supra,
1409 5270 1456 5307 iv
1508 5254 1624 5307 idus
1679 5255 1827 5321 hujus
1888 5269 2035 5307 men-

539 5338 627 5374 εις.

608 5390 631 5425 τι
661 5393 894 5442 Autberti'.
928 5392 982 5443 S.
1016 5389 1286 5441 Autbertns
1315 5391 1508 5441 refulsit
1536 5388 1848 5452 temporibus
1880 5390 2039 5453 Dago-

542 5456 667 5506 lierti
702 5461 831 5522 regis
896 5458 1001 5509 Sub
1048 5473 1107 5507 eo
1152 5456 1409 5505 llaiinonia
1457 5459 1750 5505 mirabiliter
1802 5460 1848 5505 in
1888 5456 2036 5506 Citri-

540 5534 699 5584 etiatia
739 5524 979 5590 t‘eiigione
1005 5526 1153 5590 cu'pit
1184 5525 1393 5585 florere;
1430 5523 1601 5575 habuit
1630 5538 1762 5575 enim
1796 5526 1841 5572 in
1872 5539 1929 5575 ea
1960 5525 2035 5574 di-

2134 3854 2359 3917 scipulos
2400 3853 2733 3907 Landeliuum
2763 3855 2998 3907 abbatem
3029 3856 3291 3921 Crispinii,
3326 3859 3618 3913 Vincentium

2134 3922 2496 3991 Madelgariiiin
2526 3925 2784 3991 comitem,
2812 3936 2863 3975 et
2890 3928 3156 3991 conjugeni
3196 3928 3309 3990 eius
3349 3928 3403 3979 S.
3440 3929 3621 3981 Walde-

2137 3987 2357 4039 trudent.
2390 3989 2526 4039 Obiit
2572 3987 2833 4058 Canteraci
2881 3987 3015 4041 circa
3050 3987 3145 4042 'an.
3177 3987 3297 4053 068,
3330 4006 3383 4045 et
3420 3998 3622 4058 sepultas

2138 4065 2216 4106 εδι
2253 4065 2395 4105 extra
2428 4069 2597 4105 muros
2624 4058 2672 4106 in
2695 4056 2757 4126 _S.
2808 4056 2939 4108 Petri
2984 4059 3223 4118 ecclesia,
3252 4074 3367 4125 qua:
3395 4056 3620 4126 ampliatis

2138 4126 2392 4173 inmitibus
2422 4137 2555 4172 nunc
2581 4132 2661 4171 est
2693 4123 2823 4172 intra
2853 4138 3045 4184 murus,
3074 4127 3130 4176 S.
3159 4123 3393 4179 Autberli
3421 4123 3619 4181 abibatia.

2141 4189 2264 4240 Vide
2296 4189 2406 4255 ejus
2440 4190 2601 4239 Vitam
2631 4190 2760 4251 apud
2791 4189 3016 4251 Surium,
3049 4202 3175 4242 tum.
3208 4195 3288 4243 \l.

2208 4263 2229 4287 ε
2256 4258 2454 4306 Ju.ioci.
2486 4258 2596 4318 Quo
2639 4270 2773 4307 anno
2809 4258 2864 4308 S.
2895 4258 3113 4311 .Ittdocus
3160 4260 3365 4319 obierit,
3399 4262 3619 4312 incertum

2134 4334 2232 4373 est.
2262 4323 2485 4375 Judicacl
2520 4324 2789 4374 Britanniae
2816 4326 3025 4375 minoris
3052 4340 3137 4377 rex
3167 4325 3363 4378 Juduco
3390 4328 3521 4378 fratri
3545 4336 3623 4378 Are

2137 4406 2342 4440 moneas
2368 4392 2607 4457 ditionem
2634 4392 2895 4454 resignare
2916 4392 3074 4442 voluit
3098 4408 3233 4443 anno
3262 4394 3525 4457 Dagobcrti
3553 4396 3621 4453 15,

2134 4457 2323 4506 (jlirisli
2353 4456 2468 4505 636.
2498 4456 2744 4515 .liidociis,
2776 4458 3057 4519 impetratis
3086 4468 3203 4508 octo
3252 4456 3447 4511 dierum
3496 4464 3621 4512 indu—

2135 4526 2249 4584 ciis,
2280 4524 2328 4573 iii
2363 4524 2626 4575 l’ontivum
2657 4523 2803 4593 fugit,
2830 4525 2911 4573 ubi
2943 4524 3074 4590 apud
3118 4526 3433 4593 llaytuouem
3463 4529 3618 4580 ducent

2136 4604 2225 4655 per
2252 4602 2445 4671 septem
2476 4603 2636 4639 annos
2665 4591 2966 4669 hospitatus,
2998 4606 3133 4643 anno
3162 4591 3283 4669 tilil’i,
3316 4598 3366 4645 iu
3411 4597 3621 4671 solitapi-

2136 4672 2249 4707 nem
2300 4658 2654 4707 Braliicensetn
2684 4672 2740 4708 se
2783 4660 2993 4720 recepit.
3028 4662 3227 4710 Exactis
3266 4664 3450 4712 ibidem
3492 4658 3620 4714 armis

2134 4734 2273 4784 octo,
2299 4724 2510 4774 secessit
2538 4723 2586 4774 in
2630 4724 2795 4774 locum
2840 4727 2986 4788 cujus
3015 4729 3321 4778 vocabulum
3355 4729 3618 4789 Ituiiiacus;

2135 4790 2279 4838 anuis
2309 4790 2387 4850 15,
2408 4804 2523 4858 _seu,
2571 4791 2641 4841 titi
2669 4791 2822 4858 apud,
2849 4790 3051 4842 Suriutn
3094 4793 3297 4858 legitur,
3327 4797 3386 4845 Η
3409 4797 3506 4847 illic
3529 4810 3623 4849 no-

2136 4864 2356 4925 t'aturus.
2386 4855 2596 4925 μιαιωο
2640 4857 2871 4925 consedit
2910 4858 2965 4925 in
3015 4855 3476 4913 loco'tnonasterii
3520 4868 3623 4925 sui;

2135 4923 2353 4984 quandiu
2384 4923 2450 4972 ibi
2496 4923 2760 4983 manserit,
2800 4924 3006 4975 dubium
3049 4937 3147 4976 0:1.
3181 4929 3332 4979 Certe
3380 4923 3621 4982 a-dificatts

2136 4988 2267 5038 facili
2298 4990 2695 5062 _opera_duobi_is
2724 4990 2978 5062 oratoriis,
3015 4994 3247 5062 Itomano
3293 4997 3474 5048 itinere
3522 5011 3622 5062 per-

2134 5068 2177 5125 a}
2200 5064 2267 5116 to,
2297 5056 2433 5107 brevi
2462 5056 2747 5125 decessisse
2774 5057 3001 5108 scribunt
3030 5058 3342 5122 Florentius,
3374 5065 3503 5125 apud
3523 5056 3626 5114 ⁷διιο

2136 5122 2289 5194 rium,
2323 5122 2561 5194 toni._Vl,
2597 5132 2662 5194 et_
2696 5134 2871 5194 auctor
2914 5138 3202 5194 aiionymus
3230 5132 3365 5193 apud
3409 5122 3626 5181 Habilio-

2136 5190 2296 5249 niuin,
2324 5191 2508 5240 saeculo
2545 5204 2598 5240 ιι.
2639 5188 2863 5241 Judociis
2889 5188 3206 5246 autem‘ante
3232 5188 3422 5247 annum
3452 5197 3626 5249 Christi

2135 5253 2234 5305 665
2262 5255 2469 5306 Romam
2515 5257 2771 5320 profectus
2797 5268 2910 5319 est;
2937 5262 3177 5322 quocirca
3207 5262 3319 5311 eius
3360 5266 3525 5317 obitus
3561 5266 3627 5316 vi-

2135 5322 2279 5371 detur
2304 5323 2363 5371 :iil
2395 5338 2580 5371 annum
2610 5326 2707 5373 eos
2735 5324 3049 5381 refeieudus.

2210 5392 2227 5427 ί
2264 5389 2460 5438 Udiliw.
2489 5393 2609 5451 ριιίιι
2630 5390 2808 5440 claruit
2839 5404 2971 5445 eirea
2994 5405 3183 5442 annum
3212 5391 3338 5453 700,
3368 5408 3419 5446 ut
3443 5406 3625 5450 constat

2137 5469 2197 5505 ex
2226 5456 2411 5505 Cl-iiin.
2439 5456 2609 5505 ὕει-ιιι.

2206 5530 2227 5565 5
2259 5521 2489 5573 Ut‘rl‘rlsff.
2519 5526 2583 5574 De
2612 5522 2687 5574 liis
2713 5524 2847 5586 vide,
2873 5538 3046 5591 supra,
3071 5526 3155 5578 dic
3180 5540 3266 5579 xix
3292 5528 3446 5581 Junii.

3540 5976 3547 5989 ι

3796 6044 3797 6051 l

3650 6124 3653 6125 ν
3770 6114 3771 6121 l

3556 6138 3565 6145 ,
3690 6138 3693 6141 .
3710 6140 3715 6141 γ

3324 6210 3359 6223 Α
