3898 6322
182 503 322 554 Ηῖέδ

1276 493 1459 548 sacr.
1488 493 1560 546 4|.
1608 474 1674 532 -ς
1706 483 2243 546 MARTYROLOGIA.

1398 580 1613 659 EDITIO
1648 596 2102 656 COLONIENSIS.

3202 477 3335 547 ΗΜ

176 720 279 769 per
310 703 513 755 metalla
564 702 915 764 damnaverat,
945 698 1028 765 qui
1076 696 1228 750 etiam
1263 695 1612 762 propheticam
1638 693 1715 742 vi-
1748 711 1788 760 Λ
1817 686 2064 747 Cattdidi,
2118 682 2323 736 Czeliani
2353 722 2364 738 .
2416 679 2565 769 Marci
2592 719 2605 741 ,
2659 676 2888 769 Januarii
2939 685 2991 728 et
3045 676 3331 769 Fortunati,

176 800 291 840 tam
316 785 483 840 d'uxit.
512 787 760 853 Lugduno
790 783 969 838 Galliae
1014 783 1175 836 sancti
1211 782 1431 833 Viatoris
1459 780 1710 846 episcopi.

181 876 407 928 Ithemis
458 874 643 928 Nicasii
672 874 921 940 episcopi,
978 882 1029 924 et
1079 868 1363 936 Eutropia,
1396 866 1636 934 Aspedite
1664 875 1718 952 et

174 963 459 1016 Theodoli.

257 1052 316 1104 Ρ.
364 1051 518 1105 XVIII
567 1051 793 1103 Kaccsn.
826 1049 940 1103 Juv.
974 1077 1039 1088 -
1079 1047 1221 1114 Apud
1263 1045 1494 1100 Africam
1542 1046 1713 1097 sancti

179 1138 446 1191 Valeriani
474 1139 699 1204 episcopi
744 1147 795 1190 et
821 1135 1156 1198 confessoris,
1194 1136 1279 1202 qui
1313 1145 1542 1201 tempore
1576 1131 1711 1184 Van-

176 1226 369 1278 dalicae
418 1226 789 1292 persecutionis
841 1240 955 1277 cum
1018 1241 1080 1277 ex
1128 1234 1382 1289 praecepto
1448 1220 1710 1275 Genserici

176 1314 325 1379 regis
354 1314 526 1366 Ariani
584 1312 646 1365 ad
676 1312 979 1365 tradendum
1036 1312 1208 1365 divina
1237 1310 1479 1378 mysteria
1525 1309 1605 1360 vel
1651 1307 1711 1360 li-

179 1401 312 1453 bros
359 1408 679 1463 arctarentur
727 1401 904 1453 cuncti
956 1399 1155 1451 Domini
1207 1398 1524 1459 sacerdotes,
1557 1396 1626 1447 ita
1657 1404 1713 1447 ut

177 1487 327 1540 idem
377 1490 516 1554 impii
560 1490 733 1542 Ariani
780 1489 843 1541 de
890 1489 1014 1555 ipsis
1046 1485 1214 1554 palliis
1254 1485 1427 1536 altaris
1455 1482 1712 1563 camisias

176 1578 286 1628 sibi
335 1586 387 1630 et
436 1577 699 1630 femoralia
750 1577 994 1635 facerent,
1041 1575 1255 1627 viriliter
1297 1587 1360 1623 ne
1390 1580 1710 1623 sacramenta

179 1664 366 1717 divina
397 1667 623 1717 traderet
668 1664 939 1725 dimicans,
992 1672 1133 1715 extra
1182 1661 1441 1713 civitatem
1478 1658 1709 1724 singula-

180 1750 318 1803 riter
344 1751 532 1815 expelli
568 1750 740 1816 jussus
768 1759 868 1813 e~t,
910 1758 965 1801 et
990 1748 1059 1801 ita
1093 1756 1423 1815 prmceptum,
1456 1756 1511 1798 ut
1540 1747 1712 1799 nullus

180 1851 313 1889 eum
341 1852 506 1903 neque
534 1838 583 1889 in
610 1838 781 1899 domo,
812 1852 978 1903 neque
1005 1838 1053 1888 in
1088 1850 1212 1903 agro
1246 1835 1527 1888 dimitteret
1558 1834 1710 1885 habi-

190 1935 329 1979 tare.
380 1928 612 1993 Cumque
651 1933 787 1979 esset
831 1940 1079 1978 annorum
1121 1926 1386 1991 plusquam
1431 1922 1705 1988 dctrgiuta,

82 2066 93 2067 ,
183 2012 239 2066 in
279 2020 440 2065 strata
480 2012 674 2078 publica
706 2013 865 2063 multo
918 2020 1145 2077 tempore
1185 2012 1345 2075 jacuit
1393 2010 1559 2061 nudus
1605 2010 1702 2061 sub

182 2110 336 2161 aere,
362 2098 535 2163 sicque
580 2100 627 2149 iu
673 2099 995 2151 coiifessione
1022 2098 1288 2150 catholicae
1337 2098 1564 2150 veritatis
1593 2111 1711 2149 cur-

182 2196 305 2237 sum
346 2185 511 2238 beata:
560 2188 674 2238 vita:
726 2187 971 2253 implevit.
1028 2185 1317 2239 Aurelianis
1368 2185 1503 2238 beati
1545 2184 1711 2238 Maxi-

183 2272 320 2327 mini
359 2275 661 2342 presbyteri.
712 2274 766 2326 In
813 2273 981 2327 Africa
1029 2274 1198 2327 natale
1237 2272 1499 2335 Faustini,
1548 2271 1710 2331 Lucii,

1882 774 1943 825 (ἶ.
1994 771 2127 825 XVII
2156 769 2391 823 Kscsso.
2422 766 2539 819 Juv.
2584 794 2649 803 —
2680 762 2975 830 Martyrium
3007 762 3156 815 trium
3195 763 3336 816 viro-

1818 879 1927 917 rum
1958 871 2253 914 sanctorum
2287 858 2516 920 Auanim,
2553 853 2746 907 Azarize
2774 862 2826 905 et
2856 852 3097 904 Misaelis.
3147 852 3200 904 In
3229 852 3337 903 Tu-

1820 951 1925 1004 scia
1953 957 2147 1001 sancta:
2188 945 2427 997 Barbara:
2480 940 2711 1009 virginis,
2754 953 2867 1005 qua
2900 948 3131 1004 tempore
3174 938 3339 991 Maxi-

1816 1037 2026 1089 niiniani
2092 1031 2417 1097 imperatoris
2479 1041 2627 1093 passa
2684 1034 2762 1078 est
2793 1040 2883 1091 pro
2942 1022 3167 1075 Christo.
3215 1022 3338 1075 llmc

1814 1126 2034 1190 primum
2081 1136 2109 1173 a
2139 1131 2285 1187 patre
2332 1134 2426 1171 suo
2473 1117 2722 1168 Dioscoro
2763 1113 2850 1164 ditt
2880 1112 3066 1166 afﬂicta
3094 1113 3188 1165 sub
3226 1112 3334 1165 dira

1812 1210 2066 1274 custodia,
2097 1208 2287 1259 deinde
2315 1206 2498 1257 tradita
2547 1201 2747 1269 praesidi
2779 1200 3055 1263 Marciano,
3083 1208 3133 1253 et
3160 1213 3343 1267 exspo-

1815 1297 1953 1358 lizita,
1989 1296 2165 1347 nervis
2192 1293 2386 1346 laureis
2421 1290 2568 1341 valde
2612 1302 2746 1340 cmsa
2774 1295 2825 1339 et
2854 1286 3108 1352 discerpta
3148 1293 3247 1348 est,
3286 1296 3340 1339 et

1810 1383 1980 1436 cilicio
2009 1381 2167 1448 plagm
2192 1379 2305 1445 ejus
2350 1377 2643 1434 defricatae;
2678 1374 2796 1425 inde
2832 1378 3028 1425 reclusa
3072 1373 3123 1425 in
3161 1388 3339 1426 carce-

1813 1487 1944 1535 rem,
1974 1472 2059 1524 ubi
2104 1470 2221 1522 luce
2250 1467 2422 1520 divina
2452 1465 2716 1531 consolata
2746 1471 2842 1514 est.
2878 1462 3072 1514 Deinde
3098 1462 3233 1513 circa
3264 1462 3338 1514 Ia—

1813 1568 1919 1613 tera
1960 1562 2073 1626 ejus
2102 1556 2365 1623 lampades
2393 1552 2683 1620 applicatos,
2714 1558 2766 1601 et
2805 1548 3003 1604 malleis
3043 1556 3198 1615 caput
3226 1550 3337 1614 ejus

1810 1662 2019 1709 cmsum,
2051 1656 2102 1699 et
2126 1644 2363 1697 mamillae
2383 1643 2492 1707 ejus
2516 1638 2774 1707 precisas;
2799 1635 2986 1688 deinde
3007 1650 3098 1703 per
3142 1643 3338 1702 plateas

1810 1736 2178 1795 circumducta,
2204 1744 2253 1785 et
2277 1733 2494 1799 ﬂagellis
2513 1719 2802 1783 diutissime
2830 1726 3018 1777 afﬂicta
3042 1733 3141 1785 est,
3165 1724 3229 1776 ad
3245 1739 3336 1778 CX?

1812 1836 2029 1880 tremum
2053 1836 2171 1875 vero
2187 1820 2361 1887 gladio
2385 1819 2685 1886 martyrium
2708 1814 3100 1868 consummavit.
3132 1813 3332 1865 Raven-

1810 1930 1889 1967 na:
1912 1910 2190 1972 Valentini,
2234 1908 2460 1970 Navalis,
2516 1902 3085 1972 Agricolm,-Concordi.
3128 1903 3337 1956 Vienna

1813 2002 1944 2055 beati
1996 2000 2189 2054 Adonis
2234 1999 2480 2063 episcopi.
2530 1995 2722 2047 Eodem
2770 1993 2853 2046 die
2908 1993 3173 2045 translatio
3214 2008 3339 2045 sane

1813 2099 2012 2144 ctorum
2042 2095 2320 2153 martyrum
2359 2080 2634 2149 Simplicii,
2664 2077 2889 2133 Faustini
2922 2088 2974 2133 et
3003 2080 3265 2133 Beatricis.

1883 2180 1947 2230 A.
1976 2173 2107 2229 XVII
2129 2174 2357 2227 KALEND.
2388 2171 2501 2224 ΜΝ.
2543 2196 2611 2208 -
2646 2167 2936 2221 Translatio
2965 2168 3125 2220 sancti
3164 2166 3342 2234 lgnatil

1820 2267 2081 2334 martyris,
2139 2262 2222 2329 qui
2277 2261 2459 2313 tertius
2493 2265 2607 2325 post
2660 2256 2864 2310 Petrum
2911 2257 3196 2321 apostolum
3227 2258 3343 2311 Anq-

1389 2357 1610 2411 EDITIO
1647 2350 2135 2408 BOLLANDIANA.

260 2447 445 2500 Florus
488 2448 538 2499 in
567 2448 630 2499 A.
660 2447 720 2499 Τ.
755 2446 814 2501 ι..
840 2464 851 2497 :
883 2445 1206 2514 Jerosolyma
1253 2445 1425 2511 passio
1455 2444 1550 2498 SS.
1578 2442 1705 2495 Justi

185 2543 248 2587 et
278 2535 512 2598 Abundi;
551 2535 635 2601 qui
680 2542 799 2601 post
846 2534 1040 2601 alapas,
1068 2546 1305 2586 carceres
1332 2538 1386 2584 et
1432 2540 1571 2583 rotas
1606 2529 1711 2597 igni

190 2623 374 2675 traditi
418 2630 538 2675 sunt
566 2623 664 2673 sub
713 2621 1024 2674 Numeriano
1055 2620 1367 2685 imperatore
1415 2626 1465 2671 et
1504 2616 1714 2685 Olybrio

187 2708 459 2776 pmfecto.
510 2709 757 2777 Lugduni)
804 2708 896 2777 [L.
926 2723 1023 2759 om.
1052 2707 1322 2776 Lugduno,
1352 2702 1471 2774 αα]
1512 2704 1716 2757 civitate

189 2798 452 2863 depositio
471 2796 527 2850 S.
544 2785 776 2848 Viatoris
799 2798 1047 2863 episcopi.
1071 2795 1284 2848 Rhetnis
1313 2794 1483 2858 passio
1504 2795 1557 2845 S.
1588 2802 1611 2827 ⁸·
1630 2792 1716 2843 Ni-

190 2886 322 2938 casii
350 2886 574 2951 episcopi
604 2885 676 2955 [et
705 2886 963 2953 martyris,
991 2884 1290 2948 sororisque
1312 2883 1425 2947 ejus
1454 2881 1715 2945 Eutrapim

192 2972 417 3040 virginis
441 2988 556 3025 cum
583 2974 698 3025 aliis
724 2973 954 3037 ejusdem
994 2972 1132 3024 urbis
1160 2970 1357 3025 civibus
1381 2967 1432 3037 ιι]
1474 2969 1557 3033 qui
1587 2969 1713 3020 mis.-

193 3075 376 3113 sarum
405 3061 810 3114 solemnitatibus
841 3062 1080 3127 peractis,
1113 3074 1139 3111 a
1172 3058 1417 3111 Vandalis
1457 3057 1585 3109 infra
1614 3056 1714 3110 Ec-

194 3149 412 3203 clesiam
444 3147 804 3200 libernensium
834 3161 1011 3211 passus
1032 3156 1111 3199 est
1138 3146 1458 3214 martyrium.

258 3236 337 3314 .B.
374 3234 432 3287 C.
479 3233 560 3296 νη
595 3233 856 3311 _Dttgduno
1006 3232 1228 3284 Victoris
1266 3229 1711 3353 1gyania‘toris].

258 3318 408 3353 tenna
435 3312 453 3339 ο
483 3302 730 3353 Lnntcmt.
758 3302 965 3353 Hltemts
995 3302 1161 3352 natale
1184 3302 1238 3352 S.
1313 3313 1446 3350 tcasu
1470 3313 1711 3353 entscont.

203 3303 408 3356 Vienna
435 3312 453 3339 ο
483 3302 730 3365 Lupicini.
758 3302 965 3353 Hltemis
995 3302 1161 3352 natale
1184 3302 1238 3352 S.
1266 3302 1446 3353 Nicasii
1470 3302 1714 3363 episcopi.

197 3375 261 3424 Β.
296 3371 473 3434 primis
503 3370 702 3421 duobus
742 3370 882 3424 addit
928 3370 1131 3420 titulum
1162 3370 1386 3434 episcOpi
1417 3376 1467 3419 et
1513 3368 1716 3430 deposi-

198 3439 397 3507 t_iouent
442 3436 821 3507 nominat._D.,
853 3436 1156 3507 Sanctorum
1198 3443 1486 3507 martyrum
1530 3435 1709 3507 Drusi,
1738 3448 1784 3507 ο

196 3504 425 3564 Zosimi,
456 3514 507 3555 et.
548 3503 826 3555 'I'heodori.
874 3505 954 3566 D.,
993 3503 1043 3555 In
1091 3502 1361 3556 Antiochia
1408 3502 1575 3553 natale
1622 3501 1711 3555 SS.

202 3571 357 3622 Drusi
381 3581 432 3622 et
456 3572 710 3623 sociorum
738 3571 867 3635 ejus.

275 3656 359 3708 15.
383 3684 448 3693 -—
475 3656 633 3709 XVIII
658 3655 789 3707 ΚΑι..
822 3656 977 3708 Vacat
1008 3656 1175 3708 Ba-da.

272 3744 457 3797 Florus
486 3744 535 3796 in
564 3746 627 3799 Δ.
660 3744 720 3796 Τ.
768 3744 865 3796 ι..;
918 3745 1203 3797 Aurelianis
1251 3743 1509 3812 depositio
1558 3744 1721 3796 sancti

200 3830 494 3884 Maximiani
568 3831 845 3899 presbyteri
923 3841 975 3885 et
1031 3831 1340 3884 confessoris
1407 3831 1723 3899 (Iliacusque

196 3920 352 3979 etiam
392 3920 451 3975 Β.
494 3918 603 3986 V.),
633 3919 718 3992 qui
757 3920 807 3972 in
837 3932 1033 3973 summa
1080 3920 1320 3987 religione
1363 3920 1574 3989 degens,
1614 3920 1726 3987 ejus

1812 2435 2007 2489 meritis
2036 2433 2191 2487 multa
2218 2430 2457 2483 miracula
2486 2429 2733 2481 Dominus
2761 2427 2958 2493 operari
2990 2426 3221 2494 dignatus
3241 2438 3340 2481 est-

1887 2523 1970 2585 D.,
2007 2518 2262 2588 Valetjani
2287 2514 2313 2588 fi
2341 2517 2657 2588 episc_opi__et
2686 2512 3016 2588 confessoris.
3067 2514 3125 2566 ϐ.
3280 2515 3339 2588 I_II

1828 2582 1999 2644 Africa
2040 2589 2095 2641 S.
2138 2586 2332 2644 Fausti,
2362 2582 2537 2647 Lucii'.
2568 2582 2814 2642 Candidi,
2847 2586 3245 2649 martyrumaA.
3278 2584 3340 2649 Τ,

1821 2659 1878 2721 ι..
1914 2658 1995 2719 D.,
2020 2657 2070 2707 In
2101 2655 2267 2705 Africa
2299 2656 2464 2705 natale
2492 2651 2589 2705 SS.
2620 2649 2833 2704 Candidi
2863 2647 3201 2720 [BH—Cantia,
3226 2647 3343 2705 Cas;

1820 2726 1989 2781 ciliani
2017 2733 2067 2775 et
2097 2721 2290 2789 Fausti.

1891 2812 1977 2864 16.
2000 2840 2065 2851 -
2094 2807 2226 2860 XVII
2252 2806 2386 2866 ΚΑι..
2412 2804 2571 2857 Vacat
2601 2804 2768 2855 Baeda.

1893 2899 1979 2962 D.,
2007 2896 2185 2947 Trium
2218 2892 2764 2962 martyrum_Ana_ni:e,
2791 2890 2988 2962 Azarige
3016 2890 3338 2962 et_Misaelis,

1820 2968 1879 3019 Β.
1909 2957 1997 3028 νζ,
2020 2964 2258 3015 Ravenna
2282 2957 2450 3013 natale
2468 2957 2565 3028 SS.
2592 2959 2614 2988 θ
2642 2958 2914 3028 Valentini,
2940 2957 3334 3028 Navalis».AAgril

1820 3024 2314 3095 colm,’Concordi;e.
2359 3029 2421 3080 Α.
2448 3028 2507 3078 'l‘.
2534 3027 2629 3095 L.,
2654 3025 2896 3095 Ravenna
2925 3026 3095 3095 natale
3123 3024 3217 3095 SS.
3240 3024 3341 3079 Va-

1762 3142 1765 3145 ι
1822 3092 2023 3162 lentini,
2054 3099 2276 3157 Navalis,
2304 3094 2652 3162 etConcordii
2694 3092 3211 3162 [lt.,_etConcordi].
3245 3096 3331 3158 Α..

1823 3170 1877 3221 In
1920 3160 2100 3221 Tuscia
2149 3165 2318 3231 passio
2360 3160 2470 3231 SL‘
2502 3160 2735 3231 Bgrbarie
2779 3160 2989 3231 virginis
3029 3162 3127 3231 sub
3174 3160 3333 3213 Mari.-

1823 3239 1992 3288 tniano
2036 3227 2361 3300 imperatore.
2407 3228 2492 3290 T.,
2522 3228 2998 3300 Et__Trans_itus___S.
3028 3235 3068 3300 8_
3088 3227 3329 3300 E_ve_rardi

1822 3294 2153 3357 confessoris.
2185 3302 2264 3365 D.,
2295 3300 2495 3351 Arelate
2514 3295 2768 3350 dedicatio
2796 3295 3018 3365 basilica:
3038 3294 3093 3348 S.
3120 3294 3143 3331 δ
3165 3295 3334 3350 Gene-

1820 3373 1882 3424 sii
1912 3369 2177 3438 martyris.

1883 3462 1966 3514 l7.
1988 3488 2056 3500 —
2090 3457 2106 3493 ί
2140 3455 2253 3509 XVI
2280 3455 2409 3508 ΚΑι..
2443 3454 2620 3506 Natale
2649 3450 2746 3505 S.i
2786 3450 2959 3519 Ignatii
3005 3452 3235 3519 episcopi
3284 3461 3339 3506 et

1825 3549 2095 3615 martyris;
2126 3544 2213 3612 qui
2244 3544 2426 3595 tertius
2467 3540 2755 3594 Antiochiae
2801 3547 2916 3603 post
2960 3537 3169 3611 Petrum
3215 3554 3344 3605 apo-

1824 3636 2009 3690 stolum
2060 3633 2352 3699 episcopus,
2380 3628 2683 3682 duodecimo
2712 3626 2915 3693 Trajani
2960 3640 3112 3691 anno,
3143 3626 3207 3680 ad
3251 3630 3343 3681 bes

1825 3727 1951 3778 stias
1982 3726 2178 3777 vinctus
2210 3726 2385 3777 Romae
2415 3724 2603 3777 missus
2628 3731 2730 3776 est.
2759 3722 3005 3791 Reliquiae
3036 3731 3203 3774 tamen
3230 3737 3345 3774 cor-

1829 3815 1967 3879 poris
1990 3814 2101 3879 ejus
2126 3812 2413 3865 Antiochire
2436 3811 2606 3877 jaceat
2630 3810 2916 3877 (ﬂuensque
2936 3810 3000 3863 Δ.
3024 3820 3067 3862 et
3094 3810 3182 3877 Τ.)
3200 3820 3346 3864 extra

1828 3912 2027 3967 portam
2056 3898 2081 3937 ¹ι
2116 3900 2467 3967 Daplmiticam
2496 3897 2546 3951 in
2572 3900 2866 3953 cmmeterio
2894 3899 3143 3952 ecclesiae.

1536 4010 1733 4062 SMITH
1773 4009 1990 4070 NOTAE.-

272 4109 297 4135 ι
332 4096 541 4151 Nicasii.
584 4098 642 4148 lli
690 4098 820 4162 passi
866 4106 983 4157 sunt
1027 4112 1161 4148 anno
1204 4096 1323 4157 453,
1374 4106 1427 4147 ut
1474 4106 1610 4160 patet
1656 4112 1719 4149 ex

198 4166 463 4220 Chronico
544 4164 818 4217 Rhemensi
905 4166 1036 4230 apud
1103 4165 1291 4218 Labbei
1360 4165 1486 4216 Bibl.
1567 4179 1717 4226 nov,,

196 4249 331 4287 LOIII.
363 4234 399 4285 Ι.
1309 4234 1317 4244 ⁵

273 4306 301 4343 b
334 4302 412 4351 Ab
438 4311 481 4349 et
507 4302 737 4353 ntarturis
761 4299 824 4350 ad
852 4300 1035 4353 civibus
1061 4300 1204 4353 deest
1232 4300 1279 4349 in
1309 4298 1369 4351 Τ.

277 4376 300 4403 ο
330 4366 575 4431 Lupicini.
604 4366 923 4432 Maurolycus
944 4376 997 4418 et
1025 4367 1307 4419 Galesmius
1332 4366 1549 4417 natalem
1581 4366 1719 4418 illius

197 4432 591 4511 celebrantbac
618 4434 934 4511 tumultibus
958 4435 1165 4486 Tabulae
1195 4434 1437 4486 Ecclesia:
1466 4432 1717 4487 Viennen—

197 4504 278 4555 8ίὸ
303 4503 354 4553 in
382 4500 537 4552 Gallia
562 4500 917 4563 astipulantur.

276 4574 301 4611 ἀ
341 4568 614 4621 Valeriani.
660 4568 875 4619 Abensis
911 4568 1131 4621 civitatis
1161 4569 1208 4619 in
1242 4567 1408 4619 Africa
1452 4568 1713 4633 episcopi;

197 4638 290 4705 qui
324 4639 443 4687 dum
474 4636 686 4705 viriliter
726 4644 1048 4705 sacramenta
1094 4638 1359 4705 uivinane
1390 4635 1609 4686 traderet
1635 4637 1716 4687 di-

204 4702 473 4765 uocasset,
519 4703 654 4753 foras
692 4702 948 4754 civitatem
976 4704 1245 4769 singularis
1266 4703 1439 4768 jussus
1463 4713 1541 4755 est
1567 4705 1715 4766 pelli;

201 4782 259 4825 et
289 4773 357 4821 ita
389 4779 695 4835 pra-ceptum
732 4775 811 4835 est
840 4778 894 4820 ut
918 4772 1083 4821 nullus
1106 4785 1222 4822 euut
1248 4809 1261 4825 .
1294 4784 1459 4834 neque
1488 4772 1535 4821 in
1566 4771 1719 4822 domo

204 4834 455 4905 nequein
478 4850 620 4901 agro,
648 4834 927 4905 dimitteret
965 4838 1213 4905 habitare.
1243 4840 1335 4897 Qui
1366 4840 1415 4886 iu
1442 4847 1593 4887 strata
1621 4853 1721 4898 pu-

203 4906 338 4957 blica
369 4904 529 4957 multo
574 4912 801 4965 tempore
830 4904 963 4954 node
999 4904 1156 4967 jacuit
1189 4906 1236 4954 in
1280 4918 1419 4954 aere.
1453 4907 1717 4957 Annorum

202 4984 377 5023 autem
408 4979 517 5023 erat
556 4971 668 5035 plus
697 4983 811 5021 us.
844 4972 1034 5023 Vtcron
1077 4971 1332 5036 VITENSIS,
1361 4972 1425 5023 de
1470 4972 1717 5024 Persecu-

203 5040 349 5091 tione
377 5037 633 5090 Africana.

283 5113 306 5137 ο
347 5104 869 5175 Valentinaﬁagistri
900 5106 1140 5166 militum,
1166 5105 1437 5159 Coocordii
1460 5106 1571 5169 ejus
1603 5106 1716 5169 filii,

203 5173 412 5227 Navalis
442 5182 493 5223 et
516 5173 789 5239 Agricol-lc,
821 5177 903 5240 qui
947 5176 995 5224 in
1029 5178 1383 5238 persecutione
1427 5176 1717 5225 Maximiani

205 5257 301 5309 pro
344 5240 551 5309 Christo
581 5243 711 5309 passi
758 5252 893 5293 sunt.
926 5242 1151 5302 Ipsorum
1200 5242 1498 5306 martyrium
1546 5251 1719 5293 narrat

204 5306 507 5375 lIieronym.
539 5306 691 5367 ltub.,
720 5309 909 5360 Histor.
942 5309 1155 5367 Itaven.,
1189 5309 1222 5359 Ι.
1260 5322 1311 5359 ιι.

280 5376 295 5412 ι
333 5373 587 5427 Barbam.
620 5375 735 5426 lliec
768 5378 987 5439 primum
1015 5392 1041 5425 a
1076 5388 1215 5440 patre
1244 5390 1337 5425 suo
1365 5373 1605 5425 Dioscoro
1633 5374 1719 5426 diu

202 5444 403 5496 afﬂicta
431 5442 528 5494 sub
556 5445 665 5493 dira
704 5444 953 5500 custodia,
986 5443 1104 5493 dein
1135 5444 1316 5493 tradita
1350 5442 1555 5506 praesidi
1589 5443 1719 5503 Μετ-

202 5514 367 5570 tiano,
404 5510 706 5574 cxspoliata,
738 5509 904 5561 nervis
944 5518 995 5560 et
1025 5511 1213 5561 taureis
1248 5509 1399 5577 valde
1426 5522 1581 5577 euasti,
1612 5514 1718 5561 dis-

206 5588 385 5645 cerpta
415 5587 514 5637 est,
571 5586 620 5643 et
648 5578 813 5629 cilicio
845 5578 1001 5645 plagc
1030 5577 1138 5641 ejus
1170 5576 1448 5629 defricatae.
1486 5576 1602 5627 lude
1634 5592 1717 5627 re-

206 5651 347 5696 clusa
378 5644 428 5695 iu
457 5656 690 5705 carcere;
722 5659 837 5697 mox
867 5644 999 5695 circa
1029 5645 1184 5695 latera
1214 5644 1324 5709 ejus
1353 5644 1610 5705 lampades
1638 5659 1721 5695 ar-

204 5716 389 5773 dentes
418 5712 701 5776 appliettm,
729 5723 780 5765 et
810 5721 961 5779 caput
986 5714 1097 5778 ejus
1125 5714 1321 5764 malleis
1350 5722 1638 5775 contusum,
1670 5721 1719 5764 et

1822 4098 2059 4165 mamillae
2109 4096 2222 4160 ejus
2270 4096 2517 4165 praecisae.
2574 4095 2785 4165 Deinde
2820 4096 2951 4149 nuda
3006 4112 3096 4165 per
3151 4100 3346 4164 plateas

1820 4164 1993 4226 ductu,
2029 4175 2080 4215 et
2122 4165 2339 4231 ﬂagellis
2384 4164 2670 4216 diutissime
2710 4163 2898 4215 afﬂicta
2928 4163 3036 4225 est;
3068 4165 3130 4217 ad
3156 4163 3343 4219 extre-.-

1821 4248 1958 4283 mum
1987 4232 2153 4297 gladio
2185 4232 2485 4298 martyrium
2513 4232 2907 4298 consummavit.
2934 4232 3061 4282 Aoo.

1891 4305 1914 4341 8
1947 4296 2206 4349 Eucrardi.
2237 4296 2333 4349 llic
2358 4297 2574 4363 quiescit
2604 4300 2653 4348 in
2681 4296 2891 4352 Cisonio
2922 4301 2976 4351 S.
3007 4298 3202 4351 Callisti
3234 4316 3343 4351 mo.

1822 4367 2067 4427 nasterio,
2100 4366 2235 4429 quod
2262 4375 2343 4433 est
2372 4365 2732 4433 canonicogm:
2763 4365 3037 4433 ordinisiS.
3070 4366 3340 4433 Augustini

1822 4436 1951 4485 inter
1983 4434 2175 4487 Insulas
2203 4443 2255 4484 et
2282 4432 2590 4485 Tornacum.
2622 4432 2737 4483 Fuit
2787 4432 2888 4482 dux
2942 4432 3332 4498 Forojuliensis,

1748 4497 1793 4554 D
1819 4502 1908 4555 sed
1936 4502 2049 4552 vita:
2071 4502 2345 4553 Sanctitate
2374 4500 2609 4564 insignis,
2637 4504 2719 4563 qui
2752 4499 2889 4551 dicto
2919 4499 3207 4554 (Liscuieusi
3236 4519 3338 4556 cte«

1820 4570 1972 4619 nobio
2002 4568 2200 4620 initium
2229 4568 2385 4618 dedit.
2415 4567 2559 4629 Quod
2594 4566 2809 4618 Meierus
2854 4574 3007 4629 notat
3039 4584 3175 4621 anno
3216 4571 3336 4623 858.

1820 4637 2023 4689 Festum
2054 4634 2389 4701 depositionis
2418 4643 2498 4684 est
2530 4632 2591 4684 I6
2631 4634 2967 4701 Decembris,
2988 4638 3336 4688 translationis

1815 4706 1899 4755 die
1946 4703 2010 4754 10
2056 4700 2285 4767 ejusdem
2331 4702 2542 4756 mensis.
2573 4701 2838 4764 Mounus,
2873 4703 2923 4752 in
2952 4700 3183 4755 lndiculo
3221 4718 3339 4755 san-

1816 4782 2014 4823 ctorum
2054 4768 2233 4833 Belgii.
2750 4822 2757 4831 .

1885 4836 1909 4872 ιι
1937 4836 2162 4914 βεηαείὶ.
2208 4835 2367 4905 Hujus
2414 4835 2598 4889 natalis
2644 4834 2937 4888 celebratur
2983 4835 3069 4888 die
3114 4835 3182 4890 25
3228 4837 3335 4890 Au.

1816 4916 1971 4971 gustt.

1894 4974 1907 5008 ⁸
1951 4973 2094 5025 llunc
2123 4972 2258 5023 diem
2287 4984 2407 5022 cum
2433 4968 2669 5035 sequenti
2702 4970 2908 5022 invertit
2936 4969 2996 5024 C.

1888 5043 1900 5088 ι
1942 5042 2151 5107 lgnau’i.
2191 5041 2348 5107 Sacra
2390 5038 2443 5089 S.
2488 5037 2668 5105 lgnatii
2698 5052 2811 5089 ossa
2856 5041 3000 5091 initio
3041 5040 3216 5092 Romae
3260 5040 3339 5092 in.-

1816 5110 1943 5173 signi
1974 5104 2106 5158 ioco
2151 5104 2407 5169 depoSita,
2457 5104 2631 5170 postea
2686 5107 3013 5173 Antiochiam
3074 5117 3337 5173 reportata

1816 5172 1954 5227 sunt.
1984 5173 2371 5227 Selemnitatem
2416 5174 2547 5225 hanc
2574 5174 2839 5225 celebrant
2865 5172 3030 5226 Graeci
3058 5172 3341 5227 29’Janua-

1818 5244 1896 5302 rii,
1928 5243 2091 5292 Latini
2124 5254 2244 5291 vero
2277 5241 2336 5291 I7
2382 5241 2695 5293 Decembris.
2729 5241 2799 5289 Ex
2834 5241 3023 5293 Latinis
3055 5242 3196 5294 solus
3231 5242 3337 5293 Ga-

1818 5311 2027 5361 lesinius
2078 5309 2209 5365 banc
2254 5307 2670 5375 translationem_
2688 5307 2917 5361 celebrat
2967 5310 3017 5360 in
3064 5309 3332 5375 Januario,

1818 5392 1916 5428 non
1966 5386 2135 5427 tamen
2183 5376 2266 5426 die
2311 5373 2399 5435 29,
2445 5387 2586 5425 more
2634 5372 2952 5439 Graecorum,
2983 5377 3070 5427 sed
3108 5372 3181 5427 ‘18
3227 5376 3333 5427 die.

1818 5444 1961 5512 Hanc
1976 5444 2362 5512 translationem
2383 5441 2633 5512 describit
2656 5440 3051 5512 Chrysostomus
3079 5445 3126 5493 iu
3162 5445 3333 5493 homi-

1817 5512 1903 5563 lia.
1927 5510 2222 5563 Galesioius
2243 5510 2420 5560 scribit
2446 5512 2577 5561 hanc
2608 5510 2986 5562 translationem
3012 5510 3192 5561 laetam
3217 5522 3337 5562 esse

1820 5580 2051 5645 proximo
2080 5586 2192 5641 post
2220 5576 2521 5645 martyrium
2547 5591 2702 5645 anno.

1887 5645 1909 5681 ι
1936 5645 2298 5707 Daphntticam.
2326 5641 2505 5694 Postea
2530 5642 2785 5712 translata:
2808 5643 3035 5712 reliquiis:
3058 5644 3153 5698 sub
3170 5641 3335 5707 Thetr

1819 5714 1965 5767 dosio
1989 5712 2197 5767 iuniore
2220 5714 2273 5771 in
2299 5712 2543 5777 templum
2566 5710 2857 5777 Tycbmum.
