3898 6342
300 466 431 520 ΜΗ

1398 455 1592 510 SECT:
1623 455 1682 507 ll.
1724 484 1788 493 -—-
1831 453 2370 508 MARTYROLOCIA.

3306 446 3432 498 Η·νί

1521 561 1735 614 ΕΟΙΤΙΟ
1773 560 2210 613 COLONIENSIS.

293 659 576 711 Ocnum
623 669 1255 718 ocaonacssmosscusoo,
1319 663 1627 703 OLYMI’HDIS
1681 662 1815 699 VERO
1845 654 1891 706 Α
1920 648 2154 706 basilica,
2189 655 2243 697 ut
2269 644 2460 706 decuit,
2484 650 2760 712 martyrem
2790 644 3038 709 sepelivit.
3074 643 3192 719 Ipso_
3212 644 3292 694 dte
3325 644 3424 692 lto-

291 761 602 799 (IENTESIIE
629 761 958 799 Nos/testium
988 759 1173 795 τειιτιο
1200 756 1347 800 astte,
1375 757 1434 792 aa
1467 739 1606 792 Unus
1637 738 1838 790 aureu'

292 851 518 888 CttNDtTA
578 846 1046 886 ssprtscssrsswo
1097 842 1504 891 eumeuacssmo
1556 838 1816 884 SECUNDO,

292 923 616 988 t-otnprcssis
644 933 938 973 cunctarum
961 936 1048 986 per
1070 921 1249 970 orbem
1281 927 1429 969 terra:
1456 914 1678 982 gentium
1702 928 1812 964 rno—

296 1013 460 1072 libus,
489 1024 540 1064 ct
589 1009 880 1060 ﬁrmissima
911 1022 1034 1071 pace
1069 1007 1393 1058 ordinatione
1443 1005 1530 1054 Dei
1562 1016 1588 1052 a
1619 1003 1819 1053 Cursum

296 1101 532 1165 Augusto
575 1098 854 1149 Octaviano
884 1094 1186 1158 composita,
1228 1093 1430 1160 quando
1469 1090 1720 1158 Cyrenius
1755 1105 1816 1140 ex

295 1185 515 1235 consilio
561 1192 787 1246 senatus,
839 1183 888 1233 in
918 1181 1144 1234 Judream
1177 1181 1388 1241 missus,
1429 1193 1613 1230 census
1643 1176 1813 1227 homi-

298 1286 423 1321 num
478 1283 958 1336 possesStonnmque
1007 1267 1349 1327 describebat,
1391 1276 1596 1316 sextam
1647 1264 1830 1314 tnnndi‘

295 1367 503 1409 mtatem
552 1372 645 1408 suo
700 1357 928 1423 piissimo
972 1354 1288 1406 consecravit
1345 1353 1582 1403 adventu.
1630 1350 1820 1402 Eodem

298 1445 388 1496 die
420 1445 588 1497 natale
619 1456 807 1497 sancta:
856 1444 1159 1504 Anastashc,
1190 1457 1302 1508 qua:
1348 1452 1576 1506 tempore
1626 1438 1825 1490 Diocle-

297 1531 428 1582 tiani
454 1532 613 1596 primo
642 1531 963 1581 durissimam
991 1539 1041 1581 et
1067 1528 1313 1580 immitem
1343 1527 1628 1579 custodiam
1657 1543 1682 1578 a
1712 1527 1821 1578 viro

297 1633 399 1668 suo
450 1617 626 1668 Publio
681 1631 942 1683 perpes~a,
1005 1616 1054 1667 in
1104 1629 1200 1681 qua
1235 1624 1457 1666 tamena
1487 1614 1826 1681 ChrySogono

297 1707 594 1759 confessore
614 1707 801 1758 Chritti
822 1709 1032 1756 muZtunt
1057 1704 1317 1756 consolata
1342 1711 1395 1756 et
1416 1703 1701 1755 confortata
1726 1711 1823 1766 est,

295 1795 486 1847 deinde
513 1810 539 1845 a
571 1797 808 1860 praefecto
839 1793 1037 1860 Illyrico
1086 1793 1136 1844 in
1190 1791 1508 1859 gravissima,
1539 1800 1688 1859 atque
1717 1790 1828 1841 ditt-

299 1887 408 1935 tina
454 1884 683 1935 custodia
725 1893 976 1935 macerata
1015 1890 1112 1945 est,
1169 1883 1218 1932 itt
1260 1895 1358 1947 qua
1403 1880 1604 1932 duobus
1637 1881 1830 1930 mensi-

1921 749 2018 786 mre
2047 734 2094 783 in
2118 731 2412 784 etrmeterio
2447 729 2726 795 Aproniani
2762 731 2929 794 passio
2965 741 3156 781 saneta;
3186 729 3426 795 Eugeniae

1917 820 2148 885 virginis,
2201 832 2314 884 quc
2361 826 2591 882 tempore
2650 816 2870 869 Gallieni
2923 818 3250 884 imperatoris
3315 826 3428 879 post

1918 909 2072 962 multa
2100 906 2315 970 insignia
2352 905 2614 964 virtutum,
2647 913 2697 955 et
2735 918 2909 955 sacros
2937 905 3186 969 virginum
3218 903 3427 963 choros,

1919 1010 2043 1060 quos
2071 992 2282 1045 Christo
2310 991 2526 1042 Domino
2554 999 2935 1056 aggregaverat,
2965 991 3059 1042 sub
3086 988 3301 1058 Nycetio
3332 1004 3420 1040 ur-

1920 1084 1998 1135 bis
2027 1081 2262 1148 praelecto
2282 1081 2485 1146 alligato
2516 1092 2660 1140 saxo,
2688 1087 2738 1128 et
2760 1079 3071 1144 prmeipitata
3102 1077 3148 1128 in
3174 1077 3420 1138 Tiberim,

1920 1169 2009 1220 sed
2052 1167 2209 1232 mergi
2239 1180 2336 1218 non
2386 1165 2565 1230 potuit.
2606 1163 2727 1216 Inde
2754 1165 2966 1215 thermis
3010 1165 3180 1231 ignitis
3213 1163 3429 1223 inclusa,

1922 1259 2075 1309 illinsa
2119 1265 2315 1321 reperta
2348 1264 2444 1316 est,
2491 1255 2766 1306 novissime
2813 1254 2862 1305 in
2906 1254 2990 1304 die
3020 1254 3200 1304 natalis
3228 1252 3426 1304 Domini

1922 1347 2050 1397 sicut
2076 1345 2183 1408 ipse
2221 1343 2455 1394 Salvator
2484 1344 2528 1394 ei
2573 1351 2690 1394 ante
2736 1341 2998 1403 revelavit,
3031 1356 3123 1407 per
3154 1341 3430 1404 spiculato-

1924 1449 2030 1486 rem
2081 1433 2129 1484 in
2160 1433 2387 1482 custodia
2417 1431 2586 1495 gladio
2636 1430 2914 1496 jugulatur.
2972 1431 3032 1481 Et
3061 1431 3316 1482 sublatum
3351 1439 3432 1480 est

1923 1536 2106 1588 corpus
2159 1519 2269 1586 ejus
2291 1535 2315 1570 a
2360 1519 2679 1574 Christianis.
2711 1528 2763 1570 et
2793 1519 3009 1582 positum
3049 1530 3148 1567 non
3189 1517 3338 1582 longe
3368 1516 3431 1565 ab

1925 1611 2051 1663 urbe
2073 1610 2150 1662 via
2193 1607 2388 1669 Latina,
2423 1607 2472 1658 itt
2505 1607 2695 1671 praedio
2721 1607 2830 1673 ejus
2880 1606 3104 1672 protirio,
3139 1605 3221 1657 ubi
3250 1605 3435 1656 multo-

1926 1717 2036 1756 rum
2063 1703 2170 1768 ipsa
2199 1700 2473 1767 sepelierat
2500 1698 2747 1750 membra.

1996 1792 2054 1845 C.
2090 1791 2174 1843 Vll
2198 1789 2427 1842 Kacsnn.
2458 1787 2574 1840 Jan.
2605 1813 2668 1823 -—
2699 1786 2748 1837 In
2780 1784 2966 1850 oppido
3000 1780 3436 1849 Jcrosolymitztno

1927 1878 2333 1945 Caphargarnala
2364 1874 2532 1942 passio
2574 1872 2736 1925 sancti
2765 1871 3012 1938 Stephani
3045 1867 3440 1936 protomartyris

298 1970 401 2025 bus
426 1969 614 2025 refecta
639 1980 717 2024 est
761 1969 1051 2024 cmlestibus
1093 1955 1226 2021 escis
1273 1983 1362 2034 per
1389 1977 1614 2018 sanctam
1659 1966 1828 2017 ’l‘lteo-
1864 1959 1906 2016 Β
1931 1966 2143 2027 Christi,
2171 1966 2255 2031 qui
2297 1977 2397 2016 non
2448 1963 2608 2014 multo
2640 1968 2752 2026 post
2779 1959 3133 2010 ascensionem
3158 1955 3356 2008 Domini
3380 1955 3442 2005 ab

301 2059 507 2122 tloram,
553 2075 666 2126 qua:
720 2059 1017 2122 martyrium
1068 2054 1208 2121 prius
1260 2069 1410 2122 passa
1467 2063 1564 2107 est.
1633 2053 1826 2105 Deinde

299 2148 418 2199 navi
473 2148 706 2211 imposifa
767 2160 880 2199 cum
935 2143 1170 2196 ducentis
1225 2143 1370 2208 viris,
1425 2151 1479 2195 et
1525 2141 1825 2209 quingentis

295 2234 519 2297 feminis,
550 2246 601 2286 ut
641 2235 1061 2300 demergerentur
1089 2231 1138 2284 in
1169 2245 1342 2293 mare;
1390 2231 1479 2284 sed
1520 2233 1715 2299 perlata
1747 2239 1828 2284 est

297 2322 363 2373 ad
393 2323 583 2373 insulas
638 2322 936 2385 Palmarias,
986 2322 1068 2373 ubi
1123 2336 1215 2389 per
1249 2334 1429 2372 manus
1467 2328 1517 2371 ct
1548 2319 1700 2382 pedes
1730 2332 1824 2371 ex-

298 2421 465 2473 tensa,
491 2420 543 2462 et
567 2411 715 2478 ligata
746 2410 807 2462 ad
837 2409 978 2476 palos
1010 2411 1159 2471 ﬁxos,
1198 2420 1249 2460 et
1273 2411 1411 2461 circa
1453 2408 1681 2460 medium
1715 2407 1825 2472 ejus

299 2501 435 2566 ignis
485 2513 751 2561 accensus,
780 2499 843 2569 in_
871 2512 972 2564 quo
1017 2499 1319 2565 martyrium
1348 2482 1825 2554 consummavitfet

290 2599 476 2638 omnes
517 2587 603 2651 qui
660 2600 775 2638 cum
840 2584 922 2636 illa
955 2594 1221 2648 venerant,
1253 2583 1407 2635 variis
1454 2581 1821 2634 interiectioni-

296 2673 397 2727 bus
427 2674 725 2742 martyrium
753 2673 1096 2724 celebrarunt.
1133 2672 1268 2723 lnter
1312 2685 1442 2736 quos
1486 2685 1665 2722 omnes
1691 2682 1824 2721 unus

295 2769 410 2812 erat
443 2761 871 2812 innocentissimus
922 2768 1135 2821 naturae,
1193 2759 1399 2811 nomine
1448 2759 1820 2825 Eutychianus.

293 2848 394 2912 Qui
417 2848 632 2900 sublatis
657 2848 775 2910 sibi,
811 2862 927 2900 cum
959 2849 1106 2901 dives
1151 2859 1309 2910 esset,
1339 2849 1579 2901 omnibus
1604 2848 1817 2900 faculta-

298 2940 463 3002 tibus,
514 2942 670 2991 tacuit
715 2939 840 2991 nihil
868 2941 1116 3005 c0gitans,
1165 2939 1393 3007 nihilque
1434 2947 1669 2990 metuens
1721 2935 1819 2987 nisi

295 3029 421 3090 hoc,
473 3044 537 3082 ne
585 3031 852 3082 facultates
879 3045 939 3082 ac
969 3030 1174 3082 divitias
1223 3029 1339 3081 ﬁdei
1383 3027 1645 3095 perderet.
1680 3025 1822 3091 Quo-

294 3119 595 3182 tiescunque
638 3116 820 3169 fuisset
869 3117 1090 3182 auditus,
1147 3117 1549 3183 quotiescunque
1598 3115 1819 3166 interro-

291 3215 464 3270 gatus,
487 3205 610 3257 nihil
640 3206 775 3257 aliud
798 3205 999 3257 dicebat
1032 3223 1043 3256 :
1076 3204 1340 3257 Christum
1373 3204 1498 3255 milti
1526 3217 1626 3255 non
1659 3201 1810 3260 tollit,

1926 2051 2179 2120 apostolis
2204 2051 2453 2102 diaconus
2478 2048 2741 2100 ordinatus
2765 2055 2860 2099 est.
2894 2045 3088 2098 Scribit
3127 2042 3304 2096 beatus
3333 2043 3440 2095 Lu-

1924 2154 2013 2194 cas
2055 2138 2366 2206 evangelista
2394 2136 2506 2203 ejus
2539 2137 2829 2202 passionem
2853 2134 2902 2184 in
2932 2133 3142 2184 Actibus
3166 2129 3425 2195 apostolo-

1925 2247 2059 2284 rum.
2095 2231 2289 2282 Eodem
2316 2228 2398 2281 die
2427 2229 2588 2280 sancti
2623 2227 2817 2292 Ignatii,
2848 2224 2957 2276 Ruﬁ
2984 2233 3037 2278 et
3057 2222 3246 2275 Zosimi
3271 2234 3431 2288 papm,

1923 2323 2008 2388 qtti
2032 2320 2166 2373 sedit
2203 2319 2379 2370 Romae
2408 2331 2598 2369 annum
2631 2331 2805 2366 unum.
2836 2315 2925 2366 llic
2949 2312 3216 2366 constituit
3247 2320 3304 2363 ut
3326 2311 3434 2362 dia—

1922 2423 2083 2461 conus
2138 2408 2316 2459 lzevam
2349 2413 2542 2473 tegeret
2585 2402 2773 2470 palliis,
2815 2413 2865 2454 et
2895 2405 3135 2468 prmerpit
3186 2408 3239 2449 ut
3268 2398 3432 2449 nullus

1921 2495 2139 2549 clericus
2164 2493 2402 2558 poculum
2434 2494 2484 2544 in
2529 2490 2733 2556 publico
2774 2490 3088 2556 propinaret,
3123 2486 3220 2538 nisi
3244 2495 3436 2538 tantum

1924 2583 1972 2635 in
2002 2583 2145 2636 cellis
2194 2580 2422 2634 ﬁdelium
2473 2589 2527 2632 et
2556 2579 2881 2631 clericorum.
2931 2577 3001 2628 De
3032 2588 3247 2642 quorum
3279 2587 3440 2640 agone

1921 2669 2086 2732 felici,
2132 2678 2340 2720 sanctus
2389 2666 2704 2733 Polycarpus
2755 2665 2803 2715 in
2857 2663 3072 2730 epistola
3129 2661 3190 2711 ad
3253 2659 3437 2724 Philip-

1921 2770 2104 2823 penses
2154 2755 2353 2816 scribit,
2406 2754 2628 2806 dicens:
2666 2769 2683 2801 ι
2737 2751 2992 2816 Deprecor
3039 2756 3210 2799 autem
3260 2759 3439 2796 omnes

1919 2858 2010 2896 vos
2037 2843 2342 2898 obedientire
2364 2841 2489 2894 dare
2504 2853 2734 2908 operam,
2767 2851 2828 2890 ac
2855 2835 3086 2889 meditari
3115 2833 3438 2899 patientiam,

1917 2947 2072 3001 quam
2103 2932 2300 2985 vidistis
2331 2931 2380 2984 in
2411 2929 2627 2997 lgnatio,
2672 2935 2727 2981 et
2763 2924 2916 2986 Rufo,
2940 2933 2992 2975 et
3027 2923 3234 2975 Zosimo
3266 2919 3430 2977 beatis

1918 3025 2064 3083 viris,
2094 3024 2314 3074 scientes
2342 3019 2476 3086 quod
2504 3017 2552 3070 hi
2587 3031 2686 3068 non
2716 3017 2764 3068 itt
2793 3027 3028 3072 vacuum,
3052 3015 3139 3061 sed
3167 3025 3254 3075 per
3289 3009 3440 3060 ﬁdem

1915 3122 1962 3165 et
2005 3111 2258 3177 justitiam
2291 3113 2656 3166 cucurrerunt,
2685 3103 2848 3154 donec
2895 3098 3133 3151 venirent
3159 3096 3221 3147 ad
3275 3096 3440 3146 locum

1916 3201 2012 3255 sibi
2043 3215 2070 3250 a
2105 3196 2319 3250 Domino
2359 3201 2718 3261 praeparatum,
2776 3191 3016 3257 quoniam
3070 3185 3272 3251 quidem
3321 3197 3439 3248 pas-

292 3294 449 3346 etiam
488 3294 571 3362 qui
623 3304 778 3361 caput
825 3293 1114 3347 abstulerit.
1155 3293 1298 3345 Tunc
1347 3291 1615 3359 Apollonia
1663 3290 1813 3342 Chri-
1841 3261 1883 3322 Ο
1915 3289 2116 3341 sionum
2154 3283 2268 3352 ejus
2308 3282 2579 3348 participes
2631 3278 2963 3337 exstiterunt;
3013 3287 3107 3325 nec
3149 3272 3444 3323 dilexerunt

293 3383 462 3433 stiana
516 3391 748 3434 matrona
800 3382 983 3434 tollens
1041 3395 1229 3447 corpus
1280 3380 1441 3432 beata:
1486 3376 1811 3439 Anastasit,

294 3471 714 3534 exosculabatur,
741 3479 794 3524 et
819 3469 1134 3523 aromatibus
1161 3479 1214 3522 et
1256 3468 1634 3522 linteaminibus
1662 3482 1811 3518 mun-

295 3557 385 3612 dis
415 3559 714 3622 obwlvens,
744 3560 876 3611 intra
901 3559 1198 3611 viridariunt
1230 3558 1414 3611 domus
1435 3573 1542 3610 sua:
1569 3555 1814 3608 fabricata

1918 3389 2142 3445 prmsens
2184 3374 2446 3431 smculum,
2501 3370 2590 3422 sed
2619 3368 2899 3425 Christum,
2953 3364 3036 3431 qui
3076 3375 3168 3426 pro
3215 3360 3337 3427 ipsis
3393 3368 3448 3411 et

1920 3479 2011 3532 pro
2063 3460 2300 3516 ontnibus
2346 3465 2573 3511 mortuus
2621 3462 2726 3518 est,
2761 3464 2812 3506 et
2841 3450 3142 3505 resurrexit.
3175 3465 3193 3500 ι

1437 3690 1439 3692 ·
1501 3668 1722 3722 EDITIO
1763 3654 2238 3720 BOLLANDIANA.

299 3780 528 3847 potentia
558 3791 607 3833 et
638 3791 836 3846 tempus
880 3782 1156 3833 nativitatis
1197 3793 1302 3832 sum
1348 3775 1602 3844 praevidit,
1630 3783 1682 3826 et
1707 3788 1812 3825 ma-

297 3879 431 3922 trem
467 3883 557 3933 per
586 3883 738 3936 quam
771 3878 1071 3922 nasceretur
1098 3868 1272 3934 elegit.

371 3958 436 4008 Et
463 3956 521 4008 S.
561 3964 587 3992 ι
634 3957 871 4023 Eugeniae
901 3957 1128 4023 virginis.
1176 3956 1369 4008 Eodem
1413 3955 1494 4008 die
1541 3953 1710 4006 natale
1765 3951 1820 4005 S.

298 4046 618 4108 Anastasis;
670 4060 782 4112 qua:
829 4055 1060 4112 tempore
1105 4043 1407 4097 Diocletiani
1442 4044 1609 4108 primo
1654 4041 1819 4093 diram

297 4143 354 4187 et
381 4134 627 4186 immitem
655 4133 938 4186 custodiam
986 4149 1012 4185 a
1059 4135 1169 4185 viro
1225 4148 1318 4186 suo
1362 4132 1544 4184 Publio
1576 4142 1820 4197 perpessa

299 4233 402 4286 est,
435 4223 486 4274 in
512 4237 608 4286 qua
637 4233 804 4275 tamen
833 4236 861 4272 a
891 4229 915 4264 b
943 4220 1279 4289 Chrysogono
1310 4220 1607 4273 confessore
1633 4214 1824 4268 Christi

300 4309 519 4361 multum
566 4296 831 4361 consolata
870 4317 921 4361 et
949 4310 1234 4360 coniortata
1267 4317 1365 4360 est.
1413 4304 1612 4360 Deinde
1638 4320 1665 4356 a
1694 4317 1825 4369 pra:-

300 4397 437 4450 fecto
480 4396 656 4450 lllirici
697 4397 748 4447 in
776 4397 1077 4462 gravissima
1110 4411 1254 4463 teque
1293 4405 1344 4449 et
1373 4395 1564 4447 diutina
1593 4393 1825 4445 custodia

295 4497 555 4541 macerata
584 4497 663 4541 est
704 4487 996 4556 (fluctuque
1024 4488 1139 4554 A.),
1172 4487 1221 4538 in
1252 4501 1350 4552 qua
1387 4486 1590 4537 duobus
1623 4482 1821 4535 mensi-

296 4579 394 4630 bus
424 4577 612 4631 rel’ecta
642 4589 720 4630 est
757 4579 1060 4632 caelestibus
1087 4577 1224 4629 escis
1274 4590 1364 4640 per
1397 4575 1452 4628 S.
1496 4573 1818 4634 Theodoten,
1855 4587 1904 4645 ι)

294 4679 413 4731 qua:
451 4665 588 4732 prius
619 4666 914 4731 martyrium
947 4679 1097 4731 passa
1136 4674 1236 4716 est.
1272 4663 1466 4715 Deinde
1497 4663 1612 4713 navi
1655 4661 1820 4727 impo-

295 4751 394 4804 sita
421 4765 537 4803 cum
577 4751 812 4803 ducentis
846 4751 968 4802 viris
1017 4759 1072 4803 et
1120 4750 1456 4816 septingentis
1510 4745 1735 4807 feminis,
1770 4752 1824 4795 ut

295 4841 682 4907 demergeretur
721 4842 774 4894 in
802 4842 949 4903 mari,
982 4842 1174 4906 perlata
1213 4849 1288 4891 est
1338 4839 1401 4890 ad
1452 4837 1646 4890 insulas
1698 4834 1822 4887 Pal-

297 4929 507 4990 marias,
534 4930 618 4981 ubi
646 4944 735 4994 per
756 4944 939 4982 manus
964 4939 1015 4982 et
1039 4927 1195 4996 pedes
1219 4935 1432 4980 extensa
1456 4936 1557 4992 est,
1583 4925 1732 4992 ligata
1756 4921 1821 4974 ad

297 5016 443 5081 palos
469 5014 627 5082 ﬁxos,
654 5026 706 5070 et
730 5019 866 5069 circa
896 5017 1123 5070 medium
1145 5015 1260 5083 ejus
1287 5015 1416 5082 ignis
1447 5026 1694 5068 accensus
1723 5018 1824 5071 est,

1924 3771 1974 3820 in
2002 3781 2102 3833 quo
2133 3759 2433 3828 martyrium
2460 3751 2855 3810 consummavit,
2887 3758 2938 3802 et
2981 3759 3160 3801 omnes
3201 3743 3287 3811 qui
3329 3755 3443 3794 cum

1925 3861 2008 3913 illa
2039 3860 2285 3911 venerant
2313 3847 2464 3902 variis
2489 3842 2938 3898 interiectionibus
2966 3836 3265 3906 martyrium
3293 3833 3438 3885 cele-

1925 3951 2154 4003 brarunt.

1996 4035 2177 4087 Florus
2202 4031 2251 4082 in
2293 4029 2356 4081 A.
2398 4024 2458 4077 T.
2488 4022 2545 4075 L.
2581 4020 2862 4088 prmposuit
2895 4035 2905 4067 :
2937 4016 2991 4068 ln
3019 4015 3225 4068 Sirmio.

1997 4124 2080 4186 B.,
2111 4112 2611 4178 ConstantinOpolim
2634 4109 2688 4162 S.
2721 4104 2997 4161 Anastasii.

1997 4209 2083 4260 26.
2115 4204 2292 4256 -—V|l
2341 4202 2471 4255 Kac.
2503 4197 2685 4252 Natale
2739 4195 2794 4249 S.
2857 4191 3104 4258 Stephani
3167 4197 3449 4259 protomar-

1933 4310 2184 4440 lyrligiorus
2223 4384 2274 4436 in
2323 4381 2386 4434 A.
2435 4378 2498 4430 Τ.
2542 4376 2644 4430 L.:
2697 4374 2750 4426 In
2805 4370 2992 4436 Opptdo
3021 4363 3451 4437 Jeroselymitano

1929 4476 2046 4528 villa
2072 4466 2481 4539 Caphargamala
2511 4463 2681 4530 passio
2723 4460 2781 4514 S.
2814 4456 3082 4540 Stephani,
3125 4459 3208 4522 qui
3236 4455 3300 4506 ab
3323 4467 3450 4518 apo-

1926 4563 2070 4615 stolis
2096 4560 2248 4612 levita
2288 4549 2573 4613 crdinatus,
2603 4548 2668 4601 ob
2704 4547 3051 4600 testimonium
3081 4542 3273 4595 Christi
3308 4541 3439 4605 lapi-

1928 4653 2168 4707 dantibus
2191 4646 2384 4701 ludatis
2432 4643 2630 4711 primus
2683 4646 2797 4704 post
2845 4634 3198 4687 ascensionem
3247 4631 3447 4682 Domini

1931 4740 2176 4808 martyrio
2197 4739 2580 4789 consummatus
2606 4736 2686 4780 est
2722 4724 2796 4793 (Η
2803 4738 3012 4789 actisque
3038 4720 3146 4785 A.).
3177 4718 3265 4770 llic
3291 4717 3452 4770 oculos

1931 4804 2301 4894 vidit'apertos
2346 4829 2398 4874 et
2443 4818 2617 4870 Jesum
2665 4821 2884 4866 stantem
2933 4824 2961 4861 a
3010 4807 3201 4862 dextris
3246 4804 3453 4856 virtutis

1934 4922 2057 4983 Dei;
2085 4918 2165 4971 cui
2190 4915 2426 4982 spiritum
2465 4904 2856 4966 commendans,
2889 4909 2944 4954 et
2978 4915 3070 4967 pro
3113 4902 3451 4966 perseeutort-

1934 5012 2030 5064 bus
2051 5019 2292 5067 exorans,
2319 5003 2484 5055 imbre
2513 4995 2738 5066 lapidum
2761 4992 2994 5062 perfusus
3015 4987 3340 5067 obdormivit.

1634 5119 1835 5174 SMITH
1874 5116 2095 5172 NOTAE.

370 5237 396 5264 ⁸
436 5233 692 5302 Ευῃεηὶω.
745 5231 892 5302 Filiae
941 5229 1160 5302 Philippi
1218 5228 1447 5296 praefecti
1491 5226 1821 5302 Alexandrini

301 5294 540 5370 tempore
579 5301 796 5353 Gallieni
843 5294 1188 5370 imperatoris,
1218 5294 1332 5370 qua:
1374 5310 1645 5370 assumens
1678 5294 1826 5345 habi-

298 5366 638 5426 tum'virilem
660 5382 773 5429 cum
804 5368 960 5420 sociis
999 5367 1150 5419 Prata
1173 5377 1224 5419 et
1255 5366 1825 5434 Hyacintho_mona_ste-

299 5441 437 5493 riunt
467 5441 701 5505 ingressa
727 5445 825 5499 est,
853 5435 997 5505 cujus
1027 5429 1355 5505 posteagfac'ta
1384 5432 1662 5505 estabbas.
1691 5429 1820 5505 Post

299 5500 729 5575 plttrima'autem
775 5504 988 5575 insignia
1019 5500 1119 5575 sub
1162 5502 1360 5575 Nicetio
1405 5501 1545 5575 urbis
1578 5500 1820 5575 ιιι-Μέρτῑο

298 5564 388 5628 diu
412 5574 709 5642 agonizans,
753 5564 1032 5642 novissime
1073 5571 1245 5638 gladio
1287 5569 1513 5636 jugulala
1547 5576 1659 5642 est.
1689 5564 1822 5642 .Ejus

300 5647 425 5696 Acta
446 5633 708 5706 descripta
735 5655 763 5691 a
808 5633 1156 5705 Metaphraste
1196 5633 1399 5691 exstant
1426 5635 1558 5701 apud
1585 5633 1818 5706 Suriutn,

301 5724 430 5766 tom.
461 5709 541 5763 Vl.
577 5700 776 5763 Habent
826 5700 996 5763 tamen
1047 5707 1216 5774 aliqua
1264 5721 1377 5774 qua:
1424 5700 1639 5758 censura
1690 5700 1822 5752 itttli-

1929 5231 2104 5290 geant,
2137 5218 2292 5290 veluti
2333 5215 2478 5290 quod
2516 5212 2584 5266 ibi
2626 5209 2813 5290 legitur
2853 5203 3451 5290 del‘hilippohlittgeniin

1932 5273 2103 5358 Bina;
2134 5286 2296 5358 facto,
2332 5273 2386 5335 tit
2435 5283 2505 5334 ait
2549 5273 2749 5339 auctor,
2783 5277 3027 5358 episcppp
3077 5273 3451 5350 Alexandrino,

1930 5341 2248 5424 quod'plane
2285 5341 2638 5424 commentum
2682 5341 3060 5424 esse’Iahulae
3086 5341 3447 5424 episcoporum

1919 5406 2390 5479 Alexandrinorum
2426 5431 2541 5485 qua;
2588 5417 2653 5485 ab
2712 5412 2945 5485 Eusebio-
2989 5409 3038 5461 in
3084 5406 3277 5461 Chron.
3320 5417 3370 5458 et
3402 5409 3450 5457 in

1921 5495 2051 5548 llist.
2080 5481 2461 5546 describuntur,
2489 5483 2756 5536 manifeste
2782 5481 3065 5548 declarant.

1987 5540 2516 5627 itvChryse—9otto:die
2562 5551 2771 5627 hoc_qui
2819 5547 3137 5602 Anastasiam
3182 5542 3245 5594 ad
3290 5540 3441 5594 ﬁdem

1921 5619 2197 5690 convertit,
2232 5619 2347 5678 vide
2368 5620 2435 5673 2d
2463 5619 2711 5672 Novemb.
