3898 6366
1118 43 1703 54 ᾐ-ὴήῨὴ-νῖή

286 400 426 452 ηιξ»

1368 402 1552 454 SECT.
1602 404 1663 455 ll:
1700 433 1766 443 -——
1807 405 2338 458 MAIlTYROLOCIA.

3276 403 3403 457 1146

1520 513 1735 566 EDITIO
1773 516 2221 570 COLONIENSIS.

350 597 419 649 (ἶ.
454 595 516 651 lll
540 595 669 649 ΚΑι.
702 596 815 649 last.
856 624 922 635 —
965 596 1107 661 Apud
1139 597 1401 660 Spoletum
1434 600 1604 660 passio
1631 601 1791 651 sancti
1828 612 1871 668 Α
1896 604 2125 655 custodia
2152 609 2320 667 erant,
2353 604 2601 655 miserunt
2629 618 2682 655 se
2729 604 2791 653 ad
2842 602 2997 667 pedes
3024 601 3167 667 ejus,
3197 617 3408 655 numero

270 687 463 739 Sabini
516 688 766 753 episcopi,
814 688 1144 753 Exuperantii
1194 697 1245 739 et
1289 690 1514 741 Marcelli
1561 690 1804 743 diacono-

272 789 423 837 rum,
466 784 513 827 et
545 774 838 827 Venustiani
868 790 981 827 cum
1013 790 1168 828 uxore
1210 791 1268 830 ac
1316 777 1451 837 ﬁliis,
1504 779 1599 831 sub
1639 779 1802 831 Maxi-

272 867 463 920 miano
494 867 741 935 Augusto.
794 868 889 931 Qui
936 867 1118 919 beatus
1154 868 1374 921 Sabinus
1415 882 1532 924 cum
1576 879 1713 921 esset
1752 870 1802 921 in

272 956 528 1009 omnibus
552 955 740 1008 divinis
780 954 1199 1008 instructionibus
1226 956 1393 1007 clarus
1417 994 1431 1017 ,
1465 964 1633 1008 tentus
1660 956 1740 1007 est
1774 970 1803 1006 a

273 1043 514 1107 praside
544 1043 741 1094 Tuscia:
773 1042 1099 1104 Venustiauo,
1125 1055 1239 1092 cum
1271 1042 1473 1093 duobus
1500 1041 1804 1093 diaconibus

277 1130 646 1198 Exuperautio
668 1138 721 1185 et
747 1123 1007 1195 Marcello,
1033 1139 1085 1182 et
1112 1130 1284 1182 multis
1322 1129 1546 1181 clericis.
1572 1127 1666 1181 Cui
1700 1128 1799 1181 νε.

282 1222 567 1272 nustianus
593 1221 747 1271 deum
774 1218 950 1270 Jovem
980 1231 1149 1278 suum,
1180 1231 1331 1283 quem
1362 1216 1583 1268 habebat
1616 1216 1663 1266 in
1705 1229 1797 1266 cu-

274 1308 465 1361 biculo
491 1323 552 1360 ex
588 1308 754 1372 lapide
781 1308 912 1358 mire
961 1306 1251 1367 formatum,
1283 1304 1601 1357 vestimentis
1630 1302 1806 1355 aureis

272 1398 347 1449 ad
380 1397 696 1448 adorandum
723 1396 925 1448 obtulit.
959 1396 1117 1458 Quem
1156 1393 1338 1445 beatus
1364 1394 1588 1445 Sabinus
1616 1392 1665 1443 in
1699 1406 1807 1442 ma-

275 1485 439 1536 nibus
459 1493 744 1550 acceptum,
788 1484 918 1534 facta
946 1483 1183 1534 oratione
1210 1480 1454 1532 continuo
1479 1480 1615 1533 elisit
1641 1480 1691 1530 in
1720 1493 1808 1544 pa-

272 1573 534 1632 vimento,
565 1581 617 1623 et
644 1568 1093 1636 confregit.~Quod
1123 1567 1311 1619 factum
1334 1567 1512 1619 videns
1536 1565 1811 1618 Venustia-

275 1671 407 1718 nus,
453 1671 570 1709 cum
603 1654 774 1709 furore
815 1656 965 1722 jussit
993 1665 1049 1707 ut
1081 1655 1476 1719 prmcidercntur
1510 1653 1557 1705 ei
1599 1667 1800 1717 manus,

273 1752 337 1797 et
383 1744 435 1795 in
481 1754 755 1810 conspectu
802 1744 912 1808 ejus
958 1741 1249 1793 Marcellum
1300 1747 1353 1792 et
1394 1740 1802 1803 Exuperantiuzn

273 1830 505 1896 equuleo
532 1829 791 1896 suspendi,
815 1843 875 1880 ac
900 1828 1113 1881 fustibus
1135 1827 1281 1890 caedi,
1313 1836 1365 1879 et
1402 1828 1665 1893 unguibus
1698 1828 1807 1880 radi

1900 690 2154 749 undecim.
2208 699 2258 741 et
2300 690 2539 755 baptizati
2584 700 2724 741 sunt.
2771 690 2917 753 Quod
2957 704 3071 742 cum
3121 691 3407 741 nuntiatum

1900 787 2035 828 esset
2068 776 2381 829 Venustiano
2424 777 2651 842 praesidi,
2682 777 3008 829 indoluerant
3034 775 3169 828 oculi
3198 777 3325 843 ejus,
3359 786 3410 829 et

1901 880 2006 932 prze
2035 865 2211 917 dolore
2240 880 2405 930 neque
2430 866 2621 925 cibum,
2654 880 2817 930 neque
2847 864 3044 930 potura,
3079 879 3244 930 neque
3266 878 3409 916 som-

1901 966 2021 1004 num
2046 966 2229 1017 capere
2258 961 2471 1019 poterat,
2505 953 2744 1018 misitque
2771 967 2987 1004 uxorem
3012 966 3175 1017 suam,
3205 962 3258 1005 et
3280 946 3411 1005 du'os

1903 1041 2054 1104 ﬁlios,
2086 1050 2140 1093 ut
2187 1043 2499 1095 adducerent
2545 1045 2751 1094 beatum
2800 1044 3045 1096 Sabinum
3098 1045 3161 1097 ad
3203 1045 3411 1096 domum

1900 1129 2009 1194 ejus
2037 1130 2101 1181 de
2130 1144 2355 1182 carcere.
2402 1130 2681 1185 Adductus,
2713 1131 2886 1194 itaque
2936 1128 3212 1195 prostravit
3247 1144 3303 1182 se
3351 1130 3415 1182 ad

1903 1216 2061 1281 pedes
2100 1217 2210 1281 ejus
2257 1215 2597 1267 Venustianus
2626 1226 2742 1268 cum
2790 1215 2932 1277 ﬂetu,
2963 1231 3191 1277 uxorque
3226 1230 3288 1268 ac
3328 1215 3419 1270 lilii

1903 1312 2112 1368 agentes
2139 1302 2489 1366 pmnitentiam
2516 1340 2529 1361 ,
2562 1305 2631 1353 ετ·
2650 1311 2887 1367 rogantes
2924 1317 2980 1354 se
3007 1304 3271 1368 baptizari.
3305 1303 3415 1354 Mox

1905 1392 2190 1455 baptizatus
2232 1398 2286 1441 ut
2314 1390 2377 1442 de
2405 1389 2536 1455 pelvi
2585 1390 2783 1441 levatus
2817 1397 2917 1452 est,
2961 1389 3153 1442 nullum
3185 1390 3415 1441 dolorem

1904 1480 2065 1532 sensit
2094 1479 2418 1532 oculorum:
2475 1479 2760 1531 nuntiatum
2791 1487 2872 1530 est
2906 1486 3072 1531 autem
3118 1479 3214 1531 hoc
3256 1478 3418 1531 Maxi-

1905 1568 2111 1629 miano,
2160 1568 2243 1633 qui
2293 1568 2452 1618 iratus
2500 1569 2744 1633 praecepit
2793 1567 3034 1635 Sabinum
3076 1565 3330 1629 damnari,
3368 1577 3435 1639 et,

1906 1656 2074 1718 ipsum
2110 1654 2479 1707 Venustianum
2509 1656 2675 1721 capite
2720 1656 2967 1708 truncari.
2997 1654 3219 1707 Veniens
3253 1664 3421 1707 autem

1908 1742 2097 1795 Lucius
2134 1744 2391 1806 tribunus,
2438 1744 2551 1795 sine
2595 1742 2859 1796 auditione
2905 1743 3109 1795 beatum
3158 1743 3423 1795 Venustia-

1908 1845 2029 1892 num
2056 1844 2172 1882 cum
2201 1844 2364 1881 uxore
2390 1839 2440 1883 et
2468 1830 2582 1882 liliis
2608 1830 2827 1895 necavit,
2852 1831 2900 1882 in
2926 1830 3132 1883 civitate
3159 1830 3425 1892 Assisina;

275 1918 448 1971 latera
500 1933 704 1979 eorum,
735 1918 900 1983 ignem
943 1916 1098 1968 etiam
1128 1916 1366 1982 supponi.
1416 1917 1523 1968 Hoc
1560 1917 1698 1969 facto
1749 1918 1799 1969 in
1842 1903 1884 1959 Β
1912 1916 2155 1969 Sabinum
2187 1931 2307 1968 vero
2336 1918 2636 1982 episcopum
2666 1916 2876 1968 adduxit
2911 1916 2962 1968 in
3001 1917 3259 1968 civitatem
3297 1915 3425 1981 Spo-

272 2002 611 2056 confessione
660 2002 860 2055 Domini
914 2000 1497 2066 spiritum'emiserunt.
1552 2001 1799 2055 Sabinum

272 2105 406 2143 vero
440 2091 732 2157 episcopum
770 2090 917 2156 jussit
955 2089 1144 2142 retrudi
1174 2088 1224 2140 in
1251 2103 1537 2143 carcerem.
1575 2091 1805 2145 Audien-

276 2188 365 2231 tes
390 2186 563 2231 autem
599 2178 806 2244 quidam
838 2176 1064 2243 piscator
1086 2184 1137 2228 et
1162 2177 1454 2242 presbyter,
1486 2177 1808 2243 collegerunt

275 2279 502 2330 corpora
532 2273 827 2317 sanctorum
847 2302 863 2327 ,
892 2273 940 2316 et
972 2263 1447 2329 sepelieruntjuxta
1476 2262 1609 2313 viam
1644 2263 1806 2329 pridie

275 2350 539 2404 Kalendas
587 2351 837 2404 Januarii.
894 2350 1084 2403 Serena
1130 2363 1256 2401 vero
1309 2348 1596 2401 Christiana
1656 2349 1805 2401 vidua

274 2453 456 2491 curam
488 2438 681 2491 habena
706 2435 868 2491 sancti
892 2435 1067 2489 Sabini
1097 2434 1350 2501 episcopi,
1379 2434 1591 2486 adduxit
1621 2434 1670 2485 in
1691 2448 1806 2487 caro

274 2538 455 2576 cerem
496 2534 734 2589 nepotem
776 2536 924 2573 suum
972 2521 1286 2573 Priscianum
1315 2558 1329 2582 ,
1361 2521 1448 2587 qui
1479 2529 1591 2572 erat
1618 2516 1805 2572 caecus.

275 2611 425 2664 Tunc
450 2619 658 2663 sanctus
702 2610 923 2663 Sabinus
967 2619 1172 2661 truncas
1211 2622 1393 2660 manus
1436 2622 1592 2675 super
1632 2610 1807 2661 oculos

273 2699 394 2767 ejus
421 2694 626 2767 posuit;
657 2710 705 2752 et
733 2697 1059 2751 illuminavit.
1108 2696 1354 2750 Videntes
1407 2706 1577 2749 autem
1616 2697 1704 2762 qui
1754 2696 1805 2749 in

1905 2005 2081 2066 letum,
2146 2012 2198 2056 et
2244 2004 2417 2056 tandiu
2467 2004 2710 2070 pracepit
2760 2004 2906 2063 medi,
2956 2003 3121 2055 donec
3162 2002 3424 2055 deﬁceret.

1905 2089 2062 2156 Cujus
2092 2103 2281 2156 corpus
2305 2088 2512 2156 collegit
2535 2090 2846 2143 venerabilis
2875 2089 3087 2152 Sereno,
3112 2104 3226 2157 qua
3244 2104 3425 2141 manus

1906 2177 2017 2243 ejus
2069 2176 2118 2227 in
2160 2177 2301 2229 dolio
2330 2176 2493 2229 vitreo
2534 2191 2651 2229 cum
2689 2176 3005 2228 aromatibus
3030 2176 3347 2239 condiverat,
3376 2185 3427 2228 et
3504 2224 3509 2226 .

1907 2264 2037 2315 intra
2063 2263 2273 2316 domum
2299 2277 2447 2315 suam
2475 2273 2733 2328 posuerat,
2776 2263 3107 2329 sepelivitque
3135 2277 3254 2315 eum
3297 2277 3323 2313 a
3354 2262 3427 2314 ci-

1910 2352 2069 2404 vitate
2110 2351 2385 2418 Spoletana
2416 2352 2655 2405 tnilliario
2698 2353 2810 2417 plus
2840 2353 3008 2404 minus
3037 2367 3158 2413 uno,
3199 2352 3295 2404 sub
3336 2353 3424 2405 die

1896 2438 2128 2505 septimo
2161 2439 2275 2491 ldus
2320 2438 2640 2491 Decembris.
2688 2422 2959 2491 Festivitas
3010 2447 3179 2491 tamen
3224 2437 3335 2505 ejus
3375 2446 3426 2490 et

1912 2539 2064 2588 sopra
2093 2512 2471 2576 nominatoruui
2524 2532 2827 2597 martyrum,
2861 2524 3013 2577 tertio
3057 2523 3311 2577 Kalendas
3338 2522 3425 2575 Ja-

1914 2614 2075 2665 nuarii
2100 2614 2275 2678 agitur.
2456 2676 2461 2678 _
2551 2596 2565 2600 δ

1511 2787 1736 2839 Εῡιτιυ
1778 2782 2271 2840 ΒοιιΑΝυιΑΝΑ.

283 2879 553 2940 llonarati,
583 2877 775 2941 Saturi,
806 2879 1005 2932 Felicis.
1038 2877 1119 2938 L..
1150 2880 1213 2931 Et
1242 2880 1409 2944 passio
1436 2879 1491 2933 S.
1530 2889 1553 2915 ι
1585 2878 1800 2931 Thomas

280 2947 654 3011 art-hiepiscom
701 2958 753 2999 et
802 2946 1039 3014 martyris
1079 2947 1479 2999 Cantuariensis.
1512 2948 1590 3008 D.,
1627 2950 1799 2998 tinnire

284 3015 473 3065 Felicis
513 3025 566 3065 et
609 3015 851 3065 Bonifatii
880 3017 1104 3078 episcopi
1135 3016 1199 3065 de
1226 3017 1569 3067 ordinatione.
1599 3017 1649 3065 in
1681 3028 1807 3076 pago

283 3083 570 3133 Oxomense
615 3081 764 3134 Otico
811 3082 1122 3135 monasterio
1171 3082 1426 3148 depositio
1466 3081 1523 3137 S.
1554 3084 1580 3122 δ
1610 3082 1802 3134 Ebrulﬂ

282 3149 608 3202 confessoris.

347 3235 434 3287 30.
466 3264 532 3274 -
561 3236 624 3287 ιιι
654 3236 781 3289 ΚΑΙ..
810 3236 969 3290 Vacat
994 3238 1163 3293 Bmda.

347 3314 531 3368 Florus
573 3317 623 3368 in
666 3319 727 3369 A.
779 3317 837 3369 Τ.
891 3318 947 3371 L.
983 3359 994 3370 .
1045 3320 1265 3372 Turonis
1304 3318 1512 3371 civitate
1557 3317 1808 3381 depositio

281 3408 303 3435 ε
328 3401 562 3468 Perpetui
595 3404 821 3469 episcopi
850 3414 901 3457 et
922 3405 1232 3457 confessoris
1264 3421 1276 3455 :
1313 3406 1398 3470 qui
1429 3403 1668 3470 religioso
1700 3417 1806 3454 ma-

278 3504 479 3557 gnoque
505 3497 626 3544 voto
650 3505 835 3557 corpus
861 3492 918 3543 Β.
949 3492 1151 3544 Martini
1178 3506 1471 3551 removens.
1523 3482 1802 3558 angelicam

1911 2877 2250 2930 visitationem
2279 2876 2572 2943 promeruit.

1977 2965 2062 3025 D.,
2097 2965 2240 3028 Apud
2266 2966 2529 3031 Spoletum
2561 2964 2731 3027 passio
2755 2964 2808 3016 S.
2842 2973 2868 3009 ἀ
2892 2964 3065 3017 Sabini
3096 2965 3343 3029 episcopi,
3373 2976 3427 3021 et

1914 3034 2224 3098 Exuperanti
2269 3041 2321 3084 et
2373 3031 2593 3083 Marcelli
2638 3032 2996 3090 diaconorum,
3040 3041 3093 3082 et
3132 3031 3423 3087 Venustiaui

1909 3116 2026 3153 cum
2057 3114 2214 3151 uxore
2243 3110 2292 3151 et
2325 3100 2439 3151 tiliis
2466 3099 2564 3151 sub
2605 3100 2906 3167 Maximiano
2946 3103 3192 3167 Augusm.
3238 3101 3295 3152 V.
3339 3101 3422 3166 'l’.,

1911 3170 1963 3220 ln
1994 3167 2298 3219 Alexandria
2332 3168 2573 3219 Mansueti
2612 3166 2906 3232 (ﬂuensque
2934 3167 2994 3219 Τ.
3020 3177 3064 3218 et
3091 3166 3193 3234 8.),
3226 3170 3423 3231 Severi,

1911 3236 2127 3298 Appiani
2159 3234 2383 3301 [Securi,
2414 3234 2643 3303 Apanis],
2680 3237 2878 3293 Donati,
2906 3235 3131 3297 Honorii,
3169 3238 3247 3297 D.,
3281 3236 3424 3289 Pole-

1910 3304 2026 3355 disi.
2076 3303 2127 3353 In
2161 3304 2378 3354 “Insula
2432 3304 2487 3354 S.
2544 3302 2809 3361 Flereutii.
2854 3303 3053 3365 Sereni,
3103 3302 3266 3365 Pauli,
3311 3305 3427 3355 Ste-

1914 3370 2088 3435 phani,
2138 3368 2365 3438 Papiani,
2413 3369 2752 3438 Cleteogenis.
2801 3368 3021 3422 Turonis
3049 3371 3283 3436 Perpetui
3319 3374 3427 3438 epi-

1910 3439 2049 3504 scOpi
2074 3445 2126 3490 et
2145 3435 2473 3489 confessoris.

1639 3582 1837 3637 SMITH
1878 3583 2094 3639 ΝΟΤΑΞ.

346 3673 371 3701 ⁸
401 3667 622 3719 Thomce.
652 3664 1004 3732 Cognomento
1051 3667 1237 3720 Becket
1282 3676 1435 3734 gente
1483 3669 1649 3732 Angli,
1679 3671 1802 3721 civi-

280 3747 381 3789 tate
410 3735 778 3788 Londinensis.
818 3734 932 3785 Fuit
958 3737 1133 3799 primis
1166 3737 1447 3787 litterarum
1478 3736 1744 3789 elementis
1774 3755 1801 3787 a

279 3807 448 3865 priore
490 3804 795 3854 Mertonensi
843 3804 1088 3863 imbutus,
1136 3804 1353 3866 primum
1399 3805 1609 3864 ()xouii,
1672 3807 1790 3857 dein

280 3873 491 3924 Lutetizv
514 3871 725 3921 studuit.
752 3870 804 3920 In
832 3872 1068 3933 Angliam
1099 3886 1335 3922 reversus
1360 3872 1492 3923 inter
1514 3872 1796 3925 Theobaldi

276 3938 648 4003 archiepiscopi
671 3937 1051 3988 Can'uariensis
1073 3938 1382 3989 domesticos
1401 3950 1667 4001 cooptatus
1688 3950 1796 4000 est;

277 4009 343 4059 ab
384 4005 769 4068 archiepiscopo
800 4004 1078 4055 Bononiam
1130 4021 1245 4056 mox
1288 4007 1605 4067 amendatos,
1640 4018 1691 4059 ut
1732 4008 1800 4061 ibi

275 4073 403 4139 juris
446 4071 680 4124 canonici
724 4073 988 4123 scientiam
1035 4072 1308 4125 edisceret.
1345 4074 1529 4125 lterum
1563 4087 1800 4127 reversus

278 4141 694 4195 archidiaconatu
740 4140 1132 4199 Cantuariensi,
1167 4143 1499 4204 praepositum
1552 4142 1801 4194 Beverla-

276 4208 438 4269 censi,
486 4208 719 4258 rectoriis
765 4210 829 4258 de
881 4208 1151 4259 Bromiield
1192 4218 1244 4259 et
1292 4222 1465 4261 monte
1510 4210 1564 4262 S.
1605 4211 1795 4271 Mariae,

280 4272 565 4340 praebendis
594 4276 713 4324 item
763 4275 980 4336 duabus,
1029 4290 1123 4326 una
1178 4276 1405 4337 Paulina,
1452 4277 1797 4331 Lincolnivnsi

259 4345 479 4405 'altera,
528 4341 764 4393 donatur.
812 4342 926 4394 Mox
974 4344 1022 4393 in
1071 4344 1239 4393 aulam
1286 4346 1513 4406 ascitus,
1563 4360 1795 4398 summus

1910 3670 2029 3722 560.
2084 3670 2145 3720 Et
2190 3685 2255 3721 xv
2301 3668 2395 3721 alia
2435 3666 2741 3720 monasteria
2780 3666 3005 3718 virorum
3044 3682 3131 3718 seu
3158 3667 3424 3719 mulierum

1910 3736 2209 3795 regulariter
2256 3736 2495 3797 instituit,
2544 3750 2759 3800 quorum
2806 3735 3007 3800 nomina
3058 3735 3335 3799 perierunt.
3373 3734 3422 3784 ltt

1905 3805 2096 3871 duplici
2124 3802 2382 3856 Chronico
2421 3816 2520 3853 ms.
2564 3799 2868 3871 monasterii
2897 3799 3167 3871 Uticensis,
3196 3801 3339 3871 quod
3353 3801 3424 3871 _S.

1909 3867 2100 3925 Ehrulli
2150 3872 2299 3924 modo
2328 3873 2635 3937 appellatur,
2670 3867 3042 3937 natusulegitur
3087 3870 3144 3924 S.
3189 3867 3426 3937 Ebrullus

1905 3955 2041 3992 anno
2067 3941 2188 4000 517,
2219 3934 2448 3992 mortuus
2480 3953 2602 3991 vero
2630 3952 2762 3988 anno
2799 3934 3215 3990 596IConseutit
3238 3936 3427 3990 Guliel-

1904 4022 2016 4059 mus
2061 4007 2502 4064 Gemmeticensis.
2556 4006 2642 4056 lib.
2694 4019 2783 4064 νη,
2833 4018 2880 4056 c.
2933 4004 3019 4065 25,
3072 4005 3149 4056 his
3194 4004 3362 4056 verbis
3409 4020 3425 4055 :

1907 4092 1924 4122 t
1958 4078 2105 4126 Anno
2133 4077 2198 4125 ab
2224 4070 2579 4126 lncarn'atioue
2606 4072 2800 4123 Domini
2825 4070 2949 4131 596,
2973 4072 3139 4123 artatis
3169 4086 3291 4124 vero
3318 4086 3426 4122 sua:

1900 4141 1984 4203 80,
2040 4142 2297 4194 residente
2350 4142 2400 4192 in
2447 4140 2570 4193 sede
2612 4139 2888 4201 aposmlica
2936 4137 3185 4204 Gregorio
3226 4146 3426 4189 summo

1899 4212 2112 4263 doctore
2140 4219 2193 4261 et.
2222 4209 2501 4272 Anglorum
2527 4205 2827 4272 apostolico,
2862 4205 2918 4256 Β.
2948 4206 3186 4258 Ebrnllus
3222 4220 3271 4258 tv
3309 4206 3421 4258 Kal.

1898 4276 2013 4329 Jan.
2046 4293 2107 4330 ex
2140 4278 2235 4330 hac
2278 4277 2380 4329 vita
2428 4275 2682 4344 migravit.
2720 4291 2739 4324 ι
2774 4274 2897 4326 Vide
2924 4274 3199 4327 Mabillonii
3233 4287 3353 4327 acc.
3383 4286 3424 4341 ι,

1901 4350 2014 4398 Act.
2049 4347 2173 4400 Ben.

278 4393 479 4478 Anglia;
512 4393 855 4481 canceltarius
889 4418 1093 4481 creatus
1131 4419 1243 4481 est;
1287 4393 1793 4476 et'povs't'Theobaldi
1830 4393 1876 4449 D
1902 4393 2279 4481 ’έ-Ιῖεῖῥὶηιὶ.
2309 4412 2381 4465 De
2405 4425 2467 4481 eo
2496 4411 2630 4474 vide,
2661 4424 2836 4481 supra,
2863 4409 2951 4481 die
2985 4410 3018 4469 8
3044 4398 3270 4481 Aprilis.
3298 4410 3422 4475 Quis

279 4476 491 4530 mortem
535 4477 598 4528 ad
648 4476 889 4528 thronum
935 4476 1352 4529 Cantuariensem
1399 4488 1608 4531 evectus
1659 4496 1795 4535 anno

281 4546 427 4607 “62,
458 4546 568 4606 ipso
596 4543 678 4595 die
710 4543 1039 4595 Pentecostes
1064 4557 1391 4598 consecratus
1419 4558 1497 4599 est
1522 4564 1534 4609 ;
1566 4564 1681 4600 cum
1707 4564 1797 4599 au-

280 4623 373 4682 tem
418 4612 607 4678 aliquot
654 4625 816 4662 annos
860 4614 1054 4682 regium
1098 4612 1420 4682 jusgclerum
1461 4616 1793 4682 Anglicanam

275 4679 412 4748 juxta
457 4681 693 4748 antiquas
741 4678 882 4743 regni
925 4680 1324 4732 consuetudines
1354 4678 1594 4746 puniendi
1634 4699 1797 4748 oppu-

277 4746 498 4814 gnasset,
526 4754 579 4799 et
601 4746 707 4811 jam
750 4748 856 4811 regi
901 4760 1161 4813 regnoque
1188 4748 1354 4811 gravis
1384 4748 1547 4801 factus
1576 4746 1734 4813 essét,
1766 4766 1795 4804 a

278 4814 572 4868 satellitibus
598 4822 814 4883 quatuor
841 4814 1010 4880 regiis,
1042 4815 1236 4879 injussu
1266 4824 1433 4883 tamen
1464 4818 1630 4883 regio,
1659 4817 1790 4871 Cau-

281 4884 452 4935 tuariae
479 4882 773 4933 interfectus
800 4890 900 4943 est,
949 4890 1168 4934 exeunte
1205 4896 1337 4932 anno
1387 4882 1541 4938 H70.
1580 4884 1797 4939 Exstant

279 4951 383 5016 ejus
413 4949 745 5012 epistularum
774 4948 889 5016 libri
913 4963 983 5011 vt,
1006 4966 1031 4998 a
1059 4950 1257 5001 Joanne
1278 4950 1644 5005 Sarisberiensi
1670 4956 1791 5006 olim

278 5015 469 5070 collecti
499 5024 551 5083 et
577 5016 780 5081 digesti,
810 5015 1043 5069 admistis
1072 5019 1223 5069 etiam
1254 5020 1639 5083 quamplurimis
1664 5022 1794 5073 alio-

278 5101 382 5136 rum
431 5085 492 5136 ad
542 5082 789 5134 Thomam
835 5091 888 5134 et
933 5084 999 5135 de
1040 5098 1102 5136 eo
1143 5086 1390 5147 epistolis.
1420 5086 1792 5142 Collectionem

280 5152 417 5221 istam
448 5153 497 5203 in
529 5152 692 5201 lucem
723 5150 995 5215 protraxit,
1025 5161 1075 5203 et
1102 5167 1198 5204 una
1226 5166 1340 5221 cum
1369 5154 1676 5221 Quadrilogo
1699 5170 1793 5209 seu

284 5219 382 5270 Vita
427 5221 640 5271 Thomas
685 5231 750 5268 ex
794 5226 1011 5283 quatuor
1052 5220 1346 5272 auctoribus
1383 5223 1507 5273 olim
1548 5219 1790 5277 contexta

277 5288 349 5341 edi
379 5288 573 5338 curavit
594 5285 915 5338 Christianus
941 5285 1116 5351 Lupus
1146 5288 1411 5341 Bruxellis.

338 5359 363 5397 b
393 5352 609 5422 Ebrulﬁ.
658 5353 757 5422 ilic
792 5354 946 5406 nobili
992 5364 1135 5406 ortus
1173 5357 1429 5421 prosapia,
1462 5355 1791 5422 Bajocassina

280 5422 396 5473 urbe
418 5421 662 5472 oriundus
696 5421 807 5479 fuit,
833 5435 967 5472 anno
992 5422 1091 5472 517
1115 5432 1279 5474 natus.
1313 5421 1605 5476 Amicorum
1636 5441 1789 5479 suasu

282 5504 483 5542 uxorem
514 5487 691 5548 duxit;
722 5502 819 5551 qua
848 5498 1023 5553 postea
1048 5491 1233 5549 velata,
1263 5490 1313 5541 in
1336 5494 1701 5544 monasterium
1733 5509 1789 5547 se

281 5556 627 5629 recepit,_inde
663 5555 726 5629 in_
748 5570 977 5629 ereptum
999 5557 1348 5629 psitttensem
1377 5572 1466 5629 seu
1498 5559 1788 5612 Uticensem

283 5640 383 5679 cum
416 5625 577 5678 tribus
606 5623 776 5686 sociis,
808 5624 891 5677 ubi
935 5626 1091 5679 cellas
1116 5628 1397 5681 construxit
1424 5628 1557 5683 circa
1595 5633 1785 5684 annum

1897 4480 2008 4535 dies
2052 4478 2408 4544 S.'Perpetuo
2437 4478 2590 4532 fuerit
2634 4478 2820 4530 natalis
2861 4478 3107 4544 incertum
3132 4486 3229 4529 est.
3255 4478 3307 4529 In
3338 4482 3423 4529 vei-

1896 4550 2197 4617 tustioribus
2226 4543 2351 4617 vero
2374 4548 2751 4617 ntartyrologiis
2780 4555 2990 4617 n0t_atur_
3008 4543 3344 4617 30_Decemb.

1970 4621 1996 4658 ά
2024 4616 2215 4670 Sabini.
2253 4612 2597 4669 Venustianus
2626 4612 2813 4679 praeses
2839 4613 3041 4665 Tusciae
3083 4612 3199 4663 huic
3240 4626 3421 4665 manus

1898 4685 2105 4749 praecidi
2146 4683 2332 4750 jussit;
2364 4698 2423 4735 ac
2443 4685 2594 4752 etiam
2622 4682 2928 4752 Marcellum
2944 4691 2993 4733 et
3016 4680 3418 4752 Exoperantium

1897 4748 1945 4802 in
1973 4748 2191 4817 equuleo
2237 4752 2501 4815 suspendi,
2531 4748 2747 4802 fustibus
2790 4748 3013 4814 graviter
3040 4748 3279 4817 inuitari,
3304 4762 3420 4817 _un—

1894 4814 2076 4886 guibus
2100 4820 2299 4883 abradi,
2330 4814 2489 4871 latera
2527 4819 2794 4886 exustiene
2827 4816 2994 4886 assari
3023 4814 3189 4886 donec
3215 4814 3418 4886 emitte-

1892 4880 2011 4938 rent
2034 4880 2295 4952 spiritum,
2319 4896 2370 4938 et
2396 4900 2610 4953 corpora
2640 4887 2689 4937 in
2718 4884 2927 4935 ﬂuvium
2957 4882 3292 4953 praecipitari;
3317 4880 3417 4953 ξι-

1891 4953 2041 5007 binus
2067 4950 2239 5008 autem
2272 4954 2462 5007 tadum
2491 4950 2552 5005 in
2581 4966 2840 5005 carcerem
2881 4950 3145 5016 conjectus
3180 4957 3278 5003 est.
3321 4950 3416 5002 Ve-

1892 5023 2161 5075 nustianus
2183 5032 2353 5075 autem
2379 5035 2566 5086 praises
2588 5022 2857 5071 oculorum
2878 5019 3055 5070 dolore
3073 5027 3270 5081 captus,
3294 5030 3414 5069 eum

1892 5091 2178 5143 remedium
2220 5092 2449 5142 invenire
2468 5089 2810 5155 nequivisset,
2837 5101 2865 5137 a
2890 5086 3081 5155 Sabino
3108 5098 3225 5136 cum
3254 5099 3415 5155 uxore

1852 5202 1853 5205 η
1890 5164 1942 5207 et
1971 5158 2090 5211 ﬁliis
2120 5158 2403 5222 baptizatus
2431 5146 2532 5221 eis,
2559 5146 2611 5207 et
2658 5146 2828 5207 statim
2874 5162 2974 5222 est»
3002 5152 3203 5222 fugatus
3244 5153 3414 5204 omnia

1888 5225 2155 5277 oculorum
2181 5220 2349 5277 dolor.
2377 5225 2505 5289 Qua
2522 5220 2743 5275 audiens
2774 5220 3129 5283 Maximianus,
3163 5220 3316 5289 jussit
3356 5230 3410 5271 ut

1887 5291 2078 5344 Lucius
2106 5292 2338 5345 tribunus
2372 5291 2735 5345 Venustianum
2762 5303 2879 5341 cum
2911 5304 3068 5341 uxore
3106 5298 3157 5341 et
3188 5288 3305 5339 liliis
3324 5302 3411 5338 ca-

1889 5358 1991 5424 pite
2043 5369 2331 5423 truncaret,
2386 5370 2619 5415 sanctum
2667 5373 2790 5429 vero
2835 5358 3083 5429 Sabinum
3132 5353 3408 5429 plumbatis

1892 5442 2052 5493 usque
2072 5430 2133 5479 ad
2156 5437 2370 5480 mortem
2398 5430 2639 5480 caederet.
2667 5425 2824 5495 Cujus
2850 5438 3035 5493 corpus
3054 5426 3245 5481 Serene
3264 5425 3409 5490 juxta

1887 5495 2151 5563 Spoletum
2177 5495 2431 5560 sepelivit.
2463 5497 2589 5548 A00.

1962 5566 1982 5592 ε
2015 5562 2211 5616 Insula.
2242 5564 2355 5627 Dia,
2387 5578 2462 5616 sc.
