3898 6342
783 522 884 573 DE
946 517 1183 571 LUCIS
1236 519 1339 570 SS.
1409 516 1861 569 MARTYRUM

830 620 941 665 ουιε
978 619 1103 655 ευητ
1140 618 1282 654 FOBIS
1318 617 1567 656 CIVITATIS
1604 617 1775 654 BOIE.

628 694 851 747 Primum
883 694 1060 744 Petrus
1090 693 1138 740 in
1164 699 1305 753 parte
1342 688 1639 739 occidentali
1669 686 1892 739 civitatis
1918 687 2060 751 juxta

561 764 692 813 viam
737 759 1021 812 Corneliam
1066 759 1127 807 ad
1172 756 1459 807 milliarium
1497 756 1708 819 primum
1757 756 1806 805 in
1851 767 2063 815 corpore

563 828 870 893 requiescit,
920 835 972 877 et
1019 824 1319 893 pontiﬁcalis
1369 826 1533 893 ordo,
1588 829 1800 893 excepto
1852 833 2064 893 numero

563 886 740 957 pauco,
776 894 822 944 in
852 886 1029 945 eodem
1062 892 1173 940 loco
1202 892 1248 941 in
1278 891 1465 941 tumhis
1508 889 1723 957 propriis
1767 886 2055 957 requiescit.

563 953 631 1012 ibi
673 953 873 1025 quoque
908 957 1051 1024 juxta
1092 960 1320 1025 eamdem
1358 957 1490 1006 viam
1521 956 1669 1006 sedes
1695 963 1774 1025 est
1809 953 2065 1017 apostolo-

560 1022 710 1089 rum';
757 1022 809 1078 et
862 1022 1031 1077 mensa
1081 1034 1133 1075 et
1176 1023 1430 1089 recubitus
1475 1036 1652 1073 eorum
1703 1022 1767 1071 de
1812 1033 2064 1089 marmore

564 1086 877 1158 facta'usque
906 1093 1051 1143 hodie
1079 1098 1342 1158 apparent.
1370 1088 1537 1158 Mensa
1561 1100 1799 1158 quoque,
1822 1086 1971 1158 modo
1994 1086 2064 1136 al-

562 1170 691 1223 tare,
720 1152 867 1225 quam
916 1158 1093 1209 Petrus
1118 1152 1370 1225 manibus
1407 1154 1692 1225 suisnfecit,
1738 1152 1920 1225 ibidem
1951 1162 2061 1213 est;

560 1219 976 1295 juxta'eatndem
1015 1236 1215 1295 quoque
1245 1221 1693 1295 _viam_S._Bu_iina
1719 1257 1733 1280 ,
1774 1219 1833 1295 SA.
1870 1220 2063 1295 Secun-

563 1286 627 1346 da
652 1336 664 1359 ,
706 1294 763 1345 S.
807 1294 956 1343 Maria
985 1332 996 1351 ,
1032 1286 1090 1341 8.
1134 1289 1317 1359 Marius
1341 1330 1355 1351 ,
1386 1289 1439 1339 8.
1480 1287 1705 1359 ᾼηψθω
1730 1325 1744 1347 ,
1782 1286 1865 1359 _S._
1891 1286 2066 1359 Alida:

565 1352 663 1413 [δι’
698 1370 750 1412 et
794 1360 876 1409 alii
917 1372 1064 1422 quam
1110 1356 1305 1420 plurimi
1347 1355 1506 1422 sancti
1547 1353 1741 1422 jacent._
1782 1352 1899 1422 Inde
1934 1353 2065 1422 h_aud

565 1429 742 1493 procul
770 1429 815 1478 in
846 1420 1045 1477 sinistra
1075 1422 1412 1493 manu,__jux_ta
1438 1421 1569 1493 viam
1594 1420 1847 1493 Aureliam
1872 1420 2068 1493 S._Pro-

564 1486 756 1553 cessus,
808 1494 863 1544 8.
910 1492 1199 1549 Martianus,
1241 1490 1294 1539 8.
1342 1488 1657 1548 Pancratius,
1704 1487 1758 1539 8.
1804 1486 2063 1547 Paulinus,

567 1564 623 1616 8.
656 1562 963 1617 Artliemius.
996 1561 1052 1609 S.
1085 1556 1244 1615 Felix,
1273 1555 1327 1606 S.
1356 1556 1589 1616 Calistus,
1621 1555 1673 1606 S.
1705 1554 1923 1616 Calopus
1951 1567 2067 1605 cum

567 1630 740 1682 multis
769 1628 948 1689 δμῃυιιί
974 1625 1160 1690 jacettl.
1202 1622 1353 1674 Juxta
1386 1622 1517 1672 viam
1558 1635 1677 1674 vero
1716 1623 2067 1690 Portuensem,

566 1712 680 1761 quae
705 1704 757 1746 et
780 1687 887 1761 ipsa
919 1687 1297 1761 in'occiilentali
1334 1690 1727 1761 civitatisparle
1753 1696 1851 1761 est,
1970 1687 2071 1761 ﬁb-

567 1751 667 1815 dnn
692 1770 745 1813 et
769 1751 825 1813 S'.
852 1760 1067 1817 Sennes,
1096 1756 1151 1807 S.
1198 1756 1345 1806 Milex
1383 1763 1434 1805 et
1461 1755 1516 1807 S.
1548 1754 1855 1817 Vincentius,
1888 1755 1941 1804 8.
1970 1751 2067 1801 Po-

572 1832 693 1888 lion,
724 1828 778 1881 S.
807 1827 988 1887 Julius,
1017 1826 1069 1875 8.
1103 1824 1345 1889 Pymenn,
1384 1820 1439 1872 S.
1483 1821 1645 1889 Felix,
1674 1818 2066 1889 S._Simplicius,

569 1898 623 1952 8,
672 1894 959 1951 Faustinus,
1003 1892 1063 1943 S.
1118 1887 1358 1941 Beatricis
1403 1888 1679 1939 dormiunt.
1727 1887 1781 1939 In
1814 1898 1954 1951 parte
1982 1900 2076 1937 au-

570 1963 709 2015 strali
740 1961 958 2013 civitatis
981 1958 1123 2025 juxta
1144 1960 1276 2025 yiam
1298 1957 1582 2025 OStiensem
1610 1954 1795 2007 Paulus
1814 1954 2078 2020 apostolus

571 2025 786 2095 corpore
832 2022 1009 2095 pausat
1048 2024 1433 2095 et__'l‘imotheus
1470 2022 1747 2095 episcopus
1776 2030 1828 2095 et
1864 2028 2077 2095 martyr,

573 2099 638 2147 de
665 2087 764 2161 quo
806 2087 1038 2161 meminit
1084 2090 1209 2161 liber
1249 2088 1506 2161 Silvestri,
1548 2088 1736 2161 ibidem
1766 2087 2001 2161 dormit;
2032 2095 2084 2135 et.

572 2152 693 2214 ante
740 2162 955 2211 frontem
994 2156 1239 2223 ejusdem
1267 2156 1497 2223 basilicae
1523 2156 1802 2223 oratorium
1845 2160 1926 2223 est
1969 2152 2083 2223 Ste-

572 2229 725 2297 phani
754 2219 1200 2297 martyristapis
1228 2222 1317 2297 ibi.
1347 2236 1447 2297 quo
1476 2220 1841 2297 _lapidat_us-est
1863 2219 2083 2297 Stepha-

576 2287 692 2357 ims,
712 2308 865 2357 super
889 2287 1051 2342 altare
1077 2300 1153 2342 est
1178 2288 1521 2354 positus.lnde
1540 2289 1679 2357 haud
1705 2287 1945 2357 proculin
1970 2300 2080 2337 nte-

579 2355 1163 2414 ridiem’monasterium
1209 2366 1287 2407 est
1335 2360 1491 2421 Aqua:
1533 2355 1751 2414 Salviae,
1801 2355 1901 2421 ubi;
1933 2362 2084 2417 caput

574 2432 630 2483 8.
661 2426 915 2480 Anastasii
943 2434 1041 2483 est.
1071 2436 1117 2475 et
1150 2423 1293 2473 locus
1317 2419 1405 2473 ubi
1438 2420 1719 2473 decollatus
1758 2429 1835 2472 est
1882 2419 2081 2470 Paulus.

583 2499 745 2559 Pmpe
771 2506 974 2559 quoque
1005 2490 1225 2559 basilicae
1254 2488 1393 2559 Pa_uli
1435 2488 1650 2559 ecclesia
1694 2487 1744 2559 S_.
1791 2486 2080 2559 Teclae_es_t,

578 2563 662 2616 tibi
688 2553 815 2625 'ipsa
858 2553 1070 2625 corpore
1103 2555 1281 2625 j_acet._
1306 2554 1369 2604 Et
1406 2567 1507 2625 non
1547 2554 1694 2621 longe
1727 2553 1843 2605 inde
1869 2553 2085 2625 ecclesia

579 2632 635 2683 8.
666 2619 843 2679 Felicis
885 2619 983 2685 est,
1012 2619 1231 2688 ubilipse
1254 2622 1457 2679 dormit,
1488 2634 1599 2671 cum
1641 2619 1767 2685 quo,
1798 2620 1999 2686 quando
2024 2619 2085 2670 ad

581 2696 766 2747 caelum
811 2692 1082 2757 migravit,
1130 2688 1662 2757 pariterrpmperabat
1711 2689 1988 2757 Adauctus,
2037 2696 2088 2739 et

580 2764 733 2812 ambo
761 2754 1084 2823 requiescunt
1126 2759 1175 2806 in
1213 2770 1311 2805 uno
1342 2756 1471 2823 ineo.
1504 2754 1572 2823 lb_i
1600 2769 1798 2819 quoque
1824 2765 1875 2806 et
1903 2754 2088 2823 Nume-

580 2842 698 2880 seus
728 2819 917 2892 martyr
944 2838 1057 2874 cum
1086 2822 1314 2892 plurimis
1349 2820 1501 2892 jacet.
1538 2819 1686 2892 Juxta
1730 2824 1861 2872 viam
1893 2820 2091 2892 Arden-

582 2898 738 2947 tinam
764 2886 977 2943 ecclesia
1006 2899 1083 2942 est
1119 2890 1172 2941 S.
1205 2886 1543 2947 Petronellm;
1575 2889 1641 2938 ibi
1667 2902 1867 2952 quoque
1909 2889 1963 2938 8.
1995 2888 2085 2937 Ne-

585 2976 702 3015 reus
728 2970 780 3013 et
807 2959 861 3012 8.
891 2959 1145 3009 Arhilleus
1172 2964 1309 3013 sunt,
1340 2963 1390 3006 et
1428 2954 1534 3018 ipsa
1575 2955 1855 3007 Pctronella
1886 2953 2087 3017 sepulti.

582 3029 649 3081 Et
677 3042 832 3095 prepe
860 3025 1088 3095 eamdem
1114 3025 1243 3095 viam
1279 3022 1341 3095 ‘S.
1392 3023 1790 3095 DamaSuspapa
1826 3020 2089 3095 depositus

585 3089 946 3148 est-et'soror
992 3093 1099 3156 ejus
1144 3090 1372 3149 Martha;
1423 3096 1474 3139 et
1520 3089 1568 3138 in
1605 3090 1700 3139 alia
1742 3089 1947 3139 basilica
1986 3102 2088 3140 non

586 3165 733 3227 longe
764 3162 960 3213 Marcus
982 3168 1032 3210 et
1061 3157 1408 3227 ilarcellianus
1431 3165 1545 3205 sunt
1569 3156 1829 3227 honorati;
1856 3157 2093 3227 et_adl_tuc

585 3231 635 3281 in
666 3221 761 3280 alia
790 3227 1005 3278 ecclesia
1045 3224 1174 3274 alius
1217 3223 1412 3273 Marcus
1451 3235 1565 3271 cum
1596 3221 1884 3272 Marcellino
1912 3223 1961 3272 in
2002 3222 2093 3273 ho—

586 3310 710 3348 nore
736 3295 963 3344 habetur.
994 3291 1138 3343 Juxta
1174 3290 1302 3339 viam
1342 3289 1555 3354 Appiam
1601 3290 1648 3339 in
1687 3288 1919 3340 orientali
1954 3300 2094 3353 parte

586 3364 808 3415 civitatis
848 3360 1061 3411 ecclesia
1106 3367 1178 3407 est
1233 3366 1421 3407 sanctae
1467 3356 1967 3423 Suterisgmartyris,
2008 3356 2091 3408 ubi

588 3432 693 3494 ipsa
722 3443 835 3481 cum
866 3427 1034 3477 multis
1058 3425 1365 3494 martyribus
1388 3427 1523 3488 jacet
1543 3438 1577 3494 ;Δ
1599 3432 1653 3494 et
1675 3421 1817 3494 juxta
1846 3421 2092 3494 eamdem

590 3489 721 3549 viam
749 3494 965 3548 ecclesia
993 3500 1071 3545 est
1094 3492 1149 3543 S.
1181 3492 1306 3542 Sixti
1339 3505 1501 3553 papae,
1530 3489 1612 3539 ubi
1642 3490 1749 3551 ipse
1775 3490 1984 3539 dormit.
2024 3489 2097 3541 lbi

589 3577 792 3630 quoque
830 3560 1034 3630 Carcilia
1080 3559 1219 3622 virgo
1260 3565 1456 3630 pausat,
1490 3563 1539 3606 et
1580 3554 1645 3606 ibi
1676 3554 2020 3630 S.._'l:arsic_ius
2045 3563 2099 3606 et

532 3673 538 3678 .
677 3619 943 3682 Gereliuus
972 3626 1021 3675 in
1050 3619 1377 3675 uno'tumulo
1400 3620 1571 3687 jacent
1603 3632 1687 3672 :et
1732 3619 1801 3672 ibi
1841 3622 1894 3673 8.
1938 3624 2097 3673 Ense-

594 3700 707 3748 hius
733 3707 784 3749 et
808 3696 863 3747 S.
895 3690 1172 3745 Cnloceius
1200 3700 1248 3740 et
1286 3690 1341 3742 8.
1375 3687 1674 3741 Parthenius
1701 3703 1788 3754 per
1811 3690 1991 3754 singuli
2014 3690 2096 3755 ja-

594 3774 729 3824 cent,
749 3773 799 3814 et
818 3774 939 3814 nccc
964 3769 1209 3826 martyres
1238 3756 1420 3826 ibidem
1453 3758 1794 3826 requiescunt.
1822 3756 1940 3807 Inde
1966 3757 2097 3807 haud

597 3824 1167 3897 preculin‘ccem‘eterio
1192 3824 1323 3874 Calis
1359 3824 1629 3897 Cornelius
1650 3831 1701 3874 et
1739 3824 2020 3897 Cyprianus
2050 3827 2097 3874 in

597 3891 808 3948 ecclesia
838 3892 1118 3944 dormiunt.
1150 3894 1299 3940 .luxta
1324 3891 1553 3941 eamdem
1587 3891 1720 3939 viam
1765 3891 1980 3941 ecClesia
2022 3900 2099 3940 est

597 3964 867 4015 multorum
913 3968 1223 4015 sanctorum,
1262 3956 1309 4006 id
1354 3964 1450 4017 est,
1495 3955 1742 4015 Januarii,
1787 3957 1871 4020 qui
1911 3956 2100 4007 fuit-de

596 4040 789 4093 septem
822 4026 936 4077 liliis
968 4023 1242 4093 lj'elicitati_s
1268 4021 1429 4093 major
1469 4032 1616 4093 natu,
1644 4023 2097 4093 Urbani,A_gapit_i,

599 4087 917 4153 Felicissimi,
959 4091 1151 4157 Cyriui,
1199 4090 1419 4141 Zenonis
1462 4089 1629 4142 fratris
1680 4087 1962 4151 Valentini,
2012 4088 2099 4142 Ti-

600 4162 771 4222 burtii,
807 4161 1077 4219 Valeriani,
1108 4170 1157 4211 et
1184 4158 1325 4209 multi
1367 4167 1614 4223 martyres
1646 4157 1710 4208 ibi
1756 4159 2099 4221 requiescunt.

600 4230 663 4280 Et
679 4230 823 4295 juxta
848 4226 1077 4279 eamdem
1102 4229 1229 4295 viam
1256 4225 1467 4295 ecclesia
1488 4232 1568 4276 est
1586 4224 1641 4276 8.
1665 4225 1947 4295 Sebastiani
1969 4239 2103 4295 mar-

599 4292 743 4362 tyris,
777 4296 857 4346 ubi
885 4295 990 4357 ipse
1021 4293 1205 4345 dormit
1237 4309 1247 4341 :
1282 4292 1365 4343 ubi
1393 4300 1511 4362 sunt
1536 4294 1810 4362 sepultura:
1847 4294 2105 4357 apostolo-

1496 392 1579 442 ΑΪ)
1615 387 1994 443 ΜᾹΙΠὙΒΟΙ..
2037 384 2228 436 ΒΕΙὶιΕ
2271 382 2688 437 APPENDICES.

2054 480 2060 487 ”
2092 494 2137 547 Α
2167 493 2345 548 miunt,
2374 489 2569 551 Petrus,
2599 485 2942 540 Marcellinus.
2968 483 3246 545 Tiburtius,
3278 484 3363 537 SS.
3396 502 3473 538 xxx
3500 494 3625 543 mili-

3507 384 3626 439 1164)

2166 565 2261 612 tes,
2287 556 2590 619 Gorgonius,
2622 554 2901 610 Genuintt=,
2947 552 3213 619 Maximus,
3244 566 3289 601 tv
3319 552 3543 619 Coronati,
3578 561 3625 611 id

2159 630 2255 681 est,
2282 616 2537 679 Claudius,
2578 621 2908 687 Nic-latratus,
2941 616 3343 687 Simprouianus,
3371 616 3624 687 CaStoritts,

2159 688 2450 746 Simplicius
2496 706 2507 736 :
2555 687 2619 739 ibi
2665 695 2744 737 est
2779 685 2825 735 in
2862 688 3053 743 cruptis
3093 684 3190 735 sub
3234 693 3361 735 terra
3388 684 3621 743 innumera

2158 764 2441 819 martyrum
2471 753 2745 804 multitudo
2773 752 2969 818 sepulta
2994 752 3186 815 jacent.
3224 751 3376 802 Juxta
3402 758 3513 807 viam
3540 758 3623 809 Ti-

2161 820 2410 871 burtinam
2441 820 2656 871 ecclesia
2683 827 2762 870 e~t
2788 820 2845 871 8.
2876 819 3074 883 Agapiti
3104 819 3314 868 multum
3346 821 3624 876 honorabilis

2158 896 2440 953 martyrum
2468 886 2766 951 corporibus
2792 896 3023 953 et_prope
3052 886 3286 936 eamdem
3325 887 3445 937 viam
3471 894 3627 941 eccle-

2160 955 2233 1003 sia
2262 951 2338 1003 est
2376 952 2433 1003 8.
2481 953 2736 1004 Laurentii
2767 951 2949 1017 major,
2986 952 3045 1019 in
3069 966 3166 1015 qua
3198 966 3375 1015 corpus
3403 954 3501 1019 ejus
3522 960 3626 1014 pri-

2160 1034 2299 1089 mum
2330 1020 2493 1089 fuerat
2514 1021 2795 1089 humatum,
2817 1029 2870 1089 et_
2890 1020 2954 1069 ibi
2980 1018 3191 1089 basiLca
3222 1034 3345 1089 nova
3370 1018 3493 1073 mirae
3511 1027 3619 1089 pul-

2168 1085 2487 1147 cbritudinis,
2512 1086 2595 1137 ubi
2620 1087 2743 1153 ipse
2757 1085 2907 1135 modo
2934 1086 3229 1153 requiescit.
3263 1086 3317 1137 Hi
3337 1085 3624 1153 quoqtie'sub

2160 1152 2339 1221 eodem
2367 1154 2525 1221 altare
2566 1152 2814 1221 Abundus
2839 1160 2917 1221 est
2943 1151 3206 1221 depositus
3224 1164 3281 1221 et
3306 1151 3422 1221 toris
3449 1151 3490 1205 in
3516 1171 3621 1221 por-

2164 1222 2262 1269 ticu
2290 1219 2416 1282 lapis
2437 1221 2632 1284 est,qui
2653 1218 2921 1281 aliquando
2948 1219 2996 1267 in
3024 1221 3157 1269 cozln
3186 1219 3407 1283 ejusdem
3437 1218 3620 1275 Ahiindi

2163 1285 2414 1350 pendebat
2442 1286 2490 1337 in
2520 1297 2723 1346 puteum
2752 1284 2893 1351 missi
2942 1299 2956 1335 :
2996 1284 3061 1333 ibi
3093 1284 3373 1345 llereneus,
3400 1284 3623 1351 Julianus;

2165 1352 2473 1414 Primitivus,
2499 1353 2735 1410 Tacteus,
2766 1350 3064 1412 Nemeaeus,
3099 1352 3370 1416 Eugenius,
3404 1350 3621 1415 Justinus,

2160 1418 2568 1481 Crescentianus,
2593 1419 2871 1479 Romanus,
2889 1427 3006 1467 sunt
3032 1420 3242 1480 sepulti,
3263 1430 3314 1470 et
3338 1422 3390 1471 8.
3416 1420 3619 1485 Cyriaca,

2164 1486 2219 1537 S.
2251 1486 2541 1553 Syml‘ernsa
2572 1495 2623 1536 et
2644 1485 2839 1536 Justiua
2867 1498 2979 1535 cum
3010 1486 3185 1535 multis
3212 1488 3495 1551 martyribus
3518 1501 3623 1539 sunt

2163 1554 2367 1621 sepulti.
2394 1554 2516 1604 Inde
2540 1557 2588 1603 in
2616 1554 2827 1621 Boream
2859 1564 3061 1621 sursum
3094 1553 3142 1601 in
3178 1553 3376 1603 basilica
3403 1552 3449 1603 8.
3472 1554 3626 1621 Hypo-

2166 1619 2240 1669 liti
2270 1628 2367 1679 est,
2401 1621 2483 1670 ubi
2514 1621 2621 1684 ipse
2645 1616 2979 1686 cumri'ainilia
3018 1631 3120 1686 sua
3142 1627 3267 1686 tota,
3298 1633 3423 1671 xvnti
3459 1616 3623 1686 marty-

2168 1699 2270 1747 res,
2299 1686 2433 1749 jacet
2460 1703 2473 1736 ε
2505 1683 2681 1737 carcer
2711 1685 2778 1735 ibi
2808 1686 2957 1734 estin
2978 1698 3078 1747 quo
3102 1683 3194 1735 fuit
3223 1685 3516 1737 Laurentius.
3543 1683 3626 1741 llic

2102 1776 2144 1831 Β
2170 1760 2248 1828 est
2272 1753 2511 1811 Tritonia,
2538 1766 2664 1831 uxor
2686 1751 2817 1802 Decii
2835 1751 3079 1831 Caesaris,
3111 1759 3164 1831 et
3182 1750 3368 1818 Cyrilla
3388 1753 3475 1803 tilia
3499 1754 3626 1831 ejus;

2175 1819 2306 1870 inter
2332 1829 2571 1883 utrasque
2615 1818 2895 1870 Concordia
2930 1827 2981 1868 et
3020 1819 3072 1868 8.
3117 1815 3387 1879 Geneseus,
3421 1832 3467 1871 et
3503 1815 3628 1872 inulti

2173 1895 2423 1951 martyres
2465 1886 2530 1937 ibi
2569 1893 2704 1936 sunt.
2745 1886 2897 1937 Juxta
2929 1884 3060 1935 viam
3112 1885 3462 1937 Nnmentanam
3487 1901 3553 1940 est
3579 1890 3631 1941 8.

2174 1952 2472 2021 Nicomedes
2512 1960 2565 2004 et
2587 1951 2729 2021 juxta
2758 1952 2989 2021 eamdem
3021 1952 3150 2002 viam
3178 1953 3377 2021 basilica
3406 1953 3454 2004 8.
3486 1955 3630 2021 Agnes

2175 2016 2318 2087 mirae
2349 2016 2747 2087 pulchritudinis,
2767 2020 2862 2087 ubi
2880 2020 2984 2079 ipsa
3014 2032 3228 2087 corpore
3236 2020 3386 2083 jacet,
3413 2016 3633 2087 propéque

2178 2085 2245 2134 ibi
2289 2099 2434 2135 soror
2469 2086 2577 2149 ejus
2608 2085 2962 2136 Emerentiaua
2995 2100 3008 2135 :
3054 2085 3103 2134 in
3132 2085 3233 2135 alia
3262 2093 3420 2137 tamen
3455 2085 3630 2140 hasilic:

2176 2153 2380 2202 dormit.
2420 2150 2492 2202 lbi
2521 2165 2722 2217 quoque
2761 2152 2809 2201 in
2838 2149 3079 2215 singulari
3107 2152 3319 2202 ecclesia
3344 2155 3631 2213 Constantia,

2177 2217 2501 2285 Constantini
2535 2219 2653 2285 lilia,
2713 2218 3004 2285 requiescit,
3036 2228 3342 2282 sanctusque
3367 2221 3638 2285 Alexander,

2178 2284 2235 2337 8.
2269 2284 2469 2346 Felicis,
2502 2286 2558 2339 S.
2590 2284 2758 2347 Papia,
2792 2286 2848 2336 8.
2883 2284 3073 2344 Victor,
3099 2294 3153 2337 et
3179 2286 3263 2336 alii
3293 2290 3424 2339 multi
3450 2288 3504 2337 ibi
3531 2284 3641 2338 dor-

2181 2353 2362 2404 miunt.
2390 2354 2536 2403 Juxta
2567 2354 2701 2403 viam
2732 2353 2977 2405 Salariam
3006 2352 3221 2403 ecclesia
3250 2365 3326 2404 est
3349 2356 3399 2406 S.
3432 2355 3638 2406 Felicita-

2183 2422 2264 2479 tis,
2299 2420 2380 2487 ubi
2414 2422 2518 2483 ipsa
2545 2419 2961 2487 i868102ll'jl0l‘6j
2995 2418 3382 2487 ἰὺῇᾼοιγὸἰιιεηυς
3406 2422 3519 2471 ﬁlius
3542 2422 3640 2487 ejus

2168 2488 2311 2536 unus
2331 2485 2394 2537 de
2409 2500 2474 2536 vn
2496 2484 2578 2537 est
2599 2485 2843 2548 sepultus,
2861 2494 2912 2535 et
2933 2484 3224 2536 Bonifacius
3244 2500 3357 2538 cum
3375 2488 3524 2539 multis
3541 2484 3641 2540 san-

2182 2558 2275 2603 etis
2306 2553 2371 2603 ibi
2393 2552 2670 2605 dormiunt.
2697 2551 2842 2602 Juxta
2872 2551 3101 2602 eamdem
3134 2553 3266 2604 viam
3293 2554 3345 2606 8.
3376 2556 3637 2606 Saturninus

2182 2633 2297 2669 cum
2320 2620 2491 2670 multis
2504 2619 3029 2684 martyribusdnrtnit:
3051 2633 3307 2686 propeqne
3324 2621 3385 2671 ibi
3398 2622 3444 2673 8.
3461 2624 3642 2674 Alexan-

2183 2687 2277 2737 der
2296 2698 2344 2737 et
2364 2688 2423 2740 8.
2449 2686 2641 2749 Vitalis,
2667 2695 2972 2751 sanctusque
2990 2686 3349 2753 Martialis,qui
3370 2700 3472 2740 sunt
3490 2692 3643 2741 tresde

2185 2767 2381 2821 septem
2407 2754 2522 2805 liliis
2548 2753 2824 2821 Felicitatis
2843 2754 3153 2821 cumginultis
3175 2755 3462 2820 martyribus
3479 2757 3642 2821 jaceat.

2188 2820 2339 2872 Ibuet
2366 2835 2434 2872 vn
2481 2821 2721 2886 virgines,
2755 2819 2805 2870 id
2825 2828 2921 2881 est,
2952 2819 3013 2886 S.
3038 2819 3318 2871 Salamina
3335 2826 3444 2873 etS.
3466 2819 3643 2883 llilaria,

2187 2886 2241 2937 S.
2276 2884 2610 2948 Dominanda,
2632 2887 2688 2937 S.
2712 2886 2964 2943 Serotina.
2994 2884 3048 2937 8.
3066 2887 3294 2949 Paulina,
3319 2890 3370 2938 8.
3391 2888 3571 2948 Donata,
3596 2891 3642 2941 S.

2190 2954 2472 3018 Rogantina
2497 2954 2837 3017 requiescunt.
2864 2952 3013 3004 Juxta
3034 2957 3266 3005 eamdem
3295 2956 3415 3005 viam
3437 2958 3646 3008 Salariam

2192 3019 2248 3071 S.
2275 3022 2514 3072 Silvester
2542 3020 2815 3086 requiescit
2835 3029 2886 3072 et
2906 3019 3154 3086 aliiquam
3182 3022 3398 3086 plurimi,
3426 3023 3467 3071 id
3491 3033 3574 3081 est,
3598 3024 3645 3073 8.

2191 3087 2513 3148 Ctelestinus,
2542 3086 2597 3140 S.
2615 3084 2951 3153 Potentiania,
2974 3084 3026 3137 S.
3048 3084 3307 3149 Praxeilis,
3324 3084 3647 3153 S.Marccilus,

2191 3153 2244 3206 8.
2270 3154 2680 3217 Crescenttanus,
2702 3151 2758 3205 8.
2786 3155 3007 3217 Maurus,
3056 3154 3111 3206 8.
3139 3155 3463 3215 Marcellinus.
3481 3155 3527 3208 S.
3558 3151 3649 3207 Pri;

2191 3236 2299 3287 sca,
2317 3222 2373 3273 8.
2396 3222 2601 3283 Paulus,
2618 3220 2677 3275 8.
2702 3221 2880 3288 [felicis
2896 3235 3024 3273 unus
3044 3225 3106 3272 de
3126 3226 3343 3285 septem.
3357 3224 3408 3274 8.
3430 3223 3650 3288 Philippus

2192 3285 2324 3344 ulls
2365 3290 2429 3340 de
2453 3299 2669 3354 septem.
2712 3286 2766 3339 S.
2812 3285 3115 3349 Semetrius,
3148 3300 3197 3340 et
3235 3289 3284 3339 in
3321 3306 3411 3340 una
3431 3285 3651 3355 sepultura

2192 3370 2412 3408 CCCLXII.
2444 3357 2539 3407 Per
2566 3357 2795 3406 eamdem
2828 3371 3028 3419 quoque
3056 3358 3187 3405 viam
3221 3360 3411 3407 venitur
3430 3362 3484 3408 ad
3510 3362 3650 3409 eccle-

2193 3425 2318 3474 siam
2347 3423 2404 3476 S.
2436 3422 2733 3474 Michahelis
2754 3460 2767 3482 ,
2799 3422 3020 3487 septimo
3048 3424 3270 3473 milliarn
3297 3426 3357 3473 ab
3382 3424 3517 3475 Urbe.
3554 3424 3656 3476 inde

2195 3490 2329 3539 haud
2362 3490 2536 3554 procul
2579 3491 2630 3539 in
2675 3490 3018 3556 occidentem,
3059 3488 3205 3555 juxta
3237 3493 3387 3552 viam,
3414 3495 3460 3543 in
3490 3494 3655 3556 cruptis

2194 3558 2291 3607 sub
2322 3566 2454 3607 terra
2485 3570 2614 3607 Lxxx
2637 3555 2875 3622 gradibus
2908 3556 2963 3607 8.
3010 3556 3306 3617 Pamphilus
3342 3569 3394 3610 et
3433 3555 3657 3610 Candidus

2195 3630 2500 3692 sanctusque
2542 3622 2843 3692 Cyprianus,
2870 3637 2984 3675 cum
3015 3624 3187 3675 multis
3217 3626 3505 3692 martyribus
3526 3627 3657 3689 jacet.

2197 3690 2260 3741 Et
2287 3690 2405 3741 inde
2444 3691 2493 3741 in
2544 3690 2861 3757 occidentem
2901 3692 3226 3743 tendentibus
3255 3690 3458 3757 apparet
3484 3693 3657 3743 basilica

2195 3757 2250 3809 S.
2290 3758 2517 3817 llcrmes,
2546 3757 2629 3806 ubi
2661 3756 2770 3820 ipse
2798 3766 2989 3821 martyr
3027 3758 3183 3821 jacet.
3217 3756 3299 3810 lbi
3331 3769 3443 3810 sunt
3473 3758 3523 3810 S.
3547 3761 3659 3809 Cris-

2198 3840 2289 3890 pus
2308 3822 2425 3875 etS.
2443 3823 2755 3875 Herculanus
2768 3834 2825 3890 et
2851 3823 2905 3873 S.
2920 3824 3290 3876 Maxttnilianus
3311 3836 3358 3877 et
3375 3826 3428 3878 S.
3451 3828 3660 3877 ιιδεηθιςι

2196 3889 2247 3943 et
2272 3894 2326 3943 S.
2351 3892 2645 3943 Jacincuius
2671 3898 2723 3943 et
2758 3889 2813 3942 S.
2849 3890 3027 3942 Plutus
3068 3902 3120 3944 et
3164 3891 3222 3944 8.
3262 3894 3537 3959 Leopardns
3566 3908 3661 3943 cum

2198 3961 2372 4010 multis
2401 3960 2936 4026 martyribussepulti.
2970 3959 3090 4009 Inde
3114 3973 3215 4011 non
3248 3963 3395 4026 longe
3419 3972 3491 4013 est
3514 3963 3557 4011 in
3582 3974 3655 4011 oc-

2197 4029 2398 4077 cidente
2439 4024 2655 4077 ecclesia
2701 4024 2756 4075 S.
2809 4025 3019 4077 Joannis
3075 4024 3357 4091 martyris;
3416 4026 3495 4078 ubi
3536 4036 3661 4091 caput

2203 4095 2315 4156 ejus
2358 4095 2406 4142 in
2437 4093 2534 4141 alio
2563 4094 2675 4143 loco
2702 4094 2797 4142 sub
2826 4097 2987 4143 altare
3021 4094 3247 4157 ponitur,
3277 4097 3325 4145 in
3365 4095 3458 4146 alio
3486 4108 3657 4153 corpus.

2200 4162 2266 4211 ibt
2298 4160 2353 4211 S.
2381 4160 2629 4222 Diogenes
2651 4167 2703 4210 et
2729 4160 2785 4210 8.
2813 4159 2975 4212 Sistits
3000 4171 3050 4211 et
3072 4164 3127 4209 8.
3158 4158 3421 4213 Liberatus
3438 4171 3485 4212 et
3501 4160 3549 4211 8.
3573 4161 3664 4210 Bla-

2199 4227 2306 4277 sius
2352 4235 2404 4276 et
2452 4224 2506 4276 S.
2564 4225 2767 4276 Maurus
2820 4236 2873 4277 et
2911 4224 2967 4277 8.
3013 4226 3237 4293 Longina
3290 4242 3450 4280 mater
3493 4228 3668 4280 Joannis

2203 4304 2320 4344 sunt
2340 4294 2541 4357 sepulti.
2569 4294 2688 4345 lndc
2708 4307 2866 4360 prope
2890 4298 3037 4358 juxta
3059 4295 3191 4345 viam
3219 4296 3515 4347 Flamineam
3540 4309 3665 4358 appa-

600 4348 741 4422 r'um,
786 4366 833 4411 in
874 4348 1055 4426 quibus
1087 4376 1147 4411 χι.
1175 4373 1334 4411 annos
1369 4348 1685 4427 quieverunt.
1705 4358 1795 4427 _lbi
1824 4348 2024 4427 quoque
2054 4368 2105 4410 et
2132 4348 2181 4404 Ῑ)
2206 4373 2283 4413 ret
2320 4348 2532 4412 ecclesia
2563 4348 2777 4412 mirili'ce
2806 4348 3000 4413 'ornata
3062 4364 3118 4413 8.
3154 4362 3399 4414 Valentini
3446 4348 3664 4427 martyris,

601 4430 817 4496 Cyrinus
847 4424 1036 4492 martyr
1062 4437 1139 4496 est
1162 4424 1407 4496 sepultus.
1450 4424 1545 4477 Per
1570 4425 1800 4476 eamdem
1830 4439 1947 4496 vero
1975 4426 2103 4496 viam

604 4492 894 4560 pervenitur
920 4496 982 4544 ad
1012 4493 1257 4543 Albanam
1288 4492 1540 4544 civitatem
1568 4502 1620 4545 et
1647 4507 1735 4557 per
1777 4492 2007 4560 eamdem
2036 4492 2107 4543 ci-

606 4558 808 4613 vitatem
837 4564 897 4612 ad
923 4561 1192 4612 ecclesiam
1230 4560 1285 4610 8.
1322 4560 1604 4619 Senatoris,
1637 4561 1719 4609 ubi
1760 4567 1813 4610 et
1860 4558 2107 4623 Perpetua

605 4631 737 4695 jacet
780 4641 992 4692 corpore
1036 4636 1087 4679 et
1124 4627 1374 4695 innumeri
1426 4627 1586 4695 sancti
1631 4634 1681 4677 et
1729 4638 1907 4695 magna
1956 4628 2109 4677 mira-

610 4693 726 4746 bilia
758 4696 941 4747 ibidem
968 4703 1230 4760 geruntur.
1262 4693 1409 4745 Juxta
1446 4693 1578 4745 viam
1608 4706 1734 4760 vero
1764 4694 1992 4744 Latinam
2026 4707 2109 4745 ec—

605 4763 757 4814 clesia
787 4773 862 4814 est
901 4758 1243 4821 S.Cordiani,
1293 4761 1375 4811 ubi
1418 4763 1523 4823 ipse
1563 4773 1678 4811 cum
1716 4758 1873 4811 fratre
1911 4761 2111 4825 Epima-

606 4831 704 4881 cbo
726 4830 773 4880 iu
798 4844 893 4880 una
919 4832 1172 4893 sepultura
1200 4828 1485 4893 requiescit.
1511 4828 1578 4878 lbi
1601 4840 1802 4892 quoque
1820 4826 2040 4889 Quartus
2061 4834 2114 4878 et

608 4898 824 4959 Quintus
850 4912 861 4944 :
892 4895 959 4946 ibi
988 4898 1231 4962 Sulpitius
1256 4905 1307 4945 et
1334 4894 1649 4945 Servilianos
1674 4902 1725 4945 et
1758 4894 1812 4945 8.
1849 4894 2033 4962 Sephia
2062 4901 2115 4945 et

610 4964 917 5028 Traphimus
952 4976 1062 5014 cum
1085 4960 1269 5013 multis
1292 4962 1595 5028 martyribus
1624 4962 1805 5026 sepulti
1834 4960 2110 5023 dormiunt,

610 5040 663 5082 et
700 5027 842 5094 juxta
884 5032 1108 5082 eamdem
1155 5030 1286 5080 viam
1333 5027 1653 5088 Tertulliani,
1699 5041 1750 5080 et
1789 5028 1994 5079 basilica
2031 5029 2113 5078 uhi

614 5100 723 5162 ipse
758 5112 873 5148 cum
907 5098 1077 5147 inultis
1114 5095 1423 5162 martyribus
1452 5094 1591 5159 jacet
1622 5115 1635 5148 :
1665 5097 1875 5146 ecclesia
1913 5107 2115 5159 quoque

613 5166 667 5217 8.
702 5165 940 5229 Eugeniae
962 5164 1099 5229 juxta
1126 5178 1238 5214 eam
1270 5164 1405 5229 viam
1424 5171 1536 5229 est,
1562 5162 1643 5212 ubi
1677 5166 1783 5227 ipsa
1807 5176 1921 5214 cum
1953 5170 2118 5213 matre

614 5246 703 5281 sua
726 5228 898 5283 ininno
920 5231 1109 5283 tumulo
1137 5229 1269 5297 jacet
1296 5246 1308 5279 :
1342 5228 1411 5280 ibi
1438 5228 1494 5282 S.
1524 5229 1814 5293 Stephanus
1842 5243 1968 5295 papa
1997 5244 2115 5279 cum

616 5306 721 5349 toto
751 5300 890 5350 clero
910 5313 1001 5351 suo
1044 5296 1257 5349 numero
1289 5310 1480 5347 xxxvnt
1518 5305 1764 5362 martyres
1796 5312 1807 5345 :
1844 5297 1910 5347 ibi
1938 5298 1993 5348 8.
2022 5296 2119 5346 Ne-

618 5380 842 5426 meseus,
871 5368 924 5419 8.
946 5365 1248 5428 Ulimpliius,
1274 5364 1329 5417 8.
1355 5363 1693 5426 Simprouius,
1717 5364 1770 5416 8.
1802 5364 2116 5425 'l‘lieodulus,

619 5432 673 5483 8.
700 5434 963 5497 Superius,
1018 5434 1075 5484 S.
1103 5430 1387 5492 Ubloteris,
1426 5430 1480 5483 8.
1513 5429 1897 5497 Tiburtieanus,
1928 5439 2119 5495 marty-

620 5512 699 5565 res
726 5496 842 5549 sunt
867 5501 1064 5565 sepulti.
1099 5497 1246 5549 Juxta
1271 5497 1401 5547 viam
1418 5511 1552 5565 vero
1581 5496 2119 5565 Layicanamecclesia

620 5564 676 5617 S.
709 5566 909 5618 llcleure
930 5564 1017 5619 ubi
1046 5567 1153 5634 ipsa
1179 5578 1389 5631 corpore
1408 5564 1567 5631 jacet.
1599 5564 1667 5616 lbi
1698 5564 1861 5618 sancti
1886 5564 1968 5616 isti
2000 5566 2118 5616 dor-

2205 4430 2287 4479 ubi
2327 4430 2435 4543 ilpse
2472 4441 2690 4493 corpore
2725 4430 2862 4493 jacet
2902 4440 2955 4480 et
2990 4429 3137 4479 multi
3184 4430 3348 4480 sancti
3378 4429 3549 4481 ibidem
3575 4436 3669 4478 sunt

2205 4509 2328 4543 seuu
2357 4509 2411 4543 tt.

2205 4509 2411 4560 sepulti.

2333 4616 2461 4655 IST£
2489 4616 2620 4654 VERO
2654 4615 2913 4655 ECCLESIE
2940 4617 3085 4657 INTUS
3114 4620 3265 4658 κυηιε
3294 4620 3569 4659 ιιηειετοι.

2278 4693 2495 4762 Basilica
2528 4692 2963 4762 Constantiniana,
3008 4709 3124 4762 qua:
3164 4706 3216 4747 et
3255 4694 3545 4756 Salvatoris,
3574 4681 3668 4758 ipsa

2208 4775 2411 4829 quoque
2439 4761 2494 4813 S.
2526 4760 2735 4811 Joannis
2757 4762 2960 4811 dicitur.

2278 4828 2491 4879 Basilica
2514 4842 2628 4892 quae
2652 4829 2937 4891 appellatur
2967 4828 3023 4879 8.
3056 4828 3211 4880 Maria
3243 4829 3417 4894 Major.

2284 4896 2495 4947 Basilica
2536 4908 2651 4961 qua:
2688 4897 2970 4959 appellatur
2996 4894 3051 4946 8.
3102 4900 3397 4961 Anastasra,
3427 4896 3506 4947 ubi
3531 4905 3673 4946 mices

2210 4970 2486 5014 servantur
2508 4975 2621 5026 qua:
2648 4971 2915 5027 portantur
2943 4974 3033 5027 per
3054 4964 3322 5016 stationes.

2284 5028 2497 5097 Basilica
2528 5042 2640 5092 qua:
2665 5038 2876 5080 vocatur
2905 5028 2962 5079 8.
2984 5028 3137 5097 με...
3168 5034 3408 5097 Antiqua.

2285 5095 2497 5147 Basilica
2525 5109 2639 5160 quae
2664 5098 2949 5160 appellatur
2976 5095 3029 5147 8.
3055 5098 3209 5149 Maria
3243 5095 3496 5151 Botunda.

2285 5162 2501 5215 Basilica
2527 5176 2642 5228 qua:
2678 5162 2964 5227 appellatur
2991 5164 3047 5217 8.
3079 5164 3234 5216 Maria
3263 5163 3675 5217 TransoTiberua:

2216 5227 2394 5297 iblieSl
2425 5227 2591 5296 imago
2627 5229 2681 5281 8.
2716 5229 2907 5290 Mariae,
2938 5244 3052 5296 qtae
3078 5246 3166 5297 per
3189 5246 3246 5284 se
3275 5232 3407 5284 facta
3432 5241 3529 5284 est.

2216 5296 2497 5415 PlBlasilica
2549 5310 2662 5363 quae
2708 5297 3007 5364 appellatur
3048 5296 3403 5366 apostolorum
3446 5296 3605 5350 Jacobi
3636 5300 3675 5343 et

2277 5379 2307 5414 ιι
2334 5380 2453 5415 mni.

2277 5379 2453 5434 ιμινμι.
2816 5432 2844 5434 Η
2997 5431 3012 5434 A
3160 5433 3167 5434 ί
3317 5433 3328 5434 7
3420 5432 3444 5434 VA
3539 5431 3574 5434 γ’
3608 5429 3617 5434 _
3671 5424 3678 5434 .

2289 5432 2500 5483 Basuica
2532 5446 2643 5497 qnie
2680 5432 2964 5496 appellatur
2988 5431 3199 5487 Joannis
3226 5441 3279 5487 et
3308 5432 3471 5498 Pauli,
3502 5431 3577 5484 ubi
3608 5429 3679 5494 ipsi

2218 5500 2370 5548 aznbo
2400 5501 2449 5550 in
2481 5515 2581 5552 uno
2610 5502 2801 5549 tumulo
2820 5501 3014 5564 jaceat.

2292 5565 2505 5619 Basilica
2533 5580 2646 5632 quae
2676 5563 2957 5631 appellatur
2983 5567 3040 5621 8.
3076 5567 3280 5623 Cosma:
3308 5577 3360 5622 et
3384 5563 3616 5620 Damiaui.

3816 635 3824 889 Ψ

3816 635 3824 889 Ψ
