3898 6314
287 423 421 475 1160

1370 412 1739 474 CllltONlCON
1782 419 2314 484 ANTIQUISSIMUM.

3300 417 3426 471 H70

283 535 555 599 Sepphora
575 574 587 595 ,
625 533 879 596 accipiens
904 532 1124 595 lapidem
1153 531 1469 584 circumcidit
1490 547 1733 597 puerum:
1766 540 1815 583 ct
1845 532 1893 587 Δ
1921 533 2102 592 potuit.
2144 532 2289 597 Quod
2318 543 2485 586 autem
2519 535 2792 597 discipulus
2820 548 2880 585 ex
2916 533 3250 595 piscatoribus
3278 536 3424 591 facit,

290 612 502 669 propter
553 602 851 666 sanguinein
905 602 1307 669 circumcisionis
1355 602 1530 669 pueri,
1585 605 1812 669 pepercit

287 667 504 732 angelus
550 684 611 721 ne
657 669 985 721 interﬁceret.
1031 668 1172 721 Unde
1210 668 1600 720 circumcisione
1628 667 1817 719 Chrisd

289 738 461 789 omnis
512 738 633 801 legis
680 740 752 789 ira
796 737 1040 797 cessavit,
1090 744 1140 786 ct
1184 736 1392 801 sanguis
1436 735 1549 802 ejus
1597 736 1816 798 pondera

288 808 417 855 itura
452 804 600 865 tulit;
646 819 708 856 eo
736 804 869 867 quod
904 804 1015 853 linis
1060 804 1183 869 legis
1227 802 1480 863 Christus,
1526 804 1611 868 qui
1658 803 1817 853 male-

292 874 488 924 dictum
535 874 795 923 vetustatis
826 872 1074 928 absolvit,
1119 882 1168 923 et
1214 887 1240 923 a
1283 870 1540 923 servitutis
1580 871 1699 935 jugo
1728 884 1820 921 nos

293 941 551 992 liberavit.
600 940 743 1004 Quod
789 950 956 990 autem
1006 938 1296 991 adcrevisse
1338 938 1525 990 dicitur
1572 937 1819 1004 sapientia

290 1023 500 1072 quoque
542 1023 714 1059 coram
766 1008 867 1057 Deo
910 1015 958 1058 et
1009 1007 1323 1069 hominibus,
1370 1020 1621 1057 summam
1666 1014 1821 1070 atque

292 1076 574 1140 periei-tam
608 1074 829 1126 hominis
878 1074 1239 1137 plenitudinem
1285 1076 1444 1140 gessit
1492 1076 1539 1125 in
1571 1088 1709 1134 aevo;
1752 1075 1820 1126 ita

293 1156 350 1194 ut
388 1144 637 1203 incipiens
666 1158 914 1193 annorum
959 1158 1054 1193 xxx
1097 1143 1399 1208 baptismum
1433 1141 1756 1194 voluntarius
1794 1158 1821 1192 a

290 1211 529 1263 Johanne
561 1219 755 1276 peteret
799 1211 847 1261 in
878 1210 1130 1271 Jordane;
1184 1221 1391 1276 propter
1421 1211 1542 1261 illud
1574 1211 1704 1274 quod
1750 1210 1821 1261 ait

294 1281 574 1343 Aptlstultts
603 1298 612 1328 :
645 1280 808 1331 donec
834 1292 1039 1335 omnes,
1082 1279 1272 1344 inquit,
1302 1292 1635 1331 occurramus
1665 1279 1713 1329 in
1744 1280 1821 1329 vi-

301 1363 418 1397 rum
470 1348 781 1412 perfectum,
835 1349 884 1398 in
940 1360 1231 1399 mensuram
1276 1348 1440 1399 astatis
1492 1346 1824 1413 pleuitudiuis

298 1417 513 1467 Christi.

374 1484 453 1533 Π.
496 1482 619 1533 Nam
653 1492 703 1535 et
745 1483 961 1549 primum
1005 1481 1259 1534 hominem
1302 1482 1435 1534 Deus
1460 1492 1611 1536 aetate
1650 1481 1819 1546 perfe-

297 1559 460 1608 ctum,
494 1566 589 1602 nec
619 1567 719 1602 non
750 1562 798 1601 et
838 1551 1097 1601 intellectu
1127 1560 1280 1615 atque
1306 1552 1499 1603 ratione
1530 1552 1818 1615 prinditutn,

300 1629 357 1668 ut
396 1633 504 1670 sua:
547 1620 742 1671 scilicet
779 1618 1054 1669 voluntatis
1102 1629 1269 1671 rector
1309 1627 1446 1671 esset
1489 1620 1713 1679 arbitrii,
1761 1620 1828 1673 de

300 1696 440 1755 terra
480 1688 623 1737 tinxit
663 1688 968 1739 incolumem
1009 1686 1269 1751 juvenem,
1312 1697 1363 1738 et
1399 1687 1509 1753 ejus
1555 1688 1825 1755 conjugem

303 1753 470 1819 plenis
498 1756 716 1807 nubilem
749 1755 914 1813 anuis,
951 1764 1157 1820 pectore
1184 1754 1461 1820 virginem,
1502 1753 1741 1807 decoram
1777 1757 1825 1809 in

1918 607 1973 649 ut
2013 614 2112 651 nun
2144 618 2203 651 ex
2245 603 2502 664 sanguinis
2542 603 2801 653 nobilitate
2850 602 3217 661 plaudentiinn,
3243 602 3332 651 sed
3365 617 3426 654 ex

1920 680 2199 728 pauperum
2246 684 2399 735 grege
2443 670 2701 722 humiliter
2742 671 3069 720 sentientium
3120 670 3307 732 primas
3354 671 3428 719 in-

1918 735 2157 787 Stitueret
2194 751 2264 785 xu
2298 737 2532 789 Ecclesia:
2560 738 2850 798 columnis,
2895 747 3133 797 tanquam
3173 752 3231 788 ex
3272 736 3431 789 Jacob

1921 816 1989 851 xu
2020 805 2427 865 congregationis
2476 806 2611 856 illius
2653 806 2995 867 patriarchas;
3046 819 3161 855 nam
3192 820 3429 869 unaquae-

1920 883 2018 934 que
2048 871 2213 921 tribus
2244 872 2429 947 Israhel
2461 873 2688 949 singulos
2718 874 2977 936 apostolos
3006 874 3053 949 i_n
3086 873 3225 949 Novo
3253 872 3432 949 Testa-

1922 948 2115 997 mento,
2165 938 2306 1002 quasi
2353 954 2420 991 xu
2467 938 2659 1005 lapides
2708 944 2849 990 vivos
2894 956 2955 991 ex
3002 940 3242 991 Iordanis
3289 941 3433 989 alveo

1923 1005 2249 1069 reddi-lerunt
2270 1023 2283 1069 ;
2306 1016 2357 1058 et
2384 1010 2457 1059 sic
2482 1017 2643 1059 totum
2669 1008 2931 1069 mundum,
2961 1018 3199 1073 tanquam
3229 1023 3433 1059 menses

1924 1073 2077 1139 totius
2122 1073 2264 1134 anni,
2312 1076 2473 1128 solem
2523 1076 2573 1127 in
2603 1091 2659 1128 se
2697 1077 2905 1138 iustitia:
2947 1080 3268 1128 continentes
3316 1090 3431 1139 per-

1926 1138 2303 1203 lustraverunt;
2335 1152 2385 1195 et
2413 1144 2609 1198 animas
2640 1143 2875 1195 nucibus
2904 1145 3063 1195 exsilii
3093 1160 3271 1207 vagas,
3306 1138 3429 1192 luci-

1920 1208 1998 1256 dis
2030 1210 2116 1259 llei
2147 1213 2428 1274 praeceptis,
2448 1221 2683 1273 tanquam
2715 1214 2762 1261 in
2786 1213 2881 1262 lina
2909 1211 3041 1275 (sic),
3073 1214 3302 1262 manibus
3336 1210 3432 1261 Ec.

1920 1274 2088 1326 clesiae
2112 1278 2280 1345 medio
2310 1281 2669 1331 concluseruut
2713 1280 2795 1331 Sic
2815 1274 2949 1330 enim
2972 1281 3039 1330 ait
3068 1298 3078 1329 :
3114 1280 3291 1331 Venite
3321 1296 3351 1345 p
3374 1289 3434 1330 »δι

1921 1357 2007 1414 me
2030 1356 2077 1414 et
2109 1344 2285 1414 faciam
2313 1360 2401 1399 vos
2427 1350 2586 1414 piscat
2610 1361 2703 1399 res
2729 1348 2836 1398 licri
2870 1349 3153 1399 lanuuinum.

1992 1411 2075 1463 19.
2118 1412 2262 1478 Quod
2309 1411 2478 1467 autem
2522 1416 2843 1466 inﬁrmitates
2882 1428 3034 1482 atque
3080 1416 3437 1481 aegrotationes

1924 1489 2147 1542 nostras,
2190 1482 2321 1533 sicut
2353 1498 2469 1535 reor
2500 1482 2805 1546 prtedixerat
2835 1484 3028 1542 Esaias,
3064 1484 3280 1534 libenter
3312 1498 3437 1547 pur-

1925 1550 2140 1611 taveiit,
2173 1551 2251 1602 sic
2293 1565 2383 1616 per
2408 1550 2579 1604 omnia
2619 1566 2863 1609 currens,
2892 1552 3322 1617 quemadmodum
3352 1552 3440 1615 gi-

1922 1629 2050 1681 gans
2099 1631 2187 1682 per
2232 1618 2393 1681 viam;
2444 1629 2645 1683 oportet
2689 1618 2941 1684 inspicere
2978 1620 3235 1683 quomodo
3282 1619 3330 1669 in
3384 1632 3441 1669 se

1923 1684 2271 1753 consecrando
2311 1687 2825 1753 Ecclesiani,gradns
2868 1688 2977 1750 ejus
3024 1687 3253 1748 singulos
3293 1700 3434 1736 coni-

1928 1752 2279 1822 tueudaverit,
2310 1756 2357 1807 id
2384 1765 2461 1807 est
2492 1771 2581 1819 per
2610 1752 2803 1820 septeni
2836 1754 3023 1822 gradus
3052 1754 3208 1805 ollicii
3243 1754 3435 1804 manci-

299 1824 443 1896 oinni
476 1825 724 1896 membro,
748 1823 958 1896 jamque
986 1826 1348 1896 tnaturatn,‘ita
1378 1826 1642 1896 pulchrum
1664 1824 1826 1876 oculis
1862 1839 1902 1896 Β
1930 1820 2355 1896 βριιάδιιξιιίίθτὶο
2383 1823 2683 1896 answer“;
2715 1824 2798 1896 qui
2829 1820 2948 1873 έιηιῑ
2984 1823 3244 1896 οειῖπίιμδι
3277 1821 3440 1873 [058³1-

303 1894 467 1940 visum
485 1931 499 1953 ,
527 1890 704 1942 eduxit
730 1907 789 1943 es
816 1891 975 1942 latere
1001 1890 1323 1941 dormientis.
1355 1892 1479 1951 Quia
1499 1906 1598 1941 non
1631 1906 1826 1955 parvu-

308 1959 477 2009 lorum
508 1960 729 2010 motibus
758 1968 843 2010 aut
885 1959 1151 2008 teneritate
1192 1958 1445 2009 mentium
1469 1973 1739 2022 puerorum
1770 1961 1823 2019 in

305 2040 526 2090 rmpore
556 2040 711 2091 parvo
740 2026 1075 2091 quatentiuni,
1122 2034 1274 2090 atque
1314 2028 1521 2090 pedum,
1561 2040 1823 2088 manuum,

311 2098 619 2157 linguarmn,
666 2109 960 2147 sermonum
1001 2104 1051 2145 et
1099 2106 1302 2144 acutum
1352 2094 1687 2159 prirpeditos;
1736 2096 1824 2146 sed

308 2172 485 2222 .i-taic,
526 2163 745 2226 ratione,
776 2162 1032 2213 solid.tate
1064 2164 1409 2213 membrorum
1441 2174 1592 2227 atque
1620 2164 1827 2228 sapien-

306 2232 373 2279 tia
406 2232 604 2293 plenos,
650 2234 812 2297 primo
843 2230 975 2280 Deus
1003 2245 1063 2281 ex
1095 2233 1197 2280 luto
1224 2238 1373 2281 terra:
1402 2232 1583 2281 fet-isse
1615 2234 1828 2282 creden-
1870 2288 1873 2291 ,

304 2300 404 2347 dus
432 2310 535 2359 est,
580 2308 635 2349 ut
676 2314 736 2349 ex
785 2297 983 2348 illorum
1027 2300 1232 2347 materia
1280 2300 1483 2348 soboles
1524 2308 1823 2349 crearetur:

307 2378 546 2430 tanquam
570 2380 628 2417 ex
660 2366 843 2417 arbore
875 2366 1000 2415 rami
1032 2368 1108 2417 vel
1142 2364 1331 2416 fructus
1372 2366 1587 2429 primum
1619 2368 1823 2431 quidem

306 2442 524 2492 tenues,
554 2444 730 2500 postea
754 2434 859 2499 jam
890 2433 1129 2498 pauldim
1164 2434 1347 2484 maturi
1377 2435 1454 2485 vel
1490 2434 1617 2485 firmi
1653 2436 1825 2486 viden-

308 2511 390 2551 tur
419 2505 682 2567 prollcere.
726 2501 797 2553 Ita
827 2516 1043 2568 namque
1066 2502 1232 2551 omnis
1277 2512 1455 2553 natura
1485 2504 1627 2553 lirina
1656 2512 1708 2554 et
1738 2516 1825 2553 so-

310 2570 411 2619 lida
454 2572 692 2636 quicquid
737 2572 1004 2637 protulerit
1041 2569 1284 2633 ostendit,
1308 2581 1574 2633 reparante
1616 2582 1827 2624 auctore

311 2638 416 2689 lico
445 2641 563 2689 dum
594 2648 817 2704 generat.
854 2640 907 2688 tit
936 2639 1007 2688 sic
1035 2640 1221 2701 quippe
1248 2640 1557 2690 credendum
1586 2649 1683 2701 cst,
1712 2642 1825 2702 quia

309 2706 463 2757 hoino
492 2707 539 2757 in
573 2707 847 2771 piimordio
870 2710 1028 2756 lactus
1056 2721 1083 2756 a
1115 2707 1349 2768 lloiuiuo,
1372 2717 1521 2757 :etate
1552 2708 1825 2772 legitimus,

305 2784 357 2824 et
389 2784 557 2825 mente
589 2776 784 2839 plenus,
814 2785 861 2825 et
891 2788 1049 2833 capax
1081 2774 1321 2833 ra'iouis;
1354 2775 1400 2826 in
1432 2790 1527 2839 qua
1558 2776 1823 2825 victorian

306 2852 551 2908 caperet,
592 2844 634 2895 si
666 2843 847 2895 mortis
878 2842 1175 2907 imperasset
1215 2843 1430 2893 auctori.
1462 2844 1577 2894 ideo
1609 2858 1827 2909 namque

309 2925 513 2972 [itl'ltalll
542 2911 720 2963 mortis
749 2912 979 2973 incurrit,
1006 2912 1121 2974 quia
1150 2925 1249 2961 non
1272 2913 1365 2962 sub
1395 2912 1587 2974 parvuli
1614 2920 1751 2963 motu
1778 2921 1828 2963 et

307 2980 515 3029 iutirmo
542 2993 724 3041 sensu,
768 2980 854 3032 sed
889 2980 1065 3045 plenus
1094 2982 1290 3031 ratione
1322 2982 1471 3030 homo
1502 2980 1550 3031 iu
1595 2982 1829 3043 paradiso

308 3048 550 3112 ili-liquit;
604 3050 719 3113 quia
746 3050 927 3100 scienti
958 3048 1146 3099 bonum
1178 3049 1345 3098 facere
1374 3060 1421 3099 et
1456 3064 1553 3097 non
1586 3048 1825 3113 facienti,

309 3123 571 3179 peceatum
598 3126 679 3167 est
718 3117 790 3167 illi
838 3118 1153 3178 imputatum.
1206 3116 1501 3167 lteuovatur
1528 3124 1697 3167 autem
1741 3131 1828 3181 per

305 3184 521 3247 gratiam
543 3182 807 3236 Creatoris
836 3184 919 3249 qui
951 3200 1049 3236 non
1089 3183 1253 3233 solum
1286 3184 1522 3248 parvulus
1560 3186 1828 3236 coronavit

304 3254 428 3301 dum
471 3262 617 3305 natus
655 3261 755 3313 est,
798 3267 972 3304 verum
1016 3251 1167 3304 etiam
1212 3251 1468 3302 diabolum
1514 3254 1830 3317 compescuit

304 3334 423 3371 cum
461 3334 639 3386 passus
666 3330 774 3380 est,
804 3320 1042 3372 donando
1084 3320 1228 3370 nobis
1266 3320 1399 3385 quod
1441 3324 1547 3385 ipse
1583 3322 1741 3387 gessit
1783 3324 1831 3372 in

306 3402 465 3441 carne
510 3405 521 3439 :
571 3398 628 3441 ut
677 3390 1067 3442 resurrectionis
1113 3390 1346 3441 similiter
1391 3388 1616 3449 Christi,
1665 3390 1832 3442 omnis

308 3472 481 3507 annua
512 3472 607 3508 xu
638 3466 811 3524 surgat
839 3473 1089 3509 annorum
1116 3467 1267 3507 :ctatc
1292 3458 1342 3507 iii
1382 3457 1477 3509 hac
1505 3457 1612 3521 ipsa
1632 3498 1645 3520 ,
1677 3471 1831 3523 quant

306 3527 467 3591 g-‘ssit
493 3526 672 3577 vivens
713 3528 763 3576 in
807 3540 1040 3592 corpore,
1071 3539 1255 3585 carne;
1305 3536 1357 3576 ut
1402 3526 1611 3587 recipiat
1659 3541 1831 3577 unus-

305 3594 526 3660 quisque
550 3592 696 3661 juxta
726 3593 861 3662 quod
889 3594 994 3661 egit
1033 3610 1081 3646 ιιι
1107 3608 1324 3661 corpore
1351 3595 1463 3647 sive
1504 3594 1693 3647 buttqu
1725 3594 1833 3649 sive

306 3662 520 3714 malum.

377 3728 463 3781 58.
499 3730 648 3795 Quod
692 3743 860 3783 autem
910 3731 1219 3796 baptismum
1262 3744 1288 3781 a
1337 3729 1569 3783 .lohanue
1597 3730 1831 3784 Christus

306 3798 527 3850 libenter
554 3806 835 3863 acceperit,
884 3810 938 3851 ut
984 3811 1035 3851 tu
1066 3815 1164 3852 no:i
1194 3800 1485 3866 dedigneris
1523 3815 1549 3850 a
1580 3814 1830 3852 tonservo

303 3869 590 3933 suscipere.
640 3868 750 3920 Non
795 3871 1013 3931 debitor,
1038 3871 1123 3921 sed
1167 3868 1431 3927 Dominus,
1477 3870 1588 3919 sine
1623 3879 1831 3933 peccato

304 3949 512 3987 sumere
542 3936 699 3987 voluit
741 3952 768 3987 a
814 3952 999 3996 servo;
1054 3945 1108 3987 ut
1136 3938 1267 3987 inter
1298 3938 1401 4001 ipsa
1437 3936 1620 3987 tiuenta
1651 3936 1829 3989 Jorda-

305 4006 387 4054 nis
414 4019 567 4068 super
598 4019 753 4056 unum
784 4007 1114 4056 mediatnrem
1144 4004 1231 4055 Dei
1257 4013 1311 4055 et
1335 4014 1384 4055 et
1417 4004 1681 4057 hominum
1710 4021 1829 4058 san-

305 4084 404 4123 cite
450 4072 713 4124 Trinitatis
760 4074 1107 4125 declararetur
1160 4073 1468 4135 auctoritas;
1518 4076 1639 4125 dum
1697 4075 1829 4128 Deus

307 4138 460 4193 l'atcr
493 4144 541 4193 in
575 4155 718 4201 voce,
752 4141 908 4194 Filius
948 4144 996 4193 in
1038 4140 1263 4201 homine,
1295 4143 1509 4207 Spiritus
1537 4150 1745 4194 sanctus
1778 4148 1827 4195 in

303 4211 555 4263 columba:
594 4213 765 4275 specie
799 4215 1238 4271 demonstrantur,
1283 4226 1378 4261 una
1420 4210 1659 4263 divinitas
1701 4226 1825 4263 con-

304 4289 449 4330 stans
478 4289 529 4330 et
558 4280 771 4331 indivisa
803 4280 965 4331 dedas
996 4290 1146 4345 atque
1178 4281 1440 4343 majestas.
1470 4279 1616 4343 Quod
1658 4291 1825 4332 autem

302 4348 369 4396 ab
398 4348 578 4412 spiritu
606 4349 847 4413 eitpulsus
877 4359 952 4398 est
994 4348 1042 4397 in
1082 4350 1343 4398 desertum
1365 4389 1378 4412 ,
1415 4347 1461 4398 id
1492 4356 1570 4399 est
1600 4362 1723 4399 caro
1752 4350 1825 4399 la-

303 4428 416 4466 ctus
449 4421 623 4478 homo,
648 4431 797 4483 quant
826 4424 1109 4480 sumpserat
1145 4428 1353 4479 prOptel’
1380 4424 1605 4467 veterem
1636 4417 1820 4478 Adam,

1930 1888 2034 1939 rius
2062 1897 2108 1951 ⁸,
2142 1889 2319 1950 lector,
2351 1891 2715 1950 subdiaconus,
2735 1888 3012 1950 diaconus,
3059 1891 3347 1955 presbyter,
3393 1899 3443 1938 ct

1895 1956 2215 2022 'episcopus.
2262 1958 2363 2010 llos
2404 1969 2598 2023 septem
2640 1959 2827 2021 gradus
2868 1957 3098 2021 implevit
3125 1956 3362 2009 thristus
3390 1958 3439 2008 iu

1925 2036 2097 2077 carne.
2138 2026 2261 2077 Nam
2292 2026 2531 2078 OSIiarius
2560 2026 2673 2085 l‘uit,
2705 2024 2911 2091 quando
2938 2027 3123 2076 ostium
3152 2041 3285 2077 arca:
3320 2040 3442 2083 ape-

1927 2096 2046 2154 ruit,
2082 2102 2133 2145 et
2161 2096 2343 2146 iterum
2373 2094 2572 2147 clausit.
2610 2093 2875 2145 Fossarius
2908 2093 2998 2145 fuit
3040 2094 3244 2157 quando
3288 2093 3439 2145 Laza-

1927 2174 2041 2211 rum
2071 2162 2132 2212 de
2165 2176 2514 2222 monumento,
2546 2171 2726 2227 quarto
2756 2162 2838 2212 die
2863 2163 2967 2225 jam
2998 2162 3227 2213 lwtidnm
3256 2175 3441 2213 evoca-

1928 2229 2016 2280 vit.
2072 2230 2251 2280 Lector
2299 2230 2392 2281 fuit
2434 2232 2638 2294 quando
2680 2228 2861 2281 librum
2906 2230 3065 2279 Esaia:
3098 2230 3361 2295 propheta:
3392 2230 3440 2279 in

1928 2296 2099 2365 medio
2128 2297 2468 2365 synagogzuitt
2498 2310 2645 2348 aures
2674 2297 2806 2360 plebi
2840 2295 3055 2362 aperuit.
3083 2297 3220 2365 legit,
3245 2307 3297 2349 et
3323 2312 3439 2348 cum

1932 2364 2291 2428 replicuisset,
2346 2364 2580 2417 ministro
2645 2364 2868 2415 tradidit.
2938 2364 3299 2417 SttltdiaCitnus
3351 2365 3442 2414 fuit

1928 2434 2133 2496 quando
2177 2448 2359 2497 aquam
2410 2434 2458 2485 in
2508 2430 2693 2498 pelvim
2740 2434 2896 2491 misit,
2945 2441 2997 2483 et
3049 2431 3308 2485 humiliter
3350 2446 3439 2483 sua

1932 2510 2116 2563 Sponte
2139 2503 2294 2566 pedes
2314 2501 2675 2566 discipulortuu
2701 2502 2835 2552 lavit.
2856 2500 3107 2553 Diacouus
3131 2500 3222 2554 fuit
3242 2501 3443 2566 quando

1927 2569 2137 2620 calicem
2189 2570 2468 2631 benedixit,
2516 2581 2566 2621 et
2613 2570 2858 2634 apostolis
2902 2571 3008 2620 suis
3051 2571 3112 2620 ad
3165 2569 3439 2622 bibendum

1930 2637 2175 2700 porrexit.
2221 2637 2489 2703 Presbyter
2528 2639 2621 2689 t‘oit
2650 2638 2854 2703 quando
2886 2652 3067 2700 panem
3110 2638 3324 2690 benedix
3351 2649 3367 2689 t
3394 2648 3445 2691 et

1932 2706 2009 2754 eis
2034 2706 2269 2757 similiter
2297 2706 2522 2757 tradidit.
2559 2706 2838 2771 Episcopus
2866 2708 2960 2758 luit
2993 2706 3200 2770 quando
3231 2710 3279 2759 in
3310 2718 3449 2759 tem-

1929 2773 2012 2849 plo
2054 2775 2287 2849 populos,
2329 2774 2464 2849 sient
2502 2782 2807 2849 potestatein
2849 2774 3062 2837 habens,
3106 2790 3317 2849 regnum
3361 2776 3447 2827 llei

1881 2897 1894 2909 ο
1928 2840 2160 2892 docebat.
2216 2842 2275 2893 Et
2328 2842 2437 2893 ltmc
2486 2842 2694 2909 quidem
2742 2845 2897 2896 etiam
2950 2840 3185 2897 sanctus'
3215 2845 3449 2910 Ephrem

1928 2920 2299 2962 commemorat
2328 2911 2580 2963 similiter.

1993 2978 2080 3029 20.
2124 2978 2248 3029 Nam
2278 2979 2412 3045 quod
2458 2992 2484 3029 a
2527 2977 2732 3043 pr0prio
2770 2980 3017 3045 discipulo
3061 2995 3159 3032 IX!
3191 2981 3446 3044 argenteis

1930 3046 2268 3097 venuindatur
2292 3045 2502 3107 πόλεις,
2527 3058 2646 3098 ante
2668 3049 3033 3113 prsesignatum
3053 3060 3129 3100 est
3153 3049 3201 3098 in
3223 3046 3449 3111 .lo:epho

1931 3118 2038 3165 su;s
2083 3114 2321 3167 fratribus
2368 3114 2676 3167 lsmahetitis
2700 3116 2963 3167 distraeto.
3014 3118 3158 3178 Quod
3188 3127 3356 3167 autem
3389 3116 3447 3166 Ii-

1931 3193 2079 3249 gntus
2106 3198 2134 3235 a
2164 3184 2409 3236 ministris
2436 3183 2770 3236 tlebra'orum
2800 3184 3001 3236 dest-rih
3028 3197 3127 3248 tur,
3166 3195 3219 3234 ut
3247 3198 3337 3235 eos
3364 3200 3447 3249 qm

1933 3252 2138 3303 diabolo
2166 3253 2441 3317 compediti
2488 3253 2793 3305 tenebantur
2837 3253 3147 3315 abSiilveret,
3193 3262 3245 3305 et
3289 3267 3451 3303 nexus

1934 3328 2255 3387 peccatorum
2293 3319 2659 3385 confringeret.
2704 3322 2765 3373 Et
2805 3338 2869 3385 qu
2896 3322 2938 3373 id
2980 3322 3159 3387 palmis
3187 3321 3235 3371 in
3266 3320 3447 3372 facient

1934 3388 2249 3449 vetberatur,
2279 3388 2425 3440 nobis
2451 3403 2623 3439 vetant
2655 3388 2939 3440 libertatein
2966 3388 3193 3441 donavit.
3225 3391 3285 3441 Et
3312 3393 3448 3456 quod

1932 3456 2159 3523 colaphis
2209 3456 2374 3523 capite
2408 3456 2640 3518 cmditur,
2692 3468 2919 3509 nostrum
2970 3470 3048 3508 cst
3086 3459 3291 3509 sanitati
3338 3458 3450 3510 red-

1931 3525 2093 3577 ditutn
2120 3532 2289 3591 caput.
2329 3527 2389 3577 I‘Zt
2417 3526 2549 3592 quod
2590 3526 2865 3576 immundis
2894 3526 3264 3589 Sputamiaibus
3294 3529 3448 3590 perli—
3493 3546 3502 3556 -

1933 3594 2091 3656 nitur,
2120 3608 2147 3644 a
2180 3603 2354 3645 nostra
2384 3593 2510 3645 facie
2537 3594 2776 3646 abstvrsit
2820 3596 3170 3659 opprobrium.
3224 3594 3285 3645 Et
3315 3596 3449 3658 quod

1929 3662 2085 3714 dorso
2114 3663 2328 3729 ﬂagellis
2370 3662 2689 3722 verberatur,
2736 3678 2762 3713 a
2804 3662 2949 3714 nobis
2992 3664 3165 3727 plagas
3195 3664 3375 3713 mortis
3402 3672 3453 3714 ut

1931 3732 2117 3782 diaboli
2148 3731 2343 3796 ﬂagella
2369 3730 2601 3781 dimovit:
2634 3730 2695 3781 Et
2721 3731 2856 3795 quod
2888 3741 3006 3781 ante
3034 3732 3254 3781 tribunal
3287 3731 3448 3780 i‘outii

1932 3799 2082 3851 Pilati
2114 3798 2299 3861 adstat,
2326 3812 2352 3847 a
2384 3799 2531 3849 nobis
2560 3806 2805 3849 teiroreui
2838 3807 2988 3862 atque
3017 3798 3341 3850 foi'Inidiuetn
3373 3802 3449 3861 ju-

1929 3869 2099 3918 dicuiu
2131 3876 2185 3919 ct
2216 3870 2499 3933 principum
2535 3868 2682 3932 hujus
2724 3866 2898 3917 mundi
2937 3868 3161 3919 abstulit.
3213 3870 3271 3917 ist
3312 3870 3445 3932 quod

1930 3937 2116 3987 multos
2171 3944 2330 3987 testes
2385 3935 2541 3986 I‘alsos
2594 3936 2837 4001 pertulit,
2896 3945 3189 3987 Sanctorum
3243 3950 3450 3987 suorum

1928 4016 2108 4056 contra
2140 4008 2322 4068 impios
2352 4004 2697 4055 testimonium
2727 4004 3064 4055 continuarit.
3108 4003 3249 4066 Quod
3280 4016 3449 4055 autem

1930 4074 2063 4125 inter
2109 4074 2307 4137 iniquos
2344 4074 2616 4141 deputatus
2656 4079 2752 4131 est,
2802 4082 2855 4122 ut
2886 4072 3015 4123 tilios
3056 4072 3322 4141 adoptivos
3367 4088 3454 4136 por

1930 4144 2079 4192 tidem
2108 4143 2406 4208 angelorum
2439 4142 2707 4207 participes
2734 4141 3128 4208 demonstraret.
3158 4140 3301 4204 Quod
3332 4155 3453 4191 vero

1930 4225 2083 4261 unum
2112 4206 2429 4271 susceperit,
2472 4208 2685 4261 al‘eruut
2718 4206 3061 4273 reprohaverit
3081 4246 3095 4268 ,
3127 4219 3179 4259 ut
3206 4218 3450 4275 quantum

1929 4278 2130 4329 intersit
2161 4278 2292 4328 inter
2322 4278 2656 4329 httllllltl'tieltl
2695 4286 2743 4327 et
2772 4278 3065 4341 superbiam
3087 4316 3100 4336 ,
3131 4289 3179 4328 et
3206 4290 3453 4343 quantum

1926 4348 2220 4412 desperatio
2249 4347 2314 4397 ab
2351 4360 2442 4411 spe
2485 4347 2683 4407 salutis,
2728 4346 2801 4397 vel
2849 4361 2875 4397 a
2924 4347 3113 4397 malitia
3157 4345 3311 4397 distet
3355 4352 3454 4400 cle-

1930 4416 2119 4466 mentia
2143 4453 2157 4477 ,
2188 4414 2582 4467 demonstraret.
2624 4414 2687 4465 Et
2723 4414 2857 4479 quod
2888 4415 3046 4474 clavis
3074 4415 3367 4481 conligitur,
3401 4428 3455 4468 ut

303 4500 457 4549 quem
489 4473 619 4535 intra
650 4473 862 4536 delicias
892 4473 1111 4548 paradisi
1137 4473 1367 4533 diabolus
1398 4482 1621 4544 vicerat,
1656 4486 1739 4538 hic
1770 4473 1818 4539 in
1858 4473 1905 4531 D
1928 4473 2161 4534 aculeum
2190 4484 2390 4546 mortis,
2420 4484 2503 4548 qui
2539 4482 2687 4534 nobis
2718 4473 2879 4534 luerat
2910 4473 3264 4547 pertnolestu's,
3292 4473 3446 4549 signi-

303 4559 512 4605 deserto
541 4567 655 4605 cum
690 4552 895 4604 inimico
925 4552 1199 4618 centligere
1227 4553 1457 4617 cupiens,
1491 4560 1543 4602 ut
1572 4568 1659 4616 per
1682 4552 1817 4620 jeju-

303 4624 375 4672 nii
420 4636 606 4673 munus
653 4621 717 4672 de
759 4622 845 4672 illo
878 4621 1141 4671 victoriam
1181 4621 1408 4685 capiens.
1439 4622 1674 4673 omnibus
1716 4624 1824 4675 suis

303 4691 541 4742 lidelibus
592 4690 819 4741 traderet
864 4688 1283 4739 conculcandutn.
1344 4687 1416 4739 De
1460 4703 1557 4753 qua
1609 4692 1823 4743 victoria

301 4772 425 4811 ame
472 4758 721 4826 propheta
766 4757 1042 4826 Zacharias
1069 4755 1253 4808 cecinit
1296 4756 1517 4826 dicens:
1550 4756 1691 4819 Vidi,
1744 4760 1822 4810 in-

302 4827 429 4893 quit,
458 4824 633 4879 lesum
662 4825 982 4878 sacerdotem
1010 4837 1269 4893 magnum,
1301 4832 1353 4874 et
1378 4824 1547 4877 stabat
1573 4839 1601 4875 a
1629 4830 1825 4881 dextris

302 4892 416 4960 eius
445 4897 719 4957 diabolus,
765 4897 812 4947 id
842 4905 922 4947 est
950 4909 1009 4945 ex
1056 4902 1199 4959 parte
1232 4892 1444 4958 justitiae
1464 4932 1477 4953 ,
1509 4898 1825 4948 concinuans

304 4970 471 5016 notos.
504 4966 565 5015 ιιι
590 4964 693 5015 dixi
727 4963 790 5015 ad
828 4980 944 5014 eum
980 4980 989 5013 :
1026 4960 1257 5027 Increpet
1286 4961 1373 5012 tibi
1406 4964 1677 5025 Dominus,
1711 4964 1821 5015 dia-

303 5032 451 5091 bole,
480 5034 564 5097 qui
596 5031 799 5085 redimit
832 5030 1049 5092 Israhel,
1078 5042 1126 5083 et
1155 5028 1309 5095 elegit
1337 5029 1652 5082 Hierusalem
1680 5048 1692 5081 :
1720 5047 1821 5083 no-

304 5102 381 5153 bis
422 5114 544 5169 ergo
573 5100 694 5152 vicit
722 5103 807 5167 qui
837 5100 980 5152 scius
1012 5100 1275 5155 victoriam
1305 5106 1367 5149 de
1396 5098 1605 5151 diaban
1634 5114 1823 5168 capere

375 5236 398 5262 ‘
447 5234 612 5288 Locus
668 5234 814 5286 valde
865 5234 1103 5287 notabilis
1153 5234 1220 5287 ob
1272 5233 1623 5285 restimandam
1678 5232 1827 5299 hujus

301 5303 546 5359 Chronici
575 5304 950 5370 antiquitatem.
986 5303 1185 5355 Etenim
1216 5313 1393 5370 auctor
1420 5312 1563 5351 vetus
1593 5302 1826 5363 epistola:

300 5375 367 5423 de
402 5371 670 5439 ordinibus
706 5368 940 5424 coclesiaz
980 5371 1074 5439 (S.
1119 5370 1328 5422 Hieron.
1362 5368 1519 5433 0pp.,
1556 5380 1653 5419 tom
1709 5371 1825 5433 ult.,

302 5455 351 5505 ιι.
388 5438 530 5505 115),
569 5441 777 5506 primus,
817 5438 1009 5507 inquit,
1051 5441 1101 5489 in
1138 5441 1325 5491 clericis
1362 5439 1677 5503 [ussnriornm
1707 5443 1828 5489 ordo

300 5517 392 5571 at,
423 5523 574 5573 quem
605 5521 777 5561 ItoSter
802 5520 971 5567 tamen
998 5510 1139 5573 ponit
1166 5512 1466 5559 secundum.
1495 5507 1826 5557 Animadver-

303 5578 559 5636 titantem
600 5578 837 5643 Aringius
876 5580 1022 5628 lium.
1058 5578 1193 5628 subl.
1227 5577 1287 5628 Τ.
1320 5578 1363 5635 l,
1399 5592 1446 5639 p.
1478 5578 1560 5631 00,
1595 5578 1829 5641 (essurio:

304 5650 399 5696 hos
427 5646 660 5696 ecclesia:
698 5648 991 5707 ministros,
1030 5645 1129 5697 dici
1182 5654 1427 5701 κοπώντας
1459 5660 1485 5691 :t
1535 5647 1587 5695 S.
1640 5645 1830 5707 lguatio

305 5714 457 5784 epist.
505 5714 567 5765 ad
610 5714 875 5779 ΑιιιιυειιἼ
922 5727 969 5768 ct
1002 5717 1234 5775 xonm');
1285 5730 1310 5766 it
1354 5717 1405 5769 5.
1462 5712 1743 5782 Epiphanio
1779 5715 1826 5765 iu

1928 4552 2106 4603 iiearet
2152 4566 2267 4603 esse
2311 4550 2646 4603 destructum:
2695 4552 2837 4613 Quod
2882 4565 3001 4600 vero
3044 4560 3211 4601 vestes
3251 4552 3361 4616 ejus
3405 4554 3453 4601 in

1924 4632 2116 4671 sortem
2153 4620 2461 4681 ceciderint,
2504 4628 2560 4671 ut
2602 4633 2718 4671 sors
2751 4628 3045 4669 sanctorum
3078 4618 3367 4670 tlrmaretur
3405 4624 3451 4671 in

1924 4690 2078 4740 ctBlo.
2384 4725 2390 4731 .

1990 4757 2077 4807 2|.
2120 4756 2180 4809 Et
2208 4757 2340 4822 quod
2379 4756 2533 4807 etiam
2578 4752 2779 4819 propria
2825 4763 3107 4820 potestate,
3154 4761 3319 4806 morte
3356 4768 3449 4806 sua

1927 4824 2105 4877 habtnt
2147 4824 2487 4889 expletionetn
2527 4822 2733 4882 dicens,
2773 4824 3192 4874 Consummatum
3240 4830 3347 4884 est,
3399 4835 3451 4874 ct

1925 4894 2168 4945 inclinato
2193 4894 2359 4958 capite
2390 4892 2593 4943 tradidit
2621 4892 2887 4958 spiritum;
2922 4901 3124 4957 propter
3154 4891 3273 4942 illud
3303 4906 3314 4940 :
3350 4890 3451 4941 Po-

1928 4971 2162 5015 testatem
2196 4962 2357 5013 habeo
2396 4960 2613 5024 ponendi
2657 4963 2880 5010 animum
2914 4976 3107 5017 iui-am,
3139 4968 3190 5010 ct
3229 4967 3451 5022 potesta-

1926 5041 2026 5083 tein
2060 5032 2222 5083 habeo
2251 5033 2432 5087 iterum
2462 5030 2697 5081 sumendi
2722 5044 2867 5084 eam;
2895 5042 2958 5079 eo
2979 5030 3110 5093 quod
3141 5027 3448 5077 sacriticiuiu

1926 5100 2268 5153 voluntarium
2300 5114 2357 5153 se
2390 5100 2557 5166 ipsum
2584 5100 2768 5165 optulit
2798 5099 2932 5147 l'atri
2966 5110 3055 5161 pro
3085 5097 3248 5147 nobis.
3278 5098 3441 5158 Quod-

1927 5245 2047 5295 exp.
2079 5230 2164 5281 tid.
2200 5230 2462 5283 Boldettus
2504 5227 2553 5279 in
2582 5226 2904 5279 Cmuicicriis
2946 5227 3045 5297 lib.’
3076 5240 3121 5284 t,
3163 5224 3253 5297 t5,
3278 5223 3342 5276 de
3374 5222 3449 5297 his

1928 5294 2233 5349 Christianis
2281 5297 2508 5350 tossariis
2556 5311 2645 5346 seu
2695 5296 2973 5346 fossoribus
3019 5294 3165 5345 docte
3210 5294 3449 5349 disserit,

1930 5367 2252 5431 exbibctque
2282 5366 2553 5432 imaginem
2581 5369 2627 5413 iu
2657 5368 2851 5427 cryptis
2877 5363 3035 5414 sacris
3060 5372 3311 5425 repertam
3332 5374 3448 5410 cum

1929 5434 2257 5497 inscriptioiie
2276 5436 2552 5488 Diuesass.
2575 5432 2788 5484 Fesson.
2805 5448 2849 5482 iv
2874 5448 3017 5485 νιεκ.
3038 5443 3333 5491 οενοδιτυδ,
3348 5442 3446 5480 etc.

1931 5500 2089 5551 l‘orro
2117 5503 2179 5551 de
2221 5508 2463 5554 varietate
2492 5516 2550 5553 ac
2579 5503 2904 5554 multitudine
2936 5514 3185 5550 nunerum
3213 5499 3450 5549 ordinum

1928 5570 2059 5634 apud
2095 5571 2262 5622 varias
2294 5572 2568 5630 Ecclesias,
2602 5570 2769 5635 legere
2802 5569 3025 5635 proderit
3052 5582 3165 5631 qua:
3194 5567 3367 5617 scribit
3402 5580 3450 5613 tu

1929 5640 2287 5691 dissertatione
2328 5642 2392 5691 de
2437 5641 2589 5691 rebus
2628 5638 2811 5688 cccles.
2845 5638 2989 5702 ci'ipi,
3024 5636 3274 5698 .losephus
3304 5639 3446 5687 Asse-

1932 5722 2111 5762 tuautis
2142 5710 2329 5775 Si'iipt.
2370 5708 2477 5763 γει.
2510 5716 2631 5760 toni.
2673 5707 2728 5769 ι’,
2761 5718 2888 5776 part.
2925 5722 2978 5769 ιι,
3012 5722 3126 5773 ναις.
3159 5707 3175 5757 ι
3220 5704 3270 5755 7.
