3898 6302
624 369 757 434 ῙῙἸΘ

1518 341 1614 432 ii)
1655 371 2081 433 MAR’IYROL.
2122 371 2367 449 Bene,
2399 370 2879 432 APPENDICES.

3636 373 3732 442 11833

629 494 837 544 nubium
889 475 1060 544 sancti
1112 491 1245 540 ΡΜιῆ
1277 533 1290 554 ,
1347 489 1567 554 qualiter
1604 489 1918 540 constituere
1972 488 2131 540 delie-
2163 493 2206 546 Α
2237 497 2291 555 et
2316 487 2514 555 aliquos
2549 503 2637 550 per
2680 499 2840 540 totum
2885 503 3032 539 suum
3087 494 3307 551 regnum
3357 489 3654 555 diSpergere,
3686 509 3724 547 ει

633 570 728 611 mi.
762 560 826 611 Et
853 561 903 610 in
937 562 1043 624 ipso
1072 574 1204 610 anno
1229 557 1449 623 perrexit
1494 559 1542 608 in
1573 558 1815 619 Saxonis,
1869 563 1922 608 et
1947 556 2134 608 ibidem

628 627 884 680 hiemavit.
2132 663 2135 668 .

701 707 968 748 neexcvm.
1015 691 1196 745 Cat-lus
1244 693 1291 742 iu
1343 691 1559 743 Saxonia
1609 691 1890 751 hiemavit,
1935 699 1981 741 et
2031 699 2136 743 tota

630 773 806 812 :rstate
837 762 1021 813 illidem
1069 764 1176 822 l'nit,
1222 771 1273 810 et
1303 760 1526 822 hospites
1565 761 1861 820 capitaneos
1907 758 2046 812 mille
2076 775 2136 811 nt:

629 829 745 880 inde
767 830 993 891 adduxit,
1023 838 1074 882 et
1102 845 1189 890 per
1221 828 1483 879 Franciam
1512 827 1703 879 dixisit.

697 911 928 949 D('C&Clx.
979 898 1192 948 llotnaui
1239 910 1329 960 per
1371 896 1608 946 invidiam
1657 893 2134 945 condemnavernnt

626 979 802 1029 papam
836 965 1079 1024 Leonem,
1128 964 1310 1022 etipse
1359 964 1463 1014 Leo
1508 961 1643 1012 venit
1686 962 1747 1012 ad
1795 962 2035 1014 Carolum
2084 962 2134 1012 in

616 1031 913 1093 Franciam,
945 1042 994 1083 et
1023 1033 1130 1095 ipse
1159 1031 1380 1088 restituit
1405 1046 1518 1080 eum
1543 1029 1592 1080 in
1623 1031 1744 1080 sede
1773 1043 1884 1080 sua.

694 1113 837 1152 IICCC.
885 1100 1064 1150 (Larius
1107 1113 1189 1149 rex
1244 1097 1335 1149 l'uit
1381 1099 1442 1148 ad
1496 1110 1638 1148 mare
1682 1107 1731 1146 ut
1785 1097 2037 1161 piscaret,
2083 1105 2137 1147 et

624 1167 922 1231 Lentgaulis
952 1167 1121 1230 regina
1151 1165 1295 1226 obiit,
1343 1175 1394 1217 et
1422 1167 1504 1216 ille
1535 1165 1756 1228 perrexit
1801 1165 1863 1214 ad
1894 1165 2136 1231 lioinatn,

619 1244 672 1284 «ιι
703 1230 988 1299 μεθυίιίρίινὶι
1034 1235 1291 1285 llomauos
1338 1243 1390 1284 et
1433 1248 1614 1299 papam
1650 1232 1898 1294 Leonem,
1947 1243 1998 1284 et
2026 1230 2132 1284 Leo

621 1303 875 1353 benedixit
904 1316 1018 1352 eum
1047 1305 1109 1353 ad
1139 1303 1518 1366 imperamrem.

688 1383 849 1422 DCtICI.
883 1371 1058 1420 tlarlns
1090 1371 1363 1435 imperator
1394 1385 1420 1419 a
1452 1369 1611 1420 Roma
1654 1368 1858 1419 rediens
1880 1367 1952 1418 ad.
1974 1368 2132 1434 Aquis

625 1436 868 1487 Palatium
901 1439 1195 1495 revertitur,
1221 1439 1286 1487 'et
1319 1438 1366 1487 in
1398 1438 1510 1502 ipso
1538 1452 1673 1486 anno
1717 1436 1947 1488 Sat-acini
1990 1437 2131 1487 exieo

623 1514 736 1554 runt
768 1504 922 1564 foras,
951 1515 998 1555 et
1024 1521 1048 1554 τι
1083 1505 1293 1555 l’rani-is
1326 1506 1579 1555 interfecti
1608 1513 1746 1554 sunt.

689 1586 872 1624 IiCCCll.
905 1573 1082 1623 Carlns
1109 1574 1229 1636 imp.
1279 1573 1340 1622 ad
1388 1571 1544 1635 Aquis
1577 1573 1826 1622 Palatium
1858 1571 2133 1622 concilium

624 1639 814 1696 habuit.
848 1649 901 1690 ut
929 1641 975 1691 ei
1008 1654 1186 1691 omnes
1215 1642 1525 1703 geteraliter
1556 1641 1851 1691 ﬁdelitatem
1873 1639 2131 1705 jurai-ent,

616 1707 873 1767 H.0ltﬂClll,
906 1709 1171 1771 canonici;
1202 1712 1268 1759 ita
1298 1717 1350 1758 et
1373 1710 1623 1761 fecerunt.

682 1789 882 1826 DCCCIII.

684 1856 876 1894 ncccw.
922 1841 1097 1894 Carlns
1146 1847 1270 1908 imp.
1319 1848 1433 1894 cu'm
1465 1843 1642 1896 liberis
1679 1843 1787 1895 suis
1823 1850 1872 1894 et
1918 1840 2132 1895 Francis

613 1907 839 1960 Saxiinia
868 1909 1133 1965 ingressus
1159 1907 1257 1974 est,
1304 1920 1356 1964 et
1382 1913 1584 1980 aliquos
1607 1912 1763 1977 jussit
1808 1909 2127 1975 interﬁcere,

628 2045 674 2055 ο.-

613 2059 751 2078 μ

687 2047 864 2056 νη..-

1112 2237 1388 2407 DE
1557 2235 2175 2413 LOCIS
2364 2233 3238 2516 SANcTIs

1857 2549 2482 2647 LIBELLUS.

809 2741 1026 2813 QUEM
1085 2741 1186 2802 DE
1245 2739 1664 2802 OPUSCULIS
1733 2737 2109 2801 MAJORUM
2161 2737 2727 2798 ABBREVIANDO
2788 2741 3000 2799 BEDA
3069 2741 3520 2803 COMPOSUIT.

1115 2908 1206 2970 (Ex
1233 2906 1449 2956 editione
1490 2907 1548 2956 D.
1579 2906 1623 2956 J.
1671 2908 1730 2958 Λ.
1768 2906 1919 2966 Giles,
1969 2863 2114 2968 Opp.
2141 2918 2252 2955 ven.
2290 2905 2453 2964 Bedte,
2497 2911 2610 2954 tom.
2662 2904 2743 2964 IV,
2796 2902 3019 2964 Londini,
3069 2903 3226 2964 1883.)

880 3226 1004 3280 ΕΜ).
1048 3226 1180 3317 1.;—
1215 3224 1284 3277 De
1323 3225 1424 3275 sita
1452 3221 1802 3274 Hierusalem.

647 3399 792 3453 Situs
845 3397 988 3452 urbis
1038 3395 1366 3450 Hierusalem
1399 3410 1530 3460 pene
1567 3395 1616 3446 in
1665 3395 1844 3447 orbein
1890 3395 2121 3447 circum-

575 3503 747 3556 actus,
802 3505 904 3543 non
969 3504 1132 3557 parvo
1165 3501 1435 3540 murorum
1491 3484 1690 3537 ambitu
1719 3485 1972 3551 assurgit,
2008 3500 2117 3551 quo

575 3585 737 3635 etiam
772 3588 1003 3634 montem
1034 3580 1159 3631 Sion
1191 3582 1453 3646 quondam
1504 3576 1732 3628 vicinum
1775 3577 1910 3628 intra
1944 3591 2002 3628 se
2034 3590 2114 3628 re-

573 3675 728 3740 cipit,
765 3673 854 3739 qui
909 3688 936 3722 a
970 3671 1190 3723 meridie
1219 3665 1421 3737 positus
1468 3683 1560 3735 pro
1594 3683 1718 3721 arce
1757 3667 1870 3719 urbi
1904 3680 2117 3734 supere-

574 3765 756 3825 minet,
787 3771 842 3816 et
901 3760 1067 3829 major
1116 3776 1236 3826 pars
1273 3759 1501 3812 civitatis
1533 3757 1668 3810 infra
1697 3767 1925 3812 montem
1949 3757 2110 3826 jacet,

573 3856 623 3905 in
663 3853 882 3921 planitie
945 3851 1244 3905 liumilioris
1289 3849 1442 3902 collis
1482 3849 1600 3902 sita.
1660 3849 1784 3902 Post
1812 3849 2112 3915 passionem

569 3947 762 4013 quippe
802 3943 1009 3997 Domini
1042 3960 1069 3994 a
1109 3942 1228 3995 Τιιο
1255 3943 1577 4010 imperatore
1607 3941 1896 4004 destructa,
1922 3939 2013 3992 sed
2044 3938 2110 3991 ab

569 4033 709 4088 ΛΞΙῑυ
733 4034 1000 4086 Hadriano
1027 4032 1256 4094 Ctesare,
1291 4049 1320 4084 a
1350 4048 1455 4098 quo
1482 4032 1640 4084 etiam
1671 4029 1813 4083 Elia
1848 4045 1986 4082 nunc
2017 4044 2112 4082 vo-

570 4133 740 4181 ratur,
769 4125 1058 4175 instaurata
1080 4123 1347 4189 multoque
1371 4122 1596 4189 amplior
1621 4119 1806 4173 elIecta
1835 4128 1934 4173 est.
1959 4119 2112 4174 Unde

568 4211 670 4275 est,
700 4213 838 4278 quod
872 4226 993 4263 cum
1029 4211 1282 4265 Dominus
1311 4220 1460 4263 extra
1494 4218 1672 4276 portas
1717 4210 1863 4262 urbis
1920 4224 2110 4277 passus

569 4301 910 4368 sepultusque
937 4303 1032 4364 sit,
1059 4299 1216 4353 modo
1245 4301 1354 4353 loca
1381 4301 1644 4367 passionis
1682 4308 1735 4350 et
1760 4299 2109 4352 resurrectio-

567 4395 649 4446 nis
677 4393 816 4444 illius
846 4393 982 4444 intra
1018 4391 1257 4460 ejusdem
1292 4391 1483 4444 muenia
1531 4401 1838 4453 cernantur,
1877 4389 2026 4456 cujus
2053 4389 2104 4440 in

569 4497 756 4550 magno
801 4497 1072 4534 murorum
1113 4481 1309 4532 ambitu
1360 4483 1625 4547 octoginta
1655 4492 1883 4548 quatuor
1910 4491 2100 4541 turres,

558 4586 732 4640 perite
768 4588 892 4625 vero
913 4588 1005 4625 sex
1038 4572 1294 4624 visuntur.
1324 4570 1499 4623 l’rima
1526 4581 1673 4638 porta
1724 4571 1884 4624 David
1921 4573 1983 4623 ad
2009 4586 2103 4624 oc-

563 4665 827 4716 cidentem
860 4664 1053 4715 montis
1080 4661 1206 4714 Sion
1240 4678 1254 4714 :
1286 4663 1516 4716 seetitiila
1552 4675 1700 4728 porta
1736 4663 1888 4714 vallis
1930 4663 2106 4716 Fullo-

565 4754 646 4804 nis
681 4770 693 4805 :
730 4754 884 4806 tertia
936 4755 1084 4821 porta
1145 4754 1325 4806 Sancti
1376 4752 1630 4822 Str-phani
1661 4773 1674 4806 :
1709 4764 1895 4821 quarta
1948 4765 2100 4822 porta

562 4841 838 4908 llenjamin
871 4859 884 4896 :
916 4844 1094 4907 quinta
1132 4843 1357 4910 portula,
1415 4845 1463 4894 id
1509 4854 1608 4909 est,
1654 4845 1872 4912 parvula
1928 4857 2101 4910 porta,

564 4934 630 4984 ab
658 4932 758 4985 hac
785 4946 879 4998 per
908 4933 1098 5000 gradus
1127 4935 1191 4986 ad
1211 4934 1398 4986 vallem
1433 4935 1690 5003 Josapliat
1727 4935 2098 4989 descenditur:

563 5033 710 5076 sexta
769 5031 916 5091 porta
977 5023 1274 5077 Thecuitis:
1315 5023 1649 5079 Celebrinres
1692 5036 1863 5080 tamen
1908 5039 1969 5078 ex
2017 5025 2102 5079 bis

561 5124 682 5166 sunt
708 5122 815 5166 tres
832 5114 1007 5167 exitus
1035 5127 1307 5181 portarum
1345 5134 1355 5168 :
1385 5131 1520 5167 unus
1554 5118 1762 5182 quidem
1794 5119 1860 5170 ab
1884 5132 2096 5181 occasu,

560 5205 696 5257 alius
722 5219 750 5256 a
784 5205 1167 5272 septentrione,
1211 5206 1398 5280 tertius
1426 5207 1491 5257 ab
1536 5206 1763 5258 oriente.
1798 5205 1843 5258 A
1879 5206 2100 5258 meridie

562 5306 768 5360 autem,
799 5295 1102 5364 aquilonale
1127 5297 1322 5350 montis
1354 5297 1482 5350 Sion
1515 5297 1852 5363 supercilium
1875 5313 2099 5365 supere-

562 5387 729 5439 minet
753 5390 973 5450 civitati,
1013 5397 1062 5440 et
1087 5404 1145 5440 ea
1183 5402 1301 5454 pars
1328 5402 1598 5440 murorum
1623 5403 1741 5439 cum
1766 5388 2098 5454 interpositis

560 5479 796 5531 turribus
829 5479 1002 5533 nullas
1038 5479 1234 5532 habere
1276 5489 1456 5546 portas
1498 5481 1893 5548 comprobatur,
1921 5481 1971 5534 id
1995 5490 2094 5542 est,

560 5585 588 5619 a
616 5573 978 5638 suprascripta
1027 5570 1189 5623 David
1239 5579 1411 5639 porta,
1448 5587 1612 5638 usque
1645 5572 1707 5623 ad
1745 5586 1861 5624 cant
1901 5572 2096 5626 montis

561 5657 688 5712 Sion
723 5659 973 5727 frontem,
1011 5678 1125 5731 qua:
1174 5673 1441 5732 prmrupta
1487 5678 1612 5733 rupe
1658 5664 1972 5718 orientalem
2011 5679 2096 5718 rc-

2143 3090 2216 3100 .-

2239 554 2345 608 Leo
2380 571 2504 621 papa
2539 557 2723 606 itm-um
2750 557 2890 608 venit
2914 557 2962 606 in
2995 555 3233 608 Francia.
3543 554 3552 555 ί
3804 554 3805 614 ξ

2310 638 2487 676 eccm.
2521 626 2698 674 (fartus
2741 624 2862 688 imp.
2909 624 3193 674 transmisit
3227 625 3383 674 tilium
3434 638 3573 676 suum
3598 624 3720 679 liam—
3804 643 3805 668 ἢ

2243 692 2344 743 lum
2376 707 2489 744 cum
2517 694 2749 743 exercitu
2776 692 2824 744 in
2855 689 3196 744 Weneilunia.

2307 774 2505 812 DCCCVI.
2535 759 2717 812 Carius
2764 761 2889 825 imp.
2935 759 3110 811 divisit
3159 773 3380 828 regnum
3433 774 3573 811 suum
3616 765 3715 815 Inter

2239 825 2366 876 ﬁlius
2396 842 2536 879 suos.

2306 909 2523 947 recerti.
2556 894 2771 948 Karolns
2793 896 2917 956 imp.
2948 895 3198 960 placitum
3232 895 3409 946 habuit
3435 895 3711 948 adConﬂlm

2236 976 2352 1013 cum
2386 961 2612 1023 Francis,
2662 974 2714 1016 et
2759 964 2829 1016 illi
2862 963 3115 1016 dederunt
3154 964 3290 1015 dona
3331 978 3447 1025 sua,
3490 973 3539 1016 et
3563 980 3711 1019 remst

2238 1039 2357 1081 sunt
2387 1030 2447 1079 ad
2483 1028 2705 1096 propria.

2306 1112 2536 1151 nccevnt.
2572 1098 2890 1152 Gmlel'redns
2928 1114 3019 1151 rex
3061 1098 3440 1151 Normanorum
3471 1113 3576 1149 cum
3601 1117 3710 1151 uer.

2235 1165 2339 1217 citu
2369 1167 2504 1216 venit
2537 1168 2586 1216 in
2616 1165 2953 1230 chedonia,
2991 1177 3043 1218 et
3079 1166 3304 1218 Carolus
3328 1168 3450 1227 imp.
3477 1174 3708 1219 munisti

2239 1233 2396 1289 lilium
2425 1249 2571 1283 sumn
2601 1237 2833 1284 tiarolnm
2865 1246 3040 1286 contra
3070 1250 3211 1294 eum,
3243 1247 3295 1286 ut
3321 1247 3578 1286 res;sterct
3600 1240 3707 1295 εἰμι

2239 1303 2324 1353 ille
2355 1317 2588 1352 reversus
2617 1313 2692 1353 est
2719 1303 2766 1352 in
2799 1311 3005 1354 terram.

2305 1383 2501 1420 θείας.
2530 1370 2662 1419 lluc
2689 1385 2823 1420 anno
2871 1372 2961 1423 fuit
3009 1371 3272 1421 iuunditio
3320 1385 3562 1435 aquarum
3601 1372 3702 1425 ιεὼς,

2235 1439 2399 1502 qualis
2425 1447 2570 1488 antra
2617 1453 2872 1502 nunquam
2905 1439 2996 1489 fuit
3025 1438 3072 1488 in
3101 1448 3235 1489 terra
3285 1443 3380 1488 ista
3414 1441 3535 1495 visa.
3575 1448 3619 1490 et
3641 1447 3707 1487 ἕπει

2239 1518 2266 1554 v
2302 1503 2401 1554 kal.
2432 1505 2638 1557 Januar.
2684 1506 2956 1558 altissima.
3005 1507 3064 1557 Ει
3088 1508 3136 1556 in
3169 1510 3263 1557 hoc
3291 1522 3427 1558 anno
3460 1509 3545 1556 fuit
3575 1510 3704 1557 eleva-

2237 1580 2340 1622 tum
2398 1574 2686 1636 sepulcrum
2744 1575 2904 1625 sancti
2959 1577 3174 1624 Aman-li
3227 1575 3453 1637 episCOpi
3522 1589 3583 1624 ut
3627 1575 3702 1626 ιιι,

2235 1639 2473 1702 Ostenta,
2512 1649 2562 1692 et
2608 1643 2897 1694 restitutum
2947 1641 2996 1693 in
3042 1643 3206 1693 locum
3257 1658 3407 1693 suum
3437 1658 3464 1693 ι
3508 1642 3598 1693 ιλιι.
3635 1641 3706 1691 Νυ-

2236 1710 2432 1759 vembr.

2306 1790 2493 1826 ucccx.
2518 1773 2735 1830 Carolus
2763 1776 2884 1843 imp.
2916 1791 3033 1829 cum
3061 1781 3288 1838 exercitu
3307 1777 3599 1829 Francorum
3621 1790 3706 1839 prr-

2239 1843 2381 1911 rexit
2400 1843 2726 1911 itt_Sax0tIia,
2771 1854 2824 1897 et
2855 1847 2920 1897 ibi
2955 1847 3193 1911 placitum
3230 1847 3403 1896 habuit
3453 1849 3499 1897 in
3538 1844 3707 1904 Fabia.

2236 1919 2290 1963 et
2317 1909 2385 1962 ibi
2415 1908 2631 1964 Weredi
2665 1923 2934 1977 venerunt,
2955 1908 3011 1967 et
3036 1915 3178 1966 dedit
3205 1915 3302 1967 illis
3335 1930 3522 1982 regem.

2409 2051 2634 2059 -—_—_

2251 2053 2264 2056 ..
2278 2052 2826 2060 ——.—.___-—————-

2220 3221 2382 3289 Spicit
2418 3221 2647 3288 plagam.
2699 3219 2849 3272 Situs
2895 3221 3092 3287 quippe
3127 3220 3294 3288 ipsi-us
3326 3222 3474 3273 urbis
3501 3237 3526 3274 a
3560 3237 3701 3292 Super-

2218 3313 2341 3364 cilio
2367 3311 2656 3378 aquilonali
2692 3312 2887 3364 montis
2921 3311 3048 3364 Sion
3085 3311 3367 3379 incipiens,
3408 3313 3474 3363 ita
3500 3320 3569 3365 est
3593 3315 3698 3364 molli

2217 3381 2357 3452 divo
2387 3392 2706 3468 dispositus,
2740 3415 2906 3468 usque
2955 3401 3021 3453 ad
3055 3401 3342 3454 humiliora
3376 3401 3697 3468 aquileiialiuui

2217 3492 2669 3559 oi-ientaliutnque
2697 3494 2808 3546 loca
2833 3507 3127 3554 murorum,
3174 3503 3231 3545 ut
3271 3493 3450 3558 pluvia
3486 3493 3550 3545 ibi
3591 3491 3698 3546 deci-

2216 3586 2349 3636 tleus
2390 3598 2720 3652 nequaquam
2767 3593 2894 3646 Stet.
2945 3583 3037 3638 Sed
3100 3585 3268 3637 instar
3325 3585 3590 3638 ﬂuviorqu
3629 3599 3698 3651 per

2213 3673 2504 3727 orientales
2524 3673 2766 3726 deﬂuens
2783 3683 2985 3740 portas,
3012 3675 3223 3727 cunctis
3247 3690 3430 3728 serum
3453 3675 3694 3743 platearum

2213 3763 2462 3817 sordibus
2488 3764 2673 3831 raptis,
2710 3759 2763 3816 in
2788 3761 3199 3832 ValleJosapltat
3222 3773 3510 3817 torrentem
3532 3764 3693 3818 (ἰθύνοι

2214 3866 2388 3922 auget.

2282 3993 2407 4047 Car.
2434 3995 2496 4046 ll.
2521 4023 2588 4032 —
2612 3993 2684 4045 De
2716 3993 2840 4045 locis
2871 3992 3064 4046 sanctis
3091 4009 3206 4060 qua:
3233 3993 3286 4044 in
3315 4009 3375 4046 ea
3401 3991 3502 4044 sita
3535 4003 3645 4043 sunt.

2281 4128 2539 4197 Ingressis
2565 4141 2693 4196 ergo
2720 4141 2748 4178 a
2791 4124 3191 4192 septentrionali
3231 4133 3378 4192 parte
3410 4126 3595 4186 urbem,
3617 4123 3695 4190 pri-

2210 4236 2352 4272 tuum
2400 4219 2465 4272 de
2519 4218 2647 4271 locis
2691 4216 2884 4269 sanctis
2944 4229 3038 4283 pro
3095 4215 3404 4268 conditione
3462 4215 3693 4282 platearum

2206 4311 2572 4364 (livertendum
2625 4316 2706 4362 est
2763 4303 3162 4360 ad'ecclesiatn
3232 4305 3693 4364 Constantinianam,

2207 4419 2323 4470 qua:
2388 4401 2698 4470 Martyrium
2767 4398 3088 4468 appellatur.
3154 4395 3300 4450 llanc
3371 4396 3695 4450 Constantinus

2207 4493 2514 4559 imperator,
2553 4506 2617 4543 eo
2665 4489 2807 4559 quod
2861 4488 2932 4543 ibi
2985 4503 3117 4541 crux
3171 4486 3388 4539 Domini
3435 4489 3500 4542 ab
3544 4483 3692 4538 Helena

2206 4589 2374 4634 matre
2432 4590 2641 4646 reperta
2699 4579 2792 4643 sit,
2825 4577 3106 4648 magniﬁco
3159 4586 3212 4630 et
3263 4577 3411 4646 regio
3439 4577 3570 4631 cultu
3598 4588 3674 4627 con

2203 4673 2418 4726 struxit.
2452 4672 2649 4725 Dehinc
2676 4669 2742 4724 ab
2773 4684 2966 4725 occ;isu
3017 4668 3355 4736 Golgothana
3393 4669 3590 4722 videtur
3627 4679 3693 4718 ec-

2203 4764 2386 4825 clesia,
2420 4765 2469 4816 in
2499 4779 2599 4830 qua
2642 4763 2802 4814 etiam
2836 4774 2990 4829 rupes
3018 4768 3240 4826 apparet
3273 4759 3385 4820 illa,
3416 4772 3530 4825 qua:
3565 4771 3694 4824 quoti-

2201 4853 2320 4905 daui
2354 4853 2539 4918 ipsam,
2571 4850 2725 4931 alliam
2755 4851 2962 4904 Domini
2989 4863 3230 4916 corpore,
3254 4862 3348 4901 cru
3363 4863 3474 4903 cem
3502 4845 3692 4916 pertulit.

2202 4955 2501 5009 argenteam
2557 4941 2710 4993 modo
2763 4941 3111 5008 pergrandent‘
3178 4939 3451 4994 sustinens
3501 4948 3689 4994 crucem.

2202 5029 2463 5096 pendente
2495 5045 2680 5098 magna
2705 5031 2926 5097 tlesuper
2948 5044 3081 5082 aerea
3103 5041 3215 5084 rota
3239 5047 3359 5084 cum
3387 5025 3691 5098 lampadibus.

2202 5120 2338 5171 Intra
2371 5122 2543 5188 ipsnm
2577 5136 2701 5174 vero
2730 5120 2901 5172 locum
2932 5119 3220 5174 Dominicaa
3244 5122 3441 5182 crucis,
3473 5119 3630 5174 excisa
3653 5115 3692 5165 in

2202 5222 2350 5276 petra
2383 5222 2564 5281 crypta
2591 5222 2695 5274 est,
2727 5213 2780 5263 in
2815 5226 2916 5278 qua
2966 5225 3123 5277 super
3151 5211 3324 5265 altare
3355 5227 3448 5280 pro
3477 5204 3693 5262 defunctis

2202 5301 2476 5354 honoratis
2519 5303 2836 5354 sacriﬁcium
2889 5300 3020 5355 solet
3055 5302 3256 5365 otl’erri,
3307 5301 3494 5372 positis
3521 5297 3692 5354 interim

2201 5393 2249 5442 in
2299 5391 2470 5459 platea
2525 5392 2851 5459 corporibus.
2893 5390 3058 5458 Hujus
3102 5407 3315 5462 quoque
3374 5393 3440 5445 ad
3487 5399 3688 5446 ocrasttll

2198 5483 2437 5536 ecclesia:
2487 5483 2782 5544 Anastasis,
2813 5484 2911 5536 lioc
2957 5492 3058 5546 est,
3097 5482 3507 5552 resurrectionis
3548 5477 3690 5534 Doni-

2199 5575 2328 5626 uicac
2385 5575 2609 5627 rotunda
2660 5573 2906 5636 ecclesia,
2963 5573 3129 5628 tribus
3188 5573 3364 5629 cincta
3424 5569 3686 5640 parietibus.

2199 5664 2470 5720 duodecim
2498 5666 2759 5720 columnis
2788 5674 3136 5726 sustentatur.
3170 5665 3311 5721 inter
3357 5664 3574 5736 parietes
3596 5659 3688 5713 Sill-
