3898 6384
266 424 421 487 118!

247 541 431 600 gulos
462 540 619 589 latutn
660 536 859 589 habens
899 537 1125 604 spatiqu
1155 538 1270 596 vim,
1313 552 1430 604 qum
1465 537 1566 586 tria
1617 533 1806 585 altaria

248 624 323 677 in
388 628 551 680 tribus
594 627 723 679 locis
783 626 1000 691 parietis
1062 626 1217 678 medii
1270 626 1522 684 continet,
1562 625 1657 675 hoc
1705 632 1804 681 est,

243 723 515 784 australi,
546 721 848 789 aquilonali,
879 730 930 773 et
963 720 1298 773 occidentali.
1330 719 1448 771 llzec
1479 719 1560 771 bis
1592 726 1805 783 quater-

246 826 371 863 uas
426 821 620 878 portas,
656 812 705 863 id
756 820 858 871 est,
904 810 1150 862 introitus
1204 822 1293 875 per
1348 818 1454 859 tres
1512 823 1540 858 e
1596 807 1809 873 regione

245 904 503 966 parietes
554 902 729 962 habet,
764 917 793 954 e
845 902 1033 967 quibus
1079 910 1307 968 quatuor
1356 902 1418 950 ad
1466 898 1805 960 Vulturnum,

240 999 318 1039 et
368 999 594 1055 quatuor
645 991 707 1042 ad
761 990 953 1042 Eurmu
1009 1000 1267 1057 spectant.
1303 990 1473 1056 Hujus
1525 990 1573 1040 iit
1635 988 1807 1039 medio

246 1089 670 1132 monumentum
708 1079 911 1145 Domini
941 1060 1219 1131 rotundum
1265 1088 1408 1146 petra
1437 1078 1671 1131 excisum
1702 1088 1802 1138 est,

245 1171 424 1238 Cujus
450 1170 654 1222 culmen
689 1170 1001 1229 intrinsecus
1050 1178 1196 1221 stans
1230 1172 1385 1221 homo
1417 1185 1570 1220 manu
1600 1171 1806 1221 centiu—

246 1274 397 1326 gere
430 1270 619 1327 potest,
649 1259 715 1309 ab
745 1261 947 1311 oriente
983 1259 1182 1310 habens
1230 1259 1524 1316 iutroitutn,
1560 1257 1641 1308 cui
1677 1256 1806 1319 lapis

248 1351 360 1404 ille
388 1366 608 1419 magnus
650 1351 919 1416 appositus
958 1362 1059 1412 eSI,
1096 1350 1234 1416 quod
1270 1348 1589 1400 intrinsecus
1633 1349 1803 1398 ferra-

249 1454 565 1496 mentorum
618 1442 834 1507 Vestigia
883 1455 1047 1503 usque
1098 1440 1147 1491 in
1206 1452 1438 1505 praesens
1500 1438 1802 1489 ostendunt.

248 1529 401 1582 Nam
459 1529 789 1582 extrinsecus
843 1543 1006 1595 usque
1050 1527 1114 1578 ad
1164 1526 1410 1578 culminis
1438 1525 1797 1578 summitatem

251 1632 436 1672 totum
472 1635 731 1671 marmore
777 1630 969 1669 tectum
998 1628 1111 1679 est;
1143 1632 1406 1668 summum
1442 1630 1566 1665 vero
1596 1615 1801 1666 culmen

250 1726 400 1764 auro
428 1694 693 1770 ornatum,
729 1724 939 1760 auream
976 1724 1216 1773 magnam
1262 1716 1431 1773 gestat.
1481 1721 1711 1757 crucem.
1746 1705 1801 1757 In

250 1803 425 1866 liujus
457 1815 579 1865 ergo
607 1799 933 1851 monumenti
977 1798 1257 1864 aquilonali
1310 1808 1460 1864 parte
1500 1798 1799 1861 sepulcrum

254 1889 472 1941 Domini
534 1889 583 1940 iu
640 1888 826 1940 eadem
902 1896 1046 1954 prtra
1127 1888 1384 1947 excisum,
1456 1886 1803 1951 longitudinis

249 1990 465 2045 septem
493 1980 699 2043 pedum,
731 1979 884 2029 trium
915 1991 1159 2028 mensura
1184 1976 1470 2041 palmarum
1498 1976 1798 2041 pavimento

251 2069 426 2121 altius
456 2068 673 2128 eminet,
704 2067 975 2119 introitum
1001 2066 1197 2118 habens
1221 2081 1246 2117 a
1274 2066 1434 2117 latere
1462 2065 1752 2116 meridiano
1781 2080 1793 2114 :

252 2161 353 2212 ubi
387 2160 469 2213 die
500 2169 761 2225 noctuque
812 2158 1085 2209 duodecim
1135 2158 1400 2223 lampades
1433 2158 1638 2215 ardent,
1666 2171 1796 2223 qna—

258 2261 389 2301 tuor
452 2250 587 2301 intra
660 2248 993 2312 sepulcrum,
1056 2255 1177 2297 octo
1233 2260 1391 2311 supra
1456 2247 1507 2295 in
1564 2246 1801 2308 margine

256 2340 474 2391 dextro.
509 2337 662 2403 Lapis
710 2336 799 2404 qui
850 2337 913 2387 ad
967 2337 1166 2388 ostium
1220 2333 1543 2386 monumenti
1601 2335 1802 2397 ροςίιιιε

254 2436 401 2486 erat,
430 2441 568 2478 nunc
604 2426 756 2483 ﬁssus
798 2434 911 2487 est;
945 2422 1092 2489 cujus
1128 2438 1249 2488 pars
1282 2425 1451 2474 minor
1480 2422 1797 2489 quadratum

252 2518 431 2569 altare
458 2527 579 2568 ante
612 2515 806 2567 ostium
844 2513 1186 2565 nihilominus
1215 2511 1451 2575 ejusdem
1478 2512 1799 2562 monumenti

254 2613 393 2664 stat,
423 2603 587 2667 major
619 2616 740 2654 vero
767 2602 819 2652 in
857 2601 1102 2653 orientali
1150 2592 1387 2665 ejusdem
1421 2600 1656 2651 ecclesia:
1688 2598 1801 2651 loco

254 2693 684 2761 quadrangulum
709 2690 849 2742 aliud
870 2690 1033 2742 altare
1061 2692 1157 2742 sub
1184 2689 1579 2741 linteaminibus
1603 2698 1798 2742 exstat.

254 2784 422 2836 Color
452 2792 624 2834 autem
670 2779 904 2847 ejusdem
938 2780 1284 2842 monumenti,
1317 2788 1369 2831 et
1397 2780 1645 2845 sepulcri,
1678 2780 1796 2831 albo

254 2880 315 2924 et
373 2869 663 2922 rubicundo
701 2867 984 2935 permistns
1046 2866 1272 2919 videtur.
1308 2868 1341 2917 Α
1384 2867 1569 2918 dextra
1621 2876 1793 2918 autem

258 2971 418 3027 parte
448 2960 566 3012 huic
595 2959 832 3011 ecclesia:
861 2959 1091 3010 coluerct
1131 2958 1295 3008 beatae
1326 2957 1531 3009 Domini
1558 2956 1796 3009 Genitri-

251 3050 343 3104 cis
371 3050 589 3104 ecclesia
620 3049 1000 3117 quadrangula.
1034 3048 1089 3100 In
1122 3051 1315 3114 platea,
1345 3064 1461 3115 quae
1489 3048 1795 3117 Martyrium

251 3151 317 3193 et
364 3139 621 3207 Golgotha
672 3139 967 3202 continuat,
1020 3141 1211 3192 exedra
1258 3148 1357 3201 est,
1413 3140 1465 3191 in
1507 3154 1609 3206 qua
1662 3140 1800 3192 calix

256 3231 467 3283 Domini
503 3230 552 3282 in
589 3230 837 3285 scriniolo
886 3229 1208 3293 reconditus,
1243 3245 1335 3297 per
1372 3232 1604 3296 eperculi
1650 3232 1798 3284 fora-

254 3333 383 3372 men
436 3321 574 3388 tangi
611 3320 745 3373 solet
802 3330 855 3373 et
907 3320 1153 3373 osculari.
1190 3320 1288 3385 Qui
1329 3332 1607 3389 argenteus
1638 3324 1798 3383 calix,

252 3414 393 3463 duas
430 3410 550 3462 hinc
589 3418 641 3462 et
673 3410 792 3462 inde
834 3410 1037 3463 habens
1081 3410 1312 3473 ausulas,
1345 3410 1561 3462 sextarii
1611 3410 1797 3464 Gallici

254 3512 560 3549 mensuram
590 3496 730 3560 capit
761 3515 773 3547 :
808 3497 857 3548 iu
888 3511 990 3561 quo
1021 3504 1102 3549 cst
1138 3508 1190 3550 et
1240 3498 1323 3549 illa
1354 3497 1573 3566 spOugia
1623 3497 1799 3549 Domi-

250 3588 363 3639 niei
396 3598 545 3652 potus
587 3586 847 3639 ministra.
885 3585 938 3637 ιιι
990 3588 1103 3639 loco
1148 3596 1322 3639 autem
1350 3588 1460 3651 illo,
1490 3604 1594 3656 quo
1626 3587 1799 3640 Abra-

254 3676 381 3727 ham
444 3675 610 3727 altarc
672 3675 736 3727 ad
810 3675 1187 3728 immolandum
1244 3676 1410 3728 lilium
1473 3678 1793 3739 construxit,

252 3776 439 3814 mensa
486 3772 566 3815 est
616 3762 787 3830 lignea
844 3779 947 3817 non
1002 3779 1187 3831 parva,
1226 3765 1276 3817 in
1312 3780 1466 3831 quam
1501 3781 1789 3834 pauperum

250 3855 604 3922 eleemosyua:
633 3856 804 3907 solent
830 3873 857 3905 a
892 3856 1083 3922 p0pulo
1116 3854 1331 3908 deferri.
1359 3855 1563 3909 Lancea
1612 3857 1795 3911 militis

254 3942 459 3995 inserta
485 3943 711 3995 habetur
736 3943 786 3995 in
819 3958 971 3995 cruce
1000 3944 1169 4011 lignea
1205 3945 1255 3996 in
1292 3945 1497 4008 porticu
1528 3943 1788 4014 Martyrii,

250 4034 412 4101 cujus
458 4034 643 4085 hastile
680 4034 730 4085 itt
760 4034 890 4085 duas
935 4034 1242 4087 intercisum
1278 4047 1473 4103 partes,
1505 4051 1531 4087 a
1565 4046 1670 4088 t0ta
1708 4050 1792 4087 ve-

252 4138 475 4174 neratur
507 4124 739 4175 civitate.
788 4122 1005 4190 Singula
1050 4139 1165 4191 qum
1196 4126 1343 4189 ~dixi,
1378 4135 1431 4177 nt
1460 4125 1793 4177 manifestius

250 4227 593 4278 agnosceres,
621 4215 777 4264 etiam
810 4230 913 4281 pra:
943 4217 1107 4265 oculis
1138 4214 1417 4279 depingere
1449 4215 1650 4267 curavi.

708 4304 1067 4372 (Ucestﬁguru
1105 4308 1155 4356 in
1190 4308 1337 4373 ima.)

330 4394 450 4449 [huc
481 4396 687 4463 quidem
715 4397 888 4446 omnia
919 4412 1034 4462 qua:
1056 4398 1583 4451 commemoravimus
1611 4410 1789 4453 sancta

258 4486 399 4546 loca,
428 4494 572 4535 extra
607 4492 835 4535 montem
874 4481 1001 4535 Sion
1038 4486 1205 4550 posita
1252 4498 1562 4550 cernuntur,
1592 4504 1696 4555 quo
1736 4505 1794 4545 se

255 4577 325 4628 ad
366 4576 660 4641 aquilonem
718 4575 969 4627 delicieus
1032 4575 1133 4628 loci
1196 4584 1370 4629 tumor
1430 4581 1685 4645 porrexit.
1732 4578 1787 4633 In

254 4663 493 4716 inferiori
530 4678 655 4716 vero
705 4674 853 4728 parte
898 4665 1064 4726 urbis,
1098 4665 1183 4717 tibi
1234 4668 1483 4733 templum
1513 4670 1562 4721 in
1599 4672 1787 4723 vicinia

255 4756 393 4807 muri
439 4755 505 4805 ab
549 4754 751 4806 oriente
798 4753 1044 4815 locatum,
1078 4753 1285 4822 ip~ique
1334 4758 1471 4820 urbi,
1509 4760 1786 4812 transitum

250 4845 437 4914 pervio
481 4857 640 4911 ponte
690 4846 978 4907 mediante,
1024 4844 1194 4896 fuerat
1248 4844 1607 4911 conjunctum,
1653 4865 1789 4901 nunc

253 4936 508 4989 Saraceni
557 4933 868 5001 quadratam
923 4936 1136 4986 dotnum
1190 4936 1449 4988 subrectis
1512 4938 1703 4991 tabulis
1734 4949 1787 4992 et

254 5031 459 5095 magnis
484 5027 731 5079 trabibus
755 5040 911 5093 super
942 5030 1198 5094 quasdam
1239 5030 1507 5081 ruinarum
1538 5031 1787 5098 reliquias

253 5119 343 5171 vili
392 5130 550 5184 opere
583 5110 973 5179 construentes,
1004 5118 1244 5171 oratione
1284 5118 1637 5185 frequentant,
1665 5138 1785 5189 quae

254 5211 357 5261 tria
409 5206 570 5260 millia
620 5203 892 5256 homiuttm
940 5218 1128 5271 capere
1183 5205 1405 5257 videtur.
1442 5203 1631 5259 Pauca:
1683 5208 1788 5260 illic

250 5303 496 5353 cisterna:
546 5301 597 5353 in
658 5312 811 5350 usum
866 5311 1119 5365 aquarum
1171 5308 1477 5353 cernuntur.
1514 5300 1567 5352 In
1596 5301 1785 5354 vicinia

252 5386 431 5453 templi
484 5386 761 5440 Betbsaida
808 5384 1011 5452 piscina
1040 5390 1250 5455 gemino
1278 5390 1497 5456 insignis
1541 5389 1654 5443 lacu
1694 5406 1788 5459 ap-

248 5487 421 5545 paret,
452 5494 675 5546 quorum
728 5478 862 5532 alter
907 5479 1140 5533 hibernis
1193 5484 1498 5550 plerumque
1541 5480 1788 5546 impletur

252 5569 529 5631 imbribus,
587 5570 721 5622 alter
774 5572 944 5623 rubris
999 5582 1077 5624 est
1126 5573 1352 5625 discolor
1402 5571 1568 5637 aquis.
1614 5569 1693 5623 Ab
1724 5587 1783 5624 ea

250 5658 421 5712 fronte
449 5662 639 5713 montis
664 5662 813 5722 Sion,
844 5678 959 5728 qua:
991 5674 1248 5731 prmrnpta
1298 5679 1424 5730 rupe
1472 5663 1782 5714 orientalem

252 5752 453 5824 plagam
507 5762 730 5822 spectat,
777 5752 913 5805 intra
969 5768 1144 5807 muros
1194 5766 1347 5821 atque
1410 5753 1458 5804 in
1516 5750 1657 5803 radit:
1682 5754 1776 5807 bus

1286 426 1381 482 DE
1441 424 1651 482 LOClS
1700 424 2005 482 SANCTIS
2054 426 2440 489 LIBELLUS.

2704 80 2793 85 vi
2816 76 3005 89 ιτ-ι-ι-ιι-

3312 430 3448 494 1182

1918 536 2065 587 Collis
2095 539 2213 589 l'ous
2261 538 2401 590 Siloe
2431 541 2744 608 prorumpit,
2773 542 2862 604 qui
2910 544 3208 597 alternante
3232 544 3443 609 quidem

1916 637 2171 688 aquarum
2224 640 2437 693 accessu
2487 628 2535 679 in
2590 629 2858 681 meridiem
2889 632 3089 691 deﬂuit,
3130 634 3306 694 idest,
3342 648 3443 685 non

1908 714 2069 765 certis
2119 714 2197 766 vel
2253 714 2463 781 jugilms
2515 717 2687 783 aquis.
2720 710 2833 770 sed'
2867 718 3082 771 incertis
3135 720 3279 773 horis
3328 724 3441 774 die~

1911 804 2110 871 busque
2164 805 2369 867 ebullit,
2401 815 2451 859 et
2503 822 2597 872 per
2644 816 2899 860 terrarum
2953 826 3178 863 concava
3207 823 3256 861 ct
3292 824 3443 864 antra

1911 896 2021 945 saxi
2053 894 2317 948 durissimi
2351 912 2470 949 cum
2504 912 2691 963 magno
2736 900 2907 950 sonitu
2940 898 3117 951 venire
3148 903 3441 955 consuevit.

1912 984 1964 1036 lu
2014 991 2265 1054 superiori
2322 993 2515 1044 montis
2575 990 2701 1043 Sion
2766 994 3000 1059 planitie,
3061 998 3438 1046 monachorum

1910 1075 2107 1128 eellula:
2149 1077 2450 1145 frequentes
2482 1080 2755 1131 ecclesiam
2805 1098 3043 1145 magnam
3090 1084 3439 1147 circumdant,

1910 1163 2037 1223 illic,
2080 1173 2133 1216 ut
2169 1168 2464 1231 perhibent,
2500 1170 2565 1220 ab
2594 1170 2847 1236 apostolis
2880 1170 3173 1233 fundatam,
3209 1187 3271 1223 eo
3304 1174 3441 1239 quod

1912 1253 1978 1312 ibi
2014 1253 2265 1319 Spiritum
2314 1268 2550 1308 sanctum
2608 1260 2928 1325 acceperint,
2976 1261 3151 1327 ibique
3190 1261 3245 1314 S.
3280 1262 3439 1313 Maria

1907 1343 2118 1394 obierit.
2156 1342 2208 1395 lu
2246 1360 2348 1411 qua
2398 1347 2556 1398 etiam
2594 1347 2739 1400 locus
2773 1362 2938 1401 coena:
2982 1348 3187 1402 Domini
3221 1366 3441 1403 venera-

1911 1432 2029 1484 bilis
2057 1434 2370 1487 ostenditur.
2401 1436 2502 1487 Sed
2532 1446 2583 1489 et
2610 1438 2852 1489 columna
2902 1435 3211 1497 tnarmmea‘
3241 1442 3289 1491 in
3334 1456 3435 1492 me‘

1907 1521 1992 1573 dio
2017 1530 2122 1574 stat
2150 1524 2406 1586 ecclesiae,
2432 1526 2514 1577 eui
2561 1527 2835 1579 adluerens
2869 1528 3118 1579 Dominus
3149 1528 3437 1595 ﬂagellatus

1905 1622 2005 1666 est.
2031 1610 2197 1681 Hujus
2224 1630 2349 1682 ergo
2373 1616 2608 1671 ecclesia:
2639 1618 2757 1670 talis
2783 1618 2977 1671 dicitur
3008 1633 3125 1671 esse
3160 1620 3347 1686 ltgttra.

2357 1749 2530 1815 (Deest
2559 1750 2727 1818 figura
2761 1751 2815 1803 in
2840 1750 2986 1817 mss.)

1975 1882 2069 1936 llic
2104 1892 2428 1935 monstratur
2457 1892 2627 1949 petra,
2664 1896 2823 1949 super
2862 1897 3017 1949 quam
3062 1883 3324 1947 lapidatus
3358 1892 3440 1935 est

1902 1970 2118 2024 Sanetus
2150 1981 2504 2041 protentartyr
2531 1972 2835 2039 Stephanus
2867 1983 3014 2023 extra
3060 1974 3347 2025 civitatem.
3383 1974 3433 2023 ltt

1905 2063 2078 2115 medio
2106 2072 2277 2115 autem
2307 2060 2618 2127 Jerusalem,
2657 2063 2743 2115 ubi
2801 2078 2959 2116 cruce
3014 2062 3216 2114 Domini
3257 2077 3440 2129 super-

1903 2152 2073 2218 posita
2129 2162 2369 2206 mortuus
2422 2152 2635 2215 revixit,
2696 2154 2937 2206 columna
2970 2154 3109 2205 celsa
3167 2163 3290 2215 stat,
3324 2169 3441 2219 qua:

1900 2242 2084 2293 aestivo
2113 2243 2341 2295 solstitio
2377 2244 2613 2295 umbram
2650 2259 2750 2297 non
2790 2244 2935 2307 facit,
2970 2246 3106 2305 unde
3127 2254 3313 2310 putant
3366 2246 3435 2297 ibi

1904 2328 2128 2381 mediam
2162 2344 2280 2382 esse
2316 2340 2534 2395 terram,
2564 2342 2610 2382 et
2668 2332 2917 2384 historice
2952 2333 3145 2383 tlictttut
3178 2351 3247 2385 :-¢
3300 2331 3435 2386 Dens

1901 2428 2076 2471 autem
2124 2429 2248 2471 ante
2294 2420 2484 2472 Saecula
2516 2431 2767 2488 operatus
2798 2431 2879 2474 est
2925 2423 3144 2474 salutem
3178 2422 3227 2473 in
3266 2424 3436 2473 medio

1903 2517 2074 2560 terra}.
2113 2526 2132 2558 ι
2177 2508 2289 2573 Qua
2338 2512 2526 2562 dnttus
2579 2511 2828 2576 Opinione
2877 2510 3208 2574 Victorinus,
3259 2514 3436 2564 Picta-

1902 2597 2101 2652 viensis
2132 2600 2355 2652 antistes
2390 2598 2663 2661 Ecclesiae,
2700 2601 2764 2653 de
2798 2600 3057 2668 Golgotha
3090 2602 3434 2654 scriheus'ita

1898 2688 2113 2743 inchoat
2146 2707 2159 2743 :

1970 2842 2061 2915 ιςδι
2086 2842 2350 2906 (aruspex
2385 2848 2523 2900 omni
2558 2848 2777 2899 medium
2819 2865 2961 2915 quem
2996 2850 3251 2900 credimus
3284 2850 3434 2910 urbe,

1973 2913 2225 2982 Golgotltu
2251 2915 2421 2969 Judaei
2449 2913 2935 2984 patriocognoiniue
2963 2918 3161 2969 dicunt.
3344 2924 3347 2925 ⁷

1898 3071 2022 3127 CAP.
2069 3070 2155 3123 lll.
2186 3099 2249 3107 —
2294 3071 2364 3124 De
2398 3072 2789 3193 Aclielde'rlnajli,
2819 3082 2864 3124 et
2904 3072 3013 3123 loco
3042 3073 3125 3124 ubi
3159 3089 3435 3140 suspensus

2517 3152 2589 3193 est
2660 3160 2686 3191 α
2728 3158 2811 3193 'as.

2517 3152 2589 3193 est
2620 3152 2811 3195 Jua'as.

1970 3271 2185 3325 Portam
2242 3272 2402 3325 David
2459 3275 2873 3342 egredientibus,
2920 3276 3034 3329 lous
3095 3272 3343 3329 occurrit
3380 3278 3431 3329 in

1898 3371 2132 3412 austrum
2168 3377 2260 3427 per
2296 3362 2478 3413 vallem
2511 3364 2768 3423 directus,
2800 3365 2863 3414 ad
2909 3365 3059 3428 cujus
3102 3366 3431 3418 medietatem

1897 3452 1961 3501 ab
1996 3464 2188 3503 θοι-(ιδῃ
2233 3449 2395 3502 ludas
2443 3465 2501 3503 se
2542 3453 2881 3517 suspendisse
2924 3463 3186 3503 narratur.
3224 3452 3351 3505 Nam
3383 3465 3437 3507 et

1900 3540 2029 3591 licus
2082 3553 2267 3603 magna
2318 3538 2385 3592 ibi
2433 3554 2493 3612 ac
2536 3540 2893 3594 vetustissima
2942 3550 3069 3603 stat,
3117 3542 3262 3609 juxta
3294 3547 3433 3609 quod

1895 3624 2159 3682 Iuvencus
2191 3629 2263 3680 ait
2293 3646 2306 3681 :

2073 3756 2356 3827 Infamiam
2382 3764 2552 3829 rapuit
2581 3762 2710 3830 fiqu
2731 3763 2792 3815 de
2814 3763 2995 3817 vertice
3025 3774 3259 3816 mortem.

1966 3872 2126 3926 Porro
2156 3874 2539 3927 Acheldemach
2569 3875 2633 3928 ad
2665 3876 2948 3929 australem
2988 3878 3190 3946 plagam
3241 3877 3435 3931 montis

1898 3965 2047 4022 Sion,
2086 3966 2390 4031 peregrinos
2432 3976 2486 4017 et
2515 3966 2768 4033 ignobiles
2817 3978 3055 4019 mortuos
3107 3968 3262 4021 hodie
3305 3984 3437 4035 quo-

1895 4068 1997 4119 que
2035 4053 2164 4107 alios
2204 4065 2341 4107 terra
2378 4058 2522 4123 tegit,
2562 4055 2694 4107 alios
2733 4058 3033 4111 inhumatos
3062 4058 3362 4125 putrefacit.

1894 4188 2021 4240 CAP.
2084 4185 2169 4238 ιν.
2233 4218 2301 4226 -
2345 4187 2417 4241 De
2454 4190 2664 4241 sudario
2713 4192 2895 4255 capitis
2943 4191 3170 4255 Domini,
3222 4202 3270 4244 et
3328 4190 3445 4246 alio“

2084 4258 2281 4323 majore
2316 4258 2473 4311 linteo
2508 4277 2536 4309 a
2575 4270 2754 4311 sancta
2791 4261 2959 4313 Maria
2991 4265 3237 4329 confecto.

1962 4388 2245 4443 Sudarium
2292 4392 2482 4460 capitis
2544 4392 2746 4444 Domini
2807 4404 2924 4460 pust
2982 4400 3429 4453 resurremioucm

1890 4479 2005 4548 ejus
2035 4495 2155 4533 mox
2182 4479 2669 4533 Christianissimus
2709 4481 3163 4548 quidam‘Judwus
3205 4486 3451 4553 furatus,

1894 4586 2059 4637 usque
2098 4572 2161 4622 ad
2205 4570 2428 4633 obitum,
2458 4571 2655 4625 divitiis
2689 4572 2787 4624 sibi
2825 4571 3175 4636 aﬂlnentibus,
3220 4574 3424 4628 habuit.

1892 4660 1990 4725 Qui
2023 4661 2307 4712 moriturus
2357 4661 2643 4728 interregat
2688 4661 2843 4725 ﬁlios,
2875 4662 2962 4728 qui
3014 4664 3215 4715 Domini
3264 4668 3427 4716 suda;

1890 4750 2045 4810 rium,
2092 4751 2179 4817 qui
2229 4760 2450 4803 caeteras
2505 4751 2670 4816 patris
2715 4750 2859 4803 veliti
2893 4753 3135 4820 accipere
3189 4754 3423 4809 divitias.

1890 4838 2055 4906 Major
2088 4843 2365 4895 thesauros
2402 4856 2597 4904 rerum,
2632 4844 2805 4894 minor
2843 4842 2998 4909 elegit
3033 4844 3323 4896 sudarium.
3360 4843 3443 4897 Et'

1892 4947 2011 4983 mox
2040 4932 2222 4997 majori
2246 4932 2560 4984 decrescunt
2584 4947 2709 4999 opes
2737 4947 2903 5000 usque
2924 4934 2988 4986 ad
3014 4944 3375 5000 paupertatem
3409 4954 3422 4989 :

1890 5020 2040 5073 fratri
2094 5033 2266 5072 autem
2317 5036 2435 5079 cum
2489 5021 2589 5073 [ide
2648 5030 2895 5075 crescunt
2925 5031 2975 5075 ct
3030 5035 3271 5089 opes;et
3327 5025 3426 5076 hoc

1891 5129 2054 5181 usque
2106 5114 2169 5166 ad
2222 5110 2459 5180 quintam
2509 5115 2900 5182 generationem
2959 5115 3137 5169 fideles
3186 5126 3424 5169 tenuere.

1890 5205 2021 5258 llinc
2048 5206 2112 5255 ad
2147 5205 2335 5271 impios
2380 5205 2713 5269 perveniens,
2746 5202 2959 5257 divitias
3001 5214 3204 5257 tantum
3255 5208 3422 5268 auxit,

1890 5304 1945 5347 ut
1979 5294 2192 5357 .luda-is,
2222 5309 2271 5348 et
2304 5303 2403 5349 hoc
2436 5302 2599 5350 multo
2638 5306 2890 5365 tempore,
2921 5298 3085 5350 donec
3114 5308 3231 5363 post
3266 5299 3419 5367 longa

1886 5386 2074 5451 litigia,
2108 5387 2299 5454 quibus
2330 5388 2615 5440 Christiani
2644 5386 2811 5440 Judaei
2844 5403 2900 5440 se
2940 5386 3157 5448 Christi,
3184 5386 3423 5440 inlideles

1887 5492 2013 5531 vero
2059 5492 2116 5531 se
2173 5487 2380 5545 patrum
2414 5493 2625 5530 suorum
2664 5466 3283 5539 aflirmabant'lnnredes,
3315 5476 3422 5527 Ma-

1884 5568 2078 5634 juvias,
2136 5571 2519 5624 Saracenorum
2570 5585 2683 5634 rex,
2729 5571 2817 5639 qui
2870 5579 3046 5623 nostra
3097 5578 3250 5621 :ctate
3298 5568 3416 5630 fuit,

1883 5659 2040 5727 judex
2089 5661 2401 5726 postulatus,
2438 5675 2660 5713 accensa
2714 5660 2898 5730 grandi
2953 5676 3099 5728 pyra,
3148 5656 3414 5711 Christum

1882 5749 2111 5817 judicent
2144 5760 2405 5818 precatur,
2443 5752 2529 5818 qui
2564 5753 2661 5806 hoc
2694 5767 2787 5820 pro
2822 5768 3035 5807 suorum
3067 5749 3231 5804 salute
3261 5759 3419 5814 super
