3898 6298
557 374 707 460 ,ιιδει

571 497 727 551 caput
782 486 973 537 habere
1020 485 1343 550 dignaretur.
1397 483 1609 536 Missum
1650 500 1775 552 ergo
1826 484 1876 535 in
1927 484 2096 547 ignem

574 576 865 639 sudarium,
898 577 1057 628 veloci
1094 586 1241 643 raptu
1278 575 1527 642 cll'ugicus
1564 577 1754 635 evolat,
1786 585 1837 627 et
1872 575 1923 626 in
1962 589 2107 625 Slltll-

574 681 663 719 tuo
712 680 833 719 aere
884 667 1177 718 diutissime
1224 669 1369 731 quasi
1404 668 1629 718 ludendo
1664 665 2003 724 volucritaus,
2038 664 2102 714 ad

574 756 811 807 ultimum
847 755 1052 807 cunctis
1088 756 1332 820 utrinque
1379 756 1721 817 intuentibus,
1753 769 1869 806 sese
1916 752 2101 805 leviter

574 845 624 895 in
653 844 923 910 cujusdam
970 845 1035 897 de
1081 846 1375 897 Christiana
1428 846 1578 910 plebe
1628 846 1801 896 sinum
1838 842 2103 908 deposuit,

572 934 709 999 quod
759 950 911 987 inane
948 949 1067 986 mox
1114 935 1514 1000 totus-populus
1563 948 1767 986 summa
1800 947 1918 984 cum
1946 946 2104 983 vene-

573 1024 775 1077 ratione
818 1025 1078 1076 salutabat
1134 1035 1184 1077 et
1236 1024 1589 1075 osculabatur.
1642 1023 1879 1074 Habebat
1928 1030 2099 1072 autent

569 1114 909 1181 longitudinis
968 1114 1127 1181 pedes
1180 1100 1319 1164 octo.
1375 1112 1529 1164 Aliud
1573 1126 1781 1179 quoque
1835 1112 2101 1179 aliquanto

572 1202 741 1268 majus
766 1202 984 1257 linteum
1032 1203 1082 1254 in
1116 1202 1334 1254 ceclesia
1377 1201 1462 1252 illa
1498 1211 1795 1261 veneratur,
1828 1206 1964 1267 quod
1997 1201 2100 1253 fer-

570 1298 654 1340 tur
675 1301 704 1339 a
734 1298 913 1340 sancta
958 1288 1120 1340 Maria
1168 1299 1493 1349 contextum,
1530 1289 1805 1341 duodecim
1833 1289 2097 1354 apostolo-

570 1392 682 1429 rum
717 1388 770 1431 et
799 1379 962 1446 ipsius
984 1377 1186 1430 Domini
1212 1380 1488 1431 continens
1513 1379 1787 1446 imagines,
1807 1394 1910 1432 uno
1934 1379 2097 1433 latere

570 1469 810 1533 rubeum,
844 1479 895 1523 et
930 1472 1094 1523 altero
1125 1470 1305 1522 viride.

566 1599 692 1652 CAP.
732 1599 791 1651 V.
828 1629 892 1640 σ-
930 1599 1000 1651 De
1029 1600 1152 1651 locis
1189 1601 1323 1651 circa
1357 1600 1700 1661 Hierusalem,
1725 1611 1769 1654 et
1805 1602 2016 1655 ecclesia
2043 1603 2095 1654 in

652 1667 784 1720 valle
809 1666 1083 1735 Iosophat,
1118 1670 1199 1719 ubi
1227 1670 1427 1735 sepulta
1462 1672 1560 1736 fuit
1599 1682 1777 1723 sancta
1806 1670 2001 1725 Maria.

631 1801 783 1855 Circa
820 1801 1233 1871 Hierosolymam
1267 1819 1452 1871 aSpera
1484 1814 1535 1858 et
1567 1815 1842 1859 montuosa
1868 1822 2095 1859 cernun-

565 1901 651 1946 tur
685 1896 797 1947 loca
831 1912 845 1947 :
878 1894 997 1947 hinc
1026 1910 1233 1962 quoque
1262 1897 1673 1962 septentrionem
1704 1911 1887 1950 versus
1930 1914 2094 1962 usque

564 1985 627 2034 ad
667 1983 1014 2035 Arimathiam
1053 1993 1193 2035 terra
1244 1996 1449 2050 peti-osa
1485 1995 1535 2037 et
1568 2002 1753 2053 aspera
1792 2002 1883 2053 per
1929 1988 2096 2041 inter-

567 2072 700 2124 valla
729 2082 1048 2125 monstratur
1075 2089 1087 2123 :
1124 2073 1283 2125 valles
1313 2090 1519 2141 quoque
1566 2076 1790 2142 spinosa:
1835 2092 1997 2144 usque
2029 2078 2092 2129 ad

565 2162 910 2217 'l‘amuiticam
950 2164 1211 2229 regionem
1244 2167 1603 2229 patentes:ad
1637 2166 1934 2218 Caesaream
1970 2181 2092 2219 vero

564 2254 850 2307 l'alzcstinte
908 2254 973 2304 ab
1028 2252 1182 2315 (Elia,
1232 2255 1473 2321 quamvis
1532 2258 1703 2322 aliqua
1764 2259 2092 2322 reperiantur

560 2355 779 2410 angusta
810 2352 861 2393 et
886 2343 1061 2395 brevia
1089 2352 1241 2409 atque
1264 2358 1446 2408 aspera
1474 2344 1607 2405 loea,
1628 2347 1884 2411 praecipua
1916 2355 2088 2399 tamen

562 2430 805 2497 planities
847 2445 1151 2498 camporum
1198 2434 1333 2483 inest
1380 2433 1703 2498 interpositis
1731 2436 1959 2488 olivetis.
2000 2436 2091 2487 Di-

560 2530 701 2572 stant
728 2532 901 2573 autem
934 2523 1259 2588 septuaginta
1291 2523 1521 2589 quinqtte
1557 2525 1784 2578 millibus
1816 2541 2088 2591 passuum,

561 2609 832 2677 longitudo
865 2626 986 2663 vero
1017 2609 1193 2664 Terra:
1232 2612 1671 2683 licpromissiouis
1717 2630 1744 2666 a
1786 2614 1893 2668 Dan
1928 2632 2091 2685 usque

560 2700 835 2775 Bersabee,
860 2702 1089 2753 tenditur
1118 2704 1287 2768 spatio
1309 2713 1517 2754 centum
1547 2706 1812 2773 sexaginta
1843 2707 2087 2772 millium,

558 2790 624 2840 ab
654 2789 819 2856 Joppe
852 2805 1015 2856 usque
1042 2790 1305 2843 Bethleem
1338 2793 1678 2859 rpiadraginta
1712 2810 1798 2847 sex
1840 2797 2085 2849 millibus.

558 2878 714 2930 .luxta
770 2895 976 2931 murum
1042 2881 1216 2947 templi
1255 2882 1330 2932 vel
1388 2882 1710 2936 Hierusalem
1771 2887 1835 2935 ab
1885 2887 2089 2940 oriente

561 2969 846 3023 Gebennun
911 2972 1162 3031 occurrit,
1216 2988 1334 3037 qua:
1384 2982 1463 3024 cst
1518 2973 1665 3027 vallis
1717 2972 1990 3043 Jusaphat,
2058 2993 2086 3029 a

555 3060 945 3125 septentriOuali
991 3061 1137 3128 plaga
1173 3063 1223 3113 in
1256 3072 1490 3114 austrum
1522 3074 1785 3129 porrecta,
1806 3081 1897 3131 per
1929 3081 2084 3132 quam

556 3159 761 3203 torrens
788 3149 1017 3215 Cedrun,
1043 3154 1084 3203 si
1114 3153 1323 3217 quando
1359 3155 1645 3219 pluviarum
1677 3171 1841 3221 aquas
1876 3159 2085 3225 recipit,

553 3240 807 3294 decurrit.
844 3240 965 3293 ΙΙωο
991 3242 1140 3291 vallis
1190 3249 1241 3293 et
1285 3257 1439 3307 parva
1469 3246 1637 3310 ennpi
1672 3245 1939 3311 planities,
1972 3248 2089 3301 irri-

553 3345 651 3395 gua
702 3340 754 3384 et
804 3344 1101 3392 nemorosa,
1153 3333 1409 3400 plenaque
1460 3334 1683 3399 deliciis,
1718 3336 1890 3390 lucum
1940 3340 1991 3392 iu
2026 3356 2084 3394 se

552 3420 814 3486 quondam
866 3420 1008 3472 Baali
1059 3437 1266 3472 sacrum
1326 3423 1530 3474 habuit.
1566 3424 1619 3475 lu
1661 3425 1760 3478 hac
1808 3428 1971 3481 turris
2002 3439 2083 3481 est

554 3506 689 3572 regis
738 3504 1011 3573 Josaphat,
1060 3508 1355 3573 sepulcrum
1407 3511 1517 3574 ejus
1575 3516 1901 3568 continens:
1939 3518 2086 3583 cujus

550 3592 614 3642 ad
644 3593 881 3645 dextram
919 3593 984 3646 de
1017 3610 1143 3661 rupe
1189 3599 1378 3650 uioutis
1424 3603 1608 3654 Uliveti
1644 3605 1823 3658 excisa
1852 3614 1901 3659 et
1932 3621 2082 3675 sepa-

553 3690 662 3732 rata
693 3680 883 3735 domus
934 3685 1040 3735 duo
1091 3696 1274 3736 cavata
1333 3688 1487 3741 habet
1540 3692 1801 3758 sepulcra,
1836 3695 1933 3747 hoc
1975 3707 2076 3760 est,

553 3772 817 3827 Simeonis
863 3774 1024 3835 senis,
1070 3786 1123 3827 et
1176 3774 1367 3843 Just-ph
1415 3792 1610 3833 sanetze
1654 3783 1830 3837 Maria:
1877 3788 2076 3853 sponsi.

553 3862 604 3912 lu
634 3864 815 3915 eadem
852 3862 987 3916 valle
1019 3863 1224 3919 Sauctte
1254 3867 1429 3921 Marize
1462 3872 1681 3924 rutunda
1714 3884 1794 3928 est
1833 3875 2080 3942 ecclesia,

550 3952 752 4018 lapideo
817 3957 1051 4011 tabulato
1108 3959 1355 4022 discreta,
1407 3962 1561 4029 cujus
1619 3966 1669 4017 in
1724 3968 2083 4031 superioribus

547 4054 768 4108 quatuor
834 4049 1039 4112 altaria,
1077 4050 1126 4101 in
1156 4050 1496 4106 inleiioribus
1543 4070 1700 4108 unum
1754 4056 1981 4110 habetur
2025 4060 2078 4112 in

545 4134 786 4187 orientali
826 4138 994 4202 plaga,
1030 4152 1081 4191 et
1112 4143 1175 4191 ad
1227 4142 1341 4208 ejus
1385 4145 1623 4197 dextram
1681 4160 2077 4202 monumentum

544 4234 627 4275 est
682 4239 923 4289 vacuum,
980 4228 1029 4279 in
1085 4246 1189 4297 quo
1239 4242 1420 4285 Sancta
1481 4234 1642 4288 Maria
1692 4238 1780 4290 Dei
1838 4238 2077 4293 Geuitrix

544 4314 847 4381 aliquandiu
880 4331 1129 4383 pausasse
1154 4322 1377 4378 dicitur:
1410 4324 1502 4377 sed
1547 4339 1595 4377 a'
1620 4341 1723 4393 quo
1757 4328 1837 4381 vel
1867 4332 2079 4397 quando

543 4407 612 4457 sit
674 4406 845 4459 ablata
922 4411 1171 4464 uescitur.
1242 4414 1388 4468 llanc
1456 4417 1714 4471 intrantes
1784 4418 1960 4472 vident
2013 4423 2078 4475 ad

540 4496 775 4549 dextram
815 4498 1071 4569 insertam
1102 4502 1287 4569 parieti
1321 4516 1546 4573 petram,
1578 4508 1627 4559 in
1675 4524 1775 4576 qua
1824 4509 2075 4566 Dominus

542 4597 846 4657 nocte,qua
914 4592 1239 4658 tradebatur,
1301 4598 1493 4661 oravit,
1547 4600 1786 4668 vestigiis
1846 4618 2072 4670 genuum

538 4680 688 4743 quasi
716 4695 853 4735 certe
882 4681 1022 4734 molli
1062 4683 1355 4752 impressis.

536 4835 661 4889 Cap.
698 4836 781 4889 Vl.
802 4837 1163 4914 -_De-_monte
1192 4844 1397 4905 Olivcti,
1427 4856 1473 4897 et
1499 4846 1709 4898 ecclesia
1744 4848 1811 4899 ibi
1834 4848 2073 4914 futtdata,

832 4908 917 4959 ubi
954 4907 1204 4963 Dominus
1244 4913 1309 4964 ad
1337 4916 1484 4967 caelos
1517 4918 1769 4970 ascendit.

605 5037 758 5090 Mons
812 5036 1102 5105 Olivarum,
1150 5043 1291 5097 mille
1339 5045 1403 5097 ab
1453 5046 1778 5103 Hierusalem
1812 5052 2073 5106 discretus

537 5131 797 5198 passibus,
829 5132 1107 5189 altitudine
1138 5139 1303 5190 monti
1338 5136 1461 5190 Sion
1494 5155 1587 5205 par
1617 5152 1730 5206 est;
1765 5146 1855 5197 sed
1891 5147 2072 5199 latitu-

536 5224 659 5277 dine
710 5234 763 5275 et
820 5224 1146 5292 longitudine
1202 5238 1435 5294 priestat,
1491 5233 1725 5295 exceptis
1778 5236 1967 5288 vitibus
2020 5245 2072 5288 et

536 5316 709 5378 olivis,
744 5330 876 5369 rara:
910 5316 1053 5375 [ει-ιιι
1089 5319 1317 5380 arboris,
1352 5319 1597 5371 frtunenti
1630 5336 1836 5388 quoque
1866 5336 1916 5377 et
1948 5326 2069 5377 hor-

536 5404 615 5455 dei
672 5404 878 5458 fertilis.
933 5407 1111 5475 Neque
1168 5412 1307 5461 enim
1364 5411 1609 5472 brucosa,
1646 5413 1736 5464 sed
1767 5415 1987 5467 herbosa
2020 5432 2069 5471 ct

536 5491 712 5544 ﬂorida
743 5494 835 5545 soli
872 5496 1012 5548 illius
1045 5506 1122 5547 est
1152 5497 1401 5561 qualitas.
1447 5500 1499 5548 lu
1542 5499 1690 5565 cujus
1720 5515 1924 5551 summo
1954 5514 2069 5550 ver-

537 5586 656 5639 tice,
701 5587 782 5636 tibi
838 5586 1085 5659 Dominus
1134 5588 1196 5637 ad
1247 5589 1410 5639 eteius
1445 5591 1703 5645 ascendit,
1739 5590 1960 5641 ecclesia
1994 5605 2068 5640 ru-

533 5674 689 5725 tuuda
755 5678 989 5743 grandis,
1048 5688 1222 5730 ternas
1286 5696 1377 5747 pcr
1433 5682 1708 5735 circu:tuut
1768 5693 2061 5735 cmuciatas

1487 378 1581 433 AD
1625 375 2026 434 MAHTYHOL
2091 372 2300 431 BED.’E
2340 377 2811 438 APPENDICES.

3600 382 3702 448 illi

2214 481 2373 534 habet
2422 485 2656 550 porticus
2706 485 2934 551 desuper
3000 496 3186 542 tectas.
3246 488 3471 543 interior
3517 508 3705 563 namque

2205 570 2392 623 domus
2417 583 2628 638 propter
2660 572 2917 627 Dominici
2952 577 3191 641 corporis
3220 586 3449 630 meatum
3480 590 3703 638 eammn'

2204 668 2257 711 et
2298 661 2397 726 tegi
2432 676 2535 713 non
2569 664 2758 729 potuit,
2787 666 2955 716 altare
2994 666 3058 717 ad
3101 667 3363 719 orientem
3414 667 3603 723 habens
3628 689 3701 724 at»

2204 760 2355 817 gusto
2385 751 2613 805 culmine
2662 766 2953 821 piotectum
2986 774 2998 809 :
3028 757 3079 809 in
3132 756 3281 822 cujus
3336 759 3502 811 medio
3553 762 3699 815 ultima

2203 838 2404 891 Domini
2433 844 2647 910 vestigia
2677 845 2811 897 cmlo
2844 846 3067 912 desuper
3097 857 3331 914 patente.
3365 848 3451 899 ubi
3479 858 3697 917 ascendit,

2204 928 2467 981 visuntur.
2504 932 2630 995 Qua:
2682 949 2799 986 cum
2851 936 3082 1002 quotidie
3128 952 3157 988 a
3207 938 3542 991 credentibus
3587 952 3696 995 tem

2204 1017 2437 1082 tollatur,
2508 1020 2855 1076 nihilominus
2908 1034 3106 1086 manet,
3162 1027 3508 1093 eamdemque
3560 1032 3695 1083 adhuc

2201 1108 2430 1172 speciem
2482 1109 2636 1161 veluti
2679 1111 2948 1180 impressis
2994 1113 3196 1181 signata
3249 1116 3485 1183 vestigiis
3532 1132 3693 1173 servat.

2203 1193 2324 1249 11ωο
2351 1198 2493 1251 circa
2523 1213 2657 1252 aerea
2702 1211 2813 1254 rota
2842 1201 2982 1266 jacet
3010 1218 3177 1271 usque
3214 1206 3278 1256 ad
3311 1205 3565 1259 cervicem
3594 1213 3692 1269 albi,

2200 1285 2267 1337 ab
2294 1299 2484 1339 occasu
2536 1288 2733 1343 habens
2772 1290 3067 1357 introitum,
3113 1295 3375 1360 pendente
3422 1294 3632 1362 desuper
3653 1302 3693 1349 in

2198 1370 2449 1429 trochleis
2504 1391 2686 1444 magna
2757 1380 3015 1448 lampade,
3049 1390 3265 1448 totaque
3321 1381 3405 1434 die
3464 1398 3525 1436 ac
3573 1400 3695 1439 nocte

2200 1458 2430 1513 lucente.
2482 1462 2537 1515 ln
2569 1465 2881 1519 occidentali
2921 1466 3155 1535 ejusdem
3213 1469 3449 1521 ecclesiae
3476 1482 3611 1537 parte
3636 1472 3691 1526 fe-

2199 1558 2392 1602 uestrae
2444 1560 2585 1615 octo,
2636 1556 2957 1623 totidemque
3016 1572 3046 1609 e
3101 1557 3315 1623 regione
3356 1558 3610 1624 lampades
3651 1565 3690 1615 in

2197 1636 2411 1691 funibus
2442 1642 2726 1705 pendentes
2753 1658 2919 1712 usque
2950 1643 3365 1713 Hierosolymam
3406 1661 3500 1710 per
3534 1649 3691 1700 vitrum

2195 1727 2412 1795 fulgent,
2446 1746 2666 1798 quarum
2706 1732 2790 1785 lux
2821 1735 2979 1787 corda
3014 1734 3328 1787 intuentium
3354 1749 3474 1787 cum
3498 1738 3689 1801 quadam

2195 1814 2477 1875 alacritate
2525 1831 2576 1875 et
2629 1825 3033 1891 compunctioue
3084 1824 3393 1891 pavefaccre
3422 1827 3687 1879 dicitur.ln

2194 1906 2277 1960 die
2310 1908 2646 1965 Ascensionis
2675 1911 2976 1979 Dominicze,
2996 1926 3087 1981 per
3119 1928 3283 1966 annos
3306 1914 3537 1980 singulos
3563 1918 3690 1969 missa

2194 2012 2425 2072 peracta,
2456 2003 2611 2054 validi
2660 2002 2886 2056 ﬂaminis
2939 2004 3168 2070 procella
3215 2005 3495 2057 desursum
3537 2008 3685 2057 venire.

2192 2092 2487 2155 consuevit,
2536 2099 2587 2143 et
2634 2104 2817 2144 omnes
2860 2092 2946 2157 qui
2981 2092 3031 2143 in
3070 2092 3293 2143 ecclesia
3326 2092 3538 2153 fuerint,
3576 2104 3689 2145 tem

2192 2192 2552 2249 prosternere.
2591 2180 2718 2232 Tota
2755 2181 2820 2233 ibi
2865 2180 2952 2233 illa
2988 2191 3139 2233 nocte
3169 2182 3397 2234 lucerna:
3424 2183 3617 2241 ardent,
3644 2196 3686 2233 ot

2192 2286 2295 2323 non
2320 2270 2571 2322 illustrari
2605 2278 2831 2332 tantum,
2860 2270 2953 2323 sed
2985 2281 3037 2323 et
3066 2270 3253 2324 ardere
3288 2285 3439 2323 mons
3472 2284 3561 2337 per
3586 2287 3687 2337 sup-

2194 2364 2358 2429 posita
2416 2362 2527 2413 loca
2583 2362 2878 2413 videantur.
2914 2360 2975 2413 Et
3028 2360 3186 2428 hujus
3238 2375 3449 2429 quoque
3498 2363 3689 2416 basilica:

2192 2452 2411 2518 ﬁguram
2444 2465 2551 2517 pra:
2580 2449 2745 2501 oculis
2776 2449 3062 2517 depingere
3090 2449 3306 2515 placuit.

2639 2539 2807 2607 (Deest
2837 2539 3005 2606 ﬁgura
3029 2540 3081 2590 in
3122 2539 3271 2605 mss.)

2259 2630 2651 2683 Monumentum
2706 2629 2893 2682 Lazari
2936 2628 3159 2683 ecclesia
3208 2630 3400 2682 ibidem
3450 2640 3682 2682 exstructa

2191 2720 2541 2784 demonstrat,
2598 2728 2652 2771 et
2710 2720 3085 2773 monasterium
3146 2721 3349 2787 grande
3421 2719 3472 2771 in
3533 2732 3685 2785 campo

2190 2812 2415 2877 quodam
2462 2809 2749 2871 Bethauite,
2790 2825 2973 2876 magna
3004 2809 3272 2861 Olivarum
3322 2808 3452 2861 silva
3498 2811 3687 2861 circum-

2191 2899 2389 2950 datum.
2429 2900 2516 2948 list
2565 2907 2738 2949 autem
2773 2896 3035 2949 Bethania
3074 2894 3376 2960 quindecim
3424 2895 3597 2947 stadiis
3634 2896 3686 2947 ab

2189 2986 2503 3039 Jerusalem.
2549 2986 2726 3037 Tertia
2799 2999 3007 3051 quoque
3082 2984 3316 3051 ejusdem
3389 2983 3573 3035 montis
3636 2988 3683 3033 ad

2190 3077 2473 3132 australem
2545 3074 2815 3128 Bethania:
2889 3086 3090 3139 partem
3159 3072 3387 3126 ecclesia
3458 3080 3554 3131 est,
3615 3074 3683 3123 ubi

2190 3168 2442 3220 Dominus
2487 3178 2609 3219 ante
2656 3166 2955 3235 passionem
3003 3163 3276 3232 discipulis
3316 3165 3381 3217 de
3418 3164 3499 3217 die
3532 3164 3685 3231 judicii

2187 3255 2439 3323 loquitur.

2183 3401 2310 3456 Car.
2346 3401 2455 3454 VII.
2484 3429 2553 3441 -—-—
2586 3400 2657 3451 De
2689 3401 2791 3451 situ
2840 3398 3119 3462 Bethleem,
3150 3410 3196 3451 el
3243 3403 3305 3453 de
3359 3402 3568 3453 ecclesia
3618 3404 3685 3451 tibi

2255 3480 2406 3521 natus
2437 3470 2532 3531 fuit
2570 3471 2836 3529 Dominus,
2872 3472 3004 3521 etde
3030 3470 3276 3536 sepulcris
3311 3471 3473 3522 David
3502 3482 3546 3523 et
3582 3468 3683 3521 lite.

2256 3540 2477 3605 ronymi,
2511 3550 2553 3590 et
2584 3539 2742 3589 trium
2775 3549 3060 3604 pastorum.

2254 3697 2539 3757 Bethleem,
2584 3710 2672 3747 sex
2723 3695 2951 3749 millibus
3018 3695 3067 3746 iu
3136 3678 3373 3747 austrum
3419 3696 3487 3749 ab
3536 3694 3685 3747 Hiere-

2182 3786 2382 3854 solyma
2412 3794 2633 3848 secreta,
2668 3788 2718 3837 in
2752 3784 2908 3838 dorso
2940 3785 3037 3837 sita
3069 3794 3151 3837 est
3196 3795 3420 3852 angusto
3468 3800 3530 3837 ex
3569 3786 3683 3837 ouisi

2183 3888 2332 3944 parte
2370 3875 2591 3929 vallibus
2617 3876 2964 3940 circumdato,
2984 3877 3050 3930 ab
3075 3876 3349 3930 occidente
3379 3878 3431 3927 in
3459 3877 3681 3928 orientem

2182 3964 2324 4016 mille
2374 3965 2616 4030 passibus
2662 3964 2837 4032 longa,
2888 3965 3070 4017 humili
3127 3966 3243 4017 sine
3294 3964 3529 4017 turribus
3565 3978 3684 4016 muni

2181 4069 2274 4122 per
2331 4063 2567 4108 extrema
2625 4054 2763 4122 plani
2829 4054 3045 4108 verticis
3098 4054 3392 4118 instructo,
3457 4055 3507 4105 in
3563 4052 3683 4117 cuius

2179 4146 2420 4197 orientali
2466 4146 2675 4213 angulo,
2709 4144 2858 4212 quasi
2900 4144 3163 4212 quoddam
3211 4144 3454 4196 naturale
3485 4145 3681 4196 semisu-

2182 4246 2318 4289 trum
2357 4245 2458 4300 est,
2490 4237 2638 4303 cujus
2664 4238 2897 4290 exterior
2939 4251 3060 4304 pars
3110 4236 3398 4287 nativitatis
3436 4234 3683 4287 Domiuia

2178 4327 2342 4381 fuisse
2384 4327 2578 4381 dicitur
2628 4326 2792 4391 locus,
2833 4327 3053 4379 interior
3092 4324 3336 4393 Prtesepe
3389 4325 3584 4376 Domini
3609 4340 3683 4377 no-

2180 4419 2430 4469 minatur.
2462 4416 2582 4470 litec
2608 4419 2854 4485 spelunca
2892 4426 2999 4469 tota
3051 4416 3271 4469 interius
3298 4415 3533 4482 pretioso
3570 4428 3684 4464 mar-

2178 4505 2325 4557 more
2357 4514 2513 4567 tecta,
2547 4519 2702 4571 supra
2735 4506 2904 4571 ipsum
2932 4504 3101 4557 locum
3149 4504 3237 4557 ubi
3278 4505 3527 4557 Dominus
3556 4515 3683 4555 natas

2176 4594 2456 4659 specialius
2484 4593 2729 4656 traditur,
2773 4592 2980 4646 Sancta:
3028 4592 3205 4647 Maria:
3250 4594 3504 4662 grandem
3542 4599 3685 4659 gestat

2175 4684 2473 4738 ecclesiam.
2534 4684 2686 4737 Petra
2735 4684 2882 4751 juxta
2948 4698 3154 4735 murum
3217 4694 3427 4746 cavata,
3487 4681 3681 4749 primum

2178 4775 2433 4829 Dominici
2506 4775 2742 4844 corporis
2806 4775 3073 4827 lavacrum
3138 4772 3202 4825 de
3263 4786 3415 4823 muro
3492 4770 3682 4822 missum

2173 4866 2491 4930 suscipiens,
2542 4864 2795 4917 hactenus
2844 4874 3020 4917 servat
3074 4880 3087 4914 :
3139 4878 3256 4928 qua:
3310 4862 3356 4914 si
3410 4876 3511 4928 qua
3572 4860 3683 4914 [orte

2172 4957 2449 5008 occasione
2478 4957 2553 5008 vel
2582 4956 2836 5008 industria
2871 4956 3029 5007 fuerit
3052 4955 3333 5013 exhausta,
3370 4952 3683 5007 nihilominus

2172 5048 2439 5109 continuo,
2492 5048 2614 5099 dmn
2672 5048 2903 5114 respicit,
2951 5047 3086 5098 sicut
3138 5053 3260 5097 ante
3314 5043 3508 5105 fuerat,
3556 5041 3681 5109 plen

2173 5138 2445 5191 redundat.
2488 5139 2563 5189 Ad
2615 5138 2908 5206 aquilonem
2966 5137 3234 5189 Bethleem
3277 5137 3328 5189 in
3372 5138 3508 5186 valle
3534 5132 3679 5185 couti-

2172 5244 2291 5295 gua,
2315 5228 2612 5295 sepulcrum
2638 5229 2796 5279 David
2816 5229 2865 5280 iu
2881 5229 3054 5281 medio
3072 5228 3309 5281 ecclesize
3326 5224 3512 5277 humili
3537 5222 3683 5290 lapide

2173 5316 2381 5379 tegitur,
2414 5317 2650 5383 lampade
2694 5318 3024 5384 superposita
3058 5333 3072 5367 :
3104 5316 3168 5368 ad
3217 5323 3457 5368 austrum
3492 5326 3607 5366 vero
3640 5308 3681 5361 ll

2170 5404 2303 5457 valle
2342 5407 2583 5473 cuutigna
2618 5408 2667 5459 in
2702 5407 2947 5470 ecclesia,
2974 5412 3273 5473 sepulcrum
3299 5408 3357 5458 S.
3384 5402 3680 5471 Hieronymi.

2169 5496 2335 5548 Porro
2376 5499 2437 5549 ad
2485 5500 2740 5550 orientem
2802 5501 2849 5551 in
2908 5510 3054 5551 turre
3100 5499 3261 5559 Ader,
3304 5498 3355 5549 id
3390 5509 3469 5550 cst
3517 5498 3681 5562 gregis.

2172 5588 2309 5639 mille
2370 5591 2609 5654 passibus
2664 5605 2691 5641 a
2729 5594 2937 5643 civitate
2986 5601 3258 5656 segregata
3324 5602 3405 5642 est
3462 5586 3681 5641 ecclesia.

2175 5682 2329 5733 trium
2388 5693 2654 5748 pastorum
2716 5684 2994 5737 Dominica‘
3035 5681 3331 5738 nativitatis
3378 5682 3681 5736 consciorum

3508 5595 3681 5641 χιι-ιιι.

3508 5682 3681 5733 autem
3796 5595 3836 6198 Ι
