3898 6340
190 440 351 506 1185
1224 447 1317 505 DE
1382 444 1590 504 LOClS
1637 439 1941 499 SANCTIS
1996 441 2377 500 LIBEUJTS.

183 562 547 605 monumenta
606 555 895 609 continens.
948 553 1065 607 llaec
1130 555 1437 607 relationem
1491 549 1740 616 Areulphi

184 637 497 695 Galliarum
520 644 751 712 episcopi
774 656 986 699 secutus
1009 645 1249 698 dixerim.
1269 631 1542 697 Caeterum
1560 642 1748 692 Esdras

188 742 397 796 aperte
446 735 648 795 scribit,
683 735 731 786 iu
781 733 1071 787 Jerusalem
1123 733 1283 785 David
1311 747 1428 785 esse
1462 730 1746 797 sepultum,

3258 440 3411 529 uss,

1854 548 2208 616 prmslautior,
2263 556 2444 600 testate
2496 545 2705 615 frigida,
2751 545 2924 599 hieme
2982 554 3163 614 tepens
3224 565 3235 599 :
3297 564 3390 602 aer

1856 640 2083 698 mollior,
2108 634 2167 689 ut
2206 651 2409 690 summa
2462 638 2634 690 hieme
2663 638 2819 689 lineis
2862 646 3082 689 utantur
3116 638 3391 690 indumen-

1856 729 1941 779 tis.
1972 726 2103 779 Urhs
2158 725 2264 793 ipsa
2311 724 2518 779 condita
2566 727 2616 777 in
2668 738 2877 790 campo,
2914 726 2999 777 cui
3033 724 3389 789 supereminet

190 820 296 870 via
336 822 499 889 regia,
534 836 649 888 qute.
679 823 761 875 ab.
784 821 921 875 [Elia
969 822 1212 875 Chebron
1246 821 1407 883 ducit,
1445 819 1511 872 ab
1544 819 1749 871 oriente

196 906 506 973 Bethleem,
556 912 622 965 ab
668 914 937 967 occidente
967 911 1265 983 sepul'crum
1298 910 1491 965 Rachel
1524 911 1747 973 habens,

196 998 371 1051 titulo
399 1002 625 1054 nominis
656 1002 769 1069 ejus
801 1020 967 1073 usque
992 1005 1146 1059 hodie
1177 1006 1459 1074 signatum.

192 1129 342 1185 Car.
378 1132 576 1184 \’lll.-—
596 1132 671 1186 De
689 1135 788 1187 situ
816 1134 1068 1256 Chebstzin,
1100 1147 1145 1189 et
1180 1140 1523 1192 monumentis
1544 1152 1749 1203 patrum

839 1216 886 1256 ct
1027 1221 1129 1256 ant.

839 1216 886 1256 Cl
942 1216 1129 1258 Adam.

282 1330 532 1385 Chebron
566 1336 614 1386 in
650 1338 819 1405 campi
849 1337 1123 1392 latitudine
1153 1340 1251 1392 sita
1296 1348 1395 1401 est,
1432 1349 1486 1393 et
1515 1340 1579 1394 ab
1610 1340 1747 1396 Elia

200 1420 401 1485 viginti
436 1423 637 1477 duobus
665 1425 891 1479 millibus
922 1438 1163 1496 separata
1197 1446 1209 1481 :
1243 1446 1347 1483 uno
1392 1431 1455 1483 ad
1493 1433 1746 1485 orientem

200 1510 394 1561 sradio
449 1512 752 1577 speluncam
812 1514 1071 1583 duplicem
1138 1518 1187 1569 in
1250 1517 1381 1570 valle
1434 1518 1611 1583 habet,
1660 1520 1746 1573 ubi

203 1598 460 1663 sepulcra
489 1602 903 1667 patriarcharum
936 1606 1192 1671 quadrato
1232 1621 1382 1661 muro
1414 1609 1749 1663 circumdan-

208 1693 328 1746 tur,
360 1688 617 1753 capitibus
652 1690 815 1742 versis
843 1691 907 1743 ad
941 1692 1237 1760 aquilonem
1268 1711 1281 1746 :
1310 1702 1362 1747 et
1395 1696 1505 1749 haec
1544 1696 1747 1762 singula

205 1771 445 1840 singulis
505 1782 638 1829 tecta
695 1776 954 1846 lapidibus
1010 1781 1181 1835 instar
1248 1782 1479 1837 basilicm
1536 1784 1747 1849 dolatis,

210 1860 381 1914 trium
428 1864 848 1928 patriarcharum
903 1870 1141 1923 candidis
1173 1887 1187 1921 :
1218 1872 1383 1924 Adam
1430 1872 1751 1929 obscurioris

210 1958 274 2001 et
326 1950 527 2005 vilioris
571 1954 769 2021 operis,
802 1956 890 2024 qui
950 1958 1088 2011 haud
1135 1959 1288 2028 longe
1325 1962 1391 2013 ab
1436 1961 1537 2015 illis
1563 1964 1627 2016 ad
1661 1964 1752 2017 bo-

216 2038 423 2093 realem
484 2052 876 2113 extremamque
932 2048 1065 2102 muri
1114 2049 1251 2103 illius
1306 2061 1508 2117 partem
1544 2061 1749 2120 pausat.

214 2123 412 2180 Trium
436 2143 644 2197 quoque
674 2131 988 2187 feminarum
1020 2133 1252 2204 vilioresj
1274 2145 1327 2189 et
1370 2138 1599 2191 minores
1644 2153 1755 2192 nte-

220 2219 411 2273 moria:
450 2230 758 2277 cernuntur.
788 2221 1020 2279 Mambre
1072 2227 1221 2282 collis
1265 2227 1405 2281 mille
1447 2228 1691 2295 passibus
1727 2243 1757 2282 a

221 2313 583 2365 monumentis
630 2312 711 2366 his
773 2314 839 2367 ad
894 2314 1131 2381 boream,
1192 2315 1448 2370 herbosus
1503 2316 1652 2369 valde
1708 2322 1759 2367 et

220 2395 468 2459 ﬂoridus,
498 2409 847 2467 campestrem
897 2402 1103 2455 habens
1140 2405 1190 2455 in
1239 2405 1433 2456 vertice
1461 2404 1755 2470 planitiem,

221 2486 281 2538 in
314 2486 465 2555 cujus
510 2488 791 2555 aquilonali
832 2500 980 2559 parte
1010 2506 1237 2559 quercus
1285 2492 1513 2545 Abrahze
1538 2494 1757 2546 duorum

220 2576 500 2630 hominum
552 2579 848 2635 altitudinis
906 2592 1121 2635 truncus
1172 2584 1395 2636 ecclesia
1434 2584 1757 2635 circumdata

211 2676 331 2718 est.
375 2667 773 2733 Egredientibus
816 2683 935 2722 vero
976 2670 1216 2724 Chebron
1257 2673 1318 2725 ad
1369 2673 1670 2739 aquilonem
1708 2674 1757 2724 in

221 2754 445 2808 sinislra
489 2764 635 2823 parte
680 2758 775 2809 viae
822 2761 1055 2811 occurrit
1088 2775 1237 2813 mons
1289 2761 1521 2827 pinosus,
1547 2759 1777 2827 parvus,’

222 2844 402 2895 tribus
434 2843 661 2896 millibus
709 2859 956 2911 passuum
988 2860 1015 2896 a
1043 2844 1308 2911 Chebron,
1341 2850 1478 2901 unde
1516 2848 1760 2902 llieroso-

223 2930 427 2997 lymam
475 2932 623 2996 pinea
678 2933 814 3001 ligna
869 2934 1111 2988 feruntur
1143 2938 1194 2989 in
1250 2938 1512 2990 camelis:
1550 2956 1670 2993 nam
1710 2943 1758 2993 iu

224 3018 373 3072 omni
402 3016 580 3072 Judtea
612 3022 842 3088 planetra
878 3023 960 3075 vel
988 3038 1178 3078 currus
1208 3040 1332 3078 raro
1364 3026 1514 3079 iiunt.

223 3178 361 3232 Cte.
384 3178 473 3231 1X.
508 3206 576 3217 --
612 3179 683 3231 De
721 3179 978 3241 Hiericho,
1021 3191 1069 3234 et
1109 3181 1235 3235 locis
1283 3181 1509 3250 ejusdem
1546 3188 1757 3239 sauciis.

306 3309 552 3363 Hiericho
593 3312 659 3365 ab
711 3310 847 3365 [Elia
896 3312 1149 3365 orientem
1191 3328 1372 3366 versus
1404 3316 1760 3368 novemdccim

231 3401 377 3455 mille
406 3403 646 3468 passibus
684 3404 849 3464 abest,
872 3417 972 3468 qua
1003 3403 1155 3455 tertio
1185 3403 1247 3455 ad
1278 3405 1444 3457 solum
1470 3406 1759 3467 destructa,

225 3490 341 3543 sola
395 3493 579 3543 domus
630 3491 773 3543 Raab
819 3490 886 3543 ob
932 3492 1136 3559 signum
1169 3492 1285 3546 ﬁdei
1339 3506 1614 3548 remanet:
1651 3500 1763 3561 ejus

230 3583 378 3633 enim
419 3582 586 3633 adhuc
626 3582 849 3646 parietes
896 3581 1007 3634 sine
1055 3582 1284 3635 culmine
1339 3584 1545 3636 durant.
1592 3584 1762 3639 Locus

231 3671 383 3723 urbis
411 3678 611 3737 segetes
643 3680 693 3722 et
722 3671 897 3722 vineas
930 3672 1130 3737 recipit.
1163 3670 1299 3723 inter
1338 3673 1469 3725 hanc
1500 3684 1551 3724 et
1580 3672 1762 3725 Jorda-

234 3772 377 3815 nem,
402 3759 633 3823 quinque
667 3758 746 3809 vel
786 3772 891 3809 sex-
921 3759 985 3809 ab
1039 3772 1099 3809 ea
1154 3758 1380 3810 millibus
1440 3772 1760 3824 separatum,

232 3846 450 3913 grandia
487 3855 609 3897 sunt
658 3848 877 3911 palmeta
930 3848 1185 3913 campulis
1242 3850 1563 3916 interpositis
1594 3860 1644 3902 et
1677 3851 1763 3902 in-

235 3935 622 3988 habitatoribus
656 3934 989 3988 Chananteis.
1046 3936 1322 3988 Duodecim
1370 3938 1592 4005 lapides,
1630 3955 1764 4006 quos

232 4020 398 4074 Josue
423 4022 487 4074 de
512 4021 740 4075 Jordane
785 4006 892 4075 tolli
939 4033 1273 4089 praeceperat,
1318 4026 1366 4076 in
1392 4026 1611 4078 ecclesia
1645 4026 1766 4079 Gai-

234 4111 372 4177 galis
414 4111 549 4163 facta
600 4111 918 4183 altrinsecus
966 4111 1110 4177 juxta
1154 4113 1380 4176 parietes
1416 4113 1650 4181 ejusdem
1683 4116 1765 4181 ja-

233 4214 377 4265 cent,
426 4204 508 4257 vix
564 4204 752 4273 singuli
810 4219 952 4259 nunc
1006 4205 1209 4258 duobus
1275 4206 1760 4275 viris‘elevabiles,

234 4307 461 4360 quorum
518 4308 653 4346 unus
696 4294 873 4346 nescio
920 4308 1022 4361 quo
1081 4308 1204 4345 casu
1250 4293 1468 4355 fractus,
1503 4296 1591 4345 sed
1624 4293 1765 4347 ferro

239 4383 533 4436 medicante
562 4382 930 4449 reconjunctus
954 4392 1056 4435 est.
1086 4383 1175 4435 Est
1198 4382 1343 4448 juxta
1376 4382 1620 4435 lliericho
1644 4382 1766 4437 fons

238 4473 371 4525 uber
399 4472 461 4525 ad
492 4482 692 4545 potum,
729 4472 935 4539 pinguis
962 4473 1026 4524 ad
1075 4473 1433 4540 irrigandum;
1479 4474 1565 4540 qui
1601 4488 1766 4540 quon-

236 4562 360 4615 dam
408 4561 600 4616 sterilis
643 4564 707 4614 ad
758 4562 1137 4627 generandum,
1186 4577 1368 4629 parum
1427 4563 1653 4615 salubris
1702 4563 1765 4615 ad

239 4652 549 4718 potandum.
584 4666 675 4718 per
702 4650 947 4703 Eliszeum
997 4652 1302 4718 prophetam
1338 4651 1459 4702 dum
1496 4665 1587 4703 vas
1641 4649 1768 4703 salis

238 4740 292 4792 in
342 4755 462 4793 eum
518 4741 777 4803 mitteret,
829 4749 1045 4794 sanatus
1100 4748 1200 4793 est.
1264 4739 1499 4807 Denique
1551 4754 1767 4806 campus

242 4829 580 4896 circumjacet
606 4829 933 4897 septuaginta
963 4828 1250 4882 stadiorum
1282 4830 1333 4881 in
1362 4830 1764 4897 longitudinem.

242 4932 300 4974 et
333 4920 515 4988 viginti
567 4921 615 4973 in
655 4919 984 4973 latitudinem
1034 4928 1239 4985 patens,
1268 4918 1317 4971 in
1352 4932 1457 4984 quo
1509 4919 1769 4970 mirabilis

248 5012 518 5063 hortorum
555 5010 740 5077 gratia,
780 5009 927 5062 varia
958 5008 1244 5075 palmarum
1271 5022 1484 5075 genera,
1514 5018 1763 5076 praestan-

242 5100 434 5151 tissimi
485 5114 637 5166 apum
696 5098 856 5152 fetus.
903 5097 1017 5150 Illic
1066 5098 1461 5163 opobalsamum
1517 5100 1767 5167 gignitur,

242 5188 382 5254 quod
417 5188 532 5239 ideo
578 5202 693 5239 cum
739 5188 1031 5255 adjectione
1064 5188 1438 5253 signiﬁcamus,
1476 5189 1597 5252 quia
1628 5189 1766 5255 agri-

243 5277 373 5330 colze
412 5278 606 5330 cortice
654 5288 834 5331 tenues
866 5278 1090 5344 virgulas
1138 5278 1306 5329 acutis
1343 5277 1603 5341 lapidibus
1635 5278 1769 5329 inci-

244 5366 399 5429 dunt,
433 5366 482 5415 in
520 5364 711 5433 quibus
753 5366 982 5417 balsama
1031 5373 1365 5429 generantur,
1415 5374 1469 5415 ut
1513 5379 1605 5430 per
1654 5365 1769 5416 illas

246 5467 500 5506 cavernas
568 5453 811 5521 paulatim
870 5454 1132 5507 .distillans
1198 5454 1385 5503 humor
1441 5466 1498 5503 se
1556 5452 1768 5518 colligat

246 5539 492 5607 lacrymis
526 5542 739 5607 pulchre
774 5542 1091 5592 rotantibus.
1121 5540 1353 5593 Caverna
1386 5550 1556 5591 autem
1582 5539 1767 5592 Graeco

248 5628 459 5677 nomine
487 5627 591 5694 ὀπὴ
618 5628 823 5679 dicitur.
846 5625 948 5677 Illic
979 5640 1215 5693 cyprum,
1237 5625 1339 5677 illic
1370 5625 1766 5679 mvrobalanum

248 5716 390 5768 nasri
428 5715 617 5767 ferunt.
662 5717 828 5782 Aqua,
863 5726 916 5766 ut
945 5724 1153 5778 Caetera,
1182 5715 1421 5777 fontium,
1456 5714 1560 5767 illic
1590 5723 1763 5767 tamen

1855 812 2007 867 m'ous
2046 815 2286 868 diﬂ‘usior
2309 824 2362 868 et
2396 816 2566 867 nudus
2602 814 2922 882 gignentium
2966 831 2978 867 :
3016 828 3214 880 aegrum
3248 814 3385 866 enim

1855 917 1907 987 et
1931 906 2168 975 jejunum
2199 908 2395 969 solum,
2422 914 2475 958 et
2503 907 2619 959 ideo
2650 905 2715 957 ab
2743 904 2929 974 ing-olis
2972 902 3265 957 desertum.
3295 900 3390 953 Hic

1857 1012 1883 1048 a
1941 995 2276 1069 Scythopolis
2322 996 2469 1049 urbis
2535 1004 2696 1058 terra,
2753 1006 2919 1061 usque
2984 994 3049 1045 ad
3118 994 3386 1059 regionem

1858 1084 2253 1138 Sodomitanam
2310 1093 2363 1136 et
2417 1082 2722 1151 Asplialtios
2778 1084 2909 1135 iines
2963 1080 3109 1134 locus
3170 1079 3391 1132 diil‘usus

1858 1175 2097 1229 habetur.
2129 1175 2397 1227 Adversus
2431 1175 2571 1227 hunc
2601 1186 2751 1225 mons
2778 1185 2936 1240 supra
2976 1169 3283 1226 .lordanem.
3322 1170 3387 1220 ab

1862 1264 1989 1316 urbe
2021 1262 2224 1316 Juliade
2248 1277 2418 1331 usque
2446 1263 2511 1315 ad
2540 1261 2738 1315 Zoaros
2783 1262 2991 1312 Arabim
3022 1259 3233 1312 Pt'll‘il‘KB
3268 1274 3391 1311 con-

1857 1354 2109 1406 terminos
2155 1360 2424 1416 extentus,
2474 1352 2561 1404 ubi
2616 1352 2773 1403 etiam
2825 1364 2978 1403 mons
3031 1358 3110 1401 est
3164 1348 3390 1401 Ferreus

1859 1449 2207 1509 nuncupatus.
2239 1438 2382 1491 inter
2428 1438 2686 1492 hos.duos
2728 1446 2933 1489 montes
2964 1450 3181 1503 campus
3222 1436 3387 1503 jacet,

1859 1547 2012 1600 quem
2037 1540 2237 1584 veteres
2265 1528 2505 1597 Magnum
2534 1525 2883 1595 appellavere,
2911 1524 3169 1578 Hebraice
3212 1535 3385 1575 autem

1859 1621 2063 1683 Aulon;
2101 1620 2253 1688 cujus
2296 1617 2568 1687 longitudo
2627 1617 2975 1671 ducentorum
3022 1615 3234 1683 triginta
3280 1623 3391 1665 sta-

1860 1713 2087 1775 diorum,
2122 1710 2341 1762 latitudo
2392 1718 2600 1763 centum
2643 1705 2825 1774 viginti
2860 1721 2874 1759 :
2904 1702 3183 1757 exordium
3221 1716 3248 1752 a
3278 1702 3393 1751 vico

1862 1801 2195 1865 Gennabara,
2227 1801 2347 1854 linis
2376 1813 2543 1868 usque
2581 1798 2645 1850 ad
2674 1795 3003 1862 Asphaltium
3052 1794 3250 1864 lacum.
3274 1790 3390 1842 Jor-

1862 1890 2011 1945 danis
2053 1903 2173 1944 eum
2233 1889 2461 1942 medium
2525 1889 2830 1947 intersecat,
2861 1881 3213 1936 viridantibus
3267 1880 3394 1947 ripis

1862 1980 2093 2035 ﬂuminis
2133 1978 2414 2042 alluvione,
2443 1976 2701 2044 siquidem
2751 1987 2911 2039 super
2961 1971 3104 2038 ripas
3136 1968 3389 2037 ejusdem,

1865 2068 2066 2121 fructus
2118 2067 2363 2119 arborum
2411 2065 2623 2117 uberior
2669 2070 2769 2125 est,
2799 2059 2929 2112 alias
2968 2058 3124 2125 longe
3149 2055 3335 2109 exilior
3375 2072 3388 2107 :

1865 2158 2008 2210 arida
2034 2156 2172 2210 enim
2197 2164 2317 2209 sunt
2341 2152 2516 2209 omnia
2548 2159 2741 2221 praeter
2771 2162 2919 2203 oram
2947 2146 3195 2199 ﬂuminis.

1864 2312 1988 2367 Car.
2028 2311 2093 2364 Χ.
2132 2340 2201 2350 -
2228 2309 2300 2363 De
2325 2308 2650 2426 Ionicum}!!!
2676 2306 2809 2360 mari
2841 2302 3072 2357 Galiltras
3109 2301 3213 2354 sire
3244 2300 3393 2353 Tibe-

2536 2392 2612 2426 rm
2653 2392 2730 2426 os.

2536 2392 2730 2428 τωαοε.

1932 2510 2099 2579 Ipsius
2128 2508 2374 2563 Iordanis
2409 2508 2683 2562 exordium
2717 2505 2871 2574 vulgo
2922 2510 3135 2571 putatur
3171 2499 3223 2552 in
3268 2514 3392 2567 pro-

1864 2599 2034 2652 vincia
2085 2598 2355 2659 Phteuice,
2405 2596 2466 2648 ad
2530 2595 2731 2647 radices
2790 2592 2983 2644 montis
3035 2587 3240 2647 Libani,
3301 2587 3387 2638 ubi

1865 2688 2109 2750 Patrium,
2144 2687 2194 2739 id
2225 2695 2303 2740 est
2329 2686 2569 2739 Caesarea
2601 2683 2844 2749 Philippi,
2871 2682 2971 2733 sita
3007 2687 3110 2731 est.
3144 2677 3295 2731 Unde
3338 2684 3395 2727 et

1866 2780 2001 2833 idem
2061 2778 2301 2838 Paniunt,
2334 2777 2434 2828 hoc
2490 2782 2593 2843 est,
2626 2772 2892 2839 spelmutn,
2935 2783 3028 2835 per
3084 2766 3220 2834 quod
3277 2779 3394 2818 sese

1866 2867 2057 2920 attollit
2079 2866 2347 2929 Jordanis,
2375 2877 2403 2915 a
2439 2876 2561 2929 rege
2586 2859 2814 2929 Agrippa
2861 2859 3053 2910 decore
3098 2853 3391 2906 admirabili

1866 2968 2196 3011 exstructum
2248 2959 2687 3017 venustatumqne
2726 2946 3047 3015 accepimus.
3094 2942 3182 2995 Est
3216 2951 3389 2993 autem

1868 3047 1917 3100 in
1958 3042 2336 3098 Trachonitide
2368 3050 2506 3094 terra
2538 3040 2657 3092 i‘ons
2706 3045 2832 3088 rota:
2876 3033 3183 3101 qualitatem
3216 3028 3394 3094 expri-

1868 3156 2035 3204 mens,
2068 3139 2204 3191 uude
2233 3146 2284 3189 et
2311 3135 2505 3187 Phialm
2552 3147 2738 3185 nomen
2784 3127 3006 3195 accepit,
3039 3124 3336 3193 quindecim
3363 3136 3392 3171 a

1866 3230 2101 3283 Caesarea
2157 3226 2387 3279 millibus
2434 3236 2683 3290 passuum
2733 3219 3016 3277 discretus,
3064 3214 3136 3266 ita
3196 3212 3397 3279 jugitir

1867 3321 2053 3388 plenus
2085 3330 2363 3383 aquarum,
2397 3323 2453 3365 ut
2487 3325 2656 3378 neque
2712 3306 3056 3374 superﬂuant,
3093 3315 3262 3368 neque
3291 3314 3391 3350 un-

1866 3423 2026 3478 quam
2088 3408 2412 3458 minuantur.
2466 3401 2522 3453 lu
2582 3401 2721 3453 hunc
2776 3396 3050 3462 Philippus
3102 3392 3397 3444 tetrarches

1867 3498 2101 3563 ejusdem
2138 3493 2364 3559 regionis
2408 3491 2585 3558 paleas
2634 3488 2797 3549 misit,
2832 3500 2963 3551 quas
3008 3484 3061 3536 in
3098 3482 3259 3535 Pauio
3296 3479 3398 3529 nr.-

1867 3587 1981 3639 vius
2029 3583 2283 3636 ebullivit.
2337 3578 2487 3633 Unde
2539 3578 2704 3645 liquet
2752 3576 2804 3628 in
2839 3574 3019 3626 Phiala
3074 3570 3391 3637 principium

1869 3689 1985 3729 esse.
2044 3672 2307 3735 Jordanis,
2359 3671 2449 3723 sed
2484 3678 2599 3737 post
2645 3667 3021 3720 subterraneos
3082 3671 3285 3715 ineatus
3343 3662 3394 3713 in

1869 3766 2036 3818 Panio
2062 3763 2288 3829 coepisse
2322 3761 2593 3820 ﬂuentum,
2625 3758 2713 3824 qui
2746 3771 2865 3809 mox
2900 3756 3067 3809 lacum
3102 3754 3397 3821 ingressus,

1869 3854 2087 3921 paludes
2121 3852 2237 3919 ejus
2270 3850 2554 3901 intersecat
2584 3864 2596 3898 :
2631 3847 2750 3898 inde
2781 3858 2988 3911 quoque
3043 3856 3229 3895 cursus
3272 3855 3398 3893 suos

1871 3944 2124 4013 dirigens,
2163 3941 2460 4007 quindecim
2495 3938 2653 3990 millia
2700 3951 2948 4003 passuum
2999 3936 3114 3988 sine
3165 3933 3265 3984 ulla
3318 3932 3399 3983 iu-

1876 4032 2162 4086 tet-fusione
2186 4027 2519 4097 progreditur
2542 4040 2709 4097 usque
2729 4029 2791 4075 ad
2816 4022 2998 4074 urbem
3019 4021 3100 4073 cui
3118 4018 3284 4071 Julias
3307 4032 3399 4069 no—

1872 4135 1991 4171 men
2013 4128 2093 4171 est
2113 4136 2125 4170 :
2148 4125 2326 4185 postea
2348 4116 2512 4167 lacum
2532 4111 2765 4165 Genesar
2783 4110 2956 4162 medio
2973 4106 3159 4160 transit
3175 4105 3395 4157 ﬂuento.

1875 4208 2021 4261 Unde
2045 4208 2269 4273 plurima
2312 4205 2732 4268 circumvagatus
2764 4196 3120 4261 Asphaltium,
3160 4194 3261 4246 hoc
3293 4199 3397 4255 est,

1870 4296 2131 4348 Mortuum
2166 4308 2311 4347 mare
2334 4312 2337 4317 λ
2358 4284 2651 4357 ingressus:
2682 4286 2970 4340 laudabiles
3009 4283 3181 4351 prodit
3212 4296 3396 4348 aquas.

1871 4384 1961 4437 Est
1993 4385 2131 4436 enim
2158 4381 2346 4435 coloris
2377 4380 2503 4443 allii,
2538 4380 2674 4431 sicut
2703 4378 2802 4440 lac,
2834 4384 2886 4428 et
2920 4376 2987 4427 ob
3022 4375 3117 4426 hoc
3167 4372 3216 4424 in
3264 4370 3397 4423 mari

1872 4474 2082 4526 Mortuo
2105 4472 2256 4539 longo
2283 4472 2492 4522 tramite
2524 4466 2857 4520 discernitur.
2891 4464 2980 4516 Est
3013 4470 3186 4514 autem
3225 4459 3399 4513 Gent-

1872 4581 1981 4627 sar,
2019 4564 2067 4615 id
2100 4572 2199 4626 est,
2238 4574 2383 4612 mare
2436 4557 2663 4610 Galilmce
2720 4554 2927 4621 magnis
2975 4552 3121 4605 silvis
3172 4552 3403 4603 circum-

1874 4657 2081 4715 datum,
2114 4654 2163 4703 in
2194 4649 2516 4716 longitudine
2564 4647 2761 4700 habens
2795 4654 3002 4697 centum
3051 4639 3400 4709 quadraginta

1872 4744 2040 4797 stadia
2072 4755 2221 4807 aqua:
2251 4739 2437 4802 dulcis,
2470 4747 2521 4790 et
2551 4737 2612 4787 ad
2658 4735 2941 4801 potandum
2976 4731 3187 4784 habilis.
3225 4728 3402 4796 Siqui-

1874 4832 1994 4884 dem
2049 4844 2146 4882 nec
2204 4827 2452 4895 palustris
2509 4823 2719 4889 uliginis
2770 4835 3004 4874 crassum
3066 4820 3260 4885 aliquid
3314 4828 3402 4869 aut

1876 4921 2142 4972 turbidum
2177 4920 2380 4985 recipit,
2411 4916 2532 4981 quia
2559 4926 2778 4964 areuoso
2812 4911 3254 4976 undique‘littore
3291 4910 3398 4961 cir-

1873 5010 2205 5064 eumvenitur
2236 5024 2248 5058 :
2285 5005 2376 5060 sed
2425 5014 2477 5055 et
2526 5001 2749 5055 amtenis
2776 5002 3137 5055 circumdatur
3171 4998 3401 5065 oppidis,

1874 5100 1939 5151 ab
1966 5099 2168 5150 oriente
2192 5094 2403 5147 Juliade
2436 5103 2488 5145 et
2519 5092 2706 5158 llippo,
2738 5092 2800 5143 ah
2828 5090 3101 5141 occidente
3128 5087 3403 5139 Tiberiade

1876 5188 2025 5254 aquis
2060 5186 2242 5238 calidis
2280 5182 2474 5236 salubri
2499 5202 2511 5235 :
2533 5196 2719 5248 genera
2754 5193 2961 5246 quoque
3002 5178 3222 5244 piscium
3251 5188 3401 5241 gustu

1873 5287 1925 5327 et
1953 5276 2127 5341 specie
2157 5288 2313 5339 quam
2343 5273 2392 5323 in
2435 5272 2535 5324 alio
2564 5271 2677 5321 lacu
2712 5269 3098 5321 ormstantiora.

1874 5431 1997 5484 (ΣΑΡ.
2037 5428 2121 5481 ΧΙ.
2152 5458 2218 5466 -
2250 5429 2321 5481 De
2367 5429 2499 5479 mari
2543 5426 2764 5481 Mortuo.
2794 5433 2841 5476 et
2888 5434 3076 5476 natura
3121 5421 3254 5487 ejus,
3304 5421 3404 5471 sire

2392 5498 2676 5560 arljuccult's
2710 5506 2879 5545 ιωατ.

1943 5625 2089 5679 Mare
2125 5622 2383 5677 Morinum
2412 5623 2736 5691 longitudine
2768 5610 3065 5674 stadiorum
3090 5618 3404 5683 quingento-

1892 5732 2003 5771 rum
2034 5716 2294 5783 octoginta
2331 5730 2492 5784 usque
2537 5716 2599 5767 ad
2633 5711 2831 5764 Zoaros
2878 5710 3100 5772 Arabiae,
3133 5707 3409 5761 latitudine
