3898 6226
552 367 572 427 l
590 369 605 429 l
620 370 703 430 87"

548 488 758 531 rentum
792 476 1166 544 quinquaginta
1198 491 1357 542 usque
1396 476 1459 527 ad
1508 478 1674 527 vicina
1726 474 2075 527 Sodomorum

549 569 897 636 protenditur.
930 565 1058 617 Nam
1094 576 1145 619 et
1172 568 1234 619 de
1275 567 1444 633 puteis
1471 566 1733 632 quondam
1786 564 1909 615 salis
1962 571 2080 629 post

548 660 788 711 Sodomae
839 667 887 708 et
942 656 1247 709 Gomorrlia:
1297 666 1351 708 et
1404 656 1675 706 civitatum
1740 654 2076 705 ﬁnitimarum

550 748 961 801 combusuonem
997 747 1282 798 inundasse
1327 746 1680 798 certissimum
1716 754 1813 796 e32.
1850 746 2079 811 Apparet

548 851 672 888 vero
706 837 885 902 procul
917 837 980 887 de
1022 835 1229 902 specula
1264 835 1454 886 montis
1487 834 1673 886 Olivcti
1720 832 2075 890 cernentibus,

547 926 683 987 quod
726 923 975 976 ﬂuctuum
1031 923 1300 975 collisione
1347 933 1686 981 commotum,
1723 920 2075 983 salsissimum

547 1014 687 1080 ejicit
737 1015 832 1073 sal,
887 1023 938 1065 et
993 1013 1089 1064 hoc
1144 1012 1252 1064 sole
1306 1012 1555 1063 siccatum
1590 1010 1862 1073 accipitur,
1901 1007 2079 1057 multis

546 1105 739 1169 ultique
788 1105 1086 1155 nationibus
1122 1103 1469 1169 profuturum.
1501 1102 1665 1150 Aliter
1710 1114 1832 1149 vero
1866 1098 1914 1147 in
1948 1113 2077 1160 quo-

547 1194 662 1242 dam
701 1192 891 1243 Siiulo"
915 1204 1089 1242 tnoute
1120 1192 1197 1242 sal
1233 1191 1342 1241 fieri
1380 1190 1589 1249 dicitur,
1630 1188 1714 1238 ubi
1766 1188 1984 1253 lapides,
2013 1186 2076 1236 de

550 1292 685 1332 terra
746 1283 930 1342 evulsi,
984 1295 1158 1332 verum
1214 1280 1556 1332 salsissimutn
1617 1278 1715 1337 sal,
1770 1287 1822 1328 et
1874 1275 2076 1327 cunrtis

550 1371 728 1421 usibus
777 1369 1102 1434 aptissituuttt
1140 1368 1426 1433 praebeant,
1462 1367 1596 1432 quod
1634 1379 1749 1417 esse
1795 1363 1871 1415 Sal
1921 1374 2076 1415 terra:

548 1458 761 1509 dicitur.
820 1457 1078 1509 Mortnum
1126 1466 1300 1508 autem
1351 1470 1494 1506 mare
1553 1453 1875 1519 appellatur,
1938 1449 2077 1515 quod

549 1547 678 1599 nihil
734 1547 949 1614 recipiat
1000 1560 1248 1612 generum
1302 1541 1614 1601 viventium,
1664 1556 1833 1605 neque
1884 1541 2074 1605 pisces,

548 1652 715 1704 neque
749 1648 988 1690 assuetas
1010 1636 1159 1702 aquis
1184 1649 1339 1696 aves;
1371 1634 1503 1684 tauri
1531 1633 1823 1697 camelique
1846 1629 2073 1682 fluitent.

552 1729 783 1795 Denique
830 1731 872 1780 si
928 1727 1171 1778 .lordanis
1225 1735 1410 1777 auctus
1462 1724 1715 1776 imbribus
1754 1723 1923 1789 pisces
1956 1722 2078 1772 illuc

550 1819 771 1871 inﬂuens
831 1818 1081 1884 rapuerit,
1112 1816 1289 1868 statim
1340 1816 1654 1872 moriuntur,
1699 1823 1748 1865 et
1802 1812 2079 1879 pinguibus

550 1909 699 1976 aquis
776 1915 1141 1973 snpernatant.
1203 1905 1494 1957 Lucernam
1569 1918 1842 1956 accensam
1901 1900 2079 1953 ferunt

547 2007 891 2063 supernatare
939 1997 1054 2048 sine
1081 1986 1194 2046 ulla
1249 1995 1613 2057 conversione,
1667 2007 1759 2045 nec
1812 1992 2077 2044 exstincto

548 2088 778 2150 demergl
814 2086 1009 2135 lumine
1044 2101 1056 2136 ;
1094 2085 1219 2147 quin
1246 2092 1297 2133 ct
1328 2098 1421 2133 Vas
1448 2086 1739 2134 demersum
1766 2092 1877 2131 arte
1910 2080 2076 2145 quili-

551 2178 635 2227 liet
666 2176 871 2226 dilIii-ile
904 2176 1101 2226 ltzcrere
1131 2175 1180 2224 in
1213 2162 1491 2239 profundo,
1512 2172 1793 2236 omniaque
1826 2169 2074 2230 viventia,

550 2270 785 2317 demersa
818 2266 936 2314 licet
963 2278 1015 2316 et
1047 2263 1383 2315 vehementer
1430 2262 1581 2322 illisa,
1617 2262 1790 2312 statim
1828 2260 2029 2311 resiILre
2061 2276 2073 2310 :

549 2355 773 2419 denique
833 2352 1205 2417 Vespasianum
1259 2353 1587 2416 prtecepisse,
1640 2348 1795 2399 nandi
1868 2349 2077 2410 ignaros

551 2442 797 2493 revinctis
862 2441 1102 2491 manibus
1162 2440 1213 2489 in
1268 2438 1583 2503 profundum
1646 2436 1824 2500 dejiei,
1880 2449 2079 2501 eosque

549 2546 733 2582 onmes
787 2528 923 2580 illico
973 2537 1362 2594 supernatasse.
1401 2527 1544 2592 Aqua
1606 2527 1713 2592 ipsa
1768 2525 1965 2577 sterilis
2025 2535 2077 2577 et

550 2635 749 2682 amara,
780 2618 1087 2681 cacterisque
1112 2616 1261 2681 aquis
1289 2616 1581 2674 obscurior,
1609 2624 1656 2665 et
1691 2613 1842 2681 quasi
1872 2614 2075 2665 adusta:

550 2702 831 2775 pt'cherens
857 2706 1274 2758 similitudinem.
1304 2704 1487 2771 Vagari
1532 2718 1690 2769 super
1727 2716 1892 2769 aquas
1939 2702 2075 2753 bitu-

553 2798 709 2847 minis
733 2797 908 2863 glebas
941 2803 1139 2846 certutn
1172 2802 1249 2845 est
1297 2804 1409 2845 atro
1441 2794 1663 2859 liquore,
1696 2808 1825 2860 quas
1865 2792 2075 2856 scaphis

552 2886 1032 2952 appr-upiuquautes
1088 2883 1355 2949 colligunt.
1423 2882 1631 2933 llaerere
1685 2882 1781 2933 sibi
1841 2882 2073 2932 bitmnen

550 2975 735 3037 fertur,
770 2983 820 3024 et
857 2987 1181 3039 nequaquam
1222 2971 1360 3022 ferro
1413 2970 1650 3036 pragcidi,
1684 2971 1923 3034 sanguini
1958 2979 2075 3020 tan-

489 3043 492 3047 t
551 3071 663 3114 tum
696 3062 968 3114 mulierum
1002 3068 1268 3111 menstruo
1300 3059 1376 3111 vel
1402 3059 1565 3110 urinae
1591 3060 1814 3111 cedere:
1846 3058 1970 3110 utile
1994 3067 2076 3109 est

549 3161 723 3203 autent
755 3151 815 3199 ad
848 3163 1147 3214 iompagem
1179 3148 1409 3209 navium,
1444 3148 1519 3198 vel
1569 3149 1876 3214 corporibus
1905 3142 2074 3197 homi-

553 3256 672 3289 num
711 3239 1001 3289 medendis.
1029 3237 1214 3287 Servat
1244 3238 1413 3286 adhuc
1444 3236 1584 3302 regio
1611 3238 1839 3301 speciem
1872 3250 2072 3302 pinnat:

553 3336 841 3377 nascuntur
890 3325 1027 3376 enim
1096 3324 1162 3375 ibi
1227 3339 1377 3389 poma
1440 3324 1813 3389 pulcherrima,
1846 3342 1961 3393 qua
2023 3337 2075 3380 et

550 3415 734 3466 edendi
791 3416 1123 3479 cupiditatem
1166 3414 1528 3478 spectantibus
1560 3424 1812 3479 generant
1842 3430 1857 3465 :
1886 3415 1928 3466 si
1955 3430 2074 3467 car-

552 3520 663 3569 pas,
692 3502 938 3554 fatiscunt
968 3517 1027 3554 ac
1060 3502 1388 3553 resolvuntur
1415 3503 1465 3553 iu
1494 3504 1745 3564 cinerem,
1774 3498 2075 3571 fumumque

550 3594 798 3651 excitant,
852 3592 1000 3659 quasi
1062 3592 1234 3642 adhuc
1293 3594 1535 3643 ardeant.
1595 3593 1733 3643 Sane
1787 3594 1836 3644 in
1893 3595 2075 3645 diebus

550 3682 748 3733 mstatis
798 3678 1106 3731 immodicus
1137 3693 1228 3744 per
1259 3682 1425 3745 spatia
1468 3681 1636 3747 campi
1670 3691 1856 3733 :cstuat
1891 3698 2071 3747 vapor,

553 3771 690 3823 unde
712 3781 763 3823 et
790 3771 1110 3822 coalescente
1132 3770 1258 3822 vitio
1289 3771 1459 3823 nimia:
1481 3773 1735 3824 siccitatis
1754 3781 1910 3839 atque
1933 3773 2071 3822 lnnui

553 3863 712 3914 aridae
768 3861 1065 3927 corruptior
1113 3874 1202 3913 aer
1256 3861 1581 3913 IltiScrultdaS
1636 3863 1819 3913 incolis
1862 3862 2075 3913 coniicit

552 3952 906 4020 mgritudines.

553 4123 677 4175 CAP.
710 4122 819 4174 Xll.
853 4151 918 4161 -
940 4122 1013 4174 De
1042 4124 1151 4174 loco
1184 4124 1235 4173 in
1264 4138 1361 4189 quo
1391 4122 1676 4189 baptizatus
1707 4136 1773 4173 est
1809 4123 2072 4175 Dominus.

623 4296 677 4348 ιι.
734 4297 865 4357 loco,
925 4298 973 4349 in
1029 4313 1131 4363 quo
1193 4297 1441 4347 Dominus
1494 4298 1785 4363 baptizatus
1816 4310 2074 4359 csl,crux

554 4388 721 4455 lignea
778 4398 881 4439 stat
930 4402 1095 4453 usque
1134 4388 1198 4439 ad
1241 4387 1433 4437 collum
1461 4386 1584 4445 alta,
1619 4402 1735 4451 qua:
1762 4388 2075 4453 aliquotiens

551 4492 686 4541 aqua
723 4478 1124 4527 trauscendeute
1174 4476 1510 4526 absconditur
1542 4491 1555 4525 :
1593 4492 1618 4525 a
1654 4491 1755 4540 quo
1800 4476 1912 4527 lucu
1962 4479 2069 4543 ripa

553 4567 789 4627 ulterior,
824 4567 873 4617 id
905 4576 1003 4627 est,
1030 4565 1300 4615 orientalis
1330 4566 1381 4613 in
1425 4564 1568 4629 jactu
1617 4568 1790 4619 funda:
1818 4576 1917 4628 est,
1952 4570 2076 4619 cite-

556 4657 662 4705 rior
691 4669 811 4705 vero
858 4654 967 4720 ripa
1004 4655 1051 4705 in
1086 4652 1367 4718 supercilio
1417 4654 1684 4705 monticuli
1734 4658 1929 4722 grande
1959 4673 2072 4706 mo-

555 4738 842 4793 nasterium
902 4752 1071 4808 gestat
1131 4742 1191 4793 Β.
1258 4740 1474 4794 Joatmis
1537 4742 1781 4809 Baptista:
1852 4747 2072 4798 ecclesia

552 4833 783 4891 clarum;
843 4831 907 4881 de
959 4847 1060 4897 quo
1104 4846 1195 4897 per
1258 4842 1465 4895 pontem
1531 4834 1755 4884 arcubus
1808 4836 2072 4887 sulIultmn

553 4922 723 4970 solent
768 4922 1081 4972 descendere
1134 4922 1198 4971 ad
1256 4920 1395 4970 illam
1447 4936 1682 4981 crucem,
1710 4930 1765 4973 et
1809 4938 1982 4975 orare.
2020 4924 2073 4976 lu

554 5017 789 5058 extrema
845 5006 1071 5059 ﬂuminis
1126 5019 1302 5074 parte,
1355 5012 1609 5073 quadrata
1672 5008 1892 5059 ecclesia
1964 5020 2072 5068 est,

554 5107 778 5160 quatuor
822 5095 1038 5159 lapideis
1083 5097 1289 5146 cancris
1341 5098 1686 5159 superpOsita,
1730 5099 1901 5148 coctili
1932 5109 2073 5148 creta

556 5187 777 5247 desuper
808 5193 965 5245 tecta,
993 5185 1075 5235 ubi
1106 5184 1309 5235 Domini
1350 5185 1661 5236 vestimenta
1694 5202 1809 5237 cum
1837 5189 2073 5255 baptiza-

557 5285 703 5322 retur
746 5283 949 5324 servata
1006 5287 1123 5324 esse
1178 5275 1441 5325 dicuntur.
1478 5273 1621 5325 llane
1674 5289 1777 5325 non
1838 5278 2075 5331 homines

558 5361 779 5422 intrare,
816 5362 906 5413 sed
952 5362 1178 5427 undique
1226 5364 1435 5429 cingere
1474 5376 1535 5414 ac
1571 5373 1848 5429 penetrare
1881 5368 2071 5418 solent.

556 5449 635 5499 Ali
664 5463 725 5499 eo
755 5451 885 5513 loco,
912 5467 1014 5518 quo
1038 5456 1099 5503 de
1126 5452 1363 5507 faucibus
1394 5454 1549 5504 maris
1579 5452 1802 5505 Galiltete
1830 5452 2075 5507 Jordanis

557 5547 686 5598 exit,
724 5555 883 5604 usque
914 5542 999 5593 ubi
1032 5555 1177 5592 mare
1209 5539 1465 5593 Mortuqu
1496 5542 1675 5606 intrat,
1706 5532 1826 5597 octo
1872 5544 2073 5596 dierum

559 5635 659 5676 llCl'
690 5639 789 5679 ρδι.

1442 370 1540 426 AD
1582 367 2002 425 MAR’l‘YltOL.
2048 368 2257 424 BEDJ'I
2300 368 2780 426 APPENDICES.

2136 504 2139 507 λ
2188 474 2313 525 Car.
2346 472 2477 525 XIII.
2510 503 2575 511 —
2610 474 2682 526 De
2712 475 2919 543 (crustis
2952 485 2997 525 el
3031 474 3179 543 melle
3212 473 3466 540 sylvestri,
3502 484 3542 525 ct
3572 478 3677 543 [om

3576 366 3677 427 1133

2596 543 2759 593 uncti
2782 540 2998 594 Ioannis
3037 542 3310 609 Baptism.

2253 657 2522 709 Minimum
2569 673 2733 725 genus
2785 657 3103 709 locustarum
3136 656 3321 718 fuisse,
3349 672 3453 723 quo
3489 656 3676 713 Joannes

2184 749 2415 815 Baptista
2450 759 2630 814 pastus
2658 757 2756 808 est,
2794 762 2959 813 usque
2993 747 3147 799 hodie
3174 758 3417 812 apparet,
3452 762 3558 814 qua:
3586 767 3674 801 cor-

2187 836 2417 902 pusculis
2463 838 2510 885 in
2558 836 2769 887 modum
2800 834 2945 903 digiti
2980 851 3165 888 manus
3198 836 3427 889 exilibus
3463 846 3509 887 et
3535 840 3673 889 lueri-

2189 941 2272 982 us,
2310 925 2362 975 iu
2398 924 2579 976 herbis
2616 925 2768 977 facile
2803 941 2989 991 capue,
3033 937 3306 988 coctzeqne
3349 926 3398 976 iu
3434 925 3542 977 oleo
3569 942 3669 993 pau-

2184 1029 2363 1082 perem
2420 1017 2651 1081 przrhent
2702 1016 2916 1067 victum.
2975 1016 3029 1067 lu
3086 1018 3269 1068 eodem
3324 1016 3532 1067 deserto
3580 1030 3671 1069 sunt

2184 1108 2419 1163 arbores,
2478 1103 2598 1156 folia
2661 1105 2761 1155 lata
2816 1114 2866 1155 et
2924 1105 3143 1155 rotunda
3213 1103 3365 1155 lactei
3426 1104 3597 1155 coloris
3636 1117 3674 1157 et

2187 1195 2363 1245 tnelliti
2428 1196 2631 1260 saporis
2703 1194 2977 1255 habentes,
3039 1208 3156 1261 qua:
3231 1203 3419 1244 natura
3486 1193 3671 1259 fragilia,

2185 1285 2425 1335 manibus
2480 1285 2841 1336 confricantur
2895 1292 2948 1335 et
2994 1284 3241 1334 eduntur.
3288 1280 3400 1333 lloc
3448 1294 3555 1333 esse
3599 1282 3674 1331 uici

2183 1372 2439 1438 sylvestre
2469 1372 2675 1423 dicitur.
2701 1369 2895 1422 Ibidem
2918 1381 2971 1421 et
2996 1371 3113 1422 fons
3141 1368 3198 1421 S.
3218 1367 3444 1419 Joannis
3473 1365 3673 1431 Baptista:

2182 1460 2478 1511 oStenditur
2505 1458 2673 1510 lucida
2706 1474 2861 1526 aqua,
2884 1456 3085 1523 lapideo
3107 1466 3377 1524 protectus
3407 1464 3537 1507 tecto
3565 1458 3674 1507 calce

2184 1548 2392 1615 perlito.

2325 1679 2449 1731 CAP.
2499 1677 2631 1730 XlV.
2657 1707 2724 1717 —-
2747 1678 2821 1730 De
2850 1679 2985 1747 {ante
3010 1678 3168 1730 Jacob
3186 1680 3346 1744 juxta
3371 1674 3576 1729 Sidam.

2255 1788 2425 1856 Prope
2472 1791 2739 1841 civitatem
2808 1790 3042 1852 Sinitem,
3100 1804 3218 1857 quae
3272 1803 3417 1841 nunc
3471 1788 3671 1853 Neapolis

2185 1880 2396 1943 dicitur,
2440 1880 2661 1932 ecclesia
2708 1880 2998 1947 quadrifida
3032 1889 3128 1942 est,
3162 1882 3260 1931 hoc
3315 1888 3419 1940 est,
3455 1877 3502 1929 iu
3534 1880 3672 1931 crucis

2186 1972 2398 2021 modum
2454 1969 2613 2023 facta.
2649 1971 2702 2024 ln
2733 1971 2886 2036 cujus
2919 1970 3089 2023 medio
3137 1969 3255 2021 fons
3293 1968 3460 2021 Jaeob
3487 1968 3672 2034 quadra-

2184 2063 2326 2127 girita
2357 2061 2548 2113 cubitis
2580 2062 2733 2124 altus,
2762 2080 2787 2112 a
2829 2063 2992 2113 latere
3021 2062 3133 2126 ipso
3157 2076 3321 2126 usque
3353 2059 3417 2108 ad
3448 2073 3666 2110 sutummu

2185 2150 2463 2215 digitorum
2486 2150 2737 2209 extentis,
2775 2152 2839 2202 de
2868 2166 2970 2216 quo
3012 2149 3259 2202 Dominus
3278 2161 3445 2215 aquas
3473 2162 3497 2198 a
3522 2146 3670 2199 Satn:-

2182 2240 2355 2290 ritana
2384 2238 2601 2291 muliere
2630 2248 2805 2307 petere
2827 2240 3073 2307 dignatus
3100 2248 3197 2292 est.

2182 2389 2307 2443 CAP.
2345 2389 2453 2442 XV.
2485 2419 2551 2428 —
2580 2390 2649 2441 De
2675 2388 2945 2443 Tiberiade
2976 2401 3020 2440 et
3057 2391 3496 2455 Cap/catmum,“
3527 2390 3671 2443 Νειτ-

2534 2458 2664 2519 rellt,
2694 2471 2739 2509 et
2774 2460 2894 2509 locis
2944 2459 3119 2510 itidem
3160 2460 3376 2510 sanctis.

2253 2562 2421 2617 Locus
2448 2565 2497 2615 in
2528 2580 2631 2631 quo
2656 2564 2907 2616 Dominus
2936 2580 3098 2631 panes
3147 2566 3418 2618 benedixit
3457 2575 3507 2618 et
3532 2568 3667 2632 pisrrs

2182 2656 2314 2707 citra
2351 2670 2494 2707 mare
2540 2653 2782 2713 Calda-az,
2813 2654 2876 2704 ad
2922 2654 3217 2719 aquilonem
3272 2655 3499 2709 civitatis
3546 2655 3668 2707 Tibe-

2183 2746 2366 2805 riadis,
2395 2759 2609 2811 campus
2637 2754 2715 2795 est
2746 2744 3001 2795 herbosus
3023 2754 3076 2795 et
3104 2745 3316 2811 planus,
3351 2760 3595 2811 nunquam
3620 2762 3665 2794 ri

2185 2834 2270 2884 illo
2326 2843 2557 2898 tempore
2602 2842 2818 2893 aratus,
2882 2834 3055 2884 nuilus
3108 2835 3411 2899 suscipiens
3466 2833 3667 2893 εειὶίῖπίις,

2182 2923 2377 2977 fontem
2432 2934 2657 2986 tantum,
2686 2938 2750 2973 ex
2801 2939 2903 2987 quo
2951 2930 3077 2973 tunc
3109 2923 3181 2973 illi
3234 2923 3498 2981 biberunt,
3525 2936 3667 2975 esten.

2182 3011 2329 3063 deos.
2356 3009 2451 3073 Qui
2490 3024 2617 3074 ergo
2652 3012 2717 3061 ab
2755 3008 2892 3061 Elia
2936 3010 3305 3075 Caphatuaum
3351 3022 3573 3078 pergunt,
3598 3030 3665 3074 ιισττ

2183 3096 2510 3150 Tiheriadem
2546 3098 2649 3173 iter
2678 3098 2889 3157 habent,
2922 3099 3109 3150 deinde
3165 3102 3321 3152 secus
3370 3116 3506 3153 mare
3558 3100 3668 3153 Gtt:-

2184 3187 2311 3251 lantr,
2342 3197 2396 3239 et
2446 3186 2617 3239 locum
2672 3187 3059 3238 benedictionis
3112 3202 3336 3253 panum;
3370 3206 3395 3239 a
3446 3205 3538 3255 quo
3584 3208 3661 3240 una

2182 3276 2334 3343 longe
2364 3277 2733 3343 Capharnaum
2776 3276 2829 3328 in
2864 3276 3053 3328 finibus
3080 3276 3315 3328 Zabulou
3347 3287 3400 3330 et
3442 3276 3662 3343 Nepbtba-

2184 3364 2291 3426 lim,
2320 3379 2433 3429 qua:
2459 3379 2664 3414 nturutn
2695 3380 2799 3415 non
2826 3354 3021 3417 habens
3049 3376 3277 3433 augusto
3309 3367 3445 3419 inter
3476 3380 3663 3417 munirat

2182 3461 2235 3505 et
2271 3462 2507 3519 stagnum
2541 3452 2643 3504 situ
2692 3468 2848 3518 super
2886 3454 3207 3505 maritimam
3253 3470 3405 3507 oratu
3454 3457 3665 3506 orientem

2185 3555 2368 3593 versus
2444 3539 2598 3606 longe
2672 3542 2880 3592 tramite
2938 3541 3291 3606 protenditur,
3355 3552 3569 3593 montem
3621 3550 3667 3591 at.

2182 3630 2441 3696 aquilone,
2471 3629 2639 3681 lacuut
2672 3630 2737 3681 ab
2775 3639 2955 3680 austro
2988 3630 3206 3681 habens.
3239 3627 3498 3684 Nazareth
3528 3646 3666 3681 tuom

2184 3734 2289 3771 nou
2340 3718 2517 3778 habet,
2568 3719 2660 3773 sed
2711 3734 2894 3787 utagua
2942 3719 3184 3779 aedilicia,
3213 3724 3455 3788 duasque
3485 3720 3666 3788 grands

2182 3810 2457 3862 ecclesias.
2499 3807 2606 3863 Una
2635 3816 2717 3861 est
2764 3810 2815 3860 in
2865 3809 3037 3860 medio
3085 3811 3319 3862 civitatis
3375 3827 3523 3875 supra
3567 3813 3666 3861 deus

2185 3899 2392 3950 fundata
2450 3913 2691 3962 cancros,
2725 3898 2808 3949 ubi
2869 3899 3135 3966 quondam
3194 3896 3370 3951 fuerat
3428 3902 3591 3950 donius
3629 3906 3664 3949 tu

2183 4007 2284 4055 qua
2318 3989 2566 4040 Dominus
2622 3988 2846 4039 tmtritus
2894 3998 2977 4039 est
3022 3987 3213 4039 infans.
3253 3986 3377 4039 H.cc
3412 4000 3569 4037 autem
3602 4002 3666 4037 tc-

2182 4080 2339 4129 clesia
2370 4078 2594 4139 duobus,
2634 4086 2688 4126 ttt
2724 4077 2918 4127 dictum
2971 4085 3073 4136 est,
3105 4076 3343 4137 tumttlis,
3375 4087 3428 4127 et
3483 4078 3667 4141 interpa-

2183 4168 2298 4217 sitis
2330 4166 2556 4218 arcubus
2602 4164 2836 4225 sull‘ulta,
2871 4166 3027 4216 habet
3062 4164 3283 4217 inferius
3333 4166 3470 4216 inter
3494 4170 3665 4216 eosdm

2186 4249 2411 4304 tum'hlns
2464 4252 2656 4304 fontem
2704 4250 3109 4313 lucidiSsituum,
3143 4253 3280 4303 unde
3331 4251 3475 4304 cives
3522 4262 3667 4302 omnes

2183 4359 2344 4409 aquas
2368 4344 2416 4391 in
2451 4342 2677 4393 vaSculis
2708 4356 2799 4407 per
2836 4341 3100 4393 trochleas
3136 4340 3186 4391 in
3221 4340 3499 4393 ecclesiam
3528 4350 3667 4391 extra-

2184 4432 2328 4481 hunt.
2360 4432 2534 4482 Altera
2584 4445 2710 4483 vero
2757 4440 2837 4483 est
2879 4430 3101 4483 ecclesia
3156 4431 3244 4484 ubi
3276 4432 3467 4484 domus
3509 4440 3666 4479 erata

2184 4537 2284 4585 qua
2314 4522 2529 4583 angelus
2559 4522 2623 4570 ait
2653 4518 2712 4571 Β.
2752 4517 2971 4579 Nat-iatn
2999 4520 3159 4569 vertit.

2182 4651 2305 4705 Car.
2344 4650 2474 4702 XVI.
2500 4678 2567 4688 ——
2596 4650 2667 4701 De
2710 4662 2877 4701 monte
2924 4649 3145 4712 Thabor,
3178 4660 3225 4701 et
3281 4651 3448 4701 tribu
3485 4648 3668 4701 ecclesia

2781 4734 2931 4782 super
2966 4735 3100 4770 eum.
3600 4744 3605 4753 ι

2251 4829 2397 4880 Mons
2427 4828 2635 4880 Thabor
2667 4827 2718 4880 in
2754 4830 2927 4880 medio
2955 4828 3179 4881 Galiltca:
3214 4842 3426 4894 campo,
3458 4828 3505 4878 in
3539 4825 3670 4877 tribu:

2183 4919 2411 4969 millibus
2438 4932 2659 4969 manans
2692 4918 2755 4969 ad
2807 4916 3029 4967 Boream
3062 4931 3089 4965 a
3118 4916 3482 4968 Ghenesareth
3527 4916 3669 4969 distat.

2181 5022 2242 5059 ex
2279 5009 2417 5058 omni
2449 5018 2595 5072 parte
2625 5006 2898 5067 rotundus,
2927 5004 3181 5057 herbosus
3210 5005 3361 5058 valde
3391 5015 3443 5057 et
3472 5004 3670 5059 ﬂoridas,

2181 5096 2454 5147 altitudine
2516 5096 2725 5161 triginta
2781 5095 3091 5148 stadiorum.
3150 5093 3340 5147 Verte:
3401 5095 3507 5161 ipse
3556 5110 3672 5143 cau-

2184 5186 2373 5251 pestris
2440 5193 2491 5239 et
2562 5166 2781 5235 tttultuin
2866 5198 3105 5235 alumnus
3169 5181 3354 5248 viginti
3421 5190 3472 5230 et
3546 5178 3670 5228 ιῐίιιιι

2181 5274 2466 5325 Studiorum
2514 5273 2685 5339 spatio
2735 5272 3001 5331 dilatatur,
3050 5271 3135 5321 ubi
3194 5271 3396 5336 grande
3447 5275 3671 5318 monaste-

2186 5362 2318 5412 riuut
2349 5364 2529 5429 grandi
2569 5374 2779 5428 quoque
2811 5360 2942 5413 silva
2975 5361 3353 5419 circumdatur,
3403 5363 3508 5408 tres
3534 5352 3673 5405 ccci:-

2184 5454 2285 5504 sias
2312 5453 2533 5515 habens,
2557 5454 2704 5520 juxta
2735 5455 2874 5520 quod
2906 5452 3096 5505 Petrus
3123 5451 3199 5503 ait
3234 5466 3249 5500 :
3287 5448 3581 5501 «Faciamus
3604 5442 3671 5494 lue

2184 5540 2277 5590 tria
2326 5540 2695 5604 tabernacula;
2740 5539 2953 5609 D‘lJCUS
3004 5552 3154 5591 muro
3216 5538 3443 5601 cinctus,
3490 5526 3670 5602 ιηιὼ

2184 5639 2389 5694 gestans
2420 5629 2659 5681 militicia.
