3898 6342
178 429 337 495 1189

483 546 606 595 (Ite.
640 543 793 596 XVII.
828 572 889 580 --
924 541 994 592 De
1050 541 1152 592 situ
1207 537 1466 589 Damusri.

272 713 591 775 Damascus,
623 712 673 764 in
704 726 891 777 campo
938 709 1058 769 sita,
1086 706 1189 759 lato
1235 715 1289 757 et
1344 702 1516 770 amplo
1568 717 1741 753 muro—

186 819 327 856 rmn
380 803 601 864 ambitu,
644 810 696 852 et
759 800 959 853 crebris
1011 798 1208 849 munita
1272 794 1527 853 turribus,
1584 806 1738 857 quam

184 907 396 961 magna
429 899 653 958 quatuor
685 888 897 939 flutnina
931 886 1234 938 interﬂuunt
1266 900 1278 933 :
1310 883 1393 933 ubi
1429 883 1547 931 dum
1588 878 1741 930 Chri-

182 981 363 1032 stiani
399 978 579 1032 Sancti
629 977 843 1029 Joannis
887 977 1132 1043 Baptista:
1170 972 1445 1027 ecclesiam
1495 970 1743 1033 frequen-

185 1077 347 1129 tant,
381 1068 762 1120 Saracenorum
820 1080 908 1116 rex
961 1080 1077 1115 cttut
1134 1077 1225 1115 sua
1281 1069 1438 1129 gente
1470 1058 1624 1109 aliam
1663 1058 1741 1107 itt-

184 1160 385 1210 stituit
430 1154 585 1222 atque
652 1154 900 1205 sacravit.
955 1154 1183 1204 Plurima
1242 1162 1390 1201 extra
1452 1162 1630 1199 IlllltOS
1694 1147 1741 1196 in

188 1262 343 1315 gyro
389 1247 598 1299 oliveta.
631 1246 671 1295 Α
699 1242 909 1295 Tltabor
947 1257 1111 1307 usque
1160 1240 1494 1300 Damascum,
1544 1245 1744 1303 septem

189 1339 416 1391 dierum
462 1337 577 1387 iter.

192 1494 339 1547 Car.
374 1492 553 1544 XVIII.
590 1520 657 1531 —
693 1489 761 1542 De
819 1490 919 1540 situ
974 1487 1323 1547 Alexandrim,
1383 1493 1427 1535 et
1495 1481 1638 1543 Nilo,
1700 1489 1748 1531 ct

315 1562 525 1613 ecclesia
554 1562 603 1611 in
633 1575 732 1624 qua
772 1559 1031 1624 requiescit
1059 1554 1268 1606 Marcus
1313 1553 1644 1620 evangelista.

282 1691 625 1752 Alexandria,
661 1694 725 1742 ab
783 1703 977 1743 occasu
1023 1688 1074 1740 in
1104 1695 1277 1739 ortum
1308 1683 1436 1736 solis
1475 1682 1648 1748 longa,
1683 1681 1748 1733 ab

196 1794 398 1836 austro
424 1782 575 1834 ostiis
604 1779 703 1831 Nili
735 1778 982 1845 cingitur,
1014 1776 1079 1827 ab
1107 1774 1353 1841 aquilone
1382 1772 1497 1823 lacu
1546 1769 1748 1820 Mareo-

198 1874 322 1924 tico
368 1889 380 1924 :
437 1869 588 1936 cujus
642 1879 826 1935 portus
878 1864 1086 1923 eceteris
1138 1862 1425 1922 difficilior,
1483 1858 1632 1927 quasi
1684 1859 1749 1909 ad

200 1959 438 2013 formam
472 1956 684 2011 humani
716 1954 953 2021 corporis
999 1952 1052 2004 iu
1083 1951 1257 2017 capite
1288 1951 1401 2016 ipso
1432 1958 1485 2001 et
1523 1951 1750 2000 statione

201 2048 483 2116 capacior,
514 2048 565 2098 in
626 2044 863 2096 faucibus
914 2055 1041 2093 vero
1075 2039 1368 2105 augustior,
1403 2052 1504 2102 qua
1549 2044 1753 2087 meatus

207 2137 385 2189 utaris
417 2134 606 2201 aceipit
653 2148 716 2185 ac
756 2131 987 2192 navium,
1014 2128 1203 2197 quibus
1233 2128 1471 2193 quaedam
1515 2124 1749 2193 spirandi

204 2225 457 2280 subsidia
502 2234 653 2292 portu
680 2221 1169 2276 subministrantur.
1200 2217 1299 2272 Ubi
1335 2219 1453 2283 quis
1480 2215 1751 2281 angustias

204 2327 380 2384 atque
402 2330 492 2368 ora
524 2323 709 2382 portus
756 2312 1005 2370 evaserit,
1043 2319 1292 2375 tanquam
1329 2304 1528 2370 reliqua
1559 2318 1750 2368 corpo-

207 2408 294 2458 ris
325 2406 513 2461 forma.
562 2404 633 2455 ita
680 2400 890 2454 dilinsio
930 2398 1092 2450 maris
1142 2398 1293 2463 longe
1322 2395 1530 2460 lateque
1562 2401 1751 2444 exten-

205 2494 378 2546 ditur.
407 2498 459 2545 ln
487 2490 721 2557 ejusdem
779 2491 998 2541 dextera
1032 2496 1213 2553 portus
1252 2498 1412 2550 parva
1448 2482 1615 2533 insula
1659 2480 1751 2531 ha-

205 2584 393 2647 betur,
437 2583 486 2633 in
532 2595 633 2647 qua
690 2578 909 2640 Pharus,
944 2578 991 2628 id
1035 2586 1137 2637 est,
1180 2574 1338 2625 turris
1381 2580 1462 2624 est
1498 2571 1750 2629 maxima,

208 2682 477 2723 noeturno
511 2680 743 2731 tempore
792 2664 1124 2715 ﬂammarum
1181 2659 1383 2712 facibus
1429 2659 1641 2716 ardens,
1691 2672 1755 2706 ne

205 2760 424 2827 decepti
467 2756 698 2809 tenebris
751 2762 922 2805 nauta:
971 2753 1020 2802 in
1066 2749 1309 2815 scopulos
1360 2748 1671 2813 impingunt,
1704 2754 1754 2795 et

208 2847 464 2902 vestibuli
512 2846 729 2896 limitem
779 2839 1223 2907 comprehendere
1269 2844 1550 2901 nequeant,
1580 2835 1667 2900 qui
1703 2843 1755 2883 et

209 2954 319 3003 pse
352 2952 561 3002 semper
586 2934 850 2999 inquietus
877 2939 978 2993 est,
1009 2928 1252 2981 ﬂuctibus
1289 2926 1410 2977 hinc
1436 2926 1557 2976 inde
1596 2922 1750 2975 colli-

206 3028 463 3079 «teutibus
495 3042 509 3078 :
543 3036 725 3091 portus
770 3034 893 3074 vero
935 3018 1167 3085 placidus
1221 3028 1449 3081 semper,
1495 3013 1748 3081 amplitu-

207 3118 393 3170 dinem
446 3114 643 3165 habens
678 3111 892 3176 triginta
920 3109 1234 3160 stadiorum.
1273 3108 1316 3157 A
1353 3114 1498 3171 parte
1538 3100 1750 3168 Aﬂgypti

210 3211 403 3258 urbem
447 3203 769 3255 intrantibus
803 3201 866 3250 ad
908 3200 1177 3249 dexteram
1232 3196 1463 3246 occurrit
1510 3191 1752 3251 ecclesia,

209 3297 273 3347 in
301 3308 403 3361 qua
439 3292 622 3343 beatus
647 3287 966 3353 evangelista
1014 3283 1219 3335 Marcus
1253 3281 1561 3348 requiescit.
1590 3280 1753 3345 Cujus

207 3400 409 3451 corpus
460 3386 510 3436 in
566 3381 809 3434 orientali
866 3388 1012 3444 parte
1062 3376 1294 3441 ejusdem
1348 3374 1581 3439 ecclesiae
1634 3385 1755 3423 ante

211 3476 387 3527 altare
423 3475 691 3525 humatum
737 3478 836 3531 est,
871 3468 1123 3525 memoria
1169 3464 1496 3538 superposita
1527 3461 1591 3513 de
1622 3476 1753 3527 qia-

210 3566 371 3615 cli-ato
402 3574 664 3613 marmore
700 3557 858 3609 facta.
891 3555 1044 3608 Circa
1073 3553 1242 3605 Nilum
1273 3550 1506 3619 [Egyptii
1535 3565 1756 3615 aggeres

210 3652 434 3703 crebros
464 3657 674 3715 propter
700 3634 1045 3712 ii'ruptionetn
1074 3657 1331 3709 aquarum
1359 3640 1532 3692 facere
1562 3639 1754 3699 solent,

209 3739 310 3807 qui
366 3740 407 3790 si
467 3739 601 3788 forte
633 3734 909 3787 custodum
948 3732 1149 3783 incuria
1183 3728 1323 3796 rupti
1380 3728 1599 3790 fuerint,
1649 3743 1751 3777 non

206 3828 463 3893 irrigant,
502 3827 593 3878 sed
638 3824 945 3890 opprimunt
980 3831 1150 3872 terras
1186 3818 1517 3884 subjacentes
1549 3833 1562 3868 :
1589 3826 1641 3867 et
1670 3815 1756 3881 qui

215 3916 378 3982 plana
416 3913 644 3981 IEgypIii
678 3911 931 3971 incolunt,
967 3924 1124 3974 super
1168 3909 1310 3960 rivos
1342 3921 1601 3972 aquarum
1655 3903 1753 3955 sibi

213 4005 409 4055 domos
440 4000 637 4053 faciunt
667 3997 985 4051 transversis
1036 3996 1271 4048 trabibus
1319 4003 1756 4060 superpuneutes.

218 4160 354 4207 CAP.
394 4153 527 4206 XIX.
565 4181 630 4189 —
660 4150 731 4202 De
757 4147 1227 4211 Constantinopoli,
1257 4155 1300 4197 et
1348 4145 1562 4197 basilica
1594 4146 1645 4197 in
1675 4162 1756 4206 eo,

570 4236 679 4289 qua:
712 4234 907 4271 crucem
946 4217 1153 4269 Domini
1185 4216 1422 4267 continet.

296 4352 800 4419 Constantinopolis,
826 4350 1052 4415 undique
1077 4358 1265 4414 praeter
1292 4345 1591 4412 aquilonem
1626 4342 1754 4393 mari

222 4447 417 4501 cincta,
456 4442 591 4503 quod
629 4454 655 4489 a
694 4438 824 4490 mari
859 4437 1040 4501 Magno
1071 4434 1342 4500 sexaginta
1375 4433 1607 4484 millibus
1642 4446 1761 4496 pas-

222 4544 381 4583 suum
423 4520 587 4592 uSque
616 4524 680 4576 ad
714 4538 922 4574 murum
955 4520 1207 4581 civitatis,
1236 4529 1287 4571 et
1311 4534 1338 4569 a
1372 4534 1522 4570 muro
1569 4519 1759 4568 civita-

227 4621 300 4671 tis
343 4630 506 4681 usque
550 4613 613 4664 ad
666 4614 799 4663 ostia
851 4609 1073 4660 Danubii
1126 4608 1467 4675 quadraginta
1532 4605 1761 4656 millibus

226 4720 479 4774 passuum
512 4700 833 4760 extenditur,
873 4698 1072 4749 ambitu
1112 4712 1376 4748 murorum
1401 4696 1549 4762 juxta
1596 4694 1756 4745 situnt

231 4791 394 4844 maris
443 4787 693 4853 anguloso
743 4785 1016 4835 duodecim
1049 4784 1206 4834 millia
1254 4797 1501 4849 passuum
1534 4782 1758 4832 circum-

229 4881 494 4949 plectitur.
530 4876 674 4929 llanc
709 4876 877 4943 primo
901 4874 1276 4927 Ctntstautinus
1320 4872 1372 4923 in
1403 4870 1582 4923 Cilicia
1609 4860 1755 4935 juxta

232 4981 399 5027 mare,
427 4966 565 5032 quod
591 4965 771 5017 Asiam
823 4963 1191 5029 Europamque
1238 4960 1592 5021 disterminat,
1631 4960 1757 5010 tedi-

232 5057 390 5108 ticare
422 5053 702 5120 disposuit,
731 5053 820 5104 sed
848 5054 1073 5118 quadam
1101 5061 1253 5103 nocte
1300 5049 1614 5103 ferramenta
1646 5065 1759 5098 υιιι-

232 5145 318 5196 nia
348 5141 736 5202 ablata,missis
757 5140 843 5206 qui
879 5140 1228 5205 requirerent,
1255 5128 1304 5189 iu
1338 5147 1486 5204 parte
1520 5137 1758 5201 Europav,

235 5229 324 5282 ubi
355 5243 496 5279 nunc
525 5238 609 5280 est
641 5227 749 5292 ipsa
786 5227 997 5285 civitas.
1045 5229 1253 5279 inventa
1288 5236 1408 5279 sunt
1445 5244 1459 5278 :
1508 5228 1574 5279 ibi
1616 5232 1755 5281 enim

236 5316 349 5369 lleri
393 5315 481 5369 Dei
516 5314 780 5368 voluntate
834 5315 1094 5365 intellecta
1132 5322 1229 5365 est.
1266 5313 1317 5364 In
1365 5315 1461 5366 hac
1512 5317 1638 5369 urbe
1668 5317 1758 5368 ba-

235 5403 383 5455 silica
442 5403 556 5453 miri
610 5402 807 5468 operis,
833 5418 948 5468 quae
1004 5403 1191 5453 Sancta
1249 5400 1442 5469 Sophia
1492 5406 1758 5469 cognomi-

235 5501 415 5551 natur,
450 5491 671 5543 rotuudo
712 5490 978 5543 schemate
1004 5506 1030 5539 a
1064 5490 1417 5545 fundamentis
1456 5504 1754 5547 constructa

234 5587 287 5628 et
325 5583 709 5642 concamerata,
736 5580 904 5631 tribus
933 5581 1105 5630 cincta
1142 5580 1444 5644 parietibus,
1471 5590 1523 5632 et
1556 5586 1758 5649 magnis

234 5677 527 5721 sustentata
578 5669 837 5723 columnis
894 5672 1227 5737 arcubusque
1284 5670 1566 5722 sublimata
1627 5683 1745 5725 est:

1208 428 1301 485 DE
1350 424 1557 483 LOCIS
1613 418 1919 476 SANCTIS
1980 416 2362 475 LIBEI.LUS.

3233 416 3367 479 1190

1846 529 1993 609 cujus
2026 529 2245 581 interior
2272 531 2457 581 domus
2490 529 2540 581 in
2570 529 2851 596 aquilonali
2886 530 2962 582 sui
2993 540 3138 596 parte
3172 532 3365 597 gratuc

1844 628 1893 669 et
1922 619 2071 675 valde
2122 619 2398 686 pUlt'bl'lllll
2434 622 2720 671 armarium
2758 622 2932 683 habet,
2967 622 3017 673 in
3058 636 3163 688 quo
3210 634 3365 687 capsa

1847 710 2017 776 lignea
2070 712 2346 777 ligneoque
2388 710 2635 775 operculo
2680 719 2841 763 teetas
2885 712 3058 763 crucis
3090 710 3369 764 Domiuirre

1849 812 1955 852 tres
2005 801 2291 867 particulas
2335 801 2587 863 continet,
2627 802 2835 867 longum
2889 800 3131 853 videlicet
3174 804 3371 868 lignum

1847 889 1895 940 iu
1940 889 2071 941 duas
2125 900 2299 956 partes
2348 893 2590 955 incisum,
2640 903 2689 948 et
2731 903 3086 944 tranSVersnm
3138 894 3374 957 ejusdem

1846 988 2040 1030 sancta:
2072 978 2245 1030 erucis
2271 979 2482 1043 lignum.
2524 980 2643 1032 Ilwc
2672 980 2837 1032 tribus
2890 990 3087 1031 tantum
3137 994 3227 1046 per
3279 996 3375 1030 an-

1849 1078 1969 1113 num
2027 1062 2228 1126 diebus,
2282 1064 2378 1116 hoc
2436 1078 2535 1127 εει,
2586 1068 2635 1117 in
2690 1066 2850 1118 Cinna
2902 1066 3127 1127 Domini,
3176 1066 3224 1115 iu
3282 1064 3379 1115 Pa-

1849 1168 2080 1215 rasceve,
2134 1163 2185 1205 et
2242 1156 2289 1205 in
2343 1152 2572 1207 8..ι›ι›;.ι‹›
2604 1167 2805 1220 sancto,
2855 1157 3060 1223 populis
3111 1156 3375 1207 adoranda

1848 1241 2153 1306 profertur:
2188 1258 2411 1307 quarunt
2458 1246 2623 1309 prima
2659 1261 2812 1311 capsa
2870 1245 2955 1295 illa
3004 1259 3161 1311 super
3211 1244 3377 1295 altare

1848 1345 2090 1393 aureum,
2122 1332 2252 1384 duos
2284 1334 2489 1385 cubitus
2520 1335 2810 1387 altitudinis
2845 1343 2896 1386 et
2937 1351 3094 1387 unum
3142 1333 3378 1385 latitudi-

1850 1421 1929 1472 nis
1982 1422 2199 1484 babens,
2236 1438 2353 1474 cum
2413 1439 2569 1475 cruce
2622 1435 2803 1477 sancta
2867 1426 3126 1491 patefacta
3162 1438 3379 1489 compo-

1852 1509 1992 1558 nitur
2054 1524 2068 1560 :
2125 1510 2485 1576 accedensque
2547 1512 2748 1577 primus
2822 1512 3135 1578 imperator,
3190 1513 3381 1564 deinde

1851 1607 2073 1649 cunctus
2105 1614 2197 1665 per
2221 1600 2457 1652 ordinem
2496 1600 2748 1653 laicorum
2776 1603 2967 1668 gradus
2997 1611 3231 1654 sanctam
3259 1617 3383 1651 cru-

1850 1696 1963 1733 cem
2008 1686 2189 1737 adorat
2238 1694 2288 1737 et
2316 1685 2586 1740 osculatur
2615 1707 2627 1741 :
2658 1689 2895 1755 sequenti
2938 1689 3020 1740 die
3054 1688 3381 1755 imperatria,

1852 1781 1901 1823 et
1936 1786 2117 1823 omnes
2139 1770 2388 1829 matrona
2412 1776 2489 1828 vel
2518 1778 2749 1846 virgines
2781 1778 2915 1830 idem
2951 1776 3149 1829 faciunt
3179 1795 3192 1829 :
3229 1781 3381 1827 tertia
3401 1802 3418 1810 —

1852 1859 2192 1912 nihilominus
2222 1863 2305 1912 die
2342 1863 2572 1928 episcopi
2615 1874 2663 1917 et
2710 1865 2884 1917 cuncti
2915 1865 3225 1917 clericorum
3256 1879 3383 1931 gra-

1850 1946 1949 1998 dus
1993 1948 2127 1999 idem
2167 1947 2387 2011 ficium,
2422 1960 2474 2001 et
2524 1953 2601 2003 sic
2631 1966 2786 2015 capsa
2838 1954 3039 2003 reclusa
3090 1952 3154 2002 ad
3203 1967 3387 2017 supra-

1851 2034 2047 2086 dictum
2093 2039 2379 2089 armarium
2422 2049 2739 2105 reportatur.
2777 2028 3034 2100 Quamdiu
3068 2051 3241 2091 autem
3298 2054 3387 2091 stt-

1852 2136 1944 2189 per
1985 2122 2149 2177 altare
2204 2136 2377 2177 manet
2428 2140 2628 2192 aperta,
2685 2136 2845 2180 totam
2897 2128 3171 2181 ecclesiam
3222 2129 3387 2179 mirus

1851 2213 1981 2263 odor
2026 2213 2309 2280 perfundit.
2354 2216 2422 2268 De
2464 2219 2613 2269 nodis
2660 2218 2801 2269 enim
2835 2200 2967 2285 ligni
3017 2220 3183 2271 sancti
3219 2219 3389 2285 liquor

1852 2300 2084 2353 odorifer
2114 2304 2235 2355 oleo
2270 2306 2455 2358 similis
2490 2306 2718 2372 proﬂuit,
2748 2308 2897 2374 cujus
2924 2309 3078 2360 etiam
3118 2312 3160 2360 si
3193 2310 3383 2375 aliquis

1853 2389 2095 2442 infirmus
2151 2396 2410 2447 modicam
2471 2398 2781 2461 particulam
2831 2399 3120 2465 contingit,
3175 2414 3384 2450 onmem

1852 2485 2212 2554 aegritudinem
2245 2499 2416 2540 sanat.

1855 2648 2114 2714 Descripsi
2146 2649 2376 2702 breviter
2408 2651 2643 2716 finesque
2672 2652 2911 2714 situsque
2946 2650 3201 2710 locorum,

1924 2735 2115 2800 Pagina
2148 2741 2296 2787 sacra
2335 2738 2502 2801 magis
2531 2751 2646 2803 quae
2681 2740 3015 2790 utemoranda
3050 2740 3209 2791 refert
3246 2758 3249 2759 '

1856 2823 2015 2887 Deda,
2056 2836 2281 2890 sequens
2330 2818 2565 2876 veterum
2607 2836 2946 2878 monumenta
2995 2828 3254 2895 simulque
3297 2844 3390 2882 no-

3113 2917 3319 2987 [vorum
3342 2914 3348 2919 ’

1924 3004 2115 3056 Charta
2150 3004 2517 3071 magistrorum
2553 3017 2668 3069 qttze
2701 3015 2848 3057 senet
2880 3007 3178 3073 inspiciens.

1857 3093 1951 3153 Da,
1976 3094 2119 3155 Jesu,
2149 3098 2367 3159 patriam
2406 3101 2621 3160 semper
2653 3098 2927 3148 tendamus
2963 3099 3026 3149 ad
3067 3101 3202 3149 illam

1926 3180 2091 3243 Quam
2124 3184 2241 3233 beat
2267 3192 2519 3233 lDlCl‘lllltll
2556 3183 2687 3235 visio
2716 3199 2920 3236 summa
2969 3187 3060 3237 tui.

2262 3313 2389 3367 Car.
2432 3312 2549 3365 XX.
2579 3343 2647 3353 -
2679 3313 2973 3371 Conclusio.

1927 3445 2043 3498 Πςιξς
2087 3447 2151 3498 de
2198 3446 2322 3499 locis
2363 3449 2563 3501 sanctis
2605 3460 2756 3516 prout
2786 3453 2929 3517 potui
2963 3454 3116 3507 fidem
3152 3455 3384 3512 historia.

1856 3545 2065 3586 secutus
2134 3536 2377 3602 exposui,
2427 3544 2480 3588 et
2548 3537 2774 3589 maxime
2837 3538 3085 3605 Arculphi
3158 3546 3386 3597 dictatus

1857 3623 2141 3676 Galliarum
2172 3625 2573 3692 episcopiJ‘luos
2598 3628 2987 3682 eruditissimus
3026 3632 3073 3681 iu
3098 3630 3387 3699 Scripturis

1858 3715 2129 3781 presbyter
2154 3715 2496 3767 Adamnanus
2518 3716 2765 3769 laciniosa
2793 3733 3033 3772 sermone
3058 3720 3383 3784 describens,

1860 3802 2026 3854 tribus
2057 3802 2246 3855 libellis
2291 3807 2707 3871 comprehendit.
2740 3806 3009 3875 Siquidem
3063 3823 3389 3868 memoratus

1858 3892 2100 3955 antistes,
2153 3894 2409 3946 desiderio
2476 3896 2710 3948 lacerum
2791 3910 3090 3951 saneturutu
3163 3903 3389 3967 patriam

1859 3980 2125 4042 deserens,
2198 3991 2388 4034 terram
2472 3988 2896 4052 repromissionis
2978 3992 3129 4055 adiit,
3192 3993 3393 4059 aliquot

1862 4073 2129 4125 mensibus
2206 4073 2581 4141 Hierosolymis
2658 4077 2979 4140 demoratus,
3036 4090 3390 4150 veteranoque

1863 4165 2119 4213 ttmnacho
2166 4166 2374 4214 nomine
2430 4162 2585 4214 Petro
2634 4166 2763 4217 duce
2817 4168 3012 4230 pariter
3045 4178 3199 4236 atque
3224 4173 3385 4225 inter-

1861 4260 2002 4316 prete
2043 4267 2183 4312 usus,
2216 4260 2400 4303 ωυρμ
2450 4252 2501 4303 in
2545 4253 2764 4306 circuitu
2807 4270 2921 4320 qua:
2974 4258 3391 4325 desiderarent,

1862 4340 2032 4390 vivida
2083 4339 2373 4392 intentione
2421 4341 2697 4393 lustravit:
2732 4360 2937 4395 necnon
2989 4346 3384 4409 Alexandriam,

1860 4428 2196 4491 Damascum,
2226 4430 2733 4497 Consmutinopolim
2785 4431 3125 4500 Siciliamque
3168 4452 3389 4503 percur—

1860 4518 1946 4568 rit.
1987 4516 2087 4569 Sed
2149 4532 2265 4566 utut
2319 4517 2536 4581 patriam
2586 4520 2812 4569 revisere
2859 4522 3035 4583 Vellet,
3092 4524 3238 4574 navis
3282 4541 3384 4590 qua

1862 4606 2147 4658 vehebatur
2195 4614 2313 4670 post
2368 4605 2560 4657 multos
2607 4608 2877 4660 anfractus
2916 4622 3069 4661 Vento
3118 4614 3388 4663 contrario

1859 4692 1910 4743 iu
1969 4702 2223 4753 nostram,
2266 4692 2314 4743 id
2350 4703 2431 4745 est
2463 4691 2856 4754 Britannorum,
2916 4696 3139 4747 insulam
3186 4700 3385 4763 perlata

1860 4791 1938 4832 est
1976 4797 1987 4832 :
2026 4783 2339 4849 tandemque
2386 4784 2495 4848 ipse
2550 4792 2665 4848 post
2703 4783 2959 4835 'nonnulla
3019 4788 3251 4852 pericula
3316 4792 3383 4840 ad

1860 4870 2130 4935 praefatum
2203 4873 2368 4921 vitum
2438 4871 2783 4923 venerabilem
2855 4875 3221 4928 Adamnanum
3292 4894 3386 4929 ve-

1861 4959 2029 5039 niens,
2065 4962 2161 5009 iter
2189 4958 2387 5023 pariter
2426 4973 2580 5010 suum
2630 4969 2680 5012 et
2728 4975 2789 5012 ea
2828 4976 2942 5027 quae
2989 4965 3189 5017 viderat
3217 4968 3383 5031 expli-

1858 5048 2045 5108 cando,
2106 5046 2470 5113 pulcherrimae
2526 5049 2668 5100 illum
2737 5051 2970 5103 historire
3022 5054 3197 5106 docuit
3261 5068 3386 5105 esse

1858 5137 2189 5203 scriptorem.
2222 5135 2296 5188 Ex
2352 5153 2451 5205 qna
2513 5153 2610 5191 nos
2662 5139 2835 5206 aliqua
2887 5141 3228 5208 decerpentes
3285 5158 3377 5194 ve-

1863 5235 2135 5293 terumque
2187 5226 2333 5280 libris
2377 5237 2767 5294 cumparatttes,
2810 5228 2900 5280 tibi
2940 5228 3154 5295 legenda
3201 5241 3378 5281 trans-

1860 5314 2139 5378 mittimus,
2196 5316 2534 5367 obsecrantes
2592 5329 2682 5381 per
2737 5316 2935 5381 omnia,
2986 5323 3043 5366 ut
3108 5320 3386 5383 praesentis

1859 5402 2036 5455 saeculi
2093 5405 2346 5463 laborem,
2402 5419 2503 5454 non
2566 5405 2674 5456 otio
2732 5404 2912 5471 lascivi
2966 5407 3224 5471 corporis,
3286 5410 3383 5460 sed

1858 5493 2098 5547 lectionis
2147 5492 2505 5560 orationisque
2558 5496 2734 5548 studio
2790 5495 2879 5549 tibi
2940 5482 3233 5563 t‘enrpcrare
3290 5511 3383 5549 sa-

1860 5592 2027 5649 tagas.
3047 5592 3049 5595 ’
