4090 6148
289 321 398 386 073

1666 319 2130 412 DtALECTICA.

3437 320 3545 387 G74

295 433 476 502 λέγωο
543 435 763 508 Ἐπειδὴ
810 436 928 490 εστι
982 434 1207 508 πρόνοια
1260 435 1355 486 καὶ
1400 433 1682 506 δικαστής,
1739 435 1878 491 είσὶν

1979 438 2234 494 humanis
2263 438 2569 507 provideat,
2603 449 2659 496 et
2683 439 3081 511 providentiam
3124 454 3412 498 necessum
3437 457 3545 497 est.

293 525 520 595 ἁμοιϐαί
545 543 558 556 ·
619 527 716 581 καὶ
770 527 962 600 ἐπειδὴ
1003 527 1140 581 εἰσὶν
1169 527 1397 596 ἀμοιϐαὶ
1424 567 1440 593 ,
1488 528 1603 581 ἐστι
1642 529 1702 582 τὸ
1744 545 1868 600 κρι-

296 617 539 686 νόμενον.
590 618 654 671 Et
700 617 756 672 δὲ
786 617 904 672 ἔστι
951 618 1012 672 τὸ
1062 619 1384 690 κρινόμενον
1410 659 1425 684 ,
1466 619 1734 684 ἀθάνατος
1763 619 1871 694 ἄρα

296 709 328 776 ή
368 707 538 777 ψυχήν

1978 527 2058 578 ΑιΙ
2087 525 2487 594 providentiam
2519 528 2706 599 itaque
2753 529 3141 598 pervenimus;
3176 545 3298 599 quae
3327 531 3548 602 quidem

1977 617 2120 686 apud
2180 615 2286 687 73
2338 631 2530 673 omnes
2564 628 2720 673 extra
2760 617 3159 674 dubitationem
3206 630 3312 676 est.
3372 621 3552 692 Atque

1975 709 2104 762 hinc
2135 721 2231 777 per
2256 707 2712 776 compositionem
2735 709 2816 764 sic
2845 708 3075 779 disputo
3101 726 3115 763 :
3143 711 3404 780 quoniam
3429 728 3552 782 pro-

294 802 532 858 videntia
563 811 668 868 est,
703 810 756 858 et
787 803 976 873 judex,
1013 811 1142 860 sunt
1167 821 1388 878 quoque
1418 807 1642 878 praemia
1669 815 1722 862 et
1746 819 1956 877 ptenae.
2003 803 2142 870 Quia
2177 811 2360 858 autem
2441 811 2572 858 sunt
2637 804 2860 874 praemia
2892 812 2945 858 et
3014 819 3211 874 putum,
3251 814 3336 860 est
3383 805 3550 862 etiam

293 894 362 952 de
395 911 506 966 quo
547 895 817 974 judicium
849 895 1075 951 feratur.
1106 897 1244 953 Cum
1277 913 1410 970 ergo
1445 900 1516 954 sit
1544 898 1613 954 de
1644 913 1755 968 quo
1775 896 2045 968 judicium
2076 893 2305 958 feratur,
2349 894 2675 950 immortalis
2703 895 2887 949 anima
2929 895 3002 951 sit
3073 911 3302 952 necesse
3369 903 3475 952 est.

476 1008 608 1078 Qui:
642 1019 936 1082 sequuntur
969 1011 1134 1080 reperi
1163 1012 1218 1066 in
1247 1024 1477 1084 quatuor
1505 1013 1770 1069 codicibus
1806 1014 1964 1084 regiis
1995 1013 2068 1068 ad
2101 1011 2298 1068 calcem
2335 1011 2639 1066 Dialectica:
2667 1009 2725 1067 S.
2762 1009 2991 1068 Joannis
3021 1011 3371 1081 Damasceui,

1075 1106 1392 1177 miseratque
1423 1105 1529 1162 Leo
1554 1107 1786 1162 Allatius
1814 1106 2067 1170 Auberto,
2090 1119 2208 1158 cum
2251 1101 2374 1158 aliis
2405 1103 2771 1158 Damascenis.

813 1243 1017 1296 ΛΥΣΙΣ
1059 1246 1352 1302 ΛΕΞΕΩΝ.

665 1333 902 1405 Ἀνάγκη
936 1335 1052 1389 ἐστὶ
1083 1336 1206 1406 βίας
1227 1338 1398 1392 αἰτία.

365 1427 640 1498 Στοιχεῖὁν
677 1427 813 1491 ἐστι,
859 1426 1055 1491 κοινῶς
1080 1429 1179 1498 μὲν
1219 1430 1279 1496 ἐξ
1309 1422 1370 1484 οὗ
1407 1431 1469 1485 ’τι
1492 1433 1700 1502 γίνεται
1729 1431 1875 1505 πρώ-

296 1537 410 1584 του,
440 1519 536 1572 καὶ
557 1519 639 1580 είς
661 1516 795 1570 αὐτὸ
841 1517 928 1569 ἐπ’
974 1518 1203 1588 ἐσχάτου
1251 1520 1579 1576 ἀναλύεται·
1630 1523 1778 1588 ιδίως
1812 1523 1871 1576 δὲ

297 1607 559 1678 στοιχεῖόν
587 1607 759 1673 ἐστιν,
816 1604 878 1670 ἐξ
923 1597 986 1659 οὗ
1023 1607 1230 1675 γίνεται
1271 1609 1452 1680 σῶμα,
1506 1611 1602 1664 καὶ
1631 1613 1710 1675 είς
1736 1612 1872 1665 αὐτὸ

295 1700 586 1754 ἀναλύεται
606 1714 623 1730 ο
650 1693 782 1763 οἷον,
807 1696 938 1768 πῦρ,
972 1697 1138 1770 ὕδωρ,
1164 1699 1293 1771 ἀὴρ,
1319 1701 1414 1771 γῆ.
1444 1701 1564 1774 Πῦρ
1579 1705 1694 1756 ἐστι
1713 1703 1871 1772 σῶμα

297 1787 824 1857 λεπτομερέστατον,
855 1787 948 1839 καὶ
987 1786 1344 1858 θερμότατον,
1397 1791 1494 1845 καὶ
1533 1791 1829 1862 ξηρότατον
1853 1807 1868 1822 ο

299 1877 370 1946 γῆ
399 1879 515 1929 ἐστι
539 1876 698 1946 σῶμα
728 1875 1024 1947 ξηρότατον
1049 1878 1142 1932 καὶ
1182 1877 1488 1950 βαρύτατον
1515 1897 1530 1913 ο
1567 1881 1715 1952 ὕδωρ
1755 1882 1873 1935 ἐστὶ

299 1968 456 2037 σῶμα
488 1968 652 2038 ὑγρὸν
674 1969 768 2021 καὶ
815 1967 1151 2038 ψυχρότατον
1170 1986 1186 2002 ο
1213 1971 1322 2042 ἀήρ
1369 1974 1483 2026 ἔστι
1528 1974 1686 2044 σῶμα
1709 1975 1872 2045 ὑγρό-

297 2074 455 2110 τατον
479 2059 572 2111 καὶ¹
597 2057 863 2129 μαλακόν.
896 2059 1112 2124 Γένεσίς
1136 2063 1254 2115 ἐστι
1283 2062 1496 2133 κίνησις
1524 2065 1644 2118 κατ’
1661 2067 1871 2132 οὐσίαν,

295 2151 360 2201 ὲκ
389 2147 484 2200 τοῦ
520 2148 595 2220 μὴ
627 2148 779 2212 ὄντος
799 2150 880 2213 είς
910 2149 971 2201 τὸ
997 2145 1158 2207 εἶναι.
1183 2150 1418 2224 Αὖξησίς
1444 2157 1559 2209 ἐστι
1580 2157 1792 2229 κίνησις
1817 2160 1874 2212 tv

297 2238 374 2309 τῷ
399 2238 552 2308 ποσῷ
581 2239 722 2292 κατὰ
752 2239 1005 2309 μέγεθος.
1065 2241 1252 2307 ⁴ι>θίσις
1281 2245 1399 2297 ἐστὶ
1445 2245 1662 2318 κίνησις
1691 2248 1748 2300 ἐν
1795 2247 1876 2318 τῷ

299 2330 452 2400 ποσῷ
484 2331 626 2385 κατὰ
654 2331 900 2400 μείωσιν.
941 2332 1247 2399 Ἀλλοίωσίς
1291 2337 1410 2390 ἐστι
1461 2338 1678 2410 κίνησις
1709 2340 1768 2392 tv
1796 2339 1876 2410 τῷ

299 2419 437 2488 ποιῷ
475 2418 620 2472 κατὰ
649 2419 972 2490 μεταϐολήν.
1002 2422 1150 2493 Φορά
1193 2426 1310 2478 ἐστι
1359 2425 1572 2496 κίνησις
1616 2430 1680 2482 ὲκ
1706 2430 1874 2484 τόπου

301 2512 380 2573 εἰς
412 2511 596 2564 τόπον.
626 2511 908 2582 Περιφορά
936 2513 1055 2567 ἐστι
1081 2514 1303 2585 κίνησις
1323 2517 1382 2569 tv
1403 2517 1484 2588 τῷ
1505 2517 1655 2589 αύτῷ
1701 2520 1872 2591 τόπῳ.

301 2601 664 2672 Αύτοκινησία
695 2603 845 2657 ἐστὶν
880 2605 914 2672 ή
959 2605 1056 2674 τῆς
1100 2606 1280 2677 ψυχῆς
1329 2610 1425 2662 καὶ
1473 2612 1533 2663 tv
1575 2614 1687 2675 τοῖς
1716 2611 1878 2676 ζώοις

301 2694 534 2765 κίνησις.
564 2694 769 2765 Χρόνος
797 2696 916 2748 ἐστὶ
945 2697 1144 2768 μέτρον
1193 2699 1483 2770 κινήσεως,
1512 2703 1603 2756 καὶ
1645 2703 1877 2775 ἀριθμὸς

300 2783 393 2838 τοῦ
431 2787 490 2839 tv
517 2787 732 2856 κινήσει
762 2787 1030 2858 προτέρου
1061 2789 1155 2841 καὶ
1199 2790 1449 2863 ὑστέρου.
1485 2793 1697 2866 Ἡμέρα
1732 2796 1878 2850 ἐστὶν

301 2876 452 2948 ήλίου
498 2877 639 2947 ὑπὲρ
682 2877 790 2947 γῆς
843 2878 990 2948 φορά
1013 2895 1028 2911 ο
1069 2881 1104 2951 ἢ
1137 2883 1328 2952 χρόνος
1351 2886 1409 2939 tv
1443 2877 1487 2953 ᾧ
1509 2888 1538 2939 ὁ
1564 2886 1715 2956 ἥλιος
1737 2888 1878 2960 ὑπὲρ

2375 1239 2759 1298 DlCTlONUM
2795 1240 3118 1298 SOLUTIO.

2281 1333 2596 1390 Necessitas
2630 1331 2904 1388 violentiae
2933 1346 3100 1388 causa
3132 1341 3240 1389 est.

2047 1425 2386 1481 Elementum
2430 1425 2798 1482 communiter
2825 1425 3064 1480 sumitur
3101 1439 3203 1493 pro
3239 1438 3306 1478 eo
3340 1439 3404 1478 ex
3439 1439 3551 1495 quo

1975 1519 2284 1588 praestituto
2305 1517 2364 1571 tit
2388 1517 2622 1589 aliquid,
2647 1528 2702 1573 et
2729 1519 2783 1571 in
2805 1518 2948 1587 quod
2974 1519 3294 1572 resolvitur.
3321 1516 3553 1589 Proprie

1973 1622 2107 1662 vero
2127 1607 2458 1662 elementum
2493 1607 2716 1671 dicitur,
2760 1605 2814 1660 id
2847 1622 2914 1660 ex
2953 1621 3066 1676 quo
3098 1621 3302 1676 corpus
3337 1609 3552 1662 consti-

1975 1699 2168 1762 tuitur,
2199 1706 2254 1753 et
2283 1699 2340 1752 in
2379 1697 2526 1769 quod
2577 1697 2910 1762 resolvitur;
2957 1699 3142 1768 qualia
3177 1708 3328 1762 sunt,
3379 1699 3548 1769 ignis,

1971 1804 2134 1859 aqua.
2177 1803 2292 1853 aer,
2329 1799 2493 1844 terra.
2532 1788 2680 1859 Ignis
2719 1795 2803 1844 est
2852 1802 3056 1857 corpus
3092 1786 3547 1844 subtilissimum.

1945 1891 2026 1951 .jet
2052 1881 2474 1945 calidissimum,
2502 1895 2566 1935 ac
2601 1880 2997 1936 siccissimum.
3026 1878 3197 1935 Terra
3230 1890 3313 1934 est
3342 1893 3549 1950 corpus

1963 1973 2340 2052 _siccissimum
2371 1984 2422 2028 et
2452 1974 2862 2044 gravissimum.
2898 1974 3056 2043 Aqua
3087 1979 3172 2028 est
3209 1986 3411 2041 corpus
3443 1972 3550 2024 Itu-

1975 2067 2182 2121 midum
2214 2083 2280 2122 ac
2327 2065 2772 2139 frigidissimum.
2819 2067 2930 2122 Aer
2982 2075 3070 2121 est
3113 2082 3319 2137 corpus
3368 2065 3552 2120 humi-

1973 2160 2264 2216 dissimum
2307 2171 2364 2215 et
2414 2160 2598 2215 molle.
2645 2157 2814 2214 Ortus
2868 2167 2954 2215 est
3004 2168 3188 2215 motus
3245 2157 3548 2213 secundum

1975 2251 2366 2315 substantiam,
2401 2265 2432 2304 a
2462 2265 2573 2304 non
2605 2264 2728 2305 esse
2766 2249 2834 2304 ad
2867 2263 3012 2304 esse.
3046 2247 3304 2303 lnteritus
3335 2259 3390 2303 et
3422 2263 3550 2302 cor-

1975 2343 2181 2412 ruptio,
2214 2352 2398 2397 motus
2425 2351 2510 2397 est
2536 2341 2606 2397 ab
2637 2357 2762 2398 esse
2790 2340 2859 2395 ad
2889 2356 2998 2396 non
3041 2355 3185 2398 esse.
3216 2341 3552 2411 Augmenta-

1977 2435 2053 2490 tio
2084 2444 2168 2490 est.
2201 2443 2385 2489 motus
2415 2433 2468 2488 in
2504 2450 2564 2490 re
2603 2443 2810 2504 quanta
2851 2431 3157 2490 secundum
3211 2430 3550 2502 magnitudi-

1978 2541 2123 2581 nem.
2156 2524 2408 2580 Decretio
2449 2535 2533 2580 est
2578 2533 2763 2580 motus
2807 2524 2863 2578 in
2908 2539 2969 2579 re
3005 2532 3211 2594 quanta
3244 2522 3551 2579 secundum

1976 2617 2440 2681 minorationem,
2499 2630 2596 2672 seu
2641 2615 3089 2670 diminutionem.
3143 2613 3412 2668 Alteratio
3467 2623 3551 2667 est

1977 2717 2160 2766 motus
2225 2710 2282 2764 in
2344 2723 2405 2763 re
2460 2708 2730 2778 qualitate
2803 2704 3020 2770 aﬂ'ecta,
3066 2704 3374 2762 secundum
3432 2720 3552 2757 mll-

1979 2801 2270 2856 tationem.
2338 2798 2493 2855 Latio
2563 2806 2650 2853 est
2715 2807 2898 2853 motus
2963 2811 2996 2853 e
3048 2796 3171 2851 loco
3242 2796 3299 2851 in
3369 2797 3551 2850 locum

1979 2892 2355 2948 Circumactio
2421 2897 2606 2946 motus
2660 2897 2746 2947 est
2809 2890 2959 2945 circa
3023 2891 3277 2944 eumdem
3347 2888 3549 2942 locum.

298 2970 406 3038 γῆς
430 2966 677 3054 φέρεται.
734 2967 851 3035 Νύξ
908 2971 1026 3024 ἐστι
1078 2969 1330 3043 σώματος
1371 2975 1470 3043 τῆς
1500 2977 1600 3047 γῆς
1652 2979 1808 3033 σκιάο
1841 2980 1876 3052 ἢ

1981 2980 2161 3037 Motus
2202 2988 2566 3051 spontaneus,
2613 2987 2700 3035 est
2754 2979 2954 3033 animat
2995 2986 3213 3042 motus,
3261 2977 3352 3047 qui
3398 2983 3454 3030 et
3495 2975 3552 3029 in

300 3057 494 3130 χρόνος
524 3059 582 3111 tv
603 3051 649 3128 ᾧ
684 3060 713 3114 ὁ
739 3059 892 3131 ἥλιος
925 3059 1030 3115 ὑπὸ
1075 3062 1181 3133 γῆν
1220 3065 1465 3136 φέρεται.
1518 3068 1878 3141 Νυχθήμερόν

305 3152 420 3203 ἐστι
482 3149 688 3220 κόσμου
742 3154 1106 3225 περιστροφή.
1169 3157 1296 3226 Μήν
1351 3157 1468 3212 ἐστι
1527 3161 1718 3230 χρόνος
1772 3162 1881 3216 ἀπὸ

307 3239 526 3294 συνόδου
556 3242 787 3313 σελήνης
825 3243 964 3315 πρὸς
1012 3245 1166 3316 ἥλιον
1215 3247 1310 3300 ἐπὶ
1335 3248 1435 3320 τήν
1466 3248 1594 3322 ἑξῆς
1639 3252 1877 3308 σύνοδον.

319 3331 593 3396 Ἐνιαυτός
627 3333 745 3386 ἐστι
778 3335 994 3405 χρόνος,
1047 3337 1106 3391 tv
1137 3329 1231 3406 ᾧὸ
1275 3338 1427 3410 ἥλιος
1470 3341 1562 3396 τὸν
1617 3341 1882 3406 ζωδιακὸν

306 3418 528 3483 διέξεισι
555 3419 777 3475 κύκλον.
811 3423 1020 3495 Καιρός
1054 3425 1172 3480 ἐστι
1207 3427 1398 3497 χρόνος
1435 3429 1880 3500 κατορθώματος.

318 3509 570 3582 ’Δκαιρία
599 3511 718 3564 ἐστὶ
779 3511 957 3580 λεῐψις
981 3521 1011 3563 1
1035 3515 1228 3586 καιροῦ
1257 3519 1380 3571 κατ’
1432 3519 1722 3590 ἐπιτυχίαν
1748 3537 1882 3590 προ-

306 3599 502 3669 θυμίας
535 3601 629 3655 τοῦ
667 3601 1026 3674 ζητουμένου.
1062 3606 1207 3678 Ὅρα
1255 3609 1375 3662 ἐστὶ
1416 3613 1585 3681 μέρος
1629 3612 1880 3678 ἐνιαυτοῦ

306 3693 656 3765 τὸτέταρτον,
707 3695 742 3766 ἢ
797 3697 898 3768 τῆς
955 3698 1172 3772 ἡμέρας
1196 3701 1258 3755 τὸ
1298 3701 1684 3776 δωδέκατον,ἢ
1725 3707 1878 3778 ἀκμὴ

301 3785 500 3856 ψυχῆς,
535 3787 569 3857 ἦ
613 3784 863 3858 σώματος
903 3790 1085 3855 ἄνθος.
1147 3791 1288 3866 Ἔαρ
1330 3795 1449 3849 ἐστὶ
1486 3797 1701 3867 χρόνος,
1734 3799 1792 3853 tv
1834 3794 1880 3868 ᾧ

299 3875 364 3930 τὸ
393 3877 558 3952 ὑγρὸν
580 3880 886 3951 ἐπικρατεῖ.
903 3882 1071 3955 Θέρος
1095 3885 1214 3939 ἐστὶ
1237 3887 1428 3958 χρόνος
1449 3889 1506 3943 tv
1530 3883 1574 3958 ᾧ
1596 3890 1659 3944 τὸ
1677 3891 1878 3964 θερμὸν

301 3971 614 4042 ἐπικρατεῖ.
671 3973 1014 4048 Φθινόπωρόν
1072 3978 1191 4032 ἐστι
1243 3977 1434 4051 χρόνος
1463 3981 1522 4034 tv
1549 3974 1594 4048 ᾧ
1626 3985 1687 4036 τὸ
1712 3982 1878 4055 ξηρὸν

301 4062 594 4132 ἐπικρατεί
625 4079 640 4094 ’
693 4064 901 4134 χειμών
963 4070 1082 4122 ἐστι
1133 4068 1347 4139 χρόνος,
1407 4072 1467 4124 tv
1513 4063 1648 4140 ᾧτδ
1668 4072 1878 4144 ψυχρὸν

302 4157 617 4225 ἐπικρατεῖ.
652 4157 931 4226 Πωγονίας
962 4159 1110 4214 ἐστὶν
1153 4162 1464 4234 ἀστροειδὲς
1496 4164 1669 4236 πυρὸς
1695 4165 1882 4236 ἄθροι-

302 4263 438 4316 σμα,
469 4246 780 4320 ἔμπροσθεν
835 4249 958 4321 έχον
1006 4251 1106 4316 τὰς
1161 4254 1409 4320 ἀκτῖνας.
1459 4257 1727 4330 Κομήτης
1758 4259 1876 4314 ἐστὶ

1981 3073 2356 3129 animantibus
2386 3073 2677 3144 reperitur.
2701 3071 2943 3142 Tempus
2962 3081 3045 3128 est
3068 3086 3327 3126 mensura
3347 3078 3551 3134 motus,

1981 3174 2038 3222 et
2070 3181 2337 3222 numerus
2369 3167 2572 3237 prioris
2602 3173 2656 3221 et
2678 3165 3000 3236 posterioris
3040 3164 3096 3217 in
3125 3173 3295 3217 motu.
3320 3161 3447 3216 Dies
3465 3168 3555 3214 est

1983 3265 2164 3313 motus
2187 3258 2322 3313 solis
2354 3258 2502 3314 circa
2540 3265 2788 3314 terram:
2835 3265 2929 3310 aut
2969 3255 3164 3318 etiam,
3205 3261 3291 3309 est
3341 3262 3554 3322 tempus

1981 3362 2090 3416 quo
2140 3348 2223 3403 sol
2273 3362 2438 3417 supra
2489 3357 2689 3402 terram
2723 3354 2994 3400 movetur.
3044 3342 3157 3398 Nox
3218 3350 3306 3398 est
3355 3340 3554 3396 umbra

1981 3436 2232 3505 corporis
2261 3445 2440 3503 terrm,
2476 3451 2571 3491 seu
2607 3443 2822 3503 tempus
2855 3448 2966 3504 quo
2995 3433 3077 3486 sol
3107 3432 3210 3486 sub
3249 3440 3394 3486 terra
3433 3444 3556 3484 mo-

1983 3534 2160 3580 vetur.
2191 3526 2574 3597 Νυχθήμερον.
2607 3525 2659 3578 id
2707 3532 2793 3580 est
2831 3523 2938 3578 diei
2973 3523 3264 3591 noctisque
3292 3519 3553 3590 spatium,

1980 3626 2069 3676 est
2098 3620 2252 3674 orbis
2287 3617 2736 3672 circumvolutio.
2771 3615 2976 3672 Mensis
3005 3623 3092 3671 est
3121 3627 3334 3684 tempus
3361 3627 3393 3666 a
3419 3625 3554 3667 con—

1975 3707 2265 3780 junctione
2284 3710 2426 3764 luna:
2451 3721 2576 3762 cum
2604 3707 2739 3766 sole.
2769 3705 2837 3760 ad
2865 3706 3028 3761 aliam
3048 3705 3294 3776 proxime
3321 3718 3554 3774 sequen-

1979 3808 2088 3858 tem
2113 3799 2797 3872 conjunctionem.Annu8
2830 3807 2914 3854 est
2946 3807 3157 3868 tempus
3183 3810 3294 3867 quo
3337 3795 3418 3850 sol
3460 3811 3554 3851 zo-

1980 3893 2198 3948 diacum
2239 3891 2430 3948 orbem
2459 3900 2732 3962 peragrat.
2774 3889 3173 3960 Opportunitas
3223 3897 3442 3958 tempus
3470 3900 3556 3944 est

1978 3983 2058 4039 rei
2090 3997 2353 4053 prospere
2383 3983 2726 4052 peragendae.
2755 3977 3556 4051 lntempestivitaswpportuni

1977 4075 2246 4144 temporis
2264 4074 2494 4128 omissio
2514 4082 2618 4136 est,
2638 4088 2750 4143 prae
2774 4073 3171 4128 vehementiori
3202 4073 3256 4126 in
3275 4087 3336 4126 re
3363 4079 3552 4140 Optata

1977 4169 2358 4240 prosequenda
2381 4165 2673 4224 desiderio.
2699 4167 2839 4238 Ὥρα
2857 4166 3114 4228 sumitur,
3137 4166 3219 4219 vel
3243 4179 3340 4233 pro
3359 4173 3555 4230 quarta

1981 4261 2108 4316 anni
2143 4270 2319 4334 parte,
2359 4261 2444 4316 vel
2475 4276 2576 4330 pro
2605 4259 2932 4314 duodecima
2974 4257 3082 4313 diei
3127 4263 3303 4324 parte,
3333 4253 3416 4308 vel
3455 4267 3556 4321 pro

298 4337 584 4408 πυροειδὲς
629 4337 846 4411 ἄστρων
879 4339 1173 4412 ἄθροισμα,
1210 4344 1387 4417 κόμης
1425 4321 1874 4420 κεφαλίῆςδίκην,

1983 4353 2152 4407 animi
2181 4351 2484 4422 vigore,vel
2517 4365 2616 4420 pro
2646 4349 2897 4418 corporis
2919 4347 3070 4400 ﬂore.
3102 4344 3206 4399 Ver
3232 4351 3316 4398 est
3337 4350 3556 4412 tempus

301 4428 564 4484 κυκλόθεν
593 4431 894 4502 ἐκπέμπων
922 4434 1168 4498 ἀκτῖνας.
1195 4436 1387 4501 Δυκίας
1432 4439 1585 4493 ἐστὶν
1630 4441 1880 4510 ἀστροει⁹

297 4519 396 4590 δὴς
427 4521 634 4588 κόντος,
668 4524 839 4594 ἦγουν
885 4525 1064 4590 δοκὸς,
1108 4528 1210 4598 τὴν
1248 4529 1472 4601 πυρώδη
1525 4532 1620 4584 ἐπὶ
1653 4531 1721 4586 τὰ
1764 4533 1879 4588 ἄνω

298 4613 604 4684 ἐκπέμπων
631 4615 846 4676 ἁκτίναε
876 4619 1113 4689 Λαμπάς
1141 4622 1291 4676 ἐστιν
1331 4621 1528 4693 ἄναψις
1557 4625 1650 4678 καὶ
1685 4623 1874 4695 ἄθροι-

298 4721 417 4776 σμα
483 4708 673 4778 πυρός.
713 4709 852 4781 Ἶρις
908 4710 1056 4765 ἐστὶν
1083 4711 1319 4782 ἔμφασις
1360 4714 1518 4785 ήλίου
1561 4717 1877 4790 σεμνοειδής

297 4795 361 4848 tv
401 4794 550 4865 νέφει
587 4796 752 4868 κοίλῳ
777 4800 871 4853 καὶ
921 4801 1202 4872 δροσώδει,
1228 4804 1288 4857 tv
1335 4803 1538 4857 κύκλου
1562 4806 1714 4871 τάξει
1740 4824 1871 4876 φαιο

299 4887 505 4958 νομένη
559 4890 884 4962 περιφερὴς,
911 4891 988 4956 ώς
1037 4893 1098 4946 tv
1124 4893 1420 4966 κατόπτρῳ
1453 4895 1590 4966 πρὸς
1615 4897 1873 4970 αίσθησιν

299 4977 396 5030 καὶ
417 4977 658 5048 ἔμφασιν
693 4981 920 5054 ἄστρου,
957 4982 1049 5038 διὰ
1075 4983 1353 5041 πύκνωσιν
1402 4987 1565 5057 ἀέρος
1587 4988 1871 5061 γινομένη.

214 5085 220 5094 ’
298 5067 576 5140 Παρήλιός
624 5071 741 5125 ἐστι
802 5072 965 5143 νέφος
1025 5075 1346 5146 περιφερὲς,
1394 5077 1638 5146 πυκνὸν,
1687 5080 1874 5150 ὅμοιον

295 5159 464 5229 ήλὶῳ·
517 5161 550 5231 ἢ
592 5161 828 5233 ἔμφασις
873 5165 1024 5236 ἡλίου
1060 5168 1120 5221 tv
1163 5167 1314 5238 νέφει
1349 5169 1540 5242 πυκνῷ
1585 5173 1682 5226 καὶ
1719 5172 1868 5242 λείῳ.

299 5251 584 5321 Κεραυνὸς
639 5254 788 5310 ἐστιν
831 5258 1122 5324 ὲλικοειδὲς
1155 5260 1373 5332 πνεῦμα
1430 5262 1646 5334 κίνησιν
1685 5265 1874 5319 ποιοῦν

297 5340 588 5414 διάπυρον,
641 5345 736 5399 καὶ
769 5347 975 5402 ἄνωθεν
1024 5349 1176 5404 κάτω
1222 5349 1311 5405 διὰ
1362 5351 1534 5424 πυρὸς
1563 5351 1873 5423 φλογώδους

300 5433 599 5506 φερόμενον
629 5436 1042 5512 καὶὲμπυρίζον
1096 5441 1301 5514 κύκλῳ.
1353 5443 1548 5517 Τυφών
1605 5446 1722 5500 ἐστι
1775 5445 1876 5499 ἐλι-

1982 4442 2037 4496 in
2085 4456 2196 4512 quo
2239 4441 2554 4496 dominatur
2597 4438 2915 4492 humiditas.
2971 4433 3159 4488 [Estas
3207 4442 3291 4487 est
3329 4441 3549 4502 tempus

1980 4533 2036 4588 in
2067 4547 2178 4603 quo
2203 4530 2524 4587 dominatur
2565 4529 2737 4582 calor.
2784 4528 3098 4579 Autumnus
3135 4532 3356 4593 tempus
3392 4523 3555 4578 estin

1978 4638 2091 4694 quo
2122 4623 2268 4692 viget
2295 4620 2540 4678 siccitas.
2570 4617 2757 4672 Hiems
2784 4627 2999 4686 tempus
3031 4623 3116 4671 est
3157 4615 3210 4668 in
3242 4631 3352 4684 quo
3383 4613 3557 4685 frigus

1978 4713 2254 4785 praevalet.
2275 4709 2510 4764 Barbata
2543 4707 2700 4764 stella
2726 4715 2810 4762 est
2833 4705 2974 4776 ignis
3001 4705 3056 4760 in
3096 4704 3294 4760 sideris
3317 4705 3554 4774 Speciem

1975 4803 2286 4876 congeries,
2318 4800 2538 4856 eminus
2561 4799 2746 4854 radios
2781 4799 3028 4853 vibrans.
3063 4797 3291 4852 Cometa
3313 4806 3398 4853 est
3421 4798 3553 4852 stel-

1976 4900 2156 4954 larum
2213 4907 2523 4952 concursus
2583 4893 2728 4964 ignis
2767 4892 2997 4963 ﬁguram
3059 4890 3328 4954 referens,
3385 4905 3556 4944 coma:

1977 4990 2174 5061 capitis
2199 4988 2402 5047 instar.
2432 4984 2794 5042 circumcirca
2823 4983 3012 5039 radios
3045 4982 3326 5038 etiniuens.
3349 4979 3556 5034 Trabes

1976 5092 2063 5141 est
2089 5093 2309 5149 contus,
2335 5081 2540 5138 sideris
2590 5079 2830 5150 speciem
2883 5076 3148 5138 referens,
3197 5090 3294 5129 seu
3344 5073 3552 5141 tignum

1980 5171 2239 5242 igneum,
2299 5167 2516 5225 radium
2573 5181 2796 5223 sursum
2837 5164 3123 5219 emittens.
3180 5162 3413 5229 Lampas
3464 5164 3554 5210 est

1981 5262 2239 5319 aecensio
2259 5273 2313 5318 et
2335 5259 2622 5332 congeries
2650 5257 2816 5328 ignis.
2850 5255 2950 5309 Iris
2967 5262 3051 5309 est
3087 5250 3320 5319 insignis
3350 5262 3553 5317 reprac-

1983 5355 2221 5410 sentatio
2255 5353 2392 5410 solis
2425 5353 2479 5406 in
2513 5350 2659 5406 nube
2681 5361 2922 5403 concava
2949 5352 3005 5397 et
3041 5340 3280 5402 roscida,
3313 5339 3367 5392 in
3402 5337 3556 5391 orbis

1982 5445 2204 5501 modum
2229 5443 2463 5499 rotunda
2484 5453 2779 5512 apparens,
2801 5436 2866 5490 ad
2888 5437 3166 5502 aspectum
3193 5427 3390 5484 sideris
3407 5426 3554 5484 velut

1605 5595 1854 5653 VARUE‘
1874 5595 2284 5654 LECTIONES.

378 5684 409 5726 γ
437 5673 572 5750 Reg.
593 5676 725 5746 duo,
748 5678 930 5749 λῆψις.
