4104 6148
529 317 637 382 ’115

1691 316 1752 375 S.
1793 314 2115 377 JOANNIS
2162 315 2594 376 DAMASCENI

3687 316 3800 381 ’116

533 428 746 498 pissimi
785 426 872 482 isti
904 433 1054 487 sunt,
1101 438 1163 478 ac
1206 421 1474 477 nefariam
1513 432 2015 493 pratposteramque
2042 424 2105 477 li-

2218 424 2562 494 αῐσχροποιοὶ
2582 423 2639 476 δὲ
2667 417 2814 478 οὗτοί
2855 425 3010 491 εἰσιν,
3044 426 3554 498 ἀρῤητοποιοῦντες,
3589 427 3689 482 καὶ
3733 431 3799 484 τὰ

530 521 774 575 bidinem
811 523 1097 578 exercent,
1134 530 1344 584 suaque
1375 531 1611 586 corpora
1646 524 2031 584 corrumpunt.

597 611 688 665 ιςι.
721 605 1037 678 Origeniani
1075 605 1195 671 alii,
1237 605 1307 659 ab
1339 607 1573 677 Origene
1606 607 1935 661 Adamantio
1968 608 2106 662 scri-

529 712 701 773 ptore.
740 699 801 752 lli
835 707 1176 752 mortuorum
1207 702 1677 754 resurrectionem
1708 709 1929 769 negant.
1969 697 2103 752 Tam

525 793 828 856 Christum,
859 804 1022 859 quam
1062 787 1331 856 Spiritum
1381 799 1635 845 sanctum
1685 791 1852 846 rebus
1902 793 2106 847 creatis

525 895 841 940 accensent.
871 881 1218 946 Paradisum,
1245 895 1308 935 ac
1353 883 1549 946 ctelos,
1583 892 1894 952 caeteraque
1923 883 2106 937 omnia

527 976 820 1049 allegorice
875 982 1179 1046 exponunt.
1230 974 1440 1029 Christi
1494 990 1726 1044 regnum
1775 976 2109 1045 quandoque

526 1086 749 1128 cessare
803 1080 1131 1140 nugantur,
1189 1069 1436 1138 itemque
1499 1067 1782 1123 desituros
1838 1068 2102 1138 angelos:

526 1166 812 1222 Christum
846 1178 975 1217 vero
1003 1175 1128 1216 cum
1179 1159 1403 1214 diabolo
1450 1175 1622 1228 regno
1667 1158 1760 1214 Dei
1806 1160 2108 1230 subjicien-

527 1257 678 1320 dum,
737 1268 800 1308 ac
857 1267 957 1324 pro
1023 1251 1372 1306 daemonibus
1427 1249 1713 1306 Christum
1781 1252 2106 1306 crucillxum

527 1357 848 1420 portentose
881 1344 1224 1415 confingunt.

600 1439 872 1494 Hactenus
905 1435 992 1492 IV
1027 1438 1176 1501 tomi,
1218 1451 1280 1488 ac
1314 1434 1530 1489 secundi
1552 1435 1678 1490 libri
1701 1436 1923 1492 lta’reses
1950 1439 2033 1492 l8.

599 1623 703 1694 91
747 1622 812 1676 In
841 1622 1022 1694 quinto
1051 1630 1190 1674 tomo
1218 1620 1446 1694 secundo
1478 1636 1595 1674 vero
1629 1620 1750 1674 libri
1780 1622 1994 1676 secundi
2023 1663 2037 1685 ,

992 1693 1215 1746 liazreses
1243 1692 1469 1760 quinque
1503 1699 1646 1745 sunt.

2212 515 2420 568 ἑαυτῶν
2450 515 2681 586 σώματα
2713 517 2893 588 φθορᾷ
2926 519 3331 588 παραδιδόντες.

2281 609 2372 675 ξδ’.
2418 611 2774 679 Ὠριγενιανοὶ
2816 613 2992 666 ἄλλοι·
3040 615 3345 685 Ὠριγένους
3373 614 3469 667 τοῦ
3500 615 3595 668 καὶ
3638 614 3800 670 ’Δδα-

2211 703 2436 772 μαντέου
2467 702 2561 756 τοῦ
2598 705 2922 769 συντὰκτου,
2952 708 3000 760 οξ
3025 708 3122 775 τὴν
3150 706 3260 760 τῶν
3287 707 3502 778 νεκρῶν
3552 708 3798 763 ἀνάστα-

2211 811 2294 846 σιν
2323 794 2772 866 ἀποϐαλλόμενοι.
2805 797 3040 866 Χριστὸν
3077 799 3131 850 δὲ
3164 797 3370 868 κτίσμα
3388 837 3403 861 ,
3429 798 3524 852 καὶ
3550 799 3614 851 τὸ
3640 799 3797 868 ἆγιον

2211 885 2427 955 πνεῦμα
2479 887 2906 957 εἱςηγούμενοιϐ
2933 907 2945 918 -
2983 889 3312 959 παράδεισόν
3357 905 3418 941 τε
3445 925 3462 954 ,
3490 889 3587 942 καὶ
3629 890 3800 960 οὐρα.-

2211 980 2354 1042 νοῦς,
2388 979 2481 1033 καὶ
2521 979 2591 1032 τὰ
2642 979 2780 1034 ἄλλα
2835 981 3012 1033 πάντα
3065 980 3523 1051 ἀλληγοροῦντες.
3556 983 3796 1053 Χριστοῦ

2211 1070 2412 1139 δήποτε
2476 1068 2794 1123 πεπαῦςθαι
2852 1070 2951 1140 τὴν
3019 1070 3297 1140 βασιλείαν
3349 1071 3663 1143 ληροῦντες,
3702 1073 3798 1128 καὶ

2210 1162 2344 1231 ὁμοῦ
2377 1164 2503 1226 τοὺς
2561 1163 2826 1232 ἀγγέλους
2882 1164 3283 1234 παυΘήσεσθαι.
3324 1163 3562 1236 Χριστὸν
3601 1164 3658 1218 δὲ
3698 1166 3798 1219 σὺν

2210 1254 2440 1325 διαϐόλῳ
2473 1255 3017 1328 βασιλευθησόμενον,
3039 1257 3134 1309 καὶ
3162 1255 3800 1327 δαίμοσισταυρωθέντσ.

2213 1350 2448 1421 Χριστὸν
2481 1351 2891 1420 τερατεύονται.

2278 1437 2460 1496 Αὗται
2493 1445 2553 1494 al
2608 1442 2713 1496 τοῦ
2761 1441 2810 1494 δ’
2859 1443 3042 1509 τόμου
3091 1440 3375 1508 δευτέρου
3410 1440 3799 1504 ,βιϐλίουβὶ-

2207 1533 2411 1601 ρέσεις
2443 1532 2535 1600 ιη’.

2223 1625 2295 1678 Τὰ
2333 1625 2401 1677 δὲ
2430 1625 2672 1680 ἔνεστιν
2701 1626 2770 1679 ἐν
2799 1625 2879 1690 τῷ
2910 1625 3156 1694 πέμπτῳ
3189 1625 3346 1694 τόμῳ
3371 1623 3478 1678 τοῦ
3511 1623 3797 1693 δευτέρου

2663 1697 2939 1780 βιϐλίου,
2973 1693 3238 1763 amcam
3258 1693 3337 1747 'e'.

604 1806 689 1859 05.
730 1803 1128 1869 Paulianistte,
1162 1820 1191 1860 a
1241 1805 1417 1860 Paulo
1469 1804 1854 1860 Samosateuo.
1904 1805 2105 1862 Paulus

2297 1807 2390 1873 ξε’.
2433 1765 2826 1863 [Iovinum-cci.
2861 1809 2999 1879 (45).
3034 1808 3142 1862 ἀπὸ
3174 1807 3267 1861 τοῦ
3308 1807 3526 1864 Παύλου
3562 1804 3658 1859 τοῦ
3693 1805 3806 1859 Σα-

1833 1979 2070 2034 VARIIE
2101 1980 2503 2040 LECTIONES.

612 2142 636 2180 ι
669 2140 873 2195 Desunt
900 2139 1011 2192 inec
1060 2141 1111 2191 iu
1164 2139 1230 2194 Β.
1289 2139 1428 2194 9.508
1462 2149 1510 2192 et
1556 2136 1682 2193 cod.
1721 2137 1779 2191 S.
1815 2139 1920 2196 llil.
1949 2141 2081 2194 etin
2115 2147 2223 2194 vet.
2251 2139 2447 2194 Fraus.

2041 2294 2274 2350 NOTE.

535 2451 701 2505 edidit
736 2453 870 2522 Περὶ
899 2451 1108 2523 ᾴίρχῶν,
1132 2452 1205 2506 De
1254 2453 1555 2522 principiis,
1585 2467 1776 2508 omnes
1807 2453 2106 2523 congessit.

543 2523 763 2578 Delatus
799 2524 863 2575 ad
901 2522 1202 2578 Fabianum
1234 2537 1460 2593 papam;
1493 2524 1819 2593 depravatas
1853 2522 2109 2577 lucubra-

537 2596 717 2650 tiones
774 2607 904 2647 suas
962 2594 1196 2663 primum
1235 2592 1508 2647 'causatus
1559 2601 1641 2647 est
1681 2611 1692 2646 :
1733 2592 1975 2646 Fabiano
2034 2595 2111 2646 ita

536 2663 769 2728 scripsit,
796 2662 972 2732 inquit
1008 2662 1396 2731 Hieronymus,
1425 2672 1482 2714 ut
1519 2663 1877 2731 paenitentiam
1916 2673 2110 2732 ageret,

535 2749 632 2784 cur
664 2732 797 2784 talia
829 2733 1121 2801 scripserit,
1144 2742 1193 2785 et
1215 2749 1435 2786 causam
1463 2734 1774 2786 temeritatis
1816 2735 1869 2786 in
1891 2732 2114 2785 Ambro-

536 2803 908 2872 siunLretulit,
946 2802 1082 2872 quod
1111 2811 1306 2856 secreto
1346 2801 1488 2872 edita
1519 2803 1570 2854 in
1611 2803 1878 2872 publicum
1913 2804 2112 2856 retule-

539 2872 628 2924 rit.
667 2870 1002 2941 Theophilus
1034 2873 1184 2925 Alex.
1225 2873 1371 2926 hom.
1410 2870 1646 2928 iPascli.
1678 2881 1731 2926 et
1764 2871 2111 2928 Justinianus

541 2944 670 3007 imp.
695 2943 858 3012 epist.
891 2941 955 3012 ad
989 2942 1237 2996 Monuam
1263 2981 1276 3003 ,
1311 2941 1598 3012 Origenem
1637 2941 1688 2996 in
1724 2943 1915 3012 primis
1949 2959 2112 2996 acru-

540 3020 684 3068 sant.
715 3010 858 3080 quod
909 3011 1143 3066 Verbum
1209 3010 1430 3066 creatis'
1468 3014 1634 3066 rebus
1693 3010 2103 3076 annumerarit,

539 3092 652 3134 tum
677 3082 729 3134 in
762 3082 915 3136 libris
967 3081 1043 3134 De
1095 3081 1392 3150 principiis,
1429 3089 1543 3135 tum
1584 3082 1636 3134 in
1669 3084 1803 3150 psal.
1836 3099 1873 3146 1,
1913 3085 1965 3136 in
1998 3098 2107 3150 quo

537 3152 814 3206 Christum
860 3152 1084 3220 γενητὸν
1135 3151 1286 3212 Θεὸν,
1321 3151 1519 3218 factum
1561 3150 1744 3212 Deum,
1779 3163 1954 3206 vocat.
1987 3153 2106 3206 Alia

537 3221 758 3290 quidem
798 3221 916 3275 loca
947 3238 1055 3276 non
1087 3221 1305 3292 desunt,
1343 3223 1398 3274 in
1437 3221 1644 3292 quibus
1684 3221 1879 3276 Filium
1908 3223 2105 3292 ἀγένη-

2215 2453 2541 2506 diversarum
2563 2454 2912 2516 voluntatum,
2949 2467 3056 2520 pra.‘
3081 2450 3441 2520 magnitudine
3470 2443 3796 2520 negligentie

2209 2524 2503 2592 jumentum
2549 2540 2702 2592 posse
2731 2523 2939 2588 ﬁeri...
2985 2521 3054 2575 ad
3089 2535 3380 2575 extremum
3423 2538 3485 2575 ne
3535 2531 3796 2576 teneretur

2217 2593 2564 2663 Pythagorici
2602 2592 2864 2663 dogmatis
2899 2609 3038 2663 rens,
3070 2594 3160 2661 qui
3211 2592 3401 2646 asserit
3437 2592 3795 2663 μετεμψύχομ

2219 2662 2320 2725 σιν,
2343 2675 2462 2730 post
2505 2675 2614 2716 tam
2664 2662 2948 2726 nefandam
2974 2662 3409 2728 disputationem,
3437 2678 3541 2720 qua
3581 2662 3791 2716 lectoris

2220 2735 2455 2786 animum
2514 2733 2875 2786 vulneraverat
2911 2748 2930 2795 ,'
2958 2732 3095 2797 Iuec,
3123 2733 3320 2801 inquit,
3342 2731 3505 2798 juxta
3554 2745 3794 2785 nostram

2220 2804 2536 2857 sententiam
2587 2820 2688 2855 non
2728 2803 2833 2854 sint
2875 2803 3146 2870 dogmata.
3179 2802 3270 2856 sed
3307 2803 3530 2869 quwsita
3561 2813 3791 2865 tantum,

2216 2887 2262 2927 et
2298 2873 2552 2942 proje'cta,
2581 2890 2640 2926 ne
2682 2873 2887 2941 penitus
2936 2875 3225 2924 intractato
3271 2872 3593 2925 riderentur.
3624 2873 3794 2926 Nimi-

2218 2960 2338 2996 rum
2374 2945 2425 2997 in
2454 2944 2683 3012 prologo
2723 2951 3122 3011 praemonuerat
3159 2958 3217 2996 se
3257 2942 3555 3012 dicturum,
3578 2943 3642 2997 de
3672 2943 3793 3012 qui-

2218 3015 2322 3068 bus
2346 3014 2426 3069 vel
2457 3010 2739 3074 allii-mari,
2768 3013 2850 3064 vel
2902 3012 3085 3078 negari
3118 3010 3424 3082 salva__fide,
3459 3027 3622 3080 quam
3659 3010 3791 3082 apo-

2215 3083 2338 3138 stoli
2370 3084 2661 3144 tradidere,
2686 3083 2750 3136 ad
2780 3082 2989 3135 libitum
3023 3090 3225 3149 posset.
3252 3079 3505 3146 llocjure
3529 3083 3581 3134 in
3612 3079 3787 3146 libi".

2219 3153 2455 3208 mundos
2487 3154 2685 3207 asserit
2711 3152 3161 3211 innumerabiles,
3184 3167 3282 3202 non
3311 3150 3460 3214 iuxta
3495 3149 3788 3219 Epicurum

2214 3240 2318 3277 uno
2361 3233 2588 3292 tempore
2643 3221 2918 3290 plurimos,
2949 3221 3124 3289 inquit
3160 3221 3406 3292 “ieram,
3432 3221 3524 3274 sed
3551 3230 3670 3288 post
3697 3221 3788 3292 alt

537 3284 647 3357 δέον,
685 3309 787 3347 non
807 3293 1034 3360 (actum,
1070 3291 1163 3346 scd
1192 3307 1258 3344 ex
1285 3284 1590 3344 substantia
1624 3290 1802 3346 Patris
1842 3284 2108 3361 prodiisse
2137 3284 2178 3340 C
2214 3296 2378 3348 terius
2423 3284 2605 3346 mundi
2635 3284 2813 3360 ﬁnem,
2846 3284 3068 3344 alterius
3093 3307 3205 3345 esse
3247 3284 3603 3361 principium:
3635 3289 3785 3358 quod

538 3362 740 3416 dixerit
785 3371 1071 3415 :attamen
1123 3361 1307 3430 negari
1361 3361 1445 3413 vix
1500 3362 1673 3430 possit
1721 3363 2104 3416 Adamantium

543 3433 828 3486 censuisse
855 3432 1058 3500 Filium
1095 3446 1218 3484 esse
1253 3431 1536 3498 dignitate,
1571 3434 1808 3500 potentia
1842 3443 1894 3487 et
1927 3435 2107 3486 scien-

543 3507 616 3554 tia
673 3502 986 3556 inferiorem
1023 3499 1198 3559 Patri.
1232 3510 1285 3553 et
1319 3499 1582 3568 Spiritum
1637 3511 1910 3565 sanctum,
1948 3504 2104 3556 Filio.

543 3569 596 3621 Id
624 3570 828 3625 diserte
861 3572 1097 3626 obstruit
1123 3573 1262 3624 libro
1295 3568 1371 3623 De
1420 3573 1678 3634 oratione,
1709 3573 1796 3625 tibi
1833 3573 2110 3626 contendit

545 3640 778 3700 Patrem,
809 3657 914 3694 non
945 3641 1224 3695 Christum
1276 3649 1370 3694 aut
1405 3639 1624 3705 Filium,
1659 3644 1926 3696 orandum
1963 3655 2104 3695 esse.

546 3707 682 3780 ijinc
745 3708 1014 3766 Eusebius
1079 3710 1472 3780 Caesariensis,
1522 3713 1613 3780 qui
1674 3713 2109 3766 studiosissimus

542 3776 795 3848 Qrigcnis
850 3780 984 3842 fuit,
1019 3781 1074 3834 in
1133 3782 1287 3836 libris
1337 3776 1553 3835 Contrf
1591 3781 1857 3844 Marcell.,
1893 3781 2109 3834 tametsi

549 3846 783 3902 Verbum
813 3848 869 3914 ἐξ
899 3851 997 3901 οὑκ
1035 3850 1225 3912 ὄντων,
1257 3865 1320 3903 ea:
1345 3850 1505 3904 nullis
1533 3852 1887 3912 exstantibus,
1908 3851 2108 3903 factum

546 3926 728 3988 negat,
761 3927 814 3972 et
840 3933 914 3988 ex
951 3917 1041 3988 Dei
1075 3920 1386 3988 substantia
1417 3921 1659 3988 genitum
1687 3921 1936 3982 allii-mat,
1964 3926 2110 3972 totus

545 3997 630 4058 est
679 3987 734 4058 in
773 3986 1109 4058 subjectione
1143 3987 1266 4040 Filii
1328 3986 1658 4058 adfl’atrem
1696 3989 2107 4058 propugnanda.

546 4056 813 4126 Quocirca
859 4055 1058 4109 Filium
1083 4125 1092 4126 ί
1113 4071 1235 4111 esse
1259 4057 1576 4126 ὀμοούσιον,
1611 4055 2112 4112 consubstantialem

545 4125 695 4180 Patri
731 4127 834 4181 hoc
867 4141 1033 4181 sensu
1065 4125 1537 4197 duntasatfassus
1566 4139 1680 4193 est,
1708 4144 1816 4197 quo
1845 4129 2111 4182 Platonici

545 4198 824 4252 daemonas
883 4204 938 4249 et
988 4196 1200 4250 animas
1249 4195 1433 4249 divina
1481 4195 1788 4252 substantia
1856 4207 2112 4253 constare

546 4267 786 4322 aiebant.
829 4265 943 4320 lloc
994 4264 1256 4338 Origenes
1295 4274 1582 4338 acceperat
1617 4283 1680 4322 ex
1736 4267 1980 4332 Platone,
2019 4269 2113 4338 qui

549 4346 606 4407 u_t
641 4338 830 4405 multi,
863 4352 928 4392 ac
977 4336 1274 4407 praesertim
1329 4335 1618 4400 Eusebius,
1669 4339 1761 4393 lib.
1819 4355 1896 4392 χιιι
1929 4335 2108 4407 Ρνίὲρ.

549 4405 776 4480 Etang.,
815 4423 938 4480 cap‘.
963 4405 1054 4473 20,
1079 4407 1479 4480 robscrvarunt,
1509 4423 1678 4462 unum
1715 4409 1882 4463 Deum
1931 4405 2114 4478 posuit

546 4478 637 4546 qui
687 4477 1124 4548 Superellluentia
1165 4477 1403 4546 quadam
1450 4477 1517 4532 de
1576 4493 1634 4533 se
1690 4477 1969 4545 mentem’,
1999 4481 2114 4534 sive

548 4549 722 4602 ideam
759 4548 1020 4610 emiserit,
1054 4564 1150 4603 ceu
1183 4548 1432 4618 δεύτερον
1492 4549 1684 4612 αἴτιον,
1728 4566 1942 4603 causam
1988 4551 2114 4602 alte-

548 4634 686 4688 ram,
727 4626 842 4670 tum
891 4617 1109 4688 tertium
1145 4617 1497 4688 raliud,’puta
1530 4620 1766 4673 animam
1805 4620 2005 4688 mundi
2027 4635 2118 4672 or-

548 4686 676 4739 dine
713 4695 766 4739 et
789 4695 981 4757 natura
1026 4687 1092 4741 iis
1142 4686 1475 4742 inferiorem.
1510 4688 1747 4744 Rursum
1784 4687 1940 4757 juxta
1995 4687 2118 4741 Pla-

549 4757 860 4807 tonicorum
886 4755 1228 4825 doctrinam,
1248 4758 1490 4825 angelos,
1508 4755 1804 4824 daemones,
1821 4768 1876 4812 et
1907 4759 2119 4814 animas

549 4825 821 4876 humanas
850 4823 1093 4891 ejusdem
1130 4838 1251 4877 esse
1285 4823 1533 4880 essentia:
1557 4829 1806 4889 docebat,
1841 4837 1954 4881 tum
1987 4829 2118 4882 sub-

551 4892 678 4946 inde
734 4905 832 4960 pro
891 4891 1211 4945 discrimine
1273 4896 1589 4950 meritorum
1653 4899 1896 4952 diversos
1942 4906 2158 4952 status,

551 4971 740 5034 nactos
759 4976 913 5034 esse,
945 4970 1001 5014 ut
1055 4961 1147 5013 alii
1198 4965 1369 5034 angeli
1424 4973 1629 5034 essent,
1670 4967 1945 5020 daemones
1980 4968 2116 5034 alii;

548 5032 640 5104 alii
670 5031 986 5104 emlestibus
1010 5031 1352 5104 corporibus,
1387 5033 1476 5104 alii
1515 5036 1762 5088 humanis
1795 5031 2109 5104 vegetandis

547 5101 980 5158 destinarentur.
1031 5101 1257 5155 Animas
1311 5102 1510 5170 quippe
1569 5101 1930 5170 corporibus.
1965 5109 2110 5159 velut

543 5172 838 5242 ergastulis
892 5170 1126 5240 alligari,
1160 5185 1257 5223 nec
1293 5178 1400 5242 tam
1442 5173 1655 5242 discere
1677 5188 1797 5241 qua:
1834 5174 2111 5242 religionis

548 5239 711 5310 sunt,
742 5256 908 5313 quam
957 5255 1162 5313 eorum
1209 5239 1501 5313 reminisci.
1538 5240 1659 5313 ll'ec
1696 5239 1877 5313 tradit
1915 5239 2008 5297 lib.
2035 5245 2112 5300 De

547 5309 834 5384 oratione;
882 5327 1003 5382 quae
1030 5309 1254 5384 quidem
1307 5309 1523 5384 aliaque
1572 5311 1726 5384 plura
1755 5311 2114 5384 Hieronymus

547 5384 708 5450 epist.
740 5383 829 5449 59,
867 5379 988 5453 cap.
1022 5382 1044 5435 l
1071 5420 1085 5445 ,
1117 5379 1263 5432 eruit
1294 5395 1360 5433 ex
1394 5380 1490 5436 lib.
1518 5397 1534 5434 1
1578 5379 1661 5435 ’De
1683 5384 1852 5450 princ.
1883 5379 2114 5454 Cumque

551 5454 726 5522 omnia
787 5455 934 5508 vario
987 5466 1225 5507 sermone
1278 5459 1578 5515 tractasset,
1632 5454 1851 5522 inquit,
1882 5471 2119 5508 asserens

550 5519 820 5590 diabolum
873 5541 976 5577 non
1004 5525 1303 5590 incapacem
1335 5539 1445 5576 esse
1477 5519 1775 5588 virtutis,_et
1806 5533 1980 5576 tamen
2004 5541 2122 5577 nec-

551 5588 679 5661 dum
709 5592 836 5661 uelle
883 5609 1066 5661 capere
1119 5588 1406 5655 uirtutem;
1440 5593 1508 5645 ad
1559 5604 1851 5647 extremum
1889 5610 2123 5646 sermone

551 5655 821 5730 latissimo
878 5655 1200 5726 disputavit,
1235 5662 1477 5730 angelum
1501 5701 1514 5724 ,
1547 5665 1652 5716 sive
1717 5664 1992 5725 animum,
2033 5672 2125 5714 aut

553 5736 693 5781 certe
733 5726 1038 5796 dtemonem,
1070 5748 1198 5798 quos
1246 5726 1400 5785 unius
1433 5733 1621 5785 asserit
1651 5747 1763 5784 esse
1791 5739 2016 5797 naturae,
2037 5731 2125 5785 sed

2211 3365 2373 3434 plane
2397 3371 2492 3434 est;
2513 3359 2792 3434 materiam
2820 3371 3077 3415 mternam
3105 3375 3322 3434 ponere.
3344 3359 3526 3434 Itaque
3545 3374 3787 3434 ex__pr_'.e:

2211 3428 2374 3487 dictis
2412 3432 2682 3487 inferebat
2716 3432 2991 3484 dzeumnes
3013 3439 3067 3484 et
3107 3428 3312 3500 impios
3343 3430 3550 3484 meritis
3580 3428 3788 3500 Christi

2212 3503 2279 3557 ad
2330 3505 2609 3558 meliorem
2648 3502 2856 3569 frugem
2909 3497 3208 3563 redituros,
3242 3509 3481 3566 tuncque
3524 3497 3790 3569 subjectis

2213 3574 2484 3627 universis
2515 3571 2644 3634 Deo,
2672 3568 2892 3639 regnum
2943 3570 3146 3625 Christi
3195 3569 3527 3623 desiturum.
3561 3568 3653 3622 Sic
3680 3568 3790 3639 dis;

2213 3652 2362 3709 putat
2397 3644 2490 3695 lib.
2519 3658 2568 3695 tv
2601 3641 2673 3694 De
2721 3637 2918 3708 prium,
2951 3649 3005 3695 et
3040 3641 3133 3694 lib.
3164 3639 3239 3692 De
3269 3649 3409 3693 orat.
3442 3639 3468 3710 §
3501 3640 3616 3710 l6,_
3657 3637 3788 3710 nihil

2212 3708 2533 3767 desciscens
2575 3727 2604 3764 a
2652 3711 2948 3764 Platonicis
3005 3713 3141 3763 suis.
3176 3708 3790 3778 Insuper,’posthabito

2215 3783 2396 3835 nativo
2419 3781 2716 3848 Scriptttrar
2741 3797 2926 3844 sensu,
2953 3779 3343 3834 Gnosticorum
3376 3795 3548 3845 more,
3571 3794 3634 3832 ac
3654 3794 3792 3848 prae-

2213 3853 2400 3906 sertim
2422 3851 2853 3914 JuliiCassiani,
2879 3852 3065 3913 libliv,
3102 3865 3224 3918 cap.
3265 3849 3543 3912 5,docuit
3577 3848 3792 3918 paradi-

2216 3937 2358 3985 sum,
2381 3922 2433 3975 in
2456 3922 2932 3986 tertiOpIantatum
2969 3936 2996 3973 a
3033 3921 3138 3972 Deo
3166 3919 3354 3981 fuisse,
3386 3934 3485 3988 pro
3506 3919 3793 3974 arboribus

2218 3994 2579 4062 angelos,pro
2612 3991 2931 4044 ﬂuminibus
2957 3991 3186 4062 Avirtutes
3221 3989 3670 4060 intelligens,pro
3707 3998 3794 4042 tu-

2218 4063 2361 4116 nicis
2392 4060 2634 4131 pelliceis
2665 4061 2863 4129 quibus
2887 4060 3049 4130 primi
3084 4069 3339 4131 parentes
3361 4069 3493 4131 post
3512 4067 3792 4129 peccatum

2216 4129 2566 4195 induti—sunt,
2587 4145 2806 4185 carnem
2835 4129 2956 4199 qua:
2985 4130 3147 4182 morti
3170 4129 3406 4182 obnoxia
3430 4138 3578 4183 esset
3603 4148 3614 4182 :
3635 4139 3794 4182 antea

2217 4203 2484 4270 siquidem
2514 4201 2780 4254 Adamum
2805 4204 2920 4255 sine
2943 4213 3130 4261 carne,
3156 4199 3340 4270 nervis
3359 4237 3372 4262 ,
3397 4207 3451 4252 et
3480 4199 3700 4254 ossibus
3718 4201 3797 4250 vi-

2217 4267 2382 4326 xisse.
2435 4273 2779 4340 Quapropter
2809 4284 3102 4340 corporum
3153 4267 3400 4340 qnidem,
3451 4285 3560 4340 non
3615 4277 3793 4340 autem

2217 4343 2401 4397 carnis
2430 4381 2444 4404 ,
2483 4337 2944 4396 resurrectionem
3004 4337 3140 4392 fore.
3174 4337 3584 4406 ’Priinigeniam
3647 4339 3795 4390 illam

2217 4411 2442 4466 humani
2468 4411 2718 4481 corporis
2741 4409 3128 4481 conditionem,
3169 4408 3486 4481 interiorem
3505 4408 3795 4481 hominem

2217 4475 2592 4551 appellitabat,
2624 4481 2710 4534 cui
2739 4481 2840 4533 soli
2865 4478 3155 4551 conveniat
3195 4493 3320 4532 esse
3353 4478 3641 4551 imaginem
3672 4475 3786 4527 Dei.

2221 4546 2490 4606 Caeterum
2544 4551 2733 4606 sedula
2783 4549 3176 4603 exercitatione
3224 4563 3389 4618 posse
3423 4546 3690 4618 hominem
3722 4556 3788 4614 eo

2153 4623 2194 4677 D
2223 4621 2575 4690 perfectionis
2627 4621 2937 4689 pertingere
2970 4657 2987 4690 ,
3019 4625 3076 4671 ut
3116 4632 3184 4672 ne
3226 4611 3503 4690 ileviorem
3564 4611 3782 4690 quidem

2221 4681 2689 4761 perturbationem
2752 4681 3158 4761 persentiscat,
3193 4687 3422 4761 ulliusve
3454 4684 3654 4761 peccati
3680 4681 3786 4761 .la-

2220 4750 2362 4834 item,
2390 4775 2452 4834 ac
2475 4759 2709 4834 depulsa
2738 4750 2834 4828 per
2867 4750 3152 4834 ἀπόιϐσξιαν⁷
3189 4750 3789 4834 caligiiie,:intelligibif

2220 4831 2301 4900 les
2327 4827 2666 4884 substantias
2699 4829 3001 4900 intueatur.
3027 4828 3086 4881 In
3131 4827 3271 4900 hanc
3316 4827 3794 4900 opinionemquae

2219 4898 2604 4954 Gnosticorum
2653 4899 2816 4953 etiam
2865 4898 3041 4969 fuerat
3067 4935 3081 4960 ,
3119 4891 3363 4966 posthac
3393 4891 3642 4969 Pelagius
3682 4892 3795 4943 im-

2220 4970 2408 5040 pegit;
2443 4985 2602 5038 quem
2647 4969 2850 5040 idcirco
2893 4965 3282 5040 Hieronymus,
3325 4965 3798 5040 enumeratis_pe-

2221 5029 2341 5093 iieui
2363 5029 2533 5111 istius
2566 5039 2907 5111 auctoribus,
2940 5037 3028 5111 sic
3055 5029 3426 5111 alloquebatur
3453 5046 3467 5111 ξ
3497 5029 3591 5083 Vis
3621 5030 3801 5111 adhuc

2217 5119 2267 5161 et
2316 5109 2482 5161 alium
2535 5125 2686 5162 nosse
2737 5107 2812 5159 tui
2860 5100 3057 5160 erroris
3096 5100 3419 5173 principem,
3449 5100 3671 5154 lueresis
3710 5110 3803 5153 tua

2222 5178 2464 5246 Origenis
2497 5177 2829 5230 ramusculus
2856 5187 2954 5246 est.

2294 5236 2406 5316 (liii)
2448 5247 2592 5301 Idem
2652 5246 2804 5316 Pauli
2857 5243 3230 5307 Samosateni,
3290 5239 3384 5310 qui
3425 5236 3651 5316 sabellii
3678 5278 3692 5300 ,
3736 5238 3804 5291 de

2223 5307 2508 5379 Triniiate,
2544 5325 2598 5369 et
2633 5317 2699 5370 de
2729 5315 2935 5370 Christi
2974 5307 3439 5384 personaseusus
3474 5307 3612 5384 fuit;
3638 5323 3800 5384 quem

2227 5377 2751 5454 Orientis-episcopi
2801 5377 3018 5449 eodeni,
3061 5399 3170 5454 quo
3223 5379 3603 5454 Epiphanius,
3639 5377 3800 5432 modo

2228 5455 2513 5508 cinnitiant
2547 5450 2620 5508 _in
2669 5450 2827 5508 tertia
2898 5457 2989 5507 illa
3049 5450 3170 5504 ﬁdei
3233 5450 3582 5520 professione
3636 5462 3799 5516 quam

2229 5525 2564 5578 Athanasius
2585 5535 2639 5578 et
2674 5525 2913 5577 llilarius
2936 5524 2990 5576 in
3022 5523 3177 5575 libris
3202 5520 3277 5573 De
3300 5520 3516 5589 synodis
3549 5520 3803 5589 recitent,

2231 5607 2443 5647 necnon
2505 5597 2783 5656 Socrates,
2834 5595 2929 5646 lib.
2969 5607 3004 5644 ιι
3061 5590 3202 5646 llist.
3237 5606 3290 5644 c.
3333 5587 3420 5643 15.
3463 5587 3804 5658 Epiphanius

2230 5665 2286 5716 in
2318 5661 2554 5715 Panario
2586 5664 2754 5724 addit,
2786 5664 2888 5717 hoc
2920 5670 3079 5730 pacto
3110 5661 3351 5730 Artemse
3387 5657 3585 5730 degma
3617 5657 3816 5712 exstin-

2233 5741 2373 5785 ctum
2407 5734 2631 5799 pridem,
2669 5733 2778 5801 πρὸ
2836 5728 3046 5784 ποὶζλὼν
3089 5729 3224 5781 ἑτῶν
3257 5728 3616 5798 ὲσϐεσμένον,
3650 5737 3814 5796 opera
