  <div class='ocr_page' id='page_1' title='image "/cluster/home/n/w/nwhite01/storage/ocr_20150623/94/mdp.39015008918610/373.png"; bbox 0 0 4090 6148; ppageno 0'>
   <div class='ocr_carea' id='block_1_1' title="bbox 433 327 537 394">
    <p class='ocr_par' dir='ltr' id='par_1_1' title="bbox 433 327 537 394">
     <span class='ocr_line' id='line_1_1' title="bbox 433 327 537 394; baseline 0 0"><span class='ocrx_word' id='word_1_1' title='bbox 433 327 537 394; x_wconf 75' lang='grc'><strong>³131</strong></span> 
     </span>
    </p>
   </div>
   <div class='ocr_carea' id='block_1_2' title="bbox 1630 320 2519 388">
    <p class='ocr_par' dir='ltr' id='par_1_2' title="bbox 1630 320 2519 388">
     <span class='ocr_line' id='line_1_2' title="bbox 1630 320 2519 388; baseline 0.002 -2"><span class='ocrx_word' id='word_1_2' title='bbox 1630 326 1689 386; x_wconf 90' lang='lat' dir='ltr'><strong>S.</strong></span> <span class='ocrx_word' id='word_1_3' title='bbox 1728 320 2047 387; x_wconf 83' lang='lat' dir='ltr'><strong>JOANNIS</strong></span> <span class='ocrx_word' id='word_1_4' title='bbox 2084 323 2519 388; x_wconf 83' lang='lat' dir='ltr'><strong>DAMASCENI</strong></span> 
     </span>
    </p>
   </div>
   <div class='ocr_carea' id='block_1_3' title="bbox 3474 326 3679 391">
    <p class='ocr_par' dir='ltr' id='par_1_3' title="bbox 3474 326 3679 391">
     <span class='ocr_line' id='line_1_3' title="bbox 3474 326 3679 391; baseline -0.005 0"><span class='ocrx_word' id='word_1_5' title='bbox 3474 326 3679 391; x_wconf 75' lang='grc'><strong>’732</strong></span> 
     </span>
    </p>
   </div>
   <div class='ocr_carea' id='block_1_4' title="bbox 508 434 1998 512">
    <p class='ocr_par' dir='ltr' id='par_1_4' title="bbox 508 434 1994 512">
     <span class='ocr_line' id='line_1_4' title="bbox 508 434 1994 512; baseline -0.009 -13"><span class='ocrx_word' id='word_1_6' title='bbox 508 443 565 499; x_wconf 87' lang='lat'><strong>8.</strong></span> <span class='ocrx_word' id='word_1_7' title='bbox 592 442 846 498; x_wconf 78' lang='lat' dir='ltr'><strong>Animam</strong></span> <span class='ocrx_word' id='word_1_8' title='bbox 888 441 972 499; x_wconf 86' lang='lat' dir='ltr'><strong>sic</strong></span> <span class='ocrx_word' id='word_1_9' title='bbox 1003 439 1141 496; x_wconf 81' lang='lat' dir='ltr'><strong>allici</strong></span> <span class='ocrx_word' id='word_1_10' title='bbox 1170 446 1428 512; x_wconf 75' lang='lat' dir='ltr'><strong>oportere</strong></span> <span class='ocrx_word' id='word_1_11' title='bbox 1474 452 1645 493; x_wconf 90' lang='lat' dir='ltr'><strong>sensu</strong></span> <span class='ocrx_word' id='word_1_12' title='bbox 1697 434 1994 506; x_wconf 86' lang='lat' dir='ltr'><strong>participa-</strong></span> 
     </span>
    </p>
   </div>
   <div class='ocr_carea' id='block_1_5' title="bbox 2103 434 3676 512">
    <p class='ocr_par' dir='ltr' id='par_1_5' title="bbox 2175 434 3676 510">
     <span class='ocr_line' id='line_1_5' title="bbox 2175 434 3676 510; baseline 0.015 -24"><span class='ocrx_word' id='word_1_13' title='bbox 2175 443 2246 506; x_wconf 83' lang='grc' dir='ltr'>η’.</span> <span class='ocrx_word' id='word_1_14' title='bbox 2279 436 2403 490; x_wconf 76' lang='grc' dir='ltr'>Ὀτι</span> <span class='ocrx_word' id='word_1_15' title='bbox 2430 437 2512 490; x_wconf 87' lang='grc' dir='ltr'>δεῖ</span> <span class='ocrx_word' id='word_1_16' title='bbox 2550 436 2651 508; x_wconf 80' lang='grc' dir='ltr'>τὴν</span> <span class='ocrx_word' id='word_1_17' title='bbox 2696 437 2877 510; x_wconf 74' lang='grc' dir='ltr'>ψυχὴν</span> <span class='ocrx_word' id='word_1_18' title='bbox 2905 436 3162 508; x_wconf 78' lang='grc' dir='ltr'><strong>τοιαύτης</strong></span> <span class='ocrx_word' id='word_1_19' title='bbox 3193 435 3477 491; x_wconf 66' lang='grc' dir='ltr'>αἰσθέσθαι</span> <span class='ocrx_word' id='word_1_20' title='bbox 3507 434 3538 476; x_wconf 66' lang='grc' dir='ltr'>δ</span> <span class='ocrx_word' id='word_1_21' title='bbox 3575 437 3676 506; x_wconf 71' lang='grc' dir='ltr'><strong>τῆς</strong></span> 
     </span>
    </p>
   </div>
   <div class='ocr_carea' id='block_1_6' title="bbox 436 525 2006 600">
    <p class='ocr_par' dir='ltr' id='par_1_6' title="bbox 436 525 2006 600">
     <span class='ocr_line' id='line_1_6' title="bbox 436 525 2006 600; baseline -0.005 -14"><span class='ocrx_word' id='word_1_22' title='bbox 436 533 606 589; x_wconf 89' lang='lat' dir='ltr'><strong>tionis</strong></span> <span class='ocrx_word' id='word_1_23' title='bbox 635 530 881 588; x_wconf 71' lang='lat' dir='ltr'><strong>cmlestis</strong></span> <span class='ocrx_word' id='word_1_24' title='bbox 912 530 1121 600; x_wconf 84' lang='lat' dir='ltr'><strong>sponsi,</strong></span> <span class='ocrx_word' id='word_1_25' title='bbox 1153 538 1213 584; x_wconf 94' lang='lat' dir='ltr'><strong>ut</strong></span> <span class='ocrx_word' id='word_1_26' title='bbox 1255 527 1494 583; x_wconf 85' lang='lat' dir='ltr'><strong>allicitnr</strong></span> <span class='ocrx_word' id='word_1_27' title='bbox 1530 525 1729 581; x_wconf 85' lang='lat' dir='ltr'><strong>mulier</strong></span> <span class='ocrx_word' id='word_1_28' title='bbox 1762 539 1830 580; x_wconf 80' lang='lat' dir='ltr'><strong>ex</strong></span> <span class='ocrx_word' id='word_1_29' title='bbox 1868 538 2006 579; x_wconf 91' lang='lat' dir='ltr'><strong>con-</strong></span> 
     </span>
    </p>
   </div>
   <div class='ocr_carea' id='block_1_7' title="bbox 436 619 794 690">
    <p class='ocr_par' dir='ltr' id='par_1_7' title="bbox 436 619 794 690">
     <span class='ocr_line' id='line_1_7' title="bbox 436 619 794 690; baseline -0.003 -16"><span class='ocrx_word' id='word_1_30' title='bbox 436 635 633 690; x_wconf 83' lang='lat' dir='ltr'><strong>gressu</strong></span> <span class='ocrx_word' id='word_1_31' title='bbox 668 619 794 674; x_wconf 91' lang='lat' dir='ltr'><strong>viri.</strong></span> 
     </span>
    </p>
   </div>
   <div class='ocr_carea' id='block_1_8' title="bbox 505 706 2005 779">
    <p class='ocr_par' dir='ltr' id='par_1_8' title="bbox 505 706 2005 779">
     <span class='ocr_line' id='line_1_8' title="bbox 505 706 2005 779; baseline -0.005 -14"><span class='ocrx_word' id='word_1_32' title='bbox 505 712 558 766; x_wconf 86' lang='lat'><strong>9.</strong></span> <span class='ocrx_word' id='word_1_33' title='bbox 594 709 883 779; x_wconf 85' lang='lat' dir='ltr'><strong>Spiritales</strong></span> <span class='ocrx_word' id='word_1_34' title='bbox 931 708 1182 764; x_wconf 86' lang='lat' dir='ltr'><strong>homines</strong></span> <span class='ocrx_word' id='word_1_35' title='bbox 1214 708 1367 763; x_wconf 90' lang='lat' dir='ltr'><strong>intus</strong></span> <span class='ocrx_word' id='word_1_36' title='bbox 1417 706 1664 775; x_wconf 89' lang='lat' dir='ltr'><strong>forisque</strong></span> <span class='ocrx_word' id='word_1_37' title='bbox 1714 711 2005 775; x_wconf 90' lang='lat' dir='ltr'><strong>peccatum</strong></span> 
     </span>
    </p>
   </div>
   <div class='ocr_carea' id='block_1_9' title="bbox 433 797 2020 873">
    <p class='ocr_par' dir='ltr' id='par_1_9' title="bbox 433 797 2020 873">
     <span class='ocr_line' id='line_1_9' title="bbox 433 797 2020 873; baseline -0.004 -15"><span class='ocrx_word' id='word_1_38' title='bbox 433 802 662 858; x_wconf 74' lang='lat' dir='ltr'><strong>videre:</strong></span> <span class='ocrx_word' id='word_1_39' title='bbox 697 816 911 867; x_wconf 82' lang='lat' dir='ltr'><strong>necnon</strong></span> <span class='ocrx_word' id='word_1_40' title='bbox 934 802 1171 873; x_wconf 90' lang='lat' dir='ltr'><strong>gratiam</strong></span> <span class='ocrx_word' id='word_1_41' title='bbox 1233 814 1355 870; x_wconf 71' lang='lat' dir='ltr'><strong>qua:</strong></span> <span class='ocrx_word' id='word_1_42' title='bbox 1406 797 1740 864; x_wconf 89' lang='lat' dir='ltr'><strong>infunditur,</strong></span> <span class='ocrx_word' id='word_1_43' title='bbox 1789 805 1845 852; x_wconf 92' lang='lat' dir='ltr'><strong>et</strong></span> <span class='ocrx_word' id='word_1_44' title='bbox 1882 811 2020 867; x_wconf 65' lang='lat' dir='ltr'><strong>quae</strong></span> 
     </span>
    </p>
   </div>
   <div class='ocr_carea' id='block_1_10' title="bbox 434 899 727 962">
    <p class='ocr_par' dir='ltr' id='par_1_10' title="bbox 434 899 727 962">
     <span class='ocr_line' id='line_1_10' title="bbox 434 899 727 962; baseline 0.003 -15"><span class='ocrx_word' id='word_1_45' title='bbox 434 899 727 962; x_wconf 76' lang='lat' dir='ltr'><strong>operatur.</strong></span> 
     </span>
    </p>
   </div>
   <div class='ocr_carea' id='block_1_11' title="bbox 506 975 2005 1050">
    <p class='ocr_par' dir='ltr' id='par_1_11' title="bbox 506 975 2005 1050">
     <span class='ocr_line' id='line_1_11' title="bbox 506 975 2005 1050; baseline -0.005 -13"><span class='ocrx_word' id='word_1_46' title='bbox 506 982 594 1037; x_wconf 85' lang='grc'><strong>10.</strong></span> <span class='ocrx_word' id='word_1_47' title='bbox 626 982 1041 1038; x_wconf 84' lang='lat' dir='ltr'><strong>Revelationem</strong></span> <span class='ocrx_word' id='word_1_48' title='bbox 1070 995 1194 1037; x_wconf 89' lang='lat' dir='ltr'><strong>esse</strong></span> <span class='ocrx_word' id='word_1_49' title='bbox 1223 994 1345 1050; x_wconf 78' lang='lat' dir='ltr'><strong>quae</strong></span> <span class='ocrx_word' id='word_1_50' title='bbox 1376 978 1468 1033; x_wconf 88' lang='lat' dir='ltr'><strong>fiat</strong></span> <span class='ocrx_word' id='word_1_51' title='bbox 1514 977 1573 1032; x_wconf 91' lang='lat' dir='ltr'><strong>in</strong></span> <span class='ocrx_word' id='word_1_52' title='bbox 1618 991 1786 1033; x_wconf 82' lang='lat' dir='ltr'><strong>sensu</strong></span> <span class='ocrx_word' id='word_1_53' title='bbox 1838 984 1893 1032; x_wconf 93' lang='lat' dir='ltr'><strong>et</strong></span> <span class='ocrx_word' id='word_1_54' title='bbox 1920 975 2005 1031; x_wconf 90' lang='lat' dir='ltr'><strong>di-</strong></span> 
     </span>
    </p>
   </div>
   <div class='ocr_carea' id='block_1_12' title="bbox 433 1072 1443 1144">
    <p class='ocr_par' dir='ltr' id='par_1_12' title="bbox 433 1072 1443 1144">
     <span class='ocr_line' id='line_1_12' title="bbox 433 1072 1443 1144; baseline -0.003 -15"><span class='ocrx_word' id='word_1_55' title='bbox 433 1074 561 1129; x_wconf 78' lang='lat' dir='ltr'><strong>vina</strong></span> <span class='ocrx_word' id='word_1_56' title='bbox 591 1088 848 1144; x_wconf 84' lang='lat' dir='ltr'><strong>persona,</strong></span> <span class='ocrx_word' id='word_1_57' title='bbox 880 1082 1139 1143; x_wconf 90' lang='lat' dir='ltr'><strong>tanquam</strong></span> <span class='ocrx_word' id='word_1_58' title='bbox 1166 1072 1443 1127; x_wconf 75' lang='lat' dir='ltr'><strong>doctrina.</strong></span> 
     </span>
    </p>
   </div>
   <div class='ocr_carea' id='block_1_13' title="bbox 505 1164 1358 1235">
    <p class='ocr_par' dir='ltr' id='par_1_13' title="bbox 505 1164 1358 1235">
     <span class='ocr_line' id='line_1_13' title="bbox 505 1164 1358 1235; baseline 0 -17"><span class='ocrx_word' id='word_1_59' title='bbox 505 1164 594 1219; x_wconf 88' lang='grc'><strong>11.</strong></span> <span class='ocrx_word' id='word_1_60' title='bbox 625 1164 808 1235; x_wconf 87' lang='lat' dir='ltr'><strong>Ignem</strong></span> <span class='ocrx_word' id='word_1_61' title='bbox 846 1164 1188 1220; x_wconf 89' lang='lat' dir='ltr'><strong>conditorem</strong></span> <span class='ocrx_word' id='word_1_62' title='bbox 1216 1177 1358 1218; x_wconf 88' lang='lat' dir='ltr'><strong>esse.</strong></span> 
     </span>
    </p>
   </div>
   <div class='ocr_carea' id='block_1_14' title="bbox 506 1250 2001 1310">
    <p class='ocr_par' dir='ltr' id='par_1_14' title="bbox 506 1250 2001 1310">
     <span class='ocr_line' id='line_1_14' title="bbox 506 1250 2001 1310; baseline -0.001 -1"><span class='ocrx_word' id='word_1_63' title='bbox 506 1255 594 1310; x_wconf 75' lang='grc'><strong>12.</strong></span> <span class='ocrx_word' id='word_1_64' title='bbox 624 1254 879 1310; x_wconf 85' lang='lat' dir='ltr'><strong>Animam</strong></span> <span class='ocrx_word' id='word_1_65' title='bbox 928 1270 1039 1310; x_wconf 90' lang='lat' dir='ltr'><strong>non</strong></span> <span class='ocrx_word' id='word_1_66' title='bbox 1078 1254 1367 1309; x_wconf 81' lang='lat' dir='ltr'><strong>habentem</strong></span> <span class='ocrx_word' id='word_1_67' title='bbox 1415 1250 1698 1307; x_wconf 81' lang='lat' dir='ltr'><strong>Christum</strong></span> <span class='ocrx_word' id='word_1_68' title='bbox 1731 1251 1786 1306; x_wconf 94' lang='lat' dir='ltr'><strong>in</strong></span> <span class='ocrx_word' id='word_1_69' title='bbox 1836 1266 2001 1308; x_wconf 90' lang='lat' dir='ltr'><strong>sensu</strong></span> 
     </span>
    </p>
   </div>
   <div class='ocr_carea' id='block_1_15' title="bbox 432 1343 2003 1414">
    <p class='ocr_par' dir='ltr' id='par_1_15' title="bbox 432 1343 2003 1414">
     <span class='ocr_line' id='line_1_15' title="bbox 432 1343 2003 1414; baseline -0.003 -15"><span class='ocrx_word' id='word_1_70' title='bbox 432 1345 699 1414; x_wconf 91' lang='lat' dir='ltr'><strong>omnique</strong></span> <span class='ocrx_word' id='word_1_71' title='bbox 748 1343 990 1410; x_wconf 87' lang='lat' dir='ltr'><strong>actione,</strong></span> <span class='ocrx_word' id='word_1_72' title='bbox 1038 1351 1355 1413; x_wconf 84' lang='lat' dir='ltr'><strong>serpentum</strong></span> <span class='ocrx_word' id='word_1_73' title='bbox 1414 1356 1540 1397; x_wconf 81' lang='lat' dir='ltr'><strong>esse</strong></span> <span class='ocrx_word' id='word_1_74' title='bbox 1589 1355 1654 1395; x_wconf 86' lang='lat' dir='ltr'><strong>ac</strong></span> <span class='ocrx_word' id='word_1_75' title='bbox 1708 1348 2003 1396; x_wconf 86' lang='lat' dir='ltr'><strong>venenata-</strong></span> 
     </span>
    </p>
   </div>
   <div class='ocr_carea' id='block_1_16' title="bbox 433 1432 2002 1501">
    <p class='ocr_par' dir='ltr' id='par_1_16' title="bbox 433 1432 2002 1501">
     <span class='ocr_line' id='line_1_16' title="bbox 433 1432 2002 1501; baseline -0.002 -12"><span class='ocrx_word' id='word_1_76' title='bbox 433 1450 559 1490; x_wconf 88' lang='lat' dir='ltr'><strong>rum</strong></span> <span class='ocrx_word' id='word_1_77' title='bbox 590 1436 916 1501; x_wconf 87' lang='lat' dir='ltr'><strong>bestiarum,</strong></span> <span class='ocrx_word' id='word_1_78' title='bbox 948 1435 1051 1491; x_wconf 84' lang='lat' dir='ltr'><strong>hoc</strong></span> <span class='ocrx_word' id='word_1_79' title='bbox 1074 1442 1159 1489; x_wconf 91' lang='lat' dir='ltr'><strong>est</strong></span> <span class='ocrx_word' id='word_1_80' title='bbox 1184 1432 1515 1488; x_wconf 71' lang='lat' dir='ltr'><strong>adversariae</strong></span> <span class='ocrx_word' id='word_1_81' title='bbox 1549 1432 1731 1487; x_wconf 89' lang='lat' dir='ltr'><strong>omnis</strong></span> <span class='ocrx_word' id='word_1_82' title='bbox 1759 1432 2002 1498; x_wconf 89' lang='lat' dir='ltr'><strong>virtutis,</strong></span> 
     </span>
    </p>
   </div>
   <div class='ocr_carea' id='block_1_17' title="bbox 434 1526 798 1583">
    <p class='ocr_par' dir='ltr' id='par_1_17' title="bbox 434 1526 798 1583">
     <span class='ocr_line' id='line_1_17' title="bbox 434 1526 798 1583; baseline 0.005 -2"><span class='ocrx_word' id='word_1_83' title='bbox 434 1526 798 1583; x_wconf 83' lang='lat' dir='ltr'><strong>domicilium.</strong></span> 
     </span>
    </p>
   </div>
   <div class='ocr_carea' id='block_1_18' title="bbox 508 1616 1335 1698">
    <p class='ocr_par' dir='ltr' id='par_1_18' title="bbox 508 1616 1335 1698">
     <span class='ocr_line' id='line_1_18' title="bbox 508 1616 1335 1698; baseline -0.001 -28"><span class='ocrx_word' id='word_1_84' title='bbox 508 1617 596 1673; x_wconf 75' lang='grc'><strong>15.</strong></span> <span class='ocrx_word' id='word_1_85' title='bbox 629 1616 791 1698; x_wconf 69' lang='lat' dir='ltr'><strong>Mala,</strong></span> <span class='ocrx_word' id='word_1_86' title='bbox 826 1624 1025 1671; x_wconf 88' lang='lat' dir='ltr'><strong>natura</strong></span> <span class='ocrx_word' id='word_1_87' title='bbox 1056 1622 1335 1670; x_wconf 84' lang='lat' dir='ltr'><strong>constare.</strong></span> 
     </span>
    </p>
   </div>
   <div class='ocr_carea' id='block_1_19' title="bbox 506 1703 2001 1775">
    <p class='ocr_par' dir='ltr' id='par_1_19' title="bbox 506 1703 2001 1775">
     <span class='ocr_line' id='line_1_19' title="bbox 506 1703 2001 1775; baseline -0.003 -15"><span class='ocrx_word' id='word_1_88' title='bbox 506 1707 593 1761; x_wconf 80' lang='grc'><strong>14.</strong></span> <span class='ocrx_word' id='word_1_89' title='bbox 633 1707 778 1762; x_wconf 81' lang='lat' dir='ltr'><strong>Ante</strong></span> <span class='ocrx_word' id='word_1_90' title='bbox 826 1707 1084 1760; x_wconf 89' lang='lat' dir='ltr'><strong>violatum</strong></span> <span class='ocrx_word' id='word_1_91' title='bbox 1138 1712 1493 1775; x_wconf 67' lang='lat' dir='ltr'><strong>praeceptum,</strong></span> <span class='ocrx_word' id='word_1_92' title='bbox 1551 1703 1822 1757; x_wconf 83' lang='lat' dir='ltr'><strong>Adamum</strong></span> <span class='ocrx_word' id='word_1_93' title='bbox 1875 1718 2001 1757; x_wconf 89' lang='lat' dir='ltr'><strong>cum</strong></span> 
     </span>
    </p>
   </div>
   <div class='ocr_carea' id='block_1_20' title="bbox 434 1795 1999 1867">
    <p class='ocr_par' dir='ltr' id='par_1_20' title="bbox 434 1795 1999 1867">
     <span class='ocr_line' id='line_1_20' title="bbox 434 1795 1999 1867; baseline -0.001 -16"><span class='ocrx_word' id='word_1_94' title='bbox 434 1795 545 1851; x_wconf 83' lang='lat' dir='ltr'><strong>Eva</strong></span> <span class='ocrx_word' id='word_1_95' title='bbox 576 1797 783 1867; x_wconf 87' lang='lat' dir='ltr'><strong>absque</strong></span> <span class='ocrx_word' id='word_1_96' title='bbox 813 1796 927 1853; x_wconf 89' lang='lat' dir='ltr'><strong>ullo</strong></span> <span class='ocrx_word' id='word_1_97' title='bbox 973 1796 1220 1851; x_wconf 87' lang='lat' dir='ltr'><strong>libidinis</strong></span> <span class='ocrx_word' id='word_1_98' title='bbox 1256 1806 1392 1851; x_wconf 70' lang='lat' dir='ltr'><strong>aestu</strong></span> <span class='ocrx_word' id='word_1_99' title='bbox 1435 1810 1797 1865; x_wconf 80' lang='lat' dir='ltr'><strong>congressum</strong></span> <span class='ocrx_word' id='word_1_100' title='bbox 1855 1808 1999 1849; x_wconf 86' lang='lat' dir='ltr'><strong>esse.</strong></span> 
     </span>
    </p>
   </div>
   <div class='ocr_carea' id='block_1_21' title="bbox 504 1883 1824 1945">
    <p class='ocr_par' dir='ltr' id='par_1_21' title="bbox 504 1883 1824 1945">
     <span class='ocr_line' id='line_1_21' title="bbox 504 1883 1824 1945; baseline -0.002 -6"><span class='ocrx_word' id='word_1_101' title='bbox 504 1885 593 1942; x_wconf 84' lang='grc'><strong>15.</strong></span> <span class='ocrx_word' id='word_1_102' title='bbox 628 1885 685 1940; x_wconf 91' lang='lat' dir='ltr'><strong>ln</strong></span> <span class='ocrx_word' id='word_1_103' title='bbox 715 1884 939 1945; x_wconf 77' lang='lat' dir='ltr'><strong>Mariam</strong></span> <span class='ocrx_word' id='word_1_104' title='bbox 969 1901 1157 1941; x_wconf 90' lang='lat' dir='ltr'><strong>semen</strong></span> <span class='ocrx_word' id='word_1_105' title='bbox 1192 1895 1245 1940; x_wconf 92' lang='lat' dir='ltr'><strong>et</strong></span> <span class='ocrx_word' id='word_1_106' title='bbox 1269 1883 1506 1940; x_wconf 86' lang='lat' dir='ltr'><strong>Verbum</strong></span> <span class='ocrx_word' id='word_1_107' title='bbox 1538 1883 1824 1939; x_wconf 89' lang='lat' dir='ltr'><strong>cecidisse.</strong></span> 
     </span>
    </p>
   </div>
   <div class='ocr_carea' id='block_1_22' title="bbox 507 1956 2001 2047">
    <p class='ocr_par' dir='ltr' id='par_1_22' title="bbox 507 1956 2001 2047">
     <span class='ocr_line' id='line_1_22' title="bbox 507 1956 2001 2047; baseline -0.003 -16"><span class='ocrx_word' id='word_1_108' title='bbox 507 1978 595 2033; x_wconf 87' lang='grc'><strong>16.</strong></span> <span class='ocrx_word' id='word_1_109' title='bbox 628 1976 914 2033; x_wconf 84' lang='lat' dir='ltr'><strong>Hominem</strong></span> <span class='ocrx_word' id='word_1_110' title='bbox 941 1956 1197 2047; x_wconf 68' lang='lat' dir='ltr'><strong>oportere</strong></span> <span class='ocrx_word' id='word_1_111' title='bbox 1249 1976 1456 2046; x_wconf 91' lang='lat' dir='ltr'><strong>duplici</strong></span> <span class='ocrx_word' id='word_1_112' title='bbox 1490 1976 1675 2029; x_wconf 88' lang='lat' dir='ltr'><strong>anima</strong></span> <span class='ocrx_word' id='word_1_113' title='bbox 1717 1975 2001 2045; x_wconf 64' lang='lat' dir='ltr'><strong>praeditum</strong></span> 
     </span>
    </p>
   </div>
   <div class='ocr_carea' id='block_1_23' title="bbox 434 2066 2000 2138">
    <p class='ocr_par' dir='ltr' id='par_1_23' title="bbox 434 2066 2000 2138">
     <span class='ocr_line' id='line_1_23' title="bbox 434 2066 2000 2138; baseline -0.002 -15"><span class='ocrx_word' id='word_1_114' title='bbox 434 2083 595 2135; x_wconf 85' lang='lat' dir='ltr'><strong>esse;</strong></span> <span class='ocrx_word' id='word_1_115' title='bbox 648 2083 757 2122; x_wconf 90' lang='lat' dir='ltr'><strong>una</strong></span> <span class='ocrx_word' id='word_1_116' title='bbox 806 2084 971 2138; x_wconf 91' lang='lat' dir='ltr'><strong>quam</strong></span> <span class='ocrx_word' id='word_1_117' title='bbox 1025 2067 1340 2122; x_wconf 84' lang='lat' dir='ltr'><strong>hominibus</strong></span> <span class='ocrx_word' id='word_1_118' title='bbox 1395 2080 1739 2122; x_wconf 87' lang='lat' dir='ltr'><strong>communem</strong></span> <span class='ocrx_word' id='word_1_119' title='bbox 1785 2066 2000 2130; x_wconf 89' lang='lat' dir='ltr'><strong>dicunt,</strong></span> 
     </span>
    </p>
   </div>
   <div class='ocr_carea' id='block_1_24' title="bbox 434 2157 1171 2227">
    <p class='ocr_par' dir='ltr' id='par_1_24' title="bbox 434 2157 1171 2227">
     <span class='ocr_line' id='line_1_24' title="bbox 434 2157 1171 2227; baseline -0.001 -17"><span class='ocrx_word' id='word_1_120' title='bbox 434 2159 629 2222; x_wconf 87' lang='lat' dir='ltr'><strong>altera,</strong></span> <span class='ocrx_word' id='word_1_121' title='bbox 676 2172 842 2227; x_wconf 79' lang='lat' dir='ltr'><strong>quam</strong></span> <span class='ocrx_word' id='word_1_122' title='bbox 869 2157 1171 2212; x_wconf 58' lang='lat' dir='ltr'><strong>caelestem.</strong></span> 
     </span>
    </p>
   </div>
   <div class='ocr_carea' id='block_1_25' title="bbox 508 2244 2000 2317">
    <p class='ocr_par' dir='ltr' id='par_1_25' title="bbox 508 2244 2000 2317">
     <span class='ocr_line' id='line_1_25' title="bbox 508 2244 2000 2317; baseline -0.002 -16"><span class='ocrx_word' id='word_1_123' title='bbox 508 2248 597 2302; x_wconf 90' lang='grc'><strong>17.</strong></span> <span class='ocrx_word' id='word_1_124' title='bbox 628 2246 776 2302; x_wconf 85' lang='lat' dir='ltr'><strong>Fieri</strong></span> <span class='ocrx_word' id='word_1_125' title='bbox 806 2261 990 2317; x_wconf 83' lang='lat' dir='ltr'><strong>posse,</strong></span> <span class='ocrx_word' id='word_1_126' title='bbox 1028 2255 1087 2300; x_wconf 95' lang='lat' dir='ltr'><strong>ut</strong></span> <span class='ocrx_word' id='word_1_127' title='bbox 1119 2246 1284 2301; x_wconf 86' lang='lat' dir='ltr'><strong>homo</strong></span> <span class='ocrx_word' id='word_1_128' title='bbox 1324 2244 1666 2301; x_wconf 91' lang='lat' dir='ltr'><strong>sensibililer</strong></span> <span class='ocrx_word' id='word_1_129' title='bbox 1703 2259 2000 2315; x_wconf 85' lang='lat' dir='ltr'><strong>personam</strong></span> 
     </span>
    </p>
   </div>
   <div class='ocr_carea' id='block_1_26' title="bbox 437 2335 1999 2410">
    <p class='ocr_par' dir='ltr' id='par_1_26' title="bbox 437 2335 1999 2410">
     <span class='ocr_line' id='line_1_26' title="bbox 437 2335 1999 2410; baseline 0.001 -19"><span class='ocrx_word' id='word_1_130' title='bbox 437 2335 679 2409; x_wconf 89' lang='lat' dir='ltr'><strong>Spiritus</strong></span> <span class='ocrx_word' id='word_1_131' title='bbox 732 2339 913 2394; x_wconf 90' lang='lat' dir='ltr'><strong>sancti</strong></span> <span class='ocrx_word' id='word_1_132' title='bbox 960 2337 1229 2410; x_wconf 78' lang='lat' dir='ltr'><strong>percipiat</strong></span> <span class='ocrx_word' id='word_1_133' title='bbox 1278 2352 1403 2393; x_wconf 87' lang='lat' dir='ltr'><strong>cum</strong></span> <span class='ocrx_word' id='word_1_134' title='bbox 1449 2338 1599 2394; x_wconf 89' lang='lat' dir='ltr'><strong>omni</strong></span> <span class='ocrx_word' id='word_1_135' title='bbox 1644 2337 1999 2403; x_wconf 88' lang='lat' dir='ltr'><strong>certitudine,</strong></span> 
     </span>
    </p>
   </div>
   <div class='ocr_carea' id='block_1_27' title="bbox 435 2429 1233 2502">
    <p class='ocr_par' dir='ltr' id='par_1_27' title="bbox 435 2429 1233 2502">
     <span class='ocr_line' id='line_1_27' title="bbox 435 2429 1233 2502; baseline 0 -19"><span class='ocrx_word' id='word_1_136' title='bbox 435 2429 777 2502; x_wconf 83' lang='lat' dir='ltr'><strong>plenitudine</strong></span> <span class='ocrx_word' id='word_1_137' title='bbox 812 2439 865 2485; x_wconf 92' lang='lat' dir='ltr'><strong>et</strong></span> <span class='ocrx_word' id='word_1_138' title='bbox 891 2430 1233 2499; x_wconf 83' lang='lat' dir='ltr'><strong>operatione.</strong></span> 
     </span>
    </p>
   </div>
   <div class='ocr_carea' id='block_1_28' title="bbox 505 2520 2002 2592">
    <p class='ocr_par' dir='ltr' id='par_1_28' title="bbox 505 2520 2002 2592">
     <span class='ocr_line' id='line_1_28' title="bbox 505 2520 2002 2592; baseline -0.001 -16"><span class='ocrx_word' id='word_1_139' title='bbox 505 2522 594 2577; x_wconf 87' lang='grc'><strong>18.</strong></span> <span class='ocrx_word' id='word_1_140' title='bbox 635 2523 811 2578; x_wconf 85' lang='lat' dir='ltr'><strong>Posse</strong></span> <span class='ocrx_word' id='word_1_141' title='bbox 860 2522 948 2578; x_wconf 91' lang='lat' dir='ltr'><strong>bis</strong></span> <span class='ocrx_word' id='word_1_142' title='bbox 996 2522 1091 2592; x_wconf 88' lang='lat' dir='ltr'><strong>qui</strong></span> <span class='ocrx_word' id='word_1_143' title='bbox 1133 2530 1298 2577; x_wconf 90' lang='lat' dir='ltr'><strong>orant</strong></span> <span class='ocrx_word' id='word_1_144' title='bbox 1342 2536 1609 2592; x_wconf 89' lang='lat' dir='ltr'><strong>apparere</strong></span> <span class='ocrx_word' id='word_1_145' title='bbox 1657 2520 2002 2577; x_wconf 84' lang='lat' dir='ltr'><strong>Salvatorem</strong></span> 
     </span>
    </p>
   </div>
   <div class='ocr_carea' id='block_1_29' title="bbox 434 2613 2000 2684">
    <p class='ocr_par' dir='ltr' id='par_1_29' title="bbox 434 2613 2000 2684">
     <span class='ocr_line' id='line_1_29' title="bbox 434 2613 2000 2684; baseline -0.001 -17"><span class='ocrx_word' id='word_1_146' title='bbox 434 2613 493 2667; x_wconf 90' lang='lat' dir='ltr'><strong>in</strong></span> <span class='ocrx_word' id='word_1_147' title='bbox 526 2613 650 2668; x_wconf 87' lang='lat' dir='ltr'><strong>luce</strong></span> <span class='ocrx_word' id='word_1_148' title='bbox 676 2630 692 2667; x_wconf 90' lang='lat'><strong>:</strong></span> <span class='ocrx_word' id='word_1_149' title='bbox 723 2628 788 2668; x_wconf 90' lang='lat' dir='ltr'><strong>ac</strong></span> <span class='ocrx_word' id='word_1_150' title='bbox 818 2614 1056 2684; x_wconf 86' lang='lat' dir='ltr'><strong>quodam</strong></span> <span class='ocrx_word' id='word_1_151' title='bbox 1094 2621 1349 2684; x_wconf 80' lang='lat' dir='ltr'><strong>tempore</strong></span> <span class='ocrx_word' id='word_1_152' title='bbox 1379 2613 1668 2683; x_wconf 78' lang='lat' dir='ltr'><strong>inventum</strong></span> <span class='ocrx_word' id='word_1_153' title='bbox 1720 2613 2000 2668; x_wconf 87' lang='lat' dir='ltr'><strong>hominem</strong></span> 
     </span>
    </p>
   </div>
   <div class='ocr_carea' id='block_1_30' title="bbox 435 2702 2003 2781">
    <p class='ocr_par' dir='ltr' id='par_1_30' title="bbox 435 2702 2003 2781">
     <span class='ocr_line' id='line_1_30' title="bbox 435 2702 2003 2781; baseline 0.001 -26"><span class='ocrx_word' id='word_1_154' title='bbox 435 2709 706 2757; x_wconf 83' lang='lat' dir='ltr'><strong>astantem</strong></span> <span class='ocrx_word' id='word_1_155' title='bbox 755 2702 940 2769; x_wconf 83' lang='lat' dir='ltr'><strong>altari,</strong></span> <span class='ocrx_word' id='word_1_156' title='bbox 992 2703 1079 2758; x_wconf 89' lang='lat' dir='ltr'><strong>cui</strong></span> <span class='ocrx_word' id='word_1_157' title='bbox 1109 2703 1222 2760; x_wconf 90' lang='lat' dir='ltr'><strong>sint</strong></span> <span class='ocrx_word' id='word_1_158' title='bbox 1275 2702 1444 2758; x_wconf 89' lang='lat' dir='ltr'><strong>oblati</strong></span> <span class='ocrx_word' id='word_1_159' title='bbox 1502 2716 1611 2759; x_wconf 84' lang='lat' dir='ltr'><strong>tres</strong></span> <span class='ocrx_word' id='word_1_160' title='bbox 1658 2716 1831 2781; x_wconf 85' lang='lat' dir='ltr'><strong>panes</strong></span> <span class='ocrx_word' id='word_1_161' title='bbox 1872 2703 2003 2758; x_wconf 84' lang='lat' dir='ltr'><strong>oleo</strong></span> 
     </span>
    </p>
   </div>
   <div class='ocr_carea' id='block_1_31' title="bbox 435 2791 671 2861">
    <p class='ocr_par' dir='ltr' id='par_1_31' title="bbox 435 2791 671 2861">
     <span class='ocr_line' id='line_1_31' title="bbox 435 2791 671 2861; baseline -0.013 -12"><span class='ocrx_word' id='word_1_162' title='bbox 435 2791 671 2861; x_wconf 83' lang='lat' dir='ltr'><strong>perfusi.</strong></span> 
     </span>
    </p>
   </div>
   <div class='ocr_carea' id='block_1_32' title="bbox 502 2980 2003 3056">
    <p class='ocr_par' dir='ltr' id='par_1_32' title="bbox 502 2980 2003 3056">
     <span class='ocr_line' id='line_1_32' title="bbox 502 2980 2003 3056; baseline 0.004 -22"><span class='ocrx_word' id='word_1_163' title='bbox 502 2980 614 3051; x_wconf 76' lang='lat'><strong>97</strong></span> <span class='ocrx_word' id='word_1_164' title='bbox 637 2980 865 3045; x_wconf 76' lang='lat' dir='ltr'><strong>&#39;Adlnec,</strong></span> <span class='ocrx_word' id='word_1_165' title='bbox 890 2997 1148 3037; x_wconf 90' lang='lat' dir='ltr'><strong>manuum</strong></span> <span class='ocrx_word' id='word_1_166' title='bbox 1179 2998 1375 3053; x_wconf 86' lang='lat' dir='ltr'><strong>operas</strong></span> <span class='ocrx_word' id='word_1_167' title='bbox 1396 2984 1675 3055; x_wconf 86' lang='lat' dir='ltr'><strong>rejiciunt,</strong></span> <span class='ocrx_word' id='word_1_168' title='bbox 1712 2984 1860 3039; x_wconf 86' lang='lat' dir='ltr'><strong>velut</strong></span> <span class='ocrx_word' id='word_1_169' title='bbox 1882 3000 2003 3056; x_wconf 69' lang='lat' dir='ltr'><strong>quc</strong></span> 
     </span>
    </p>
   </div>
   <div class='ocr_carea' id='block_1_33' title="bbox 2108 526 3672 601">
    <p class='ocr_par' dir='ltr' id='par_1_33' title="bbox 2108 526 3672 601">
     <span class='ocr_line' id='line_1_33' title="bbox 2108 526 3672 601; baseline 0.001 -22"><span class='ocrx_word' id='word_1_170' title='bbox 2108 526 2390 591; x_wconf 79' lang='grc' dir='ltr'><strong>κοινωνίας</strong></span> <span class='ocrx_word' id='word_1_171' title='bbox 2429 527 2525 582; x_wconf 86' lang='grc' dir='ltr'><strong>τοῦ</strong></span> <span class='ocrx_word' id='word_1_172' title='bbox 2549 529 2804 601; x_wconf 76' lang='grc' dir='ltr'><strong>οὐρανίου</strong></span> <span class='ocrx_word' id='word_1_173' title='bbox 2846 529 3105 599; x_wconf 85' lang='grc' dir='ltr'>νυμφίου,</span> <span class='ocrx_word' id='word_1_174' title='bbox 3136 528 3254 591; x_wconf 82' lang='grc' dir='ltr'>οίας</span> <span class='ocrx_word' id='word_1_175' title='bbox 3284 526 3598 582; x_wconf 71' lang='grc' dir='ltr'>αἰσθάνεται</span> <span class='ocrx_word' id='word_1_176' title='bbox 3636 527 3672 596; x_wconf 74' lang='grc' dir='ltr'><strong>ἡ</strong></span> 
     </span>
    </p>
   </div>
   <div class='ocr_carea' id='block_1_34' title="bbox 2108 617 3077 691">
    <p class='ocr_par' dir='ltr' id='par_1_34' title="bbox 2108 617 3077 691">
     <span class='ocr_line' id='line_1_34' title="bbox 2108 617 3077 691; baseline 0 -21"><span class='ocrx_word' id='word_1_177' title='bbox 2108 617 2245 688; x_wconf 82' lang='grc' dir='ltr'>γυνὴ</span> <span class='ocrx_word' id='word_1_178' title='bbox 2274 620 2333 671; x_wconf 82' lang='grc' dir='ltr'>ὲν</span> <span class='ocrx_word' id='word_1_179' title='bbox 2353 621 2421 690; x_wconf 85' lang='grc' dir='ltr'>τῇ</span> <span class='ocrx_word' id='word_1_180' title='bbox 2445 621 2705 691; x_wconf 81' lang='grc' dir='ltr'>συνουσίᾳ</span> <span class='ocrx_word' id='word_1_181' title='bbox 2737 618 2831 673; x_wconf 88' lang='grc' dir='ltr'><strong>τοῦ</strong></span> <span class='ocrx_word' id='word_1_182' title='bbox 2865 619 3077 689; x_wconf 75' lang='grc' dir='ltr'>ἀνδρός.</span> 
     </span>
    </p>
   </div>
   <div class='ocr_carea' id='block_1_35' title="bbox 2176 705 3676 781">
    <p class='ocr_par' dir='ltr' id='par_1_35' title="bbox 2176 705 3676 781">
     <span class='ocr_line' id='line_1_35' title="bbox 2176 705 3676 781; baseline -0.001 -19"><span class='ocrx_word' id='word_1_183' title='bbox 2176 708 2242 763; x_wconf 79' lang='grc' dir='ltr'>θ’.</span> <span class='ocrx_word' id='word_1_184' title='bbox 2279 710 2401 763; x_wconf 88' lang='grc' dir='ltr'>Ὅτι</span> <span class='ocrx_word' id='word_1_185' title='bbox 2428 711 2479 763; x_wconf 89' lang='grc' dir='ltr'><strong>οί</strong></span> <span class='ocrx_word' id='word_1_186' title='bbox 2503 710 2864 781; x_wconf 78' lang='grc' dir='ltr'>πνευματικοὶ</span> <span class='ocrx_word' id='word_1_187' title='bbox 2889 709 3090 780; x_wconf 84' lang='grc' dir='ltr'><strong>ὁρῶσιν</strong></span> <span class='ocrx_word' id='word_1_188' title='bbox 3117 706 3320 761; x_wconf 77' lang='grc' dir='ltr'>ἔσωθεν</span> <span class='ocrx_word' id='word_1_189' title='bbox 3359 708 3455 761; x_wconf 74' lang='grc' dir='ltr'>καὶ</span> <span class='ocrx_word' id='word_1_190' title='bbox 3475 705 3676 772; x_wconf 75' lang='grc' dir='ltr'>ἔξωθεν</span> 
     </span>
    </p>
   </div>
   <div class='ocr_carea' id='block_1_36' title="bbox 2103 799 3675 873">
    <p class='ocr_par' dir='ltr' id='par_1_36' title="bbox 2103 799 3675 873">
     <span class='ocr_line' id='line_1_36' title="bbox 2103 799 3675 873; baseline -0.001 -20"><span class='ocrx_word' id='word_1_191' title='bbox 2103 801 2202 871; x_wconf 84' lang='grc' dir='ltr'><strong>τὴν</strong></span> <span class='ocrx_word' id='word_1_192' title='bbox 2224 801 2519 872; x_wconf 84' lang='grc' dir='ltr'>ἁμαρτίαν,</span> <span class='ocrx_word' id='word_1_193' title='bbox 2546 802 2643 856; x_wconf 73' lang='grc' dir='ltr'><strong>καὶ</strong></span> <span class='ocrx_word' id='word_1_194' title='bbox 2659 802 2758 872; x_wconf 80' lang='grc' dir='ltr'>τὴν</span> <span class='ocrx_word' id='word_1_195' title='bbox 2783 802 2941 873; x_wconf 84' lang='grc' dir='ltr'><strong>χάριν</strong></span> <span class='ocrx_word' id='word_1_196' title='bbox 2962 803 3184 870; x_wconf 71' lang='grc' dir='ltr'>ἑνεργου</span> <span class='ocrx_word' id='word_1_197' title='bbox 3192 799 3383 871; x_wconf 86' lang='grc' dir='ltr'>μένην,</span> <span class='ocrx_word' id='word_1_198' title='bbox 3406 799 3501 853; x_wconf 76' lang='grc' dir='ltr'>καὶ</span> <span class='ocrx_word' id='word_1_199' title='bbox 3523 800 3675 870; x_wconf 83' lang='grc' dir='ltr'>ὲνερ-</span> 
     </span>
    </p>
   </div>
   <div class='ocr_carea' id='block_1_37' title="bbox 2105 906 2330 958">
    <p class='ocr_par' dir='ltr' id='par_1_37' title="bbox 2105 906 2330 958">
     <span class='ocr_line' id='line_1_37' title="bbox 2105 906 2330 958; baseline 0 -15"><span class='ocrx_word' id='word_1_200' title='bbox 2105 906 2330 958; x_wconf 91' lang='grc' dir='ltr'>γουσαν.</span> 
     </span>
    </p>
   </div>
   <div class='ocr_carea' id='block_1_38' title="bbox 2178 979 3671 1054">
    <p class='ocr_par' dir='ltr' id='par_1_38' title="bbox 2178 979 3671 1054">
     <span class='ocr_line' id='line_1_38' title="bbox 2178 979 3671 1054; baseline 0.001 -21"><span class='ocrx_word' id='word_1_201' title='bbox 2178 979 2229 1034; x_wconf 86' lang='grc' dir='ltr'>ι’.</span> <span class='ocrx_word' id='word_1_202' title='bbox 2268 982 2389 1035; x_wconf 88' lang='grc' dir='ltr'>Ὅτι</span> <span class='ocrx_word' id='word_1_203' title='bbox 2439 981 2587 1035; x_wconf 70' lang='grc' dir='ltr'>ἐστὶν</span> <span class='ocrx_word' id='word_1_204' title='bbox 2622 980 2962 1050; x_wconf 78' lang='grc' dir='ltr'><strong>ἀποκάλυψις</strong></span> <span class='ocrx_word' id='word_1_205' title='bbox 3005 981 3268 1054; x_wconf 80' lang='grc' dir='ltr'>γινομένη</span> <span class='ocrx_word' id='word_1_206' title='bbox 3319 983 3379 1035; x_wconf 83' lang='grc' dir='ltr'>ὲν</span> <span class='ocrx_word' id='word_1_207' title='bbox 3424 980 3671 1052; x_wconf 72' lang='grc' dir='ltr'>αἰσθήσει</span> 
     </span>
    </p>
   </div>
   <div class='ocr_carea' id='block_1_39' title="bbox 2107 1071 3291 1141">
    <p class='ocr_par' dir='ltr' id='par_1_39' title="bbox 2107 1071 3291 1141">
     <span class='ocr_line' id='line_1_39' title="bbox 2107 1071 3291 1141; baseline 0.001 -17"><span class='ocrx_word' id='word_1_208' title='bbox 2107 1072 2201 1126; x_wconf 70' lang='grc' dir='ltr'><strong>καὶ</strong></span> <span class='ocrx_word' id='word_1_209' title='bbox 2228 1072 2521 1125; x_wconf 83' lang='grc' dir='ltr'>ὑποστάσει</span> <span class='ocrx_word' id='word_1_210' title='bbox 2554 1071 2735 1141; x_wconf 82' lang='grc' dir='ltr'>θεῖκῇ,</span> <span class='ocrx_word' id='word_1_211' title='bbox 2762 1071 2838 1134; x_wconf 86' lang='grc' dir='ltr'>ὡς</span> <span class='ocrx_word' id='word_1_212' title='bbox 2859 1071 3107 1141; x_wconf 86' lang='grc' dir='ltr'><strong>δόγματι.</strong></span> <span class='ocrx_word' id='word_1_213' title='bbox 3286 1092 3291 1095; x_wconf 95' lang='grc'>·</span> 
     </span>
    </p>
   </div>
   <div class='ocr_carea' id='block_1_40' title="bbox 2178 1162 3211 1233">
    <p class='ocr_par' dir='ltr' id='par_1_40' title="bbox 2178 1162 3211 1233">
     <span class='ocr_line' id='line_1_40' title="bbox 2178 1162 3211 1233; baseline -0.002 -16"><span class='ocrx_word' id='word_1_214' title='bbox 2178 1169 2265 1217; x_wconf 85' lang='grc' dir='ltr'>ια’.</span> <span class='ocrx_word' id='word_1_215' title='bbox 2298 1163 2423 1216; x_wconf 87' lang='grc' dir='ltr'>Ὅτι</span> <span class='ocrx_word' id='word_1_216' title='bbox 2452 1162 2513 1216; x_wconf 79' lang='grc' dir='ltr'>τὸ</span> <span class='ocrx_word' id='word_1_217' title='bbox 2541 1162 2651 1233; x_wconf 98' lang='grc' dir='ltr'><strong>πῦρ</strong></span> <span class='ocrx_word' id='word_1_218' title='bbox 2679 1162 3011 1233; x_wconf 86' lang='grc' dir='ltr'>δημιουργόν</span> <span class='ocrx_word' id='word_1_219' title='bbox 3040 1162 3211 1215; x_wconf 76' lang='grc' dir='ltr'>ἐστιν.</span> 
     </span>
    </p>
   </div>
   <div class='ocr_carea' id='block_1_41' title="bbox 2177 1251 3674 1324">
    <p class='ocr_par' dir='ltr' id='par_1_41' title="bbox 2177 1251 3674 1324">
     <span class='ocr_line' id='line_1_41' title="bbox 2177 1251 3674 1324; baseline -0.002 -16"><span class='ocrx_word' id='word_1_220' title='bbox 2177 1254 2266 1324; x_wconf 84' lang='grc' dir='ltr'>ιβ’,</span> <span class='ocrx_word' id='word_1_221' title='bbox 2298 1254 2422 1307; x_wconf 80' lang='grc' dir='ltr'>Ὀτι</span> <span class='ocrx_word' id='word_1_222' title='bbox 2451 1254 2485 1324; x_wconf 83' lang='grc' dir='ltr'>ή</span> <span class='ocrx_word' id='word_1_223' title='bbox 2508 1252 2655 1322; x_wconf 75' lang='grc' dir='ltr'>ψυχὴ</span> <span class='ocrx_word' id='word_1_224' title='bbox 2683 1254 2717 1322; x_wconf 85' lang='grc' dir='ltr'><strong>ή</strong></span> <span class='ocrx_word' id='word_1_225' title='bbox 2758 1252 2832 1322; x_wconf 80' lang='grc' dir='ltr'>μὴ</span> <span class='ocrx_word' id='word_1_226' title='bbox 2869 1251 3068 1322; x_wconf 84' lang='grc' dir='ltr'>έχουσα</span> <span class='ocrx_word' id='word_1_227' title='bbox 3096 1252 3188 1305; x_wconf 74' lang='grc' dir='ltr'><strong>τὸν</strong></span> <span class='ocrx_word' id='word_1_228' title='bbox 3236 1252 3472 1323; x_wconf 75' lang='grc' dir='ltr'>Χριστὸν</span> <span class='ocrx_word' id='word_1_229' title='bbox 3498 1252 3557 1305; x_wconf 75' lang='grc' dir='ltr'>ὲν</span> <span class='ocrx_word' id='word_1_230' title='bbox 3588 1254 3674 1309; x_wconf 81' lang='grc' dir='ltr'>σί-</span> 
     </span>
    </p>
   </div>
   <div class='ocr_carea' id='block_1_42' title="bbox 2108 1341 3674 1415">
    <p class='ocr_par' dir='ltr' id='par_1_42' title="bbox 2108 1341 3674 1415">
     <span class='ocr_line' id='line_1_42' title="bbox 2108 1341 3674 1415; baseline -0.002 -18"><span class='ocrx_word' id='word_1_231' title='bbox 2108 1343 2319 1415; x_wconf 86' lang='grc' dir='ltr'>σθήσει,</span> <span class='ocrx_word' id='word_1_232' title='bbox 2353 1343 2449 1397; x_wconf 74' lang='grc' dir='ltr'>καὶ</span> <span class='ocrx_word' id='word_1_233' title='bbox 2479 1343 2630 1415; x_wconf 81' lang='grc' dir='ltr'>πάσῃ</span> <span class='ocrx_word' id='word_1_234' title='bbox 2669 1342 2940 1413; x_wconf 71' lang='grc' dir='ltr'>ἐνεργείᾳ,</span> <span class='ocrx_word' id='word_1_235' title='bbox 2978 1341 3295 1412; x_wconf 85' lang='grc' dir='ltr'>οίκητήριόν</span> <span class='ocrx_word' id='word_1_236' title='bbox 3332 1344 3478 1395; x_wconf 72' lang='grc' dir='ltr'>ἐστιν</span> <span class='ocrx_word' id='word_1_237' title='bbox 3508 1344 3674 1412; x_wconf 81' lang='grc' dir='ltr'>ἑρπε-</span> 
     </span>
    </p>
   </div>
   <div class='ocr_carea' id='block_1_43' title="bbox 2103 1431 3670 1505">
    <p class='ocr_par' dir='ltr' id='par_1_43' title="bbox 2103 1431 3670 1505">
     <span class='ocr_line' id='line_1_43' title="bbox 2103 1431 3670 1505; baseline -0.002 -18"><span class='ocrx_word' id='word_1_238' title='bbox 2103 1435 2234 1498; x_wconf 85' lang='grc' dir='ltr'>τῶν.</span> <span class='ocrx_word' id='word_1_239' title='bbox 2266 1435 2361 1488; x_wconf 77' lang='grc' dir='ltr'><strong>καὶ</strong></span> <span class='ocrx_word' id='word_1_240' title='bbox 2394 1434 2615 1488; x_wconf 80' lang='grc' dir='ltr'>ίοϐόλων</span> <span class='ocrx_word' id='word_1_241' title='bbox 2657 1433 2884 1505; x_wconf 83' lang='grc' dir='ltr'>θηρίων,</span> <span class='ocrx_word' id='word_1_242' title='bbox 2934 1431 3184 1487; x_wconf 84' lang='grc' dir='ltr'>τουτέστι</span> <span class='ocrx_word' id='word_1_243' title='bbox 3217 1433 3397 1503; x_wconf 85' lang='grc' dir='ltr'>πάσης</span> <span class='ocrx_word' id='word_1_244' title='bbox 3435 1434 3670 1487; x_wconf 84' lang='grc' dir='ltr'>ἀντικει-</span> 
     </span>
    </p>
   </div>
   <div class='ocr_carea' id='block_1_44' title="bbox 2107 1527 2607 1600">
    <p class='ocr_par' dir='ltr' id='par_1_44' title="bbox 2107 1527 2607 1600">
     <span class='ocr_line' id='line_1_44' title="bbox 2107 1527 2607 1600; baseline 0 -20"><span class='ocrx_word' id='word_1_245' title='bbox 2107 1528 2277 1600; x_wconf 82' lang='grc' dir='ltr'>μένης</span> <span class='ocrx_word' id='word_1_246' title='bbox 2301 1527 2607 1597; x_wconf 87' lang='grc' dir='ltr'>δυνάμεως.</span> 
     </span>
    </p>
   </div>
   <div class='ocr_carea' id='block_1_45' title="bbox 2176 1616 3378 1694">
    <p class='ocr_par' dir='ltr' id='par_1_45' title="bbox 2176 1616 3378 1694">
     <span class='ocr_line' id='line_1_45' title="bbox 2176 1616 3378 1694; baseline 0.002 -25"><span class='ocrx_word' id='word_1_247' title='bbox 2176 1616 2263 1686; x_wconf 88' lang='grc' dir='ltr'>ιγ’·</span> <span class='ocrx_word' id='word_1_248' title='bbox 2292 1616 2415 1670; x_wconf 84' lang='grc' dir='ltr'>Ὅτι</span> <span class='ocrx_word' id='word_1_249' title='bbox 2449 1617 2611 1685; x_wconf 82' lang='grc' dir='ltr'>φύσει</span> <span class='ocrx_word' id='word_1_250' title='bbox 2638 1617 2707 1672; x_wconf 83' lang='grc' dir='ltr'><strong>τά</strong></span> <span class='ocrx_word' id='word_1_251' title='bbox 2733 1617 2900 1671; x_wconf 90' lang='grc' dir='ltr'>κακά.</span> <span class='ocrx_word' id='word_1_252' title='bbox 3360 1676 3378 1694; x_wconf 51' lang='grc' dir='ltr'><strong>ο</strong></span> 
     </span>
    </p>
   </div>
   <div class='ocr_carea' id='block_1_46' title="bbox 2178 1704 3671 1779">
    <p class='ocr_par' dir='ltr' id='par_1_46' title="bbox 2178 1704 3671 1779">
     <span class='ocr_line' id='line_1_46' title="bbox 2178 1704 3671 1779; baseline -0.001 -18"><span class='ocrx_word' id='word_1_253' title='bbox 2178 1706 2259 1762; x_wconf 83' lang='grc' dir='ltr'>ιδ’.</span> <span class='ocrx_word' id='word_1_254' title='bbox 2293 1708 2415 1761; x_wconf 87' lang='grc' dir='ltr'>Ὅτι</span> <span class='ocrx_word' id='word_1_255' title='bbox 2449 1707 2542 1760; x_wconf 76' lang='grc' dir='ltr'><strong>καὶ</strong></span> <span class='ocrx_word' id='word_1_256' title='bbox 2576 1706 2681 1777; x_wconf 82' lang='grc' dir='ltr'><strong>πρὸ</strong></span> <span class='ocrx_word' id='word_1_257' title='bbox 2720 1706 2820 1775; x_wconf 81' lang='grc' dir='ltr'>τῆς</span> <span class='ocrx_word' id='word_1_258' title='bbox 2871 1704 3237 1779; x_wconf 80' lang='grc' dir='ltr'>παραϐάσεως</span> <span class='ocrx_word' id='word_1_259' title='bbox 3268 1705 3496 1770; x_wconf 79' lang='grc' dir='ltr'><strong>ἀπαθῶς</strong></span> <span class='ocrx_word' id='word_1_260' title='bbox 3523 1708 3671 1760; x_wconf 79' lang='grc' dir='ltr'>ἐκοι-</span> 
     </span>
    </p>
   </div>
   <div class='ocr_carea' id='block_1_47' title="bbox 2035 1762 2879 1870">
    <p class='ocr_par' dir='ltr' id='par_1_47' title="bbox 2035 1762 2879 1870">
     <span class='ocr_line' id='line_1_47' title="bbox 2035 1762 2879 1870; baseline 0.001 -18"><span class='ocrx_word' id='word_1_261' title='bbox 2035 1762 2077 1817; x_wconf 77' lang='grc' dir='ltr'><strong>Β</strong></span> <span class='ocrx_word' id='word_1_262' title='bbox 2105 1797 2346 1870; x_wconf 84' lang='grc' dir='ltr'>νὼνηκεν</span> <span class='ocrx_word' id='word_1_263' title='bbox 2376 1800 2405 1851; x_wconf 79' lang='grc' dir='ltr'>ὁ</span> <span class='ocrx_word' id='word_1_264' title='bbox 2445 1762 2713 1869; x_wconf 45' lang='grc' dir='ltr'>Ἀδάμιτῇ</span> 
     </span>
    </p>
   </div>
   <div class='ocr_carea' id='block_1_48' title="bbox 2177 1884 3609 1960">
    <p class='ocr_par' dir='ltr' id='par_1_48' title="bbox 2177 1884 3609 1960">
     <span class='ocr_line' id='line_1_48' title="bbox 2177 1884 3609 1960; baseline 0.002 -18"><span class='ocrx_word' id='word_1_265' title='bbox 2177 1890 2258 1945; x_wconf 89' lang='grc' dir='ltr'>ιε’.</span> <span class='ocrx_word' id='word_1_266' title='bbox 2296 1891 2417 1942; x_wconf 85' lang='grc' dir='ltr'>Ὅτι</span> <span class='ocrx_word' id='word_1_267' title='bbox 2441 1889 2666 1960; x_wconf 84' lang='grc' dir='ltr'>σπέρμα</span> <span class='ocrx_word' id='word_1_268' title='bbox 2695 1888 2790 1942; x_wconf 74' lang='grc' dir='ltr'><strong>καὶ</strong></span> <span class='ocrx_word' id='word_1_269' title='bbox 2814 1890 2985 1957; x_wconf 85' lang='grc' dir='ltr'>Λόγος</span> <span class='ocrx_word' id='word_1_270' title='bbox 3006 1890 3203 1946; x_wconf 82' lang='grc' dir='ltr'>ἔπεσεν</span> <span class='ocrx_word' id='word_1_271' title='bbox 3228 1891 3307 1953; x_wconf 75' lang='grc' dir='ltr'><strong>εἰς</strong></span> <span class='ocrx_word' id='word_1_272' title='bbox 3325 1888 3566 1959; x_wconf 84' lang='grc' dir='ltr'>Μαρίαν.</span> <span class='ocrx_word' id='word_1_273' title='bbox 3599 1884 3609 1895; x_wconf 80' lang='grc'><strong>’</strong></span> 
     </span>
    </p>
   </div>
   <div class='ocr_carea' id='block_1_49' title="bbox 2178 1979 3672 2054">
    <p class='ocr_par' dir='ltr' id='par_1_49' title="bbox 2178 1979 3672 2054">
     <span class='ocr_line' id='line_1_49' title="bbox 2178 1979 3672 2054; baseline -0.001 -21"><span class='ocrx_word' id='word_1_274' title='bbox 2178 1986 2272 2044; x_wconf 85' lang='grc' dir='ltr'>ις’.</span> <span class='ocrx_word' id='word_1_275' title='bbox 2306 1979 2430 2033; x_wconf 83' lang='grc' dir='ltr'>Ὅτι</span> <span class='ocrx_word' id='word_1_276' title='bbox 2464 1979 2557 2032; x_wconf 86' lang='grc' dir='ltr'>δύο</span> <span class='ocrx_word' id='word_1_277' title='bbox 2581 1980 2662 2032; x_wconf 85' lang='grc' dir='ltr'><strong>δεῖ</strong></span> <span class='ocrx_word' id='word_1_278' title='bbox 2701 1979 3008 2049; x_wconf 82' lang='grc' dir='ltr'>κτήσασθαι</span> <span class='ocrx_word' id='word_1_279' title='bbox 3043 1980 3135 2034; x_wconf 87' lang='grc' dir='ltr'><strong>τὸν</strong></span> <span class='ocrx_word' id='word_1_280' title='bbox 3162 1980 3447 2054; x_wconf 84' lang='grc' dir='ltr'>ἄνθρωπον</span> <span class='ocrx_word' id='word_1_281' title='bbox 3471 1980 3672 2050; x_wconf 78' lang='grc' dir='ltr'>ψυχὰς,</span> 
     </span>
    </p>
   </div>
   <div class='ocr_carea' id='block_1_50' title="bbox 2104 2071 3672 2144">
    <p class='ocr_par' dir='ltr' id='par_1_50' title="bbox 2104 2071 3672 2144">
     <span class='ocr_line' id='line_1_50' title="bbox 2104 2071 3672 2144; baseline 0 -18"><span class='ocrx_word' id='word_1_282' title='bbox 2104 2072 2271 2140; x_wconf 85' lang='grc' dir='ltr'>φασί·</span> <span class='ocrx_word' id='word_1_283' title='bbox 2327 2072 2453 2143; x_wconf 88' lang='grc' dir='ltr'>μίαν</span> <span class='ocrx_word' id='word_1_284' title='bbox 2506 2073 2607 2142; x_wconf 79' lang='grc' dir='ltr'><strong>τὴν</strong></span> <span class='ocrx_word' id='word_1_285' title='bbox 2656 2072 2843 2144; x_wconf 76' lang='grc' dir='ltr'>κοινὴν</span> <span class='ocrx_word' id='word_1_286' title='bbox 2880 2071 3207 2143; x_wconf 81' lang='grc' dir='ltr'>ἀνθρώποις,</span> <span class='ocrx_word' id='word_1_287' title='bbox 3254 2074 3346 2127; x_wconf 82' lang='grc' dir='ltr'><strong>καὶ</strong></span> <span class='ocrx_word' id='word_1_288' title='bbox 3390 2074 3520 2144; x_wconf 87' lang='grc' dir='ltr'>μίαν</span> <span class='ocrx_word' id='word_1_289' title='bbox 3570 2072 3672 2144; x_wconf 78' lang='grc' dir='ltr'>τὴν</span> 
     </span>
    </p>
   </div>
   <div class='ocr_carea' id='block_1_51' title="bbox 2103 2164 2446 2236">
    <p class='ocr_par' dir='ltr' id='par_1_51' title="bbox 2103 2164 2446 2236">
     <span class='ocr_line' id='line_1_51' title="bbox 2103 2164 2446 2236; baseline 0.003 -18"><span class='ocrx_word' id='word_1_290' title='bbox 2103 2164 2446 2236; x_wconf 81' lang='grc' dir='ltr'>ἐπουράνιον.</span> 
     </span>
    </p>
   </div>
   <div class='ocr_carea' id='block_1_52' title="bbox 2176 2251 3669 2326">
    <p class='ocr_par' dir='ltr' id='par_1_52' title="bbox 2176 2251 3669 2326">
     <span class='ocr_line' id='line_1_52' title="bbox 2176 2251 3669 2326; baseline 0.002 -20"><span class='ocrx_word' id='word_1_291' title='bbox 2176 2254 2259 2319; x_wconf 77' lang='grc' dir='ltr'>ιζ’.</span> <span class='ocrx_word' id='word_1_292' title='bbox 2313 2254 2435 2307; x_wconf 85' lang='grc' dir='ltr'>Ὅτι</span> <span class='ocrx_word' id='word_1_293' title='bbox 2483 2251 2705 2307; x_wconf 82' lang='grc' dir='ltr'>δυνατόν</span> <span class='ocrx_word' id='word_1_294' title='bbox 2758 2270 2892 2322; x_wconf 85' lang='grc' dir='ltr'>φασι</span> <span class='ocrx_word' id='word_1_295' title='bbox 2950 2252 3207 2320; x_wconf 79' lang='grc' dir='ltr'>δέξασθαι</span> <span class='ocrx_word' id='word_1_296' title='bbox 3258 2254 3533 2326; x_wconf 77' lang='grc' dir='ltr'>αἰσθητῶς</span> <span class='ocrx_word' id='word_1_297' title='bbox 3572 2255 3669 2325; x_wconf 84' lang='grc' dir='ltr'>τὴν</span> 
     </span>
    </p>
   </div>
   <div class='ocr_carea' id='block_1_53' title="bbox 2105 2343 3667 2417">
    <p class='ocr_par' dir='ltr' id='par_1_53' title="bbox 2105 2343 3667 2417">
     <span class='ocr_line' id='line_1_53' title="bbox 2105 2343 3667 2417; baseline 0.002 -21"><span class='ocrx_word' id='word_1_298' title='bbox 2105 2343 2403 2397; x_wconf 78' lang='grc' dir='ltr'>ὑπόστασιν</span> <span class='ocrx_word' id='word_1_299' title='bbox 2447 2343 2540 2397; x_wconf 90' lang='grc' dir='ltr'><strong>τοῦ</strong></span> <span class='ocrx_word' id='word_1_300' title='bbox 2593 2343 2749 2417; x_wconf 83' lang='grc' dir='ltr'>ἀγίου</span> <span class='ocrx_word' id='word_1_301' title='bbox 2797 2344 3112 2415; x_wconf 82' lang='grc' dir='ltr'>Πνεύματος</span> <span class='ocrx_word' id='word_1_302' title='bbox 3156 2345 3248 2398; x_wconf 83' lang='grc' dir='ltr'><strong>τὸν</strong></span> <span class='ocrx_word' id='word_1_303' title='bbox 3285 2345 3573 2417; x_wconf 79' lang='grc' dir='ltr'>ἄνθρωπον</span> <span class='ocrx_word' id='word_1_304' title='bbox 3608 2348 3667 2399; x_wconf 78' lang='grc' dir='ltr'>ὲν</span> 
     </span>
    </p>
   </div>
   <div class='ocr_carea' id='block_1_54' title="bbox 2104 2434 3222 2508">
    <p class='ocr_par' dir='ltr' id='par_1_54' title="bbox 2104 2434 3222 2508">
     <span class='ocr_line' id='line_1_54' title="bbox 2104 2434 3222 2508; baseline 0.004 -21"><span class='ocrx_word' id='word_1_305' title='bbox 2104 2434 2251 2506; x_wconf 83' lang='grc' dir='ltr'>πάσῃ</span> <span class='ocrx_word' id='word_1_306' title='bbox 2279 2435 2620 2508; x_wconf 78' lang='grc' dir='ltr'>πληροφορίᾳ</span> <span class='ocrx_word' id='word_1_307' title='bbox 2650 2437 2743 2490; x_wconf 74' lang='grc' dir='ltr'><strong>καὶ</strong></span> <span class='ocrx_word' id='word_1_308' title='bbox 2772 2436 2923 2507; x_wconf 83' lang='grc' dir='ltr'>πάσῃ</span> <span class='ocrx_word' id='word_1_309' title='bbox 2949 2437 3222 2508; x_wconf 81' lang='grc' dir='ltr'>ἐνεργείᾳ.</span> 
     </span>
    </p>
   </div>
   <div class='ocr_carea' id='block_1_55' title="bbox 2177 2525 3673 2597">
    <p class='ocr_par' dir='ltr' id='par_1_55' title="bbox 2177 2525 3673 2597">
     <span class='ocr_line' id='line_1_55' title="bbox 2177 2525 3673 2597; baseline 0.002 -20"><span class='ocrx_word' id='word_1_310' title='bbox 2177 2525 2267 2596; x_wconf 81' lang='grc' dir='ltr'>ιη’.</span> <span class='ocrx_word' id='word_1_311' title='bbox 2304 2525 2427 2577; x_wconf 81' lang='grc' dir='ltr'>Ὀτι</span> <span class='ocrx_word' id='word_1_312' title='bbox 2469 2528 2582 2589; x_wconf 86' lang='grc' dir='ltr'>τοῖς</span> <span class='ocrx_word' id='word_1_313' title='bbox 2606 2526 2941 2596; x_wconf 80' lang='grc' dir='ltr'>εὐχομένοις</span> <span class='ocrx_word' id='word_1_314' title='bbox 2979 2525 3203 2580; x_wconf 86' lang='grc' dir='ltr'>δύναται</span> <span class='ocrx_word' id='word_1_315' title='bbox 3246 2526 3617 2597; x_wconf 86' lang='grc' dir='ltr'>φανεροῦσθαι</span> <span class='ocrx_word' id='word_1_316' title='bbox 3646 2529 3673 2580; x_wconf 83' lang='grc' dir='ltr'>ὁ</span> 
     </span>
    </p>
   </div>
   <div class='ocr_carea' id='block_1_56' title="bbox 2104 2616 3672 2689">
    <p class='ocr_par' dir='ltr' id='par_1_56' title="bbox 2104 2616 3672 2689">
     <span class='ocr_line' id='line_1_56' title="bbox 2104 2616 3672 2689; baseline 0.003 -22"><span class='ocrx_word' id='word_1_317' title='bbox 2104 2616 2296 2686; x_wconf 82' lang='grc' dir='ltr'>Σωτὴρ</span> <span class='ocrx_word' id='word_1_318' title='bbox 2331 2626 2352 2653; x_wconf 79' lang='grc' dir='ltr'><strong>ο</strong></span> <span class='ocrx_word' id='word_1_319' title='bbox 2398 2617 2456 2669; x_wconf 82' lang='grc' dir='ltr'><strong>έν</strong></span> <span class='ocrx_word' id='word_1_320' title='bbox 2485 2618 2647 2686; x_wconf 76' lang='grc' dir='ltr'>φωτὶ,</span> <span class='ocrx_word' id='word_1_321' title='bbox 2680 2617 2774 2670; x_wconf 72' lang='grc' dir='ltr'>καὶ</span> <span class='ocrx_word' id='word_1_322' title='bbox 2818 2616 2960 2670; x_wconf 87' lang='grc' dir='ltr'>κατά</span> <span class='ocrx_word' id='word_1_323' title='bbox 3001 2633 3122 2669; x_wconf 88' lang='grc' dir='ltr'>τινα</span> <span class='ocrx_word' id='word_1_324' title='bbox 3153 2617 3343 2689; x_wconf 74' lang='grc' dir='ltr'>καιρὸν</span> <span class='ocrx_word' id='word_1_325' title='bbox 3377 2618 3672 2688; x_wconf 81' lang='grc' dir='ltr'>εὑρεθῆναι</span> 
     </span>
    </p>
   </div>
   <div class='ocr_carea' id='block_1_57' title="bbox 2103 2705 3672 2779">
    <p class='ocr_par' dir='ltr' id='par_1_57' title="bbox 2103 2705 3672 2779">
     <span class='ocr_line' id='line_1_57' title="bbox 2103 2705 3672 2779; baseline 0.001 -19"><span class='ocrx_word' id='word_1_326' title='bbox 2103 2705 2389 2777; x_wconf 81' lang='grc' dir='ltr'>ἄνθρωπον</span> <span class='ocrx_word' id='word_1_327' title='bbox 2428 2708 2756 2779; x_wconf 85' lang='grc' dir='ltr'>παρεστῶτα</span> <span class='ocrx_word' id='word_1_328' title='bbox 2802 2708 2881 2778; x_wconf 84' lang='grc' dir='ltr'>τῷ</span> <span class='ocrx_word' id='word_1_329' title='bbox 2915 2707 3319 2778; x_wconf 83' lang='grc' dir='ltr'>θυσιαστηρίῳ,</span> <span class='ocrx_word' id='word_1_330' title='bbox 3361 2709 3455 2762; x_wconf 76' lang='grc' dir='ltr'><strong>καὶ</strong></span> <span class='ocrx_word' id='word_1_331' title='bbox 3497 2726 3672 2779; x_wconf 85' lang='grc' dir='ltr'>προσ-</span> 
     </span>
    </p>
   </div>
   <div class='ocr_carea' id='block_1_58' title="bbox 2104 2798 3675 2871">
    <p class='ocr_par' dir='ltr' id='par_1_58' title="bbox 2104 2798 3675 2871">
     <span class='ocr_line' id='line_1_58' title="bbox 2104 2798 3675 2871; baseline 0.002 -20"><span class='ocrx_word' id='word_1_332' title='bbox 2104 2798 2330 2869; x_wconf 88' lang='grc' dir='ltr'>ηνέχθαι</span> <span class='ocrx_word' id='word_1_333' title='bbox 2385 2799 2534 2870; x_wconf 83' lang='grc' dir='ltr'>αὐτῷ</span> <span class='ocrx_word' id='word_1_334' title='bbox 2590 2802 2741 2871; x_wconf 87' lang='grc' dir='ltr'>τρεῖς</span> <span class='ocrx_word' id='word_1_335' title='bbox 2792 2800 2988 2871; x_wconf 84' lang='grc' dir='ltr'>ἄρτους</span> <span class='ocrx_word' id='word_1_336' title='bbox 3042 2800 3109 2852; x_wconf 88' lang='grc' dir='ltr'><strong>δι’</strong></span> <span class='ocrx_word' id='word_1_337' title='bbox 3150 2798 3327 2852; x_wconf 72' lang='grc' dir='ltr'>ἐλαίου</span> <span class='ocrx_word' id='word_1_338' title='bbox 3385 2800 3675 2871; x_wconf 85' lang='grc' dir='ltr'>πεφυρμέ·</span> 
     </span>
    </p>
   </div>
   <div class='ocr_carea' id='block_1_59' title="bbox 2107 2906 2252 2954">
    <p class='ocr_par' dir='ltr' id='par_1_59' title="bbox 2107 2906 2252 2954">
     <span class='ocr_line' id='line_1_59' title="bbox 2107 2906 2252 2954; baseline 0.014 -11"><span class='ocrx_word' id='word_1_339' title='bbox 2107 2906 2252 2954; x_wconf 90' lang='grc' dir='ltr'>νους.</span> 
     </span>
    </p>
   </div>
   <div class='ocr_carea' id='block_1_60' title="bbox 2177 2996 3674 3075">
    <p class='ocr_par' dir='ltr' id='par_1_60' title="bbox 2177 2996 3674 3075">
     <span class='ocr_line' id='line_1_60' title="bbox 2177 2996 3674 3075; baseline 0.003 -22"><span class='ocrx_word' id='word_1_340' title='bbox 2177 2996 2299 3053; x_wconf 86' lang='grc' dir='ltr'><strong>Ἔτι</strong></span> <span class='ocrx_word' id='word_1_341' title='bbox 2337 3000 2394 3054; x_wconf 88' lang='grc' dir='ltr'><strong>δὲ</strong></span> <span class='ocrx_word' id='word_1_342' title='bbox 2432 3000 2525 3054; x_wconf 72' lang='grc' dir='ltr'>καὶ</span> <span class='ocrx_word' id='word_1_343' title='bbox 2562 3001 2994 3071; x_wconf 81' lang='grc' dir='ltr'>ἀποστρέφονται</span> <span class='ocrx_word' id='word_1_344' title='bbox 3027 3001 3122 3055; x_wconf 68' lang='grc' dir='ltr'>καὶ</span> <span class='ocrx_word' id='word_1_345' title='bbox 3140 3001 3239 3072; x_wconf 77' lang='grc' dir='ltr'><strong>τὴν</strong></span> <span class='ocrx_word' id='word_1_346' title='bbox 3264 3002 3327 3054; x_wconf 82' lang='grc' dir='ltr'>ὲκ</span> <span class='ocrx_word' id='word_1_347' title='bbox 3347 3001 3457 3056; x_wconf 87' lang='grc' dir='ltr'><strong>τῶν</strong></span> <span class='ocrx_word' id='word_1_348' title='bbox 3477 3005 3674 3075; x_wconf 86' lang='grc' dir='ltr'>χειρῶν</span> 
     </span>
    </p>
   </div>
   <div class='ocr_carea' id='block_1_61' title="bbox 431 3072 1998 3165">
    <p class='ocr_par' dir='ltr' id='par_1_61' title="bbox 431 3072 1996 3133">
     <span class='ocr_line' id='line_1_61' title="bbox 431 3072 1996 3133; baseline 0.003 -6"><span class='ocrx_word' id='word_1_349' title='bbox 431 3072 783 3128; x_wconf 84' lang='lat' dir='ltr'><strong>Christianos</strong></span> <span class='ocrx_word' id='word_1_350' title='bbox 832 3073 1115 3131; x_wconf 88' lang='lat' dir='ltr'><strong>dedeceat.</strong></span> <span class='ocrx_word' id='word_1_351' title='bbox 1175 3075 1483 3132; x_wconf 67' lang='lat' dir='ltr'><strong>Praesertim</strong></span> <span class='ocrx_word' id='word_1_352' title='bbox 1543 3091 1676 3133; x_wconf 84' lang='lat' dir='ltr'><strong>vero</strong></span> <span class='ocrx_word' id='word_1_353' title='bbox 1731 3092 1885 3132; x_wconf 90' lang='lat' dir='ltr'><strong>suam</strong></span> <span class='ocrx_word' id='word_1_354' title='bbox 1942 3078 1996 3132; x_wconf 90' lang='lat' dir='ltr'><strong>in</strong></span> 
     </span>
    </p>
   </div>
   <div class='ocr_carea' id='block_1_62' title="bbox 2103 3072 3739 3165">
    <p class='ocr_par' dir='ltr' id='par_1_62' title="bbox 2104 3072 3739 3165">
     <span class='ocr_line' id='line_1_62' title="bbox 2104 3072 3739 3165; baseline 0 -19"><span class='ocrx_word' id='word_1_355' title='bbox 2104 3080 2389 3162; x_wconf 78' lang='grc' dir='ltr'>ἐργασίαν,</span> <span class='ocrx_word' id='word_1_356' title='bbox 2420 3091 2495 3156; x_wconf 83' lang='grc' dir='ltr'><strong>ὡς</strong></span> <span class='ocrx_word' id='word_1_357' title='bbox 2518 3091 2578 3145; x_wconf 81' lang='grc' dir='ltr'><strong>οὐ</strong></span> <span class='ocrx_word' id='word_1_358' title='bbox 2600 3092 2917 3164; x_wconf 85' lang='grc' dir='ltr'>πρέπουσαν</span> <span class='ocrx_word' id='word_1_359' title='bbox 2939 3094 3302 3162; x_wconf 86' lang='grc' dir='ltr'>Χριστιανοῖς.</span> <span class='ocrx_word' id='word_1_360' title='bbox 3329 3072 3486 3146; x_wconf 84' lang='grc' dir='ltr'>Κατά</span> <span class='ocrx_word' id='word_1_361' title='bbox 3502 3072 3676 3165; x_wconf 81' lang='grc' dir='ltr'>μέρος</span> <span class='ocrx_word' id='word_1_362' title='bbox 3720 3078 3739 3088; x_wconf 46' lang='grc'><em>“</em></span> 
     </span>
    </p>
   </div>
   <div class='ocr_carea' id='block_1_63' title="bbox 434 3165 1997 3239">
    <p class='ocr_par' dir='ltr' id='par_1_63' title="bbox 434 3165 1997 3239">
     <span class='ocr_line' id='line_1_63' title="bbox 434 3165 1997 3239; baseline 0.004 -22"><span class='ocrx_word' id='word_1_363' title='bbox 434 3178 704 3235; x_wconf 87' lang='lat' dir='ltr'><strong>pauperes</strong></span> <span class='ocrx_word' id='word_1_364' title='bbox 753 3165 1212 3221; x_wconf 87' lang='lat' dir='ltr'><strong>inbumanitatem</strong></span> <span class='ocrx_word' id='word_1_365' title='bbox 1274 3176 1554 3239; x_wconf 90' lang='lat' dir='ltr'><strong>promunt.</strong></span> <span class='ocrx_word' id='word_1_366' title='bbox 1616 3168 1787 3223; x_wconf 88' lang='lat' dir='ltr'><strong>Aiunt</strong></span> <span class='ocrx_word' id='word_1_367' title='bbox 1849 3169 1997 3224; x_wconf 83' lang='lat' dir='ltr'><strong>enim</strong></span> 
     </span>
    </p>
   </div>
   <div class='ocr_carea' id='block_1_64' title="bbox 433 3257 2001 3332">
    <p class='ocr_par' dir='ltr' id='par_1_64' title="bbox 433 3257 2001 3332">
     <span class='ocr_line' id='line_1_64' title="bbox 433 3257 2001 3332; baseline 0.004 -22"><span class='ocrx_word' id='word_1_368' title='bbox 433 3269 612 3328; x_wconf 88' lang='lat' dir='ltr'><strong>neque</strong></span> <span class='ocrx_word' id='word_1_369' title='bbox 640 3257 726 3313; x_wconf 89' lang='lat' dir='ltr'><strong>his</strong></span> <span class='ocrx_word' id='word_1_370' title='bbox 755 3257 853 3328; x_wconf 89' lang='lat' dir='ltr'><strong>qui</strong></span> <span class='ocrx_word' id='word_1_371' title='bbox 892 3259 1090 3329; x_wconf 85' lang='lat' dir='ltr'><strong>stipem</strong></span> <span class='ocrx_word' id='word_1_372' title='bbox 1120 3259 1342 3329; x_wconf 79' lang='lat' dir='ltr'><strong>publice</strong></span> <span class='ocrx_word' id='word_1_373' title='bbox 1375 3260 1714 3327; x_wconf 87' lang='lat' dir='ltr'><strong>mendicant,</strong></span> <span class='ocrx_word' id='word_1_374' title='bbox 1752 3268 1847 3316; x_wconf 90' lang='lat' dir='ltr'><strong>aut</strong></span> <span class='ocrx_word' id='word_1_375' title='bbox 1879 3277 2001 3332; x_wconf 69' lang='lat' dir='ltr'><strong>qua:</strong></span> 
     </span>
    </p>
   </div>
   <div class='ocr_carea' id='block_1_65' title="bbox 394 3335 2001 3423">
    <p class='ocr_par' dir='ltr' id='par_1_65' title="bbox 394 3335 2001 3423">
     <span class='ocr_line' id='line_1_65' title="bbox 394 3335 2001 3423; baseline 0.006 -24"><span class='ocrx_word' id='word_1_376' title='bbox 394 3335 609 3403; x_wconf 6' lang='lat' dir='ltr'><strong>ivlduae</strong></span> <span class='ocrx_word' id='word_1_377' title='bbox 664 3348 872 3404; x_wconf 62' lang='lat' dir='ltr'><strong>relicta:</strong></span> <span class='ocrx_word' id='word_1_378' title='bbox 931 3357 1080 3415; x_wconf 90' lang='lat' dir='ltr'><strong>sunt,</strong></span> <span class='ocrx_word' id='word_1_379' title='bbox 1137 3351 1427 3423; x_wconf 30' lang='lat' dir='ltr'><strong>iisveoqui</strong></span> <span class='ocrx_word' id='word_1_380' title='bbox 1488 3350 1721 3407; x_wconf 86' lang='lat' dir='ltr'><strong>adversa</strong></span> <span class='ocrx_word' id='word_1_381' title='bbox 1774 3351 2001 3408; x_wconf 81' lang='lat' dir='ltr'><strong>fortuna</strong></span> 
     </span>
    </p>
   </div>
   <div class='ocr_carea' id='block_1_66' title="bbox 432 3441 1997 3512">
    <p class='ocr_par' dir='ltr' id='par_1_66' title="bbox 432 3441 1997 3512">
     <span class='ocr_line' id='line_1_66' title="bbox 432 3441 1997 3512; baseline 0.003 -18"><span class='ocrx_word' id='word_1_382' title='bbox 432 3446 684 3503; x_wconf 85' lang='lat' dir='ltr'><strong>utuntur,</strong></span> <span class='ocrx_word' id='word_1_383' title='bbox 742 3441 829 3495; x_wconf 92' lang='lat' dir='ltr'><strong>vel</strong></span> <span class='ocrx_word' id='word_1_384' title='bbox 883 3456 1118 3512; x_wconf 89' lang='lat' dir='ltr'><strong>corpore</strong></span> <span class='ocrx_word' id='word_1_385' title='bbox 1163 3443 1366 3509; x_wconf 83' lang='lat' dir='ltr'><strong>mutili,</strong></span> <span class='ocrx_word' id='word_1_386' title='bbox 1410 3443 1495 3498; x_wconf 87' lang='lat' dir='ltr'><strong>vel</strong></span> <span class='ocrx_word' id='word_1_387' title='bbox 1525 3444 1731 3501; x_wconf 89' lang='lat' dir='ltr'><strong>morbis</strong></span> <span class='ocrx_word' id='word_1_388' title='bbox 1780 3444 1997 3511; x_wconf 77' lang='lat' dir='ltr'><strong>alliicti,</strong></span> 
     </span>
    </p>
   </div>
   <div class='ocr_carea' id='block_1_67' title="bbox 433 3529 2000 3599">
    <p class='ocr_par' dir='ltr' id='par_1_67' title="bbox 433 3529 2000 3599">
     <span class='ocr_line' id='line_1_67' title="bbox 433 3529 2000 3599; baseline 0.005 -16"><span class='ocrx_word' id='word_1_389' title='bbox 433 3529 519 3583; x_wconf 91' lang='lat' dir='ltr'><strong>vel</strong></span> <span class='ocrx_word' id='word_1_390' title='bbox 559 3530 779 3586; x_wconf 87' lang='lat' dir='ltr'><strong>acerbis</strong></span> <span class='ocrx_word' id='word_1_391' title='bbox 805 3532 1182 3589; x_wconf 82' lang='lat' dir='ltr'><strong>creditoribus</strong></span> <span class='ocrx_word' id='word_1_392' title='bbox 1212 3534 1460 3599; x_wconf 79' lang='lat' dir='ltr'><strong>obnoxii,</strong></span> <span class='ocrx_word' id='word_1_393' title='bbox 1487 3536 1573 3589; x_wconf 89' lang='lat' dir='ltr'><strong>vel</strong></span> <span class='ocrx_word' id='word_1_394' title='bbox 1600 3536 1878 3591; x_wconf 89' lang='lat' dir='ltr'><strong>latronum</strong></span> <span class='ocrx_word' id='word_1_395' title='bbox 1906 3544 2000 3590; x_wconf 91' lang='lat' dir='ltr'><strong>aut</strong></span> 
     </span>
    </p>
   </div>
   <div class='ocr_carea' id='block_1_68' title="bbox 434 3618 1999 3697">
    <p class='ocr_par' dir='ltr' id='par_1_68' title="bbox 434 3618 1999 3697">
     <span class='ocr_line' id='line_1_68' title="bbox 434 3618 1999 3697; baseline 0.006 -24"><span class='ocrx_word' id='word_1_396' title='bbox 434 3618 797 3675; x_wconf 86' lang='lat' dir='ltr'><strong>barbarorum</strong></span> <span class='ocrx_word' id='word_1_397' title='bbox 828 3622 1244 3681; x_wconf 89' lang='lat' dir='ltr'><strong>incursionibus</strong></span> <span class='ocrx_word' id='word_1_398' title='bbox 1279 3625 1474 3690; x_wconf 88' lang='lat' dir='ltr'><strong>attriti,</strong></span> <span class='ocrx_word' id='word_1_399' title='bbox 1509 3626 1743 3697; x_wconf 89' lang='lat' dir='ltr'><strong>aliisque</strong></span> <span class='ocrx_word' id='word_1_400' title='bbox 1770 3628 1999 3682; x_wconf 89' lang='lat' dir='ltr'><strong>calami-</strong></span> 
     </span>
    </p>
   </div>
   <div class='ocr_carea' id='block_1_69' title="bbox 434 3711 1997 3789">
    <p class='ocr_par' dir='ltr' id='par_1_69' title="bbox 434 3711 1997 3789">
     <span class='ocr_line' id='line_1_69' title="bbox 434 3711 1997 3789; baseline 0.006 -25"><span class='ocrx_word' id='word_1_401' title='bbox 434 3711 643 3766; x_wconf 87' lang='lat' dir='ltr'><strong>tatibus</strong></span> <span class='ocrx_word' id='word_1_402' title='bbox 697 3712 751 3766; x_wconf 92' lang='lat' dir='ltr'><strong>in</strong></span> <span class='ocrx_word' id='word_1_403' title='bbox 792 3714 916 3768; x_wconf 66' lang='lat' dir='ltr'><strong>vitae</strong></span> <span class='ocrx_word' id='word_1_404' title='bbox 977 3718 1264 3788; x_wconf 76' lang='lat' dir='ltr'><strong>angustias</strong></span> <span class='ocrx_word' id='word_1_405' title='bbox 1312 3733 1376 3772; x_wconf 92' lang='lat' dir='ltr'><strong>ac</strong></span> <span class='ocrx_word' id='word_1_406' title='bbox 1431 3726 1729 3789; x_wconf 81' lang='lat' dir='ltr'><strong>egestatem</strong></span> <span class='ocrx_word' id='word_1_407' title='bbox 1785 3719 1997 3775; x_wconf 89' lang='lat' dir='ltr'><strong>detrusi</strong></span> 
     </span>
    </p>
   </div>
   <div class='ocr_carea' id='block_1_70' title="bbox 433 3803 2001 3881">
    <p class='ocr_par' dir='ltr' id='par_1_70' title="bbox 433 3803 2001 3881">
     <span class='ocr_line' id='line_1_70' title="bbox 433 3803 2001 3881; baseline 0.005 -24"><span class='ocrx_word' id='word_1_408' title='bbox 433 3809 589 3865; x_wconf 87' lang='lat' dir='ltr'><strong>sunt,</strong></span> <span class='ocrx_word' id='word_1_409' title='bbox 618 3803 1096 3875; x_wconf 83' lang='lat' dir='ltr'><strong>eleemosynarum</strong></span> <span class='ocrx_word' id='word_1_410' title='bbox 1137 3824 1240 3877; x_wconf 86' lang='lat' dir='ltr'><strong>ope</strong></span> <span class='ocrx_word' id='word_1_411' title='bbox 1283 3810 1711 3881; x_wconf 85' lang='lat' dir='ltr'><strong>haudquaquam</strong></span> <span class='ocrx_word' id='word_1_412' title='bbox 1759 3812 2001 3867; x_wconf 86' lang='lat' dir='ltr'><strong>subven-</strong></span> 
     </span>
    </p>
   </div>
   <div class='ocr_carea' id='block_1_71' title="bbox 433 3893 1997 3970">
    <p class='ocr_par' dir='ltr' id='par_1_71' title="bbox 433 3893 1997 3970">
     <span class='ocr_line' id='line_1_71' title="bbox 433 3893 1997 3970; baseline 0.007 -24"><span class='ocrx_word' id='word_1_413' title='bbox 433 3901 548 3947; x_wconf 90' lang='lat' dir='ltr'><strong>tum</strong></span> <span class='ocrx_word' id='word_1_414' title='bbox 578 3893 645 3947; x_wconf 90' lang='lat' dir='ltr'><strong>iri</strong></span> <span class='ocrx_word' id='word_1_415' title='bbox 678 3904 932 3965; x_wconf 84' lang='lat' dir='ltr'><strong>oportere</strong></span> <span class='ocrx_word' id='word_1_416' title='bbox 960 3913 1056 3967; x_wconf 91' lang='lat' dir='ltr'><strong>per</strong></span> <span class='ocrx_word' id='word_1_417' title='bbox 1079 3914 1175 3954; x_wconf 89' lang='lat' dir='ltr'><strong>eos</strong></span> <span class='ocrx_word' id='word_1_418' title='bbox 1217 3902 1309 3970; x_wconf 92' lang='lat' dir='ltr'><strong>qui</strong></span> <span class='ocrx_word' id='word_1_419' title='bbox 1355 3917 1477 3957; x_wconf 83' lang='lat' dir='ltr'><strong>sese</strong></span> <span class='ocrx_word' id='word_1_420' title='bbox 1526 3903 1686 3959; x_wconf 89' lang='lat' dir='ltr'><strong>bonis</strong></span> <span class='ocrx_word' id='word_1_421' title='bbox 1716 3904 1997 3970; x_wconf 90' lang='lat' dir='ltr'><strong>abdicant,</strong></span> 
     </span>
    </p>
   </div>
   <div class='ocr_carea' id='block_1_72' title="bbox 431 3985 1999 4062">
    <p class='ocr_par' dir='ltr' id='par_1_72' title="bbox 431 3985 1999 4062">
     <span class='ocr_line' id='line_1_72' title="bbox 431 3985 1999 4062; baseline 0.008 -25"><span class='ocrx_word' id='word_1_422' title='bbox 431 3992 529 4039; x_wconf 90' lang='lat' dir='ltr'><strong>aut</strong></span> <span class='ocrx_word' id='word_1_423' title='bbox 556 3985 719 4040; x_wconf 91' lang='lat' dir='ltr'><strong>etiam</strong></span> <span class='ocrx_word' id='word_1_424' title='bbox 754 4002 851 4055; x_wconf 91' lang='lat' dir='ltr'><strong>per</strong></span> <span class='ocrx_word' id='word_1_425' title='bbox 881 4002 977 4042; x_wconf 92' lang='lat' dir='ltr'><strong>eos</strong></span> <span class='ocrx_word' id='word_1_426' title='bbox 1008 3990 1099 4058; x_wconf 90' lang='lat' dir='ltr'><strong>qui</strong></span> <span class='ocrx_word' id='word_1_427' title='bbox 1146 3991 1522 4046; x_wconf 67' lang='lat' dir='ltr'><strong>beneficentia:</strong></span> <span class='ocrx_word' id='word_1_428' title='bbox 1555 3992 1610 4046; x_wconf 90' lang='lat' dir='ltr'><strong>in</strong></span> <span class='ocrx_word' id='word_1_429' title='bbox 1655 3994 1849 4062; x_wconf 86' lang='lat' dir='ltr'><strong>primis</strong></span> <span class='ocrx_word' id='word_1_430' title='bbox 1877 4003 1999 4050; x_wconf 90' lang='lat' dir='ltr'><strong>stu-</strong></span> 
     </span>
    </p>
   </div>
   <div class='ocr_carea' id='block_1_73' title="bbox 430 4076 1996 4149">
    <p class='ocr_par' dir='ltr' id='par_1_73' title="bbox 430 4076 1996 4149">
     <span class='ocr_line' id='line_1_73' title="bbox 430 4076 1996 4149; baseline 0.008 -20"><span class='ocrx_word' id='word_1_431' title='bbox 430 4076 562 4131; x_wconf 86' lang='lat' dir='ltr'><strong>dent</strong></span> <span class='ocrx_word' id='word_1_432' title='bbox 593 4095 607 4131; x_wconf 91' lang='lat'><strong>:</strong></span> <span class='ocrx_word' id='word_1_433' title='bbox 638 4078 731 4133; x_wconf 87' lang='lat' dir='ltr'><strong>sed</strong></span> <span class='ocrx_word' id='word_1_434' title='bbox 766 4078 869 4133; x_wconf 85' lang='lat' dir='ltr'><strong>sibi</strong></span> <span class='ocrx_word' id='word_1_435' title='bbox 906 4080 1089 4149; x_wconf 90' lang='lat' dir='ltr'><strong>potius</strong></span> <span class='ocrx_word' id='word_1_436' title='bbox 1122 4081 1260 4149; x_wconf 84' lang='lat' dir='ltr'><strong>ipsis</strong></span> <span class='ocrx_word' id='word_1_437' title='bbox 1289 4082 1760 4137; x_wconf 87' lang='lat' dir='ltr'><strong>subministranda</strong></span> <span class='ocrx_word' id='word_1_438' title='bbox 1790 4089 1996 4141; x_wconf 82' lang='lat' dir='ltr'><strong>omnia.</strong></span> 
     </span>
    </p>
   </div>
   <div class='ocr_carea' id='block_1_74' title="bbox 433 4163 1576 4240">
    <p class='ocr_par' dir='ltr' id='par_1_74' title="bbox 433 4163 1576 4240">
     <span class='ocr_line' id='line_1_74' title="bbox 433 4163 1576 4240; baseline 0.003 -19"><span class='ocrx_word' id='word_1_439' title='bbox 433 4163 505 4221; x_wconf 86' lang='lat' dir='ltr'><strong>Se</strong></span> <span class='ocrx_word' id='word_1_440' title='bbox 542 4168 687 4222; x_wconf 91' lang='lat' dir='ltr'><strong>enim</strong></span> <span class='ocrx_word' id='word_1_441' title='bbox 718 4184 880 4225; x_wconf 89' lang='lat' dir='ltr'><strong>veros</strong></span> <span class='ocrx_word' id='word_1_442' title='bbox 908 4185 1033 4225; x_wconf 90' lang='lat' dir='ltr'><strong>esse</strong></span> <span class='ocrx_word' id='word_1_443' title='bbox 1061 4186 1330 4240; x_wconf 86' lang='lat' dir='ltr'><strong>pauperes</strong></span> <span class='ocrx_word' id='word_1_444' title='bbox 1356 4172 1576 4240; x_wconf 91' lang='lat' dir='ltr'><strong>spiritu.</strong></span> 
     </span>
    </p>
   </div>
   <div class='ocr_carea' id='block_1_75' title="bbox 499 4276 1998 4341">
    <p class='ocr_par' dir='ltr' id='par_1_75' title="bbox 499 4276 1998 4341">
     <span class='ocr_line' id='line_1_75' title="bbox 499 4276 1998 4341; baseline 0.007 -11"><span class='ocrx_word' id='word_1_445' title='bbox 499 4276 597 4334; x_wconf 91' lang='lat' dir='ltr'><strong>llis</strong></span> <span class='ocrx_word' id='word_1_446' title='bbox 629 4278 965 4335; x_wconf 86' lang='lat' dir='ltr'><strong>addiderunt</strong></span> <span class='ocrx_word' id='word_1_447' title='bbox 1008 4279 1381 4335; x_wconf 83' lang='lat' dir='ltr'><strong>Ecclesiarum</strong></span> <span class='ocrx_word' id='word_1_448' title='bbox 1432 4295 1496 4335; x_wconf 92' lang='lat' dir='ltr'><strong>ac</strong></span> <span class='ocrx_word' id='word_1_449' title='bbox 1539 4296 1826 4339; x_wconf 87' lang='lat' dir='ltr'><strong>sacrorum</strong></span> <span class='ocrx_word' id='word_1_450' title='bbox 1859 4287 1998 4341; x_wconf 86' lang='lat' dir='ltr'><strong>alta-</strong></span> 
     </span>
    </p>
   </div>
   <div class='ocr_carea' id='block_1_76' title="bbox 428 4368 1999 4440">
    <p class='ocr_par' dir='ltr' id='par_1_76' title="bbox 428 4368 1999 4440">
     <span class='ocr_line' id='line_1_76' title="bbox 428 4368 1999 4440; baseline 0.004 -18"><span class='ocrx_word' id='word_1_451' title='bbox 428 4368 572 4422; x_wconf 87' lang='lat' dir='ltr'><strong>rium</strong></span> <span class='ocrx_word' id='word_1_452' title='bbox 622 4377 1025 4440; x_wconf 90' lang='lat' dir='ltr'><strong>contemptum.</strong></span> <span class='ocrx_word' id='word_1_453' title='bbox 1075 4369 1195 4424; x_wconf 85' lang='lat' dir='ltr'><strong>Non</strong></span> <span class='ocrx_word' id='word_1_454' title='bbox 1231 4371 1428 4425; x_wconf 83' lang='lat' dir='ltr'><strong>decere</strong></span> <span class='ocrx_word' id='word_1_455' title='bbox 1476 4369 1774 4427; x_wconf 85' lang='lat' dir='ltr'><strong>Monachos</strong></span> <span class='ocrx_word' id='word_1_456' title='bbox 1808 4373 1999 4428; x_wconf 86' lang='lat' dir='ltr'><strong>Eccle-</strong></span> 
     </span>
    </p>
   </div>
   <div class='ocr_carea' id='block_1_77' title="bbox 430 4458 1997 4533">
    <p class='ocr_par' dir='ltr' id='par_1_77' title="bbox 430 4458 1997 4533">
     <span class='ocr_line' id='line_1_77' title="bbox 430 4458 1997 4533; baseline 0.003 -18"><span class='ocrx_word' id='word_1_457' title='bbox 430 4458 671 4515; x_wconf 81' lang='lat' dir='ltr'><strong>siasticis</strong></span> <span class='ocrx_word' id='word_1_458' title='bbox 741 4460 1015 4516; x_wconf 87' lang='lat' dir='ltr'><strong>interesse</strong></span> <span class='ocrx_word' id='word_1_459' title='bbox 1093 4461 1459 4516; x_wconf 89' lang='lat' dir='ltr'><strong>conventibus</strong></span> <span class='ocrx_word' id='word_1_460' title='bbox 1509 4478 1524 4516; x_wconf 89' lang='lat'><strong>:</strong></span> <span class='ocrx_word' id='word_1_461' title='bbox 1578 4462 1824 4533; x_wconf 89' lang='lat' dir='ltr'><strong>satisque</strong></span> <span class='ocrx_word' id='word_1_462' title='bbox 1888 4464 1997 4520; x_wconf 90' lang='lat' dir='ltr'><strong>illis</strong></span> 
     </span>
    </p>
   </div>
   <div class='ocr_carea' id='block_1_78' title="bbox 428 4551 1994 4624">
    <p class='ocr_par' dir='ltr' id='par_1_78' title="bbox 428 4551 1994 4624">
     <span class='ocr_line' id='line_1_78' title="bbox 428 4551 1994 4624; baseline 0.002 -17"><span class='ocrx_word' id='word_1_463' title='bbox 428 4565 554 4607; x_wconf 86' lang='lat' dir='ltr'><strong>esse</strong></span> <span class='ocrx_word' id='word_1_464' title='bbox 588 4565 728 4620; x_wconf 86' lang='lat' dir='ltr'><strong>quas</strong></span> <span class='ocrx_word' id='word_1_465' title='bbox 768 4551 825 4606; x_wconf 93' lang='lat' dir='ltr'><strong>in</strong></span> <span class='ocrx_word' id='word_1_466' title='bbox 870 4553 990 4609; x_wconf 86' lang='lat' dir='ltr'><strong>suis</strong></span> <span class='ocrx_word' id='word_1_467' title='bbox 1019 4554 1277 4608; x_wconf 89' lang='lat' dir='ltr'><strong>oratoriis</strong></span> <span class='ocrx_word' id='word_1_468' title='bbox 1331 4568 1523 4624; x_wconf 89' lang='lat' dir='ltr'><strong>preces</strong></span> <span class='ocrx_word' id='word_1_469' title='bbox 1567 4552 1824 4621; x_wconf 88' lang='lat' dir='ltr'><strong>fundunt,</strong></span> <span class='ocrx_word' id='word_1_470' title='bbox 1868 4566 1994 4610; x_wconf 87' lang='lat' dir='ltr'><strong>tan-</strong></span> 
     </span>
    </p>
   </div>
   <div class='ocr_carea' id='block_1_79' title="bbox 427 4641 1996 4715">
    <p class='ocr_par' dir='ltr' id='par_1_79' title="bbox 427 4641 1996 4715">
     <span class='ocr_line' id='line_1_79' title="bbox 427 4641 1996 4715; baseline 0.005 -22"><span class='ocrx_word' id='word_1_471' title='bbox 427 4649 544 4694; x_wconf 84' lang='lat' dir='ltr'><strong>tam</strong></span> <span class='ocrx_word' id='word_1_472' title='bbox 574 4641 721 4695; x_wconf 90' lang='lat' dir='ltr'><strong>enim</strong></span> <span class='ocrx_word' id='word_1_473' title='bbox 752 4655 974 4709; x_wconf 89' lang='lat' dir='ltr'><strong>precum</strong></span> <span class='ocrx_word' id='word_1_474' title='bbox 1004 4641 1113 4696; x_wconf 89' lang='lat' dir='ltr'><strong>vim</strong></span> <span class='ocrx_word' id='word_1_475' title='bbox 1143 4658 1266 4697; x_wconf 84' lang='lat' dir='ltr'><strong>esse</strong></span> <span class='ocrx_word' id='word_1_476' title='bbox 1294 4644 1506 4705; x_wconf 91' lang='lat' dir='ltr'><strong>dicunt,</strong></span> <span class='ocrx_word' id='word_1_477' title='bbox 1542 4649 1619 4696; x_wconf 81' lang='lat' dir='ltr'><strong>ut‘</strong></span> <span class='ocrx_word' id='word_1_478' title='bbox 1645 4644 1786 4713; x_wconf 91' lang='lat' dir='ltr'><strong>ipsis</strong></span> <span class='ocrx_word' id='word_1_479' title='bbox 1826 4654 1996 4715; x_wconf 86' lang='lat' dir='ltr'><strong>atque</strong></span> 
     </span>
    </p>
   </div>
   <div class='ocr_carea' id='block_1_80' title="bbox 428 4728 1996 4800">
    <p class='ocr_par' dir='ltr' id='par_1_80' title="bbox 428 4728 1996 4800">
     <span class='ocr_line' id='line_1_80' title="bbox 428 4728 1996 4800; baseline 0.006 -19"><span class='ocrx_word' id='word_1_480' title='bbox 428 4728 673 4797; x_wconf 88' lang='lat' dir='ltr'><strong>ipsorum</strong></span> <span class='ocrx_word' id='word_1_481' title='bbox 698 4729 988 4799; x_wconf 89' lang='lat' dir='ltr'><strong>discipulis</strong></span> <span class='ocrx_word' id='word_1_482' title='bbox 1015 4729 1254 4800; x_wconf 88' lang='lat' dir='ltr'><strong>Spiritus</strong></span> <span class='ocrx_word' id='word_1_483' title='bbox 1280 4742 1508 4788; x_wconf 86' lang='lat' dir='ltr'><strong>sanctus</strong></span> <span class='ocrx_word' id='word_1_484' title='bbox 1548 4735 1801 4791; x_wconf 90' lang='lat' dir='ltr'><strong>sensibili</strong></span> <span class='ocrx_word' id='word_1_485' title='bbox 1833 4738 1996 4791; x_wconf 90' lang='lat' dir='ltr'><strong>modo</strong></span> 
     </span>
    </p>
   </div>
   <div class='ocr_carea' id='block_1_81' title="bbox 428 4817 1994 4898">
    <p class='ocr_par' dir='ltr' id='par_1_81' title="bbox 428 4817 1994 4898">
     <span class='ocr_line' id='line_1_81' title="bbox 428 4817 1994 4898; baseline 0.008 -27"><span class='ocrx_word' id='word_1_486' title='bbox 428 4817 719 4873; x_wconf 83' lang='lat' dir='ltr'><strong>visendum</strong></span> <span class='ocrx_word' id='word_1_487' title='bbox 752 4832 811 4873; x_wconf 92' lang='lat' dir='ltr'><strong>se</strong></span> <span class='ocrx_word' id='word_1_488' title='bbox 853 4820 1118 4888; x_wconf 67' lang='lat' dir='ltr'><strong>praabeat.</strong></span> <span class='ocrx_word' id='word_1_489' title='bbox 1175 4820 1389 4892; x_wconf 86' lang='lat' dir='ltr'><strong>Quippe</strong></span> <span class='ocrx_word' id='word_1_490' title='bbox 1434 4833 1713 4895; x_wconf 86' lang='lat' dir='ltr'><strong>nugantur</strong></span> <span class='ocrx_word' id='word_1_491' title='bbox 1742 4842 1861 4892; x_wconf 92' lang='lat' dir='ltr'><strong>eos,</strong></span> <span class='ocrx_word' id='word_1_492' title='bbox 1897 4829 1994 4898; x_wconf 88' lang='lat' dir='ltr'><strong>qui</strong></span> 
     </span>
    </p>
   </div>
   <div class='ocr_carea' id='block_1_82' title="bbox 427 4904 1996 4981">
    <p class='ocr_par' dir='ltr' id='par_1_82' title="bbox 427 4904 1996 4981">
     <span class='ocr_line' id='line_1_82' title="bbox 427 4904 1996 4981; baseline 0.006 -19"><span class='ocrx_word' id='word_1_493' title='bbox 427 4905 665 4962; x_wconf 80' lang='lat' dir='ltr'><strong>salutem</strong></span> <span class='ocrx_word' id='word_1_494' title='bbox 710 4904 884 4960; x_wconf 85' lang='lat' dir='ltr'><strong>velint</strong></span> <span class='ocrx_word' id='word_1_495' title='bbox 934 4909 1220 4977; x_wconf 86' lang='lat' dir='ltr'><strong>consequi,</strong></span> <span class='ocrx_word' id='word_1_496' title='bbox 1284 4924 1346 4965; x_wconf 90' lang='lat' dir='ltr'><strong>ea</strong></span> <span class='ocrx_word' id='word_1_497' title='bbox 1379 4916 1808 4981; x_wconf 87' lang='lat' dir='ltr'><strong>perseverantia,</strong></span> <span class='ocrx_word' id='word_1_498' title='bbox 1859 4918 1996 4972; x_wconf 84' lang='lat' dir='ltr'><strong>nihil</strong></span> 
     </span>
    </p>
   </div>
   <div class='ocr_carea' id='block_1_83' title="bbox 427 4992 1993 5066">
    <p class='ocr_par' dir='ltr' id='par_1_83' title="bbox 427 4992 1993 5066">
     <span class='ocr_line' id='line_1_83' title="bbox 427 4992 1993 5066; baseline 0.007 -17"><span class='ocrx_word' id='word_1_499' title='bbox 427 5008 660 5065; x_wconf 88' lang='lat' dir='ltr'><strong>prorsus</strong></span> <span class='ocrx_word' id='word_1_500' title='bbox 685 4992 833 5047; x_wconf 85' lang='lat' dir='ltr'><strong>aliud</strong></span> <span class='ocrx_word' id='word_1_501' title='bbox 882 4995 1091 5063; x_wconf 89' lang='lat' dir='ltr'><strong>negotii</strong></span> <span class='ocrx_word' id='word_1_502' title='bbox 1119 5004 1364 5066; x_wconf 85' lang='lat' dir='ltr'><strong>agentes,</strong></span> <span class='ocrx_word' id='word_1_503' title='bbox 1396 5000 1635 5054; x_wconf 84' lang='lat' dir='ltr'><strong>orationi</strong></span> <span class='ocrx_word' id='word_1_504' title='bbox 1673 5018 1867 5058; x_wconf 88' lang='lat' dir='ltr'><strong>vacare</strong></span> <span class='ocrx_word' id='word_1_505' title='bbox 1895 5006 1993 5061; x_wconf 79' lang='lat' dir='ltr'><strong>de-</strong></span> 
     </span>
    </p>
   </div>
   <div class='ocr_carea' id='block_1_84' title="bbox 426 5084 1995 5163">
    <p class='ocr_par' dir='ltr' id='par_1_84' title="bbox 426 5084 1995 5163">
     <span class='ocr_line' id='line_1_84' title="bbox 426 5084 1995 5163; baseline 0.008 -25"><span class='ocrx_word' id='word_1_506' title='bbox 426 5085 579 5152; x_wconf 88' lang='lat' dir='ltr'><strong>bere,</strong></span> <span class='ocrx_word' id='word_1_507' title='bbox 606 5084 781 5141; x_wconf 89' lang='lat' dir='ltr'><strong>donec</strong></span> <span class='ocrx_word' id='word_1_508' title='bbox 821 5093 1109 5155; x_wconf 87' lang='lat' dir='ltr'><strong>peccatum</strong></span> <span class='ocrx_word' id='word_1_509' title='bbox 1171 5087 1349 5143; x_wconf 85' lang='lat' dir='ltr'><strong>instar</strong></span> <span class='ocrx_word' id='word_1_510' title='bbox 1410 5090 1541 5145; x_wconf 87' lang='lat' dir='ltr'><strong>fumi</strong></span> <span class='ocrx_word' id='word_1_511' title='bbox 1598 5093 1857 5163; x_wconf 84' lang='lat' dir='ltr'><strong>alicujus,</strong></span> <span class='ocrx_word' id='word_1_512' title='bbox 1902 5105 1995 5151; x_wconf 89' lang='lat' dir='ltr'><strong>aut</strong></span> 
     </span>
    </p>
   </div>
   <div class='ocr_carea' id='block_1_85' title="bbox 428 5175 1992 5252">
    <p class='ocr_par' dir='ltr' id='par_1_85' title="bbox 428 5175 1992 5252">
     <span class='ocr_line' id='line_1_85' title="bbox 428 5175 1992 5252; baseline 0.006 -24"><span class='ocrx_word' id='word_1_513' title='bbox 428 5175 595 5246; x_wconf 85' lang='lat' dir='ltr'><strong>ignis,</strong></span> <span class='ocrx_word' id='word_1_514' title='bbox 621 5183 717 5233; x_wconf 88' lang='lat' dir='ltr'><strong>aut</strong></span> <span class='ocrx_word' id='word_1_515' title='bbox 748 5176 1046 5247; x_wconf 87' lang='lat' dir='ltr'><strong>serpentis,</strong></span> <span class='ocrx_word' id='word_1_516' title='bbox 1094 5185 1189 5232; x_wconf 90' lang='lat' dir='ltr'><strong>aut</strong></span> <span class='ocrx_word' id='word_1_517' title='bbox 1233 5178 1543 5251; x_wconf 69' lang='lat' dir='ltr'><strong>cuiuspiam</strong></span> <span class='ocrx_word' id='word_1_518' title='bbox 1577 5183 1852 5252; x_wconf 86' lang='lat' dir='ltr'><strong>ejusmodi</strong></span> <span class='ocrx_word' id='word_1_519' title='bbox 1885 5186 1992 5241; x_wconf 86' lang='lat' dir='ltr'><strong>bel-</strong></span> 
     </span>
    </p>
   </div>
   <div class='ocr_carea' id='block_1_86' title="bbox 2103 3183 3675 3255">
    <p class='ocr_par' dir='ltr' id='par_1_86' title="bbox 2103 3183 3675 3255">
     <span class='ocr_line' id='line_1_86' title="bbox 2103 3183 3675 3255; baseline 0.001 -17"><span class='ocrx_word' id='word_1_520' title='bbox 2103 3184 2160 3238; x_wconf 74' lang='grc' dir='ltr'><strong>ὓὲ</strong></span> <span class='ocrx_word' id='word_1_521' title='bbox 2188 3183 2281 3238; x_wconf 70' lang='grc' dir='ltr'><strong>καὶ</strong></span> <span class='ocrx_word' id='word_1_522' title='bbox 2309 3183 2409 3254; x_wconf 79' lang='grc' dir='ltr'>τὴν</span> <span class='ocrx_word' id='word_1_523' title='bbox 2432 3185 2513 3246; x_wconf 88' lang='grc' dir='ltr'><strong>είς</strong></span> <span class='ocrx_word' id='word_1_524' title='bbox 2541 3183 2790 3253; x_wconf 79' lang='grc' dir='ltr'>πτωχοὺς</span> <span class='ocrx_word' id='word_1_525' title='bbox 2814 3183 3210 3255; x_wconf 80' lang='grc' dir='ltr'>ἀπανθρωπίαν</span> <span class='ocrx_word' id='word_1_526' title='bbox 3247 3183 3547 3253; x_wconf 76' lang='grc' dir='ltr'>εἰσάγουσι,</span> <span class='ocrx_word' id='word_1_527' title='bbox 3571 3186 3675 3253; x_wconf 86' lang='grc' dir='ltr'>φά-</span> 
     </span>
    </p>
   </div>
   <div class='ocr_carea' id='block_1_87' title="bbox 2106 3275 3673 3348">
    <p class='ocr_par' dir='ltr' id='par_1_87' title="bbox 2106 3275 3673 3348">
     <span class='ocr_line' id='line_1_87' title="bbox 2106 3275 3673 3348; baseline -0.001 -17"><span class='ocrx_word' id='word_1_528' title='bbox 2106 3295 2351 3341; x_wconf 89' lang='grc' dir='ltr'>σκοντες,</span> <span class='ocrx_word' id='word_1_529' title='bbox 2382 3277 2457 3340; x_wconf 83' lang='grc' dir='ltr'><strong>ὡς</strong></span> <span class='ocrx_word' id='word_1_530' title='bbox 2481 3277 2604 3347; x_wconf 80' lang='grc' dir='ltr'>οὐχὶ</span> <span class='ocrx_word' id='word_1_531' title='bbox 2646 3278 2760 3340; x_wconf 85' lang='grc' dir='ltr'>τοῖς</span> <span class='ocrx_word' id='word_1_532' title='bbox 2791 3275 3028 3346; x_wconf 86' lang='grc' dir='ltr'>δημοσίᾳ</span> <span class='ocrx_word' id='word_1_533' title='bbox 3070 3275 3438 3348; x_wconf 82' lang='grc' dir='ltr'>προσαιτοῦσι,</span> <span class='ocrx_word' id='word_1_534' title='bbox 3485 3275 3518 3345; x_wconf 74' lang='grc' dir='ltr'><strong>ἢ</strong></span> <span class='ocrx_word' id='word_1_535' title='bbox 3549 3276 3673 3339; x_wconf 80' lang='grc' dir='ltr'>ταῖς</span> 
     </span>
    </p>
   </div>
   <div class='ocr_carea' id='block_1_88' title="bbox 2103 3365 3670 3438">
    <p class='ocr_par' dir='ltr' id='par_1_88' title="bbox 2103 3365 3670 3438">
     <span class='ocr_line' id='line_1_88' title="bbox 2103 3365 3670 3438; baseline -0.002 -16"><span class='ocrx_word' id='word_1_536' title='bbox 2103 3367 2633 3438; x_wconf 80' lang='grc' dir='ltr'>καταλελειμμέναις</span> <span class='ocrx_word' id='word_1_537' title='bbox 2683 3368 2920 3437; x_wconf 84' lang='grc' dir='ltr'>χήραις,</span> <span class='ocrx_word' id='word_1_538' title='bbox 2983 3365 3104 3419; x_wconf 76' lang='grc' dir='ltr'>οὐδὲ</span> <span class='ocrx_word' id='word_1_539' title='bbox 3160 3370 3268 3431; x_wconf 90' lang='grc' dir='ltr'>τοῖς</span> <span class='ocrx_word' id='word_1_540' title='bbox 3314 3369 3670 3437; x_wconf 89' lang='grc' dir='ltr'>περιστάσεσι</span> 
     </span>
    </p>
   </div>
   <div class='ocr_carea' id='block_1_89' title="bbox 2102 3456 3677 3531">
    <p class='ocr_par' dir='ltr' id='par_1_89' title="bbox 2102 3456 3677 3531">
     <span class='ocr_line' id='line_1_89' title="bbox 2102 3456 3677 3531; baseline -0.018 0"><span class='ocrx_word' id='word_1_541' title='bbox 2102 3460 2468 3531; x_wconf 78' lang='grc' dir='ltr'>κρησαμένοις</span> <span class='ocrx_word' id='word_1_542' title='bbox 2502 3458 2551 3524; x_wconf 71' lang='grc' dir='ltr'>ἀ,</span> <span class='ocrx_word' id='word_1_543' title='bbox 2593 3460 2626 3528; x_wconf 81' lang='grc' dir='ltr'><strong>ἢ</strong></span> <span class='ocrx_word' id='word_1_544' title='bbox 2657 3457 2808 3528; x_wconf 77' lang='grc' dir='ltr'><strong>λώϐῃ</strong></span> <span class='ocrx_word' id='word_1_545' title='bbox 2852 3457 3141 3527; x_wconf 86' lang='grc' dir='ltr'>σωμάτων,</span> <span class='ocrx_word' id='word_1_546' title='bbox 3196 3457 3229 3528; x_wconf 81' lang='grc' dir='ltr'>ἢ</span> <span class='ocrx_word' id='word_1_547' title='bbox 3285 3456 3481 3520; x_wconf 75' lang='grc' dir='ltr'>νόσοίς,</span> <span class='ocrx_word' id='word_1_548' title='bbox 3517 3458 3550 3527; x_wconf 83' lang='grc' dir='ltr'>ἢ</span> <span class='ocrx_word' id='word_1_549' title='bbox 3580 3475 3677 3510; x_wconf 64' lang='lat' dir='ltr'><strong>am-</strong></span> 
     </span>
    </p>
   </div>
   <div class='ocr_carea' id='block_1_90' title="bbox 2103 3547 3674 3621">
    <p class='ocr_par' dir='ltr' id='par_1_90' title="bbox 2103 3547 3674 3621">
     <span class='ocr_line' id='line_1_90' title="bbox 2103 3547 3674 3621; baseline -0.002 -18"><span class='ocrx_word' id='word_1_550' title='bbox 2103 3554 2258 3621; x_wconf 90' lang='grc' dir='ltr'>κροῖς</span> <span class='ocrx_word' id='word_1_551' title='bbox 2305 3552 2644 3615; x_wconf 80' lang='grc' dir='ltr'>δανεισταῖς,</span> <span class='ocrx_word' id='word_1_552' title='bbox 2680 3549 2713 3619; x_wconf 81' lang='grc' dir='ltr'>ἢ</span> <span class='ocrx_word' id='word_1_553' title='bbox 2744 3548 2957 3615; x_wconf 78' lang='grc' dir='ltr'>λῃστῶν</span> <span class='ocrx_word' id='word_1_554' title='bbox 2983 3587 2998 3611; x_wconf 96' lang='grc'><strong>,</strong></span> <span class='ocrx_word' id='word_1_555' title='bbox 3038 3548 3071 3618; x_wconf 81' lang='grc' dir='ltr'>ἢ</span> <span class='ocrx_word' id='word_1_556' title='bbox 3109 3547 3411 3618; x_wconf 76' lang='grc' dir='ltr'>Βαρϐάρων</span> <span class='ocrx_word' id='word_1_557' title='bbox 3456 3548 3674 3620; x_wconf 71' lang='grc' dir='ltr'>ἐπιδρο-</span> 
     </span>
    </p>
   </div>
   <div class='ocr_carea' id='block_1_91' title="bbox 2106 3638 3675 3712">
    <p class='ocr_par' dir='ltr' id='par_1_91' title="bbox 2106 3638 3675 3712">
     <span class='ocr_line' id='line_1_91' title="bbox 2106 3638 3675 3712; baseline -0.003 -16"><span class='ocrx_word' id='word_1_558' title='bbox 2106 3646 2254 3712; x_wconf 86' lang='grc' dir='ltr'>μαῖς,</span> <span class='ocrx_word' id='word_1_559' title='bbox 2295 3643 2328 3712; x_wconf 77' lang='grc' dir='ltr'><strong>ἡ</strong></span> <span class='ocrx_word' id='word_1_560' title='bbox 2380 3658 2490 3695; x_wconf 90' lang='grc' dir='ltr'>τισι</span> <span class='ocrx_word' id='word_1_561' title='bbox 2523 3638 2805 3701; x_wconf 84' lang='grc' dir='ltr'>τοιαύταις</span> <span class='ocrx_word' id='word_1_562' title='bbox 2840 3640 3148 3709; x_wconf 84' lang='grc' dir='ltr'>συμφοραῖς</span> <span class='ocrx_word' id='word_1_563' title='bbox 3196 3638 3675 3708; x_wconf 82' lang='grc' dir='ltr'>περιπεπτωκόσιν</span> 
     </span>
    </p>
   </div>
   <div class='ocr_carea' id='block_1_92' title="bbox 2104 3729 3674 3807">
    <p class='ocr_par' dir='ltr' id='par_1_92' title="bbox 2104 3729 3674 3807">
     <span class='ocr_line' id='line_1_92' title="bbox 2104 3729 3674 3807; baseline -0.004 -19"><span class='ocrx_word' id='word_1_564' title='bbox 2104 3735 2372 3807; x_wconf 82' lang='grc' dir='ltr'>ἀπαρκεῖν</span> <span class='ocrx_word' id='word_1_565' title='bbox 2403 3732 2674 3803; x_wconf 85' lang='grc' dir='ltr'>ἁρμόττον</span> <span class='ocrx_word' id='word_1_566' title='bbox 2698 3733 2812 3793; x_wconf 89' lang='grc' dir='ltr'>τοῖς</span> <span class='ocrx_word' id='word_1_567' title='bbox 2830 3730 3288 3798; x_wconf 81' lang='grc' dir='ltr'>ἀποταττομένοις</span> <span class='ocrx_word' id='word_1_568' title='bbox 3322 3742 3369 3795; x_wconf 78' lang='grc' dir='ltr'>ο,</span> <span class='ocrx_word' id='word_1_569' title='bbox 3399 3729 3432 3800; x_wconf 81' lang='grc' dir='ltr'>ἢ</span> <span class='ocrx_word' id='word_1_570' title='bbox 3456 3730 3518 3783; x_wconf 77' lang='grc' dir='ltr'><strong>τὸ</strong></span> <span class='ocrx_word' id='word_1_571' title='bbox 3537 3730 3674 3793; x_wconf 84' lang='grc' dir='ltr'>ὅλως</span> 
     </span>
    </p>
   </div>
   <div class='ocr_carea' id='block_1_93' title="bbox 2103 3819 3673 3896">
    <p class='ocr_par' dir='ltr' id='par_1_93' title="bbox 2103 3819 3673 3896">
     <span class='ocr_line' id='line_1_93' title="bbox 2103 3819 3673 3896; baseline -0.006 -15"><span class='ocrx_word' id='word_1_572' title='bbox 2103 3826 2459 3896; x_wconf 85' lang='grc' dir='ltr'>ἀγαθοεργεῖν</span> <span class='ocrx_word' id='word_1_573' title='bbox 2494 3821 2840 3893; x_wconf 80' lang='grc' dir='ltr'>ἀρχομένοις,</span> <span class='ocrx_word' id='word_1_574' title='bbox 2875 3820 2990 3873; x_wconf 82' lang='grc' dir='ltr'>ἀλλ’</span> <span class='ocrx_word' id='word_1_575' title='bbox 3034 3820 3219 3882; x_wconf 83' lang='grc' dir='ltr'>αὐτοῖς</span> <span class='ocrx_word' id='word_1_576' title='bbox 3258 3819 3477 3875; x_wconf 75' lang='grc' dir='ltr'>ἅπαντα</span> <span class='ocrx_word' id='word_1_577' title='bbox 3507 3838 3673 3893; x_wconf 81' lang='grc' dir='ltr'>χορη-</span> 
     </span>
    </p>
   </div>
   <div class='ocr_carea' id='block_1_94' title="bbox 2104 3906 3673 3988">
    <p class='ocr_par' dir='ltr' id='par_1_94' title="bbox 2104 3906 3673 3988">
     <span class='ocr_line' id='line_1_94' title="bbox 2104 3906 3673 3988; baseline -0.004 -16"><span class='ocrx_word' id='word_1_578' title='bbox 2104 3921 2219 3988; x_wconf 86' lang='grc' dir='ltr'>γεῖν</span> <span class='ocrx_word' id='word_1_579' title='bbox 2242 3934 2255 3947; x_wconf 86' lang='grc'><strong>·</strong></span> <span class='ocrx_word' id='word_1_580' title='bbox 2287 3916 2514 3978; x_wconf 75' lang='grc' dir='ltr'>ἑαυτοὺς</span> <span class='ocrx_word' id='word_1_581' title='bbox 2540 3915 2646 3984; x_wconf 83' lang='grc' dir='ltr'>γὰρ</span> <span class='ocrx_word' id='word_1_582' title='bbox 2685 3914 2919 3983; x_wconf 75' lang='grc' dir='ltr'>ἔφασκον</span> <span class='ocrx_word' id='word_1_583' title='bbox 2953 3906 3091 3966; x_wconf 81' lang='grc' dir='ltr'>εἶναι</span> <span class='ocrx_word' id='word_1_584' title='bbox 3122 3914 3248 3976; x_wconf 81' lang='grc' dir='ltr'>τοὺς</span> <span class='ocrx_word' id='word_1_585' title='bbox 3282 3912 3500 3983; x_wconf 85' lang='grc' dir='ltr'>ἀληθῶς</span> <span class='ocrx_word' id='word_1_586' title='bbox 3528 3930 3673 3966; x_wconf 84' lang='grc' dir='ltr'>πτω-</span> 
     </span>
    </p>
   </div>
   <div class='ocr_carea' id='block_1_95' title="bbox 2104 4004 2975 4097">
    <p class='ocr_par' dir='ltr' id='par_1_95' title="bbox 2104 4004 2975 4097">
     <span class='ocr_line' id='line_1_95' title="bbox 2104 4004 2975 4097; baseline -0.006 -35"><span class='ocrx_word' id='word_1_587' title='bbox 2104 4009 2358 4081; x_wconf 85' lang='grc' dir='ltr'>χεύοντας</span> <span class='ocrx_word' id='word_1_588' title='bbox 2385 4006 2462 4078; x_wconf 82' lang='grc' dir='ltr'>τῷ</span> <span class='ocrx_word' id='word_1_589' title='bbox 2484 4004 2774 4076; x_wconf 84' lang='grc' dir='ltr'>πνεύματι.</span> <span class='ocrx_word' id='word_1_590' title='bbox 2964 4068 2975 4097; x_wconf 49' lang='grc' dir='ltr'><em>Ι</em></span> 
     </span>
    </p>
   </div>
   <div class='ocr_carea' id='block_1_96' title="bbox 2173 4278 3676 4352">
    <p class='ocr_par' dir='ltr' id='par_1_96' title="bbox 2173 4278 3676 4352">
     <span class='ocr_line' id='line_1_96' title="bbox 2173 4278 3676 4352; baseline 0.002 -16"><span class='ocrx_word' id='word_1_591' title='bbox 2173 4281 2394 4345; x_wconf 83' lang='grc' dir='ltr'>Τούτοις</span> <span class='ocrx_word' id='word_1_592' title='bbox 2421 4280 2809 4352; x_wconf 86' lang='grc' dir='ltr'>προσετίθεσαν</span> <span class='ocrx_word' id='word_1_593' title='bbox 2836 4278 2943 4333; x_wconf 84' lang='grc' dir='ltr'><strong>τῶν</strong></span> <span class='ocrx_word' id='word_1_594' title='bbox 2969 4280 3304 4352; x_wconf 84' lang='grc' dir='ltr'>Ἐκκλησιῶν</span> <span class='ocrx_word' id='word_1_595' title='bbox 3334 4285 3428 4338; x_wconf 73' lang='grc' dir='ltr'><strong>καὶ</strong></span> <span class='ocrx_word' id='word_1_596' title='bbox 3456 4285 3565 4338; x_wconf 85' lang='grc' dir='ltr'><strong>τῶν</strong></span> <span class='ocrx_word' id='word_1_597' title='bbox 3582 4286 3676 4339; x_wconf 87' lang='grc' dir='ltr'>θυ-</span> 
     </span>
    </p>
   </div>
   <div class='ocr_carea' id='block_1_97' title="bbox 2106 4371 3675 4447">
    <p class='ocr_par' dir='ltr' id='par_1_97' title="bbox 2106 4371 3675 4447">
     <span class='ocr_line' id='line_1_97' title="bbox 2106 4371 3675 4447; baseline 0.002 -20"><span class='ocrx_word' id='word_1_598' title='bbox 2106 4373 2435 4444; x_wconf 74' lang='grc' dir='ltr'>σιαστηρίων</span> <span class='ocrx_word' id='word_1_599' title='bbox 2458 4371 2778 4441; x_wconf 72' lang='grc' dir='ltr'>ὑπεροψίαν,</span> <span class='ocrx_word' id='word_1_600' title='bbox 2804 4372 2877 4434; x_wconf 84' lang='grc' dir='ltr'>ὡς</span> <span class='ocrx_word' id='word_1_601' title='bbox 2900 4372 3016 4424; x_wconf 83' lang='grc' dir='ltr'>δέον</span> <span class='ocrx_word' id='word_1_602' title='bbox 3036 4375 3163 4435; x_wconf 82' lang='grc' dir='ltr'>τοὺς</span> <span class='ocrx_word' id='word_1_603' title='bbox 3183 4374 3446 4443; x_wconf 77' lang='grc' dir='ltr'>ἀσκητάς,</span> <span class='ocrx_word' id='word_1_604' title='bbox 3475 4376 3645 4447; x_wconf 82' lang='grc' dir='ltr'>ὲκκλη</span> <span class='ocrx_word' id='word_1_605' title='bbox 3661 4406 3675 4417; x_wconf 90' lang='lat'><strong>-</strong></span> 
     </span>
    </p>
   </div>
   <div class='ocr_carea' id='block_1_98' title="bbox 2105 4462 3671 4535">
    <p class='ocr_par' dir='ltr' id='par_1_98' title="bbox 2105 4462 3671 4535">
     <span class='ocr_line' id='line_1_98' title="bbox 2105 4462 3671 4535; baseline 0.001 -17"><span class='ocrx_word' id='word_1_606' title='bbox 2105 4466 2414 4526; x_wconf 86' lang='grc' dir='ltr'>σιαστικαῖς</span> <span class='ocrx_word' id='word_1_607' title='bbox 2451 4463 2547 4533; x_wconf 84' lang='grc' dir='ltr'>μὲν</span> <span class='ocrx_word' id='word_1_608' title='bbox 2580 4464 2656 4532; x_wconf 81' lang='grc' dir='ltr'>μὴ</span> <span class='ocrx_word' id='word_1_609' title='bbox 2680 4463 3018 4532; x_wconf 77' lang='grc' dir='ltr'>παραμένειν</span> <span class='ocrx_word' id='word_1_610' title='bbox 3055 4462 3361 4528; x_wconf 79' lang='grc' dir='ltr'>συνάξεσιν,</span> <span class='ocrx_word' id='word_1_611' title='bbox 3385 4465 3671 4535; x_wconf 85' lang='grc' dir='ltr'>ἀρκεῖσθαι</span> 
     </span>
    </p>
   </div>
   <div class='ocr_carea' id='block_1_99' title="bbox 2101 4552 3670 4623">
    <p class='ocr_par' dir='ltr' id='par_1_99' title="bbox 2101 4552 3670 4623">
     <span class='ocr_line' id='line_1_99' title="bbox 2101 4552 3670 4623; baseline -0.001 -15"><span class='ocrx_word' id='word_1_612' title='bbox 2101 4555 2158 4608; x_wconf 72' lang='grc' dir='ltr'><strong>δὲ</strong></span> <span class='ocrx_word' id='word_1_613' title='bbox 2185 4556 2304 4614; x_wconf 85' lang='grc' dir='ltr'>ταῖς</span> <span class='ocrx_word' id='word_1_614' title='bbox 2332 4555 2390 4607; x_wconf 84' lang='grc' dir='ltr'><strong>έν</strong></span> <span class='ocrx_word' id='word_1_615' title='bbox 2421 4554 2532 4614; x_wconf 81' lang='grc' dir='ltr'>τοῖς</span> <span class='ocrx_word' id='word_1_616' title='bbox 2566 4552 2876 4622; x_wconf 80' lang='grc' dir='ltr'>εὐκτηρίοις</span> <span class='ocrx_word' id='word_1_617' title='bbox 2919 4552 3097 4606; x_wconf 79' lang='grc' dir='ltr'>αὐτῶν</span> <span class='ocrx_word' id='word_1_618' title='bbox 3128 4553 3338 4621; x_wconf 65' lang='grc' dir='ltr'>εὐχαῖς.</span> <span class='ocrx_word' id='word_1_619' title='bbox 3391 4555 3670 4623; x_wconf 77' lang='grc' dir='ltr'>Τοσαύτην</span> 
     </span>
    </p>
   </div>
   <div class='ocr_carea' id='block_1_100' title="bbox 2101 4637 3666 4714">
    <p class='ocr_par' dir='ltr' id='par_1_100' title="bbox 2101 4637 3666 4714">
     <span class='ocr_line' id='line_1_100' title="bbox 2101 4637 3666 4714; baseline -0.003 -17"><span class='ocrx_word' id='word_1_620' title='bbox 2101 4644 2210 4714; x_wconf 77' lang='grc' dir='ltr'>γὰρ</span> <span class='ocrx_word' id='word_1_621' title='bbox 2240 4642 2425 4711; x_wconf 73' lang='grc' dir='ltr'>ἔλεγον</span> <span class='ocrx_word' id='word_1_622' title='bbox 2454 4637 2593 4693; x_wconf 77' lang='grc' dir='ltr'>εἶναι</span> <span class='ocrx_word' id='word_1_623' title='bbox 2627 4640 2725 4710; x_wconf 86' lang='grc' dir='ltr'>τῆς</span> <span class='ocrx_word' id='word_1_624' title='bbox 2749 4643 3059 4710; x_wconf 86' lang='grc' dir='ltr'>προσευχῆς</span> <span class='ocrx_word' id='word_1_625' title='bbox 3094 4639 3113 4678; x_wconf 68' lang='grc' dir='ltr'><strong>ί</strong></span> <span class='ocrx_word' id='word_1_626' title='bbox 3139 4641 3236 4709; x_wconf 76' lang='grc' dir='ltr'>τὴν</span> <span class='ocrx_word' id='word_1_627' title='bbox 3260 4641 3509 4711; x_wconf 86' lang='grc' dir='ltr'>δύναμιν,</span> <span class='ocrx_word' id='word_1_628' title='bbox 3529 4642 3666 4694; x_wconf 81' lang='grc' dir='ltr'>ὥστε</span> 
     </span>
    </p>
   </div>
   <div class='ocr_carea' id='block_1_101' title="bbox 2104 4727 3660 4799">
    <p class='ocr_par' dir='ltr' id='par_1_101' title="bbox 2104 4727 3660 4799">
     <span class='ocr_line' id='line_1_101' title="bbox 2104 4727 3660 4799; baseline -0.003 -14"><span class='ocrx_word' id='word_1_629' title='bbox 2104 4733 2285 4795; x_wconf 84' lang='grc' dir='ltr'>αὐτοῖς</span> <span class='ocrx_word' id='word_1_630' title='bbox 2314 4748 2371 4784; x_wconf 91' lang='grc' dir='ltr'><strong>τε</strong></span> <span class='ocrx_word' id='word_1_631' title='bbox 2395 4730 2491 4784; x_wconf 72' lang='grc' dir='ltr'><strong>καὶ</strong></span> <span class='ocrx_word' id='word_1_632' title='bbox 2523 4730 2633 4791; x_wconf 88' lang='grc' dir='ltr'>τοῖς</span> <span class='ocrx_word' id='word_1_633' title='bbox 2660 4728 2787 4799; x_wconf 88' lang='grc' dir='ltr'>παρ’</span> <span class='ocrx_word' id='word_1_634' title='bbox 2814 4727 2990 4782; x_wconf 84' lang='grc' dir='ltr'>αὐτῶν</span> <span class='ocrx_word' id='word_1_635' title='bbox 3021 4727 3452 4799; x_wconf 79' lang='grc' dir='ltr'>μαθητευθεῖσιν,</span> <span class='ocrx_word' id='word_1_636' title='bbox 3473 4728 3660 4799; x_wconf 80' lang='grc' dir='ltr'>αίσθηο</span> 
     </span>
    </p>
   </div>
   <div class='ocr_carea' id='block_1_102' title="bbox 2101 4816 3666 4890">
    <p class='ocr_par' dir='ltr' id='par_1_102' title="bbox 2101 4816 3666 4890">
     <span class='ocr_line' id='line_1_102' title="bbox 2101 4816 3666 4890; baseline -0.003 -15"><span class='ocrx_word' id='word_1_637' title='bbox 2101 4823 2209 4886; x_wconf 87' lang='grc' dir='ltr'><strong>τῶς</strong></span> <span class='ocrx_word' id='word_1_638' title='bbox 2245 4822 2307 4875; x_wconf 80' lang='grc' dir='ltr'><strong>τὸ</strong></span> <span class='ocrx_word' id='word_1_639' title='bbox 2332 4819 2556 4890; x_wconf 79' lang='grc' dir='ltr'>Πνεῦμα</span> <span class='ocrx_word' id='word_1_640' title='bbox 2593 4820 2652 4871; x_wconf 75' lang='grc' dir='ltr'>τδ</span> <span class='ocrx_word' id='word_1_641' title='bbox 2703 4818 2856 4885; x_wconf 84' lang='grc' dir='ltr'>ἆγιον</span> <span class='ocrx_word' id='word_1_642' title='bbox 2902 4817 3298 4886; x_wconf 77' lang='grc' dir='ltr'>ἐπιφαίνεσθαι.</span> <span class='ocrx_word' id='word_1_643' title='bbox 3335 4816 3666 4888; x_wconf 82' lang='grc' dir='ltr'>Τερατεύον-</span> 
     </span>
    </p>
   </div>
   <div class='ocr_carea' id='block_1_103' title="bbox 2102 4908 3668 4985">
    <p class='ocr_par' dir='ltr' id='par_1_103' title="bbox 2102 4908 3668 4985">
     <span class='ocr_line' id='line_1_103' title="bbox 2102 4908 3668 4985; baseline -0.004 -16"><span class='ocrx_word' id='word_1_644' title='bbox 2102 4932 2194 4969; x_wconf 90' lang='grc' dir='ltr'><strong>ται</strong></span> <span class='ocrx_word' id='word_1_645' title='bbox 2224 4913 2355 4985; x_wconf 82' lang='grc' dir='ltr'>γὰρ,</span> <span class='ocrx_word' id='word_1_646' title='bbox 2374 4913 2451 4975; x_wconf 86' lang='grc' dir='ltr'>ὼς</span> <span class='ocrx_word' id='word_1_647' title='bbox 2482 4910 2587 4981; x_wconf 87' lang='grc' dir='ltr'>χρὴ</span> <span class='ocrx_word' id='word_1_648' title='bbox 2613 4911 2738 4972; x_wconf 82' lang='grc' dir='ltr'>τοὺς</span> <span class='ocrx_word' id='word_1_649' title='bbox 2768 4910 3005 4978; x_wconf 83' lang='grc' dir='ltr'>σωθῆναι</span> <span class='ocrx_word' id='word_1_650' title='bbox 3041 4908 3393 4979; x_wconf 81' lang='grc' dir='ltr'>βουλομένους</span> <span class='ocrx_word' id='word_1_651' title='bbox 3423 4909 3519 4961; x_wconf 73' lang='grc' dir='ltr'>ἐπὶ</span> <span class='ocrx_word' id='word_1_652' title='bbox 3543 4925 3668 4962; x_wconf 86' lang='grc' dir='ltr'>τοσ-</span> 
     </span>
    </p>
   </div>
   <div class='ocr_carea' id='block_1_104' title="bbox 2102 4998 3673 5075">
    <p class='ocr_par' dir='ltr' id='par_1_104' title="bbox 2102 4998 3673 5075">
     <span class='ocr_line' id='line_1_104' title="bbox 2102 4998 3673 5075; baseline -0.005 -15"><span class='ocrx_word' id='word_1_653' title='bbox 2102 5006 2257 5060; x_wconf 89' lang='grc' dir='ltr'>οῦτον</span> <span class='ocrx_word' id='word_1_654' title='bbox 2287 5002 2711 5075; x_wconf 79' lang='grc' dir='ltr'>προσεύχεσθαι,</span> <span class='ocrx_word' id='word_1_655' title='bbox 2753 5000 2906 5053; x_wconf 83' lang='grc' dir='ltr'>οὐδὲν</span> <span class='ocrx_word' id='word_1_656' title='bbox 2958 5000 3020 5052; x_wconf 82' lang='grc' dir='ltr'><strong>τὸ</strong></span> <span class='ocrx_word' id='word_1_657' title='bbox 3048 4999 3305 5070; x_wconf 87' lang='grc' dir='ltr'>παράπαν</span> <span class='ocrx_word' id='word_1_658' title='bbox 3342 4998 3530 5068; x_wconf 72' lang='grc' dir='ltr'>ἕτερον</span> <span class='ocrx_word' id='word_1_659' title='bbox 3554 4998 3673 5053; x_wconf 82' lang='grc' dir='ltr'>δια-</span> 
     </span>
    </p>
   </div>
   <div class='ocr_carea' id='block_1_105' title="bbox 2103 5088 3673 5166">
    <p class='ocr_par' dir='ltr' id='par_1_105' title="bbox 2103 5088 3673 5166">
     <span class='ocr_line' id='line_1_105' title="bbox 2103 5088 3673 5166; baseline -0.004 -16"><span class='ocrx_word' id='word_1_660' title='bbox 2103 5094 2532 5166; x_wconf 80' lang='grc' dir='ltr'>πραττομένους,</span> <span class='ocrx_word' id='word_1_661' title='bbox 2560 5092 2665 5154; x_wconf 76' lang='grc' dir='ltr'>ἓως</span> <span class='ocrx_word' id='word_1_662' title='bbox 2699 5091 2763 5146; x_wconf 87' lang='grc' dir='ltr'>ἂν</span> <span class='ocrx_word' id='word_1_663' title='bbox 2792 5091 2891 5161; x_wconf 86' lang='grc' dir='ltr'><strong>τῆς</strong></span> <span class='ocrx_word' id='word_1_664' title='bbox 2928 5091 3028 5160; x_wconf 78' lang='grc' dir='ltr'>μὲν</span> <span class='ocrx_word' id='word_1_665' title='bbox 3055 5089 3327 5161; x_wconf 87' lang='grc' dir='ltr'>ἁμαρτίας</span> <span class='ocrx_word' id='word_1_666' title='bbox 3353 5088 3673 5159; x_wconf 75' lang='grc' dir='ltr'>αἴσθωνται,</span> 
     </span>
    </p>
   </div>
   <div class='ocr_carea' id='block_1_106' title="bbox 2102 5180 3674 5258">
    <p class='ocr_par' dir='ltr' id='par_1_106' title="bbox 2102 5180 3674 5258">
     <span class='ocr_line' id='line_1_106' title="bbox 2102 5180 3674 5258; baseline -0.004 -17"><span class='ocrx_word' id='word_1_667' title='bbox 2102 5186 2352 5258; x_wconf 81' lang='grc' dir='ltr'>καθάπερ</span> <span class='ocrx_word' id='word_1_668' title='bbox 2385 5183 2592 5238; x_wconf 84' lang='grc' dir='ltr'>καπνοῦ</span> <span class='ocrx_word' id='word_1_669' title='bbox 2618 5199 2782 5248; x_wconf 88' lang='grc' dir='ltr'>τινος,</span> <span class='ocrx_word' id='word_1_670' title='bbox 2810 5181 2843 5252; x_wconf 80' lang='grc' dir='ltr'>ἢ</span> <span class='ocrx_word' id='word_1_671' title='bbox 2871 5181 3044 5252; x_wconf 80' lang='grc' dir='ltr'>πυρὸς</span> <span class='ocrx_word' id='word_1_672' title='bbox 3065 5220 3080 5246; x_wconf 90' lang='grc'><strong>,</strong></span> <span class='ocrx_word' id='word_1_673' title='bbox 3116 5180 3150 5251; x_wconf 86' lang='grc' dir='ltr'>ἢ</span> <span class='ocrx_word' id='word_1_674' title='bbox 3179 5180 3493 5253; x_wconf 87' lang='grc' dir='ltr'>δράκοντος,</span> <span class='ocrx_word' id='word_1_675' title='bbox 3521 5183 3557 5254; x_wconf 75' lang='grc' dir='ltr'>ἦ</span> <span class='ocrx_word' id='word_1_676' title='bbox 3592 5199 3674 5235; x_wconf 87' lang='grc' dir='ltr'>τι-</span> 
     </span>
    </p>
   </div>
   <div class='ocr_carea' id='block_1_107' title="bbox 1699 5385 2383 5445">
    <p class='ocr_par' dir='ltr' id='par_1_107' title="bbox 1699 5385 2383 5445">
     <span class='ocr_line' id='line_1_107' title="bbox 1699 5385 2383 5445; baseline -0.001 -2"><span class='ocrx_word' id='word_1_677' title='bbox 1699 5387 1936 5443; x_wconf 71' lang='lat' dir='ltr'><strong>VARIAE</strong></span> <span class='ocrx_word' id='word_1_678' title='bbox 1979 5385 2383 5445; x_wconf 83' lang='lat' dir='ltr'><strong>LECTIONES.</strong></span> 
     </span>
    </p>
   </div>
   <div class='ocr_carea' id='block_1_108' title="bbox 502 5547 3670 5634">
    <p class='ocr_par' dir='ltr' id='par_1_108' title="bbox 502 5547 3670 5634">
     <span class='ocr_line' id='line_1_108' title="bbox 502 5547 3670 5634; baseline 0 -24"><span class='ocrx_word' id='word_1_679' title='bbox 502 5547 773 5634; x_wconf 32' lang='lat' dir='ltr'><strong>&quot;ullgjnet</strong></span> <span class='ocrx_word' id='word_1_680' title='bbox 793 5556 1006 5634; x_wconf 45' lang='lat' dir='ltr'><strong>cod.h_S.</strong></span> <span class='ocrx_word' id='word_1_681' title='bbox 1026 5557 1133 5634; x_wconf 84' lang='lat' dir='ltr'><strong>l_l_il.</strong></span> <span class='ocrx_word' id='word_1_682' title='bbox 1163 5559 1403 5634; x_wconf 72' lang='grc' dir='ltr'>ἔσεσθαι,</span> <span class='ocrx_word' id='word_1_683' title='bbox 1428 5563 1509 5634; x_wconf 85' lang='lat' dir='ltr'><strong>sic</strong></span> <span class='ocrx_word' id='word_1_684' title='bbox 1537 5572 1694 5634; x_wconf 71' lang='lat' dir='ltr'><strong>vetus</strong></span> <span class='ocrx_word' id='word_1_685' title='bbox 1720 5563 1949 5634; x_wconf 88' lang='lat' dir='ltr'><strong>interpr.</strong></span> <span class='ocrx_word' id='word_1_686' title='bbox 1981 5564 2113 5634; x_wconf 80' lang='lat' dir='ltr'><strong>fore.</strong></span> <span class='ocrx_word' id='word_1_687' title='bbox 2193 5576 2213 5604; x_wconf 74' lang='grc' dir='ltr'><strong><em>ο</em></strong></span> <span class='ocrx_word' id='word_1_688' title='bbox 2248 5566 2338 5620; x_wconf 87' lang='lat' dir='ltr'><strong>Sic</strong></span> <span class='ocrx_word' id='word_1_689' title='bbox 2369 5564 2498 5633; x_wconf 76' lang='lat' dir='ltr'><strong>Reg.</strong></span> <span class='ocrx_word' id='word_1_690' title='bbox 2531 5562 2671 5618; x_wconf 65' lang='lat'><strong>2508</strong></span> <span class='ocrx_word' id='word_1_691' title='bbox 2700 5559 3083 5634; x_wconf 68' lang='lat' dir='ltr'><strong>alii,3‘:a_u96;.</strong></span> <span class='ocrx_word' id='word_1_692' title='bbox 3117 5629 3137 5634; x_wconf 74' lang='lat'><em>_</em></span> <span class='ocrx_word' id='word_1_693' title='bbox 3159 5556 3185 5597; x_wconf 71' lang='grc' dir='ltr'><strong>(ι</strong></span> <span class='ocrx_word' id='word_1_694' title='bbox 3219 5556 3402 5634; x_wconf 69' lang='lat' dir='ltr'><strong>Deest,</strong></span> <span class='ocrx_word' id='word_1_695' title='bbox 3425 5573 3670 5634; x_wconf 79' lang='grc' dir='ltr'>χρησαμ.</span> 
     </span>
    </p>
   </div>
   <div class='ocr_carea' id='block_1_109' title="bbox 430 5616 3081 5707">
    <p class='ocr_par' dir='ltr' id='par_1_109' title="bbox 430 5616 3081 5707">
     <span class='ocr_line' id='line_1_109' title="bbox 430 5616 3081 5707; baseline -0.002 -20"><span class='ocrx_word' id='word_1_696' title='bbox 608 5618 815 5707; x_wconf 37' lang='grc' dir='ltr'><strong>,ξδθξιη</strong></span> <span class='ocrx_word' id='word_1_697' title='bbox 858 5636 882 5662; x_wconf 87' lang='grc'>⁶</span> <span class='ocrx_word' id='word_1_698' title='bbox 911 5624 1003 5707; x_wconf 46' lang='grc' dir='ltr'>ξε</span> <span class='ocrx_word' id='word_1_699' title='bbox 1033 5627 1236 5707; x_wconf 57' lang='grc' dir='ltr'><strong>εῖτ-ρειιο</strong></span> <span class='ocrx_word' id='word_1_700' title='bbox 1264 5616 1402 5687; x_wconf 55' lang='lat' dir='ltr'><strong>Duc.</strong></span> <span class='ocrx_word' id='word_1_701' title='bbox 1428 5616 1688 5689; x_wconf 66' lang='lat' dir='ltr'><strong>edidites</strong></span> <span class='ocrx_word' id='word_1_702' title='bbox 2159 5616 2570 5699; x_wconf 37' lang='lat' dir='ltr'><strong>aurifer—6&amp;5;</strong></span> <span class='ocrx_word' id='word_1_703' title='bbox 2592 5616 3081 5702; x_wconf 72' lang='grc' dir='ltr'>ἀποταττομένουξ,</span> 
     </span>
    </p>
   </div>
   <div class='ocr_carea' id='block_1_110' title="bbox 429 5686 1182 5765">
    <p class='ocr_par' dir='ltr' id='par_1_110' title="bbox 429 5686 1182 5765">
     <span class='ocr_line' id='line_1_110' title="bbox 429 5686 1182 5765; baseline 0.012 -25"><span class='ocrx_word' id='word_1_704' title='bbox 429 5686 643 5756; x_wconf 65' lang='grc' dir='ltr'>μένους.</span> <span class='ocrx_word' id='word_1_705' title='bbox 726 5690 743 5728; x_wconf 71' lang='grc' dir='ltr'><em>τ</em></span> <span class='ocrx_word' id='word_1_706' title='bbox 777 5690 909 5761; x_wconf 80' lang='lat' dir='ltr'><strong>Reg.</strong></span> <span class='ocrx_word' id='word_1_707' title='bbox 934 5694 969 5747; x_wconf 73' lang='lat'><strong>2</strong></span> <span class='ocrx_word' id='word_1_708' title='bbox 999 5695 1182 5765; x_wconf 78' lang='grc' dir='ltr'>εὐχῆς.</span> 
     </span>
    </p>
   </div>
   <div class='ocr_carea' id='block_1_111' title="bbox 3113 5628 3669 5700">
    <p class='ocr_par' dir='ltr' id='par_1_111' title="bbox 3113 5628 3669 5700">
     <span class='ocr_line' id='line_1_111' title="bbox 3113 5628 3669 5700; baseline -0.004 -19"><span class='ocrx_word' id='word_1_709' title='bbox 3113 5629 3145 5700; x_wconf 74' lang='grc' dir='ltr'>ἢ</span> <span class='ocrx_word' id='word_1_710' title='bbox 3174 5628 3301 5692; x_wconf 80' lang='grc' dir='ltr'>τοὺς</span> <span class='ocrx_word' id='word_1_711' title='bbox 3333 5667 3345 5680; x_wconf 95' lang='grc'>.</span> <span class='ocrx_word' id='word_1_712' title='bbox 3383 5666 3398 5681; x_wconf 97' lang='grc'>.</span> <span class='ocrx_word' id='word_1_713' title='bbox 3425 5667 3437 5681; x_wconf 95' lang='grc'>.</span> <span class='ocrx_word' id='word_1_714' title='bbox 3468 5665 3482 5682; x_wconf 95' lang='grc'>.</span> <span class='ocrx_word' id='word_1_715' title='bbox 3508 5628 3669 5699; x_wconf 81' lang='grc' dir='ltr'>ἀρχο-</span> 
     </span>
    </p>
   </div>
  </div>
