4090 6148
449 316 591 381 733,

1651 318 1748 381 DE
1783 312 2237 380 H/ERESIBUS
2269 313 2528 378 LIBER.

3482 373 3491 381 .
3599 311 3708 378 731

449 443 538 490 νος
565 425 809 482 τοιούτου
833 416 1046 499 θηρίου,
1083 428 1172 483 διὰ
1207 428 1308 499 τῆς
1339 428 1650 501 προσευχῆς
1673 426 2019 498 ἐξελαυνομέ-

2140 427 2262 493 huc,
2300 426 2569 482 orationis
2618 426 2673 481 vi
2723 424 3049 496 expellatur,
3084 440 3147 480 ac
3180 438 3277 496 per
3305 438 3496 495 preces
3527 425 3707 479 sensi-

447 535 566 589 νης,
594 519 690 573 καί
718 519 989 593 αἰσθητῶς
1008 521 1099 574 διά
1126 521 1236 574 τῶν
1274 521 1593 591 προσευχῶν
1615 520 1864 590 ἐξιούσης
1884 537 1899 552 ο
1932 517 2027 574 τοῦ

451 609 768 680 Πνεύματος
805 610 863 664 δὲ
891 611 985 664 τοῦ
1030 610 1187 679 ἁγίου
1218 610 1383 663 πάλιν
1406 609 1503 681 τὴν
1528 609 1732 664 είσοδον
1754 609 2029 678 αἰσθητῶς

449 698 839 761 ὑποδέξωνται,
867 699 963 752 καὶ
987 699 1228 769 φανερὰν
1255 700 1313 751 ἐν
1341 701 1407 768 τῇ
1442 698 1588 769 ψυχῇ
1615 698 1810 770 ἔχωσιν
1839 698 2027 769 αἴσθη-

448 804 533 841 σιν
555 787 658 857 τῆς
700 787 906 841 εἰσόδου
963 788 1059 841 τοῦ
1098 788 1439 858 Πνεύματος.
1487 790 1600 841 Καὶ
1651 789 1860 860 ταύτην
1888 786 2028 843 εἶναι

440 879 546 950 τὴν
583 878 850 949 ἀληθινὴν
873 877 984 931 τῶν
1010 878 1356 951 Χριστιανῶν
1387 879 1671 934 κοινωνίαν
1691 898 1704 912 ⁸
1757 879 1879 933 οὐδὲ
1917 879 2027 950 γὰρ

446 971 505 1025 ἐν
531 968 611 1040 τῷ
645 968 987 1039 βαπτίσματι
1012 971 1112 1040 τῆς
1137 971 1453 1043 ἐκκλησίας,
1485 970 1518 1041 ἢ
1544 973 1663 1034 ταῖς
1686 969 1792 1023 τῶν
1824 969 1927 1040 κλη
1945 986 2026 1040 ρι-

449 1061 561 1115 κῶν
579 1060 928 1132 χειροτονίαι,
956 1062 1117 1131 ἁγίου
1153 1061 1292 1115 Πνεύ
1302 1080 1470 1133 ματος
1500 1063 1718 1125 πάντως
1746 1061 2027 1133 μεταλαμ-

449 1153 632 1208 ϐάνειν
656 1154 785 1218 τοὺς
820 1154 1272 1225 βαπτιζομένους,
1301 1157 1349 1209 εἰ
1378 1155 1452 1227 μὴ
1481 1157 1606 1218 ταῖς
1639 1154 1819 1208 αὐτῶν
1853 1171 2023 1224 προσ-

449 1246 636 1315 ευχαῖς
688 1243 1121 1316 φιλοπονώτερον
1152 1246 1557 1315 κοινωνήσοιεν,
1612 1245 1708 1299 καὶ
1739 1244 1925 1299 λαϐεῖν
1958 1243 2024 1297 ἁν

447 1352 570 1391 τινα
603 1337 699 1391 καί
730 1335 851 1407 δίχα
877 1336 972 1390 τοῦ
1009 1336 1410 1408 βαπτίσματος,
1450 1337 1547 1391 τοῦ
1579 1336 1736 1406 ἁγίου
1767 1336 2024 1408 Πνεύμα-

446 1443 540 1489 τος
571 1425 878 1491 κοινωνίαν,
910 1428 957 1480 εἰ
980 1427 1318 1496 παραμένειν
1364 1426 1548 1490 αὐτοῖς
1584 1425 1880 1496 ἐθελήσειε,
1930 1425 2023 1479 καί⁹

447 1516 560 1579 τοῖς
580 1515 804 1569 ἐκείνων
836 1514 1241 1587 μαθητεύεσθαι
1270 1516 1536 1586 δόγμασιν
1561 1534 1574 1549 ·
1616 1516 1692 1581 ὡς
1721 1516 1817 1570 καὶ
1847 1533 2020 1587 πρεσ-

444 1606 692 1678 ϐυτέρων
724 1606 989 1662 εἰπόντων
1022 1607 1207 1671 αὐτοῖς
1229 1646 1244 1673 ,
1275 1608 1460 1660 ὄτιἘν
1493 1606 1672 1660 πίστει
1699 1607 1762 1660 τὸ
1793 1606 2018 1674 Πνεῦμα

445 1700 508 1751 τὸ
540 1698 693 1767 ἅγιον
718 1692 1086 1769 ὁμολογοῦμεν
1108 1697 1133 1750 ἐ
1139 1715 1274 1768 χειν,
1304 1698 1397 1751 καὶ
1425 1698 1525 1751 οὐκ
1547 1698 1818 1768 αἰσθήσει,
1849 1699 2022 1764 ἐπαγ-

2130 517 2228 572 bili
2293 516 2459 572 modo
2535 516 2818 584 discedat;
2887 519 3199 585 ingressum
3270 530 3402 569 vero
3461 513 3706 583 Spiritus

2131 608 2312 664 sancti
2370 622 2539 663 sensu
2592 622 2812 678 quoque
2864 608 2985 678 ipso
3045 606 3435 675 suscipientes.
3490 606 3709 675 perspi-

2130 715 2295 754 cuum
2319 700 2504 754 animo
2535 699 2808 770 ejusmodi
2854 699 3142 769 ingressus
3175 713 3400 755 sensum
3433 697 3706 765 babeapt;

2130 789 2381 860 hancque
2428 805 2613 845 veram
2664 805 2793 845 esse
2845 789 3290 846 Christianorum
3357 789 3707 843 communio-

2129 896 2276 935 nem.
2316 879 2426 936 Nec
2464 882 2611 937 enim
2643 896 2738 951 per
2757 881 3118 951 baptismum,
3160 895 3262 935 nec
3312 895 3411 950 per
3442 893 3705 932 manuum

2128 973 2458 1029 clericorum
2526 973 2958 1044 impositionem,
3034 973 3148 1027 ullo
3214 970 3704 1042 modo'Spiritus

2129 1066 2309 1119 sancti
2360 1065 2660 1134 participes
2714 1065 2855 1127 fieri,
2917 1064 3011 1134 qui
3063 1063 3339 1133 baptismo
3390 1063 3701 1133 tinguntur,

2127 1157 2234 1211 nisi
2288 1155 2618 1211 assiduitate
2677 1154 2875 1225 majori
2927 1154 3272 1210 orationibus
3324 1154 3698 1210 incubuerint.

2126 1246 2271 1312 Quin
2321 1247 2484 1302 etiam
2541 1246 2662 1301 sine
2726 1246 3001 1316 baptismo
3077 1244 3381 1314 quemlibet
3457 1245 3703 1313 Spiritus

2124 1337 2305 1392 sancti
2368 1336 2689 1406 participem
2752 1336 2867 1391 lieri
2932 1349 3116 1405 posse,
3171 1335 3337 1389 modo
3371 1333 3517 1404 apud
3548 1336 3700 1402 ipsos

2125 1439 2481 1495 perseverare
2538 1422 2795 1487 voluerit,
2861 1437 3075 1492 suaque
3143 1421 3397 1477 doctrina
3454 1421 3700 1475 imbutus

2123 1513 2292 1569 fuerit
2326 1532 2338 1567 :
2377 1522 2436 1567 ut
2462 1528 2588 1569 cum
2623 1513 2934 1584 presbyteri
2973 1512 3197 1581 quidam
3255 1512 3529 1567 dixissent
3570 1511 3697 1566 eis:

2122 1619 2222 1661 nos
2251 1604 2518 1675 Spiritum
2566 1611 2822 1660 sanctum
2873 1619 2968 1673 per
3015 1602 3174 1657 [idem
3229 1603 3420 1658 haberi
3473 1602 3701 1657 conﬁte-

2124 1711 2265 1762 mur,
2292 1709 2404 1750 non
2442 1710 2574 1750 vero
2606 1709 2703 1763 per
2737 1709 2994 1761 sensum;
3038 1694 3142 1763 ipsi
3179 1692 3432 1762 polliceri
3468 1693 3700 1747 minime

447 1757 728 1858 γείλασθαι
754 1757 861 1844 ’καὶ
893 1757 1101 1854 αὐτοῖς,
1129 1757 1218 1842 δίἁ
1245 1757 1346 1859 τῆς
1375 1791 1474 1844 σὺν
1505 1757 2019 1861 αὐτοῖς’προσευχέις

2124 1757 2519 1850 dubitaverint,
2564 1757 2678 1841 illis
2710 1802 2934 1857 quoque
2966 1757 3211 1856 Spiritus
3239 1800 3467 1842 sensum
3503 1787 3695 1839 datum

452 1879 911 1952 μεταδοθήσεσθαι
931 1880 1032 1946 τῆς
1060 1880 1364 1951 αἰσθήσεως
1386 1878 1479 1932 τοῦ
1511 1880 1846 1950 Πνεύματος.
1884 1881 2022 1933 Τοσ-

441 1971 599 2035 οῦτος
625 1971 683 2024 δέ
732 1972 880 2025 ἐστιν
930 1970 1112 2023 αὐτῶν
1141 1970 1243 2039 τῆς
1280 1969 1597 2033 ἀλαζονείας
1648 1972 1677 2023 ό
1727 1969 1914 2038 τῦφος,
1947 1970 2024 2033 ὡς

442 2063 572 2125 τοὺς
621 2061 991 2132 μετασχόντας
1024 2061 1155 2130 παρ’
1182 2060 1364 2124 αὐτοῖς
1410 2059 1572 2130 δῆθεν
1600 2059 1701 2129 τῆς
1727 2059 1822 2112 τοῦ
1852 2059 2024 2115 Πνεύ-

447 2169 615 2224 ματος
651 2152 954 2223 αἰσθήσεως
1009 2151 1408 2222 μακαρίζεσθαι
1454 2151 1547 2204 ὑπ’
1593 2152 1795 2215 αὐτῶν,
1834 2153 1910 2216 ὡς
1933 2170 2022 2206 τεο

436 2242 620 2306 λείους
660 2244 754 2297 καί
780 2244 962 2312 πάσης
984 2242 1260 2313 ἁμαρτίας
1293 2242 1631 2311 ἐλευθέρους,
1663 2244 1755 2297 καί
1779 2242 2023 2312 κρείττοο

445 2350 565 2397 νας,
599 2333 694 2386 καὶ
727 2333 1032 2404 περιέπειν,
1065 2332 1161 2386 καὶ
1194 2333 1469 2396 σέϐεσθαι,
1502 2333 1577 2396 ὡς
1618 2335 1692 2406 μὴ
1723 2335 2018 2404 ὑποκειμέ-

443 2439 569 2487 νους
600 2422 680 2475 ἔτι
730 2421 1000 2486 κινδύνοις
1044 2421 1346 2493 ἁμαρτίας.
1390 2420 1552 2473 Ἀλλά
1599 2421 1784 2476 λοιπὸν
1814 2420 2017 2485 ἄνεσιν,

444 2514 542 2568 καὶ
583 2513 889 2586 βρωμάτων
919 2512 1124 2577 ἄδειαν,
1183 2511 1276 2566 καὶ
1305 2513 1490 2566 πᾶσαν
1534 2511 1800 2581 ὑπάρχειν
1839 2512 2020 2574 αὐτοῖς

443 2601 788 2673 δορυφορίαν,
837 2602 929 2654 καὶ
961 2601 1146 2672 τιμὴν,
1192 2601 1288 2655 καὶ
1315 2601 1549 2672 τρυφὴν,
1586 2595 1660 2656 ὧν
1691 2601 1877 2656 πολλοὶ
1928 2601 2020 2654 καὶ

447 2692 589 2764 μετά
627 2691 725 2761 τὴν
752 2690 1012 2761 τοιαύτην
1056 2693 1187 2762 παρ’
1217 2692 1401 2756 αὐτοῖς
1442 2693 1746 2763 μαρτυρίαν
1793 2693 1894 2759 τῆς
1929 2709 2018 2746 τε-

443 2784 719 2853 λειότητος
739 2784 819 2844 εἰς
837 2782 964 2844 τοὺς
994 2782 1151 2845 ἐκτὸς
1179 2782 1358 2848 ὄντας,
1378 2785 1474 2837 καὶ
1502 2782 1625 2837 οὔτε
1658 2784 2020 2855 Χριστιανοὺς

445 2872 951 2944 προσαγορεύεσθαι
977 2873 1163 2938 ἀξίους
1201 2877 1245 2938 8,
1284 2875 1696 2946 αἰσχρουργίαις
1717 2873 2023 2946 διαφόροις,

445 2964 544 3019 καὶ
578 2965 875 3036 χρημάτων
914 2964 1163 3034 κλοπαῖς,
1191 2967 1286 3020 καὶ
1318 2966 1595 3037 πορνείαις
1629 2966 2018 3037 περιπεσόντες

443 3052 725 3126 ὤφθησαν.

509 3259 690 3313 Πολλά
729 3260 784 3314 δέ
819 3259 916 3315 καὶ
961 3260 1127 3332 ἔτερα
1182 3260 1320 3332 πρὸς
1352 3261 1465 3323 τοῖς
1497 3259 1808 3331 εἰρημένοις
1850 3275 2018 3330 τερα-

438 3348 712 3415 τεύονται,
743 3351 820 3415 ὡς
858 3353 951 3406 καί.
997 3353 1213 3422 γάμους
1257 3351 1557 3422 ἐνθέσμους
1601 3347 2018 3420 ἁδιαφορώτατα

438 3440 678 3498 διαλύειν
703 3441 923 3511 αὐτοὺς,
950 3443 1048 3496 καὶ
1080 3443 1210 3507 τοὺς
1238 3441 1347 3495 τῶν
1369 3442 1565 3512 γάμων
1592 3441 2013 3510 ἀφισταμένους,

440 3538 516 3601 ὡς
561 3537 810 3610 ἀσκητάς
857 3536 1381 3609 προσλαμϐάνεσθαι
1410 3536 1507 3590 καὶ
1541 3534 1891 3607 μακαρίζειν,
1923 3535 2019 3588 καί

440 3631 687 3702 πατέρας
718 3630 811 3683 καὶ
844 3629 1091 3700 μητέρας
1124 3627 1518 3698 τεκνοτροφίας
1545 3626 1768 3697 ἀμελεῖν
1803 3626 2017 3680 πείθου-

442 3738 547 3787 σιν,
570 3722 752 3785 αύτοῖς
777 3720 835 3774 δὲ
867 3720 1263 3791 προσκομίζειν
1282 3718 1462 3773 πάντα
1480 3718 1863 3789 κατεπᾴδουσι.
1885 3716 2016 3770 Δού-

437 3811 562 3876 λους
586 3812 642 3865 δὲ
670 3812 947 3866 δεσποτῶν
969 3812 1468 3884 ἀποδιδράσκοντας
1500 3810 1734 3881 ἑτοίμως
1776 3809 2018 3882 παραδέ-

440 3919 643 3973 χονται,
675 3904 771 3956 καὶ
795 3902 923 3966 τοὺς
950 3903 1369 3973 ἁμαρτάνοντας
1388 3941 1402 3966 ,
1430 3902 1524 3954 καί
1553 3901 1738 3964 αὐτοῖς
1761 3900 2017 3971 προσιόν·

434 4009 536 4056 τας
563 3993 694 4049 ἄνευ
741 3992 956 4061 καρποῦ
986 4009 1133 4055 τινος
1165 3990 1474 4062 μετανοίας,
1529 3992 1657 4046 ἄνευ
1700 3990 1889 4061 ἱερέως
1916 3991 2015 4044 αὺ-

437 4083 701 4150 θεντείας,
739 4083 869 4138 ἄνευ
896 4082 1117 4154 βαθμῶν
1147 4082 1256 4135 τῶν
1283 4084 1397 4145 τοῖς
1445 4083 1635 4136 κανόσι
1673 4084 1786 4145 τοῖς
1814 4081 2014 4153 ἐκκλη-

2124 1878 2219 1941 iri,
2255 1877 2302 1932 si
2349 1893 2476 1932 cum
2509 1877 2648 1947 ipsis
2677 1881 2855 1932 'orare
2902 1877 3097 1932 velint.
3146 1875 3325 1931 Tanta
3374 1882 3557 1931 autem
3605 1891 3700 1930 co-

2125 1984 2248 2022 rum
2280 1977 2368 2024 est
2399 1969 2740 2040 arrogantia,
2772 1978 2832 2022 ut
2855 1960 2951 2024 eos
2978 1968 3074 2037 qui
3107 1969 3249 2037 apud
3285 1968 3438 2037 ipsos
3468 1981 3695 2024 sensum

2123 2060 2277 2114 illum
2314 2060 2561 2130 Spiritus
2607 2061 2790 2117 sancti
2838 2061 3209 2131 perceperint,
3255 2061 3446 2117 beatos
3494 2059 3697 2130 przedi-

2123 2159 2272 2215 eent,
2309 2152 2475 2205 veluti
2513 2150 2816 2221 perfectos,
2870 2160 2926 2206 et
2965 2152 3033 2205 ab
3067 2151 3216 2206 omni
3270 2152 3435 2220 culpa
3465 2150 3692 2213 liberos,

2123 2249 2462 2311 peccatoque
2511 2241 2856 2311 superiores.
2894 2239 3146 2311 Tumque
3194 2241 3333 2296 adeo
3382 2241 3532 2295 omni
3567 2240 3695 2295 illos

2121 2330 2308 2386 studio
2352 2331 2563 2394 colunt,
2622 2331 3043 2401 honoribusque
3105 2337 3541 2401 prosequuntur,
3593 2344 3695 2384 ceu

2122 2422 2256 2476 nulli
2300 2421 2419 2490 jam
2469 2422 2744 2478 obnoxios
2787 2423 3002 2492 peccati
3042 2422 3314 2492 periculo,
3348 2437 3524 2492 eoque
3569 2436 3696 2492 per-

2122 2513 2379 2570 fectionis
2408 2528 2753 2585 progressos,
2777 2520 2838 2570 ut
2864 2515 2979 2583 jam
3016 2515 3166 2569 omni
3197 2515 3537 2569 relaxatione
3559 2512 3694 2578 frui,

2124 2607 2420 2678 exquisitis
2452 2606 2600 2662 vesci
2634 2607 2795 2671 cibis,
2852 2606 3142 2676 splendido
3195 2606 3463 2661 comitatu
3517 2612 3697 2659 tume-

2121 2713 2299 2765 scere,
2340 2697 2670 2768 deliciisque
2716 2698 2974 2754 omuibus
3007 2705 3126 2753 tuto
3171 2698 3333 2767 plane
3383 2696 3523 2751 allici
3567 2710 3696 2766 pos-

2121 2789 2252 2846 sint.
2285 2786 2496 2844 Horum
2531 2797 2713 2844 autem
2764 2788 2948 2853 multi,
3006 2789 3099 2842 tali
3151 2796 3379 2856 accepto
3426 2786 3568 2856 apud
3598 2800 3696 2842 eos

2122 2878 2472 2950 perfectionis
2502 2879 2841 2945 testimonio,
2891 2894 3015 2934 cum
3069 2880 3350 2935 extraneis
3385 2879 3559 2949 (quos
3593 2892 3695 2932 nec

2117 2968 2561 3025 Christianorum
2602 2970 2827 3025 nomine
2867 2968 3066 3041 dignos
3099 2970 3365 3041 censent)
3398 2966 3696 3039 aliquando

2044 3090 2087 3149 ο
2120 3060 2402 3129 degentes,
2459 3061 2516 3115 in
2560 3061 2716 3116 varia
2761 3061 3002 3117 obscena
3051 3062 3279 3132 ﬂagitia,
3334 3060 3694 3130 pecuniarum

2119 3152 2286 3220 furta,
2318 3162 2374 3210 et
2399 3152 2795 3212 fornicationes
2826 3154 3073 3211 incidere
3099 3153 3423 3225 deprehensi
3465 3162 3618 3207 sunt.

2185 3265 2298 3336 98
2356 3266 2521 3321 Plura
2573 3281 2795 3337 quoque
2837 3274 3090 3336 portenta
3139 3264 3687 3321 comminiscuntur:

2118 3370 2245 3409 nam
2292 3365 2349 3410 et
2392 3356 2673 3427 legitimas
2716 3358 2940 3427 nuptias
2974 3358 3124 3411 nulla
3160 3370 3392 3427 prorsus
3418 3356 3486 3410 de
3524 3370 3692 3410 causa

2119 3447 2411 3512 dirimunt,
2442 3456 2499 3502 et
2541 3461 2638 3504 eos
2680 3451 2774 3518 qui
2808 3464 2839 3501 a
2881 3447 3145 3517 eonjugio
3196 3453 3572 3509 recesserunt,
3601 3459 3691 3499 ve-

2119 3539 2202 3593 lut
2240 3537 2539 3595 monachos
2581 3539 2879 3608 recipiunt,
2925 3553 2991 3593 ac
3030 3538 3219 3592 beatos
3269 3538 3546 3608 iactitant.
3591 3535 3693 3590 Pa-

2118 3629 2374 3686 rentibus
2418 3636 2681 3685 auctores
2729 3637 2879 3693 sunt,
2925 3638 2986 3684 ut
3029 3629 3354 3684 alendorum
3389 3628 3691 3682 liberorum

2117 3735 2307 3775 curam
2361 3721 2660 3788 emittant;
2704 3736 2916 3792 eosque
2950 3731 3009 3776 ut
3040 3721 3226 3775 omnia
3257 3735 3360 3775 sua
3392 3720 3527 3789 ipsis
3559 3717 3691 3774 all‘e-

2116 3818 2263 3891 rant,
2299 3812 2618 3868 dementare
2657 3820 2883 3869 norunt.
2935 3812 3139 3868 Servos
3171 3827 3203 3866 a
3235 3811 3474 3868 dominis
3506 3811 3693 3881 profu-

2117 3916 2214 3971 gos
2244 3902 2387 3957 ultro
2414 3903 2698 3973 excipiunt
2729 3921 2742 3957 :
2790 3904 2915 3959 illos
2955 3903 3084 3959 item
3108 3902 3203 3973 qui
3231 3903 3402 3958 variis
3437 3901 3690 3956 crimini-

2117 3993 2222 4049 bus
2273 3993 2500 4048 obnoxii
2552 3994 2618 4048 ad
2671 4010 2732 4050 se
2777 3995 3127 4065 confugiunt,
3169 3994 3323 4049 nullo
3356 3992 3692 4062 pmnitentite

2115 4087 2262 4143 edito
2310 4086 2515 4153 fructu,
2569 4087 2719 4141 nulla
2768 4087 3117 4143 sacerdotum
3187 4085 3520 4142 auctoritate
3572 4098 3693 4137 mu-

438 4177 735 4238 σιαστικοῖς
762 4173 1228 4246 διηγορευμένων,
1250 4174 1481 4244 τάχιστα
1500 4173 1787 4245 καθαίρειν
1814 4173 2015 4238 παντὸς

2119 4179 2237 4243 niti,
2270 4178 2421 4232 nulla
2473 4178 2666 4233 habita
2718 4180 2935 4233 ratione
2987 4179 3280 4249 graduum,
3334 4191 3473 4245 quos
3513 4175 3691 4229 eccle-

436 4265 829 4335 ἁμαρτήματος
854 4264 1305 4334 ἐπαγγέλλονται,
1337 4263 1496 4335 μόνον
1520 4264 1574 4317 εί
1601 4281 1686 4327 τις
1719 4263 1817 4335 τὴν
1850 4263 2014 4317 πολυ-

2119 4271 2327 4326 siastici
2367 4284 2615 4325 canones
2657 4269 3055 4339 paenitentibus
3103 4258 3495 4337 praescribunt,
3536 4265 3689 4319 omni

432 4353 731 4427 θρύλλητον
764 4356 941 4409 αὐτῶν
961 4355 1271 4428 προσευχὴν
1300 4353 1433 4426 παρ’
1468 4355 1650 4419 αὐτοῖς
1687 4355 2010 4427 μελετήσας,

2119 4378 2177 4418 se
2225 4362 2410 4416 statim
2472 4361 2683 4430 peccati
2741 4360 2866 4414 labe
2915 4357 3283 4412 mundaturos
3336 4356 3687 4426 pollicentur;

434 4426 648 4517 μύστης
677 4446 884 4516 σχέδιος
913 4426 1018 4516 τῆς
1053 4445 1276 4499 ἐκείνων
1323 4444 1550 4507 κυϐείας
1589 4445 1617 4483 h
1644 4426 1879 4513 γένοιτο.
1909 4444 2008 4508 Ὦς

2119 4452 2275 4509 modo
2304 4453 2429 4522 quis
2471 4426 2739 4519 iactatam
2780 4455 2951 4504 toties
3001 4447 3307 4503 orationem
3361 4448 3504 4517 apud
3538 4448 3689 4518 ipsos

426 4553 580 4601 τινας
606 4537 715 4591 τῶν
743 4540 1003 4593 τοιούτων
1051 4537 1158 4609 πρὸ
1192 4536 1294 4606 τῆς
1322 4534 1645 4604 ἀπαλλαγῆς
1675 4535 1786 4588 τῶν
1824 4535 2003 4605 ἁμαρ-

2119 4558 2402 4609 exercens,
2432 4550 2896 4610 extemporaneus
2946 4539 3257 4609 discipulus
3283 4541 3528 4610 ipsorum
3567 4554 3693 4594 ver-

428 4627 691 4698 τημάτων
716 4627 872 4694 ἄγειν
898 4627 1096 4689 αὐτοὺς
1124 4628 1203 4689 εἰς
1232 4625 1511 4696 κληρικῶν
1539 4623 1893 4693 χειροτονίας,
1918 4623 2005 4675 δο-

2119 4635 2270 4692 sutiae
2318 4645 2383 4687 ac
2442 4629 2653 4685 lraudis
2714 4628 3031 4684 accesserit.
3097 4630 3468 4699 Adeoplane
3530 4637 3589 4683 ut
3635 4637 3689 4685 et

427 4717 603 4788 λερῶς
629 4718 910 4781 πείθοντες
950 4716 1079 4780 τοὺς
1104 4714 1436 4777 ἐπισκόπους
1466 4714 1765 4767 ἐπιτιθέναι
1815 4715 2005 4782 χεῖρας

2119 4725 2382 4797 quosdam
2438 4723 2561 4792 ejus
2611 4721 2828 4792 generis
2872 4729 3218 4790 peccatorum
3276 4721 3512 4777 vinculis
3545 4736 3688 4777 non-

426 4811 630 4876 αὐτοῖς,
652 4813 720 4883 τῇ
755 4808 947 4881 ίπαρά
960 4807 1069 4862 τῶν
1085 4807 1458 4877 νομιζομένων
1476 4806 1608 4875 παρ’
1631 4806 1813 4869 αὐτοῖς
1835 4805 2007 4874 ἀσκη-

424 4900 536 4954 τῶν
576 4903 851 4973 μαρτυρίᾳ
896 4897 1340 4968 δελεαζομένους.
1385 4895 1556 4951 Τοῦτο
1577 4896 1634 4949 δὲ
1674 4895 2006 4959 σπουδάζουο

425 5082 698 5146 ximus-,0!
723 5097 787 5149 γε
809 5082 902 5135 καὶ
926 5080 1108 5133 αὐτῶν
1137 5079 1245 5133 τῶν
1262 5077 1579 5132 ἐπισκόπων
1607 5076 2008 5146 καταφρονοῦν-

422 5185 515 5236 τες
539 5171 588 5237 i,
608 5173 738 5227 ὅταν
764 5173 1020 5226 ἐθέλωσι·
1047 5170 1184 5225 ἀλλά
1202 5169 1521 5225 δυναστείαν
1541 5168 1663 5223 τινὰ
1684 5171 1779 5222 καὶ
1808 5168 2000 5224 αὐθεν-

2113 4817 2245 4873 dum
2287 4823 2591 4884 exemptos,
2641 4812 2697 4866 in
2767 4812 3004 4868 clericos
3073 4812 3412 4869 ordinandos
3455 4813 3688 4868 oﬂ‘erant

2108 4908 2366 4973 illorum;
2417 4907 2519 4975 qui
2570 4901 2894 4959 monasticae
2942 4903 3307 4959 observantia:
3348 4904 3510 4957 laude
3540 4907 3686 4972 apud

404 5006 531 5058 -atv,
552 4992 651 5062 οὐχ
669 4992 745 5055 ὡς
772 4992 899 5054 τοὺς
929 4989 1039 5043 τῶν
1063 4988 1340 5061 κληρικῶν
1379 4986 1622 5058 βαθμοὺς
1651 4985 1863 5057 τιμίους
1885 4986 2011 5058 κρί-

2119 5002 2258 5069 ίρεοε
2291 5002 2577 5066 praestant,
2631 4993 2954 5050 testimonio
3001 4994 3244 5065 deceptis
3292 4992 3590 5063 episcopis,
3626 4999 3685 5044 ut

2115 5088 2228 5144 illis
2278 5100 2477 5141 manus
2514 5085 2822 5154 imponant.
2877 5080 2992 5137 Hoc
3039 5091 3222 5137 autem
3272 5080 3352 5133 illi
3401 5086 3681 5146 satagunt,

2107 5194 2221 5234 non
2255 5177 2412 5248 quasi
2436 5176 2767 5233 clericorum
2797 5173 3005 5245 gradus
3035 5171 3192 5225 multi
3221 5169 3454 5233 faciant:
3480 5167 3685 5237 quippe

422 5264 572 5319 τείαν
629 5266 840 5329 ἑαυτοῖς
899 5262 1434 5337 πραγματευόμενοι.
1494 5262 1665 5316 Ἔνιοι
1721 5260 1778 5314 δὲ
1816 5261 1994 5317 αὐτῶν

2119 5284 2228 5326 :um
2262 5268 2413 5342 ipsos
2442 5267 2606 5323 etiam
2627 5263 2936 5335 episcopos,
2962 5261 3186 5332 quando
3214 5259 3459 5325 libuerit,
3488 5273 3680 5330 asper-

1666 5473 1901 5529 νΑιιιιΕ
1943 5473 2346 5531 LECTIONES.

499 5608 708 5703 Ἒθείί
738 5629 792 5675 οι
836 5621 959 5703 cog.
1020 5619 1077 5676 S.
1122 5622 1229 5685 Iltl.
1262 5625 1355 5691 οὓς
1391 5627 1515 5682 οὕτε
1562 5629 1918 5701 Χριστιανοὺς
1950 5631 2378 5703 προσαγορεύειν
2435 5630 2696 5699 ἀξιοῦσιν.
2773 5626 2801 5667 ιι
2828 5624 2892 5679 R.
2934 5620 3075 5678 2508
3110 5620 3322 5685 κακίας.
3403 5616 3584 5674 ίίὺῑιί.
3618 5614 3677 5687 ἢ.

425 5688 445 5745 ί
478 5694 584 5750 Alii
600 5688 1049 5763 καταφρονοῦσιν.
