4090 6148
371 287 488 353 τ35

1593 285 1658 344 S.
1691 284 2010 346 IOANNIS
2050 289 2482 354 DAMASCENI

3547 307 3652 372 736

387 410 628 458 nentur:
667 395 764 453 sed
807 394 954 465 quod
987 399 1316 464 potestatem
1347 391 1592 464 aliquam
1619 403 1676 450 et
1718 399 1967 451 auctori-

2085 401 2213 472 μήτε
2251 408 2578 478 κοινωνῆσαι
2606 410 2807 475 αὐτοὺς
2832 415 2944 468 τῶν
2969 417 3284 488 μυστηρίων
3305 416 3584 486 λέγουσιν,
3609 431 3654 478 εί

386 501 556 548 tatem
613 495 978 560 aucupentur.
1031 486 1264 552 Quidam
1321 496 1502 541 autem
1565 503 1761 542 eorum
1822 504 1968 543 nun-

387 601 553 656 quam
606 584 781 640 sacris
831 579 1111 652 mysteriis
1160 579 1690 633 communicandum
1743 579 1966 645 volunt,

388 675 496 730 nisi
544 673 783 743 Spiritus
833 670 1010 726 sancti
1061 668 1331 724 adventus
1371 669 1463 722 illa
1509 667 1644 722 hora
1678 670 1965 724 sensibilis

390 765 526 833 ipsis
575 762 762 817 fuerit.
821 761 1082 816 Nonnulli
1134 761 1298 816 etiam
1359 759 1611 814 abscindi
1684 761 1964 816 naturalia

391 856 636 910 membra
672 853 1022 925 permittunt,
1061 853 1130 909 iis
1161 853 1257 924 qui
1291 852 1601 908 voluerint.
1635 853 1972 907 Excommu-

392 947 699 1003 nicationes
730 955 912 1002 autem
942 946 1099 1000 facile
1135 953 1522 1000 contemnunt.
1553 943 1755 1000 Jurant
1783 945 1970 1014 etiam,

391 1054 457 1090 ac
507 1038 757 1108 pejerant
801 1037 1010 1107 absque
1064 1037 1175 1090 ullo
1220 1045 1404 1103 metu;
1445 1043 1500 1092 et
1531 1051 1689 1093 suam
1727 1037 1974 1105 ipsorum

393 1132 646 1188 haeresim
678 1131 908 1188 subdole
938 1129 1156 1201 ejurare
1187 1145 1297 1185 non
1330 1130 1609 1186 dubitant.

392 1266 580 1321 Adhuc
605 1266 668 1320 de
699 1266 840 1319 dicta
875 1263 1330 1320 Massalianorum
1368 1265 1577 1330 haeresi,
1628 1268 1718 1336 qui
1748 1271 1976 1325 maxime

465 1339 522 1390 in
551 1337 893 1390 monasteriis
944 1337 1294 1404 invenientur,
1329 1354 1393 1391 ea.
1425 1336 1750 1394 Theodoreti
1786 1338 1976 1396 Histo-

462 1407 568 1469 ria,
599 1407 692 1459 lib.
723 1422 797 1472 ιν,
838 1420 957 1474 cap.
994 1407 1082 1461 11.

465 1518 860 1587 Valentiniani,
914 1528 968 1574 et
1014 1517 1265 1574 Valentis
1317 1520 1662 1590 temporibus
1714 1532 1838 1579 orta
1891 1533 1977 1581 est

398 1611 626 1667 haeresis
674 1610 1170 1674 Massalianorum,
1220 1625 1362 1680 quos
1421 1609 1697 1669 Euchetas
1753 1625 1975 1682 vocant,

395 1701 492 1770 qui
537 1714 729 1755 eorum
777 1715 981 1754 nomen
1031 1698 1222 1754 Graeca
1270 1700 1457 1770 lingua
1515 1701 1974 1772 interpretantur.

397 1793 616 1849 Habent
661 1802 716 1848 et
746 1793 1177 1864 appellationem
1211 1795 1376 1848 aliam
1403 1809 1466 1849 ex
1503 1795 1619 1866 ipsa
1659 1813 1718 1853 re
1749 1798 1979 1870 imposi-

400 1894 531 1938 tam.
571 1883 943 1941 Enthusiastae
993 1885 1142 1939 enim
1179 1884 1464 1952 dicuntur,
1509 1895 1801 1957 propterea
1833 1890 1982 1959 quod

399 1975 670 2030 daemonis
691 1976 982 2046 cujusdam
1031 1977 1142 2030 vim
1172 1984 1229 2032 et
1267 1979 1651 2047 operationem
1686 1981 1977 2052 recipiant,

400 2083 566 2136 quam
631 2068 872 2136 Spiritus
933 2069 1116 2123 sancti
1165 2070 1516 2138 praesentiam
1578 2087 1702 2128 esse
1762 2081 1977 2142 putant.

398 2156 504 2223 Qui
532 2165 780 2211 extremo
802 2171 888 2211 -eo
933 2158 1124 2212 morbo
1157 2158 1338 2214 aﬂecti
1373 2169 1524 2224 sunt,
1571 2161 1821 2218 laborem
1856 2180 1980 2220 ma—

401 2261 573 2300 nuum
607 2253 940 2301 aversantur
978 2256 1038 2301 ut
1066 2249 1315 2302 malum:
1351 2265 1520 2319 seque
1551 2265 1748 2307 somno
1785 2254 1984 2310 deden-

401 2349 486 2393 tes
536 2338 880 2394 somniorum
940 2338 1212 2409 imagines
1278 2339 1531 2395 divinum
1580 2343 1822 2398 afﬂatum
1879 2363 1982 2402 vo-

349 2449 351 2451 '
399 2439 551 2486 cant.
591 2429 831 2487 llaeresis
880 2440 1062 2487 autem
1091 2432 1205 2503 99
1234 2433 1403 2502 huius
1437 2434 1716 2504 principes
1757 2437 1983 2495 fuerunt

401 2523 636 2587 Dadoes,
689 2531 744 2578 et
783 2523 982 2590 Sabas,
1039 2533 1094 2580 et
1141 2526 1464 2596 Adelphius,
1508 2536 1563 2583 et
1625 2528 1880 2601 Hermas,
1931 2544 1984 2590 et

403 2613 665 2685 Symeon,
717 2616 920 2686 aliique
988 2627 1274 2686 praeterea,
1330 2621 1422 2688 qui
1481 2622 1550 2675 ab
1609 2625 1983 2681 ecclesiastica

399 2705 799 2762 communione
851 2709 1123 2777 segregati
1169 2720 1321 2772 sunt.
1381 2713 1526 2781 quod
1581 2713 1830 2770 dicerent
1880 2733 1983 2773 nec

399 2795 688 2866 prodesse,
723 2813 822 2852 nec
867 2800 1060 2855 obesse
1101 2800 1344 2855 divinam
1383 2817 1568 2857 escam
1591 2846 1604 2871 ,
1638 2805 1707 2860 de
1741 2823 1847 2877 qua
1882 2808 1986 2862 Do-

403 2889 588 2944 minus
619 2889 736 2946 ait:
793 2891 898 2956 Qui
945 2893 1236 2947 manducat
1285 2913 1456 2950 meam
1509 2915 1726 2954 carnem
1769 2910 1818 2954 et
1857 2904 1985 2957 bibit

404 2997 577 3034 meum
601 2983 933 3050 sanguinem,
958 2985 1083 3038 vivet
1117 2985 1170 3038 in
1195 2991 1508 3043 wternum’.
1543 2991 1792 3046 Morbum
1821 3009 1985 3063 porro

2083 491 2159 560 μὴ
2182 493 2278 562 τῆς
2303 498 2606 566 παρουσίας
2630 500 2723 553 τοῦ
2743 503 2885 556 Πνεύ
2895 520 3064 573 ματος
3087 506 3362 575 αἰσθητῶς
3387 508 3412 545 ¹ί
3437 506 3665 561 αἴσθων-

2080 597 2190 645 ται,
2225 585 2524 657 γενομένης
2557 589 2676 642 κατ’
2694 591 2911 662 ἐκείνην
2939 592 3038 662 τὴν
3069 593 3240 664 ὥραν.
3275 593 3662 664 Ἐπιτρέπουσι

2079 671 2137 726 δέ
2166 689 2309 738 τινες
2339 675 2516 730 αὐτῶν
2545 681 2656 744 τοῖς
2693 679 3038 752 βουλομένοις
3069 683 3395 754 ἀποτέμνειν
3427 685 3495 738 τὰ
3533 687 3664 738 ἐαυ-

2080 771 2190 824 τῶν
2215 772 2418 841 φυσικά
2449 773 2633 844 μόρια.
2660 774 3083 846 Καταφρόνοῦσι
3107 777 3163 829 δὲ
3189 778 3389 850 ῥᾳδίως
3418 779 3516 833 καὶ
3563 781 3668 849 ἀφ-

2081 866 2345 934 ορισμῶν.
2372 868 2604 936 Ὄμνυσι
2625 867 2682 919 δὲ
2713 869 2884 932 ἀδεῶς
2913 869 3010 922 καὶ
3043 870 3396 941 ἐπιορκοῦσιν
3415 888 3429 904 '
3471 872 3667 927 ἀναθε-

2085 957 2369 1026 ματίξουσί
2399 977 2458 1012 τε
2483 960 2733 1026 ὑπούλως
2769 961 2871 1034 τὴν
2909 963 3118 1033 αἵρεσιν
3142 964 3342 1020 αὐτῶν.

2087 1265 2152 1317 Ἕ
2159 1283 2225 1338 τιὴ
2239 1265 2371 1338 περὶ
2395 1267 2523 1335 elpn
2523 1267 2714 1336 μένης
2731 1268 3029 1336 ἀἱρέσεως
3047 1268 3166 1323 τῶν
3189 1269 3664 1338 Μασσαλιανῶν,

2155 1335 2274 1410 τῶν
2302 1337 2386 1410 -ἐν
2417 1335 2854 1410 ﬂammma;
2880 1338 3153 1410 μάλιστα
3195 1335 3663 1410 εὑρισκομένων,

2153 1405 2222 1459 ἐκ
2253 1407 2362 1474 τῆς
2398 1408 2668 1474 ἱστορίας
2693 1405 3074 1476 Θεοδωρήτου
3109 1408 3151 1464 Ῑ.

2156 1519 2314 1572 Κατὰ
2334 1517 2559 1590 χρόνους
2587 1518 2940 1574 Οὐαλεντίνου
2983 1531 3024 1558 ω
3054 1519 3150 1572 καὶ
3179 1519 3478 1584 Οὐάλεντος
3506 1519 3639 1576 ἐδλά
3656 1552 3670 1562 -

2087 1626 2283 1680 στησεν
2304 1612 2336 1679 ὴ
2357 1610 2465 1663 τῶν
2494 1611 2896 1665 Μασσαλιανῶν
2918 1611 3131 1681 αἵρεσις
3150 1627 3164 1644 ο
3189 1610 3438 1681 Εύχητάς
3470 1611 3670 1677 αὐτοὺς

2085 1700 2587 1772 προσαγορεύουσιν
2620 1704 2669 1755 οί
2696 1703 2776 1766 εἰς
2803 1701 2903 1772 τὴν
2956 1701 3183 1756 Ἐλλάδα
3226 1701 3468 1773 τοῦνομα
3498 1720 3671 1774 μετα-

2082 1792 2389 1856 ϐάλλοντες.
2429 1794 2655 1863 Ἔχουσι
2705 1793 2764 1847 δὲ
2812 1795 2908 1848 καὶ
2937 1794 3133 1866 ἑτέραν
3183 1794 3563 1866 προσηγορίαν
3605 1797 3670 1848 ἐκ

2078 1881 2173 1935 τοῦ
2198 1882 2523 1953 πράγματος
2549 1881 2842 1953 γινομένην
2865 1899 2878 1912 ·
2906 1882 3287 1938 ἐνθουσιασταὶ
3312 1884 3420 1956 γὰρ
3443 1883 3674 1942 καλοῦν-

2079 1991 2191 2038 ται,
2251 1974 2506 2045 δαίμονός
2566 1991 2711 2038 τινος
2769 1975 3054 2046 ἐνέργειαν
3105 1977 3476 2047 είσδεχόμενοι
3503 2019 3519 2044 ,
3576 1977 3671 2031 καὶ

2081 2063 2399 2135 Πνεύματος
2424 2067 2580 2135 ἁγίου
2614 2067 2819 2136 ταύτην
2842 2067 3343 2138 ὑπολαμϐάνοντες.
3398 2071 3462 2123 Oi
3493 2070 3551 2123 δέ
3583 2086 3667 2123 τε·

2081 2152 2326 2207 λευταῖον
2363 2162 2391 2191 ι’
2419 2155 2542 2226 ’τὴν
2598 2155 2753 2210 νόσον
2801 2156 3190 2227 είσδεχόμενοι,
3228 2158 3666 2230 ἀποστρέφονται

2085 2244 2184 2315 μὲν
2207 2244 2305 2316 τὴν
2329 2246 2437 2300 τῶν
2465 2247 2666 2317 χειρῶν
2701 2249 2990 2319 ἐργασίαν,
3021 2249 3096 2312 ὡς
3125 2250 3399 2321 πονηράν·
3429 2249 3582 2322 ὕπνῳ
3610 2251 3670 2305 δὲ

2084 2340 2225 2407 σφᾶς
2257 2339 2454 2402 αὐτοὺς
2483 2339 2810 2406 ἐκδιδόντες,
2839 2339 3231 2412 ἐνθουσιασμὸν
3260 2341 3360 2406 τὰς
3393 2343 3505 2397 τῶν
3526 2343 3671 2398 ὀνεί-
3751 2333 3770 2348 ’

2086 2449 2195 2502 ρων
2223 2431 2524 2500 φαντασίας
2549 2432 2906 2488 ἀποκαλοῦσι.
2961 2434 3176 2505 Ταύτης
3227 2435 3477 2504 ἐγένοντο
3514 2435 3673 2508 αἱρέ-

2086 2541 2221 2589 σεως
2246 2525 2502 2596 ἀρχηγοὶ,
2531 2525 2734 2596 Δαδόης
2769 2543 2850 2590 τε,
2871 2525 2967 2579 καὶ
2999 2526 3199 2590 Σάϐας,
3235 2527 3327 2580 καὶ
3369 2527 3671 2598 Ἀδέλφιος,

2084 2617 2180 2668 καὶ
2221 2615 2450 2686 Ἑρμᾶς,
2504 2618 2599 2668 καὶ
2632 2615 2880 2686 Συμεὼν,
2920 2617 3017 2670 καὶ
3055 2615 3206 2670 ἄλλοι
3245 2617 3383 2688 πρὸς
3414 2617 3629 2679 τούτοις
3653 2657 3669 2681 ,

2085 2703 2134 2756 οἲ
2161 2703 2259 2773 τῆς
2288 2704 2753 2774 ἐκκλησιαστικῆς
2792 2703 3077 2768 κοινωνίας
3125 2705 3466 2776 ἀπέστησαν,
3517 2705 3672 2758 οὐδὲν

2086 2793 2210 2847 οὕτε
2252 2793 2571 2865 όνήνασθαι,
2599 2793 2723 2848 οὔτε
2757 2795 3038 2848 λωϐᾶσθαι
3070 2794 3370 2864 φάσκοντες
3391 2795 3493 2866 τὴν
3520 2793 3672 2849 θείαν

2087 2885 2292 2956 τροφὴν
2326 2892 2376 2948 ο,
2401 2885 2531 2956 περὶ
2552 2881 2620 2958 ἧς
2644 2888 2672 2939 ό
2698 2886 2931 2956 Χριστός
2955 2902 3119 2957 φησιν
3139 2903 3150 2916 ·
3183 2885 3245 2935 '0
3284 2885 3520 2954 τρώγων
3550 2903 3674 2956 μου

2089 2978 2204 3046 τὴν
2241 2977 2460 3047 σάρκα,
2494 2978 2592 3031 καὶ
2643 2979 2836 3032 πίνων
2876 2996 2997 3048 μου
3046 2979 3113 3031 τὸ
3138 2974 3284 3047 αἷμα
3314 2978 3554 3047 ζήσεται
3583 2980 3672 3044 εὶς

400 3089 563 3127 suum
617 3076 797 3130 celare
843 3076 1152 3143 studentes,
1199 3081 1366 3134 etiam
1415 3083 1509 3137 ubi
1556 3087 1803 3140 convicti
1835 3098 1979 3152 sunt,

2089 3069 2196 3121 τὸν
2229 3068 2436 3122 αἰῶνα,
2461 3068 2744 3139 Κρύπτειν
2783 3069 2965 3136 μέντοι
2996 3068 3093 3140 τὴν
3122 3069 3276 3122 νόσον
3314 3070 3668 3140 πειρώμενοι,

408 3165 694 3233 prtefracte
724 3177 949 3237 negant,
984 3186 1194 3240 eosque
1223 3174 1464 3240 ejurant,
1508 3177 1600 3244 qui
1639 3179 1830 3232 eadem
1863 3196 1982 3234 scn-

402 3257 568 3323 tiant,
606 3275 729 3328 qua:
777 3261 879 3329 ipsi
933 3262 1136 3316 animis
1187 3264 1343 3317 allixa
1401 3266 1820 3324 circumferunt.
1882 3269 1985 3325 Le-

401 3347 549 3403 toius
601 3348 965 3405 Mclitinensis
1018 3351 1280 3407 Ecclesia:
1335 3355 1590 3421 antistes,
1657 3358 1848 3412 divino
1899 3363 1983 3415 vir

401 3438 606 3493 ardens
653 3439 804 3504 zelo,
835 3455 962 3494 cum
1010 3442 1224 3497 videret
1273 3445 1444 3498 multa
1494 3451 1852 3511 monasteria,
1899 3453 1984 3506 vel

401 3528 916 3598 speluncas-potius
943 3532 1243 3599 latronum,
1277 3544 1484 3604 pestem
1517 3536 1662 3592 hanc
1705 3539 1980 3609 hausisse,

401 3632 462 3671 ca
497 3618 768 3682 incendit,
798 3636 862 3675 ac
903 3623 1061 3692 lupos
1090 3640 1116 3678 a
1156 3640 1321 3695 grege
1343 3627 1548 3699 abegit.
1578 3627 1780 3685 Eodem
1821 3633 1984 3688 modo

401 3709 877 3768 celebratissimus
942 3716 1382 3784 Amphilochius,
1463 3720 1557 3789 qui
1664 3723 1981 3794 Lycaonum

407 3803 692 3871 metropoli
729 3807 1077 3872 praepositus,
1127 3817 1345 3877 gentem
1381 3812 1700 3868 universam
1733 3818 1980 3886 regebat,

409 3906 530 3946 cum
585 3892 728 3946 luem
772 3893 914 3948 hanc
953 3897 1064 3949 illic
1100 3901 1343 3967 grassari
1382 3906 1760 3973 comperisset,
1797 3908 1983 3963 insur-

405 3983 552 4038 rexit
606 3985 834 4054 itidem,
893 3996 947 4042 et
1001 4004 1214 4060 greges,
1259 4009 1400 4060 quos
1450 3997 1752 4065 pascebat,
1800 4015 1828 4051 a
1861 4000 1983 4055 labe

404 4078 677 4135 iiberavit.

474 4255 769 4314 Flavianus
808 4273 1030 4328 quoque
1063 4261 1462 4316 celeberrimus
1495 4261 1818 4320 Antiochiae.
1844 4278 1984 4334 pra:-

401 4348 511 4414 sul,
545 4365 669 4404 cum
703 4351 803 4406 hos
845 4353 1069 4408 Edessa:
1098 4353 1332 4418 versari,
1379 4368 1767 4424 venenumque
1816 4371 1977 4412 suum

2089 3160 2182 3213 καὶ
2210 3159 2329 3230 μετ’
2351 3159 2604 3230 ἐλέγχους
2641 3158 2875 3222 ἀναιδῶς
2928 3159 3299 3231 ἐξαρνοῦνται,
3329 3160 3422 3213 καὶ
3453 3161 3669 3230 ἀποκη-

2089 3256 2340 3326 ρύττουσι
2375 3256 2501 3319 τοὺς
2527 3254 2702 3309 ταῦτα
2733 3253 3082 3325 φρονοῦντας,
3135 3253 3276 3325 ἅπερ
3305 3255 3363 3307 ἐν
3406 3255 3526 3317 ταῖς
3556 3251 3664 3324 ψυ-

2085 3351 2206 3418 χαῖς
2231 3347 2606 3418 περιφέρουσι.
2637 3346 2853 3408 Λίτοιος
2876 3355 2904 3394 P
2933 3345 3117 3416 μέντοι
3148 3363 3249 3408 τις,
3272 3346 3301 3398 ὁ
3319 3344 3415 3416 τὴν
3444 3343 3672 3399 Μελιτι-

2086 3439 2191 3492 νῶν
2235 3438 2562 3508 Ἐκκλησίαν
2615 3437 2830 3502 ἰθύνων,
2895 3436 3041 3507 ζήλῳ
3094 3435 3222 3520 θείιρ
3273 3437 3670 3508 κοσμούμενος,

2087 3531 2260 3586 πολλὰ
2280 3530 2380 3600 τῆς
2413 3530 2572 3583 νόσου
2599 3528 2804 3599 ταύτης
2832 3529 3116 3582 σπάσαντα
3145 3528 3480 3598 θεασάμενος
3506 3545 3673 3600 μονα-

2088 3625 2308 3693 στήρια,
2371 3621 2570 3691 μᾶλλον
2617 3621 2675 3674 δέ
2719 3621 2963 3691 σπήλαια
3019 3619 3314 3693 λῃστρικὰ,
3369 3621 3673 3692 ἐνέπρησεν

2085 3714 2280 3772 ταῦτα.
2325 3713 2419 3767 καὶ
2473 3714 2600 3776 τοὺς
2638 3712 2838 3776 λύκους
2871 3715 2934 3765 ἐκ
2978 3713 3074 3781 τῆς
3115 3711 3351 3784 ποίμνης
3388 3711 3668 3784 ἐξήλασεν.

2099 3803 2448 3874 ’Δμφιλόχιος
2481 3803 2536 3855 δέ
2565 3802 2593 3854 ὁ
2625 3801 2985 3871 πανεύφημος
3027 3801 3289 3865 ὡσαύτως
3325 3801 3418 3854 καὶ
3448 3802 3674 3856 Λυκαώ-

2087 3913 2194 3950 νων
2248 3895 2587 3966 μητρόπολιν
2636 3894 3092 3964 πεπιστευμένος,
3143 3894 3237 3947 καὶ
3280 3893 3428 3947 ἆπαν
3478 3893 3672 3948 ἰθύνων

2087 3987 2258 4052 ἔθνος,
2289 3986 2678 4058 ἐπισκήψασαν
2712 3986 2898 4039 αὐτόθι
2941 3987 3034 4056 τὴν
3085 3985 3266 4056 λύμην
3311 3988 3518 4057 ταύτην
3567 4005 3670 4059 μα-

2087 4079 2215 4142 θὼν,
2249 4079 2510 4147 ἐξανέστη
2545 4090 2573 4128 ιι
2609 4079 2795 4145 πάλιν,
2825 4078 2921 4131 καὶ
2972 4078 3041 4130 τά
3075 4080 3165 4130 ὑπ’
3203 4079 3369 4131 αὐτοῦ
3396 4079 3670 4150 νεμόμενα

2087 4173 2186 4240 τῆς
2207 4171 2391 4240 λώϐης
2417 4171 2636 4240 ἐκείνης
2667 4169 3014 4239 ἠλευθέρωσε
3053 4169 3302 4240 ποίμνια.

2156 4263 2454 4327 Φλαὸιανδς
2483 4264 2540 4316 δέ
2560 4265 2590 4316 ὁ
2615 4262 2784 4316 πολυο
2795 4261 3051 4332 ρύλλητος
3078 4261 3177 4330 τῆς
3223 4261 3544 4332 Ἀντιοχέων
3569 4261 3676 4332 ἀρ⁸

2088 4355 2325 4426 χιερεὺς,
2363 4357 2421 4407 ἐν
2470 4353 2692 4423 Ἐδέσσῃ
2717 4343 2941 4415 τούτους
2971 4353 3179 4420 διάγειν
3213 4351 3424 4422 μαθὼν,
3460 4354 3553 4407 τὸν
3591 4356 3670 4407 oi-

406 4437 602 4492 vicinis
654 4439 928 4496 instillare
988 4442 1297 4507 didicisset,
1361 4442 1530 4498 missa
1586 4444 1979 4508 monachorum

2089 4449 2238 4499 κεῖον
2261 4449 2373 4508 τοῖς
2406 4443 2735 4506 πελάζουσιν
2763 4445 2946 4514 ἐκχεῖν
2978 4454 2999 4482 ι’
3032 4443 3368 4515 προεμένους
3413 4445 3511 4509 ἰὸν,
3537 4462 3674 4514 συμ-

406 4529 587 4591 turba,
619 4530 966 4587 Antiochiam
1001 4536 1124 4591 illos
1165 4536 1465 4604 pertraxit;
1490 4536 1852 4608 morbumque
1875 4555 1985 4609 quo

404 4616 730 4672 laborabant
773 4621 1106 4688 inliciantes,
1156 4625 1260 4680 hoc
1296 4626 1458 4682 modo
1493 4627 1711 4682 revicit.
1761 4628 1987 4684 Calum-

405 4707 546 4762 niari
591 4723 787 4778 nempe
837 4724 1194 4770 accusatores
1241 4727 1294 4771 et
1344 4719 1562 4772 mentiri
1616 4727 1785 4776 testes
1823 4720 1984 4785 dixit,

403 4799 844 4870 Adelphiumque
872 4812 1031 4858 aetate
1063 4807 1223 4876 longa
1262 4818 1582 4877 provectum
1631 4811 1697 4866 ad
1737 4827 1796 4866 se
1831 4813 1986 4870 beni-

401 4905 510 4960 gne
538 4906 765 4956 vocans,
803 4907 867 4948 ac
902 4911 1071 4965 prope
1102 4898 1346 4954 assidere
1375 4901 1576 4969 iubens
1606 4923 1619 4959 :
1662 4924 1680 4957 ‹
1733 4905 1865 4971 Nos,
1899 4908 1983 4962 in-

403 4981 546 5050 quit,
595 4998 629 5038 0
684 4999 874 5052 senex,
941 4987 1035 5056 qui
1093 4988 1261 5042 vitam
1311 4990 1529 5062 longius
1593 4995 1978 5063 produximus,

405 5071 700 5130 humanam
737 5085 989 5133 naturam
1019 5082 1336 5139 accuratius
1384 5085 1662 5153 novimus,
1695 5095 1749 5143 et
1785 5089 1981 5143 adver—

480 5237 501 5267 ’
535 5236 693 5294 Joan.
727 5257 800 5308 γι,
835 5241 925 5298 i9.

2089 4539 2284 4610 μορίαν
2317 4537 2568 4609 μοναχῶν
2591 4538 2939 4604 ἀποστείλας,
2971 4538 3177 4608 ἤγαγεν
3197 4539 3278 4601 είς
3315 4538 3664 4608 Ἀντιοχείαν,

2086 4631 2180 4683 καὶ
2205 4629 2302 4700 τὴν
2322 4630 2476 4684 νόσον
2497 4627 2722 4700 ἐξαρνου
2731 4629 2924 4700 μένους
2949 4629 3097 4684 τόνδε
3120 4631 3212 4683 τὸν
3234 4631 3436 4703 τρόπον
3457 4629 3668 4698 διήλεγ-

2087 4720 2194 4786 ξεν.
2221 4722 2362 4784 Τοὺς
2394 4721 2491 4792 μὲν
2522 4719 2630 4793 γὰρ
2661 4723 3006 4792 κατηγόρους
3039 4722 3142 4792 ἐφη
3177 4723 3548 4791 συκοφαντεῖν,
3571 4721 3667 4772 καὶ

2085 4816 2211 4878 τοὺς
2265 4815 2548 4884 μάρτυρας
2599 4813 2915 4884 ψεύδεσθαι.
2971 4814 3076 4868 Τὸν
3123 4814 3180 4867 δὲ
3223 4815 3497 4879 Ἀδέλφιον
3523 4811 3666 4880 ἄγαν

2086 4908 2213 4961 ὄντα
2235 4906 2633 4979 πρεσϐύτατον,
2664 4907 2835 4976 ἠπίως
2863 4905 3130 4971 κελεύσας
3154 4906 3377 4978 πλησίον
3395 4905 3670 4974 καθεσθῆ-

2089 5016 2209 5052 ναιο
2250 5020 2268 5051 ι
2307 5000 2518 5074 Ἡμεῖς,
2563 4999 2688 5068 ἔφη,
2723 4991 2766 5051 ὦ
2792 4997 3094 5069 πρεσϐῦτα,
3134 4999 3225 5051 τὸν
3256 4997 3424 5051 πλείω
3471 4995 3669 5074 βεϐιωο

2090 5091 2249 5154 κότες
2283 5071 2416 5159 βίον,
2456 5089 2848 5161 ἀκριόέστερον
2880 5089 2975 5143 καὶ
3001 5090 3098 5161 τὴν
3127 5088 3477 5161 ἀνθρωπείαν
3509 5072 3673 5157 φύσιν

1711 5311 1944 5368 ΥΑΙΗᾸΕ
1993 5312 2392 5369 LECTIONES.

479 5454 510 5496 ⁸⁸
543 5456 703 5544 Deest
730 5462 1100 5544 αξσθητῶςᾹ-ἰη
1133 5463 1204 5544 ῐὶἶ
1292 5472 1346 5544 et
1370 5482 1451 5544 vr:
1481 5461 1795 5544 TranleR.
1818 5463 1854 5518 2
1882 5465 2037 5544 habet
2061 5464 2406 5544 ’κατ’ἐικείνην
2429 5464 2527 5536 τὴν
2557 5463 2726 5544 ὥραν,
2811 5462 2825 5500 ι
2860 5462 3020 5544 Deest
3040 5463 3127 5544 hic
3146 5461 3253 5516 Tit.
3460 5463 3601 5543 524.4
3619 5471 3670 5516 et

412 5527 468 5605 in
501 5527 626 5605 cod.
656 5527 712 5581 S.
744 5530 849 5605 l-l_il_.
879 5527 890 5533 ’
910 5543 970 5605 Β
993 5533 1083 5588 Sic
1106 5534 1263 5605 codd.
1301 5533 1453 5605 Regii
1484 5533 1619 5605 et
1644 5534 1774 5605 llil.,
1801 5546 1856 5587 at
1887 5536 2170 5605 legendum
2189 5527 2654 5597 Οὐαλεντινὶανοῦ,
2678 5543 2735 5605 ιιι
2767 5534 2910 5602 apud
2937 5533 3210 5605 Theudor.
3239 5542 3293 5587 et
3319 5532 3666 5605 Euthymium

412 5595 615 5666 Zygab.

715 5607 743 5635 ιι
778 5601 859 5676 ᾼΙ.
909 5601 1410 5676 Τὴοοιιᾏτελε-ίανξ
1481 5611 1505 5638 °
1544 5603 1716 5676 Codd.
1746 5621 1914 5676 _niss.
1941 5601 2164 5676 γραφήν
2207 5621 2218 5656 :
2256 5614 2310 5658 at
2339 5606 2620 5676 v.7tranrsl.
2644 5601 2889 5676 diuinum
2915 5604 3120 5676 cibum.
3201 5614 3227 5652 P
3271 5601 3662 5676 Als,_Ai;toto;.

424 5663 616 5722 ‘I'Edit.
647 5665 990 5738 ἐξανέστησε.
1072 5683 1092 5709 τ
1121 5672 1251 5743 Reg.
1277 5673 1418 5728 2508
1435 5683 1483 5729 et
1502 5673 1625 5729 cod.
1660 5673 1718 5730 S.
1745 5674 1849 5730 llil.
1870 5693 1930 5733 ex
1955 5663 2168 5732 Uine-nd.
2195 5676 2374 5746 ἁγχεὶ,
2400 5675 2516 5746 lege
2537 5674 2686 5744 ἀγχὶ,
2708 5674 2889 5742 juxta.
2912 5672 3055 5728 Edit.
3077 5663 3541 5746 ἐγχριπτομένοὺς
3564 5671 3660 5726 ἱόν.
