4090 6148
404 326 510 390 ’737

1591 327 1685 386 DE
1716 323 2172 386 HERESIBUS
2208 321 2460 382 LIBER.

3575 323 3684 394 733

406 438 713 510 ἐμάθομεν,
749 439 846 494 καὶ
879 439 948 492 τὰ
967 439 1074 494 τῶν
1102 440 1418 495 ἀντιπάλων
1447 438 1720 508 δαιμόνων
1754 437 1999 506 ἔγνωμεν

2107 433 2283 488 sarios
2343 433 2653 487 daemonum
2718 437 2952 486 conatus
3003 436 3324 501 perspectos
3385 430 3682 498 habentes,

405 530 816 600 ἁμαρτήματα·
874 529 1042 600 πείρᾳ
1073 529 1130 583 δὲ
1160 532 1255 583 καὶ
1283 531 1383 599 τὴν
1413 529 1509 597 τῆς
1558 527 1782 599 χάριτος
1819 525 1994 579 ἐδιδά-

404 615 618 685 χθημεν
643 617 930 688 χορηγίαν.
963 612 1124 672 Οὗτοι
1172 618 1229 670 δὲ
1276 617 1385 671 νέοι
1423 616 1597 680 ὄντες,
1649 617 1745 670 καὶ
1793 615 1997 668 τούτων

405 705 556 759 οὐδὲν
591 707 838 778 ἀκριϐῶς
867 709 1242 780 ἐπιστάμενοι,
1270 707 1805 779 πνευματικωτέρων
1828 706 1996 760 ὀικοῦ-

407 811 496 848 σαι
517 795 692 864 λόγων
724 797 785 849 ού
810 797 1054 868 φέρουσι.
1087 800 1398 872 Τοιγάρτοι,
1429 798 1549 852 είπέ
1582 815 1694 868 μοι,
1719 798 1835 860 πῶς
1860 814 1997 866 φατε

406 887 502 940 καὶ
530 886 593 940 τὸ
617 887 838 958 πνεῦμα
870 889 932 942 τὸ
968 891 1212 945 ἐναντίον
1239 893 1570 962 ὑποχωρεῖν,
1597 891 1690 944 καὶ
1724 889 1818 943 τοῦ
1863 907 1999 942 παν-

408 976 566 1045 αγίου
620 976 941 1047 Πνεύματος
973 980 1070 1050 τὴν
1104 982 1263 1051 χάριν
1286 981 1606 1050 ἐπιφοιτᾷν;
1645 997 1664 1031 ι
1700 978 1927 1042 Τούτοις
1969 979 1998 1030 ὁ

408 1069 653 1140 πρέσϐυς
690 1071 898 1134 ἐκεῖνος
941 1072 1336 1143 καταθελχθεὶς
1369 1083 1391 1111 ³
1429 1073 1661 1144 ἐξέμεσε
1699 1073 1876 1127 πάντα
1907 1071 1998 1124 τὸν

407 1161 797 1232 κεκρυμμένον
829 1163 926 1227 ἰὸν,
963 1164 1057 1217 καί
1091 1182 1226 1235 φησι
1263 1165 1535 1236 μηδεμίαν
1567 1165 1664 1234 μὲν
1687 1165 1752 1217 ἐκ
1781 1163 1875 1217 τοῦ
1900 1163 1997 1233 βα-

409 1253 718 1322 πτίσματος
761 1252 1035 1323 ὠφέλειαν
1085 1259 1200 1320 τοῖς
1250 1256 1598 1326 ἀξιουμένοις
1658 1255 1995 1325 ἐγγίνεσθαι,

415 1344 583 1415 μόνην
617 1345 675 1398 δὲ
698 1346 798 1416 τὴν
832 1347 1130 1402 σπουδαίαν
1157 1350 1325 1420 εὐχὴν
1353 1349 1446 1402 τὸν
1470 1350 1700 1420 δαίμονα
1727 1349 1819 1402 τὸν
1859 1349 1997 1402 ἐνοι-

411 1451 506 1488 κον
533 1434 860 1501 ἐξελαύνειν.
882 1438 1106 1492 Ἔλκειν
1131 1441 1240 1510 γὰρ
1272 1440 1504 1493 ἕκαστον
1525 1440 1632 1493 τῶν
1661 1441 1998 1509 τικτομένων

411 1524 597 1595 ἔλεγεν
615 1528 681 1582 ἐκ
717 1528 811 1582 τοῦ
844 1531 1216 1602 προπάτορος,
1257 1531 1449 1604 ὥσπερ
1492 1532 1589 1603 τὴν
1640 1532 1822 1601 φύσιν,
1855 1531 2000 1586 οὕτω

411 1616 474 1687 δὴ
502 1619 597 1672 καὶ
628 1621 730 1692 τὴν
761 1621 870 1693 τῶν
891 1623 1164 1692 δαιμόνων
1193 1624 1442 1678 δουλείαν
1477 1627 1495 1661 ι
1521 1642 1534 1656 ·
1568 1623 1774 1677 τούτων
1806 1624 1861 1676 δὲ
1895 1625 1998 1678 ὑπὸ

414 1711 712 1775 σπουδαίας
739 1713 908 1784 εὐχῆς
946 1713 1324 1785 ἐλαυνομένων
1350 1756 1364 1779 ,
1393 1717 1682 1788 ἐπιφοιτᾷν
1725 1717 1910 1770 λοιπὸν
1937 1717 1997 1769 τὸ

411 1803 678 1872 πανάγιον
708 1805 954 1876 Πνεῦμα,
981 1806 1254 1877 αἰσθητῶς
1284 1807 1378 1860 καὶ
1409 1809 1618 1879 ὁρατῶς
1642 1808 1739 1878 τὴν
1787 1808 1996 1862 οἰκείαν

412 1896 717 1964 παρουσίαν
766 1900 1049 1966 σημαῖνον,
1083 1899 1181 1952 καὶ
1227 1898 1290 1951 τὸ
1322 1889 1483 1970 σῶμα
1510 1900 1610 1970 τῆς
1653 1901 1762 1952 τῶν
1804 1900 1994 1956 παθῶν

411 1983 681 2053 κινήσεως
741 1985 1097 2058 ἐλευθεροῦν,
1150 1988 1246 2040 καὶ
1279 1989 1376 2059 τὴν
1408 1987 1586 2060 ψυχὴν
1637 1991 1737 2060 τῆς
1784 1983 1876 2043 ἐπὶ
1927 1991 1995 2044 τὰ

412 2075 578 2144 χείρω
609 2077 782 2146 ῥοπῆς
806 2077 1088 2141 παντελῶς
1109 2079 1474 2146 ἀπαλλάττον,
1530 2080 1606 2144 ὡς
1638 2081 1772 2151 μηδέ
1797 2099 1849 2134 τι
1890 2083 1994 2134 δεῖ·

416 2165 539 2218 σθαι
564 2165 770 2232 λοιπὸν,
806 2171 942 2240 μήτε
964 2170 1217 2240 νηστείας
1242 2171 1533 2242 πιεζούσης
1557 2174 1618 2225 τὸ
1645 2173 1825 2242 σῶμα,
1857 2175 1994 2244 μήτε

412 2255 766 2320 διδασκαλίας
818 2259 1164 2331 χαλινούσης,
1200 2262 1294 2313 καὶ
1348 2261 1556 2330 βαίνειν
1600 2261 1840 2315 εὕτακτα
1871 2281 1992 2315 παις

314 2421 324 2426 _
411 2348 689 2419 δευούσης.
724 2352 798 2404 Οὐ
833 2353 992 2422 μόνον
1020 2354 1077 2407 δὲ
1106 2355 1135 2406 ὁ
1165 2354 1354 2406 τούτου
1385 2354 1722 2424 τετυχηκὼς,
1765 2354 1872 2407 τῶν
1900 2352 1993 2408 τοῦ

416 2439 668 2510 σώματος
709 2443 1113 2498 ἀπαλλάττεται
1182 2445 1574 2514 σκιρτημάτων
1615 2456 1662 2508 υ,
1718 2443 1855 2497 ἀλλὰ
1901 2445 1997 2497 καὶ

416 2531 603 2599 σαφῶς
651 2533 720 2586 τὰ
777 2533 1040 2604 μέλλοντα
1075 2538 1306 2606 προορᾷ,
1368 2536 1462 2588 καὶ
1518 2536 1617 2605 τὴν
1669 2535 1876 2605 Τριάδα
1897 2536 1996 2606 τὴν

414 2622 564 2676 θείαν
586 2627 697 2688 τοῖς
722 2626 1021 2697 ὀφθαλμοῖς
1063 2627 1278 2698 θεωρεῖ.
1310 2627 1496 2691 Οὕτως
1524 2629 1552 2680 ὁ
1588 2629 1732 2690 θεῖος
1759 2629 1995 2680 suam-

413 2713 500 2776 νὸς
525 2713 622 2784 τὴν
648 2715 854 2786 δυσώδη
893 2715 1196 2787 διαρρήξας
1224 2719 1428 2788 πηγὴν,
1455 2719 1547 2771 καὶ
1571 2718 1856 2786 γυμνῶσαι
1890 2735 1997 2771 πα-

416 2805 763 2872 ρασκευάσας
792 2807 860 2858 τὰ
892 2809 1162 2878 νοήματα,
1200 2810 1335 2878 πρὸς
1365 2809 1455 2862 τὸν
1489 2810 1724 2880 δυσσεϐῆ
1753 2809 1996 2880 πρεσϐύ-

414 2908 515 2962 την
547 2892 682 2963 ἐφηο
722 2896 1184 2967 Πεπαλαιωμένε
1226 2898 1462 2966 ἡμερῶν
1510 2899 1732 2962 κακῶν,
1780 2899 1998 2968 ἤλεγξέ

417 2996 491 3034 σε
525 2983 592 3036 τὸ
625 2985 741 3038 σὺν
763 2989 976 3057 στόμα,
1019 2991 1118 3042 καὶ
1145 2993 1256 3044 οὐκ
1281 2990 1395 3059 ἐγω
1418 3006 1431 3019 ·
1467 2989 1539 3043 τὰ
1574 2990 1641 3042 δὲ
1677 2992 1851 3059 χείλη
1879 3007 1998 3044 σου

417 3077 954 3145 κατεμαρτύρησάν
991 3096 1130 3136 σου.
1176 3081 1356 3150 Δήλης
1386 3081 1443 3133 δὲ
1486 3081 1689 3150 ταύτης
1716 3083 1815 3150 τῆς
1840 3084 1997 3134 νόσου

413 3144 756 3236 γενομένης,
808 3169 909 3240 τῆς
944 3170 1043 3239 μὲν
1098 3144 1780 3242 Συρίαςτέξηὶὰσθησανοπ
1817 3174 1896 3234 είς
1943 3174 1998 3226 δὲ
2028 3144 2070 3200 C

415 3255 745 3325 Παμφυλίαν
775 3259 1150 3330 ἀνεχώρησαν,
1191 3263 1287 3316 καὶ
1326 3263 1532 3333 ταύτην
1566 3263 1665 3333 τῆς
1708 3261 1889 3334 λώϐης
1917 3267 2002 3317 ἐν·

415 3345 680 3417 ἔπλησαν.

414 3432 602 3492 Λῦται
619 3437 1025 3514 μᾴνᾲαζρέσεις
1051 3442 1161 3514 ἕως
1183 3445 1532 3512 Μαρκίαν-οὗ
1561 3460 1573 3474 ⁸
1614 3445 1731 3498 ἀπὸ
1753 3445 1822 3498 δὲ
1844 3449 2004 3514 Μαρ-

484 3509 699 3582 marci)
728 3509 908 3578 δεῦρο
933 3513 1151 3579 μικρὸν
1176 3509 1290 3566 καί
1309 3515 1459 3582 πρὸς
1491 3523 1516 3550 ν
1541 3515 1642 3569 καὶ
1686 3516 1786 3569 ἐπὶ
1821 3509 2002 3570 Λέων·-

485 3594 588 3643 τος
625 3579 985 3647 ἀνεφύησαν
1013 3585 1071 3634 αἱ
1095 3579 1360 3650 αἱρέσεις
1378 3582 1573 3642 αὗται.

493 3669 594 3722 tu'.
624 3669 976 3741 Νεστοριανοί
1005 3671 1115 3742 (58)
1140 3689 1152 3702 ·
1181 3675 1229 3726 οι
1273 3687 1299 3714 ι
1342 3674 1486 3738 ίδίως
1528 3677 1622 3728 καὶ
1656 3673 2002 3747 κεχωρισμέ-

491 3800 658 3856 ’Dan.
708 3819 805 3871 xtl,
839 3807 928 3861 52.

2100 524 2222 595 ipso
2254 525 2445 596 gratia:
2474 539 2578 579 usu
2625 523 2768 577 dona
2801 523 2978 576 edocti
3014 537 3247 577 sumus:
3283 522 3371 578 isti
3403 538 3558 588 vero,
3593 524 3688 593 ju-

2101 617 2287 671 niores
2324 631 2448 670 cum
2485 615 2617 680 sint,
2673 624 2724 669 et
2778 614 2916 669 nihil
2951 613 3150 668 horum
3199 622 3394 669 exacte
3431 625 3684 680 noscant,

2100 710 2506 780 Spiritualiores
2532 724 2819 765 sermones
2847 708 3047 764 audire
3081 722 3190 762 non
3217 707 3514 762 sustinent.
3541 707 3689 773 Qua-

2100 811 2326 874 propter
2355 816 2600 872 exponas
2625 801 2789 856 velim
2822 800 2980 864 mihi,
3006 814 3114 869 qua
3136 800 3351 854 ratione
3381 791 3684 861 alﬁrmetis,

2099 905 2152 951 et
2213 895 2555 950 contrarium
2617 893 2876 948 recedere
2941 892 3238 962 spiritum,
3300 898 3357 946 et
3436 889 3686 960 Spiritus

2099 988 2277 1046 sancti
2307 988 2538 1057 gratiam
2581 985 2860 1040 advenire.
2890 1003 2906 1036 ι
2949 985 3109 1053 100
3136 983 3233 1038 His
3270 983 3454 1040 verbis
3483 981 3682 1036 delini-

2099 1093 2190 1138 tus
2219 1096 2410 1147 senex,
2444 1079 2621 1135 latens
2649 1091 2919 1133 venenum
2952 1083 3130 1130 totum
3159 1075 3423 1139 evomuit,
3451 1073 3642 1128 dicens
3664 1110 3678 1136 ,

2100 1189 2317 1229 sacrum
2370 1173 2707 1242 baptismum
2765 1171 2970 1224 nullam
3021 1169 3112 1231 iis,
3163 1169 3256 1239 qui
3299 1183 3425 1223 eum
3481 1182 3679 1222 consev

2097 1273 2368 1336 quuntur,
2407 1264 2699 1318 utilitatem
2734 1261 2951 1327 aﬂ'erre,
2991 1258 3088 1316 sed
3141 1261 3255 1314 sola
3310 1258 3502 1313 sedula
3557 1272 3685 1312 ora-

2098 1359 2248 1413 tione
2273 1359 2573 1412 daemonem
2611 1355 3018 1409 inhabitantem
3051 1352 3274 1423 expelli.
3309 1349 3510 1405 Omnes
3534 1349 3680 1403 enim

2099 1451 2193 1521 qui
2234 1451 2474 1504 eduntur
2520 1449 2574 1501 in
2612 1449 2812 1512 lucem,
2864 1461 2927 1500 ex
2967 1445 3150 1515 primo
3197 1452 3424 1514 parente
3469 1441 3690 1494 trahere

2100 1543 2303 1604 aiebat,
2338 1537 2803 1609 quemadmodum
2836 1545 3116 1600 naturam,
3151 1537 3233 1590 sic
3278 1541 3328 1590 et
3377 1532 3688 1587 diemonum

2101 1631 2445 1686 servitutem.
2485 1627 2581 1682 llis
2607 1636 2786 1680 autem
2821 1641 2917 1695 per
2954 1625 3206 1680 sedulam
3251 1624 3559 1678 orationem
3598 1620 3690 1674 [ιι-

2100 1719 2263 1790 gatis,
2311 1717 2570 1771 advenire
2621 1715 2882 1783 deinceps
2940 1713 3212 1783 Spiritum
3270 1719 3562 1773 sanetum,
3595 1710 3690 1778 qui

2103 1809 2448 1880 przesentiam
2481 1821 2637 1862 suam
2670 1806 2928 1860 sensibus
2959 1814 3015 1857 et
3043 1803 3223 1858 oculis
3248 1801 3528 1866 exhibeat,
3571 1808 3686 1854 tum

2103 1913 2303 1968 corpus
2363 1913 2393 1951 a
2449 1895 2925 1967 perturbationum
2964 1892 3228 1956 motibus,
3287 1900 3404 1944 tum
3450 1889 3688 1942 animam

2104 1993 2171 2046 ab
2201 1990 2351 2046 omni
2384 1990 2450 2043 ad
2497 1988 2769 2042 deteriora
2833 1984 3200 2055 propensione
3246 1980 3567 2047 liberando;
3615 1979 3691 2034 ita

2105 2091 2163 2137 ut
2192 2097 2292 2137 nec
2319 2081 2533 2151 jejunio
2565 2079 2678 2148 jam
2735 2093 2877 2146 opus
2926 2077 2998 2131 sit
3019 2131 3024 2140 ,
3045 2089 3157 2145 quo
3197 2089 3402 2144 corpus
3429 2086 3686 2127 coercea-

2104 2183 2213 2237 tur,
2241 2189 2342 2228 nec
2359 2171 2611 2226 doctrina
2641 2167 2978 2232 refrenante,
3008 2175 3062 2221 et
3090 2167 3158 2219 ad
3189 2176 3403 2220 rectum
3435 2163 3688 2219 ordinem

2104 2268 2450 2324 instituentc.
2481 2262 2666 2332 Neque
2696 2279 2824 2318 vero
2866 2258 3138 2332 protervis
3178 2257 3528 2314 solummodo
3561 2271 3691 2311 cor-

2103 2363 2254 2432 poris
2293 2359 2538 2414 motibus
2579 2357 2785 2422 eximi,
2833 2354 2926 2425 qui
2969 2354 3113 2408 hune
3167 2351 3400 2423 adeptus
3447 2346 3541 2414 sit',
3595 2350 3690 2406 sed

2105 2451 2288 2505 futura
2329 2451 2493 2504 etiam
2530 2457 2720 2518 aperte
2771 2447 3096 2517 praevidere,
3128 2452 3182 2498 et
3222 2443 3465 2498 divinam
3500 2441 3688 2495 Trinio

2105 2550 2273 2596 tatem
2326 2541 2503 2595 oculis
2556 2538 2830 2593 contueri.
2885 2535 3148 2590 Perfosso
3181 2533 3247 2587 ad
3282 2534 3431 2587 hunc
3465 2532 3689 2586 modum

2106 2633 2276 2688 fetido
2307 2633 2482 2696 fonte,
2515 2632 2768 2700 rivisque
2819 2633 2920 2683 hac
2972 2637 3094 2682 arte
3145 2626 3401 2688 detectis,
3460 2624 3690 2694 impium

2107 2740 2292 2781 senem
2326 2727 2405 2778 sic
2437 2725 2662 2778 divinus
2685 2721 2986 2775 Flavianus
3015 2718 3210 2774 ali-atus
3236 2726 3321 2773 est
3349 2737 3362 2772 :
3397 2714 3694 2770 Inveterate

2106 2817 2313 2870 dierum
2346 2815 2631 2879 malorum,
2665 2815 2844 2882 arguit
2880 2821 2927 2865 te
2955 2829 3012 2865 os
3046 2819 3218 2877 tuum,
3261 2819 3309 2862 et
3361 2825 3465 2862 non
3495 2815 3693 2878 ego:et

2108 2909 2253 2962 labia
2287 2917 2377 2960 tua
2420 2917 2607 2960 contra
2647 2914 2695 2959 te
2728 2905 3086 2958 testimonium
3145 2903 3381 2956 tulerunt
3409 2902 3450 2956 ³.
3501 2900 3697 2970 Itaque

2107 3000 2211 3054 hoc
2235 3000 2506 3070 patefacto
2537 2999 2751 3063 morbo,
2778 2996 2938 3067 Syria
2967 2997 3188 3066 quidem
3221 3003 3352 3049 sunt
3372 2994 3611 3064 expulsi,
3637 2994 3692 3047 in

2108 3093 2486 3162 Pamphyliam
2524 3106 2660 3158 vero
2708 3097 3134 3155 concesserunt,
3184 3105 3348 3159 quam
3403 3088 3506 3142 hac
3539 3093 3694 3158 peste

2106 3183 2497 3253 impleverunt.

2109 3442 2380 3497 Hactenus
2417 3442 2639 3496 hwreses
2667 3455 2782 3507 qua:
2823 3439 2892 3491 ad
2933 3436 3203 3490 Marciani
3245 3445 3477 3507 tempora
3523 3438 3692 3490 exsti-

2181 3522 2375 3568 terunt.
2416 3513 2454 3564 Α
2496 3505 2764 3564 Marciani
2807 3524 2926 3562 vero
2965 3518 3122 3561 wtate
3151 3523 3213 3560 ac
3247 3505 3484 3573 deinceps
3530 3508 3692 3576 paulo

2177 3592 2318 3653 post,
2346 3581 2440 3636 sub
2463 3580 2652 3634 Leonis
2677 3580 2920 3648 imperio,
2954 3587 3153 3631 exortae
3178 3586 3302 3630 sunt
3337 3577 3477 3630 istm.

2178 3675 2266 3730 80.
2286 3672 2624 3730 Nestoriani.
2652 3670 2715 3725 lli
2746 3670 2917 3725 Deum
2941 3668 3183 3726 Verbum
3202 3666 3507 3725 secundum
3539 3680 3598 3722 se
3626 3681 3692 3722 ac

1695 3898 1930 3955 VARUS
1971 3897 2379 3955 LECTIONES.

486 4010 618 4088 Sulla
646 4011 926 4088 ATheodor.
963 4011 1087 4088 eod.
1125 4009 1182 4066 S.
1233 4011 1405 4069 Hilar.
1439 4025 1491 4088 et
1512 4015 1587 4088 WB.
1619 4016 1654 4069 2
1676 4015 1940 4086 ἐλεχθείς.
1983 4016 2154 4088 Vetus
2181 4018 2413 4088 interpr.
2444 4017 2828 4088 redarguutus.
2855 4034 2871 4088 _'

2019 4098 2047 4127 ν
2080 4087 2244 4143 Deest.
2275 4080 2426 4141 ιηίι.
2460 4080 2626 4142 2508⁷
2662 4096 2716 4142 et
2770 4083 2911 4141 5⁸244
2953 4080 3125 4153 δεῦρο
3171 4083 3366 4153 μικρδν
3402 4083 3497 4153 καὶ
3525 4082 3683 4153 πρός.

415 4083 475 4155 ξ.
505 4083 611 4138 llil.
646 4085 699 4155 in
729 4099 901 4153 marg.
947 4083 1140 4155 altera
1161 4097 1348 4150 manu,
1384 4086 1573 4139 παθῶν
1601 4083 1919 4155 αἰσχίστων.

2909 4013 2928 4050 ί
2966 4009 3033 4063 Β.
3061 4009 3087 4063 1
3123 4010 3419 4065 πολιτείαν.
3497 4020 3525 4049 υ
3549 4010 3683 4066 Cod.

411 4153 614 4230 Fronto
672 4150 905 4230 Duezetis
930 4150 1240 4230 _legendum
1282 4165 1440 4225 putat
1471 4174 1485 4210 :
1527 4157 1621 4211 καὶ
1656 4150 1838 4228 μικρῷ
1874 4157 2143 4229 πρότερον
2175 4160 2270 4213 ἐπὶ
2292 4198 2309 4225 ,
2347 4159 2432 4213 vel
2467 4157 2651 4230 μικρῷ
2680 4157 2889 4229 πρόσω.
2968 4150 3252 4208 ³0⁷οἀξᾶ
3280 4150 3390 4207 Hil.
3423 4152 3476 4208 in
3510 4150 3684 4221 marg.

415 4223 522 4277 ἀπὸ
555 4224 876 4296 Νεστορίου,
900 4223 972 4277 οἳ.

1917 4314 2150 4372 NOTAE.

481 4473 590 4544 (58)
630 4471 699 4527 Ut
725 4474 988 4536 Nestorii,
1026 4473 1106 4528 sic
1140 4471 1594 4544 Nestorianorum
1636 4487 1857 4544 quoque
1899 4486 1986 4526 se-
2017 4481 2064 4539 ι)

409 4541 616 4613 quieris
642 4547 818 4598 mtatis
843 4559 1061 4599 sensum
1099 4544 1400 4613 liutychius
1444 4541 1864 4613 Alexandrinus
1894 4557 1987 4596 ex-

410 4611 649 4683 ponit,t.
687 4613 729 4666 ll
769 4615 1060 4666 Annalium
1103 4611 1242 4682 quos
1283 4613 1534 4683 Arabico
1557 4613 1800 4681 scripsit.
1833 4611 1990 4665 Asse-

409 4681 555 4737 iebat
586 4682 891 4747 Nestorius,
941 4681 1150 4751 inquit,
1195 4683 1428 4735 Mariam
1492 4681 1766 4751 Virginem
1809 4698 1988 4735 revera

407 4753 693 4822 Deiparam
745 4770 845 4806 non
885 4750 1069 4822 fuisse,
1114 4768 1326 4819 esseque
1357 4751 1488 4805 duos
1528 4750 1721 4816 Filios,
1763 4768 1988 4820 quorum

408 4821 546 4877 alter
575 4826 645 4877 sit
669 4823 806 4877 Deus
835 4821 891 4876 et
913 4838 977 4876 ea:
1011 4821 1177 4875 Patre
1198 4823 1422 4891 genitus,
1460 4821 1597 4874 alter
1625 4823 1779 4874 homo
1813 4823 1902 4891 qui
1924 4835 1988 4874 ex

408 4892 589 4947 Maria
623 4903 778 4947 natus
803 4897 910 4946 sit:
941 4905 1095 4961 atque
1125 4890 1280 4945 istum
1313 4891 1612 4961 hominem,
1627 4893 1716 4961 qui
1747 4890 1988 4961 seiChri-

406 4974 545 5017 stum
567 4965 788 5024 dixerit,
823 4959 1233 5016 amore'unitum
1265 4977 1377 5014 esse
1416 4977 1536 5012 cum
1590 4959 1757 5020 Filio.
1793 4960 1990 5014 Deum-

405 5049 505 5103 que
537 5034 832 5102 appellari,
899 5049 1000 5085 non
1043 5049 1242 5097 revera,
1275 5031 1364 5084 sed
1403 5047 1494 5103 per
1521 5032 1905 5103 concessionem
1937 5039 1987 5083 et

404 5101 675 5158 nominum
725 5104 1164 5166 communionem,
1200 5118 1290 5156 nec
1334 5117 1437 5155 non
1467 5101 1680 5154 honoris
1718 5115 1900 5165 causa,
1935 5114 1987 5155 et

403 5175 543 5226 sicut
577 5189 714 5228 unus
736 5189 801 5226 ea:
840 5174 1125 5242 prophetis.
1172 5173 1246 5226 Ita
1287 5172 1509 5241 quidem
1537 5168 1826 5224 Nestorius
1857 5186 1981 5225 sen-

401 5245 546 5312 sisse
583 5244 782 5312 legitur
823 5245 875 5298 in
909 5244 1232 5311 fragmentis
1285 5242 1640 5296 homiliarum
1686 5242 1829 5312 ejus,
1862 5256 1984 5310 (ιιιω

401 5311 665 5384 ΟγνίΙΙιιεί
705 5313 1106 5368 Alexandrinus
1160 5313 1329 5368 refert
1380 5313 1552 5384 ΙὶιιιξοΔ
1586 5311 1886 5384 prmsertim
1942 5327 1980 5365 ιι

402 5381 594 5454 contra
657 5383 874 5452 ipsum:
935 5384 1147 5454 Ὥσπερ
1199 5384 1430 5452 λέγομεν
1463 5381 1730 5454 ῥεδνᾼτδν
1760 5381 1981 5434 πάντων

401 5451 739 5523 δημιουργδν
765 5492 780 5516 ,
838 5457 933 5507 καλ⁸
971 5451 1405 5518 Θεὸν’Μωῦσέα,
1446 5451 1589 5523 οὕτω
1621 5451 1852 5523 λέγομεν
1886 5454 1981 5504 καὶ

399 5521 789 5592 ἐδνΔεσπότην
810 5524 1064 5592 Χριστὸν,
1083 5525 1176 5575 καὶ
1192 5523 1346 5587 Θεὸν,
1360 5525 1454 5575 καὶ
1478 5521 1626 5583 Υἱὸν,
1656 5525 1752 5574 καὶ
1769 5521 1980 5592 ’ᾊγιονο

415 5589 566 5645 Velut
616 5589 780 5645 Deum
809 5589 1034 5644 dicimus
1057 5593 1288 5645 universi
1335 5593 1680 5657 conditorem,
1707 5608 1769 5643 ac
1815 5591 1986 5644 Deum

401 5659 527 5730 item
557 5660 810 5730 Moysen;
840 5665 918 5713 ita
962 5670 1012 5713 et
1040 5661 1324 5715 Dominum
1353 5661 1644 5719 Christum,
1696 5671 1744 5714 et
1792 5661 1980 5722 Deum,

403 5738 446 5782 et
484 5729 705 5799 Filium,
739 5743 788 5786 et
846 5730 1124 5788 Sanctum.
1181 5731 1506 5802 Quanquam
1558 5730 1986 5798 diligentissime

2091 4471 2319 4524 cavebat
2358 4487 2426 4525 ne
2479 4472 2617 4527 duos
2642 4470 2810 4528 Filios
2841 4480 2896 4526 et
2935 4472 3076 4528 Deos
3115 4469 3312 4526 ell'erre
3344 4469 3622 4528 videretur
3664 4494 3678 4530 :

2097 4541 2244 4608 quod
2283 4541 2500 4609 quidem
2525 4557 2591 4595 ex
2618 4543 2788 4614 variis
2818 4541 2937 4610 ejus
2960 4556 3024 4594 ac
3055 4542 3335 4614 fautprutn
3362 4541 3538 4614 ipsius
3560 4561 3684 4614 quae

2099 4621 2394 4682 supersunt
2447 4613 2818 4665 inonnmentis
2850 4620 3091 4682 constat.
3145 4611 3449 4682 Eutychius
3487 4611 3684 4672 deinde

2099 4681 2268 4762 tradit
2300 4679 2656 4761 Nestorianos
2691 4681 3027 4762 posteriores
3055 4679 3683 4762 opinionemdiversam

2095 4752 2364 4808 tenuisse,
2392 4765 2453 4801 ac
2490 4750 2557 4810 si,
2596 4750 2804 4805 omissa
2836 4752 3039 4807 unione
3068 4750 3158 4806 illa
3189 4755 3496 4808 secundum
3527 4769 3682 4809 amo-

2096 4835 2209 4873 rem
2239 4859 2251 4881 ,
2285 4819 2650 4892 atfectionem,
2685 4829 2740 4876 et
2776 4822 3060 4886 honorem,
3095 4822 3504 4892 proﬁterentur,
3529 4824 3686 4880 Chri-

2092 4899 2233 4963 s_tum
2266 4905 2425 4963 unum
2461 4890 2596 4943 duas
2625 4906 2736 4963 esse
2763 4890 3116 4957 substantias,
3140 4893 3379 4961 duasque
3407 4890 3680 4963 personas,

2097 4959 2263 5034 Deum
2285 4959 2574 5034 perfectum
2620 4961 2674 5014 in
2701 4976 2926 5029 persona
2957 4972 3006 5016 et
3043 4959 3350 5017 substantia
3380 4959 3500 5028 sua,
3529 4973 3684 5034 atque

2095 5029 2357 5100 hominem
2387 5032 2676 5100 perfectum
2710 5035 2761 5084 in
2792 5047 3018 5100 persona
3052 5043 3102 5087 et
3131 5035 3434 5088 substantia
3465 5029 3682 5098 sua,'ac

2095 5097 2329 5154 Mariam
2362 5097 2623 5170 peperisse
2677 5097 2979 5172 Christum
3011 5119 3077 5157 ea:
3105 5114 3255 5172 parte
3307 5097 3682 5172 humanitatis,

2093 5185 2196 5222 non
2237 5186 2302 5243 ea:
2328 5185 2477 5241 parte
2507 5173 2836 5243 divinitatis;
2865 5182 2920 5226 ut
2959 5171 3123 5227 Pater
3154 5173 3389 5243 genuerit
3422 5171 3608 5243 Deu_m,
3634 5185 3684 5226 et

2092 5257 2197 5295 non
2229 5240 2511 5306 hominem,
2544 5241 2726 5297 Maria
2776 5252 2951 5296 autem
2985 5240 3269 5305 hominem,
3311 5250 3361 5294 et
3387 5257 3490 5294 non
3512 5240 3684 5296 Deum

2089 5314 2366 5380 pepererit.
2426 5313 2501 5365 Ita
2557 5313 2777 5382 quidem
2838 5314 3056 5383 priscos
3115 5313 3280 5366 etiam
3323 5309 3684 5383 Nestorianos

2090 5398 2214 5436 esse
2266 5386 2479 5438 locutos
2543 5390 2760 5437 constat
2811 5382 2876 5436 ex
2939 5382 3109 5435 variis
3142 5382 3512 5451 monumentis
3560 5398 3683 5451 quae

2091 5453 2384 5506 exstabant
2417 5454 2470 5506 in
2508 5452 2797 5523 Tragcedia
2850 5451 3330 5523 l_rena;i,_qua3que
3364 5450 3549 5523 Lupus
3569 5450 3684 5506 Au-

2091 5523 2442 5593 guslinianus
2472 5519 2732 5591 primum,
2768 5536 2836 5593 ae
2852 5519 3157 5593 deinde_Cl._
3193 5519 3461 5593 Baluzius
3484 5537 3684 5593 secun-

2094 5588 2225 5645 dum
2257 5588 2528 5646 vetustam
2587 5590 3004 5645 translationem
3041 5588 3293 5644 Latinam
3339 5591 3581 5647 edidere.
3623 5592 3684 5645 At

2091 5676 2224 5714 vero
2264 5677 2372 5714 non
2407 5662 2515 5714 alio
2536 5676 2677 5713 nexu
2703 5660 2891 5730 ambas
2923 5658 3266 5730 substantias
3301 5672 3462 5730 atque
3495 5676 3682 5730 perso-

2095 5745 2196 5787 nas
2219 5732 2404 5786 unitas
2434 5730 2736 5785 censebant
2765 5729 2864 5794 illi,
2899 5729 3006 5784 nisi
3042 5730 3164 5785 κατ’
3195 5731 3468 5796 εὐδοκίαν,
3494 5729 3682 5784 secun-
