4090 6148
354 401 452 471 745

1533 391 1633 452 DE
1666 385 2126 451 HERESIBUS
2163 384 2419 444 LIBER.

3497 370 3603 434 ’ἰαίίῑ

352 518 433 570 τὸν
451 512 711 586 ἀριθμὸν,
737 509 833 564 δύο
858 507 994 579 φέρε
1020 505 1243 578 πήχεων
1270 498 1412 556 εῖναι
1445 500 1504 553 τὸ
1535 500 1692 565 ξύλον
1721 498 1914 566 λέγον·
1946 520 1957 555 Α

2059 508 2290 557 namus;
2325 508 2375 545 v.
2419 507 2499 560 gr.
2533 489 2664 543 dum
2704 487 2966 550 dicimus,
3014 485 3253 541 duorum
3286 481 3605 539 cubitorum

353 626 453 673 τες,
477 605 614 660 ἀλλὰ
640 601 871 671 δυνάμει
897 598 992 653 δύο
1022 597 1203 668 φαμὲν
1256 589 1397 648 εῖναι
1432 592 1491 646 τὸ
1523 591 1604 656 ἓν,
1634 591 1737 643 οὑκ
1764 592 1919 659 ἐνερ-

2025 584 2236 655 lignum
2272 598 2429 646 esse;
2477 587 2719 635 attamen
2769 578 2917 649 quod
2972 592 3139 645 unum
3178 584 3286 636 est,
3323 574 3435 628 duo
3487 588 3612 631 esse

540 694 666 748 ἐπεὶ
706 661 874 761 ⁸ιεόιγεε
902 691 962 744 ἓν
988 661 1138 741 ἐστιν
1165 684 1441 755 ἐνεργείᾳ,
1480 683 1577 736 καὶ
1607 683 1669 734 οὑ
1694 680 1788 735 δύο
1815 695 1828 710 ’
1862 678 1925 732 τὸ

2059 673 2457 731 renuntiamus
2512 661 2742 733 virtute,
2794 683 2907 723 non
2951 674 3078 722 actu
3113 687 3124 721 :
3158 665 3612 737 quandoquidem

352 758 401 845 ὑὲ
440 758 707 844 δύνασθαι
739 758 916 855 τομήν
963 777 1358 851 ὑπομένονδύο
1402 773 1696 844 γενέσθαι,
1750 772 1924 844 ταύτῃ

2059 781 2199 821 mum
2244 771 2331 820 est
2374 771 2523 827 actu,
2557 777 2669 817 non
2718 762 2853 816 duo.
2901 759 3043 826 Quia
3087 774 3219 815 vero
3258 774 3356 828 per
3408 758 3612 815 sectio—

354 883 522 957 φαμὲν
552 879 650 934 δύο
676 876 842 933 τινῶν
874 871 1041 929 εἶναι.

949 1067 1202 1121 ΚΜᾹΛ.
1238 1067 1314 1121 Ζ’.

842 1161 938 1213 Ἐκ
975 1159 1083 1214 τοῦ
1120 1158 1448 1227 διαιτητοῦ.

421 1251 691 1325 Ἕϐδομός
721 1253 838 1305 ἐστι
862 1250 883 1290 ί
915 1250 1097 1319 λόγος,
1139 1250 1187 1318 ὁ,
1218 1250 1281 1317 ἐξ
1308 1244 1384 1304 ὧν
1409 1249 1460 1302 οἱ
1488 1246 1753 1303 τάναντία
1790 1263 1931 1317 πρε-

362 1346 638 1410 σϐεύοντες
710 1343 1093 1408 ὑποτίθενται,
1159 1344 1262 1414 τὴν
1320 1341 1460 1396 ίδίαν
1514 1338 1935 1413 ἐπισφραγίζων

361 1440 636 1512 ἀλήθειαν.
683 1436 788 1490 Δύο
831 1436 943 1509 γάρ
994 1435 1134 1490 εἶναι
1168 1436 1269 1500 τὰς
1315 1434 1411 1490 τοῦ
1454 1432 1694 1508 Χριστοῦ
1742 1431 1935 1503 φύσεις

360 1532 758 1603 ὑποτιθέμενοι,
802 1531 933 1602 μίαν
960 1528 1128 1584 αὑτοῦ
1176 1530 1272 1583 καὶ
1318 1528 1485 1600 μόνην
1518 1526 1763 1592 ἀξιοῦσιν
1792 1521 1934 1580 εῖναι

360 1625 452 1695 τὴν
480 1624 804 1686 ὑπόστασιν,
841 1620 1011 1692 ήγουν
1040 1621 1354 1693 πρόσωπον·
1390 1621 1592 1691 ὁμοίως
1622 1621 1933 1674 ἀποσκευα-

362 1715 574 1787 ζόμενοι
616 1716 742 1777 τοὺς
784 1713 817 1785 ἢ
870 1713 1000 1784 μίαν
1046 1710 1318 1783 εἶναιτὴν
1352 1711 1448 1766 τοῦ
1486 1711 1728 1784 Χριστοῦ
1772 1711 1935 1781 φύσιν

364 1798 497 1880 μετὰ
519 1806 620 1878 τὴν
644 1807 864 1870 ἕνωσιν,
896 1806 930 1878 ἢ
962 1805 1055 1859 δύο
1084 1804 1275 1859 τούτου
1302 1806 1402 1870 τὰς
1429 1807 1760 1869 ὑποστάσεις
1798 1821 1936 1876 πρε-

2027 871 2154 917 nem
2197 856 2309 911 duo
2348 855 2463 910 lieri
2512 862 2717 926 potest,
2766 854 2889 910 ideo
2936 852 3175 908 dicimus
3215 866 3339 909 esse
3381 851 3613 908 duarum

2016 963 2416 1009 mensurarum
2427 987 2440 1001 .

2679 1059 2833 1114 CAP.
2861 1059 2975 1114 Vll.

2646 1151 2733 1205 Ea:
2778 1151 3024 1206 arbitro.‘

2107 1247 2386 1319 Septimus
2422 1257 2606 1302 sermo
2645 1245 2775 1309 erit,
2804 1258 2914 1316 quo
2947 1258 3016 1300 ex
3050 1244 3120 1299 iis
3146 1258 3271 1315 quae
3300 1254 3623 1317 supponunt

2039 1343 2117 1397 illi
2153 1342 2245 1413 qui
2277 1339 2557 1397 contraria
2583 1339 2850 1405 sentiunt,
2883 1339 3092 1395 veritas
3142 1341 3447 1398 muniatur.
3484 1342 3622 1398 Cum

2036 1435 2182 1489 enim
2230 1433 2372 1489 duas
2409 1446 2535 1488 esse
2563 1431 2774 1487 Christi
2808 1440 3039 1487 naturas
3089 1443 3429 1503 supponant,
3458 1449 3624 1490 unam

2036 1534 2091 1582 et
2114 1526 2288 1582 solam
2321 1523 2497 1595 ipsius
2517 1537 2642 1578 esse
2664 1525 2975 1578 concedunt
3004 1523 3347 1595 hypostasim
3372 1540 3467 1580 scn
3503 1540 3629 1596 per—

2039 1633 2231 1673 sonam
2270 1616 2593 1672 :consimili
2623 1615 2862 1682 ratione,
2900 1622 2954 1671 et
3002 1631 3261 1689 peraeque
3305 1619 3630 1688 rejicientes

2038 1724 2157 1773 eos,
2187 1708 2281 1778 qui
2315 1722 2480 1762 unam
2512 1705 2720 1762 Christi
2750 1713 3006 1761 naturam
3040 1718 3166 1777 post
3198 1710 3482 1778 unionem,
3511 1718 3629 1765 tum

2040 1801 2206 1855 etiam
2244 1799 2374 1855 illos
2407 1799 2503 1869 qui
2531 1798 2671 1854 duas
2701 1796 2756 1853 in
2785 1813 2854 1855 eo
2893 1798 3223 1870 bypostases
3266 1800 3630 1859 conﬁtentur.

364 1863 671 1961 σϐεύοντιας.
738 1863 930 1950 Ἀλλὰ.
965 1896 1098 1967 πρὶν
1160 1897 1242 1960 είς
1296 1863 1424 1960 τούς
1467 1863 1756 1966 ἐλέγχους*
1788 1863 1937 1967 ἡμᾶς

2059 1889 2244 1946 Verum
2301 1863 2623 1962 priusquam
2671 1863 3019 1962 hypothesiin
3074 1891 3241 1947 istam
3288 1893 3631 1960 refellamus,

363 1991 618 2063 ἐμϐαλεῖν
643 1989 852 2061 ταύτης
880 1988 981 2060 τῆς
1002 1988 1339 2053 ὑποθέσεως,
1369 1986 1593 2059 εὑλογον
1623 1984 1780 2060 οἶμαι
1807 1989 1941 2059 πρό-

366 2098 517 2152 τερον
570 2080 966 2151 ἀφορίσασθαι,
999 2079 1055 2133 τί
1109 2080 1211 2152 μὲν
1257 2079 1320 2133 τὸ
1349 2079 1451 2151 τῆς
1490 2079 1709 2149 φύσεως
1832 2079 1942 2133 τῶν

377 2170 712 2243 Ἐκκλησιῶν
757 2170 1079 2225 διδασκαλία
1125 2170 1417 2242 σημαίνειν
1451 2170 1704 2242 βούλεται
1728 2170 1901 2242 ὄνομα
1924 2186 1938 2200 '

364 2264 497 2318 τίδὲ
526 2264 589 2317 τὸ
626 2261 721 2317 τοῦ
756 2261 1057 2335 προσώπου
1085 2262 1311 2333 καὶτῆς
1355 2263 1729 2327 ὑποστάσεως.
1775 2261 1945 2316 Φύσιν

370 2352 466 2423 μὲν
493 2345 588 2405 οὖν
616 2347 758 2405 εἶναι
791 2351 988 2416 οἴεται,
1018 2350 1114 2405 τὸν
1138 2350 1321 2405 κοινὸν
1341 2350 1438 2405 τοῦ
1473 2347 1616 2406 εἶναι
1641 2351 1803 2420 λόγον
1831 2350 1942 2403 τῶν

367 2443 462 2513 τῆς
487 2441 659 2512 αὐτῆς
696 2440 1034 2513 μετεχόντων
1063 2441 1276 2507 οὐσίας,
1308 2441 1384 2505 ὡς
1407 2440 1697 2514 ἀνθρώπου
1724 2441 1945 2505 παντὸς,

366 2532 428 2585 τὸ
461 2530 600 2597 ζῶον
627 2531 868 2601 λογικὸν,
901 2532 1119 2603 θνητὸν,
1157 2531 1251 2586 νοῦ
1288 2532 1383 2587 καὶ
1430 2534 1741 2604 ἐπιστήμης
1770 2533 1949 2587 δεκτι-

314 2614 327 2629 ’
369 2623 483 2678 κόν.
515 2623 704 2695 Τούτῳ
727 2623 836 2693 γάρ
855 2623 1035 2686 οὐδεὶς
1056 2622 1364 2695 ἀνθρώπων
1396 2624 1725 2696 διενήνοχεν.
1746 2624 1949 2679 Οὐσίαν

367 2712 425 2766 δὲ
464 2715 558 2769 καὶ
586 2713 750 2783 φύσιν
779 2716 858 2775 είς
886 2715 1085 2767 ταυτὸν
1125 2713 1249 2782 ἄγει
1275 2730 1290 2745 ’
1332 2714 1640 2770 ὑπόστασιν
1667 2714 1745 2781 δὲ,
1781 2715 1951 2785 ήγουν

371 2809 666 2879 πρόσωπον
690 2850 706 2875 ,
757 2806 858 2879 τὴν
906 2806 1275 2860 ίδιοσύστατον
1319 2807 1420 2874 τῆς
1467 2807 1705 2880 ἑκάστης
1738 2807 1953 2878 φύσεως

372 2897 631 2968 ὓπαρξιν,
660 2898 778 2963 καὶ,
815 2899 882 2951 ἵν’
914 2896 1091 2961 οὑτως
1122 2898 1283 2965 εἴπω,
1317 2898 1691 2971 περιγραφὴν,
1734 2899 1794 2965 ἐξ
1830 2899 1955 2953 ἰδιο-

371 2990 557 3060 τήτων
589 2988 755 3043 τινῶν
783 2989 1155 3061 συγκειμένην
1180 3031 1194 3055 ,
1242 2989 1368 3043 καθ’
1410 2989 1477 3053 ἃς
1503 2990 1749 3061 ἀλλήλων
1777 2993 1826 3045 oi
1856 2993 1958 3062 τῆς

375 3080 550 3152 αὐτῆς
578 3080 1043 3150 κεκοινωνηκότες
1079 3080 1296 3149 φύσεως
1325 3080 1647 3152 διαφέρουσι
1666 3098 1682 3113 ο
1708 3081 1803 3135 καὶ
1829 3097 1958 3135 συν-

374 3171 559 3243 τόμως
595 3171 808 3236 εἰπεῖν,
842 3170 986 3241 άπερ
1040 3169 1222 3241 ἄτομα
1278 3169 1713 3241 προσαγορεύειν
1753 3173 1865 3233 τοῖς
1895 3170 1960 3223 ἐκ

375 3262 471 3319 τοῦ
501 3261 818 3333 Περιπάτου
848 3261 1000 3331 φίλον
1020 3276 1035 3292 ’
1074 3261 1134 3315 ὲν
1163 3256 1244 3324 οἷς
1270 3262 1305 3332 ή
1340 3258 1449 3315 τῶν
1478 3260 1673 3315 κοινῶν
1698 3259 1875 3329 γενῶν
1903 3277 1963 3314 τε

379 3356 473 3411 καὶ
501 3353 660 3408 εἰδῶν
683 3354 1019 3426 ἀποτελευτᾷ
1049 3353 1346 3425 διαίρεσις.

452 3535 640 3590 Ταῦτα
673 3534 725 3588 οί
767 3534 868 3606 τῆς
905 3532 1239 3605 Ἐκκλησίας
1275 3531 1584 3588 διδάσκαλοι
1617 3533 1964 3600 ὑποστάσεις,

384 3626 495 3681 ἔσθ’
520 3627 610 3682 ὅτε
647 3627 707 3681 δέ
744 3626 842 3680 καὶ
882 3625 1157 3698 πρόσωπα
1204 3624 1683 3697 προσηγόρευσαν.
1715 3623 1824 3677 Τοῦ
1857 3627 1968 3694 γάρ

385 3716 527 3781 ζώου
554 3720 633 3782 εἰς
660 3717 720 3771 τὸ
743 3715 964 3785 λογικὸν
995 3714 1380 3787 διαιρουμένου
1411 3714 1507 3768 καὶ
1533 3713 1594 3766 τὸ
1624 3712 1840 3780 ἄλογον,
1874 3711 1970 3766 καὶ

385 3807 481 3862 τοῦ
510 3805 734 3876 λογικοῦ
764 3807 928 3861 πάλιν
955 3805 1035 3869 είς
1064 3802 1353 3875 ἄνθρωπον
1375 3842 1390 3870 ,
1432 3803 1528 3856 καὶ
1559 3801 1791 3872 ἄγγελον
1811 3842 1825 3867 ,
1876 3803 1970 3855 καὶ

384 3900 637 3971 δαίμονα,
679 3898 747 3953 τά
789 3901 870 3963 είς
913 3897 950 3953 ἃ
984 3895 1172 3951 λοιπὸν
1201 3896 1557 3966 ἐπιτέμνεται
1591 3894 1837 3965 ἐσχάτων
1862 3893 1971 3947 τῶν

386 3993 547 4048 εἰδῶν
573 3993 780 4047 τούτων
800 3992 1058 4056 ἕκαστον,
1081 3986 1192 4045 οἷον
1219 3988 1506 4059 ἄνθρωπος
1536 3989 1635 4059 μὲν
1660 3989 1741 4052 είς
1761 3987 1972 4058 Πέτρον

388 4087 484 4141 καὶ
512 4086 755 4143 Παῦλον⁶
800 4084 1033 4155 ἄγγελος
1073 4083 1132 4138 δέ
1170 4084 1248 4146 εἰς
1278 4081 1543 4154 Γαϐριὴλ,
1588 4080 1726 4151 φέρε
1767 4097 1849 4145 τε,
1879 4080 1973 4133 καὶ

390 4181 472 4244 είς
492 4179 735 4252 Μιχαὴλ,
759 4178 986 4234 καὶτῶν
1011 4175 1219 4231 λοιπῶν
1248 4173 1495 4243 ἀγγέλων
1519 4173 1770 4236 ἕκαστον,
1795 4170 1976 4243 ἄτομα

390 4270 906 4345 προσαγορεύουσι,
956 4269 1092 4323 διότι
1132 4266 1210 4341 μὴ
1251 4261 1364 4322 οἷόν
1407 4284 1466 4320 τε
1495 4264 1703 4320 τούτων
1741 4264 1975 4319 ἕκαστον

391 4364 796 4437 ὑποτέμνεσθαι
817 4363 1007 4419 λοιπὸν
1029 4365 1110 4427 είς
1131 4362 1319 4434 ἔτερα,
1347 4360 1446 4433 τὴν
1474 4358 1604 4430 μίαν
1630 4355 1811 4412 αὐτῶν
1838 4354 1977 4427 μετὰ

389 4455 492 4529 τὴν
512 4458 689 4528 τομὴν
721 4455 885 4526 φύσιν
913 4452 1272 4518 διασώζοντα.
1313 4452 1381 4507 Ἦ
1414 4451 1513 4523 μὲν
1539 4451 1654 4521 γὰρ
1686 4450 1768 4513 είς
1794 4447 1977 4519 ψυχὴν

2042 1997 2225 2053 operae
2257 1982 2495 2052 pretium
2525 1981 2785 2036 existimo
2813 1981 2966 2052 prius
2995 1980 3228 2039 deﬁnire
3256 1984 3390 2053 quid
3439 1982 3636 2040 Eccle-

2044 2075 2255 2131 siarum
2276 2073 2529 2128 doctrina
2548 2087 2646 2144 per
2662 2081 2875 2128 naturae
2887 2088 3111 2139 nomen,
3130 2074 3259 2144 quid
3277 2091 3372 2147 per
3387 2091 3637 2146 personae

2043 2175 2099 2222 et
2147 2166 2466 2238 hypostasis
2516 2163 2749 2220 indicari
2795 2164 2948 2221 velit.
2985 2164 3173 2237 Itaque
3209 2174 3467 2223 naturam
3513 2185 3639 2229 esse

2047 2265 2263 2324 censet,
2300 2269 2654 2312 communem
2714 2254 2984 2311 rationem
3039 2271 3150 2326 qua
3205 2268 3338 2314 sunt
3401 2275 3465 2314 ea
3516 2276 3638 2329 qum

2046 2346 2297 2405 eamdem
2358 2344 2694 2416 participant
2749 2345 3090 2414 essentiam;
3132 2360 3188 2402 v.
3235 2349 3641 2422 gr.,cujusque

2047 2437 2290 2494 hominis
2305 2444 2507 2491 natura
2524 2442 2631 2499 est,
2656 2434 2859 2490 animal
2887 2436 3170 2502 rationale,
3188 2439 3439 2505 mortale,
3474 2440 3639 2495 intel-

2050 2530 2292 2601 ligentia:
2338 2543 2404 2584 ac
2447 2528 2757 2599 disciplinae
2797 2543 2992 2599 capax.
3040 2527 3098 2585 ln
3132 2531 3237 2587 hoc
3269 2532 3415 2587 enim
3457 2535 3641 2589 nullus

2052 2622 2341 2678 hominum
2373 2622 2443 2678 ab
2477 2622 2588 2677 alio
2623 2620 3008 2692 distinguitur.
3036 2621 3346 2679 Essentiam
3376 2635 3558 2681 autem
3588 2642 3645 2682 ct

2054 2721 2309 2768 naturam
2368 2726 2470 2782 pro
2519 2712 2718 2768 eodem
2777 2713 2989 2768 sumit:
3036 2721 3092 2768 at
3139 2714 3507 2786 hypostasim,
3543 2731 3641 2773 seu

2050 2819 2352 2877 personam
2376 2843 2390 2869 ,
2421 2819 2548 2860 esse
2595 2804 2760 2860 docet
2805 2813 3021 2861 natura:
3061 2808 3335 2880 cujusque
3365 2809 3646 2866 exsisten-

2055 2900 2188 2955 tiam
2219 2899 3006 2972 singulariterconsistentem,
3039 2908 3227 2974 atque,
3263 2909 3321 2958 ut
3341 2903 3416 2958 ita
3441 2905 3643 2970 dicam,

2058 2993 2641 3062 circumscriptionem
2696 3007 2765 3048 ex
2820 2992 3153 3064 quibusdam
3212 2998 3648 3067 proprietatibus

2061 3085 2443 3150 constitutam,
2488 3082 2796 3139 secundum
2843 3100 2983 3155 quas
3013 3085 3092 3141 illi
3123 3099 3154 3139 a
3186 3076 3247 3142 se
3275 3087 3509 3143 invicem
3545 3087 3651 3142 dif-

2068 3176 2273 3244 ferunt,
2330 3177 2426 3247 qui
2490 3191 2841 3232 communem
2894 3179 3144 3234 obtinent
3198 3186 3489 3245 naturam,
3542 3197 3651 3234 uno

2066 3268 2235 3322 verbo
2263 3307 2278 3333 ,
2327 3281 2449 3338 quae
2483 3265 2765 3322 individua
2805 3283 3006 3325 vocare
3051 3268 3235 3325 solent
3276 3267 3649 3339 Peripatetici.

2068 3357 2124 3411 in
2154 3357 2358 3427 quibus
2395 3357 2777 3412 communium
2827 3372 3092 3428 generum
3122 3365 3178 3415 et
3214 3358 3525 3430 specierum
3554 3358 3654 3416 dc-

2070 3449 2195 3503 sinit
2228 3447 2449 3503 divisio.

2145 3539 2302 3611 103
2350 3540 2480 3595 Haec
2509 3539 2771 3597 Ecclesiae
2809 3541 3067 3598 doctores
3101 3542 3454 3615 liypostases,
3490 3543 3656 3601 inter-

2070 3631 2315 3702 dumque
2356 3647 2626 3702 personas
2680 3645 3040 3689 vocaverunt.
3086 3632 3221 3690 Nam
3267 3651 3395 3695 cum
3453 3638 3654 3693 animal

2070 3724 2351 3781 dividatur
2377 3725 2434 3780 in
2466 3725 2738 3782 rationale
2759 3735 2812 3781 et
2838 3726 3185 3794 irrationale,
3206 3738 3263 3784 et
3296 3730 3568 3786 rationale
3599 3730 3655 3785 in

2072 3815 2381 3881 hominem,
2429 3816 2712 3887 angelum,
2750 3824 2806 3873 et
2850 3817 3178 3885 daemonem,
3211 3833 3274 3876 ea
3307 3821 3363 3874 in
3391 3835 3513 3891 quae
3542 3821 3657 3878 sin—

2072 3906 2214 3978 gula:
2235 3922 2300 3963 ex
2334 3907 2459 3964 istis
2501 3909 2791 3979 speciebus
2818 3908 3022 3966 inlimis
3055 3918 3338 3976 secantur,
3374 3919 3434 3967 ut
3470 3913 3657 3977 homo,

2075 4002 2129 4055 in
2168 3999 2392 4057 Petrum
2439 4009 2493 4058 et
2540 4002 2793 4073 Paulum,
2838 4004 3092 4073 angelus,
3139 4005 3197 4061 in
3243 4003 3551 4062 Gabrielem
3604 4016 3661 4061 et

2075 4089 2401 4147 Michaelem
2425 4101 2773 4165 cazterosque
2808 4094 3061 4167 singulos
3089 4096 3335 4165 angelos,
3368 4094 3659 4151 individua

2077 4184 2396 4255 appellant;
2466 4186 2728 4256 quoniam
2786 4186 2904 4243 ﬁeri
2959 4203 3072 4243 non
3124 4196 3307 4258 potest
3353 4195 3412 4241 ut
3458 4187 3660 4241 borum

2077 4276 2337 4347 quodque
2381 4276 2497 4347 jam
2530 4278 2919 4334 subdividatur
2958 4280 3014 4334 in
3065 4279 3194 4344 alia,
3243 4293 3365 4348 quae
3404 4286 3660 4332 naturam

2079 4382 2236 4423 suam
2288 4378 2413 4438 post
2470 4369 2800 4424 divisionem
2856 4378 3096 4425 servent.
3149 4368 3366 4424 Etenim
3420 4368 3662 4424 hominis

2080 4455 2281 4512 divisio
2312 4456 2368 4510 in
2396 4470 2600 4527 corpus
2638 4466 2694 4513 et
2735 4458 2975 4512 animam
3022 4457 3194 4513 totius
3233 4457 3495 4515 animalis
3523 4459 3665 4515 inte-

391 4549 489 4603 καὶ
516 4549 680 4618 σῶμα
706 4548 803 4603 τοῦ
837 4546 1127 4618 ἀνθρώπου
1155 4545 1443 4619 διαίρεσις,
1475 4544 1571 4598 τοῦ
1603 4543 1806 4606 παντὸς
1836 4540 1957 4607 {Lbet

2081 4547 2249 4602 ritum
2269 4546 2457 4603 eﬂicit.
2490 4546 2630 4602 llinc
2653 4562 2718 4604 ea
2744 4547 2930 4602 dicere
2962 4547 3248 4603 individua
3276 4547 3488 4620 placuit
3526 4550 3662 4607 illis.

392 4640 605 4713 φθορὰν
640 4640 956 4712 ἐργάζεται.
992 4638 1187 4693 Ἔνθεν
1213 4638 1391 4708 ἄτομα
1416 4634 1803 4689 ταῦτακαλεῖν
1833 4631 1978 4686 ἐκεί-

391 4716 504 4797 νοις
535 4732 691 4800 φίλον
717 4719 742 4763 ί
764 4731 1095 4794 ὑποστάσεις
1144 4729 1202 4783 δέ
1238 4728 1308 4783 τά
1344 4726 1571 4782 τοιαῦτα
1603 4728 1632 4780 ό
1677 4725 1974 4796 ἐκκλησιαο

394 4824 582 4891 στιριὸς
616 4824 868 4896 ὠνόμασε
891 4823 1070 4894 λόγος,
1108 4822 1245 4877 διότι
1275 4823 1334 4878 ἐν
1357 4820 1574 4884 τούτοις
1608 4819 1680 4876 τά
1717 4820 1852 4892 γένη
1884 4819 1980 4874 καὶ

391 4915 466 4969 τὰ
522 4916 638 4987 εἴδη
681 4916 949 4988 λαμϐάνει
987 4917 1088 4987 τὴν
1136 4913 1393 4985 ὓπαρξιν.
1438 4914 1506 4969 El
1556 4912 1668 4983 γὰρ
1707 4912 1806 4966 καῖ
1849 4911 1981 4966 ῐδιον

394 5005 514 5078 ἔχει
541 5007 635 5061 τὸν
672 5007 766 5061 τοῦ
812 5003 953 5063 εἶναι
998 5007 1188 5076 λόγον,
1212 5005 1277 5060 τὸ
1313 5004 1475 5073 ζῶον,
1506 5004 1641 5076 φέρε
1664 5044 1679 5070 ,
1709 5004 1805 5058 καὶ
1829 5007 1857 5057 ό
1888 5004 1978 5057 ἄν·

394 5097 641 5170 θρωπος,
685 5091 762 5154 ὧν
790 5098 852 5152 τὸ
904 5098 1005 5171 μὲν
1037 5101 1153 5152 ἐστι
1198 5096 1378 5166 γένος,
1411 5094 1474 5150 τὸ
1499 5095 1557 5150 δὲ
1585 5090 1745 5161 εἶδος,
1777 5095 1892 5151 ἀλλ’
1922 5098 1981 5149 ἐν

2081 4641 2212 4695 Haec
2244 4648 2422 4695 autem
2447 4639 2637 4695 eadem
2661 4639 2729 4695 ab
2756 4640 3138 4696 ecclesiastica
3168 4640 3465 4713 disciplina
3491 4645 3668 4700 nomi-

2081 4739 2287 4788 nantur
2327 4731 2684 4803 hypostases;
2734 4732 2831 4803 qui
2870 4732 2924 4786 in
2956 4732 3093 4804 ipsis
3129 4749 3332 4805 genera
3362 4743 3418 4792 et
3448 4739 3666 4810 species

2082 4826 2465 4883 exsistentiam
2516 4825 2745 4883 habent.
2782 4825 3053 4893 Quamvis
3101 4829 3249 4884 enim
3278 4844 3368 4886 ex.
3409 4846 3493 4902 gr.
3539 4848 3669 4903 pro-

2084 4919 2258 4990 priam
2285 4917 2541 4974 essentia:
2574 4918 2844 4974 rationem
2876 4919 3117 4975 habeant
3151 4920 3358 4976 animal
3392 4931 3448 4977 et
3476 4922 3666 4987 homo,

2086 5025 2323 5083 quorum
2361 5009 2498 5066 illud
2529 5025 2704 5082 genus
2735 5010 2832 5077 sit,
2880 5010 2985 5067 hoc
3034 5013 3288 5084 species;
3327 5021 3566 5070 attamen
3609 5017 3669 5070 in

2088 5102 2392 5161 individuis
2422 5105 2719 5172 exsistunt,
2748 5102 2912 5161 Petro
2938 5105 3163 5176 inquam
3191 5145 3206 5171 ,
3238 5114 3293 5162 et
3322 5107 3515 5171 Paulo,
3548 5107 3672 5161 sine

392 5197 514 5258 τοῖς
549 5193 776 5264 ἀτόμοις
805 5194 903 5266 τήν
950 5192 1185 5264 ὓπαρξιν
1212 5192 1459 5263 ἔχουσιν,
1502 5184 1614 5245 οἷον
1646 5190 1841 5262 Πέτρῳ
1887 5208 1957 5244 κα

2091 5196 2294 5269 quibus
2335 5211 2449 5253 non
2485 5197 2821 5255 subsistunt.
2865 5195 3010 5265 Quid
3058 5212 3192 5268 ergo
3236 5199 3309 5254 sit
3356 5198 3672 5268 hypostasis

394 5287 623 5358 Παύλῳ,
658 5287 828 5358 χωρὶς
854 5285 1058 5340 τούτων
1102 5285 1205 5339 οὐκ
1246 5283 1612 5355 ὑφιστάμενα.
1651 5281 1717 5335 Τί
1766 5283 1866 5353 μὲν
1892 5279 1951 5337 οὗ

2091 5288 2297 5361 quidve
2326 5298 2549 5357 natura,
2568 5289 2730 5360 juxta
2764 5288 3026 5347 Ecclesiae
3070 5290 3495 5360 expositionem,
3529 5288 3671 5343 dixi-

397 5378 703 5443 ὑπόστασίς
747 5380 888 5444 ἐστι,
919 5380 1014 5433 καὶ
1041 5378 1096 5431 τί
1129 5377 1291 5449 φύσις
1315 5420 1330 5445 ,
1366 5375 1510 5431 κατὰ
1539 5376 1639 5449 τὴν
1673 5375 1981 5447 ἐκκλησια-

400 5471 596 5544 στικὴν
626 5471 907 5544 ὑφήγησιν
943 5471 1194 5553 εἴπομεν.

2093 5395 2235 5436 mus.

1692 5671 1924 5728 VARIE
1966 5668 2373 5730 LECTIONES.

489 5818 511 5861 ί
546 5817 613 5874 ιι.
654 5819 793 5874 alter
819 5817 989 5876 ἔστω.

738 5933 1009 5995 Ρλτιιυι..
1050 5928 1167 5989 Gn.
1213 5924 1414 5989 XCIV.

3182 5919 3256 5983 24
