4090 6148
510 374 632 437 ’7ξῖ

1710 370 1769 428 S.
1784 366 2116 429 IOANNIS
2147 363 2581 425 DAMASCENI

3672 358 3776 423 748

598 484 787 554 Itaque
821 482 910 536 illa
938 481 1175 537 hominis
1204 490 1401 537 natura
1436 481 1768 544 communis,
1795 478 2094 534 secundum

2282 475 2433 544 Αὕτη
2470 473 2535 545 δὴ
2563 471 2711 543 οὖνὴ
2750 472 2903 541 κοινὴ
2938 473 3118 543 φύσις,
3152 475 3186 545 ἡ
3217 471 3528 544 ἀνθρώπου,
3553 472 3677 526 καθ’
3709 473 3773 542 ἢν

526 590 694 647 quam
734 573 917 645 quivis
957 572 1122 626 homo
1171 573 1238 626 ab
1273 572 1387 627 alio
1428 570 1652 625 homine
1708 585 1816 625 non
1876 568 2056 624 differt
2084 608 2099 633 ,

528 667 656 721 dum
690 664 744 717 in
777 677 1110 732 unoquoque
1141 662 1551 717 individuorum
1585 660 1826 725 exsistit,
1879 659 2100 729 propria

526 757 783 826 deinceps
812 754 916 823 ipsi
961 754 1039 816 ﬁt,
1080 753 1325 824 nullique
1364 752 1520 808 alteri
1548 751 1887 818 communis;
1911 764 2102 820 quem-

528 846 821 902 admodum
883 860 1000 916 cap.
1051 845 1086 899 4
1115 845 1437 902 statuimus.
1484 842 1621 897 Nam
1649 842 1794 914 quod
1829 843 1884 898 in
1912 857 1998 898 me
2018 849 2103 896 est

528 935 733 991 animal
765 935 1054 1001 rationale,
1086 935 1340 1000 mortale,
1371 934 1581 990 nemini
1612 932 1771 989 alteri
1800 939 1888 989 est
1946 946 2101 987 com-

528 1042 712 1083 mune.
736 1026 898 1082 Certe
915 1025 1258 1097 impossibile
1286 1043 1399 1082 non
1425 1033 1534 1092 est,
1563 1033 1625 1081 ut
1648 1024 1870 1080 homine
1891 1023 2099 1095 aliquo,

526 1118 643 1173 sive
693 1117 852 1181 bove,
915 1115 1034 1172 sive
1080 1131 1224 1187 equo
1282 1117 1564 1187 patiente,
1631 1115 1770 1170 nihil
1822 1115 2102 1186 patiantur

525 1206 774 1277 ejusdem
833 1205 1038 1277 speciei
1102 1206 1409 1262 individua.
1473 1204 1782 1277 Siquidem,
1831 1205 2103 1261 moriente

520 1297 723 1361 Paulo,
744 1295 870 1353 ﬁeri
916 1303 1099 1368 potest
1132 1305 1192 1352 ut
1228 1305 1553 1353 caeterorum
1598 1294 1884 1351 hominum
1914 1296 2100 1352 nullus

528 1388 835 1453 moriatur;
868 1396 1052 1459 atque,
1086 1396 1350 1444 nascente
1387 1387 1572 1453 Petro,
1607 1388 1741 1444 etin
1774 1402 1960 1443 rerum
2005 1402 2101 1441 na-

520 1482 708 1531 turam
755 1476 925 1542 edito,
977 1475 1146 1531 futuri
1191 1484 1316 1547 post
1365 1478 1516 1532 illum
1554 1478 1807 1533 homines
1859 1476 2099 1533 nondum

530 1566 828 1623 exsistunt.
858 1567 1036 1639 Igitur
1070 1583 1413 1639 unaquaeque
1435 1575 1636 1623 natura
1664 1583 1773 1624 non
1808 1583 1920 1622 uno
1965 1567 2102 1622 dun-

529 1661 680 1709 taxat
710 1654 872 1711 modo
906 1656 1112 1712 dicitur
1143 1657 1199 1712 id
1231 1657 1377 1729 quod
1420 1665 1528 1722 est,
1578 1657 1674 1713 sed
1726 1658 1953 1729 duplici.
1980 1658 2102 1715 Alio

525 1741 783 1811 quidem,
847 1745 894 1800 si
949 1746 1371 1804 consideremus
1423 1761 1772 1803 communem
1832 1748 2103 1819 cujusque

2202 566 2378 629 οὐδεὶς
2421 563 2710 634 ἄνθρωπος
2736 561 2953 627 οὐδενὸς
2979 564 3308 634 διενήνοχεν,
3343 564 3401 616 ὲν
3427 559 3643 632 ἑκάστῳ
3666 562 3774 615 τῶν

2201 661 2419 730 ἀτόμων
2453 662 2737 731 γινομένη,
2787 661 2893 715 ίδία
2931 658 3117 712 λοιπὸν
3152 655 3387 721 ἐκείνου,
3436 654 3535 708 καὶ
3565 654 3774 716 οὐδενὸς

2201 750 2393 821 ἑτέρου
2448 751 2603 821 κοινὴ
2642 750 2873 818 γίνεται,
2908 747 3092 810 καθὼς
3116 747 3174 800 ὲν
3205 744 3284 814 τῷ
3322 743 3569 814 τετάρτῳ
3603 760 3775 813 κεφα-

2201 841 2340 912 λαίῳ
2387 841 2735 913 ὡρισάμεθα.
2777 840 2852 894 Τὸ
2905 839 3016 909 γὰρ
3067 840 3125 892 ὲν
3178 838 3302 907 ἐμοὶ
3354 833 3495 898 ζῶον
3534 834 3773 904 λογικὸν,

2202 932 2395 1005 θνητὸν
2421 971 2437 997 ,
2475 932 2690 996 οὐδενὸς
2733 931 2895 986 ἄλλου
2943 929 3084 995 ζώου
3129 927 3310 982 κοινόν
3352 929 3524 980 ἐστιν.
3561 926 3778 996 ’Δμέλει

2204 1023 2471 1087 παθόντος
2503 1021 2794 1093 ἀνθρώπου
2840 1020 3009 1088 τινὸς,
3042 1020 3075 1091 ἢ
3118 1018 3259 1090 βοὸς,
3291 1016 3325 1090 ἢ
3358 1018 3552 1085 ἵππου,
3591 1016 3776 1085 ἀπαθῆ

2206 1113 2389 1184 μένειν
2429 1112 2498 1166 τά
2540 1112 2766 1183 ὁμοειδῆ
2810 1111 2919 1166 τῶν
2956 1110 3178 1182 ἀτόμων
3205 1112 3307 1165 οὐκ
3343 1110 3629 1166 ἀδύνατον.
3664 1110 3778 1164 Καὶ

2202 1205 2312 1275 γάρ
2335 1204 2551 1261 Παύλου
2578 1203 2899 1273 τεθνεῶτος,
2929 1204 3133 1275 μηδένα
3159 1203 3415 1258 τεθνάναι
3442 1202 3553 1260 τῶν
3576 1203 3778 1258 λοιπῶν

2201 1295 2300 1351 ἀνθ
2310 1295 2507 1368 ρώπων
2530 1294 2839 1365 ἐνδέχεται*
2876 1294 2969 1347 καὶ
2994 1291 3287 1364 γενομένου
3314 1293 3546 1365 Πέτρου,
3576 1292 3672 1347 καὶ
3699 1294 3780 1357 είς

2201 1388 2261 1441 τὸ
2288 1382 2429 1441 εἶναι
2462 1385 2859 1457 παραχθέντες,
2880 1384 2931 1439 οἱ
2961 1383 3075 1456 μετ’
3103 1383 3266 1439 αὑτὸν
3289 1383 3587 1455 ἄνθρωποι,
3624 1382 3782 1438 οὔπω

2201 1477 2310 1532 τῶν
2343 1477 2512 1530 ὄντων
2558 1476 2717 1531 εἰσίν.
2751 1475 2962 1529 Οὐκοῦν
2993 1476 3197 1547 ἑκάστη
3238 1475 3399 1545 φύσις
3432 1477 3491 1530 οὐ
3523 1476 3784 1548 μοναχῶς

2202 1573 2420 1642 λέγεται
2456 1570 2608 1625 τοῦθ’
2632 1572 2769 1642 ὅπερ
2795 1570 2969 1634 ἐστὶν,
3000 1569 3138 1625 ἀλλὰ
3169 1565 3354 1641 διχῶς.
3393 1569 3530 1624 Καθ’
3551 1570 3652 1626 ἕνα
3682 1572 3784 1642 μὲν

2200 1662 2442 1733 τρόπον,
2485 1660 2616 1714 ὅταν
2658 1659 2752 1713 τὸν
2803 1659 2982 1713 κοινὸν
3036 1658 3275 1728 ἑκάστης
3320 1658 3540 1728 φύσεως
3596 1659 3782 1729 λόγον,

2202 1753 2365 1808 αὑτὸν
2401 1753 2488 1822 ἐφ’
2536 1749 2731 1806 ἑαυτοῦ
2771 1750 3168 1824 θεωρούμενον,
3211 1745 3322 1805 οἷον
3354 1751 3454 1823 τὴν
3487 1751 3782 1824 ἀνθρώπου

524 1839 734 1895 natura:
784 1834 1091 1903 rationem,-
1135 1838 1310 1907 ipsam
1361 1836 1417 1890 in
1468 1851 1528 1892 se
1577 1818 1917 1907 spectatam
1970 1818 2094 1907 puta

2202 1845 2385 1915 φύσιν,
2482 1844 2583 1913 τὴν
2617 1843 2810 1909 ἵππου,
2857 1818 2916 1897 ἐν
2944 1818 3123 1897 ούδενὶ
3152 1842 3262 1896 τῶν
3309 1818 3529 1898 ἀτόπων
3557 1818 3787 1916 γινομ-

524 1934 779 1979 naturam
827 1926 1092 1992 hominis,
1138 1938 1235 1984 aut
1285 1929 1435 1999 equi,
1485 1929 1542 1984 in
1597 1928 1751 1984 nullo
1812 1928 2100 1984 individuo

522 2016 918 2085 exsistentem;
970 2019 1144 2074 altero
1198 2027 1381 2075 autem
1441 2020 1627 2085 modo,
1675 2034 1799 2075 cum
1848 2020 2097 2076 eamdem

527 2115 777 2161 naturam
837 2122 1182 2166 communem
1250 2112 1307 2166 in
1372 2110 1669 2166 individuis
1733 2113 2096 2167 exsistentem

524 2199 965 2268 perspexerimus
988 2238 1005 2266 ,
1037 2208 1092 2256 et
1129 2209 1403 2272 quatenus
1449 2202 1504 2257 in
1546 2217 1880 2273 unoquoque
1905 2217 2098 2258 eorum

523 2289 911 2360 particularem
941 2291 1113 2347 sumit
1143 2291 1550 2360 exsistentiam,
1586 2308 1712 2363 quae
1743 2293 1883 2348 nulli
1915 2293 2097 2358 alteri,

525 2387 891 2452 praterquam
922 2381 1003 2437 illi
1031 2396 1097 2438 ac
1124 2382 1251 2449 soli,
1285 2383 1596 2439 conveniat.
1626 2383 1840 2455 Quippe
1868 2384 2015 2455 quod
2043 2385 2097 2440 in

525 2488 611 2528 me
654 2481 740 2528 est
776 2472 978 2527 animal
1013 2474 1302 2541 rationale,
1342 2475 1610 2540 mortale,
1645 2474 1782 2529 nulli
1814 2475 2099 2531 hominum

523 2566 759 2620 aliorum
793 2578 1088 2622 commune
1111 2575 1216 2636 est,
1249 2582 1431 2639 neque
1454 2566 1712 2624 animalis
1747 2576 1945 2623 natura
1976 2583 2099 2639 quae

520 2665 606 2712 est
644 2655 700 2709 in
752 2655 857 2711 isto
897 2672 1064 2727 equo,
1098 2658 1155 2713 in
1189 2659 1299 2714 alio
1346 2659 1605 2729 quopiam
1660 2660 1991 2730 reperietur,
2038 2661 2132 2714 ut‘

514 2752 687 2807 modo
716 2750 1082 2807 ostendimus.
1113 2749 1286 2805 Porro
1329 2750 1489 2822 104
1516 2752 1664 2821 quod
1697 2752 1845 2806 hunc
1874 2766 2099 2807 sensum

522 2844 725 2899 habeat
762 2841 1020 2898 Ecclesiae
1045 2840 1113 2896 de
1142 2842 1356 2896 naturis
1381 2849 1435 2897 et
1468 2842 1858 2914 hypostasihus
1887 2839 2099 2896 doctri-

524 2949 616 2996 na,
657 2948 723 2988 ex
758 2948 823 2990 eo
846 2931 1197 2988 manifestum
1222 2930 1301 2993 lit,
1334 2932 1481 3004 quod
1513 2948 1680 2988 unam
1706 2932 1907 2999 Patris,
1952 2929 2096 2997 Filii,

521 3032 576 3080 et
597 3024 841 3094 Spiritus
883 3023 1061 3081 sancti
1105 3033 1366 3080 naturam
1399 3027 1796 3093 conliteamur;
1826 3033 1940 3082 tres
1972 3040 2102 3081 vero

520 3115 714 3170 horum
767 3115 1067 3171 doceamus
1096 3114 1439 3187 hypostases,
1474 3116 1589 3172 sive
1620 3131 1907 3186 personas,
1942 3116 2097 3187 juxta

518 3222 655 3277 quas
683 3208 1107 3279 unumquodque
1158 3208 1491 3278 proprietate
1527 3209 1764 3279 quadam
1800 3225 1829 3262 a
1871 3209 2097 3281 reliquis

517 3296 889 3354 discernatur.
916 3298 1057 3366 Quid
1093 3299 1239 3354 enim
1290 3307 1437 3355 esset
1470 3316 1578 3355 una
1606 3301 1907 3359 divinitatis
1937 3315 2100 3357 natu-

518 3401 602 3452 ra,
632 3388 739 3444 nisi
769 3388 969 3445 divinae
1012 3395 1222 3445 natura:
1264 3392 1573 3447 communis
1624 3393 1764 3447 ratio
1794 3394 1847 3447 in
1876 3408 1946 3448 se
1978 3409 2100 3465 spe-

504 3484 687 3544 ctata,
719 3493 784 3534 ac
814 3495 912 3551 per
935 3488 1173 3537 mentem
1204 3481 1273 3537 ab
1305 3482 1620 3553 ltypostasis
1666 3484 1936 3556 cujusque
1967 3500 2097 3555 pro-

519 3568 753 3639 prietate
791 3571 1077 3640 seiuncta?
1121 3571 1268 3643 quod
1323 3574 1489 3628 etiam
1540 3576 1836 3644 specialius
1888 3586 2099 3633 natura;

516 3674 715 3716 nomen
763 3660 1150 3734 intelligamus,
1198 3662 1326 3719 dum
1382 3664 1440 3720 in
1489 3665 1719 3737 singulis
1777 3666 2093 3734 individuis,

516 3765 615 3806 seu
677 3751 1105 3822 hypostasibus,
1164 3769 1511 3812 communem
1566 3767 1776 3812 naturae
1828 3757 2093 3814 rationem

517 3842 790 3913 propriam
816 3843 1060 3900 effectam
1101 3847 1563 3918 contemplamur,
1606 3856 1666 3902 ut
1700 3849 1833 3904 nulli
1867 3848 2097 3919 posthac

515 3934 671 3989 alteri
706 3947 894 3990 eorum
927 3950 1051 4006 quae
1078 3939 1354 3992 communi
1384 3938 1587 4008 speciei
1620 3938 1930 4009 subjacent,
1963 3953 2096 3995 con-

512 4023 703 4078 venire
752 4023 965 4088 valeat;
1013 4038 1079 4078 ex
1125 4038 1192 4079 eo
1225 4026 1405 4082 adhuc
1463 4032 1675 4082 clarum
1712 4035 1819 4094 est,
1853 4027 1999 4099 quod
2037 4029 2093 4083 in

511 4114 733 4170 Christo
783 4115 1015 4170 duarum
1073 4124 1416 4183 naturarum,
1468 4119 1721 4173 humana:
1769 4126 1824 4175 et
1869 4119 2089 4187 divinae,

510 4205 812 4261 unitionem
842 4206 1190 4277 profitemur.
1251 4208 1368 4265 Non
1398 4212 1540 4263 enim
1576 4208 1812 4265 dicimus
1842 4223 2092 4274 commu-

509 4312 633 4353 nem
672 4297 979 4354 divinitatis
1011 4307 1290 4365 naturam,
1327 4314 1450 4369 quae
1486 4298 1541 4353 in
1595 4307 1786 4355 sancta
1820 4298 2092 4358 Trinitate

509 4390 1057 4462 intelligitur,‘fuisse
1084 4393 1425 4448 incarnatam
1454 4410 1468 4448 :
1497 4409 1620 4448 nam
1653 4395 1735 4450 sic
1770 4395 1937 4451 etiam
1966 4395 2091 4469 Spi-

2199 1956 2299 2009 νην
2326 1955 2340 1970 ο
2375 1936 2498 1991 καθ’
2522 1936 2710 2008 ἕτερον
2739 1935 2817 2002 δὲ,
2848 1937 2976 1990 ὅταν
3004 1935 3173 2007 αὐτὴν
3200 1934 3265 2007 δὴ
3294 1935 3502 2007 ταύτην
3529 1936 3631 2007 τὴν
3660 1954 3784 1991 κοι-

2198 2030 2295 2102 νὴν
2324 2029 2488 2100 φύσιν
2520 2031 2579 2084 ὲν
2606 2030 2719 2093 τοίς
2756 2028 2978 2099 ἀτόμοις
2996 2012 3298 2098 γινομένην
3328 2027 3661 2098 κατίδωμεν,
3685 2029 3784 2085 καὶ

2202 2123 2588 2195 μερικωτάτην
2609 2123 2669 2176 ὲν
2695 2120 2911 2192 ἑκάστῳ
2933 2118 3115 2176 αὐτῶν
3133 2118 3522 2190 λαμϐάνουσαν
3541 2119 3783 2193 ὓπαρξιν

2195 2206 2374 2265 οὐδενὶ
2404 2210 2552 2283 ἄλλῳ
2583 2210 2723 2283 πλὴν
2752 2209 2950 2281 ὲκείνῳ
2996 2208 3093 2263 καὶ
3123 2208 3272 2280 μόνῳ
3299 2208 3486 2263 λοιπὸν
3525 2209 3781 2280 ἐφαρμό-

2199 2303 2421 2368 ζουσαν.
2467 2302 2542 2355 Τὸ
2570 2301 2680 2372 γὰρ
2715 2303 2775 2355 ὲν
2806 2299 2931 2371 ἐμοὶ
2961 2298 3122 2365 ζῶον,
3154 2298 3395 2369 λογικὸν,
3445 2297 3655 2370 θνητὸν,
3682 2298 3786 2352 οὑ·-

2197 2393 2314 2449 δενὶ
2344 2393 2455 2447 τῶν
2487 2392 2666 2448 ἄλλων
2713 2389 3020 2463 ἀνθρώπων
3057 2389 3178 2443 ἐστὶ
3214 2389 3395 2444 κοινόν
3422 2406 3436 2422 ο
3465 2388 3589 2443 οὑδὲ
3630 2390 3667 2461 ἡ
3722 2389 3789 2442 ὲν

2197 2486 2336 2558 τῷδε
2356 2484 2436 2557 τῷ
2465 2486 2619 2556 ἵππῳ
2645 2483 2740 2538 τοῦ
2774 2481 2915 2547 ζώου
2948 2482 3141 2551 φύσις,
3176 2483 3235 2535 ὲν
3265 2481 3413 2552 ἄλλῳ
3441 2482 3551 2536 τινὶ
3579 2481 3794 2551 γένοιτ’

2198 2576 2285 2640 ἂν,
2317 2577 2394 2639 ὼς
2422 2575 2630 2648 ἀρτίως
2676 2573 3019 2645 δεδείχαμεν.
3055 2574 3180 2627 Ὀτι
3218 2573 3276 2627 δὲ
3309 2572 3516 2638 ταύτας
3553 2572 3657 2637 τὰς
3694 2573 3794 2627 ἐν·

2199 2667 2349 2731 νοίας
2378 2666 2508 2737 περί
2546 2683 2609 2720 τε
2654 2664 2872 2736 φύσεων
2921 2664 3036 2737 ἔχει
3078 2666 3175 2719 καὶ
3204 2664 3558 2720 ὑποστάσεων
3607 2666 3641 2736 ή
3683 2665 3795 2736 τῆς

2213 2756 2542 2827 Ἑκκλησίας
2566 2752 2914 2820 διδασκαλία,
2946 2753 3107 2825 δῆλον
3136 2752 3196 2819 ἐξ
3225 2746 3299 2808 ὧν
3327 2755 3458 2825 μίαν
3487 2755 3589 2826 μὲν
3614 2753 3798 2825 φύσιν

2199 2848 2416 2920 Πατρός
2438 2863 2522 2915 τε,
2571 2847 2669 2901 καὶ
2700 2845 2833 2900 Υἱοῠ
2855 2885 2869 2911 ,
2904 2840 3001 2900 καὶ
3030 2843 3190 2915 ἁγίου
3234 2844 3555 2916 Πνεύματος
3588 2845 3799 2915 ὁμολο-

2199 2939 2429 3012 γοῦμεν,
2471 2941 2622 3011 τρεῖς
2667 2937 2724 2992 δὲ
2756 2938 2856 3003 τὰς
2886 2936 3094 2992 τούτων
3125 2937 3476 3002 ὑποστάσεις,
3507 2936 3690 3007 ἤγουν
3722 2936 3801 2991 τὰ

2202 3029 2503 3101 πρόσωπα,
2535 3024 2939 3096 δογματίζομεν
2962 3064 2978 3090 ,
3009 3022 3132 3077 καθ’
3162 3021 3229 3087 ἃς
3271 3022 3510 3076 ἕκαστον
3549 3021 3800 3092 ίδιὸτητί

2201 3136 2309 3174 τινι
2349 3120 2413 3173 ὲκ
2441 3116 2549 3172 τῶν
2580 3117 2785 3171 λοιπῶν
2829 3115 3189 3188 διακρίνεται.
3219 3115 3286 3168 Τί
3311 3113 3421 3186 γάρ
3458 3112 3524 3168 ἂν
3555 3114 3643 3184 εῐη
3690 3114 3806 3184 μία.

2196 3211 2365 3282 ίφύσις
2394 3210 2672 3280 θεότητος,
2704 3208 2737 3280 ἢ
2765 3210 2793 3262 ό
2824 3208 3004 3271 κοινὸς
3043 3207 3144 3277 τῆς
3184 3206 3333 3270 θείας
3358 3205 3572 3275 φύσεως
3597 3205 3801 3274 λόγος,

2200 3298 2364 3362 αὐτὸς
2402 3297 2524 3352 καθ’
2550 3297 2743 3351 ἑαυτὸν
2775 3295 3172 3368 θεωρούμενος,
3204 3296 3297 3349 καὶ
3326 3297 3389 3366 τῇ
3420 3293 3640 3364 ἐπινοίᾳ
3682 3298 3809 3362 τῆς

2201 3391 2441 3461 ἑκάστης
2476 3389 2833 3452 ὑποστάσεως
2866 3388 3129 3459 ίδιότητος
3153 3384 3596 3457 κεχωρισμένος;
3645 3384 3813 3441 Ὀτι

2198 3481 2255 3536 δὲ
2290 3483 2383 3535 καὶ
2409 3480 2723 3551 ἰδικώτερον
2757 3479 2919 3535 πάλιν
2944 3480 3009 3533 τὸ
3036 3479 3139 3550 τῆς
3177 3476 3390 3547 φύσεως
3420 3474 3806 3550 γινώσκομεν

2198 3573 2371 3645 ὄνομα
2395 3613 2409 3635 ,
2454 3573 2547 3627 τὸν
2598 3572 2778 3626 κοινὸν
2823 3571 2982 3641 λόγον
3022 3573 3123 3642 τῆς
3160 3569 3375 3641 φύσεως
3402 3567 3508 3637 ἀφ’
3538 3568 3811 3625 ἑκάστου

2195 3666 2304 3720 τῶν
2366 3666 2623 3734 ἀτόμων,
2677 3664 2842 3736 ἤγουν
2895 3663 3008 3717 τῶν
3068 3663 3423 3717 ὑποστάσεων
3493 3660 3760 3734 ἑκάστης
3786 3703 3805 3727 ,

2199 3760 2331 3814 ἴδιον
2358 3758 2652 3828 γενόμενον
2683 3755 3037 3828 θεωροῦντες,
3064 3756 3160 3810 καὶ
3181 3755 3358 3810 οὐδενὶ
3382 3753 3570 3809 λοιπὸν
3599 3755 3810 3827 ἑτέρῳ

2194 3852 2305 3908 τῶν
2344 3852 2450 3904 ὑπὸ
2484 3851 2547 3904 τὸ
2569 3849 2749 3905 κοινὸν
2780 3842 2919 3913 εἶδος
2948 3847 3283 3919 ἐφαρμόζειν
3307 3845 3647 3918 δυναμένων,
3686 3848 3808 3918 δῆα-

2195 3942 2287 3997 λον
2319 3941 2482 3997 πάλιν
2528 3940 2587 4007 ἐξ
2619 3934 2694 3995 ὧν
2731 3940 2825 3993 ἐπὶ
2874 3938 3111 4011 Χριστοῦ
3156 3937 3250 3991 δύο
3293 3936 3509 4008 φύσεων
3549 3937 3805 4004 évmctv,

2194 4035 2292 4106 τῆς
2323 4033 2474 4096 θείας
2502 4033 2646 4104 φημὶ
2669 4032 2764 4086 καὶ
2791 4031 2890 4101 τῆς
2923 4030 3332 4103 ἀθρωπότητος,
3365 4028 3805 4099 πρεσϐεύομεν.

2195 4128 2271 4181 Οὐ
2303 4124 2415 4196 γὰρ
2453 4125 2518 4197 δὴ
2552 4123 2651 4194 τὴν
2691 4112 2881 4194 κοινὴν
2913 4123 3007 4177 ἐπὶ
3041 4123 3140 4193 τῆς
3175 4121 3336 4191 άγίας
3360 4121 3594 4193 Τριάδος
3621 4137 3812 4176 νοου-

2156 4214 2367 4284 ,μένην
2410 4214 2512 4283 τῆς
2573 4210 2825 4281 θεότητος
2873 4209 3256 4281 σεσαρκῶσθαί
3315 4226 3538 4280 φαμεν·
3592 4210 3811 4276 οὕτως

2191 4306 2302 4377 γάρ
2328 4305 2394 4359 ἂν
2424 4305 2518 4359 καὶ
2558 4302 2649 4357 τοῦ
2678 4302 2839 4371 ἁγίου
2875 4301 3193 4374 Πνεύματος
3223 4301 3648 4374 κατηγοροῦμεν
3684 4304 3815 4375 τὴν

2194 4392 2609 4464 ὲνανθρώπησιν
2634 4408 2649 4423 ·
2676 4392 2794 4447 ἀλλ’
2824 4391 2947 4446 οὐδὲ
2976 4393 3068 4446 τὸν
3090 4392 3268 4446 κοινὸν
3294 4391 3397 4463 τῆς
3421 4391 3816 4461 ἀνθρωπείας

508 4482 649 4538 ritus
674 4485 849 4539 sancti
879 4485 1308 4556 prasdicaremus
1344 4486 1801 4546 incarnationem.
1843 4489 1951 4546 Sed
1989 4505 2087 4547 ne-

2195 4486 2409 4557 φύσεως
2436 4485 2594 4554 λόγον
2618 4484 2861 4555 ἡνῶσθαι
2895 4484 2973 4556 τῷ
3010 4484 3133 4555 Θεῷ
3168 4484 3330 4555 Λόγῳ
3365 4484 3816 4556 πρεσϐεύομεν.

508 4587 616 4641 que
667 4588 1014 4631 communem
1083 4578 1334 4635 humana:
1383 4590 1597 4636 naturae
1648 4581 1917 4638 rationem
1976 4579 2087 4635 Deo

499 4659 689 4716 'Verbo
739 4664 946 4718 unitam
996 4667 1169 4726 fuisse
1201 4685 1493 4728 censemus
1526 4691 1540 4727 :
1575 4672 1705 4745 quia
1748 4673 1854 4728 hoc
1889 4673 2085 4727 iterum

508 4758 670 4819 pacto
718 4752 1059 4821 hominibus,
1106 4760 1201 4829 qui
1236 4769 1363 4815 ante
1411 4761 1571 4817 Verbi
1618 4761 1912 4818 adventum
1938 4761 2088 4817 vixe-

507 4847 660 4907 runt,
714 4842 915 4913 quique
942 4855 1067 4916 post
1097 4849 1250 4904 illum
1293 4852 1494 4906 victuri
1530 4862 1681 4920 sunt,
1724 4855 1935 4908 unitum
1968 4868 2087 4907 om-

506 4931 673 4988 nibus
725 4946 850 4990 esse
898 4934 994 4991 Dei
1046 4934 1286 4997 Verbum
1352 4943 1548 4996 merito
1610 4945 2083 5013 pronuntiaretur.

509 5018 709 5078 Verum
747 5031 892 5093 patet
937 5026 1087 5096 quod
1140 5025 1229 5083 hic
1281 5038 1535 5086 naturam
1585 5033 1887 5088 divinitatis
1934 5033 2084 5088 dica-

495 5129 661 5179 mus,
698 5124 950 5170 naturam
1000 5116 1307 5176 divinitatis
1362 5122 1694 5186 communis,
1745 5136 1866 5194 quae
1899 5130 1985 5177 est
2030 5123 2084 5175 in

504 5207 789 5277 hypostasi
849 5207 1036 5265 Verbi.
1090 5208 1246 5268 Unde
1282 5226 1406 5267 cum
1446 5228 1609 5266 unam
1669 5221 1921 5266 naturam
1987 5209 2083 5266 Dei

508 5295 665 5350 Verbi
712 5299 1047 5354 incarnatam
1086 5301 1435 5367 conﬁtemur,
1475 5316 1573 5371 per
1614 5301 1719 5355 hoe
1747 5302 1891 5371 quod
1929 5302 2084 5357 addi-

504 5399 648 5450 mus,
684 5386 779 5442 Dei
819 5388 992 5459 Verbi,
1042 5400 1230 5462 aperte
1282 5394 1628 5455 secernimus
1676 5391 1823 5445 illam
1854 5406 1884 5445 a
1918 5391 2080 5448 Patre

497 5481 557 5525 et
589 5472 796 5544 Spiritu
831 5492 1042 5537 sancto.
1094 5483 1173 5537 ita
1221 5491 1279 5536 ut
1329 5482 1419 5537 hic
1449 5497 1674 5552 quoque
1730 5496 2075 5539 communem

500 5562 700 5622 divinae
728 5578 935 5627 naturae
964 5574 1256 5641 rationem,
1289 5575 1452 5630 modo
1482 5573 1644 5631 Verbi
1671 5574 1765 5631 Dei
1801 5576 2077 5647 propriam

502 5654 904 5726 intelligentes,
973 5679 1289 5721 asseramus
1346 5666 1689 5723 incarnatam
1756 5668 1928 5724 fuisse
1980 5666 2074 5722 Dei

2196 4576 2353 4632 Οῦτω
2384 4576 2493 4647 γὰρ
2541 4575 2702 4629 πάλιν
2749 4575 2846 4629 καὶ
2877 4577 2989 4640 τοῖς
3028 4577 3136 4648 πρὸ
3171 4576 3271 4646 τῆς
3299 4575 3395 4630 τοῦ
3436 4575 3611 4644 Λόγου
3657 4577 3821 4632 ὲπι-

2187 4668 2390 4741 δημίοις
2429 4667 2744 4738 γενομένοις
2777 4664 3086 4737 ἀνθρώποις
3109 4708 3125 4733 ,
3173 4667 3268 4721 καὶ
3296 4669 3409 4730 τοῖς
3445 4666 3563 4735 μετ’
3590 4667 3832 4743 αὐτὴν

2188 4758 2468 4828 ἐσομένοις
2510 4756 2748 4821 ἅπασιν,
2797 4756 3040 4828 ἡνῶσθαι
3099 4757 3167 4810 ἂν
3214 4760 3241 4809 ό
3283 4754 3376 4809 τοῦ
3413 4753 3547 4806 θεοῦ
3588 4754 3832 4826 Λόγςς

2186 4850 2413 4916 δικαίως
2460 4850 2698 4918 ἐλέγετο.
2754 4849 2918 4903 Ἀλλά
2967 4848 3128 4919 δῆλον
3176 4849 3257 4902 ὅτι
3303 4848 3462 4916 φύσιν
3507 4844 3835 4922 θεότητος

2187 4941 2425 4996 ἐνταῦθά
2458 4958 2661 5013 φαμεν,
2691 4940 2793 5010 τὴν
2823 4941 2881 4994 ὲν
2911 4943 2979 5013 τῇ
3006 4940 3297 4995 ὑποστάσει
3330 4936 3425 4990 τοῦ
3458 4937 3657 5007 Λόγου
3701 4945 3834 5015 τῆς

2188 5038 2373 5106 κοινῆς
2406 5035 2660 5106 θεότητος
2703 5035 2887 5104 φύσιν.
2919 5035 3083 5088 Ὅθεν
3123 5034 3214 5087 καὶ
3249 5031 3397 5100 μίαν
3425 5032 3636 5100 φύσιν
3687 5039 3837 5093 τοῦ

2190 5124 2338 5179 Θεοῦ
2388 5125 2584 5193 Λόγου
2639 5123 3115 5194 σεσαρκωμένην
3156 5118 3560 5192 ὁμολογοῦμεν
3630 5126 3837 5199 αὐτῷ

2186 5214 2247 5267 τὸ
2266 5214 2605 5286 προσθεῖναι,
2624 5214 2731 5269 τοῦ
2756 5214 2906 5270 Θεοῦ
2928 5215 3147 5285 Λόγου,
3171 5213 3356 5284 σαφῶς
3378 5215 3838 5289 ἀποκρίνοντες

2187 5305 2377 5377 αὐτὴν,
2414 5304 2509 5359 τοῦ
2566 5323 2624 5360 τε
2659 5306 2875 5378 Πατρὺς
2922 5307 3018 5361 καὶ
3063 5306 3158 5361 τοῦ
3207 5306 3366 5376 άγίου
3417 5306 3836 5381 Πνεύματος,

2191 5397 2357 5449 ’Ὥστε
2386 5398 2666 5452 κάνταῦθα
2696 5397 2787 5452 τὸν
2819 5398 2999 5452 κοινὸν
3024 5398 3125 5470 τῆς
3158 5398 3310 5464 θείας
3337 5398 3552 5469 φύσεως
3590 5401 3841 5479 λόγον,

2188 5488 2317 5542 ἴδιον
2353 5488 2539 5542 λοιπὸν
2582 5489 2677 5543 τοῦ
2707 5489 2853 5544 θείου
2889 5490 3064 5558 Λόγου
3094 5491 3437 5562 νενοηκότες,
3474 5500 3839 5565 σεσαρκῶ-

2189 5578 2313 5633 σθαί
2364 5597 2547 5651 φαμεν
2596 5580 2689 5634 τοῦ
2724 5580 2859 5635 Θεοῦ
2904 5581 3079 5649 Λόγου
3109 5582 3212 5652 τὴν
3243 5581 3428 5652 φύσιν.
3460 5581 3573 5636 Καὶ
3614 5587 3842 5654 φύσιν

2186 5668 2347 5722 πάλιν
2399 5670 2817 5741 άνθρωπότητος
2864 5670 3099 5743 λέγομεν
3144 5671 3388 5741 ἡνῶσθαι
3444 5670 3521 5741 τῷ
3584 5676 3836 5751 Λόγῳ,

501 5740 670 5799 Verbi
698 5756 972 5805 naturam.
996 5752 1209 5811 Rursus
1236 5757 1593 5818 humanitatis
1622 5768 1750 5816 natu
1762 5775 1874 5814 ram
1897 5758 2073 5816 Verbo

2195 5758 2278 5831 τὴν
2321 5740 2719 5832 μερικωτάτηνν
2755 5763 2971 5833 ἐκείνην
3001 5740 3263 5835 ἶῦπαρξιν
3288 5803 3302 5828 ,
3358 5764 3425 5835 ἢν
3479 5763 3689 5839 μόνην
3713 5740 3730 5749 ν
