4090 6148
349 370 458 437 7'49

1519 367 1616 427 DE
1657 360 2110 424 Il/ERESIBUS
2147 358 2399 416 LIBER.

3503 359 3606 421 750

349 479 544 534 πασῶν
593 479 621 532 δ
668 477 839 545 Λόγος
893 477 1278 550 προσείληφεν.
1341 478 1500 530 Ὥστε
1552 477 1736 546 σχεδὸν
1785 473 1925 527 κατὰ

2050 471 2239 524 initam
2299 483 2424 523 esse
2481 465 2839 531 aﬁirmamus.
2881 485 3075 540 nempe
3112 466 3608 540 singularissimam

348 571 509 625 τοῦτο
540 570 639 639 τῆς
674 569 889 637 φύσεως
933 569 996 624 τὺ
1045 569 1445 640 σημαινόμενον
1470 606 1484 630 ,
1515 568 1711 620 ταυτὸν
1739 567 1805 619 ἂν
1836 565 1922 634 εἴη

351 662 513 730 φύσις
543 662 636 714 καὶ
683 661 1003 724 ὑπόστασις,
1040 661 1178 728 πλὴν
1218 661 1300 713 ὅτι
1342 659 1403 713 τὸ
1432 662 1529 728 τῆς
1573 658 1925 719 ὑποστάσεως

350 750 520 821 δνομα
552 749 1045 818 συνεπινοουμένας
1081 747 1194 816 ἔχει
1245 748 1338 801 καὶ
1386 747 1486 809 τὰς
1539 746 1926 816 ὲπιγινομένας

351 842 504 910 παρά
548 841 648 911 τὴν
685 840 873 912 κοινὴν
908 840 1069 910 φύσιν
1099 840 1348 894 ἑκάστων
1389 839 1678 910 ἰδιότητας,
1712 838 1836 891 καθ’
1861 837 1927 900 ἃς

351 931 598 1000 ἀλλήλων
631 929 986 1000 κεχώρισται.
1022 929 1215 982 Ἔνθεν
1249 928 1357 982 τῶν
1384 929 1670 1001 ἡμετέρων
1696 927 1928 989 πολλοὺς

351 1023 666 1092 διαφόρωςες
717 1021 897 1091 εὑρεῖν
940 1018 1057 1072 ἐστι
1110 1019 1388 1088 λέγοντας,
1436 1021 1699 1089 φύσεων,
1737 1019 1930 1088 ἤγουν

354 1113 773 1178 ὐποστάσεων,
808 1111 1000 1166 ἕνωσιν
1033 1113 1336 1180 γεγονέναι.
1375 1112 1439 1165 Ἠ
1468 1113 1578 1182 γὰρ
1607 1111 1924 1173 ὑπόστασις,

357 1205 432 1268 ὼς
460 1204 763 1272 ἐδείξαμεν,
795 1201 892 1274 τὴν
918 1202 1093 1273 ἰδικὴν
1119 1202 1352 1256 ἑκάστου
1382 1203 1477 1256 καὶ
1498 1203 1702 1273 ἄτομον
1731 1202 1927 1271 σημαί-

357 1317 440 1352 νει
473 1297 748 1369 ὓπαρξιν,
795 1299 859 1350 ὲκ
909 1295 1260 1367 παραλλήλου
1292 1295 1349 1349 δὲ
1405 1295 1668 1359 πολλάκις
1720 1293 1930 1358 τούτοις

358 1391 652 1459 κέχρηνται
689 1389 803 1450 τοϊς
833 1387 1084 1457 ὀνόμασι,
1121 1389 1279 1459 δῆλον
1309 1387 1385 1451 ὼς
1416 1387 1513 1441 καὶ
1547 1386 1647 1456 τὴν
1680 1385 1932 1440 ίδικωτά-

356 1497 454 1549 την
507 1478 669 1547 φύσιν
721 1479 1011 1548 σημαίνειν
1046 1483 1178 1551 ήμῖν
1229 1480 1319 1533 διὰ
1362 1479 1570 1532 τούτων
1615 1477 1926 1532 ἐθέλουσιν·

358 1571 483 1623 ἐπεὶ
513 1569 610 1623 καὶ
639 1571 697 1623 ὲν
723 1573 788 1641 τῇ
825 1570 929 1624 ἀνὰ
957 1575 1115 1642 χεῖρα
1144 1571 1355 1644 ὁμιλίᾳ,
1393 1574 1490 1625 καὶ
1532 1573 1591 1626 ὲν
1619 1574 1688 1642 τῇ
1735 1572 1932 1643 χρήσει

357 1661 467 1715 τῶν
495 1661 566 1714 τά
596 1660 822 1716 τοιαῦτα
854 1664 1408 1734 πεφυσιολογηκότων
1434 1703 1448 1728 ,
1477 1663 1601 1728 ἔθος
1629 1663 1806 1717 ἅπασι
1839 1664 1932 1717 καὶ

358 1753 449 1806 τὸν
484 1754 664 1806 κοινὸν
693 1753 794 1823 τῆς
849 1753 1065 1823 φύσεως
1113 1756 1271 1823 λόγον
1321 1754 1609 1826 ἄνθρωπον
1655 1770 1932 1825 προσαγο-

2027 562 2176 615 illam
2208 559 2615 625 exsistentiam,
2644 575 2810 628 quam
2865 562 3037 615 solam
3073 578 3138 614 ex
3175 561 3434 614 omnibus
3476 558 3610 614 γει.

2028 654 2157 709 bum
2191 653 2528 721 assumpsit:
2567 660 2626 706 ut
2652 652 2809 721 juxta
2843 654 2984 708 hanc
3020 661 3229 706 natura:
3255 651 3612 722 signiﬁcatio-

2027 764 2151 804 nem
2185 748 2298 804 fere
2329 747 2473 803 idem
2509 748 2620 803 sint
2658 757 2857 802 natura
2881 759 2934 803 et
2962 747 3296 818 bypostasis,
3331 746 3436 800 nisi
3469 746 3612 816 quod

2028 839 2344 911 bypostasis
2385 854 2584 894 nomen
2617 839 2784 894 simul
2814 841 3244 909 comprehensas
3273 839 3439 893 habet
3486 854 3613 905 pro-

2029 931 2314 1002 prietates,
2341 945 2461 1000 qua).
2490 930 2722 998 singulis
2755 941 2954 1000 praeter
2981 945 3327 986 communem
3361 937 3612 983 naturam

2030 1023 2208 1077 insita:
2233 1031 2383 1086 sunt,
2408 1020 2717 1076 secundum
2744 1037 2883 1090 quas
2913 1037 2944 1075 a
2973 1037 3030 1076 se
3056 1021 3288 1076 invicem
3314 1035 3618 1077 secernun‘

2032 1121 2144 1167 tur.
2172 1113 2440 1178 Quocirca
2470 1127 2501 1168 e
2518 1113 2726 1167 nostris
2757 1112 2959 1167 multos
2984 1113 3132 1166 varie
3157 1111 3405 1167 invenias
3430 1111 3618 1166 dicen-

2033 1209 2134 1266 tes,
2160 1212 2497 1261 naturarum.
2528 1202 2633 1256 sive
2671 1201 3038 1272 hypostasium
3081 1201 3381 1256 unitionem
3421 1201 3615 1256 factam

2034 1292 2231 1349 fuisse.
2266 1291 2401 1346 Nam
2432 1293 2479 1349 si
2516 1293 2860 1364 hypostasis,
2888 1302 2947 1348 ut
2974 1300 3256 1348 ostensum
3284 1300 3390 1357 est,
3428 1293 3621 1362 singu-

2033 1383 2206 1438 larem
2247 1392 2301 1439 et
2334 1383 2676 1438 individuam
2719 1383 2989 1454 cujusque
3044 1382 3320 1454 signiﬁcat
3346 1382 3621 1438 exsisten—

2035 1476 2192 1540 tiam,
2223 1481 2278 1529 et
2327 1491 2394 1530 ex
2443 1489 2602 1545 aequo
2640 1475 2730 1530 his
2781 1461 3288 1546 nominibusiszepe
3331 1475 3417 1530 usi
3467 1483 3619 1538 sunt,

2034 1564 2208 1633 liquet
2253 1577 2348 1619 eos
2400 1578 2498 1632 per
2540 1563 2656 1619 [nec
2694 1564 2835 1619 velle
2887 1563 3132 1620 indicare
3168 1565 3331 1622 nobis
3363 1571 3619 1619 naturam

2036 1653 2278 1710 maxime
2329 1654 2703 1726 singularem;
2741 1653 3189 1726 quandoquidem
3222 1656 3499 1726 loquendo
3553 1655 3622 1710 de

2036 1746 2124 1801 his
2159 1761 2280 1815 quae
2329 1745 2493 1800 modo
2540 1760 2850 1810 versamus,
2901 1754 2957 1800 et
3000 1745 3300 1800 secundum
3335 1761 3493 1801 usum
3525 1745 3620 1816 qui

363 1842 543 1915 ρεὺειν
570 1860 584 1874 ο
611 1843 687 1907 ὡς
733 1844 863 1898 ὅταν
906 1845 1138 1914 λέγωσιν
1169 1841 1309 1910 εἶδος
1353 1823 1493 1902 εἶναι
1529 1846 1622 1899 τοῦ
1670 1823 1809 1909 ζῶου
1841 1846 1932 1898 τὸν

2047 1836 2275 1892 >ὺιίιιιιίι
2335 1833 2483 1905 apud
2523 1835 2668 1898 illos,
2724 1835 2816 1905 qui
2868 1835 2937 1890 de
2996 1835 3190 1891 iisdem
3245 1836 3618 1906 disputarunt,

361 1932 706 2002 ἄνθρωπον-⁸
764 1935 924 2004 εῐπερ
974 1935 1142 2006 μηδὲν
1195 1935 1304 1988 τῶν
1337 1935 1557 2006 ἀτόμων
1597 1936 1736 2006 μήτε
1786 1935 1935 1988 ἐστὶν

363 2018 500 2087 εἶδος
553 2023 614 2077 τὸ
653 2023 759 2078 ὑπὸ
793 2024 856 2077 τὸ
904 2024 1083 2093 γένος,
1127 2027 1266 2096 μήτε
1313 2025 1530 2094 λέγεται
1549 2026 1598 2078 ιι.
1641 2025 1804 2078 Ἀλλὰ
1843 2025 1937 2078 καὶ

365 2115 671 2186 ἄνθρωπον,
701 2115 870 2170 ἵππου
905 2115 1184 2188 διαφέρειν
1221 2117 1475 2188 λέγομεν,
1505 2116 1674 2178 αὑτὰς
1696 2117 1938 2188 δηλονότι

364 2207 463 2270 τὰς
507 2207 734 2260 καθόλου
783 2207 1033 2275 λέγοντες
1085 2207 1296 2277 φύσεις.
1352 2209 1462 2261 Καὶ
1512 2207 1677 2262 πάλιν
1733 2206 1939 2277 Πέτρον

365 2296 651 2367 ἄνθρωπον
691 2293 828 2350 εἷναί
859 2314 1041 2367 φαμεν
1066 2337 1082 2363 ,
1115 2298 1212 2351 καὶ
1241 2296 1452 2351 Παῦλον
1475 2339 1490 2364 ,
1524 2298 1617 2352 καὶ
1661 2298 1936 2368 Ἰωάννην,

368 2388 460 2438 καὶ
476 2386 756 2455 γεγονέναι
779 2387 1068 2459 ἄνθρωπον
1095 2389 1190 2442 κα)⁸
1211 2389 1484 2452 τεθνάναι,
1505 2390 1599 2443 τὸν
1623 2389 1940 2444 καθέκαστα

368 2477 643 2548 δηλονότι,
687 2482 782 2534 καὶ
813 2479 908 2533 τοῦ
939 2480 1122 2534 κοινοῦ
1166 2480 1324 2550 λόγου
1359 2485 1460 2552 τῆς
1509 2482 1602 2536 τοῦ
1648 2482 1938 2553 ἀνθρώπου

370 2567 582 2640 φύσεως
617 2569 880 2637 ὡσαύτως
914 2571 1150 2642 ἔχοντος.
1187 2573 1299 2626 Καὶ
1339 2573 1500 2626 τοῦτο
1539 2574 1594 2628 δὲ
1639 2574 1803 2627 πάλιν
1852 2573 1942 2630 εῦ-

368 2661 526 2731 λογον
557 2662 1104 2734 προδιαστείλασθαι,
1145 2664 1220 2728 ὡς
1265 2665 1325 2718 τὸ
1364 2665 1457 2719 τοῦ
1501 2666 1796 2737 προσώπου
1847 2666 1942 2719 καὶ

368 2753 468 2822 τῆς
506 2753 860 2818 ὑποστάσεως
901 2754 1112 2825 δνομα,
1161 2755 1420 2819 πολλάκις
1467 2758 1567 2827 μὲν
1621 2757 1720 2826 τῆς
1773 2756 1942 2826 αὐτῆς

369 2844 489 2898 ἐστι
522 2844 654 2915 παρ’
678 2847 813 2916 ἡμῖν
849 2846 1121 2915 σημασίας
1151 2847 1478 2918 δηλωτικὸν,
1508 2848 1640 2902 ὡσεὶ
1671 2849 1764 2902 καὶ
1791 2848 1942 2918 ξίφος

368 2951 456 2996 τις
499 2933 560 2986 τὸ
591 2935 723 2988 αὑτὸ
771 2937 928 2988 καλεῖ
976 2937 1069 2990 καὶ
1109 2939 1408 3010 μάχαιραν.
1447 2939 1634 3006 Οὕτως
1669 2941 1801 3010 γοῦν
1849 2941 1943 2994 ἐπὶ

368 3023 473 3093 τῆς
503 3025 664 3095 ἁγίας
691 3027 916 3098 Τριάδος
945 3028 1248 3100 ἀδιαφόρως
1281 3033 1548 3101 πρόσωπᾶ
1579 3050 1638 3086 τε
1665 3035 1812 3104 τρία,
1849 3035 1944 3086 καὶ

371 3112 701 3214 ὑποστάσεις
734 3119 882 3214 τρεῖς
915 3119 1423 3191 προσαγορεύομεν,
1452 3121 1530 3190 τῷ
1565 3123 1630 3174 ἐκ
1661 3122 1941 3192 παραλλή-
1973 3160 2014 3214 C

369 3205 463 3257 λου
504 3208 696 3278 τρόπῳ
747 3208 814 3260 δι’
847 3209 1112 3280 ἑκατέρου
1147 3211 1344 3265 ταυτὸν
1391 3213 1773 3282 σημαίνοντες.
1809 3213 1947 3266 Πολι

371 3297 530 3360 λάκις
553 3298 610 3350 δὲ
646 3299 706 3352 τὸ
739 3299 1034 3370 πρόσωπον
1065 3303 1163 3373 τῆς
1194 3303 1547 3368 ὑποστάσεως
1588 3304 1945 3376 διακρίνουσι,

373 3390 666 3460 πρόσωπον
693 3391 987 3456 καλοῦντες
1015 3395 1116 3463 τήν
1145 3410 1310 3447 τινων
1346 3394 1530 3465 σχέσιν
1561 3395 1698 3466 πρὸς
1720 3394 1948 3465 ἄλληλα,

373 3486 475 3539 οὐκ
504 3485 805 3556 ἀγνοούσης
827 3487 947 3542 οὑδὲ
977 3490 1075 3559 τῆς
1100 3490 1366 3561 συνήθους
1397 3492 1648 3562 χρήσεως
1671 3491 1829 3546 τοῦτο
1853 3490 1950 3545 τοῦ

375 3576 672 3647 προσώπου
713 3578 774 3634 τὸ
825 3581 1247 3650 σημαινόμενον.
1295 3583 1480 3654 Φαμὲν
1528 3583 1676 3654 γὰρ,
1728 3584 1790 3637 τὸ
1819 3586 1952 3656 ἐμὸν

375 3668 723 3740 ἀνειληφέναι
756 3673 1048 3742 πρόσωπον
1089 3674 1183 3726 τὸν
1220 3673 1392 3739 δεῖνα,
1425 3676 1518 3729 καὶ
1552 3679 1632 3740 είς
1658 3678 1951 3748 πρόσωπον

376 3759 532 3815 τοῦδε
557 3761 657 3833 τὴν
693 3763 852 3835 δίκην
895 3766 1212 3836 εἰσαγαγεῖν
1256 3768 1350 3822 τὸν
1381 3767 1554 3822 δεῖνα·
1593 3769 1808 3824 καὶτὸν
1849 3769 1954 3824 ὑπ-

377 3870 544 3923 αρχον
588 3854 644 3908 δὲ
687 3857 978 3928 πρόσωπον
1023 3857 1168 3930 ἔχειν
1227 3860 1324 3914 τοῦ
1381 3861 1646 3930 βασιλέως
1697 3863 1948 3934 λέγομεν.

382 3947 576 4002 Ἔνθεν
627 3949 722 4002 καὶ
766 3950 816 4004 οί
858 3950 968 4004 τῶν
1002 3951 1298 4024 Νεστορίου
1344 3953 1630 4023 δογμάτων
1667 3957 1952 4026 κατήκοοι,

378 4037 502 4093 οὕτε
526 4037 689 4110 φύσιν
716 4042 846 4111 μίαν
875 4045 969 4097 ἐπὶ
991 4045 1254 4115 Χριστοῦ,
1287 4045 1411 4099 οὑτε
1443 4047 1744 4101 ὑπόστασιν
1775 4047 1955 4116 λέγειν

379 4134 714 4205 ἀνεχόμενοι,
743 4136 866 4188 ἐπεὶ
909 4139 1048 4208 μήτε
1079 4139 1190 4193 τῶν
1234 4141 1592 4196 ὑποστάσεων
1627 4141 1750 4196 καθ’
1785 4143 1956 4207 αὑτάς

380 4225 777 4297 πρεσϐεύουσιν
834 4230 1067 4298 ἕνωσιν,
1123 4234 1414 4306 ἄνθρωπον
1464 4236 1521 4290 δὲ
1572 4233 1715 4292 εἶναι
1750 4240 1841 4292 τὸν
1892 4243 1956 4293 ἐκ

377 4318 596 4392 Μαρίας
620 4321 774 4390 ψιλὸν
803 4323 1168 4391 ὑποτίθενται,
1206 4327 1338 4399 ὃλην
1377 4331 1436 4382 ὲν
1463 4331 1642 4402 ἑαυτῷ
1672 4333 1771 4402 τήν
1807 4333 1958 4385 θείαν

378 4414 708 4484 χωρήσαντα
757 4415 1048 4488 έλλαμψιν.
1093 4421 1204 4473 Καὶ
1250 4421 1427 4494 ταύτῃ
1467 4423 1578 4475 τῶν
1625 4425 1800 4478 ἄλλων
1836 4426 1955 4479 δια-

379 4505 638 4575 φέροντα,
677 4510 1055 4582 μερικωτέρας
1092 4513 1151 4564 ὲν
1180 4513 1407 4568 ἐκείνων
1436 4515 1652 4584 ἑκάστῳ
1679 4517 1780 4587 τῆς
1807 4517 1956 4578 θείας

377 4599 678 4671 γενομένης
713 4601 1056 4673 ὲλλάμψεως,
1086 4607 1235 4676 ὅμως
1264 4608 1598 4678 θαρροῦντες
1623 4609 1681 4662 ἓν
1715 4607 1858 4664 εἶναι
1894 4609 1956 4662 τὸ

377 4692 670 4760 πρόσωπον
702 4693 797 4747 τοῦ
841 4695 1079 4768 Χριστοῦ
1118 4699 1573 4770 διισχυρίζονται,
1620 4703 1720 4774 τήν
1770 4701 1957 4772 σχέσιν

377 4793 472 4848 τοῦ
486 4793 624 4848 Θεοῦ
648 4797 822 4864 Λόγου
856 4801 992 4870 πρὸς
1021 4801 1114 4856 τὸν
1131 4803 1194 4854 ὲκ
1217 4803 1440 4875 Μαρίας
1466 4805 1754 4878 ἄνθρωπον
1784 4807 1955 4876 πρόσ-

377 4903 527 4939 ωπον
573 4887 632 4940 ἓν
679 4888 962 4958 λέγοντες,
1000 4893 1130 4946 ’ἐπεὶ
1169 4895 1349 4949 πᾶσαν
1402 4899 1608 4960 ἐκεῖνος
1655 4899 1760 4966 τὴν
1804 4899 1956 4952 θείαν

376 4977 692 5048 οἰκονομίαν
753 4985 835 5045 εἰς
897 4985 1191 5054 πρόσωπον
1236 4987 1474 5042 ἐποιεῖτο
1517 4989 1616 5060 τῆς
1668 4989 1762 5042 τοῦ
1821 4990 1956 5044 Θεοῦ

381 5070 554 5138 Λόγου
602 5071 854 5142 θεότητος
875 5091 886 5104 ⁸
927 5077 1050 5128 ὅθεν
1085 5077 1311 5142 δικαίως
1345 5081 1439 5133 καὶ
1486 5080 1585 5151 τήν
1624 5081 1702 5143 εἰς
1735 5081 1828 5132 τὸν
1859 5081 1955 5134 ἄν·

379 5171 600 5242 Θρωπον
635 5174 797 5245 ὓεριν
821 5217 836 5243 ,
885 5180 967 5242 εἰς
1012 5181 1146 5233 Θεὸν
1179 5181 1548 5254 ἀναφέρεσθαι
1571 5227 1584 5248 ,
1623 5184 1747 5236 ἐπεὶ
1795 5185 1888 5237 καὶ
1922 5188 1955 5255 ή

378 5277 488 5330 τῶν
543 5279 802 5350 ὑπηκόων
855 5284 935 5345 είς
982 5284 1073 5338 τὸν
1123 5285 1371 5356 ὕπαρχον
1418 5288 1679 5358 γινομένη
1721 5290 1855 5358 τιμή
1900 5305 1959 5340 τε

379 5370 475 5422 καὶ
512 5370 693 5443 ὕϐρις,
733 5375 812 5437 εἰς
840 5376 1002 5429 αὑτὸν
1041 5378 1376 5450 ἀναφέρεται
1406 5382 1497 5434 τὸν
1534 5380 1786 5452 βασιλέα.
1815 5378 1960 5434 Ταύο

378 5477 478 5532 της
502 5463 634 5531 γοῦν
658 5467 758 5536 τῆς
790 5467 1028 5538 σχέσεως
1056 5473 1149 5524 καὶ
1175 5473 1272 5544 τήν
1303 5473 1542 5544 Χριστοῦ
1579 5473 1956 5545 προσηγορίαν

2039 1923 2184 1994 apud
2227 1939 2420 1980 omnes
2459 1926 2806 1980 consuetudo
2842 1925 3096 1992 invaluit,
3131 1941 3478 1980 communem
3517 1941 3618 1980 na-

2041 2025 2177 2071 tura:
2207 2016 2474 2071 rationem
2515 2017 2797 2087 appellare
2848 2017 3148 2070 hominem:
3199 2025 3258 2070 ut
3293 2031 3419 2070 cum
3469 2017 3623 2073 aiunt

2041 2105 2321 2160 hominem
2357 2121 2482 2161 esse
2507 2106 2750 2176 speciem
2786 2105 3080 2172 animalis;
3113 2120 3221 2176 qua
3250 2121 3446 2176 nempe
3499 2107 3622 2160 nul-

2042 2197 2155 2250 lum
2187 2211 2253 2253 ex
2286 2197 2586 2253 individuis
2623 2197 2836 2267 species
2865 2205 2950 2252 est
2987 2197 3180 2270 generi
3213 2199 3481 2268 subjecta,
3513 2215 3616 2252 nec

2043 2288 2271 2343 dicitur.
2307 2288 2510 2344 Adhaec
2545 2289 2702 2360 105
2734 2289 3012 2345 hominem
3043 2290 3283 2346 dicimus
3312 2291 3531 2346 diﬁ‘erre
3553 2293 3623 2346 ab

2042 2395 2220 2451 equo;
2259 2379 2409 2451 ipsas
2453 2380 2709 2436 videlicet
2743 2381 3083 2437 universales
3120 2381 3483 2453 intelligendo
3521 2399 3622 2437 na-

2045 2481 2218 2528 turas.
2266 2473 2346 2526 Ac
2397 2487 2592 2528 rursus
2625 2471 2846 2528 Petrum
2893 2473 3172 2528 hominem
3202 2489 3325 2530 esse
3357 2475 3620 2540 dicimus,

2046 2566 2173 2620 item
2229 2562 2483 2633 Paulum,
2537 2572 2592 2620 et
2656 2562 2962 2632 Joannem;
3011 2579 3224 2620 necnon
3267 2574 3456 2619 natum
3499 2582 3625 2621 esse

2048 2657 2356 2721 hominem,
2400 2658 2740 2727 singularem
2774 2657 2989 2726 utique,
3021 2665 3077 2716 et
3105 2659 3383 2714 communi
3411 2667 3627 2714 natura:

2047 2745 2302 2800 humana:
2357 2747 2570 2801 ratione
2609 2746 2800 2801 eodem
2853 2747 3015 2802 modo
3069 2763 3131 2804 se
3183 2748 3444 2805 habente.
3481 2749 3626 2805 Illud

2045 2836 2208 2890 etiam
2251 2850 2598 2906 praemonere
2650 2850 2833 2906 operae
2864 2835 3098 2907 pretium
3129 2847 3238 2906 est,
3271 2855 3526 2912 personae
3571 2853 3627 2896 et

2048 2924 2360 2995 hypostasis
2395 2940 2593 2980 nomen
2633 2940 2783 2995 saepe
2813 2924 3037 2996 quidem
3069 2929 3211 2997 apud
3246 2944 3346 2985 nos
3374 2929 3625 2988 eamdem

2047 3017 2250 3072 habere
2285 3015 2774 3088 signiﬁcationem;
2805 3020 2954 3075 velut
2979 3021 3106 3090 quis
3132 3021 3275 3077 idem
3312 3023 3626 3092 appellare-

2049 3111 2122 3163 rit
2146 3124 2332 3164 ensem
2364 3120 2418 3165 et
2448 3110 2712 3182 gladium.
2749 3109 2842 3167 Sic
2873 3127 3004 3182 ergo
3043 3113 3098 3168 in
3131 3123 3326 3168 sancta
3353 3113 3626 3168 Trinitate

2052 3203 2167 3252 tres
2203 3214 2470 3268 personas
2518 3207 2572 3255 et
2619 3208 2733 3256 tres
2774 3200 3100 3273 bypostases
3143 3201 3625 3256 iudiscriminatim

2050 3288 2493 3355 pronuntiamus,
2526 3305 2592 3346 ex
2621 3290 2793 3360 ﬁgura
2819 3291 3062 3360 paralleli
3097 3291 3242 3346 dicta
3283 3307 3379 3361 per
3409 3300 3627 3346 utrum-

2051 3394 2160 3448 que
2203 3379 2348 3434 idem
2384 3381 2756 3438 declarantes.
2793 3382 2949 3453 Saepe
2981 3389 3168 3438 tamen
3203 3397 3502 3452 personam
3558 3385 3628 3440 ab

2054 3469 2337 3540 hyposlasi
2363 3471 2730 3543 distinguunt,
2760 3489 3052 3544 personam
3079 3484 3360 3543 vocantes,
3383 3485 3626 3532 mutuam

2055 3558 2199 3614 inter
2228 3561 2505 3630 quasdam
2543 3563 2866 3618 relationem
2893 3583 2906 3618 :
2946 3578 3109 3634 quam
3142 3580 3392 3635 personae
3417 3566 3628 3638 signiﬁ-

2055 3652 2328 3705 cationem
2389 3667 2496 3706 non
2551 3653 2768 3724 ignorat
2826 3663 3130 3711 consuetus
3178 3672 3334 3713 usus.
3385 3657 3630 3714 Dicimus

2055 3743 2200 3796 enim
2229 3759 2241 3796 :
2267 3741 2358 3798 Ille
2379 3759 2554 3798 meam
2589 3760 2879 3815 personam
2910 3748 3214 3817 assumpsit
3240 3767 3253 3816 ;
3279 3757 3332 3804 et
3359 3747 3451 3804 :ln
3484 3750 3632 3806 illius

2056 3846 2293 3901 persona
2318 3833 2688 3888 vadimonium
2717 3834 2879 3890 stitit.
2902 3834 3034 3891 item
3057 3835 3372 3907 praefectum
3395 3838 3634 3894 dicimus

2057 3939 2346 3993 personam
2381 3940 2574 3995 gerere
2608 3927 2986 3997 imperatoris.
3019 3926 3234 3985 Exinde
3272 3929 3366 3998 qui
3391 3931 3634 3986 Nestorii

2060 4015 2280 4083 placitis
2305 4015 2608 4082 adhaerent,
2643 4032 2770 4073 cum
2806 4034 2972 4073 unam
3008 4019 3064 4074 in
3096 4018 3320 4084 Christo
3359 4029 3634 4083 naturam,

2063 4122 2341 4177 unamque
2390 4107 2733 4180 bypostasim
2791 4112 3084 4167 admittere
3141 4113 3452 4184 refugiant;
3508 4115 3639 4184 quia

2061 4215 2240 4268 neque
2283 4207 2632 4267 naturarum,
2695 4218 2871 4273 neque
2910 4204 3284 4284 hypostasium
3333 4204 3638 4259 secundum

2062 4292 2210 4359 ipsas
2243 4291 2574 4360 proﬁtentur
2615 4294 2901 4357 unionem,
2937 4295 3030 4348 sed
3065 4293 3248 4346 Mariae
3281 4291 3481 4346 Filium
3520 4308 3640 4347 me-

2063 4396 2183 4434 rum
2215 4396 2340 4436 esse
2367 4381 2674 4446 hominem,
2704 4384 2800 4452 qui
2839 4383 3029 4438 divina
3066 4384 3186 4438 luce
3219 4383 3475 4453 perfusus
3517 4385 3640 4440 fue-

1989 4499 2034 4557 ο
2066 4472 2158 4536 rit,
2189 4471 2422 4542 ideoque
2450 4474 2677 4541 reliquis
2708 4475 2969 4530 omnibus
2989 4472 3222 4528 Deiferis
3242 4475 3377 4530 viris
3399 4477 3641 4556 antecel-

2060 4563 2245 4639 luerit,
2275 4563 2331 4618 in
2367 4579 2606 4633 quorum
2639 4580 2970 4635 unoquoque
2999 4565 3351 4634 particularis
3374 4567 3644 4625 duntaxat

2060 4657 2165 4711 fuit
2228 4656 2532 4710 illustratio
2575 4674 2586 4708 :
2623 4666 2678 4709 at
2733 4656 3100 4712 nihilominus
3165 4672 3384 4712 summa
3442 4657 3643 4714 ﬁducia

2061 4761 2223 4799 uuam
2258 4761 2384 4801 esse
2424 4745 2632 4801 Christi
2672 4762 2964 4816 personam
3001 4747 3271 4803 aﬁlrmare
3323 4765 3434 4804 non
3475 4750 3642 4805 dubi-

2058 4846 2198 4899 tant,
2252 4836 2635 4890 habitudinem
2677 4836 2772 4892 Dei
2806 4839 2968 4894 Verbi
3005 4855 3202 4897 versus
3249 4842 3526 4897 hominem
3575 4859 3644 4897 ex

2063 4927 2236 4982 Maria
2293 4933 2563 5003 genitum,
2627 4947 2791 4985 unum
2857 4947 3148 5004 personam
3218 4943 3639 5006 Iutncupantes;

2067 5022 2330 5088 quoniam
2373 5036 2592 5078 omnem
2641 5023 2732 5078 ille
2788 5023 3033 5081 divinam
3082 5029 3473 5090 (nconomiam,
3530 5026 3645 5079 dis-

2065 5113 2559 5183 pensationemve,
2604 5114 2658 5170 in
2703 5131 2938 5185 persona
2990 5117 3300 5172 divinitatis
3346 5117 3438 5172 Dei
3477 5115 3643 5172 Verbi

2066 5206 2442 5274 operabatur,
2505 5222 2570 5261 ac
2630 5217 2920 5280 propterea
2983 5210 3375 5264 contumeliam
3431 5208 3644 5264 homini

2065 5297 2276 5352 illatam
2316 5297 2369 5351 in
2407 5299 2574 5353 Deum
2598 5299 2721 5369 jure
2755 5300 2984 5367 referri;
3019 5302 3145 5370 quia
3169 5316 3289 5371 quae
3318 5316 3346 5354 a
3377 5301 3644 5369 subjectis

2067 5403 2196 5457 erga
2251 5388 2571 5459 praefectum
2625 5391 2918 5448 exhibetur
2960 5394 3267 5454 veneratio,
3309 5399 3402 5445 aut
3445 5402 3648 5448 contu-

2067 5478 2249 5544 inelia,
2282 5479 2334 5532 in
2368 5479 2549 5551 ipsum
2587 5483 2825 5536 refertur
2859 5484 3266 5551 imperatorem.
3297 5481 3449 5540 Ilanc
3479 5499 3648 5556 porro

1643 5624 1877 5706 VARI/r3
1916 5650 2322 5706 LECTIONES.

385 5755 650 5883 ἑσξὶξιεεο
713 5761 1040 5834 ἀδιαφόρως,
1091 5773 1146 5818 ιιι
1184 5764 1344 5819 infra.

1460 5764 1488 5803 ¹¹
1521 5767 1608 5823 Sic
1668 5767 1734 5824 R.
1794 5768 1918 5823 cod.
1955 5768 2116 5833 2951,
2151 5765 2219 5822 Ii.
2243 5767 2384 5824 2508
2425 5763 2497 5823 ὧν
2528 5770 2586 5823 τέ
2639 5772 2788 5825 ἐστιν
2845 5766 2984 5837 εἶδος
3040 5772 3144 5828 ὑπὸ
3182 5775 3243 5831 τὸ
3285 5779 3471 5848 γένος,
3503 5777 3642 5848 μήτε
