4104 6148
496 352 606 418 ³3⁷51

1677 349 1738 408 S.
1780 347 2111 409 JOANNIS-
2139 349 2533 410 DAMASCEN
2542 353 2566 409 Ι

3658 353 3750 418 75?.

503 467 860 528 relationem,
893 459 1098 515 Christi
1140 457 1593 513 denominatione
1638 457 1915 513 declarari
1961 472 2094 514 con-

2196 461 2500 532 δηλωτικὴν
2528 457 2665 516 εἶναί
2690 479 2854 532 φασιν
2883 479 2896 496 ο
2932 464 3054 519 ὅθεν
3081 466 3172 518 καὶ
3194 463 3431 534 Χριστὸν
3452 464 3551 520 ἕνα
3583 465 3754 519 καλεῖν

509 559 786 612 tendunt:
819 555 961 607 unde
994 559 1048 605 et
1085 550 1370 604 Christum
1409 565 1583 603 unum
1623 565 1827 605 vocare
1855 565 1966 605 non
1997 550 2098 605 du-

509 651 718 715 bitant;
758 642 1234 716 quandoquidem,
1292 649 1351 696 ut
1407 640 1677 706 diximus,
1723 643 1924 698 relatio
1984 657 2094 697 una

507 749 616 804 est,
637 739 744 795 etsi
774 737 946 793 multa
973 741 1124 799 sunt,
1154 748 1279 805 quae
1305 734 1457 789 illam
1481 735 1838 806 participent.
1869 734 2093 790 Clarum

505 834 694 902 itaque
723 845 848 886 esse
875 843 1000 883 reor
1028 828 1118 890 iis,
1144 827 1237 896 qui
1272 824 1341 882 de
1370 826 1760 882 incarnatione
1791 825 2094 882 Salvatoris

508 925 765 996 religiose
779 925 1190 991 sentiunt,nos,
1211 937 1336 977 cum
1363 935 1529 977 unam
1556 920 1765 977 Christi
1797 936 2092 992 personam

506 1018 862 1090 proﬁtemur,
941 1033 1053 1072 non
1111 1016 1271 1087 juxta
1327 1013 1790 1069 Nestorianorum
1852 1021 2092 1069 mentem

506 1123 758 1182 personae
787 1122 988 1162 nomen
1020 1105 1088 1160 ad
1121 1104 1430 1174 simplicem
1481 1101 1579 1159 Dei
1631 1117 1764 1174 erga
1813 1102 2091 1158 hominem

512 1199 794 1264 aii‘ectum,
842 1202 951 1253 'aut
990 1196 1370 1252 habitudinem
1414 1193 1652 1263 referre;
1709 1193 1804 1251 sed
1835 1195 1902 1249 ad
1935 1209 2092 1251 eum.

507 1291 631 1346 dem
664 1305 886 1370 sensum
938 1289 1255 1362 hypostasis
1282 1295 1338 1343 et
1368 1302 1621 1358 personae
1666 1289 2090 1359 appellationem

2193 551 2461 618 ἀξιοῦσιν,
2497 553 2622 607 ἐπεὶ
2666 556 2819 626 καὶὴ
2853 556 3062 626 σχέσις,
3108 556 3184 618 ὡς
3220 558 3458 627 εἴρηται,
3499 558 3622 628 μία,
3664 558 3754 612 κᾶν

2194 643 2416 698 πλείονα
2447 644 2534 715 εἴη
2560 645 2631 700 τὰ
2667 645 2874 718 ταύτης
2909 648 3228 718 μετέχοντα.
3267 647 3472 718 Δηλοῦν
3492 645 3587 703 οὗν
3615 646 3755 724 οἶμαι

2189 737 2304 798 τοῖς
2325 736 2612 790 εὐσεϐοῦσι
2635 740 2764 806 περὶ
2790 739 2888 810 τὴν
2917 737 3013 792 τοῦ
3045 740 3302 810 Σωτῆρος
3330 741 3755 814 ἐνανθρώπησιν,

2190 824 2266 888 ὡς
2311 824 2370 878 ἓν
2403 823 2544 880 εἶναι
2573 827 2670 880 τοῦ
2697 829 2936 898 Χριστοῦ
2962 830 3023 881 τδ
3055 829 3349 898 πρόσωπον
3389 831 3550 900 ἡμεῖς
3586 831 3758 900 λέγον-

2191 934 2303 984 τες,
2333 919 2433 989 οὐχ
2463 917 2538 982 ὼς
2579 922 2695 983 τοῖς
2719 919 3017 990 Νεστορίου
3044 921 3221 990 φίλοις
3249 921 3450 988 ἔδοξεν,
3478 923 3565 975 ἐπ’
3600 923 3759 993 αὐτῆς

2190 1010 2292 1081 τῆς
2316 1009 2480 1081 ψιλῆς
2511 1010 2753 1081 σχέσεως
2783 1009 2877 1064 τοῦ
2911 1011 3047 1066 Θεοῦ
3079 1012 3216 1080 πρὸς
3243 1013 3338 1067 τὸν
3365 1012 3681 1084 ἄνθρωπον,
3701 1017 3756 1086 τῇ

2191 1102 2288 1156 τοῦ
2316 1101 2616 1173 προσώπου
2647 1104 2990 1175 προσηγορίᾳ
3005 1104 3268 1175 χρώμεθα
3293 1117 3307 1132 ·
3331 1105 3503 1170 οὕτως
3527 1105 3759 1175 λέγοντες

2190 1195 2253 1248 τὸ
2283 1191 2424 1248 εἶναι
2455 1194 2517 1248 τὸ
2554 1195 2792 1266 Χριστοῦ
2839 1196 3156 1268 πρόσωπον,
3198 1197 3276 1261 ὡς
3321 1197 3616 1270 ἀνθρώπου
3647 1200 3760 1271 μίαν

2193 1287 2515 1352 ὑπόστασιν,
2549 1288 2756 1358 Πέτρου
2780 1289 2964 1360 τυχὸν,
2991 1289 3024 1359 ἢ
3055 1288 3295 1343 Παύλου.

509 1399 799 1455 usurpare.
844 1380 1212 1449 Quamobrem
1268 1393 1433 1434 unam
1463 1378 1991 1449 Christipersonam
2024 1393 2148 1434 esse
2179 1378 2438 1442 dicimus,
2469 1377 2618 1432 velut
2667 1393 2838 1433 unam
2893 1378 3137 1436 hominis
3194 1380 3560 1451 hypostasim,
3622 1382 3761 1439 Petri

507 1487 662 1551 puta,
694 1477 778 1530 vel
812 1473 996 1529 Pauli.

575 1572 698 1627 Jam
729 1583 860 1624 vero
897 1565 1027 1620 illud
1057 1577 1278 1635 quoque
1312 1577 1435 1616 cum
1474 1561 1597 1618 aliis
1630 1561 2083 1633 praemonendum

507 1663 670 1719 nobis
709 1670 792 1716 est
835 1677 848 1713 :
883 1656 1276 1712 humanitatem
1304 1655 1511 1710 Christi
1545 1670 1613 1710 ne
1642 1654 1724 1708 vel
1752 1669 1918 1724 quam
1960 1654 2088 1709 bre-

504 1755 736 1810 vissimo
785 1761 1034 1820 tempore
1083 1748 1403 1804 substitisse
1458 1763 1570 1801 non
1618 1746 1834 1800 unitam
1867 1745 2088 1814 Verbo;

505 1843 602 1902 sed
627 1841 794 1899 simul
824 1855 889 1894 ac
919 1839 976 1894 in
1009 1853 1190 1893 rerum
1215 1845 1470 1892 naturam
1506 1837 1728 1907 prodire
1756 1838 1942 1908 cmpit,
1981 1851 2092 1892 una

505 1931 792 2002 accepisse
826 1929 1089 1982 unionem
1125 1941 1252 1981 cum
1287 1925 1492 1982 Verbo.
1528 1928 1599 1982 At
1641 1937 1898 1982 naturam
1941 1928 2091 1982 illam
2123 1912 2166 1968 Β

507 2022 653 2078 omni
691 2018 1057 2076 subsistentia
1088 2016 1410 2072 destitutam
1451 2020 1771 2088 neutiquam
1807 2020 2088 2086 diximus;

506 2115 710 2186 quippe
763 2100 1277 2182 quze'p‘eculiarem
1335 2125 1448 2180 prae
1507 2111 1720 2166 caeteris
1771 2110 2092 2166 hominibus

505 2203 849 2264 subsistendi
878 2204 1102 2258 modum
1131 2201 1410 2268 habuerit,
1447 2203 1944 2274 exsistentiamque
1974 2203 2092 2260 suis

505 2296 990 2366 circumscriptam
1045 2294 1326 2358 terminis,
1383 2308 1448 2349 ac
1496 2295 1932 2366 proprietatibus
1965 2295 2092 2366 qui-

505 2389 738 2448 busdam
768 2404 799 2443 a
830 2385 1110 2443 communi
1154 2395 1480 2442 cmterorum
1517 2397 1716 2442 natura
1763 2388 2090 2443 discretam.

501 2485 560 2540 id
596 2483 803 2553 quippe
836 2479 1154 2553 signiﬁcare
1206 2478 1530 2550 hypostasis
1578 2493 1779 2535 nomen
1831 2479 2092 2550 superius

504 2575 872 2631 ostendimus.
951 2572 1358 2642 Quapropter,
1441 2572 1590 2627 sicut
1668 2571 1724 2626 in
1803 2571 2093 2627 divinitate

503 2666 709 2724 Christi
747 2674 1002 2720 naturam
1034 2671 1088 2719 et
1125 2663 1467 2735 hypostasim
1498 2664 1870 2730 conﬁtemur;
1927 2663 2088 2734 106

505 2757 875 2814 consimiliter
917 2755 973 2810 in
1012 2756 1138 2826 ejus
1191 2755 1539 2811 humanitate
1581 2755 1781 2826 ipsius,
1829 2765 1890 2810 ut
1925 2763 2090 2810 natu-

503 2866 646 2914 ram,
698 2851 773 2904 ita
827 2856 882 2904 et
946 2847 1290 2920 singularem
1356 2847 1500 2902 hanc
1561 2847 1902 2920 hypostasim
1956 2862 2093 2901 con-

507 2944 648 3000 ﬁteri
685 2957 976 2998 necessum
1022 2948 1146 3007 est;
1185 2956 1276 3007 ne,
1326 2947 1389 2994 ut
1435 2939 1584 3004 dixi,
1635 2949 1892 2994 naturam
1943 2939 2093 2993 illam

505 3031 885 3089 subsistentia:
927 3037 1208 3100 expertem
1241 3043 1366 3084 esse
1400 3028 1766 3098 pronuntiare
1803 3041 2091 3099 cogamur.

505 3126 561 3181 id
620 3127 769 3182 enim
822 3130 1062 3189 constat,
1125 3120 1277 3194 quod
1340 3122 1488 3176 inter
1541 3119 1826 3175 individua
1884 3128 2096 3175 natura:

503 3216 788 3274 communi
837 3213 1187 3286 suhjacentia
1239 3210 1520 3268 exstiterit
1548 3209 1858 3267 Salvatoris
1896 3209 2094 3266 huma-

504 3313 677 3366 nitas.
1943 3308 1948 3314 ’

581 3399 679 3453 l-iis
731 3415 798 3454 ex
849 3395 1044 3453 ordine
1099 3404 1153 3451 et
1210 3393 1362 3450 clare
1426 3394 1739 3466 explicatis,
1796 3402 1963 3466 atque
2023 3395 2092 3449 ab

509 3492 788 3557 omnibus,
848 3500 908 3545 ut
959 3505 1108 3556 reor,
1165 3487 1450 3553 admissis,
1507 3489 1694 3543 dicant
1751 3489 1937 3551 nobis,
1996 3487 2091 3556 qui

512 3593 739 3638 naturas
789 3583 929 3640 duas
985 3584 1041 3637 in
1092 3582 1352 3649 Christo,
1409 3596 1474 3636 ac
1522 3596 1688 3635 unam
1747 3580 2091 3652 hypostasim

513 3683 764 3730 statuunt
790 3713 805 3738 ,
839 3672 1061 3742 quando
1109 3671 1272 3726 ambo
1315 3671 1406 3725 illa
1455 3685 1576 3740 qua:
1610 3669 1763 3724 unita
1805 3675 1954 3733 sunt,
1990 3682 2091 3721 na-

511 3778 692 3820 turam
728 3765 892 3818 simul
935 3774 991 3818 et
1023 3763 1396 3834 hypostasim,
1432 3763 1753 3818 necessario
1782 3760 1999 3825 habuit,
2031 3766 2093 3812 ut

509 3856 952 3910 demonstratum
1009 3862 1116 3917 est,
1180 3869 1249 3908 an
1305 3854 1595 3924 aequaliter
1652 3861 1977 3907 naturarum
2039 3857 2093 3906 et

512 3946 899 4020 hypostasium
928 3947 1302 4002 conﬁteantur
1346 3945 1548 4002 factam
1589 3943 1763 4001 fuisse
1792 3945 2088 4012 unionem;

509 4040 597 4111 vel
651 4037 968 4095 existiment
1022 4037 1197 4109 magis
1251 4036 1438 4092 unitas
1495 4038 1820 4109 hypostases
1879 4036 2090 4102 fuisse,

503 4145 635 4187 cum
696 4145 766 4184 ex
813 4127 1032 4184 duabus
1083 4143 1192 4182 una
1242 4127 1596 4195 substiterit;
1651 4128 1838 4185 minus
1903 4136 2090 4184 autem

507 4233 780 4291 naturas;
827 4222 972 4278 unde
1014 4231 1068 4279 et
1121 4221 1244 4278 duae
1290 4228 1416 4292 post
1464 4217 1772 4277 unitionem
1810 4236 2092 4278 remanse-

503 4319 643 4373 rint.

578 4406 711 4462 Post
751 4406 859 4460 alia
889 4405 943 4460 in
970 4405 1178 4475 quibus
1203 4403 1433 4475 exponit
1455 4417 1563 4475 qua
1585 4402 1803 4459 ratione
1831 4403 2094 4461 substan-

507 4499 584 4553 tia
616 4498 791 4568 magis
829 4505 883 4552 et
915 4497 1099 4551 minus
1129 4510 1239 4551 non
1267 4495 1521 4566 recipiat,
1551 4494 1839 4566 subjungit
1871 4513 1884 4549 :

582 4589 758 4644 Unam
787 4587 1011 4660 quidem
1042 4597 1299 4644 naturam
1347 4606 1493 4656 esse,
1519 4605 1642 4661 quae
1685 4591 1888 4646 multas
1912 4590 2092 4662 hypo-

2123 3302 2166 3358 C

509 4689 688 4738 stases
727 4680 1055 4745 constituat,
1107 4680 1251 4751 apud
1313 4697 1511 4738 omnes
1563 4697 1689 4738 esse
1743 4692 2092 4753 compertum
2123 4665 2168 4720 Ῑ)

509 4773 772 4828 arbitror.
800 4771 882 4826 Ita
912 4771 1079 4843 igitur
1106 4788 1270 4827 unam
1312 4789 1438 4830 esse
1485 4774 1794 4830 divinitatis
1830 4781 2090 4828 naturam

507 4862 859 4928 conﬁtentes,
911 4871 1026 4918 tres
1061 4861 1241 4933 ipsius
1291 4878 1414 4920 csse
1452 4865 1788 4936 hypostases
1837 4879 2090 4935 pronun-

507 4956 740 5010 tiamus.
780 4952 886 5009 Sed
915 4960 970 5009 et
1003 4953 1289 5010 hominum
1319 4969 1540 5026 quoque
1575 4971 1685 5010 una
1717 4963 1804 5010 est
1853 4965 2050 5010 natura
2077 4973 2092 5019 ;

503 5063 631 5117 qua:
665 5044 764 5116 ipsi
807 5044 1048 5101 subsunt
1078 5045 1507 5116 hypostasibus,
1559 5047 1612 5100 in
1658 5045 1930 5100 inﬁnitam
1975 5045 2093 5102 fere

506 5136 924 5192 multitudinem
956 5137 1290 5208 protensis:
1338 5143 1392 5190 et
1442 5137 1525 5191 sic
1571 5137 1630 5192 in
1677 5136 1825 5190 aliis.
1868 5136 2091 5192 Naturae

503 5227 647 5294 duae,
695 5242 819 5298 quae
870 5225 1194 5280 dualitatem
1247 5225 1552 5279 secundum
1608 5240 1898 5279 numerum
1956 5227 2091 5282 reti-

505 5325 855 5374 ueantunam
873 5317 1088 5374 eihcere
1120 5315 1461 5385 hypostasim
1488 5330 1595 5370 non
1625 5325 1895 5387 possunt:
1926 5319 2090 5389 idque

506 5421 616 5460 non
648 5407 969 5462 inductione
1022 5405 1201 5461 solum
1248 5403 1620 5474 Singularium
1671 5407 1910 5476 probare
1964 5410 2091 5466 lieet

505 5495 637 5564 (quo
666 5499 814 5553 enim
847 5507 1012 5569 pacto
1067 5511 1173 5551 uua
1230 5493 1370 5548 foret
1404 5495 1627 5566 lapidis,
1682 5513 1747 5553 ac
1789 5500 1944 5573 ligni,
1992 5513 2087 5558 aut

583 5781 601 5823 ί
635 5778 703 5836 Β.
738 5783 870 5837 2951
908 5784 964 5836 ὲν
996 5785 1074 5854 τῷ
1123 5783 1165 5846 ζ’
1199 5784 1394 5850 κεφαλ.

2264 1559 2675 1632 Προδιηγείσθω
2698 1561 2755 1614 δὲ
2788 1563 2920 1633 ἡμῖν
2945 1562 3084 1632 μετὰ
3109 1563 3220 1616 τῶν
3257 1563 3435 1618 ἄλλων
3467 1567 3562 1620 καὶ
3587 1570 3760 1623 τοῦτο’

2195 1654 2330 1707 ὡσεὶ
2352 1655 2444 1706 καὶ
2467 1654 2536 1708 τὰ
2559 1654 2794 1725 μάλιστα
2830 1654 2967 1724 μηδὲ
2999 1655 3091 1709 τὸν
3111 1657 3348 1727 τυχόντα
3374 1657 3569 1729 χρόνον
3597 1663 3758 1732 χωρὶς

2191 1744 2292 1814 ’τῆς
2347 1743 2484 1814 πρὸς
2506 1745 2597 1796 τὸν
2633 1743 2808 1812 Λόγον
2843 1744 3093 1808 ὲνώσεως
3119 1745 3180 1797 τὸ
3201 1744 3544 1816 ἀνθρώπινον
3568 1750 3763 1824 ὑπέστη

2196 1837 2295 1891 τοῦ
2323 1835 2586 1909 Χριστοῦ,
2622 1837 2737 1890 ἀλλ’
2758 1835 2876 1907 ἅμα
2904 1854 2963 1890 τε
2993 1837 3096 1908 τὴν
3122 1838 3301 1908 ἀρχὴν
3321 1839 3418 1908 τῆς
3445 1840 3608 1904 εἶς’τδ
3638 1841 3766 1896 εἶναι

2195 1929 2456 2002 παρόδου,
2491 1930 2585 1982 καὶ
2605 1929 2708 2000 τὴν
2740 1929 2878 2000 πρὸς
2906 1929 3001 1982 τὸν
3041 1929 3216 1998 Λόγον
3241 1930 3536 2000 ἀνείληφεν
3558 1932 3762 1986 ἕνωσιν·

2195 2019 2314 2075 ἀλλ’
2344 2021 2444 2072 οὐκ
2475 2019 2841 2072 ὲνυπόστατον
2860 2014 3002 2072 εἷναί
3021 2036 3203 2089 φαμεν
3229 2018 3329 2089 τὴν
3351 2023 3517 2088 φύσιν
3539 2010 3765 2092 ἐκείνην,

2191 2114 2339 2185 ἤπερ
2370 2109 2742 2166 ίδιοσύστατον
2795 2105 2944 2182 εἶχεν
2979 2110 3120 2182 πρὸς
3151 2109 3281 2173 τοὺς
3309 2109 3536 2175 λοιποὺς
3564 2112 3768 2184 ἀνθρὼι

2195 2223 2328 2269 πους
2354 2205 2449 2258 καὶ
2475 2203 2926 2276 ἱδιοπερίγραφον
2958 2202 3058 2274 τὴν
3089 2202 3353 2274 ὕπαρξιν,
3391 2202 3640 2274 ἱδιώμασί
3661 2220 3763 2256 τισι

2193 2298 2348 2370 παρὰ
2371 2297 2470 2367 τὴν
2501 2295 2691 2367 κοινὴν
2726 2297 2890 2365 φύσιν
2919 2295 3028 2348 τῶν
3055 2294 3262 2348 λοιπῶν
3285 2295 3542 2349 ἁπάντων
3563 2294 3766 2362 διακρι-

2193 2390 2449 2462 νομένην.
2477 2386 2654 2441 Τοῦτο
2666 2387 2776 2456 γὰρ
2803 2385 3093 2457 σημαίνειν
3115 2385 3321 2458 ἀρτίως
3345 2385 3407 2438 τὸ
3431 2384 3529 2454 τῆς
3540 2384 3773 2438 ὑποστά-

2195 2498 2332 2545 σεως
2364 2478 2654 2548 ἐδείξαμεν
2713 2478 2906 2549 ῦνομα.
2941 2478 3058 2530 Οὑκ
3088 2472 3183 2530 οῦν
3213 2477 3290 2541 ὡς
3321 2477 3416 2530 ἐπὶ
3453 2477 3554 2545 τῆς
3591 2475 3775 2546 θεότη-

2192 2593 2286 2640 τος
2325 2574 2419 2628 τοῦ
2457 2573 2722 2645 Χριστοῦ,
2753 2573 3054 2647 ’καὶηφῦσιν
3094 2572 3267 2642 αὐτῆς
3324 2572 3423 2626 καὶ
3479 2571 3775 2624 ὑπόστασιν

2195 2664 2592 2738 ὁμολογοῦμεν,
2634 2661 2808 2727 οὕτως
2867 2663 3040 2735 δήπου
3063 2663 3161 2716 καὶ
3221 2662 3318 2717 ἐπὶ
3361 2661 3464 2732 τῆς
3495 2661 3777 2733 ἀνθρωπό-

2193 2775 2354 2830 τητος
2385 2756 2574 2822 αὑτοῦ,
2611 2757 2802 2827 ὥσπερ
2855 2755 3041 2823 φύσιν,
3099 2753 3277 2818 οὕτως
3325 2756 3424 2810 καὶ
3459 2755 3560 2828 τὴν
3611 2757 3778 2831 ίδικὴν

2195 2852 2398 2922 ταύτην
2423 2851 2707 2922 ὁμολογεῖν
2749 2847 3052 2902 ὑπόστασιν
3083 2847 3324 2919 ἀνάγκη,
3359 2848 3448 2902 ἵνα
3479 2849 3556 2921 μὴ
3575 2850 3780 2903 ἀνυπό-

2198 2962 2415 3010 στατον,
2477 2942 2669 3014 ὥσπερ
2709 2941 2932 3012 εἴρηκα,
2999 2940 3100 3012 τὴν
3154 2941 3320 3011 φύσιν
3348 2942 3570 3012 ἐκείνην
3600 2942 3781 3012 λέγειν

2197 3036 2668 3107 ἀναγκαζώμεθα.
2718 3035 2816 3088 Ἐν
2870 3033 2980 3104 γὰρ
3028 3032 3209 3104 δῆλον,
3256 3034 3338 3087 ὅτι
3378 3034 3488 3088 τῶν
3529 3035 3636 3088 ὑπὸ
3683 3035 3784 3108 τὴν

2201 3130 2391 3199 κοινὴν
2439 3129 2604 3198 φύσιν
2654 3124 2958 3178 τελούντων
3016 3124 3258 3193 ἀτόμων,
3307 3124 3369 3178 τὸ
3401 3125 3495 3179 τοῦ
3529 3126 3786 3199 Σωτῆρος

2203 3223 2452 3294 ὑπῆρχεν
2485 3218 2850 3291 ἀνθρώπινον.

2275 3398 2494 3454 Τούτων
2543 3397 2689 3451 οὕτω
2737 3395 3230 3467 διευκρινουμένων
3283 3391 3486 3460 σαφῶς,
3528 3393 3629 3446 καὶ
3669 3393 3791 3448 ὑπδ

2201 3491 2443 3550 πάντων,
2480 3482 2656 3558 οἶμαι,
2689 3484 3190 3556 συμφωνουμένων,
3227 3481 3534 3550 λεγέτωσαν
3557 3484 3698 3552 ἡμῖν
3738 3485 3792 3536 οἱ

2200 3583 2295 3636 δύο
2323 3577 2583 3644 εἷναιτὰς
2614 3577 2710 3632 τοῦ
2740 3575 2982 3649 Χριστοῦ
3025 3574 3240 3644 φύσεις,
3285 3572 3413 3644 μίαν
3443 3572 3502 3626 δὲ
3539 3573 3791 3626 ὑπόστα-

2203 3694 2288 3730 σιν
2329 3673 2738 3744 ὑποτιθέμενοι,
2776 3669 2970 3742 ἐπειδὴ
2999 3668 3111 3722 τῶν
3141 3667 3455 3721 ἑνωθέντων
3494 3666 3790 3738 ἑκάτερον,

2202 3768 2364 3839 φύσιν
2393 3783 2455 3819 τε
2488 3765 2606 3836 ἆμα
2665 3765 2757 3818 καὶ
2789 3763 3091 3817 ὑπόστασιν
3121 3760 3180 3825 ἐξ
3227 3759 3477 3830 ἀνάγκης
3509 3753 3680 3831 εῖχεν,
3714 3760 3794 3824 ὡς

2201 3865 2229 3915 ὁ
2283 3860 2441 3929 λόγος
2475 3857 2698 3925 ἔδειξεν,
2723 3856 2957 3926 πότερον
3003 3853 3288 3924 όμοτίμως
3336 3853 3447 3908 τῶν
3475 3870 3538 3906 τε
3571 3853 3793 3922 φύσεων

2201 3955 2296 4007 καὶ
2331 3951 2687 4006 ὑποστάσεων
2735 3945 3060 4020 ὁμολογοῦσι
3113 3946 3405 4015 γεγονέναι
3434 3945 3534 4017 τὴν
3570 3946 3792 4008 ἕνωσιν,

2200 4045 2233 4117 ἢ
2265 4045 2464 4118 μᾶλλον
2494 4042 2736 4116 ἡνῶσθαι
2763 4042 2865 4105 τὰς
2913 4039 3247 4102 ὑποστάσεις
3275 4038 3505 4104 οἴονται,
3541 4039 3665 4092 ἐπεὶ
3691 4037 3796 4089 καὶ

2204 4135 2302 4207 μία
2353 4133 2412 4200 ἐξ
2460 4134 2668 4204 ἀμφοῖν
2720 4130 3023 4192 ὑπόστασις
3079 4127 3343 4197 γέγονεν·
3393 4123 3558 4200 ἦττον
3590 4126 3647 4179 δὲ
3689 4125 3798 4188 τὰς

2201 4227 2414 4297 φύσεις,
2463 4224 2586 4280 ὅθεν
2638 4225 2735 4278 καὶ
2792 4220 2889 4277 δύο
2937 4219 3077 4292 μετὰ
3132 4219 3234 4290 τὴν
3281 4217 3479 4272 ἕνωσιν
3539 4219 3799 4290 μεμενή-

2200 4337 2350 4376 κασι.

2274 4411 2383 4464 Καὶ
2403 4409 2521 4482 μεθ’
2573 4407 2740 4478 ἕτερα
2766 4407 2826 4459 ἐν
2872 4399 2954 4469 οἷς
3003 4401 3296 4475 γυμνάζει,
3357 4405 3441 4458 ὅτι
3475 4401 3535 4456 τὸ
3580 4401 3804 4472 μᾶλλον

2201 4504 2294 4557 καὶ
2314 4499 2478 4574 ἦττον
2505 4491 2718 4572 ἡούσία
2749 4498 2851 4552 οὑκ
2891 4496 3227 4567 ἐπιδέχεται,
3265 4496 3427 4550 πάλιν
3463 4496 3480 4535 ί
3518 4493 3714 4563 φησίν.

2273 4597 2421 4650 Μίαν
2452 4594 2554 4664 μὲν
2579 4592 2689 4663 γὰρ
2721 4591 2885 4660 φύσιν
2933 4589 3200 4643 πλειόνων
3242 4587 3585 4642 ὑποστάσεων
3613 4584 3795 4652 ἐνερ-

2197 4688 2432 4761 γητικὴν
2488 4687 2719 4758 ἐναργὲς
2777 4683 2934 4756 οἶμαι
2996 4683 3292 4754 τυγχάνειν
3341 4680 3554 4733 ἅπασιν.
3605 4671 3800 4726 Οὕτω

2195 4780 2326 4851 γοῦν
2353 4781 2484 4851 μίαν
2509 4775 2652 4835 εἶναι
2694 4777 2857 4849 φύσιν
2903 4776 3002 4848 τῆς
3059 4776 3307 4846 θεότητος
3360 4765 3808 4839 ὁμολογοῦντες,

2193 4876 2346 4945 τρεῖς
2368 4869 2512 4926 εἶναι
2546 4872 2646 4937 τὰς
2678 4872 3011 4935 ὑποστάσεις
3031 4871 3205 4939 αὐτῆς
3237 4861 3636 4936 πρεσϐεύομεν.
3671 4861 3821 4914 Καὶ

2196 4963 2504 5034 ἀνθρώπων
2551 4964 2608 5017 δὲ
2647 4963 2748 5034 μία
2815 4963 2965 5016 ἐστὶν
3021 4964 3054 5032 ἡ
3108 4961 3281 5031 φύσις,
3325 4953 3433 5006 τῶν
3461 4950 3557 5004 ὑπ’
3602 4951 3821 5022 αὐτὴν

2198 5055 2554 5109 ὑποστάσεων
2605 5053 2692 5108 ἐπ’
2742 5053 2975 5126 ἄπειρον
3030 5050 3211 5123 σχεδὸν
3255 5041 3662 5114 ὲκτεινομένων
3722 5042 3826 5115 τῷ

2201 5147 2418 5216 πλήθει,
2449 5148 2543 5201 καὶ
2577 5147 2671 5201 ἐπὶ
2701 5146 2810 5200 τῶν
2878 5147 3056 5201 ἄλλων
3114 5140 3375 5202 ὡσαύτως
3399 5153 3413 5166 ·
3453 5137 3552 5190 δῦο
3595 5137 3832 5207 φύσεις

2202 5235 2481 5301 σωζούσας
2514 5236 2638 5290 κατ’
2671 5235 2908 5307 ἀριθμὸν
2934 5237 3036 5306 τὴν
3065 5234 3254 5296 δυάδα,
3291 5229 3421 5304 μίαν
3453 5228 3828 5283 ἀποτελέσαι

2201 5325 2501 5378 ὑπόστασιν
2563 5325 2848 5379 ἀδύνατον.
2901 5326 3012 5378 Καὶ
3074 5323 3235 5377 τοῦτο
3286 5321 3346 5373 οὐ
3401 5318 3567 5389 μόνον
3595 5318 3670 5370 ὲκ
3703 5319 3834 5386 τῆς

2199 5415 2308 5469 τῶν
2333 5417 2472 5469 κατὰ
2503 5415 2669 5487 μέρος
2703 5417 2951 5470 ἑκάστων
3001 5413 3304 5484 ἐπαγωγῆς
3359 5412 3477 5465 ἔστι
3513 5408 3847 5464 πιστώσα-

2202 5506 2327 5559 σθαι
2359 5505 2498 5571 (πῶς
2529 5507 2634 5576 γὰρ
2663 5505 2729 5560 ἂν
2755 5509 2838 5576 εἴη
2869 5505 3018 5558 λίθου
3048 5505 3146 5558 καὶ
3199 5504 3360 5569 ξύλου
3406 5502 3507 5574 μία
3549 5499 3842 5555 ὑπόστα-

1824 5705 2058 5764 VARI/{‘1
2091 5695 2493 5766 LECTIONES.
