4104 6148
368 338 462 401 753

1520 334 1618 393 DE
1644 332 2096 393 IL‘ERESIBUS
2135 335 2390 395 LIBER.

3492 334 3600 400 754

363 463 454 510 σις,
478 446 756 501 τουτέστιν
781 447 983 518 ἄτομον
1006 445 1142 516 Emi)
1181 444 1323 515 βοὸς,
1365 442 1459 495 καὶ
1494 438 1744 508 ἵππους),
1780 439 1916 492 ἀλλὰ

2031 441 2200 507 bovis,
2260 450 2315 496 et
2364 441 2494 512 equi
2551 440 2888 513 hypostasis,
2949 441 3054 497 hoc
3115 451 3200 498 est
3251 443 3606 500 indivrduumi

359 537 440 589 καὶ
471 535 529 603 ἐξ
588 537 757 608 αὐτῆς
812 536 914 607 τῆς
958 536 1052 590 τοῦ
1086 535 1247 602 λόγου
1297 532 1600 605 ἐνεργείας.
1627 533 1691 585 Εἰ
1728 531 1836 600 γὰρ
1859 532 1918 583 ἐν

356 629 463 691 ταῖς
494 627 826 682 ὑποστάσεσι
859 627 1078 698 (ταυτὸν
1105 626 1163 679 δὲ
1195 627 1370 678 εἰπεῖν
1402 626 1460 678 ὲν
1503 625 1616 687 τοῖς
1650 623 1916 694 ἀτόμοις),

356 718 550 788 ἑκάστη
581 718 742 788 φύσις
768 717 1036 787 λαμϐάνει
1074 716 1334 788 ὓπαρξιν,
1386 717 1601 787 ἀνάγκη
1631 718 1779 770 πᾶσα
1811 717 1920 770 τῶν

355 810 437 863 δύο
475 810 691 878 φύσεων
717 808 916 874 οὐσῶν,
943 809 1038 862 δύο
1061 809 1413 878 τούλάχιστον
1435 808 1531 862 καὶ
1558 808 1659 870 τὰς
1687 807 1922 861 ὑποστά-

357 916 464 963 σεις
497 895 660 964 εῖναι,
708 900 767 952 ὲν
808 892 895 962 αἶς
943 900 1042 969 τὴν
1092 898 1329 969 ὓπαρξιν
1387 899 1444 953 αἱ
1478 897 1672 968 φύσεις
1705 897 1920 952 ἔλαϐον.

366 987 648 1042 Ἀδύνατον
677 987 784 1058 γὰρ
817 988 1118 1058 ὑποστῆναι
1161 987 1285 1041 καθ’
1309 988 1500 1058 αὑτὴν,
1543 988 1619 1058 μὴ
1648 989 1706 1041 ὲν
1735 988 1922 1058 ἀτόμῳ

355 1079 456 1134 τινὶ
500 1077 902 1149 θεωρουμένην.
960 1080 1198 1149 ’Λτομον
1253 1080 1311 1133 δὲ
1373 1080 1574 1134 ταυτὸν
1639 1077 1778 1134 εἶναι
1830 1081 1924 1136 καὶ

357 1171 668 1235 ὑπόστασιν,
727 1169 932 1239 ἀρτίως
982 1170 1323 1241 διεδείχαμεν.
1362 1171 1526 1224 Ὥστε
1557 1171 1674 1225 ὅσοι
1726 1173 1822 1242 μὲν
1850 1172 1925 1243 μὴ

359 1261 511 1334 μόνον
543 1261 644 1331 τὴν
703 1261 1004 1315 ὑπόστασιν
1041 1262 1192 1332 μίαν,
1219 1263 1355 1318 ἀλλά
1406 1263 1502 1317 καὶ
1529 1263 1627 1334 τὴν
1654 1263 1813 1333 φύσιν
1838 1265 1928 1334 διὰ

355 1353 449 1418 τὴν
476 1352 670 1407 ἕνωσιν
708 1353 996 1421 γεγονέναι
1038 1355 1224 1422 φασιν,
1263 1354 1544 1425 σύμφωνοι
1574 1357 1667 1409 καὶ
1691 1356 1922 1421 ἑαυτοῖς,

359 1446 449 1500 καὶ
469 1448 537 1516 τῇ
563 1444 795 1516 ἀληθείᾳ
821 1445 1125 1513 φαίνονται.
1167 1447 1323 1500 Ὅσοι
1357 1446 1413 1498 δὲ
1440 1447 1538 1516 τὴν
1561 1446 1660 1518 μὲν
1693 1448 1927 1501 ὑπόστα-

362 1557 441 1592 σιν
464 1537 616 1608 μίαν,
642 1538 742 1600 τὰς
759 1537 813 1590 δὲ
840 1537 1031 1607 φύσεις
1080 1538 1171 1592 δύο
1199 1542 1362 1608 φασὶν
1389 1536 1550 1608 εἶναι,
1579 1543 1677 1596 καὶ
1711 1544 1926 1606 ἑαυτοῖς

358 1633 446 1684 καί¹
479 1633 544 1701 τῇ
568 1628 799 1701 ἀληθείᾳ
826 1630 1108 1698 φαίνονται
1151 1632 1494 1702 ἀσύμφωνοι.
1548 1635 1690 1688 Ἀλλ’
1739 1635 1926 1705 ἐπειδὴ

361 1721 527 1774 καὶτὸ
551 1718 896 1828 ἀνθριῖἐπινον
931 1721 1193 1793 Χριστοῦ,
1229 1723 1416 1792 φασὶν,
1440 1726 1498 1778 ὲν
1531 1725 1609 1795 τῷ
1638 1724 1782 1795 λόγῳ
1824 1725 1924 1795 τὴν
1958 1775 1996 1828 Β

363 1812 655 1866 ὑπόστασιν
687 1807 854 1882 εῖχεν,
885 1814 984 1866 καὶ
1009 1814 1068 1866 οὑ
1105 1816 1426 1886 προῦπέστη
1459 1815 1557 1885 τῆς
1620 1815 1716 1869 τοῦ
1749 1815 1924 1885 Λόγου

361 1902 624 1967 ένώσεως,
650 1903 737 1958 διὰ
775 1903 944 1977 εοῦτο
976 1905 1106 1976 μίαν
1139 1906 1320 1977 φαμὲν
1347 1902 1488 1960 εἶναι
1513 1906 1614 1977 τὴν
1650 1906 1744 1960 τοῦ
1789 1908 1927 1978 Χρι-

362 1993 484 2046 στοῦ
515 1993 831 2050 ὑπόστασιν.
856 1996 1092 2068 Πότερον
1121 1991 1215 2050 οῦν
1257 1995 1502 2068 φαίημεν
1532 1995 1628 2050 καὶ
1662 1997 1846 2068 ἡμεῖς,
1870 1996 1928 2050 ἓν

359 2083 449 2136 καὶ
499 2085 695 2139 ταυτὸν
753 2086 976 2156 ἡγεῖσθε
1032 2086 1320 2157 σημαίνειν
1361 2085 1461 2157 τὴν
1500 2085 1664 2156 φύσιν
1706 2086 1800 2140 καὶ
1827 2087 1936 2156 τὴνΔ

357 2175 672 2245 ὑπόστασιν,
701 2178 776 2241 ὡς
798 2179 1038 2248 ὀνόματα
1063 2179 1222 2250 μόνον
1245 2174 1630 2249 εῖναιδιάφορα
1658 2178 1779 2232 καθ’
1811 2179 1930 2240 ἐνὸς

359 2268 755 2337 σημαινομένου
777 2270 1067 2335 πίπτοντα,
1098 2270 1174 2334 ὡς
1201 2270 1442 2341 μάχαιρα
1455 2271 1550 2323 καὶ
1570 2269 1740 2339 ξίφος.
1762 2269 1928 2338 ἢὲτε-

359 2375 448 2429 ρον
475 2359 568 2411 καὶ
591 2359 810 2429 ὲτέρον;
841 2361 902 2412 Et
937 2361 1034 2430 μὲν
1056 2356 1148 2414 οῦν
1177 2361 1394 2424 ταυτὸν,
1418 2362 1546 2430 μιᾶς
1569 2360 1669 2429 τῆς
1689 2361 1930 2418 ὑποστά-

359 2467 492 2516 σεως
508 2449 694 2521 οὔσης,
720 2450 846 2520 μίαν
865 2447 999 2506 εἶναι
1030 2453 1123 2504 καί
1144 2453 1243 2522 τὴν
1263 2451 1422 2521 φύσιν
1432 2452 1668 2522 ἀνάγκη,
1693 2451 1768 2514 ὼς
1788 2453 1836 2505 εἰ
1871 2453 1932 2506 τὸ

359 2537 508 2607 ξίφος
537 2538 596 2592 ἓν
625 2539 736 2609 εἴη,
763 2540 857 2594 καὶ
886 2540 986 2611 τὴν
1032 2540 1310 2614 μάχαιραν
1345 2541 1475 2612 μίαν
1518 2536 1660 2595 εἶναι
1688 2540 1928 2612 ἀνάγκη.

360 2630 428 2683 Ἦ
453 2630 503 2682 εί
527 2630 584 2683 αἱ
614 2629 804 2699 φύσεις
836 2630 950 2704 δύο,
986 2633 1080 2685 καὶ
1133 2631 1464 2696 ὑποστάσεις
1491 2631 1552 2703 ἐξ
1571 2632 1819 2703 ἀνάγκης
1839 2632 1932 2686 δύο

357 2721 605 2778 ἔσονταιο
639 2723 690 2776 εἰ
725 2722 782 2774 δὲ
829 2721 957 2776 ἄλλο
995 2724 1092 2792 μὲν
1145 2723 1403 2794 σημαίνει
1451 2723 1512 2778 τὸ
1570 2726 1671 2795 τῆς
1716 2724 1932 2793 φύσεως

357 2810 551 2882 ὄνομα,
575 2811 705 2866 ἄλλο
757 2813 816 2866 δὲ
855 2813 916 2866 τὸ
971 2815 1071 2883 τῆς
1102 2817 1479 2881 ὑποστάσεως,
1527 2818 1699 2870 αἴτιον
1736 2817 1794 2870 δὲ
1836 2817 1930 2871 τοῦ

363 2901 490 2970 μίαν
513 2898 655 2956 εῖναι
681 2902 775 2956 τοῦ
801 2905 1039 2976 Χριστοῦ
1072 2906 1169 2976 τὴν
1219 2907 1517 2960 ὑπόστασιν
1559 2909 1840 2980 ἡγοῦνται,
1869 2909 1932 2962 τὸ

364 2991 440 3061 μὴ
473 2993 822 3064 προῦπάρξαι
851 2995 951 3065 τὴν
988 2995 1084 3048 τοῦ
1111 2995 1402 3067 ἀνθρώπου
1421 2999 1741 3068 ὑπόστασιν,
1764 3002 1932 3072 ἤγουν

2020 534 2238 603 unum),
2268 548 2458 588 verum
2482 533 2650 589 etiam
2681 549 2747 588 ex
2772 534 2890 603 ipsa
2921 533 3157 590 rationis
3180 534 3253 590 vi.
3287 533 3344 590 Si
3369 536 3517 592 enim
3543 537 3607 591 in.

2019 625 2417 696 hypostasibus
2449 626 2615 696 (idem
2657 634 2842 680 autem
2866 626 3052 682 dicere
3081 636 3190 693 est,
3222 637 3386 696 atque
3425 627 3478 683 in
3511 628 3598 683 in-

2020 715 2287 786 dividuis)
2321 724 2523 770 natura
2552 731 2784 786 quaeque
2817 716 3024 787 accipit
3057 716 3463 782 exsistentiam,
3501 733 3597 772 ne-

2021 819 2180 862 cesse
2213 821 2445 876 prorsus
2476 815 2583 872 est,
2633 807 2737 870 ubi
2775 807 2897 862 duae
2945 815 3075 864 sunt
3118 815 3350 879 naturae,
3403 809 3476 864 ibi
3533 810 3600 863 ad

2020 898 2315 954 minimum
2346 900 2486 955 duas
2502 899 2830 971 hypostases
2860 915 3002 964 esse,
3023 900 3077 954 in
3104 899 3306 968 quibus
3328 899 3599 956 exsisten-

2025 992 2156 1045 tiam
2212 1006 2292 1047 eae
2346 999 2560 1047 natura:
2609 994 2983 1062 susceperint.
3016 991 3134 1046 Non
3170 998 3352 1062 potest
3397 990 3604 1061 quippe

2026 1092 2224 1139 natura
2271 1085 2576 1140 secundum
2621 1100 2681 1141 se
2711 1085 3018 1142 subsistere
3047 1085 3102 1138 in
3132 1084 3282 1138 nullo
3315 1082 3614 1139 individuo--

2025 1184 2293 1246 spectata.
2319 1175 2670 1243 lndividuum
2705 1184 2891 1230 autem
2933 1175 3076 1230 idem
3107 1190 3230 1230 esse
3250 1189 3314 1237 ac
3339 1174 3602 1246 hyposta-

2026 1267 2128 1320 sim
2179 1266 2416 1322 antehac
2453 1265 2984 1334 demonstravimus.
3023 1264 3296 1332 Quocirca
3347 1264 3437 1334 qui
3493 1278 3602 1317 non

2028 1357 2192 1412 modo
2223 1357 2571 1430 hypostasim
2607 1372 2772 1412 unam
2795 1399 2809 1423 ,
2857 1357 2952 1412 sed
2999 1364 3053 1411 et
3097 1364 3350 1411 naturam
3382 1365 3605 1426 propter

2026 1449 2331 1503 unitionem
2357 1448 2639 1502 exstitisse
2661 1446 2866 1512 volunt,
2895 1461 3104 1512 secum,
3135 1461 3200 1502 ac
3219 1460 3344 1501 cum
3363 1445 3602 1501 veritate

2027 1535 2346 1592 consentire
2405 1536 2786 1604 reperiuntur.
2861 1534 2966 1600 Qui
3045 1549 3177 1589 vero
3260 1535 3637 1604 hypostasim'

2031 1641 2225 1694 unam,
2257 1640 2322 1680 ae
2352 1634 2584 1680 naturas
2619 1623 2758 1679 duas
2792 1631 3024 1692 ponunt,
3058 1631 3169 1676 tam
3201 1637 3232 1676 a
3261 1638 3351 1689 se,
3379 1637 3542 1691 quam
3578 1636 3606 1673 a

2033 1718 2269 1774 veritate
2321 1715 2582 1770 videntur
2625 1714 2945 1768 dissentire.
2979 1711 3087 1767 Sed
3119 1713 3314 1768 aiunt:
3347 1711 3426 1766 Eo
3460 1710 3618 1778 quod:

2030 1808 2353 1864 humanitas
2376 1806 2588 1862 Christi
2633 1806 2687 1859 in
2731 1803 2915 1859 Verbo
2952 1803 3294 1874 hypostasim
3329 1803 3607 1860 habuerit.

2033 1915 2136 1954 nec
2159 1908 2288 1954 ante
2319 1899 2627 1954 unitionem
2661 1911 2787 1952 cum
2815 1895 2995 1952 Verbo
3018 1895 3366 1962 substiterit;
3400 1895 3621 1949 idcirco-

2030 2007 2192 2047 unam
2221 1990 2556 2046 aﬂlrmamus
2586 2005 2711 2046 esse
2739 1987 2948 2045 Christi
2981 1987 3344 2058 hypostasim.
3382 1986 3596 2051 Quibus

2029 2081 2249 2152 quidem
2310 2094 2410 2135 nos
2469 2092 2691 2150 quoque
2756 2076 3124 2132 dixerimus:
3181 2076 3376 2131 Annon
3439 2076 3612 2146 igitur

2031 2187 2206 2232 unum
2236 2172 2496 2242 idemque
2530 2166 2836 2240 signiﬁcari
2877 2166 3119 2223 censetis
3154 2181 3252 2236 per
3280 2175 3534 2221 naturam
3557 2174 3619 2221 et

2030 2265 2394 2338 hypostasim,
2430 2263 2564 2319 adeo
2596 2269 2656 2316 ut
2680 2261 2898 2316 diversa
2926 2259 3191 2314 duntaxat
3230 2258 3342 2314 sint
3389 2258 3623 2314 nomina

2031 2358 2088 2411 in
2154 2371 2324 2410 unum
2380 2364 2547 2424 atque
2607 2352 2752 2409 idem
2805 2351 3182 2422 signiﬁcatum
3223 2348 3502 2411 cadentia.
3554 2356 3615 2404 ut

2032 2448 2248 2520 gladius
2276 2447 2524 2512 etensis,
2563 2453 2660 2501 aut
2683 2445 2835 2500 aliud
2866 2453 2920 2500 et
2953 2442 3128 2498 aliud.
3161 2441 3219 2498 Si
3242 2458 3409 2515 porro
3434 2444 3608 2509 idem;

2030 2555 2156 2596 cum
2202 2556 2312 2595 una
2364 2539 2677 2612 hypostasis
2726 2538 2819 2602 sit,
2872 2551 3037 2591 unam
3084 2550 3304 2607 quoque
3353 2542 3612 2590 naturam

2031 2649 2152 2690 esse
2200 2646 2492 2688 necessum
2547 2639 2659 2698 est;
2707 2631 2857 2685 velut
2905 2628 2952 2684 si
3007 2644 3151 2685 unus
3199 2626 3352 2684 ensis
3411 2625 3602 2688 fuerit,

2033 2725 2198 2780 etiam
2259 2737 2428 2776 unum
2487 2719 2727 2790 gladium
2786 2718 2902 2775 fore
2959 2733 3219 2785 necesse;
3275 2726 3367 2773 aut
3398 2717 3446 2774 si
3491 2717 3615 2773 duae

2035 2821 2267 2876 naturae,
2298 2812 2626 2883 hypostases
2655 2825 2874 2881 quoque
2902 2808 3026 2865 duae
3056 2807 3248 2865 eadem
3279 2808 3617 2865 necessitate

2033 2911 2219 2960 erunt.
2261 2902 2418 2970 Quod
2473 2903 2516 2959 si
2573 2902 2723 2956 aliud
2769 2901 3046 2972 signiﬁcat
3103 2909 3318 2956 natura:
3376 2916 3619 2968 nomen,

2037 2994 2187 3048 aliud
2250 2995 2596 3066 hypostasis;
2663 3007 2887 3048 causam
2960 3001 3144 3048 autem
3212 3009 3315 3047 cur
3374 3008 3484 3048 una
3543 2993 3617 3049 sit

360 3082 674 3152 πρόσωπον,
706 3085 970 3156 τῆςπρδς
999 3086 1090 3141 τὸν
1144 3087 1318 3156 Λόγον
1369 3088 1636 3153 ἑνώσεως.
1673 3091 1787 3144 Οὑκ
1838 3087 1931 3144 οῦν

2035 3086 2237 3142 Christi
2295 3086 2626 3157 hypostasis,
2689 3099 2808 3140 eam
2855 3099 2978 3140 esse
3030 3083 3410 3148 arbitrentur,
3458 3083 3616 3153 107

359 3170 457 3222 καὶ
491 3170 591 3234 τὰς
615 3171 708 3226 δύο
735 3171 829 3226 τοῦ
864 3175 1107 3246 Χριστοῦ
1149 3176 1342 3245 φύσεις
1372 3171 1534 3242 εἶναι,
1561 3177 1734 3232 αἴτιον
1764 3179 1830 3233 ἂν
1847 3180 1934 3249 εἴη

359 3263 714 3336 προϋπάρξαι
740 3265 840 3337 τὴν
896 3266 992 3320 τοῦ
1045 3267 1337 3338 ἀνθρώπου
1365 3268 1529 3338 φύσιν
1555 3271 1651 3342 τῆς
1675 3270 1811 3340 πρὸς
1843 3271 1935 3324 τὸν

358 3354 572 3424 Λόγονι
614 3356 880 3422 ὲνώσεως.
943 3359 1084 3412 Ἀλλ’
1133 3361 1182 3412 εἰ
1241 3360 1563 3432 προὺπέστη
1611 3361 1936 3434 ἡένωθεῖσα

358 3447 438 3518 τῷ
457 3449 616 3517 Λόγῳ
646 3449 847 3519 μερικὴ
870 3449 1053 3518 φύσις,
1093 3451 1306 3521 ἀνάγκη
1354 3453 1525 3518 πᾶσα,
1563 3453 1656 3506 καὶ
1681 3452 1778 3524 τὴν
1802 3452 1935 3507 ταύ-

357 3557 460 3611 της
480 3541 885 3611 προῦποστῆναι
908 3541 1227 3598 ὑπόστασιν.
1253 3543 1470 3597 Τούτων
1496 3543 1606 3616 γὰρ
1641 3545 1740 3600 οὐκ
1787 3547 1934 3600 ἑνδέ-

359 3645 516 3699 χεται
550 3627 778 3700 θάτερον
808 3624 968 3694 εἶναι,
991 3631 1084 3685 τοῦ
1109 3631 1297 3685 λοιποῦ
1330 3631 1405 3704 μὴ
1426 3633 1575 3698 ὄντος
1605 3649 1619 3665 ο
1650 3635 1749 3706 τὴν
1778 3652 1934 3707 μερι-

357 3720 464 3789 κὴν
493 3720 638 3788 λέγω
673 3719 854 3789 φύσιν,
908 3720 1038 3775 ἄνευ
1088 3723 1187 3794 τῆς
1242 3723 1378 3788 ἰδίας
1424 3724 1595 3795 αὐτῆς
1641 3725 1856 3795 φύσεως
1883 3725 1931 3782 ⁸.

361 3813 463 3865 Ἓν
489 3814 598 3882 γάρ
622 3813 770 3893 ἐστιν
794 3813 963 3882 ἄμφω
977 3813 1056 3884 τῷ
1086 3815 1454 3887 ὑποκειμένῳ,
1478 3817 1528 3870 εί
1561 3819 1656 3871 καὶ
1685 3819 1766 3882 είς
1799 3836 1931 3871 ταυ-

352 3905 448 3960 τὸν
479 3905 742 3968 πολλάκις
771 3905 1126 3977 συντρέχουσι
1167 3907 1322 3978 παρά
1377 3910 1491 3972 τοῖς
1537 3910 1930 3982 χρησαμένοις,

351 3994 432 4054 ὡς
473 3994 654 4066 μικρῷ
710 3996 947 4066 πρόσθεν
999 3997 1304 4067 ἐδείξαμεν.
1362 3998 1425 4051 Ei
1463 4000 1646 4054 τοίνυν
1681 4002 1931 4074 ὥσπερὴ

350 4084 673 4149 ὑπόστασις,
705 4085 848 4139 οῦτω
901 4087 998 4140 καὶ
1047 4088 1080 4158 ἡ
1129 4088 1292 4157 φύσις
1322 4090 1356 4159 ἡ
1381 4088 1458 4160 τῷ
1490 4091 1647 4163 Λόγῳ
1674 4094 1932 4148 ένωθεῖσα

355 4177 422 4230 οὑ
450 4178 768 4246 προῦπέστη
795 4177 894 4246 τῆς
926 4177 1061 4246 πρὸς
1086 4178 1248 4232 αὑτὸν
1290 4178 1569 4245 ἑνώσεως·
1607 4183 1795 4256 διόπερ
1826 4186 1931 4256 ἄρα

356 4265 491 4333 μίαν
513 4265 610 4335 τὴν
632 4265 726 4318 τοῦ
748 4266 987 4334 Χριστοῦ
1018 4267 1262 4331 ἀξιοῦσιν
1293 4269 1615 4338 ὑπόστασιν,
1649 4273 1740 4327 διά
1773 4273 1931 4328 τοῦτο

349 4354 453 4408 καὶ
482 4353 644 4421 φύσιν
675 4353 841 4408 αὑτοῦ
873 4356 1003 4425 μίαν
1047 4357 1390 4432 ἀξιούτωσαν
1424 4357 1563 4414 εἶναι
1598 4377 1610 4390 ο
1641 4361 1715 4433 μὴ
1745 4363 1929 4433 διαφέ-

350 4459 558 4514 ρουσαν
585 4442 692 4515 γὰρ
743 4445 885 4499 κατά
926 4447 988 4500 τὸ
1035 4449 1298 4519 ἡνῶσθαι,
1332 4451 1454 4505 οὐδὲ
1503 4455 1643 4509 κατὰ
1675 4453 1834 4508 τοῦτο
1862 4455 1928 4509 ἂν
1961 4435 2006 4491 Ῐ)

343 4535 683 4603 διαφέροιεν.

422 4624 529 4683 πδ’.
577 4627 1075 4700 Ἀφθαρτοδοκῆται
1128 4630 1263 4702 (6|),
1332 4634 1382 4686 οἱ
1446 4634 1553 4688 ἀπὸ
1608 4636 1925 4702 Ἰουλιανοῦ,

2037 3176 2184 3245 quod
2225 3177 2464 3232 hominis
2495 3176 2834 3247 hypostasis.
2879 3190 2976 3231 seu
3012 3189 3272 3245 persona,
3305 3181 3431 3230 ante
3487 3173 3620 3227 uni-

2038 3269 2240 3322 tionem
2284 3285 2409 3324 cum
2445 3268 2628 3325 Verbo
2666 3285 2775 3326 non
2809 3268 3105 3324 exstiterit.
3138 3263 3343 3322 Verum
3391 3267 3438 3322 si
3489 3274 3618 3320 ante

2038 3360 2284 3416 substitit
2316 3363 2467 3416 unita
2501 3361 2690 3418 Verbo
2739 3360 3096 3433 particularis
3128 3368 3350 3428 natura,
3388 3374 3617 3416 necesse

2040 3465 2269 3520 prorsus
2310 3460 2418 3516 est,
2473 3460 2532 3506 ut
2578 3460 2711 3508 ante
2750 3451 3065 3508 substiterit
3097 3449 3347 3520 ejusdem
3395 3464 3618 3522 quoque

2040 3552 2253 3598 naturae
2305 3544 2644 3616 hypostasis;
2697 3543 2907 3599 Horum
2939 3544 3084 3599 enim
3125 3543 3454 3599 alterutrum
3492 3555 3624 3598 esse

2038 3636 2255 3705 nequit,
2292 3636 2425 3706 quin
2459 3636 2734 3706 reliquum
2781 3635 2947 3692 etiam
2990 3636 3261 3691 exsistat:
3315 3633 3616 3705 particula-

2041 3742 2153 3782 rem
2204 3727 2332 3783 dico
2385 3737 2638 3782 naturam
2670 3728 2879 3796 absque
2907 3727 3131 3798 prepria
3167 3741 3271 3782 sua
3299 3726 3612 3798 hypostasi.

2036 3817 2215 3873 Ambo
2242 3833 2415 3872 unum
2445 3819 2649 3888 quippe
2668 3818 3090 3889 suntsubjecto,
3115 3817 3216 3874 etsi
3249 3817 3440 3872 eodem
3473 3830 3619 3887 saepe

2035 3918 2382 3966 concurrunt
2412 3913 2552 3981 apud
2574 3926 2670 3966 eos
2702 3911 2798 3981 qui
2830 3910 2900 3967 iis
2922 3911 3153 3966 vocibus
3185 3917 3440 3975 utuntur,
3471 3909 3618 3965 sicut

2036 4002 2200 4072 paulo
2244 4011 2374 4058 ante
2423 4002 2796 4059 ostendimus.
2844 4001 3033 4074 Itaque
3073 4004 3117 4059 si
3147 4001 3630 4074 quemadmodum»

2036 4094 2375 4166 hypostasis,
2409 4094 2484 4149 ita
2513 4102 2569 4150 et
2598 4103 2798 4150 natura
2831 4093 3012 4152 Verbo
3043 4096 3223 4161 unita,
3268 4103 3376 4148 non
3405 4092 3616 4148 substi-

2035 4187 2100 4241 tit
2152 4197 2280 4244 ante
2333 4187 2640 4243 unitionem
2703 4202 2831 4242 cum
2907 4187 3042 4253 illo;
3113 4201 3180 4241 eo
3251 4187 3374 4255 ipso
3427 4183 3629 4252 utique“

2035 4280 2186 4347 quod
2217 4295 2382 4335 unam
2409 4279 2621 4334 Christi
2647 4278 2994 4350 hypostasim
3021 4275 3359 4336 concedunt.
3389 4283 3616 4344 propter

2038 4369 2182 4425 idem
2220 4370 2489 4425 continuo
2528 4384 2694 4423 unam
2725 4371 2847 4440 ejus
2873 4384 2997 4426 esse
3026 4375 3284 4422 naturam
3315 4367 3623 4421 fateantur-

2037 4461 2250 4516 Etenim
2291 4460 2740 4531 quandoquidem
2793 4475 2902 4515 non
2949 4459 3213 4514 dili‘erunt
3278 4460 3332 4514 in
3389 4459 3618 4524 unione,

2035 4567 2138 4608 nec
2165 4554 2221 4607 in
2254 4554 2357 4606 hoc
2386 4553 2553 4608 etiam
2585 4551 2904 4608 ditl‘erentes
2933 4551 3154 4608 fuerint.

2107 4640 2197 4694 84.
2227 4639 2776 4710 Aphthartodocetae,
2823 4654 2853 4694 a
2902 4639 3119 4696 Juliano
3154 4639 3623 4698 Halicarnasseus

1639 4749 1876 4806 νΑιιιΑξι
1931 4749 2334 4810 LECTIONES.

424 4841 439 4890 i
492 4840 582 4896 Sic
625 4840 788 4896 codd.
845 4839 980 4895 2951
1012 4840 1104 4894 τοῦ
1139 4829 1339 4908 Λόγου.
1393 4843 1418 4882 II
1452 4841 1580 4914 Leg.
1618 4845 1988 4910 ὑποστάσεως.

1868 4997 2100 5055 ΝΟΤιΕ.

424 5092 538 5164 (Gl)
564 5092 813 5150 Julianus
839 5095 1364 5164 llalicarnassensis,
1397 5108 1452 5152 et
1477 5094 1717 5152 Gaianus
1744 5095 1929 5151 Timo-

340 5165 466 5219 thei
515 5163 804 5220 Alexandr.
866 5166 1132 5222 diaconus
1181 5182 1212 5220 a
1263 5167 1466 5222 Severo
1525 5167 1924 5233 discesserunt,

341 5233 507 5306 quod
543 5233 630 5287 hic
684 5237 1041 5306 corruptibile
1099 5236 1303 5292 Christi
1347 5252 1549 5306 corpus
1580 5235 1826 5304 diceret;
1867 5254 1928 5291 ne

334 5306 466 5377 ja_m
491 5305 628 5357 inter
646 5305 865 5377 carnem
903 5315 952 5360 et
1013 5307 1236 5361 Verbum
1265 5305 1557 5377 discrimen
1621 5317 1924 5377 poneretur,

341 5374 602 5448 adeoque
629 5375 988 5448 dualnaturze
1019 5388 1225 5433 essent.
1261 5376 1384 5432 "me
1416 5393 1582 5446 porro
1605 5374 1927 5448 acceperant

342 5445 424 5499 ab
461 5445 693 5514 ipsomet
715 5445 1021 5512 Timotheo,
1057 5449 1147 5515 qui
1177 5456 1368 5502 contra
1397 5445 1657 5503 Severum
1686 5445 1928 5504 conten-

343 5517 532 5578 derat,
597 5516 800 5571 unione
857 5515 998 5570 facta
1025 5516 1361 5572 ditl‘erentias
1392 5519 1572 5574 nullas
1604 5527 1925 5574 naturarum

345 5584 918 5657 Superfuisse;_q_uod
949 5600 1082 5657 sane
1123 5587 1177 5640 in
1208 5586 1672 5657 Eutycliianorum
1707 5589 1926 5643 illorum

349 5653 586 5709 sensum
619 5653 921 5719 recidchat,
958 5656 1049 5722 qui
1085 5653 1355 5723 negabant
1396 5659 1678 5712 ambarutn
1707 5667 1933 5713 natura-

353 5738 508 5790 rum,
549 5739 646 5780 seu
678 5725 868 5780 saltem
937 5723 1207 5789 humanae,
1247 5727 1608 5794 proprietates
1640 5729 1931 5782 mansisse.

2039 5097 2225 5154 Severi
2281 5108 2463 5170 partes
2506 5098 2848 5170 Theodosius
2901 5100 3077 5157 tuitus
3105 5111 3210 5163 est,
3237 5116 3360 5170 cum
3401 5099 3470 5154 de
3510 5115 3605 5168 pa-

2040 5167 2343 5240 triarclratu
2390 5181 2580 5227 contra
2637 5167 2904 5224 Gaianum
2965 5172 3220 5240 litigaret.
3264 5167 3608 5240 Nicephorus

2035 5239 2246 5296 Callist.
2276 5242 2370 5296 lib.
2411 5257 2542 5305 xvn,
2575 5255 2698 5311 cap.
2746 5240 2834 5302 l9.
2874 5239 3120 5308 quaedam
3161 5240 3352 5294 recitat
3385 5254 3451 5294 ex
3487 5239 3606 5292 il‘lo-

2032 5326 2150 5364 rum
2179 5311 2685 5380 disceptationibus,
2727 5325 2847 5380 quae
2869 5311 3070 5365 similia
3107 5318 3450 5380 suntcorum
3483 5323 3606 5376 qua:

2035 5381 2123 5455 hic
2151 5382 2312 5436 habet
2334 5377 2870 5455 Damascenustos
2897 5380 3142 5455 quidem,‘
3161 5377 3404 5455 aiebant,
3433 5393 3605 5455 peccs-

2034 5453 2193 5506 silate
2217 5448 2425 5506 naturae
2466 5453 2767 5520 affectiones
2796 5448 2930 5516 ejus.
2959 5458 3088 5518 puta
3114 5448 3330 5516 famem,
3359 5449 3604 5520 sitimque

2041 5523 2261 5589 [erimus
2293 5541 2310 5576 :
2342 5531 2397 5574 at
2448 5519 2712 5582 Christus,
2763 5521 2852 5587 qui
2879 5527 3096 5589 Mspo_nte
3133 5532 3332 5589 passus
3371 5519 3459 5578 sit.
3483 5534 3602 5589 ⁸ηοη

2037 5584 2251 5658 perinde
2282 5591 2478 5660 legibus
2516 5601 2723 5660 natura:
2753 5584 2954 5660 seruiit.
2983 5584 3336 5660 Quos__Grazci
3370 5586 3604 5660 ’Λφθαρ-

2039 5657 2354 5727 τοδοκὴτας,
2392 5659 2590 5723 Latini,
2623 5657 3095 5729 lucorrupticolus,
3126 5657 3340 5729 dixere;
3385 5659 3441 5714 in
3469 5657 3604 5729 qut)-

2043 5745 2164 5784 rum
2199 5730 2363 5785 etiam
2395 5745 2635 5785 errorem
2667 5727 2950 5782 Justianus
2975 5727 3105 5798 imp.
3141 5727 3390 5783 incurrit.
